4022 6336
543 248 643 305 459

1382 250 1439 305 S.
1482 247 1870 305 CLEMENTIS
1904 251 1919 304 Ι
1950 248 2113 303 [ὶθΜ.
2158 248 2355 304 PONT.
2393 249 2621 304 OPERA
2649 248 2874 305 DUBIA.

3646 246 3741 301 ιω

543 368 826 431 sociasset,
850 368 954 423 nisi
980 378 1344 440 cognovisset,
1369 369 1441 423 ita
1466 385 1588 424 cum
1613 370 1716 424 sibi
1750 370 1862 423 lteri
1889 370 2097 422 utilem.

2208 384 2360 437 σιμον
2397 368 2677 437 γινόμενον
2710 369 2997 437 ἠπίστατο.
3025 365 3134 420 Kal
3157 365 3355 430 τέλειος
3394 365 3638 437 ὶξαίφνης
3658 367 3744 435 ἀφ’

543 456 729 529 Neque
759 461 938 516 subito
960 476 1056 532 per
1077 462 1423 531 semetipsum
1454 462 1726 532 perfectus
1753 462 1982 517 evadere
2006 476 2102 530 po-

546 552 667 606 tuit.
694 550 826 606 Nam
869 552 915 608 is
957 552 1050 623 qui
1080 552 1318 608 nondum
1350 563 1486 619 erat,
1514 552 1751 609 formare
1779 568 1837 610 se
1860 554 1973 622 ipse
1990 568 2100 606 non

544 642 743 713 potuit,
768 658 944 712 neque
972 642 1244 713 perfectus
1279 643 1587 699 facultatem
1620 643 1784 697 habet
1816 659 1883 697 ex
1926 642 2099 697 nihilo

545 734 784 801 oriundi,
808 748 983 804 neque
1008 749 1131 789 eum
1162 742 1342 790 ortum
1369 751 1524 805 aqua
1551 736 1787 805 potentia
1818 734 2100 805 praeditum

544 833 691 880 recte
734 826 931 896 aliquis
978 825 1198 882 dixerit.
1250 826 1546 896 Respondit
1590 825 1778 881 Simon
1813 845 1826 882 :
1860 829 1941 880 An
1991 840 2101 879 non

545 916 681 971 forte
709 917 924 973 illorum
959 928 1064 983 est,
1091 934 1214 988 quae
1260 920 1325 973 ad
1369 918 1530 973 tinem
1575 919 1809 989 aliquem
1840 919 2104 974 creaban—

543 1011 672 1065 tur?
696 1010 810 1066 Hoc
837 1012 1000 1065 modo
1029 1012 1325 1081 malignum
1368 1027 1473 1067 non
1504 1021 1587 1067 est
1610 1013 1811 1067 malum
1844 1028 2099 1082 perenne,

545 1110 604 1155 ut
632 1116 771 1170 aqua
799 1101 1015 1172 quidem
1042 1101 1174 1168 igni,
1194 1101 1333 1155 bona
1352 1112 1530 1156 autem
1555 1118 1656 1158 suo
1678 1112 1918 1172 tempore
1946 1110 2104 1157 terra:

546 1192 778 1255 sitienti;
812 1193 1088 1262 quomodo
1110 1203 1165 1248 et
1194 1193 1399 1249 ferrum
1425 1195 1628 1248 bonum
1662 1196 1715 1248 in
1745 1195 2100 1265 agricultura,

546 1280 746 1333 malum
779 1290 960 1335 autem
992 1282 1055 1335 ad
1084 1298 1269 1337 necent
1319 1284 1730 1352 perpetrandam
1766 1302 1779 1336 :
1810 1285 1973 1339 etiam
2005 1286 2100 1339 de-

546 1372 803 1427 siderium
835 1372 902 1427 ad
934 1372 1279 1429 matrimonia
1320 1373 1553 1428 ineunda
1586 1374 1727 1428 haud
1756 1390 2002 1443 pravum,
2035 1376 2101 1429 ad

546 1462 874 1517 adulterium
930 1472 1111 1519 autem
1162 1464 1421 1531 noxium;
1466 1474 1525 1520 ut
1566 1474 1621 1521 et
1658 1465 1902 1521 occidere
1930 1464 2101 1529 nefas.

545 1554 795 1623 quamvis
824 1555 1110 1625 pulchrum
1140 1572 1205 1610 ex
1230 1556 1526 1613 occidentis
1551 1556 1811 1623 consilio;
1842 1565 1895 1612 et
1923 1557 2104 1611 avari-

546 1646 618 1701 tia
650 1647 873 1713 malum,
917 1648 1169 1717 quamvis
1209 1648 1367 1703 dulce
1413 1664 1601 1713 avaro,
1644 1658 1717 1715 et,
1766 1664 2105 1720 quaecunque

2200 457 2392 510 ἑαυτοῦ
2420 458 2668 527 γενέσθαι
2692 460 2790 528 οὐχ
2815 453 2925 521 οἷός
2949 475 3007 511 τε
3040 454 3127 529 ἦν.
3156 457 3373 511 Ἑαυτὸν
3402 457 3560 530 γὰριὸ
3597 460 3747 529 μήπω

2199 547 2275 603 ῶν
2301 548 2553 603 πλάττειν
2574 551 2673 603 οὐκ
2695 549 2934 614 ἐδύνατο,
2965 550 3059 603 καὶ
3084 549 3287 612 τέλειος
3318 546 3441 601 οὕτε
3472 547 3528 615 ἐξ
3549 549 3643 602 οὐκ
3668 549 3747 601 δν-

2199 655 2306 692 των
2331 639 2653 708 γενέσθαιοτι
2690 639 2874 693 οὐσίαν
2899 640 3038 709 ἔχειν
3059 638 3103 670 ⁸³
3132 638 3372 702 δύναται,
3399 638 3489 691 καὶ
3515 639 3752 708 γεννητὸν

2202 731 2511 803 ὑπάρχοντα
2531 731 2606 802 τῷ
2635 731 2721 784 ἀεὶ
2748 731 3082 801 ἰσοδυναμεῖν
3100 731 3200 784 οὑκ
3218 729 3393 801 ὀρθῶς
3417 728 3481 782 ἂν
3503 728 3637 782 είποι
3652 748 3747 794 τις.

2201 822 2311 874 Kal
2330 821 2358 873 ὁ
2380 820 2559 891 Σίμων
2578 837 2591 852 ·
2618 822 2761 892 Μήτι
2788 816 2879 874 οῦν
2902 820 3011 873 τῶν
3040 820 3174 891 πρός
3188 820 3240 873 τί
3262 821 3410 872 ἐστιν
3429 836 3444 883 ;
3465 818 3572 872 Kal
3595 818 3754 883 οὕτως

2202 913 2434 984 πονηρὸν
2466 912 2565 966 οῦκ
2581 913 2626 944 ⁸⁵
2653 911 2763 965 ἔστι
2790 912 2961 966 κακὸν
2997 912 3152 983 μένον
3179 910 3255 974 ὡς
3286 909 3429 982 ὕδωρ
3456 911 3604 982 πυρὶ,
3634 911 3757 978 ἀγα-

2203 1002 2292 1056 θὸν
2313 1002 2369 1056 δὲ
2392 1004 2458 1074 τῇ
2486 1002 2756 1073 εὐκαίρως
2776 1002 2982 1075 διψώσῃ
3005 1005 3073 1073 γῇ
3101 1020 3113 1033 ο
3136 1002 3324 1072 ὥσπερ
3351 1018 3414 1069 γε
3445 1000 3538 1054 καὶ
3562 1001 3758 1072 σίδηρος

2202 1094 2282 1156 είς
2310 1094 2406 1164 μὲν
2443 1094 2711 1165 γεωργίαν
2748 1093 2930 1156 καλὸς,
2960 1095 3039 1156 είς
3067 1092 3123 1144 δὲ
3155 1092 3348 1161 φόνους
3374 1091 3541 1154 κακός
3562 1109 3575 1122 ο
3608 1092 3696 1144 καὶ
3727 1092 3757 1161 ἡ

2202 1184 2463 1255 ἐπιθυμία
2487 1185 2542 1238 δὲ
2571 1186 2651 1247 είς
2680 1184 2777 1255 μὲν
2808 1185 3019 1253 γάμους
3040 1184 3101 1236 οὐ
3130 1184 3297 1255 κακὴ,
3333 1186 3414 1247 είς
3436 1184 3493 1238 δὲ
3533 1185 3761 1254 μοιχείαν

2203 1276 2442 1346 χαλεπήο
2468 1276 2543 1339 ὼς
2579 1277 2673 1330 καὶ
2702 1276 2763 1328 τὸ
2783 1275 3035 1345 φονεῦσαι
3077 1276 3265 1339 κακὸν,
3304 1274 3441 1329 ἀλλὰ
3475 1274 3552 1345 τῷ
3585 1274 3763 1343 φονεύ-

2205 1384 2358 1420 σαντι
2380 1364 2517 1438 πρὸς
2541 1366 2570 1420 δ
2597 1365 2939 1437 βεὸούλευται
2968 1365 3148 1429 καλὸν,
3176 1366 3268 1418 καὶ
3298 1368 3332 1437 ἡ
3365 1364 3641 1431 πλεονεξία
3669 1384 3761 1419 κα-

2204 1457 2317 1521 κὸν,
2336 1456 2470 1511 ἀλλὰ
2491 1457 2569 1528 τῷ
2590 1455 2993 1510 πλεονεκτοῦντι
3016 1456 3112 1527 ἡδύ
3132 1474 3144 1489 ο
3170 1456 3266 1509 καὶ
3288 1457 3386 1509 ὅσα
3404 1456 3628 1509 τοιαῦτα
3646 1474 3765 1524 τυγ-

2204 1548 2355 1619 χάνει
2382 1548 2572 1603 τοῦτον
2596 1548 2837 1619 περιέχει
2862 1547 2951 1601 τὸν
2972 1548 3191 1619 τρόπον.
3222 1547 3411 1618 Τούτῳ
3437 1548 3493 1602 δὲ
3525 1548 3601 1619 τῷ
3636 1548 3766 1619 λόγῳ

2205 1638 2328 1692 οὔτε
2366 1638 2428 1693 τδ
2470 1640 2638 1694 κακδν
2674 1638 2841 1692 κακόν
2887 1639 3054 1701 ἐστιν,
3082 1638 3203 1691 οὔτε
3239 1637 3305 1691 τὸ
3344 1638 3543 1706 άγαθδν
3580 1636 3765 1706 ἀγαθὸν

547 1746 674 1793 sunt
710 1711 1046 1808 liujusmodi,
1079 1740 1269 1795 eodem
1300 1756 1361 1797 se
1391 1740 1554 1795 modo
1588 1711 1806 1797 labem.
1857 1741 1960 1796 Sed
2006 1711 2106 1796 bac

2208 1731 2497 1802 τυγχάνει·
2527 1730 2785 1802 ἑκάτερον
2818 1730 2925 1801 γάρ
2964 1730 3027 1783 τὸ
3063 1730 3248 1801 ἓτερον
3290 1728 3598 1802 ἐργάζεται.
3630 1729 3765 1799 Μήτι

546 1830 759 1885 ratione
808 1846 984 1901 neque
1040 1832 1242 1886 malum
1288 1842 1373 1889 est
1416 1832 1640 1897 malum,
1679 1848 1853 1904 neque
1904 1833 2103 1888 bonum

546 1920 813 1990 contingit
842 1936 963 1975 esse
998 1921 1224 1983 bonum.
1259 1937 1381 1976 cum
1413 1922 1640 1977 alterum
1673 1932 1925 1991 operetur
1970 1922 2104 1976 alte-

547 2026 691 2064 rum.
725 2010 828 2078 Qui
852 2022 1028 2066 autem
1056 2013 1130 2075 id,
1160 2012 1307 2083 quod
1340 2014 1482 2069 male
1512 2014 1626 2068 tieri
1653 2014 1883 2079 videtur,
1917 2024 2108 2068 aucto-

548 2118 660 2157 rem
693 2104 946 2167 delectat,
978 2106 1029 2158 ei
1060 2120 1185 2159 vero
1213 2106 1431 2162 dolores
1454 2116 1621 2173 creat,
1650 2106 1743 2175 qui
1774 2106 2014 2175 patitur?
2042 2105 2109 2160 Et

548 2192 593 2246 si
616 2192 740 2261 quis
765 2194 835 2248 ob
864 2194 1089 2248 nimium
1121 2194 1204 2249 sui
1234 2208 1472 2249 amorem
1504 2202 1766 2263 quantum
1796 2191 1909 2246 fieri
1935 2200 2109 2261 potest

548 2302 666 2341 sese
713 2285 991 2339 obiectans
1047 2286 1185 2340 male
1220 2284 1397 2341 facere
1441 2293 1694 2356 putatur,
1740 2283 1826 2337 cui
1864 2299 1972 2337 non
2020 2298 2108 2338 res

547 2393 667 2432 csse
690 2377 903 2432 videtur
929 2377 1209 2447 injusta,si
1242 2377 1311 2433 ob
1339 2377 1489 2432 illum
1520 2392 1759 2432 amorem
1785 2390 1879 2445 per
1895 2374 2105 2444 justum

544 2470 781 2540 judicem
814 2470 1034 2537 gravius
1064 2470 1332 2539 patiatur?

617 2560 758 2615 XIX.
800 2560 864 2615 Ει
881 2560 1076 2616 Petrus
1104 2581 1116 2615 :
1146 2561 1250 2631 lpsi
1284 2561 1511 2617 viriliter
1529 2576 1628 2616 nos
1654 2560 1921 2631 castigare
1946 2559 2109 2615 debe-

546 2665 692 2717 mus,
723 2650 942 2721 quando
974 2652 1139 2706 libido
1176 2652 1244 2707 ad
1278 2652 1502 2708 alterius
1547 2667 1744 2707 noxam
1777 2652 1889 2705 vult
1918 2649 2108 2719 impel-

549 2743 677 2807 lere,
710 2741 943 2797 scientes
966 2743 1165 2812 quippe
1190 2742 1391 2796 malum
1416 2742 1597 2796 delere
1625 2755 1785 2811 posse
1809 2742 2105 2810 improbos,

549 2843 606 2888 ut
633 2831 723 2903 qui
749 2833 816 2888 ab
838 2834 993 2888 initio
1018 2849 1205 2888 eorum
1236 2832 1506 2902 acceperit
1547 2840 1890 2901 potestatem.
1924 2830 2111 2901 Neque

549 2926 653 2980 boc
678 2925 879 2979 malum
914 2925 981 2980 iis
1020 2926 1113 2995 qui
1148 2925 1289 2980 mala
1318 2933 1732 2993 perpetrarunt;
1780 2931 1865 2977 ast
1893 2938 2106 2992 poenam

2205 1840 2268 1891 γε
2289 1824 2333 1855 ⁵⁵
2378 1821 2440 1876 τὸ
2483 1820 2671 1875 δοκοῦν
2718 1821 2904 1885 κακῶς
2944 1820 3184 1891 γίνεσθαι
3231 1821 3514 1892 εὐφραίνει
3561 1821 3653 1892 μὲν
3686 1821 3767 1874 τὸν

2205 1913 2479 1978 ποιοῦντα,
2520 1914 2735 1979 κολάζει
2785 1914 2843 1967 δὲ
2887 1911 2979 1966 τὸν
3022 1913 3328 1983 πάσχοντα;
3374 1915 3483 1968 Kal
3523 1916 3569 1967 εί
3601 1914 3767 1969 ἄδικον

2206 2013 2351 2067 δοκεῖ
2389 2014 2451 2067 τὸ
2494 2013 2683 2067 ἑαυτὸν
2727 2015 3086 2085 ἀγαπήσαντα
3128 2011 3440 2083 εὐφραίνειν
3466 2010 3540 2071 ὡς
3563 2006 3766 2062 δυνατόν

2206 2105 2351 2160 ἐστιν
2375 2146 2389 2171 ,
2418 2108 2511 2160 καὶ
2535 2106 2621 2160 διὰ
2645 2107 2802 2160 τοῦτο
2826 2106 3037 2176 χαλεπὰ
3065 2105 3231 2175 388
3260 2102 3544 2157 πείσεσθαι
3579 2100 3677 2154 ὑπὸ
3694 2099 3764 2152 δι-

2206 2197 2364 2252 καίου
2405 2197 2656 2252 δικαστοῦ
2696 2197 2824 2269 περὶ
2863 2196 2960 2251 τοῦ
3001 2197 3190 2251 ἑαυτὸν
3213 2192 3765 2266 ιὴγαπτικέναι,τίνι⁸⁶

2205 2284 2307 2340 οὐκ
2341 2286 2521 2341 ἄδικον
2561 2285 2809 2356 φαίνεται
2833 2301 2847 2350 ;

2276 2565 2419 2621 XIX.
2459 2566 2569 2620 Kal
2590 2565 2619 2618 ὁ
2644 2563 2847 2636 Πέτρος
2868 2580 2881 2594 °
2918 2561 3136 2617 Ἑαυτὸν
3168 2561 3274 2634 χρὴ
3296 2559 3545 2626 κολάζειν
3569 2557 3681 2611 τότε
3703 2558 3764 2627 τῇ

2209 2659 2521 2732 ἐγκρατείᾳ,
2558 2659 2685 2712 ὅταν
2716 2659 2748 2727 ἡ
2783 2654 3044 2725 ἐπιθυμία
3080 2654 3216 2726 πρὸς
3246 2652 3436 2724 έτέρου
3470 2649 3662 2722 βλάϐην
3687 2649 3769 2717 ὀρ-

2212 2751 2380 2822 μῆσαι
2411 2748 2557 2823 θέλῃ,
2584 2747 2759 2801 εἰδότα
2800 2747 2942 2799 ὄτι³⁷
2976 2746 3004 2798 ό
3030 2743 3259 2815 πονηρὸς
3291 2743 3421 2807 τοὺς
3457 2742 3552 2813 μὲν
3585 2738 3767 2800 κακοὺς

2207 2841 2415 2895 ἀνελεῖν
2450 2839 2692 2902 δύναται,
2720 2837 2814 2891 ἀπ’
2840 2837 3013 2909 ἀρχῆς
3058 2835 3155 2907 τὴν
3194 2834 3319 2888 κατ’
3341 2833 3518 2888 αὐτῶν
3554 2829 3767 2902 εἰληφὼς

2209 2929 2473 2996 ἐξουσίαν.
2502 2929 2611 2983 Kal
2638 2928 2789 2981 οὔπω
2814 2926 2971 2980 τοῦτο
2992 2925 3158 2979 κακὸν
3182 2927 3295 2987 τοῖς
3324 2923 3471 2978 κακὰ
3495 2922 3764 2993 πράξασιν,

548 3019 761 3074 animas
783 3035 972 3075 eorum
998 3029 1122 3088 post
1150 3018 1574 3088 peremptionem
1590 3025 1992 3085 exspectantem
2014 3032 2106 3084 pro

2214 3021 2351 3075 άλλά
2376 3021 2438 3074 τὸ
2472 3020 2609 3092 μετὰ
2643 3020 2743 3091 τὴν
2779 3019 3053 3088 ἀναίρεσιν
3089 3016 3187 3079 τὰς
3211 3014 3391 3086 ψυχὰς
3420 3013 3595 3068 αὐτῶν
3624 3011 3767 3065 κολα-

551 3116 693 3169 male
744 3114 1141 3184 praedispositis
1188 3113 1337 3169 omni
1388 3128 1513 3169 cum
1549 3113 1673 3183 jure
1720 3112 1918 3182 aliquis
1963 3112 2108 3169 dicat

548 3207 767 3263 duram.
795 3207 996 3274 Quare,
1025 3217 1083 3262 ut
1110 3207 1243 3272 dixi,
1270 3207 1501 3262 evitetur
1522 3215 1733 3275 oportet
1757 3207 1860 3261 alia
1888 3207 2104 3275 injusti-

552 3300 622 3353 tia
676 3314 770 3368 pro
823 3298 973 3353 brevi
1023 3299 1319 3368 voluptate,
1361 3314 1429 3353 nc
1484 3298 1555 3352 ob
1604 3314 1827 3368 parvam
1868 3298 2105 3353 laetitiam

551 3398 747 3445 :eterna
791 3390 975 3443 luatur
1022 3404 1203 3458 poena.
1242 3387 1379 3443 Tum
1426 3386 1612 3442 Simon
1642 3406 1655 3441 :
1681 3388 1762 3441 An
1816 3386 1953 3443 forte
1996 3405 2106 3444 non

550 3480 783 3541 exsistit,
804 3479 945 3549 quod
978 3487 1170 3533 natura
1195 3478 1395 3532 malum
1424 3487 1507 3532 cst
1529 3486 1623 3531 aut
1646 3476 1977 3541 bonum,sed
1994 3491 2110 3529 mo-

550 3574 621 3628 do
646 3573 823 3627 diﬂ'crt
849 3581 903 3627 et
934 3572 1126 3626 more?
1158 3570 1234 3626 Ita
1260 3571 1400 3640 apud
1424 3570 1618 3627 Persas
1646 3586 1764 3626 mos
1796 3580 1882 3626 est
1915 3569 2107 3623 matri-

553 3662 794 3717 monium
820 3662 1039 3717 incuudi
1071 3678 1193 3717 cum
1224 3662 1513 3727 matribus,
1540 3662 1843 3727 sororibus,
1874 3660 2106 3727 filiabus,

552 3756 687 3810 alias
735 3756 914 3809 autem
954 3754 1151 3809 ducere
1201 3753 1557 3808 saevissimum
1609 3754 1926 3822 appellatur.
1959 3750 2110 3808 Unde

552 3845 821 3899 malorum
868 3860 976 3898 non
1010 3843 1356 3897 dcﬁnitoruut
1394 3843 1487 3897 Dei
1522 3843 1788 3911 judicium
1836 3858 1942 3897 non
1992 3858 2111 3898 esse

552 3944 730 4003 potest
755 3950 853 4005 pro
875 3935 1153 3989 omnibus.
1178 3934 1243 3987 Et
1261 3933 1455 3989 Petrus
1479 3934 1615 3988 dixit
1639 3953 1651 3989 :
1675 3933 1786 3988 Hoc
1814 3934 2112 3989 subsistere

553 4026 741 4096 nequit
771 4045 784 4081 :
815 4042 939 4082 nam
975 4012 1228 4079 omnibus
1257 4025 1625 4080 exsecrandus
1674 4024 1887 4077 videtur
1934 4025 2111 4079 coitus

551 4135 675 4175 cum
708 4120 989 4182 matribus,
1019 4119 1063 4171 si
1086 4117 1249 4172 etiam
1276 4116 1475 4181 Persaa,
1494 4116 1586 4186 qui
1616 4116 1957 4185 partiuncula
1987 4124 2113 4171 sunt

553 4210 765 4279 generis
791 4208 1394 4278 humani,iniquitatem
1425 4207 1576 4261 exosi
1604 4222 1790 4261 eorum
1812 4206 1982 4260 moris
2005 4221 2109 4259 non

552 4302 787 4370 capiant.
809 4298 885 4354 ita
902 4309 955 4354 et
973 4298 1212 4353 Britanni
1236 4299 1410 4367 palam
1431 4313 1613 4350 coram
1642 4296 1895 4350 omnibus
1915 4305 2113 4350 coeunt

2208 3112 2438 3183 ζομένας
2461 3112 2753 3183 διαμένειν,
2780 3110 2937 3164 τοῦτο
2959 3109 3124 3172 ὅντως
3147 3103 3286 3160 εἷναι
3309 3106 3552 3177 χαλεπὸν
3570 3104 3768 3166 δικαίως

2206 3204 2313 3256 τῶν
2340 3202 2523 3266 κακῶς
2552 3201 3023 3275 προδιωρισμένων
3054 3198 3228 3271 ὀρθῶς
3262 3199 3413 3269 ἔχειν
3451 3199 3590 3252 εἴποι
3616 3215 3691 3260 τις
3707 3196 3766 3248 ⁸⁸.

2209 3291 2283 3350 Οὔ
2305 3296 2510 3348 εἵνεκεν
2536 3292 2916 3365 παραιτεῖσθαι
2950 3290 3076 3363 χρὴ,
3108 3290 3182 3353 ὡς
3208 3289 3371 3360 ἔφην,
3404 3288 3654 3361 βραχείας
3679 3286 3765 3357 χά-

2214 3407 2296 3461 ριν
2330 3389 2521 3459 ἡδονῆς
2544 3387 2700 3441 άλλον
2720 3387 2902 3441 ἄδικον
2932 3384 3067 3457 πρὸς
3087 3384 3147 3437 τὸ
3172 3383 3245 3455 μὴ
3273 3385 3440 3437 αὐτόν
3464 3400 3581 3437 τινα
3602 3380 3768 3451 ὀλίγης

2211 3481 2369 3552 χάριν
2395 3480 2585 3551 ἡδονῆς
2603 3479 2755 3549 άῖδίῳ
2776 3475 3087 3548 περιϐαλεῖν
3114 3475 3355 3529 κολάσει.
3383 3475 3492 3530 Kal
3516 3476 3543 3527 ὁ
3570 3475 3734 3546 Σίμων
3750 3489 3763 3502 ·

2211 3574 2355 3643 Μήτι
2380 3567 2471 3625 οὖν
2499 3572 2598 3624 οὐκ
2628 3569 2742 3622 ἔστι
2777 3571 2844 3639 τῇ
2888 3566 3050 3638 φύσει
3077 3567 3307 3638 πονηρὸν
3337 3568 3371 3639 ἢ
3403 3567 3620 3635 ἀγαθὸν,
3647 3564 3767 3618 ἀλλὰ

2210 3668 2357 3736 νόμῳ
2378 3665 2619 3736 διαφέρει
2639 3665 2731 3716 καὶ
2752 3662 2862 3716 test
2886 3679 2900 3727 ;
2934 3660 3133 3733 [Οῦτω]
3149 3662 3196 3693 ⁸³
3221 3662 3375 3733 παρὰ
3394 3662 3627 3734 Πέρσαις
3649 3659 3763 3713 ἴδιον

2210 3757 2271 3810 τὸ
2314 3759 2509 3827 γαμεῖν
2559 3754 2813 3826 μητέρας,
2850 3752 3100 3822 ἀδελφὰς,
3142 3751 3479 3824 θυγατέρας,
3520 3751 3675 3813 ἄλλας
3713 3748 3763 3802 δὲ

2212 3847 2398 3918 ῶσπερ
2440 3844 2838 3916 χαλεπώτ[ατον
2880 3843 3421 3915 ἀ]γορεύεται.Ὂθεν
3464 3845 3571 3899 τῶν
3600 3841 3764 3896 κακῶν

2217 3938 2290 4009 μὴ
2319 3937 2638 4009 ὡρισμένων
2672 3938 2803 3990 πᾶσι
2845 3937 2943 4008 τὴν
2983 3939 3046 3990 ὲκ
3077 3935 3210 3990 Θεοῦ
3256 3938 3440 4007 κρίσιν
3482 3935 3763 4009 προσδοκᾷν

2212 4029 2312 4082 οὐκ
2345 4028 2513 4081 ἐστιν.
2545 4027 2652 4079 Kal
2682 4028 2709 4079 ὁ
2738 4026 2940 4097 Πέτρος
2973 4027 3075 4098 ἔφη
3097 4044 3108 4057 ·
3148 4028 3221 4080 Οὐ
3250 4026 3472 4081 δύναται
3496 4026 3646 4079 τοῦτο
3682 4042 3763 4076 συ-

2216 4121 2407 4191 στῆναι
2424 4136 2437 4149 '
2460 4120 2593 4171 πᾶσι
2615 4118 2722 4190 γὰρ
2750 4119 3013 4187 φαίνεται,
3038 4120 3117 4171 ὃτι
3142 4118 3201 4171 τὸ
3233 4120 3470 4190 μητράσι
3497 4115 3761 4190 μίγνυσθαι

2218 4210 2478 4282 μυσαρὸν,
2507 4209 2608 4264 κᾶν
2632 4210 2855 4282 Πέρσαι,
2883 4210 3063 4282 μόριον
3092 4210 3427 4281 ὑπάρχοντες
3446 4210 3535 4265 τοῦ
3560 4208 3759 4269 παντὸς,

2215 4301 2318 4355 ὑπὸ
2368 4301 2539 4355 κακοῦ
2589 4301 2740 4365 ἔθους
2788 4302 2887 4372 τῆς
2937 4303 3182 4373 μυσαρᾶς
3220 4302 3401 4356 αὐτῶν
3438 4301 3677 4374 πράξεως
3706 4296 3761 4349 τὸ

554 4389 671 4443 sine
701 4390 936 4459 pudore;
966 4389 1055 4443 alii
1085 4389 1322 4443 humana
1336 4404 1496 4442 caruc
1511 4396 1804 4442 vescuntur
1819 4387 1935 4441 sine
1949 4386 2095 4442 fasti

2212 4392 2406 4463 ἄνομον
2446 4393 2520 4464 μὴ
2544 4392 3037 4463 άντιλαμὸάνωνται
3052 4395 3116 4446 ⁶⁰.
3136 4395 3221 4458 Ὠς
3243 4395 3337 4447 καὶ
3370 4391 3652 4466 Βρεττανοὶ
3674 4390 3761 4459 έμ-

554 4480 675 4545 dio;
704 4480 794 4533 alii
831 4495 892 4533 ea
932 4494 1052 4547 qua:
1092 4494 1253 4534 canes
1287 4487 1341 4534 et
1380 4479 1483 4533 alia
1514 4477 1743 4532 nefanda
1776 4489 2104 4548 perpetrant.

556 4571 670 4627 Hoc
704 4570 864 4625 modo
896 4558 1004 4624 non
1028 4571 1377 4640 judicandum
1420 4579 1501 4625 est
1528 4570 1593 4623 dc
1621 4584 1783 4625 sensu
1810 4571 2107 4625 secundum

555 4674 802 4719 naturam
822 4679 1093 4734 perverso.
1118 4663 1250 4716 Nam
1274 4673 1327 4717 et
1355 4662 1526 4717 occidi
1555 4662 1757 4715 malum
1780 4671 1884 4725 cst,
1901 4661 2111 4715 etiamsi

556 4774 662 4811 non
699 4772 889 4811 omnes
920 4757 991 4811 ita
1017 4756 1231 4819 dicant,
1259 4770 1380 4809 cum
1419 4770 1579 4807 nemo
1611 4755 1725 4824 ipse
1766 4752 1866 4807 sibi
1897 4753 2115 4807 dolores

557 4864 747 4919 parere
773 4849 919 4913 velit,
954 4864 1053 4902 nec
1084 4862 1241 4916 pmna
1278 4846 1347 4899 ob
1373 4845 1573 4898 furtum
1608 4845 1710 4899 sibi
1741 4844 1941 4899 inflicta
1973 4845 2113 4899 ullus

556 4942 869 4995 delectetur.
907 4938 962 4993 Si
998 4939 1123 5009 quis
1158 4953 1287 5005 ergo
1312 4939 1617 4991 nullatenus
1641 4938 1888 4993 concedit
1918 4953 2109 5007 pecca-

558 5042 671 5087 tum
699 5033 981 5095 cxsistere,
1009 5030 1319 5085 necessario
1346 5038 1400 5084 et
1420 5029 1634 5084 tertium
1663 5029 1925 5095 judicium
1950 5029 2020 5083 ob
2045 5044 2106 5083 ea

559 5132 701 5180 recte
740 5122 1160 5192 exspectandum
1191 5131 1291 5177 est.
1322 5119 1455 5189 Quae
1487 5136 1611 5175 cum
1642 5120 1833 5176 Petrus
1863 5122 2108 5187 dixisset,

2215 4483 2395 4554 φανῶς
2423 4486 2515 4537 ἐπὶ
2551 4484 2765 4538 πάντων
2804 4484 3161 4548 κοινωνοῦσιν,
3195 4487 3288 4539 καὶ
3325 4488 3425 4540 οὐκ
3469 4483 3755 4539 αἰδοῦνται’

2216 4578 2308 4631 καὶ
2346 4576 2491 4632 ἄλλοι
2532 4576 2740 4648 σάρκας
2786 4576 3081 4649 ἀνθρώπων
3114 4578 3403 4643 ἐσθίουσιν,
3436 4579 3529 4631 καὶ
3571 4576 3629 4629 οὐ
3671 4592 3759 4645 μυ-

2220 4667 2498 4720 σάττονται
2518 4682 2531 4695 ’
2577 4665 2741 4734 389
2771 4666 2863 4717 καὶ
2905 4665 3075 4734 ἕτεροι
3108 4663 3175 4716 τά
3205 4664 3380 4717 κυνῶν
3405 4664 3497 4717 καὶ
3522 4661 3647 4717 ἄλλα
3668 4659 3756 4728 ἄῤ·

2217 4761 2352 4831 ρητα
2380 4758 2713 4828 πράσσουσιν
2730 4758 2793 4811 ⁶¹.
2817 4755 3002 4819 Οῦτως
3026 4757 3086 4809 οὐ
3113 4755 3217 4827 χρὴ
3236 4756 3479 4827 αἰσθήσει
3503 4754 3605 4808 ὑπὸ
3620 4752 3757 4812 ἔθους

2209 4850 2304 4903 τοῦ
2349 4849 2488 4902 κατὰ
2532 4849 2691 4919 φύσιν
2736 4848 3067 4921 ὲκτραπείσῃ
3111 4847 3209 4912 τὰς
3251 4848 3459 4919 κρίσεις
3490 4844 3752 4899 ποιεῖσθαι.

2212 4942 2322 4994 Kal
2364 4941 2470 5013 γὰρ
2497 4942 2557 4994 τὸ
2583 4941 2896 5011 φονευθῆναι
2936 4940 3101 4993 κακόν
3143 4942 3305 5002 ἐστιν,
3335 4940 3435 4993 κᾶν
3468 4938 3539 5009 μὴ
3576 4936 3755 4994 πάντες

2213 5033 2460 5103 λέγωσιν,
2489 5036 2571 5088 ὅτι
2603 5035 2787 5106 μηδεὶς
2810 5034 3133 5086 αὐτοπαθεῖν
3163 5032 3324 5096 θέλει,
3358 5033 3447 5085 καὶ
3486 5031 3647 5099 κλοπῇ
3670 5026 3752 5079 οὐ·

2212 5126 2322 5190 δεὶς
2355 5128 2446 5179 ἐπὶ
2470 5129 2535 5197 τῇ
2566 5124 2758 5179 ἑαυτοῦ
2796 5124 3011 5179 κολάσει
3038 5124 3242 5195 ἥδεται.
3278 5126 3394 5179 Κᾶν
3420 5120 3511 5177 οὗν
3539 5121 3649 5183 ἑνὸς
3675 5118 3753 5172 οὐ⁴

1815 5264 2049 5321 VARUE
2077 5264 2473 5321 LECTIONES.

632 5377 679 5409 ⁸³
715 5376 828 5447 ἔχει
857 5374 923 5431 Ο.
997 5376 1045 5409 ⁸⁸
1081 5376 1180 5431 οὐκ
1210 5376 1429 5447 adjunxi
1451 5394 1515 5431 ex
1548 5379 1875 5446 conjectura.
1954 5380 1997 5410 ⁸⁸
2039 5379 2111 5433 Ita

559 5448 603 5479 ³⁷
631 5448 712 5500 ὅτι
743 5448 969 5516 ascripsi
992 5462 1057 5502 ex
1082 5448 1417 5516 conjectura.
1448 5449 1723 5512 δ’ἐικαίως
1754 5449 1842 5500 τὸν
1876 5450 2061 5511 κακῶς
2094 5468 2134 5501 π

2146 5380 2247 5449 leg.
2270 5388 2423 5434 notat
2447 5378 2491 5432 Ο
2548 5379 2600 5432 in
2630 5379 2893 5449 margine,
2920 5379 3156 5449 μήτοιγε
3181 5379 3232 5432 in
3262 5389 3431 5435 tcxtu.
3510 5380 3665 5434 ’στινί
3690 5376 3743 5433 ο.

2146 5397 2194 5434 te
2236 5422 2247 5433 .
2270 5397 2423 5434 norat
2447 5397 2491 5432 U
2548 5397 2600 5432 In
2630 5397 2893 5447 margine,
2920 5397 3074 5449 μητοι
3095 5397 3156 5446 γε
3182 5397 3232 5432 In
3262 5397 3431 5435 tcxm.
3510 5397 3663 5434 ὐτινι
3690 5397 3743 5433 υ.

2142 5397 2552 5521 ροδιωρισμένον
2588 5448 3086 5521 (εἰώόρθῶςέχειν
3118 5450 3359 5515 εἰπόντος
3388 5454 3447 5505 0.
3510 5451 3553 5483 ⁸⁸
3592 5450 3745 5516 Supra

560 5518 828 5597 lacunam,
860 5534 1022 5597 quam
1053 5519 1261 5597 expleti
1304 5534 1418 5597 νων,
1468 5517 1651 5597 [ουτω]
1687 5520 1898 5597 signa:
1923 5517 2209 5597 apparent.
2250 5517 2499 5597 Fortasse
2544 5517 2824 5597 legendum
2862 5517 2942 5592 [ἧι
2974 5534 3145 5597 nonne
3190 5529 3243 5573 ct
3291 5524 3499 5597 signum
3538 5522 3743 5597 interrae

559 5588 721 5654 gandi
750 5600 824 5659 ιη·
860 5587 965 5642 line
1000 5587 1388 5651 enuntialimijs
1428 5587 1758 5659 ponendum.
1837 5590 1880 5621 σο
1920 5587 2397 5661 ἀντιλαμϐάνονται
2448 5591 2505 5642 Ο.

559 5671 888 5726 πράσσουσιν
915 5664 970 5711 υ.

2588 5590 2625 5618 δ’
2664 5589 2752 5642 καὶ
2784 5588 2955 5660 ἕτεροι
3014 5588 3185 5643 κυνῶν
3236 5588 3515 5647 και’άλλοι
3555 5590 3745 5662 ἄρρητα
