4022 6336
265 228 356 284 ιιι

1314 240 1750 303 ειΕιιΕΝτιΝΑ
1802 280 1870 290 --
1907 251 2188 308 HOMILIA
2226 254 2365 310 XIX.

3396 262 3503 320 MS

261 347 464 446 δήποτε
481 348 912 427 ὁμολογουμένου
938 355 1076 415 εἶναι
1100 362 1317 437 ἀμαρτή
1327 384 1489 437 ματα,
1513 369 1571 435 ἐξ
1593 371 1815 442 ἀνάγκη.

1938 377 2216 444 respondit
2244 378 2433 431 Simon
2464 396 2477 432 ;
2512 376 2609 433 Dic
2633 379 2789 446 mihi,
2821 394 2891 434 an
2921 378 2988 434 de
3015 377 3162 434 malo
3196 378 3267 434 ita
3293 380 3388 435 libi
3422 381 3505 435 vi-

264 443 348 494 καὶ
375 442 567 515 τρίτην
602 447 781 519 κρίσιν
809 451 945 521 πρὸς
981 453 1052 507 τὰ
1095 456 1462 528 ἁμαρτήματα
1503 461 1678 529 ὀρθῶς
1712 461 1827 515 ἔστι

1931 464 2155 523 deatur?

612 540 799 595 Ταῦτα
824 543 919 597 τοῦ
952 545 1157 617 Πέτρου
1178 549 1444 615 εἰπόντος,
1468 551 1497 603 6
1522 551 1701 623 Σίμων
1731 554 2061 623 ἀπεκρίνατο
2078 577 2091 589 ·
2128 560 2312 627 Οὕτως
2334 581 2415 617 σοι
2467 563 2613 617 δοκεῖ
2672 562 2742 617 τά
2799 562 2939 619 κατὰ
2964 583 3054 620 τον
3081 566 3314 639 πονηρὸν
3333 562 3501 636 sim;

260 628 391 681 Εἰπέ
417 648 529 701 μοι.

323 717 443 774 XX.
478 721 589 775 Kal
612 724 641 777 6
672 724 907 798 Πέτρος·
940 727 1284 800 Μεμνήμεθα
1304 731 1399 785 τοῦ
1432 733 1635 805 Κυρίου
1672 735 1828 806 ἡμῶν

258 810 346 864 καὶ
385 812 755 882 Διδασκάλου,
804 817 881 881 ὡς
927 818 1303 890 ἐντελλόμενος
1347 817 1498 875 εἶπεν
1548 825 1711 895 ἡμῖν·
1750 825 1830 879 Τά

259 904 530 975 μυστήρια
554 905 676 977 ἐμοὶ
708 909 802 962 καὶ
825 912 937 975 τοῖς
958 914 1092 977 υἱοῖς
1111 914 1204 968 τοῦ
1235 916 1383 969 οἴκου
1412 932 1514 987 μου
1538 916 1826 986 φυλάξατε.

253 994 339 1046 Διὸ
370 995 471 1049 καὶ
503 999 618 1061 τοῖς
648 999 815 1053 αὑτοῦ
852 1002 1121 1073 μαθηταῖς
1166 1008 1285 1060 κατ’
1324 1006 1459 1060 ἰδίαν
1504 1007 1699 1062 ἐπέλυε
1731 1010 1831 1081 τῆς

252 1083 354 1137 τῶν
387 1087 640 1158 οὐρανῶν
686 1089 959 1160 βασιλείας
990 1093 1057 1147 τὰ
1092 1097 1361 1169 μυστήρια
1385 1097 1449 1150 ⁸¹.
1485 1098 1575 1151 Σοὶ
1616 1097 1693 1164 δὲ,
1730 1116 1827 1152 πο-

251 1176 505 1251 λεμοῦντι
550 1181 698 1252 ἡμᾶς
728 1185 821 1238 καὶ
855 1185 1017 1257 μηδὲν
1059 1186 1244 1259 ἕτερον
1272 1188 1647 1243 διασκοποῦντι
1682 1190 1714 1260 ἢ
1758 1190 1825 1244 τά

250 1269 495 1343 ἡμέτερα
530 1275 641 1327 εῐτε
679 1274 850 1348 ἀληθῆ
895 1277 1044 1341 ὄντα,
1075 1280 1184 1332 εῖτε
1217 1278 1405 1352 ψευδῆ,
1440 1281 1509 1334 τά
1540 1281 1825 1354 ἀπόρρητα

249 1360 447 1431 λέγειν,
474 1364 691 1418 ἀσεϐεῖν
721 1368 885 1421 ἐστίν.
926 1369 1061 1422 Ἀλλ’
1095 1371 1182 1424 ἵνα
1216 1372 1289 1443 μὴ
1322 1372 1512 1435 δόξωσί
1549 1391 1691 1438 τινες
1715 1375 1824 1427 τῶν

249 1454 637 1525 παρεστώτων,
662 1458 745 1512 ὅτι
789 1458 1033 1515 ἀδυνατῶ
1065 1463 1201 1534 πρὸς
1223 1462 1291 1517 τὰ
1325 1464 1428 1517 ὑπὸ
1462 1464 1555 1517 σοῦ
1591 1464 1821 1537 ρηθέντα

248 1546 649 1618 ἀποκρίνασθαι
685 1549 1031 1622 (προφάσεως
1062 1553 1525 1626 διαμηχανῶμαι),
1556 1556 1667 1627 ἐρῶ
1698 1555 1824 1629 πρό-

247 1658 399 1713 τερον
432 1642 839 1715 πυνθανόμενός
872 1662 986 1711 σου,
1011 1648 1059 1699 εί
1094 1648 1155 1700 τὸ
1196 1647 1284 1717 μὴ
1316 1648 1525 1718 ἀλγεῖν
1554 1645 1640 1721 ἦν,
1674 1649 1727 1704 τί
1759 1651 1823 1705 ἄν

246 1730 387 1784 ἐστιν
411 1731 497 1801 ἦν
519 1736 553 1786 ό
580 1736 859 1802 πονηρός.
888 1736 996 1789 Kal
1020 1738 1047 1790 6
1072 1737 1251 1808 Σίμων
1277 1738 1380 1810 ἔφη
1398 1755 1413 1770 ·
1442 1740 1624 1794 Οὐδέν.
1656 1742 1764 1794 Kal
1795 1744 1823 1795 6

247 1824 485 1895 Πέτρος·
523 1819 672 1893 τΑρά
712 1843 775 1896 γε
807 1828 868 1881 τὸ
898 1828 1131 1900 πονηρὸν
1172 1830 1233 1883 τὺ
1275 1831 1460 1901 ἀλγεῖν
1503 1834 1617 1886 ἐστι
1643 1832 1823 1886 καὶτὸ

246 1915 459 1981 θανεῖν;
509 1918 623 1972 Καὶ
664 1921 693 1972 6
738 1920 951 1991 Σίμων’
989 1922 1260 1977 Φαίνεται.
1294 1924 1405 1980 Kal
1437 1927 1466 1979 6
1509 1926 1713 1997 Πέτρος
1736 1927 1816 1959 “-

246 2010 350 2062 Ούκ
398 2010 516 2081 ἄρα
546 2011 779 2083 ὑπάρχει
832 2012 892 2065 τὸ
939 2014 1171 2087 πονηρὸν
1218 2016 1339 2081 ἀεὶ,
1390 2016 1503 2070 ἀλλ’
1553 2017 1672 2071 οὐδὲ
1723 2014 1823 2088 μὴν

246 2100 482 2173 ὑπάρξαι
542 2101 796 2157 δύναται·
850 2104 916 2157 τὸ
966 2105 1075 2177 γὰρ
1114 2105 1347 2177 ἀλγῆσαι
1388 2109 1482 2161 καὶ
1508 2108 1685 2163 θανεῖν
1710 2109 1820 2162 τῶν

243 2194 650 2265 συμϐαινόντων
674 2196 720 2229 ⁸⁸
755 2197 921 2257 ἐστὶν.
954 2190 1028 2251 ὧν
1060 2198 1345 2270 ούθέτερόν
1381 2199 1498 2252 ἐστι
1541 2200 1819 2271 παρούσης

239 2286 398 2357 390
418 2286 754 2353 εύσθενείας.
780 2289 844 2342 Τί
871 2289 915 2320 ⁸⁸
929 2288 1037 2361 γάρ
1060 2290 1206 2343 ἐστιν
1229 2290 1455 2362 ἀλγεῖνῆ
1471 2290 1532 2344 τὸ
1551 2292 1821 2364 ἀναρμοσ-

238 2382 371 2442 τεῖν;
400 2380 466 2432 Τί
500 2379 558 2433 δὲ
592 2379 819 2443 θάνατος
843 2379 874 2451 ἢ
903 2380 1178 2453 χωρισμὸς
1200 2382 1375 2453 ψυχῆς
1400 2382 1507 2436 ἀπὸ
1534 2381 1814 2454 σώματοςς

238 2468 465 2525 Ούτόὖν
481 2472 749 2543 ἁρμονίας
760 2470 924 2543 ούσης
938 2472 997 2526 τὸ
1017 2473 1199 2542 ἀλγεῖν
1219 2474 1363 2528 ἐστιν
1380 2492 1394 2504 ’
1422 2473 1482 2528 τὸ
1502 2474 1609 2547 γὰρ
1634 2475 1816 2529 θανεῖν

236 2566 351 2620 οὐδὲ
384 2565 532 2629 ὅλως
567 2566 677 2619 τῶν
728 2566 1022 2638 ύπαρκτῶν
1054 2568 1221 2631 ἐστὶν,
1268 2568 1351 2621 ὅτι
1385 2568 1611 2632 θάνατος
1664 2568 1816 2622 οὐδέν

237 2659 400 2725 ἐστιν,
437 2659 520 2723 ὡς
552 2658 709 2729 ἔφην,
738 2658 771 2731 ἢ
805 2660 1079 2731 χωρισμὸς
1110 2659 1287 2731 ψυχῆς
1317 2660 1424 2713 ἀπὺ
1459 2659 1725 2731 σώματος,
1752 2653 1815 2715 οὗ

238 2753 570 2824 συμϐάντος,
594 2751 657 2806 τὸ
685 2752 782 2823 μὲν
809 2751 968 2823 σῶμα
995 2751 1153 2821 φύσει
1177 2751 1502 2823 ἀναίσθητον
1525 2751 1585 2805 ὃν
1606 2751 1810 2819 λύεται,

236 2846 345 2916 ἠδὲ
377 2845 532 2916 ψυχὴ
562 2844 792 2916 αἰσθητὴ
828 2839 963 2898 οὖσα
988 2842 1137 2909 ζῶσα
1178 2844 1429 2915 ὑπάρχει.
1461 2843 1621 2899 Ὅθεν
1645 2846 1816 2917 ἁρμο-

236 2939 348 3003 νίας
374 2938 551 3009 οὖσης
574 2938 673 2991 ούκ
697 2936 881 3005 ἀλγεῖν
907 2936 1075 3001 ἐστιν,
1096 2937 1196 2989 ούκ
1218 2935 1527 3000 ἀποθανεῖν,
1554 2936 1666 2989 ἀλλ’
1691 2935 1812 2990 ούδέ

238 3034 339 3117 μῇν
367 3033 599 3103 βοτάναι
632 3031 940 3101 θανάσιμοι,
966 3032 1065 3102 οὐχ
1090 3032 1294 3102 ἑρπετά
1323 3030 1519 3097 ίοϐόλα,
1543 3030 1662 3083 οὐδὲ
1686 3029 1813 3085 ἀλλο
1840 3043 1880 3100 c

234 3144 282 3179 τι
313 3126 582 3191 τοιοῦτον,
611 3119 672 3178 οὗ
711 3122 772 3177 τὸ
809 3124 963 3187 τέλος
1011 3123 1255 3186 θάνατος.
1307 3122 1467 3177 Ὅθεν
1517 3121 1815 3185 ἀθανασίας

232 3218 641 3292 ἐπικρατούσης
687 3217 923 3285 εὐλόγοις
970 3216 1147 3270 πάντα
1187 3214 1447 3284 γεγονότα
1492 3216 1809 3286 φανήσεται.

235 3313 409 3384 Ὅπερ
456 3312 555 3365 καὶ
600 3310 773 3373 οὔτως
821 3308 994 3375 ἔσται,
1039 3307 1236 3362 ὁπόταν
1291 3304 1635 3376 δικαιοσύνης
1664 3306 1814 3378 αἰτίᾳ.

231 3406 259 3459 6
291 3406 586 3476 ἄνθρωπος
629 3402 894 3463 ἀθάνατος
923 3400 1145 3471 γένηται
1188 3399 1286 3470 τῆς
1328 3397 1422 3451 τοῦ
1455 3397 1689 3469 Χριστοῦ
1733 3399 1811 3450 εί-

234 3490 515 3565 ρηνιὶκῆς]
550 3489 949 3562 ἐπικρατούσης
996 3488 1266 3557 βασιλείας
1286 3505 1299 3519 ’
1331 3489 1419 3541 ὅτε
1453 3487 1618 3540 αὑτοῦ
1653 3488 1746 3541 καὶ
1777 3489 1810 3559 ἡ

231 3587 427 3655 κρᾶσις
458 3581 724 3654 εὖκρατός
749 3581 915 3641 ἐστιν,
944 3579 1029 3632 ἵνα
1067 3577 1141 3650 μὴ
1184 3576 1365 3643 ὀξείας
1397 3576 1554 3649 [φύῃ]
1597 3578 1771 3649 ὁρμάς
1792 3594 1805 3608 ’

229 3677 307 3730 ἔτι
343 3694 405 3729 τε
451 3676 551 3729 καὶ
588 3672 787 3742 γνῶσις
825 3674 1139 3735 ἄπταιστος,
1183 3671 1271 3725 ῖνα
1305 3671 1378 3741 μή
1404 3687 1457 3721 τι
1485 3669 1593 3723 τῶν
1626 3668 1809 3721 κακῶν

228 3768 303 3832 ὡς
329 3766 537 3836 ἀγαθὸν
569 3762 972 3838 πίικροποιοῦν]
998 3762 1041 3795 ⁸⁸
1072 3779 1132 3816 τε
1165 3761 1361 3832 ἀλγοῦν
1390 3760 1561 3829 ἔσται,
1599 3761 1685 3815 ἵνα
1734 3762 1807 3835 μὴ

228 3861 425 3933 θνητὸς

295 3953 446 4008 XXI.
481 3954 590 4007 Kal
624 3953 653 4007 6
684 3952 866 4022 Σίμων
904 3950 1007 4022 ἔφη
1027 3966 1042 3981 ⁸
1072 3949 1256 4002 Ταῦτα
1290 3947 1389 4019 μὲν
1430 3946 1606 4019 ὀρθῶς
1636 3946 1803 4019 ἔφης’

230 4047 371 4118 πλὴν
399 4048 457 4099 ἐν
488 4045 565 4116 τῷ
588 4044 683 4098 νῦν
731 4043 920 4114 κόσμῳ
947 4041 1008 4095 ού
1048 4040 1194 4094 δοκεῖ
1240 4058 1323 4094 σοι
1367 4039 1566 4102 παντὸς
1599 4037 1806 4103 πάθους

228 4139 478 4201 δεκτικὸς
504 4134 639 4191 εἶναι
674 4139 702 4190 6
738 4135 1049 4207 ἄνθρωπος
1086 4133 1244 4203 Λέγω
1272 4132 1328 4186 δὲ
1365 4133 1675 4204 ἐπιθυμίας,
1711 4132 1805 4203 ὀρ-

230 4233 355 4302 γῆς,
402 4232 581 4301 λύπης
605 4232 699 4283 καὶ
741 4229 849 4282 τῶν
895 4226 1171 4281 τοιούτων.
1205 4227 1364 4280 Καὶὸ
1410 4226 1646 4297 Πέτρος’
1696 4227 1805 4280 Kal

228 4325 404 4379 ταῦτα
447 4323 557 4376 τῶν
609 4321 1009 4393 συμϐαινόντων
1056 4319 1225 4385 ἐστὶν,
1262 4319 1323 4371 ού
1356 4316 1464 4371 τῶν
1496 4319 1582 4371 ἀεὶ
1614 4318 1800 4382 ὄντων,

1992 710 2113 769 XX.
2148 713 2285 771 Tum
2334 715 2528 773 Petrus
2562 736 2575 773 :
2612 717 3340 783 Recordamur,'l)ominum
3394 738 3500 777 no-

1926 814 2099 861 strum
2149 818 2204 862 et
2260 804 2581 881 Magistrum
2625 813 2786 867 nobis
2828 814 3194 883 praecepisse:
3240 814 3495 887 Mysteria

1927 898 2059 953 mihi
2091 907 2144 954 et
2178 901 2305 956 ﬁliis
2332 902 2529 957 domus
2563 920 2695 959 mea;
2723 904 3012 960 custodite.
3046 905 3226 972 Quare
3252 921 3305 962 et
3332 908 3497 963 disci-

1927 991 2069 1059 pulis
2100 992 2215 1047 suis
2257 1008 2502 1048 seorsum
2557 995 2705 1065 regni
2738 996 2978 1052 caelestis
3024 998 3280 1069 mysteria
3325 999 3497 1068 expli-

1925 1083 2085 1139 cabat
2129 1095 2178 1138 ι.
2223 1085 2289 1139 At
2350 1085 2576 1155 impium
2642 1099 2817 1155 esset,
2880 1090 2926 1144 si
2980 1090 3346 1146 revelaremus
3396 1091 3495 1147 tihi

1927 1173 2240 1241 ineﬂahilia,
2284 1176 2593 1233 adversanti
2638 1180 2797 1234 nobis
2838 1190 2891 1235 et
2947 1182 3082 1236 nihil
3134 1181 3279 1237 aliud
3319 1184 3495 1253 dispi-

1924 1266 2088 1321 cienti
2118 1283 2282 1336 quam
2315 1269 2455 1324 dicta
2496 1281 2681 1325 nostra
2709 1270 2825 1326 sive
2854 1287 2978 1326 vera
3010 1273 3126 1328 sive
3161 1272 3317 1328 falsa.
3346 1274 3498 1329 Atta—

1925 1373 2047 1412 men
2095 1374 2163 1414 ne
2206 1360 2679 1417 circumstantium
2734 1364 2901 1433 aliqui
2951 1366 3215 1428 credant,
3254 1382 3341 1421 me
3385 1382 3494 1420 non

1923 1464 2084 1520 posse
2129 1453 2460 1521 respondere
2497 1470 2527 1508 a
2558 1464 2609 1509 te
2638 1456 2862 1525 prolatis
2901 1456 3280 1524 (similitudine
3324 1460 3493 1526 utor),

1922 1544 2280 1612 respondebo,
2322 1546 2540 1615 quando
2568 1562 2633 1599 ex
2665 1557 2717 1601 te
2747 1547 3026 1610 audivero,
3065 1550 3193 1618 quid
3228 1550 3497 1621 signiticet

1924 1642 2041 1686 em
2085 1636 2277 1701 malus,
2311 1637 2356 1691 si
2407 1654 2510 1691 non
2554 1638 2733 1693 dolere
2778 1649 2916 1695 erat.
2952 1640 3017 1695 Et
3063 1643 3251 1696 Simon
3299 1643 3490 1698 dixit:

1854 1702 1896 1756 Β
1924 1718 2088 1774 Nihil.
2114 1720 2251 1777 Tum
2274 1722 2468 1779 Petrus
2491 1743 2505 1779 :
2532 1724 2671 1780 Num
2696 1728 2880 1784 dolere
2901 1738 2955 1783 et
2984 1731 3121 1784 mori
3147 1733 3349 1786 malum
3377 1734 3495 1787 est?

1924 1808 2220 1881 Respondit
2263 1812 2452 1868 Simon
2493 1834 2506 1869 :
2548 1814 2625 1871 ita
2679 1832 2803 1872 esse
2851 1819 3083 1874 videtur.
3138 1818 3203 1874 Et
3246 1819 3491 1877 Petrus:

1918 1900 2035 1957 Non
2068 1904 2233 1976 igitur
2263 1907 2466 1961 malum
2497 1923 2711 1978 semper
2737 1910 2967 1974 exstitit,
2995 1912 3086 1966 sed
3116 1930 3186 1968 ne
3212 1917 3493 1971 exstitisse

1919 1995 2135 2064 quidem
2185 2006 2392 2065 potest;
2440 2013 2565 2053 nam
2613 2001 2797 2056 dolere
2838 2012 2891 2058 et
2940 2004 3077 2057 mori
3126 2006 3489 2062 accidentium

1919 2097 2067 2153 sunt,
2095 2105 2328 2159 quorum
2367 2104 2621 2147 neutrum
2666 2098 2918 2165 przesenti
2952 2098 3113 2152 saluti
3145 2108 3229 2154 est
3257 2101 3492 2170 conjun-

1916 2188 2085 2236 ctum.
2130 2181 2272 2249 Quid
2310 2186 2455 2240 enim
2500 2196 2583 2241 est
2610 2188 2794 2243 dolere
2836 2190 2937 2245 nisi
2991 2208 3096 2245 non
3146 2193 3489 2261 congruere?

1916 2272 2055 2340 Quid
2094 2285 2273 2329 autem
2320 2292 2502 2345 mors,
2562 2279 2665 2335 nisi
2720 2284 2991 2350 separatio
3048 2282 3242 2339 animae
3293 2301 3323 2339 a
3374 2300 3492 2340 cor-

1916 2364 2275 2436 poreiNeque
2296 2368 2476 2437 igitur,
2495 2369 2539 2424 si
2566 2371 2847 2427 harmonia
2864 2376 3098 2438 exsistit,
3119 2376 3275 2430 dolor
3289 2377 3485 2443 intrat;

1917 2472 2041 2511 nam
2073 2459 2210 2512 mori
2245 2474 2312 2514 ne
2339 2461 2563 2516 omnino
2591 2464 2811 2534 quidem
2826 2466 3207 2522 exsistentium
3240 2469 3487 2539 est,qnia

1917 2565 2066 2605 mors
2092 2551 2225 2607 nihil
2253 2553 2399 2607 aliud
2423 2564 2525 2621 est,
2555 2565 2613 2611 ut
2639 2557 2773 2622 dixi,
2799 2575 2964 2628 quam
2992 2562 3263 2631 separatio
3292 2564 3489 2617 animae

1914 2654 2221 2714 a'corpore,
2264 2663 2386 2716 qua:
2427 2664 2550 2703 cum
2589 2651 2790 2717 evenit,
2823 2668 3024 2721 corpus
3066 2654 3284 2723 quidem
3318 2671 3482 2711 sensu

1913 2752 2107 2808 expers
2137 2738 2470 2802 dissolvitur,
2518 2744 2699 2798 anima
2748 2753 2930 2798 autem
2967 2760 3127 2800 sensu
3174 2745 3364 2800 aﬂ‘ecta
3400 2746 3486 2800 vi-

1913 2842 2039 2883 vere
2075 2830 2266 2899 pergit.
2314 2829 2494 2896 Quare
2522 2849 2698 2903 neque
2730 2833 2885 2887 dolor
2918 2835 3071 2889 adest
3101 2851 3276 2904 neque
3314 2851 3484 2901 mors,

1914 2921 2004 2974 ubi
2040 2922 2326 2977 harmonia
2373 2924 2587 2988 existit,
2632 2925 2725 2979 sed
2767 2942 2833 2979 ne
2868 2926 3064 2995 plantae
3093 2927 3309 2995 quidem
3360 2927 3485 2981 leti-

1914 3012 2042 3068 fera:
2088 3022 2246 3076 sunt,
2289 3030 2464 3087 neque
2513 3018 2729 3087 reptilia
2772 3027 3072 3082 venenata,
3122 3034 3297 3089 neque
3337 3019 3483 3073 aliud

1916 3106 2111 3162 horum
2157 3108 2488 3179 quidquam,
2537 3125 2775 3179 quorum
2826 3111 2951 3166 linis
2994 3120 3078 3165 est
3116 3128 3283 3166 mors.
3329 3110 3487 3168 Unde

1915 3200 2104 3253 omnia
2137 3209 2285 3255 recte
2303 3212 2481 3256 creata
2514 3200 2767 3255 videntur
2797 3202 3121 3270 prmvalentc
3158 3202 3485 3257 immortali-

1912 3297 2041 3343 tate.
2068 3287 2133 3343 Et
2157 3290 2258 3344 hoc
2282 3290 2354 3343 ita
2381 3291 2610 3355 eveniet,
2635 3291 2855 3360 quando
2878 3291 3103 3360 justitiae
3125 3293 3295 3362 gratia
3320 3294 3487 3347 homo

1912 3380 2237 3436 immortalis
2280 3382 2365 3448 iit,
2409 3398 2578 3453 regno
2621 3382 2822 3438 Christi
2870 3385 3096 3453 pacilico
3140 3386 3483 3454 prtevalente,

1911 3476 2350 3545 quandoquidem
2397 3485 2885 3545 temperamentum
2933 3477 3052 3545 ejus
3084 3478 3211 3531 mite
3254 3488 3367 3542 est,
3415 3494 3484 3534 ne

1911 3580 2064 3618 acres
2096 3574 2343 3633 procreet
2375 3565 2722 3634 cupiditates,
2770 3567 2993 3636 insuper
3020 3567 3182 3621 etiam
3215 3570 3481 3637 sapientia

1909 3671 2017 3710 non
2047 3670 2296 3719 erronea,
2332 3665 2393 3709 ut
2421 3656 2556 3710 nihil
2587 3658 2854 3711 malorum
2885 3669 3144 3727 tanquam
3181 3660 3381 3712 bonum
3412 3660 3480 3714 ad

1908 3746 2227 3801 servitutem
2272 3746 2355 3801 vel
2398 3748 2642 3803 dolorem
2687 3745 2858 3813 ferat,
2905 3747 2979 3801 ita
3023 3757 3083 3801 ut
3126 3748 3217 3804 ille
3264 3766 3371 3803 non
3410 3750 3483 3805 sit

1895 3840 2179 3915 ‘mortalis.

1978 3951 2118 4009 XXI.
2158 3952 2463 4023 Respondit
2512 3954 2744 4009 Simon:
2786 3953 2911 4010 Haec
2941 3954 3158 4024 quidem
3206 3964 3353 4010 recte
3395 3953 3480 4009 di-

1909 4046 2056 4101 xisti.
2082 4045 2152 4101 At
2184 4047 2347 4101 homo
2391 4047 2444 4102 in
2484 4047 2588 4101 hoc
2636 4048 2843 4101 mundo
2885 4063 3067 4102 nonne
3101 4048 3197 4102 tibi
3236 4048 3479 4119 cujusvis

1906 4138 2036 4192 mali
2068 4154 2239 4208 capax
2285 4154 2408 4195 esse
2456 4140 2701 4193 videtur?
2746 4138 2878 4195 Dico
2925 4150 3105 4194 autem
3141 4140 3476 4210 cupiditatis,

1907 4232 2231 4296 iracundiae,
2270 4232 2450 4287 luctus
2483 4241 2536 4287 et
2575 4232 2979 4301 hujuscemodi.
3027 4233 3091 4287 Et
3126 4232 3321 4289 Petrus
3354 4252 3367 4287 :
3411 4233 3477 4289 Et

1906 4323 2023 4378 haec
2068 4324 2285 4393 quidem
2324 4332 2452 4379 sunt
2485 4324 2845 4379 accidentium
2871 4364 2885 4388 ,
2938 4341 3047 4378 non
3106 4333 3473 4392 azlernorum;

228 4414 514 4485 χρησίμως
539 4414 595 4466 δὲ
619 4416 685 4484 τῇ
730 4412 872 4483 ψυχῇ
909 4410 1270 4482 συμϐαίνοντα
1302 4407 1396 4462 νῦν
1429 4408 1798 4481 εὑρεθήσεται.

1914 4424 2278 4471 verumtamen
2324 4415 2520 4469 animae
2574 4414 2778 4467 utiliter
2826 4415 3116 4484 conjuncta
3169 4415 3282 4485 jam
3323 4416 3474 4470 inveo

231 4510 369 4562 Ἧτε
400 4506 510 4577 γὰρ
552 4504 812 4575 ἐπιθυμία
840 4506 901 4557 ἐκ
926 4503 1020 4556 τοῦ
1053 4502 1233 4556 πάντα
1269 4501 1448 4565 καλῶς
1471 4502 1803 4575 δημιουργή-

230 4618 423 4664 σαντος
460 4600 774 4672 συμϐαίνειν
800 4597 877 4668 τῷ
903 4598 1024 4669 ζώῳ
1067 4595 1376 4667 γεγένηται,
1406 4596 1492 4649 ἶνα
1516 4597 1605 4650 ὑπ’
1632 4596 1803 4666 αὐτῆς

229 4697 498 4767 ἀγόμενον
544 4693 678 4765 πρὸς
724 4692 1005 4745 κοινωνίαν
1047 4691 1147 4761 τὴν
1186 4688 1579 4761 ἀνθρωπάτητα
1604 4689 1647 4721 ⁶⁷
1673 4689 1802 4760 πλη-

231 4786 396 4858 θύνῃ,
444 4786 535 4853 ἀφ’
580 4778 649 4853 ἧς
694 4781 894 4852 πλῆθος
942 4779 1171 4850 ἐκλογῆς
1215 4778 1542 4850 κρειττόνων
1589 4780 1798 4847 γίνεται

229 4878 387 4948 391
417 4875 555 4947 πρὸς
601 4873 814 4928 αἰώνιον
836 4873 979 4944 ζωὴν
1019 4869 1322 4941 ἐπιτήδειον
1358 4871 1424 4923 ⁸⁸.
1486 4871 1633 4943 Πλὴν
1670 4872 1798 4926 ἄνευ

230 4968 527 5039 ἐπιθυμίας
550 4967 647 5039 τὴν
674 4965 811 5037 πρὸς
834 4966 1065 5031 γυναῖκα
1091 4964 1370 5018 κοινωνίαν
1393 4964 1565 5028 οὐδεὶς
1585 4964 1650 5018 ἂν
1672 4965 1799 5019 ἀνε-

230 5063 455 5129 δέξατοι
490 5058 583 5112 νῦν
631 5059 685 5114 δέ
734 5058 999 5128 προφάσει
1034 5055 1226 5128 ἡδονῆς
1258 5055 1333 5118 ὡς
1370 5055 1547 5127 ἐαυτῷ
1578 5056 1799 5128 χαριζό-

234 5170 391 5227 μενος
413 5157 444 5207 6
484 5152 770 5224 ἄνθρωπος
802 5149 862 5203 τὸ
906 5149 1115 5204 ἐκείνου
1152 5146 1397 5220 βούλημα
1442 5150 1603 5203 ποιεῖ.
1654 5149 1800 5221 Πλὴν

302 5305 330 5335 ι
367 5290 535 5345 Marc.
562 5306 637 5356 tv,
663 5288 753 5344 54.

1905 4508 2144 4562 nicntur.
2188 4504 2398 4559 Etenim
2431 4504 2700 4575 cupiditas
2733 4506 2801 4559 ab
2831 4507 2945 4572 illo,
2985 4508 3080 4577 qui
3111 4508 3293 4561 omnia
3340 4508 3476 4563 bene

1903 4599 2127 4663 creavit,
2152 4597 2342 4667 opiﬁce
2373 4596 2591 4651 animali
2618 4596 2768 4652 unita
2796 4608 2900 4665 est,
2929 4615 3033 4668 qua
3060 4600 3125 4653 ad
3162 4600 3472 4655 mistionem

1904 4691 2194 4761 impulsum
2220 4689 2543 4758 multiplicet
2573 4689 2870 4743 humanum
2898 4705 3089 4760 genus,
3118 4691 3275 4760 cujus
3300 4693 3472 4748 electa

1903 4784 2188 4838 meliorum
2259 4782 2549 4837 multitudo
2600 4782 2792 4837 idonea
2876 4784 3116 4839 redditur
3174 4786 3239 4839 ad
3303 4786 3472 4841 vitam

1904 4874 2465 4931 mternam.Pra3tcrea
2497 4873 2614 4928 sine
2643 4873 2938 4944 cupiditate
2965 4875 3170 4930 coitum
3202 4892 3324 4931 cum
3357 4894 3473 4931 mu-

1910 4967 2041 5021 liere
2053 4983 2214 5022 nemo
2229 4964 2459 5033 faceret;
2491 4965 2603 5036 jam
2629 4982 2758 5022 vero
2780 4968 3072 5036 voluptatis
3098 4969 3279 5037 specie
3308 4968 3473 5023 homo

1907 5058 2009 5113 sihi
2038 5058 2152 5127 ipse
2177 5058 2489 5129 gratiﬁcans
2523 5058 2669 5112 illius
2688 5056 2819 5113 facit
2841 5057 3401 5129 voluntatem.ltaque
3424 5058 3470 5112 si

1905 5152 2028 5223 quis
2076 5151 2372 5221 cupiditate
2421 5149 2490 5206 ad
2542 5150 2843 5221 legitimum
2893 5151 3064 5205 utitur
3101 5150 3467 5215 connubium,

1496 5380 1729 5436 VARIIE
1768 5379 2165 5437 LECTIONES.

305 5482 348 5558 ξ’
372 5479 485 5558 Cl‘_r.
530 5480 678 5558 hom.
700 5479 906 5558 xvu_,6.
956 5478 1001 5510 ⁸³
1037 5473 1177 5558 th1
1208 5476 1303 5558 καλ.
1334 5477 1363 5530 ό
1394 5474 1616 5558 Πέτρος,
1630 5476 2004 5558 desiderantur
2051 5475 2103 5557 in
2298 5474 2343 5508 “
2377 5474 2822 5558 augﬁevciwmvﬁ
2850 5516 2866 5558 ,
2896 5477 2986 5547 qui
3022 5474 3215 5531 deinde
3239 5474 3293 5529 in
3315 5483 3465 5529 textu

234 5549 535 5615 ἀσθενείας,
572 5551 625 5604 in
650 5550 894 5620 margine
928 5565 1017 5620 γρ..
1055 5548 1380 5620 εὐσθενείας.
1474 5545 1520 5578 ⁸⁸
1557 5545 1618 5598 τό
1651 5548 1710 5620 0.

1810 5548 1854 5578 “
1889 5545 2089 5618 Scripsi
2131 5545 2634 5618 aricxpgnozoﬁvjol)
2657 5545 2959 5618 analogiam
2992 5562 3116 5602 cum
3171 5561 3287 5618 seq.

3335 5560 3402 5615 pa
3408 5561 3465 5597 r-

235 5622 418 5693 tieipio
440 5663 453 5685 ,
494 5606 599 5678 εἰεί
648 5606 1011 5693 apx‘émzai]
1046 5620 1170 5675 usui
1223 5606 1418 5673 nteli'us
1445 5617 1828 5686 respondisset.
1859 5606 2037 5684 ἀλγῶν
2068 5632 2119 5685 p.
2158 5606 2353 5685 ἀλγοῦν
2385 5618 2443 5672 0.
2518 5606 2570 5650 ³⁷
2601 5606 3023 5689 ἀνθρωπότηταν
3056 5618 3115 5670 0.
3192 5606 3466 5688 δ”ἐπῖτήτ

234 5691 367 5757 δειος
394 5696 454 5749 0.
