4022 6336
527 277 628 332 645

1358 283 1413 339 S.
1468 283 1851 340 CLEMENTIS
1885 284 1905 339 l
1946 285 2108 340 ROM.
2160 285 2359 340 PONT.
2398 284 2622 341 OPERA
2660 286 2885 343 DUBIA.

3633 286 3726 341 444

530 396 694 467 imple
723 412 831 450 non
867 398 1000 467 agit,
1030 399 1121 453 sed
1155 399 1207 453 in
1238 400 1565 456 adulterium
1597 418 1958 471 prorumpens
1990 402 2091 456 im-
2120 455 2123 465 ,

2205 404 2294 456 ἐάν
2327 420 2409 467 τις
2432 408 2495 475 τῇ
2522 403 2782 475 ἐπιθυμίᾳ
2808 403 3004 476 χρῆται
3028 404 3161 475 πρὸς
3184 405 3406 475 νόμιμον
3429 405 3613 476 γάμον,
3638 411 3729 462 οὐκ

530 489 784 558 pietatem
832 490 1155 552 committit,
1210 490 1439 560 ideoque
1474 492 1847 561 castigabitur,
1898 502 1957 547 ut
1999 493 2088 563 qui

531 580 671 633 male
700 594 832 634 usus
862 583 933 634 sit
973 596 1061 644 eo,
1092 581 1235 649 quod
1269 581 1405 635 bene
1434 580 1597 635 fuerit
1625 582 1958 638 ordinatum.
2008 583 2093 636 Si-

532 669 645 722 mili
673 670 835 724 modo
867 670 1027 724 etiam
1056 670 1355 725 iracundiae
1402 687 1663 727 concessa
1697 690 1725 725 a
1759 672 1867 727 Deo
1903 685 1983 727 est
2015 675 2095 729 vis

533 774 633 814 nos
674 760 1050 829 aggrediendi,
1096 770 1155 815 ut
1190 777 1251 815 ea
1281 762 1580 817 excitemur
1625 765 1691 817 ad
1746 773 2091 833 peccatorum

534 850 815 906 ultionem.
860 850 1247 906 Verumtamen
1295 853 1585 908 immodice
1636 854 1730 923 qui
1793 870 1857 908 ea
1902 856 2094 923 utitur,

535 941 735 1011 injuste
765 942 896 1013 agit,
940 953 1085 998 recte
1113 959 1177 998 ea
1209 956 1369 1000 utens
1410 944 1620 1014 justum
1653 947 1877 1016 peragit.
1906 946 1975 1001 At
2012 946 2096 1001 lu-

533 1034 644 1088 ctui
677 1049 895 1103 quoque
935 1034 1165 1103 subjecti
1197 1050 1410 1098 sumus,
1440 1052 1550 1105 quo
1582 1037 1787 1094 doloris
1815 1054 1935 1094 esse
1972 1055 2098 1108 pos-

533 1125 709 1179 simus
763 1127 1055 1196 participes
1104 1127 1286 1181 obitus
1338 1128 2094 1196 propinquorum,mulieris,

532 1217 616 1272 vel
646 1218 961 1284 liberorum,
998 1220 1079 1274 vel
1111 1218 1364 1283 fratrum,
1386 1221 1465 1274 vel
1489 1223 1817 1288 genitorum,
1842 1223 1927 1277 vel
1960 1224 2099 1278 ami-

520 1324 720 1381 corum
752 1310 1069 1365 aliorumve.
1118 1310 1626 1366 Commiserationis
1657 1314 1803 1366 enim
1846 1324 2098 1383 expertes

538 1400 776 1456 hominis
804 1412 1054 1457 naturam
1081 1405 1446 1458 exuissemus.
1473 1400 1647 1457 Simul
1677 1405 1884 1474 reliqua
1913 1407 2097 1460 omnia

535 1503 660 1562 apta
694 1509 815 1549 esse
850 1496 1209 1566 reperientur,
1234 1498 1279 1552 si
1311 1496 1725 1552 considerentur
1755 1498 1918 1552 modo
1947 1514 1977 1552 a
2015 1516 2099 1553 mc

536 1582 796 1639 indicato.

606 1676 772 1729 XXII.
809 1677 946 1731 Tum
983 1676 1210 1731 Simon:
1239 1676 1348 1733 Cur
1389 1687 1571 1733 autem
1602 1687 1656 1733 et
1690 1679 1936 1734 homines
1966 1694 2102 1749 prte-

538 1778 750 1823 mature
792 1771 1127 1835 moriuntur,
1163 1779 1218 1825 et
1246 1771 1424 1825 morbi
1455 1770 1713 1841 periodici
1746 1771 1988 1835 veniunt,
2020 1772 2116 1829 in-.

536 1878 702 1931 super
745 1872 798 1917 et
829 1863 1126 1927 daemones,
1171 1864 1397 1917 insania:
1439 1871 1495 1918 et
1539 1863 1878 1919 calamitates
1914 1863 2101 1917 multi-

536 1952 740 2008 formes
766 1970 960 2024 magna
990 1952 1554 2023 castigandifacultate
1568 1953 1805 2023 praedita:
1838 1952 2104 2007 exsistere

538 2043 803 2114 pergunt?
848 2042 1072 2115 Excepit
1124 2043 1362 2099 Petrus:
1392 2044 1530 2111 Quia
1579 2046 1833 2099 homines
1880 2046 2104 2099 omnino

539 2135 746 2190 Lbidini
792 2152 906 2191 suae
952 2137 1291 2207 indulgentes
1342 2137 1749 2193 inconsiderate
1789 2149 2021 2203 coeunt,
2053 2147 2106 2192 et

539 2228 613 2281 ita
660 2229 960 2283 seminibus
1012 2227 1192 2282 alieno
1232 2238 1477 2298 tempore
1524 2230 1734 2299 sparsis
1786 2245 1853 2285 ex
1898 2238 2107 2284 naturai

539 2319 720 2375 indole
762 2319 1185 2374 innumerabilia
1232 2330 1588 2390 procreantur
1622 2322 1789 2376 mala.
1834 2321 2107 2377 Debebant

540 2413 723 2481 potius
768 2421 1039 2482 reputare,
1076 2412 1154 2465 uti
1189 2420 1404 2481 tempus
1431 2412 1713 2468 deﬁnitum
1747 2415 1818 2469 sit
1848 2414 1915 2468 ad
1952 2415 2106 2482 plan-

540 2504 761 2557 tandum
800 2511 855 2557 et
893 2502 1268 2557 seminandum
1298 2513 1484 2573 aptum
1515 2544 1530 2568 ,
1574 2504 1647 2558 ita
1685 2514 1739 2560 et
1780 2507 2106 2561 constitutos

542 2595 711 2649 fuisse
746 2593 862 2648 dies
902 2594 970 2647 ad
1007 2594 1205 2649 coitum
1254 2595 1503 2650 idoneos.
1548 2593 1685 2650 Ilinc
1726 2606 1875 2651 certe
1905 2596 2106 2666 aliquis

536 2685 747 2758 Moysis
775 2684 991 2741 traditis
1022 2688 1227 2756 peritus
1274 2686 1534 2757 populum
1566 2686 1636 2741 ob
1666 2695 1888 2756 peccata
1936 2702 2102 2742 accu-

540 2795 702 2846 sans,
743 2779 1151 2833 noviluniorum
1196 2778 1497 2834 secundum
1541 2777 1723 2832 lunam
1756 2788 1811 2833 et
1852 2779 2109 2835 sabbato-

543 2888 663 2927 rum
706 2872 849 2927 ﬁlios
879 2872 1204 2942 appellabat.
1246 2871 1316 2925 At
1362 2886 1490 2925 vero
1526 2870 1579 2923 in
1623 2871 1890 2941 principio
1922 2872 2108 2927 mundi

543 2965 793 3020 homines
835 2974 890 3019 et
967 2966 1192 3036 longaevi
1262 2974 1419 3017 erant
1472 2962 1758 3032 morbique
1815 2962 2107 3020 immunes.

2194 494 2397 559 ἀσεϐεῖ,
2444 496 2579 565 πρὸς
2614 496 2853 565 μοιχείαν
2885 495 2940 547 δὲ
2965 494 3150 566 ὁρμῶν
3173 496 3216 526 θ’
3247 496 3509 559 δυσσεϐεῖ,
3534 499 3622 551 καὶ
3653 499 3733 553 διὰ

2193 584 2349 637 τοῦτο
2372 589 2711 657 τιμωρεῖται,
2742 586 2822 637 ὅτι
2866 585 2943 655 τῷ
2965 585 3011 615 ⁷⁸
3046 584 3224 647 καλῶς
3255 585 3459 638 τεθέντι
3486 589 3734 657 ἐχρήσατο

2194 677 2396 739 κακῶς.
2416 678 2533 729 Ἔτι
2549 694 2607 729 τε
2626 676 2869 748 ὁμοίωςὴ
2887 677 3022 747 ὀργὴ
3038 678 3095 729 ὲν
3113 678 3239 747 ἡμῖν
3258 676 3575 741 ἐξάπτεσθαι
3590 677 3733 747 φύσιν

2194 764 2336 835 ἔχειν
2367 765 2548 835 εἴληφε
2574 764 2723 836 παρὰ
2747 764 2901 829 Θεοῦ,
2929 766 3013 817 ἴνα
3045 764 3180 835 πρὸς
3202 764 3410 834 ἄμυναν
3438 764 3735 835 ἁμαρτημά-

2194 871 2301 908 των
2326 856 2415 909 ὑπ’
2443 856 2612 925 αὐτῆς
2634 855 2933 927 ἑλκώμεθα.
2962 855 3105 927 Πλὴν
3128 854 3348 926 ἀμέτρῳ
3372 855 3506 926 αὐτῇ
3529 873 3607 918 τις
3624 873 3739 926 χρη·

2201 947 2431 1016 σάμενος
2477 946 2676 1012 ἀδικεῖ,
2720 949 2839 1000 κατ’
2871 946 3024 1011 ἀξίαν
3056 947 3112 1000 δὲ
3148 945 3425 1016 χρώμενος
3463 944 3524 998 τὸ
3553 945 3738 999 δίκαιον

2198 1037 2423 1091 ὲκτελεῖ.
2466 1037 2621 1090 Ἀλλά
2647 1037 2739 1091 καὶ
2764 1037 2937 1109 λύπης
2961 1038 3123 1107 ἐσμὲν
3146 1037 3401 1103 δεκτικοὶ,
3433 1038 3517 1090 ἵνα
3541 1036 3599 1090 τὸ
3625 1054 3741 1108 συμ-

2201 1128 2501 1200 παθητικὸν
2526 1129 2735 1199 ἔχωμεν
2759 1128 2849 1182 ὲπί
2872 1145 2930 1181 τε
2957 1127 3169 1198 θανάτῳ
3189 1126 3424 1193 οἰκείων,
3449 1127 3689 1195 γυναικὸς
3709 1126 3741 1197 ἦ

2198 1219 2401 1273 τέκνων
2428 1219 2461 1289 ἦ
2490 1218 2728 1288 ἀδελφῶν
2751 1218 2784 1289 ἢ
2821 1217 3022 1287 γονέων
3057 1218 3089 1289 ἧ
3116 1218 3283 1286 φίλων
3309 1216 3343 1288 ἢ
3377 1216 3546 1271 ἄλλων
3576 1217 3739 1269 τινῶν.

2212 1311 2489 1382 Ἐπείπερ,
2518 1313 2565 1363 εἰ
2599 1310 2659 1363 τὸ
2682 1310 3019 1381 συμπάσχειν
3064 1311 3164 1363 οὐκ
3210 1310 3446 1380 εῐχομεν,
3474 1308 3746 1378 ἀπάνθρω-

2200 1420 2292 1456 ποι
2341 1403 2406 1455 ἂν
2435 1398 2586 1473 εἰμεν
2608 1403 2676 1455 τί.
2714 1401 2890 1472 Ὀμῶς
2925 1402 3018 1454 καί
3058 1400 3125 1453 τά
3172 1400 3305 1455 ἀλλα
3351 1400 3525 1453 πάντα
3549 1398 3747 1461 οἰκείως

2199 1496 2549 1567 εὑρεθήσεται
2593 1496 2801 1567 έχοντα,
2854 1494 2947 1549 έάν
2997 1510 3060 1561 γε
3106 1493 3173 1547 δι’
3219 1493 3248 1546 6
3295 1492 3479 1562 ἔλεγον
3500 1492 3546 1523 ⁷⁸
3592 1489 3749 1562 ﬂat]-

2202 1588 2383 1659 νοηθῇ.

2276 1700 2437 1756 XXII.
2472 1703 2581 1755 Kal.
2604 1704 2632 1755 6
2657 1702 2869 1773 Σίμων·
2897 1703 2995 1756 Διὰ
3023 1702 3076 1756 τί
3108 1701 3164 1755 δὲ
3188 1701 3283 1755 καὶ
3316 1700 3482 1769 ἄωροι
3516 1695 3753 1750 τελευτῶ-

2208 1810 2311 1861 σιν,
2336 1794 2431 1847 καὶ
2466 1793 2766 1865 περιοδικαί
2806 1794 2947 1847 νόσοι
2985 1792 3242 1862 γίνονται,
3284 1792 3365 1845 ἔτι
3402 1790 3505 1861 μὴν
3539 1789 3627 1841 καὶ
3658 1787 3753 1840 δαί-

2208 1902 2366 1956 μονες
2405 1886 2497 1938 καὶ
2525 1884 2709 1956 μανίαι
2752 1886 2843 1938 καί
2882 1885 3028 1955 πάθη
3058 1882 3369 1938 παντοδαπά
3401 1880 3640 1944 κολάζειν
3675 1896 3752 1950 με·

2204 1976 2383 2045 γάλως
2404 1974 2673 2045 δυνάμενα
2696 1975 2959 2046 ὑπάρχει;
2986 1974 3095 2027 Kal.
3124 1976 3152 2027 6
3184 1973 3392 2044 Πέτρος
3411 1989 3424 2001 ·
3465 1972 3582 2023 ’Ότι
3608 1970 3654 2021 οἰ
3678 1970 3752 2023 ἄν·

2206 2067 2412 2138 θρωποι
2446 2065 2517 2119 τά
2556 2065 2730 2119 πάντα
2753 2066 2930 2118 αὐτῶν
2958 2068 3025 2136 τῇ
3065 2064 3225 2136 ἡδονῇ
3260 2062 3605 2134 χαριζόμενοι
3633 2060 3753 2113 ἁπα-

2207 2156 2526 2228 ρατηρήτως
2549 2155 2889 2210 κοινωνοῦσιν
2916 2156 3009 2211 καὶ
3041 2155 3210 2219 οὕτως
3234 2157 3267 2226 ἡ
3307 2154 3416 2207 τῶν
3447 2152 3752 2223 σπερμάτων

2206 2246 2474 2318 καταϐολὴ
2501 2247 2742 2320 ἀκαίρως
2768 2246 3070 2300 ὲπιδοθεῖσα
3104 2246 3351 2315 φυσικῶς
3384 2244 3450 2296 τὰ
3485 2242 3646 2314 μυρία
3675 2242 3754 2293 ὲκ-

2207 2338 2330 2409 φύει
2354 2339 2518 2392 κακά.
2557 2339 2752 2411 Ἐχρῆν
2776 2339 2832 2392 δὲ
2858 2340 3050 2401 αὐτοὺς
3080 2336 3419 2406 λογίζεσθαι,
3448 2336 3549 2396 ὅτι,
3576 2334 3645 2396 ὡς
3667 2330 3750 2384 τοῦ

2207 2429 2465 2498 φυτεῦσαι
2514 2430 2609 2484 καὶ
2655 2435 2871 2502 σπεῖραι
2915 2430 3105 2501 καιρὸς
3167 2429 3469 2501 ἐπιτήδειος
3515 2426 3751 2499 ὥρισται,

2208 2520 2350 2575 οὕτω
2375 2524 2468 2577 καὶ
2488 2523 2581 2577 τοῦ
2606 2524 2929 2593 κοινωνῆσαι
2955 2523 3343 2593 ὲπιτηρήσιμοι
3362 2504 3579 2592 ’ἡμέραι
3613 2534 3753 2588 προσ-

2208 2612 2526 2683 ῳκείωνται.
2577 2612 2738 2684 392
2779 2614 2970 2667 Ἔνθεν
3014 2612 3143 2682 γοῦν
3170 2630 3252 2676 τις
3283 2614 3349 2665 ὲκ
3375 2612 3475 2680 τῆς
3502 2608 3754 2669 Μωῦσέως

2208 2708 2554 2780 παραδόσεως
2612 2708 2971 2781 μεμαθηκὼς,
3018 2708 3342 2780 αἰτιώμενος
3386 2708 3475 2760 τὸν
3519 2705 3637 2758 λαὸν
3671 2701 3753 2753 ἐπὶ

2209 2800 2500 2873 ἁμαρτίας,
2528 2801 2677 2864 υἰσὺς
2689 2800 2985 2872 νεομηνιῶν
3004 2800 3110 2854 τῶν
3132 2800 3271 2854 κατὰ
3288 2800 3513 2870 σελήνην
3539 2796 3625 2849 καί
3648 2792 3753 2846 σαό-

2209 2890 2386 2945 6ἀτων
2423 2890 2703 2944 ἀπεκάλει.
2762 2888 2923 2944 Ἀλλά
2954 2890 3048 2943 καὶ
3086 2890 3206 2944 κατ’
3232 2888 3410 2961 ἀρχὰς
3440 2885 3532 2939 τοῦ
3568 2884 3751 2951 κόσμου

2209 2983 2258 3036 οἰ
2283 2982 2557 3054 ἄνθρωποι
2584 2981 2859 3045 πολυετεῖς
2889 2998 2948 3033 τε
2973 2976 3111 3052 ἦσαν
3138 2980 3231 3035 καὶ
3268 2981 3471 3035 ἄνοσοι.
3510 2974 3684 3030 Ὁπότε
3705 2970 3753 3023 δὲ

542 3056 649 3111 Sed
680 3073 780 3111 usu
817 3057 1148 3126 negligenter
1176 3054 1456 3119 derelicto,
1486 3052 1581 3106 tllii
1609 3052 1829 3107 illorum
1859 3053 2101 3109 vicissim

2206 3052 2573 3147 ἀμελήσαντες
2597 3074 2696 3146 τὴν
2721 3074 3095 3146 παρατήρησιν
3123 3073 3409 3136 ἀπέλιπον,
3431 3071 3607 3123 ἔκτοτε
3630 3063 3753 3119 κατὰ

543 3150 615 3201 ob
642 3149 1022 3219 ignorantiam,
1059 3156 1119 3201 ut
1148 3161 1255 3200 non
1305 3146 1478 3211 licuit,
1510 3145 1806 3201 miscentes
1834 3162 1914 3213 se,
1946 3146 2106 3200 innu-

548 3241 899 3295 merabilibus
924 3240 1329 3294 calamitatibus
1353 3240 1558 3295 liberos
1590 3254 1720 3295 suos
1760 3239 2109 3295 reddiderunt

546 3335 835 3389 obnoxios.
869 3332 1049 3401 Quare
1091 3343 1145 3388 et
1177 3335 1433 3405 magister
1482 3344 1669 3389 noster
1705 3335 1772 3389 de
1806 3335 1918 3399 illo,
1954 3336 2047 3405 qui
2077 3352 2108 3391 a

546 3427 825 3481 nativitate
852 3442 1028 3480 caacus
1053 3436 1169 3480 erat
1198 3438 1251 3481 et
1295 3442 1389 3495 per
1426 3442 1550 3481 eum
1582 3428 1737 3493 vidit,
1772 3428 2109 3496 interrogan-

547 3521 716 3585 tibus,
760 3530 940 3573 utrum
978 3518 1065 3573 hic
1116 3520 1421 3588 peccaverit
1451 3535 1519 3573 an
1564 3522 1836 3591 genitores
1879 3522 2019 3591 ejus,
2053 3531 2110 3576 ut

547 3627 725 3666 camus
756 3621 1091 3675 nasceretur,
1140 3611 1421 3680 respondit
1448 3630 1461 3665 :
1494 3609 1679 3681 Neque
1710 3613 1797 3667 hic
1832 3612 1887 3666 in
1926 3614 2108 3683 aliquo

547 3703 810 3774 peccavit,
839 3718 1013 3771 neque
1040 3703 1157 3771 ejus
1190 3703 1484 3773 genitores,
1516 3703 1608 3757 sed
1652 3713 1709 3757 ut
1739 3703 1792 3756 in
1829 3719 1895 3759 eo
1936 3703 2110 3757 mani-

547 3795 839 3851 l'cstarctur
887 3793 980 3850 Dei
1030 3804 1301 3865 potestas,
1348 3810 1471 3864 qua:
1515 3794 1833 3864 ignorantia:
1892 3804 2108 3865 peccata

547 3897 706 3943 sanat
751 3899 799 3940 ι.
843 3888 922 3941 Ac
954 3884 1198 3955 profecto
1244 3886 1564 3957 ignorantiae
1617 3901 1780 3942 causa
1841 3886 2109 3955 ejusmodi

550 3994 639 4032 res
654 3976 928 4040 eveniunt,
952 3977 1098 4046 quod
1148 3976 1405 4031 videlicet
1437 3977 1715 4046 ignoretur
1740 3976 1958 4045 quando
1988 3990 2112 4031 cou-

546 4070 672 4139 jnge
708 4069 783 4123 uti
828 4077 1092 4138 oporteat,
1131 4076 1187 4121 et
1224 4083 1292 4121 an
1326 4068 1492 4121 libera
1526 4067 1653 4122 sit-a
1686 4076 1961 4122 menstrua
1991 4068 2110 4137 pol-

552 4162 777 4216 lutione.
804 4160 922 4215 Jam
954 4175 1082 4214 vero
1110 4159 1470 4225 calamitates,
1510 4173 1742 4227 quarum
1772 4166 1929 4212 antea
1961 4174 2114 4212 men-

552 4256 752 4308 tionem
778 4251 974 4313 fecisti,
998 4267 1064 4306 ex
1089 4250 1393 4321 ignorantia
1416 4249 1760 4319 proveniunt,
1787 4265 1893 4303 non
1917 4264 1948 4304 e
1971 4249 2112 4303 malo

2207 3165 2452 3238 διαδοχὴν
2480 3167 2585 3219 υἱοί
2608 3164 2829 3235 ἀγνοίας
2851 3165 2997 3237 αἰτία
3018 3164 3140 3237 [ὡς]
3164 3164 3237 3236 μὴ
3264 3164 3376 3217 δεῖν
3401 3156 3753 3217 κοινωνοῦντες

2208 3259 2313 3313 ὑπὸ
2348 3258 2514 3329 μυρία
2540 3258 2682 3329 πάθη
2713 3258 2782 3311 τά
2805 3257 3011 3311 ἑαυτῶν
3044 3256 3250 3309 τιθέασι
3281 3256 3465 3309 τέκνα.
3495 3250 3647 3304 Ὅθεν
3671 3243 3752 3298 καὶ

2209 3349 2579 3422 [Διδάσκ]αλος
2624 3347 2781 3419 ἡμῶν
2809 3346 3053 3418 περὶτοῦ
3082 3348 3145 3399 ἐκ
3184 3347 3412 3416 γενετῆς
3457 3338 3625 3411 πηροῦ
3670 3332 3751 3387 καὶ

2210 3440 2604 3510 ἀναϐλέψαντος
2653 3438 2782 3511 παρ’
2825 3437 2987 3492 αὑτοῦ
3042 3436 3335 3507 ὲξετά[ζων
3384 3423 3749 3505 ἐρωτήσασιν1ν

2209 3536 2257 3587 εἰ
2279 3534 2326 3565 ⁷³
2366 3529 2517 3597 οὗτος
2555 3533 2800 3604 ἥμαρτεν
2845 3529 2879 3601 ἢ
2920 3530 2968 3582 οἱ
3004 3532 3179 3596 γονεῖς
3218 3526 3407 3591 αὐτοῦ,
3451 3524 3534 3576 ἵνα
3577 3513 3755 3583 τυφλὸς

2210 3626 2471 3697 γεννηθῇ,
2514 3624 2872 3695 ἀπεκρίνατο·
2911 3620 3032 3674 οὔτε
3064 3615 3215 3683 οὗτός
3259 3636 3315 3671 τι
3348 3619 3607 3687 ἥμαρτεν,
3644 3604 3750 3657 οὔτε

2210 3720 2260 3772 οἰ
2287 3722 2461 3787 γονεῖς
2473 3715 2656 3780 αὑτοῦ,
2674 3715 2785 3769 ἀλλ’
2810 3715 2893 3767 ἵνα
2918 3714 2982 3767 δι’
3008 3711 3170 3767 αὑτοῦ
3194 3707 3477 3781 φανερωθῇ
3502 3699 3752 3787 ἡδύναμις

2210 3784 2309 3865 τοῦ
2332 3810 2467 3864 Θεοῦ
2494 3810 2594 3880 τῆς
2640 3808 2856 3879 ἀγνοίας
2894 3806 3093 3878 ἰωμένη
3123 3804 3191 3858 τά
3238 3802 3617 3875 ἁμαρτήματα.
3658 3784 3751 3887 Kc}

2211 3902 2423 3973 ἀληθῶς
2452 3901 2673 3971 ἀγνοίας
2706 3899 2855 3970 αἰτίᾳ⁸
2886 3898 2953 3951 τά
2992 3896 3214 3951 τοιαῦτα
3250 3896 3479 3966 γίνεται,
3532 3887 3642 3956 ἦτοι
3684 3893 3751 3973 “up

2215 3966 2515 4069 μὴέἰδέναι
2543 3994 2672 4048 πότε
2699 3993 2780 4046 δεῖ
2806 3966 3079 4045 κοινωνεῖν
3107 3992 3173 4060 τῇ
3211 3988 3448 4059 γαμετῇ,
3486 3981 3531 4033 εἰ
3559 3966 3748 4069 καθαρξ

2212 4064 2532 4163 έξνάφέδρου
2582 4088 2853 4160 τυγχάνει.
2904 4085 3048 4156 Πλὴν
3077 4084 3112 4138 ἃ
3143 4084 3477 4155 προείρηκας
3515 4072 3652 4163 πάθη
3697 4064 3748 4129 ἐξ

2212 4162 2446 4253 ἀγνοίας
2478 4181 2646 4244 ἐστὶν,
2681 4180 2743 4232 οὐ
2778 4178 2960 4250 μέντοι
3005 4178 3069 4229 ὲκ
3110 4175 3347 4246 πονηροῦ
3393 4162 3744 4253 εἰργασμένον.

2214 4247 2447 4347 Προσέτι
2481 4274 2536 4326 δὲ
2563 4273 2649 4338 δὺς
2677 4247 2872 4343 τὸνμὴ
2902 4268 3277 4340 ἁμαρτάνοντα
3314 4266 3406 4320 καὶ
3429 4259 3554 4313 λάϐε
3579 4254 3661 4347 τὸν
3684 4247 3747 4347 εξῆ

550 4354 792 4415 peracto.
822 4343 1072 4399 Concede
1104 4343 1326 4412 insuper
1354 4358 1460 4396 nun
1494 4349 1805 4411 peccantem
1835 4350 1890 4396 et
1929 4342 2111 4412 accipe

2217 4340 2510 4438 πάσχοντα,
2542 4367 2635 4420 καὶ
2664 4340 2812 4435 πρὸς
2826 4340 2887 4415 τδ
2923 4362 2996 4433 μὴ
3022 4360 3248 4431 πάσχειν
3271 4360 3365 4413 καὶ
3394 4354 3577 4411 ἄλλους
3608 4340 3749 4437 afri?"

555 4454 662 4490 non
692 4436 1002 4505 patientem,
1030 4442 1190 4503 atque
1216 4435 1378 4487 etiam
1409 4433 1546 4488 alios
1572 4434 1810 4503 patiendi
1841 4434 2110 4491 immunes

2216 4427 2544 4529 θεραπεῦσαι
2604 4427 2935 4524 δυναμένους
2984 4427 3235 4523 εὑρήσεις
3270 4451 3340 4502 ⁷⁵.
3385 4441 3584 4498 Αὐτίκα
3624 4427 3748 4532 Ϊοξν

551 4527 621 4581 ad
690 4523 743 4575 ei
804 4527 1145 4581 serviendum
1177 4532 1332 4594 aptos
1360 4525 1625 4579 invenies.
1666 4524 1911 4596 Exempli
1942 4529 2111 4597 gratia

2218 4523 2455 4621 Μωῦσῆς
2481 4549 2568 4603 διὰ
2596 4523 2873 4600 εὐσέϐειαν
2910 4543 3125 4615 ἀπαθὴς
3169 4542 3259 4596 τὸν
3298 4540 3471 4595 πάντα
3496 4532 3592 4600 τῆς
3618 4523 3749 4621 ζαξῆς

553 4619 764 4688 Moyses
796 4627 1013 4687 propter
1046 4619 1301 4687 pietatem
1344 4619 1513 4672 totius
1547 4620 1673 4672 vitae
1720 4628 1935 4688 tempus
1978 4635 2110 4674 con-

2214 4611 2474 4698 διετέλεσε
2504 4640 2714 4713 χρόνον,
2742 4640 2836 4693 καὶ
2881 4638 3007 4699 τοὺς
3052 4611 3380 4713 Αἰγυπτίους
3403 4627 3468 4682 δι’
3502 4611 3747 4693 ἁμαρτίας

552 4707 850 4762 summavit
881 4706 1009 4759 mali
1035 4720 1249 4777 expers,
1274 4714 1327 4760 et
1357 4704 1643 4776 Egyptios
1667 4706 1738 4761 ob
1767 4714 1987 4776 peccata
2016 4723 2112 4777 pa-
2216 4702 2732 4777 ﬁmnmmggmgc
2761 4732 2895 4777 [arm
3135 4702 3142 4704 ἡ
3362 4702 3371 4729 ’

552 4799 748 4855 tientes
775 4797 1025 4865 precibus
1054 4798 1285 4851 sanavit.

620 4864 807 4942 XXIII.
853 4887 989 4941 Tum
1035 4887 1269 4942 Simon:
1310 4886 1434 4943 Ilwc
1474 4889 1692 4958 quidem
1744 4889 1816 4945 ita
1856 4906 1975 4947 sese
2014 4892 2112 4947 ha-

2280 4886 2467 4943 XXIII.
2495 4888 2602 4941 Kal
2623 4888 2650 4940 6
2680 4886 2878 4957 Σίμων·
2899 4887 3080 4938 Ἔστω
3107 4885 3205 4956 μὲν
3225 4884 3391 4938 ταῦτα
3413 4874 3579 4932 οὕτως
3600 4864 3739 4964 ἔχεινῖ

553 4981 856 5036 bcant.$ed
881 4980 1220 5049 iuazqualitas
1252 4981 1393 5035 inter
1424 4953 1672 5035 homines
1701 4997 1881 5037 nonne
1907 4983 2001 5038 tibi
2032 4987 2113 5038 vi-

2211 4981 2285 5035 Οὑ
2319 4981 2463 5033 δοκεῖ
2507 4995 2586 5031 σοι
2631 4953 2933 5046 ἀδικωτάτη
2961 4977 2993 5048 ἡ
3027 4978 3084 5028 ὲν
3108 4953 3408 5046 ἀνθρώποις
3453 4953 3739 5049 ἀνωμαλίξῖ

553 5074 710 5127 detur
725 5070 1266 5141 injustissima?Alter
1280 5070 1424 5123 enim
1450 5070 1891 5138 mendicat,alter
1909 5072 2115 5128 divitiis

2217 5077 2314 5138 Ὃς
2358 5074 2459 5145 μὲν
2500 5072 2607 5143 γᾴρ
2642 5071 2880 5133 πένεται,
2923 5036 2993 5133 ’δέ
3020 5068 3074 5121 δὲ
3114 5036 3353 5130 πλόυτετ,
3379 5055 3535 5132 393
3559 5036 3741 5145 ut}:

554 5164 830 5229 abundat,
889 5162 1025 5216 alter
1075 5171 1336 5232 aegrotat,
1398 5162 1533 5217 alter
1591 5164 1758 5218 nimia
1809 5166 2115 5221 valetudine

2218 5125 2317 5232 μὲᾷ
2343 5125 2523 5225 ᾷοσεῖξ
2554 5125 2656 5217 ’,ἑαι
2704 5162 2785 5234 [ὃς
2813 5125 2893 5233 δὲ]
2944 5125 3197 5229 πιαίνει,
3228 5160 3321 5213 και
3342 5125 3350 5130 ⁷
3368 5125 3741 5246 ὁῖιῶςξῗισξῗῗέ

554 5255 774 5318 fruitur,
798 5263 850 5307 et
870 5267 991 5324 qua;
1012 5230 1322 5322 liujusrnodi
1348 5254 1760 5309 innumerabilia
1784 5256 1839 5309 in
1875 5256 2109 5309 humana

2213 5230 2333 5313 τινα
2384 5257 2552 5329 μυρία
2581 5257 2640 5308 ὲν
2670 5230 2748 5327 τῷ
2789 5230 3109 5326 ἀνθρωπίνῳ
3157 5252 3273 5325 βίῳ.
3318 5246 3425 5303 Καὶ
3471 5242 3499 5294 ὁ
3526 5230 3707 5298 Πέτρος

2216 4734 2522 4805 πάσχοντας
2548 4733 2732 4802 εὐχαῖς
2761 4732 2895 4784 ἰᾶτο.

627 5399 653 5427 ⁸
691 5386 850 5442 Joan.
876 5404 951 5454 ιχ,
979 5388 1035 5453 2,
1067 5387 1121 5441 '5.

1819 5504 2053 5559 VARUE
2083 5500 2476 5558 LECTIONES.

628 5597 670 5668 ξ’
701 5598 854 5668 όρμῶ
885 5600 945 5651 0.
1020 5597 1065 5629 ’θ
1092 5596 1151 5650 τό
1182 5598 1241 5668 0.
1317 5596 1362 5628 '“
1404 5596 1468 5650 ἂν
1492 5592 1543 5649 εἶ
1574 5599 1968 5667 (subnotatum)
1999 5594 2149 5668 εἶμεν
2183 5600 2242 5652 0.
2348 5598 2394 5632 ⁷³
2430 5594 2584 5664 λέγον
2619 5594 2741 5667 (sic)
2767 5591 2830 5650 Ο.
2904 5594 2951 5628 ⁷³
2990 5612 3047 5650 εν
3074 5594 3277 5664 absque
3305 5586 3492 5663 spiritu
3532 5572 3573 5631 ο
3598 5607 3613 5634 ι

560 5666 680 5723 dein
727 5666 1005 5738 ἐγεννήθη.
1102 5669 1147 5699 ⁷⁸
1179 5666 1342 5740 εὓρης
1393 5668 1433 5721 0
1462 5706 1477 5733 ,
1523 5668 1615 5738 qui
1643 5668 1765 5724 dein
1798 5669 1883 5723 διό
1908 5686 1959 5741 p.
1996 5666 2100 5722 διά.

3653 5554 3729 5630 qui
