4022 6336
324 327 437 381 8-ιὸ

1358 321 1815 378 CLEMENTINA.
1840 351 1907 362 -—-
1934 319 2213 375 HOMILIA
2254 318 2393 375 XIX.

3472 325 3574 380 656

320 444 401 498 Οὐ
456 443 708 513 συνορᾷς,
734 436 778 493 ὦ
814 441 1012 514 Σίμων,
1046 444 1127 496 ὅτι
1165 443 1325 498 πάλιν
1375 444 1530 507 ἐκτὸς
1574 441 1667 496 τοῦ
1704 458 1875 495 σκοποη

1975 489 1977 495 ,
2011 440 2117 495 vita
2161 442 2508 511 reperiuntur
2538 440 2663 494 alia.
2698 438 2761 493 Et
2792 438 2985 493 Petrus
3014 459 3025 494 ι
3057 437 3246 495 Nonne
3288 440 3456 503 vides.
3491 443 3573 496 Si-

317 536 450 598 τοὺς
508 535 699 603 λόγους
770 535 1046 605 πέμπεις;
1098 536 1233 607 Περὶ⁷
1302 535 1537 606 πονηροῦ
1589 534 1696 605 γὰρ
1746 532 1901 603 ἡμῶν

314 627 742 699 διαλεγομένων,
777 628 839 682 σὺ
891 630 1164 701 ἐκτροπὴν
1212 629 1443 698 ποιήσας
1490 628 1617 698 περὶ
1657 625 1767 680 τῶν
1812 624 1899 677 δο·

316 722 564 775 κούντων
599 722 965 792 ἀτοπημάτων
988 722 1079 775 τὸν
1113 722 1269 790 λόγον
1300 720 1593 792 είσῃγὴσω.
1629 719 1776 791 Πλὴν
1807 719 1900 771 καὶ

312 816 403 877 είς
444 813 577 867 αὑτό
622 813 753 885 ἐρῶ.
790 813 846 866 '0
876 813 1077 885 κόσμος
1104 813 1330 885 ὄργανόν
1355 815 1475 866 ἐστι
1513 809 1775 881 τεχνικῶς
1803 825 1897 877 γε-

311 906 478 973 γονὸς
498 907 567 970 ’³,
602 906 689 958 ἵνα
718 905 797 977 τῷ
845 907 1089 977 ἐσομένῳ
1138 907 1326 978 ἄρρενι
1358 902 1590 966 αἱωνίως
1631 904 1663 972 ἡ
1709 900 1898 972 θήλεια

308 999 476 1069 τίκτῃ
505 997 747 1060 δικαίους
778 998 1028 1060 αἰωνίους
1055 996 1226 1059 υἱούς.
1273 996 1387 1048 Οὑκ
1430 994 1681 1047 ἐδύναντο
1720 991 1776 1043 δὲ
1805 992 1895 1044 εὑ-

310 1089 545 1153 σεϐεῖς⁷⁶
562 1089 798 1143 ἐνταῦθα
822 1088 1263 1160 ἀποτελεσθῆναι,
1290 1089 1336 1141 εί
1364 1088 1435 1158 μὴ
1461 1082 1599 1156 ἦσαν
1625 1086 1675 1137 οί
1702 1083 1897 1147 ἐνδεεῖς

305 1178 397 1245 οἷς
437 1183 911 1253 ἐπικουρήσουσιν.
954 1180 1186 1251 Ὁμοίως
1227 1198 1285 1233 τε
1333 1181 1427 1233 καὶ
1462 1177 1548 1230 διά
1594 1175 1752 1229 τοῦτο
1790 1175 1895 1227 εἰσὶ

306 1274 408 1326 καὶ
430 1274 734 1337 νοσοῦντες,
761 1266 835 1325 ὧν
862 1273 1268 1344 προνοήσουσιν.
1294 1271 1403 1323 Καὶ
1429 1269 1499 1321 τά
1542 1267 1667 1338 ἑξῆς
1706 1265 1894 1319 τοῦτον

303 1367 565 1437 περιέχει
595 1366 685 1419 τὸν
727 1367 905 1433 λόγον.
937 1366 1043 1417 Καὶ
1071 1368 1098 1417 6
1120 1363 1327 1434 Σίμων’
1378 1361 1583 1415 Οὑκοῦν
1628 1360 1893 1430 ὴτύχηται

301 1460 423 1519 τοῖς
453 1458 758 1523 ταπεινοῖς;
791 1457 933 1527 Πρὸς
962 1457 1070 1527 γὰρ
1094 1456 1155 1509 τὸ
1190 1453 1612 1523 ἀποτελεσθῆναι
1654 1453 1893 1515 δικαίους

303 1548 468 1600 αὑτοὶ
512 1546 927 1617 κακουχοῦνται.
979 1548 1087 1600 Καὶ
1131 1549 1159 1600 6
1193 1546 1425 1618 Πέτρος·
1455 1547 1519 1599 Εἰ
1558 1541 1626 1615 ἦν
1678 1542 1893 1608 αἰώνιος

301 1638 639 1702 ταπείνωσις
691 1638 901 1702 αὐτῶν,
950 1639 1146 1709 ἀτυχία
1196 1639 1261 1691 ἂν
1310 1634 1379 1709 ἦν
1432 1638 1681 1709 μεγίστη.
1733 1635 1891 1689 Ἀλλά

305 1734 445 1805 πρὸς
468 1734 547 1805 τῷ
575 1734 760 1806 κλήρῳ
782 1735 849 1788 τὰ
876 1734 1261 1807 ταπεινώματα
1284 1736 1376 1789 καὶ
1404 1734 1669 1805 ὑψώματα
1692 1732 1890 1803 ἀνθρώ-
1919 1783 1961 1837 Β

304 1843 433 1889 ποις
468 1826 678 1895 γίνεται
699 1868 713 1882 .
753 1822 821 1899 ᾯ
858 1828 902 1881 δ’
928 1828 993 1881 ἂν
1022 1830 1094 1900 μὴ
1141 1829 1351 1902 ἀρέσκῃ
1377 1831 1405 1883 6
1430 1828 1651 1899 κλῆρος,
1683 1826 1885 1895 ἔνεστιν

303 1919 587 1990 ἐκκλήτως
630 1920 972 1991 χρησάμενον
1020 1921 1113 1974 καὶ
1156 1921 1401 1991 νομίμως
1441 1919 1885 1989 διαδικασάμενον

300 2011 393 2062 τὸν
418 2011 510 2063 ὑπ’
541 2011 706 2064 αὑτοῦ
736 2010 1036 2076 ὑπαλλάξαι
1068 2012 1201 2083 βίον.
1236 2014 1344 2065 Καὶ
1369 2014 1396 2067 ὀ
1426 2012 1641 2083 Σίμων·
1677 2011 1773 2074 Τίς
1797 2006 1884 2064 οὑ-

301 2119 394 2165 τος
421 2104 452 2155 ὀ
494 2101 715 2173 κλῆρος,
748 2104 841 2157 καὶ
889 2103 1181 2175 έκκλῃτος;
1223 2105 1331 2156 Kal.
1374 2106 1403 2156 6
1445 2104 1680 2175 Πέτρος·
1712 2102 1883 2155 Τοῦτο

300 2194 490 2263 ἐτέρου
533 2194 691 2262 λόγου
739 2196 997 2267 ἐξήγησις
1032 2198 1197 2249 ἐστιν.
1240 2197 1386 2264 Πλὴν
1420 2195 1514 2249 ἐὰν
1562 2194 1878 2265 ἐπι-τρέψῃς,

297 2283 465 2348 δεῖξαί
495 2302 577 2338 σοι
606 2286 902 2357 δυνάμεθα,
943 2287 1058 2349 πῶς
1087 2286 1471 2357 ἀναγεννηθεὶς
1508 2288 1601 2339 καὶ
1642 2288 1741 2357 τὴν
1784 2286 1879 2354 γέιο

298 2393 445 2429 νεσιν
475 2377 788 2445 ὑπαλλάξας
829 2380 923 2432 καὶ
951 2378 1196 2451 νομίμως
1234 2378 1435 2450 βιώσας
1460 2378 1679 2433 αἰωνίου
1715 2378 1876 2452 τεύξῃ

300 2469 597 2540 σωτηρίας.
698 2494 715 2505 ι

364 2670 551 2727 XXIV.
596 2674 707 2727 Kal.
742 2676 771 2728 6
814 2674 996 2745 Σίμων
1026 2673 1215 2728 ’ταῦτα
1268 2674 1507 2739 ἀκούσας
1549 2674 1686 2744 ἔφη’
1728 2674 1873 2746 Μήτι

2004 550 2163 597 mon,
2213 544 2265 588 te
2309 535 2503 588 iterum
2540 542 2691 587 extra
2736 533 3076 602 propositum
3127 548 3407 588 sermones
3450 535 3574 587 mit-

2002 627 2149 681 tere?
2194 624 2362 697 Nobis
2408 626 2553 679 enim
2591 625 2657 679 de
2703 625 2847 678 malo
2894 624 3354 694 colloquentibus,
3390 624 3571 695 digre-

1998 717 2155 771 diens
2184 717 2632 785 disceptationem
2664 716 2730 771 de
2762 716 2827 770 iis
2856 725 2910 769 tu
2955 716 3274 782 introducis,
3317 732 3437 787 qua:
3466 716 3567 770 sibi

2000 807 2377 862 contradicere
2408 808 2678 862 videntur.
2705 804 3072 862 Nihilominus
3090 808 3183 861 tibi
3207 808 3561 878 respondebo.

2003 898 2238 956 Mundus
2270 912 2353 955 est
2382 917 2521 970 opus
2552 902 2846 956 artificiose
2884 900 3110 967 factum,
3137 910 3196 955 ut
3236 902 3479 957 masculo
3512 902 3565 956 in

1996 1004 2259 1048 aeternum
2282 992 2467 1048 futuro
2485 993 2683 1049 femina
2703 996 3062 1065 pariatjustos
3076 1011 3139 1049 ac
3154 1004 3385 1049 aeternos
3404 995 3563 1049 filios.

1996 1085 2067 1139 At
2094 1086 2167 1155 pii
2196 1086 2285 1141 hic
2308 1086 2373 1140 ad
2396 1085 2784 1155 perfectionem
2824 1087 3009 1141 venire
3042 1100 3147 1139 non
3186 1092 3434 1155 possent,
3458 1086 3564 1140 nisi

1995 1192 2261 1246 pauperes
2285 1178 2644 1243 exsisterent,
2670 1178 2870 1247 quibus
2905 1179 3170 1232 auxilium
3220 1177 3443 1232 ferrent.
3480 1176 3566 1231 Si-

1995 1268 2109 1322 mili
2142 1270 2301 1324 modo
2323 1278 2376 1323 et
2400 1278 2724 1339 aegrotantes
2747 1270 2966 1336 adsunt,
2992 1270 3191 1340 quibus
3223 1271 3560 1339 provideant.

1993 1360 2062 1415 Et
2105 1376 2171 1415 eo
2204 1370 2453 1431 spectant
2485 1362 2714 1430 reliqua.
2762 1359 2901 1414 Tum
2939 1359 3127 1415 Simon
3169 1379 3182 1415 :
3223 1361 3365 1427 Quid
3410 1377 3561 1433 ergo,

1993 1469 2259 1523 pauperes
2295 1469 2476 1508 nonne
2506 1454 2750 1508 infelices
2793 1454 2954 1508 sunt?
2982 1452 3120 1508 Male
3165 1455 3423 1509 nimirum
3468 1472 3563 1525 pa-

1994 1547 2223 1609 tiuntur,
2258 1556 2314 1600 ut
2343 1547 2475 1615 justi
2518 1548 2584 1600 ad
2638 1545 3025 1616 perfectionem
3074 1548 3313 1603 veniant.
3353 1546 3418 1601 Et
3460 1546 3562 1602 Pe-

1991 1648 2109 1693 trus
2147 1655 2161 1692 :
2199 1636 2256 1692 Si
2299 1653 2488 1692 eorum
2546 1638 2829 1694 humilitas
2870 1647 3016 1693 esset
3056 1651 3277 1703 :eterna,
3327 1640 3560 1694 infortu-

1991 1731 2140 1783 nium
2173 1740 2319 1785 esset
2349 1730 2665 1784 maximum.
2699 1730 2803 1784 Sed
2833 1731 3236 1785 humiliationes
3274 1740 3327 1784 et
3354 1732 3561 1785 exalta-

1992 1821 2166 1876 tiones
2221 1821 2531 1875 hominibus
2578 1831 2725 1876 sorte
2774 1822 3169 1877 attribuuntur.
3220 1822 3320 1877 Cui
3371 1833 3553 1877 autem

1986 1929 2108 1969 sors
2146 1929 2253 1967 non
2288 1915 2481 1982 placet,
2516 1914 2593 1968 illi
2634 1914 2759 1968 licet
2790 1914 2978 1979 vitam,
3022 1931 3127 1984 qua
3160 1916 3329 1971 electa
3364 1916 3554 1979 utitur,

1983 2014 2129 2059 recte
2156 2005 2506 2073 dijudicatam
2534 2022 2630 2076 per
2652 2006 3003 2075 semetipsum
3031 2016 3389 2063 commutare.
3415 2006 3551 2061 Tum

1985 2097 2211 2153 Simon:
2244 2096 2502 2163 Quaenam
2528 2107 2611 2157 est
2643 2100 2731 2153 illa
2761 2115 2901 2164 sors,
2929 2109 2982 2154 et
3006 2115 3068 2153 ea
3096 2100 3315 2170 quidem
3348 2101 3557 2155 electa?

1981 2189 2049 2244 Et
2101 2189 2333 2245 Petrus:
2376 2190 2489 2245 Hoc
2541 2192 2681 2245 alius
2727 2192 3128 2261 disquisitiouis
3171 2204 3551 2263 argumentum

1979 2293 2081 2339 est.
2112 2281 2533 2349 Verumtamen,
2581 2285 2625 2340 si
2665 2300 2773 2339 non
2822 2287 3083 2353 vetueris,
3130 2286 3227 2340 tibi
3264 2287 3551 2342 ostendere

1977 2390 2291 2445 possumus,
2315 2376 2592 2444 quomodo
2614 2378 2964 2446 generatione
2990 2389 3323 2434 commutata
3351 2379 3548 2433 iterum

1978 2476 2139 2523 natus
2180 2477 2237 2522 tu
2281 2476 2427 2523 recte
2474 2468 2707 2523 vivendo
2737 2479 2995 2524 aeternam
3030 2470 3266 2525 salutem
3318 2470 3548 2541 adipisci

1976 2560 2178 2615 valeas.

2045 2650 2237 2707 XXIV.
2278 2650 2487 2719 Quibus
2516 2652 2716 2707 auditis
2747 2650 2934 2706 Simon
2962 2654 3283 2723 respondit:
3311 2654 3392 2709 An
3430 2671 3539 2709 non

293 2763 538 2834 νομίσῃς,
592 2763 668 2827 ὡς
718 2741 904 2835 ἐπειδῆ
960 2765 1041 2827 είς
1088 2763 1317 2817 ἕκαστον
1368 2741 1663 2831 κεφάλαιον
1696 2741 1873 2831 ζητῶν

1975 2741 2257 2816 intelligis,
2302 2745 2578 2815 quomodo
2620 2746 2959 2815 capitulatim
3013 2745 3328 2815 disquirens
3355 2748 3450 2802 tibi
3477 2750 3545 2803 ad

294 2853 402 2926 [σε]
422 2855 776 2927 συνετιθέμην
798 2856 873 2919 ὡς
890 2856 995 2927 πλη
1004 2856 1395 2927 ροφορούμενος
1418 2854 1502 2924 ἐφ’
1516 2852 1873 2925 θθάἐτερον

1975 2839 2284 2907 proximum
2341 2839 2711 2908 progredienti
2769 2848 2934 2908 caput
2986 2840 3359 2893 consenserim
3386 2842 3543 2909 quasi

297 2947 592 3017 ἐρχόμενον
684 2948 1022 3017 κεφάλαιον;
1071 2949 1185 3002 ἀλλ’
1261 2946 1482 3016 ἀγνοίας
1562 2962 1643 2997 σοι
1710 2944 1771 2997 τὸ
1824 2944 1868 2975 ⁷⁷

1975 2929 2319 2987 satisfactus?
2387 2931 2491 2986 Sed
2543 2931 2665 2986 dedi
2717 2931 3063 2985 occasionem
3119 2930 3388 2985 inscitiam
3449 2933 3541 2987 tibi

292 3041 572 3095 πείθεσθαι
621 3044 902 3113 παρεῖχον,
939 3042 1025 3095 ἴνα
1063 3043 1151 3095 ἐπ’
1184 3040 1311 3096 ἀλλο
1356 3039 1514 3112 ἔλθῃς
1555 3036 1865 3107 κεφάλαιον,

1975 3022 2356 3091 persuadendi,
2389 3032 2449 3078 ut
2489 3025 2552 3078 ad
2581 3024 2727 3079 aliud
2757 3023 3053 3094 capitulum
3080 3038 3404 3094 progressus
3433 3034 3543 3079 tnta

291 3136 437 3198 ὅπως
491 3136 674 3207 πάσης
716 3135 939 3204 ἀγνοίας
978 3153 1071 3189 σου
1129 3132 1314 3205 μαθὼν
1362 3133 1435 3204 μὴ
1481 3128 1870 3202 στοχαζόμενος

1976 3114 2284 3187 ignorantia
2329 3127 2421 3172 tua
2477 3118 2692 3187 cognita
2749 3132 2858 3169 non
2910 3116 3229 3186 coniectans
3259 3126 3309 3170 te
3338 3116 3542 3185 dijudi-

292 3226 686 3295 καταγινώσκω
721 3244 834 3281 σου.
907 3226 1065 3279 Ἀλλά
1116 3224 1736 3297 πεπληροφορημέ[νων]
1776 3226 1869 3279 νῦν

1975 3224 2112 3264 cem.
2145 3207 2250 3263 Sed
2276 3219 2387 3264 tres
2416 3226 2539 3264 cum
2583 3210 2695 3280 jam
2737 3210 3095 3281 przcterierint
3138 3210 3276 3276 dies,
3325 3226 3539 3264 mecum

291 3319 387 3389 ἥδη
417 3320 467 3357 ⁷⁸
514 3318 680 3389 τριῶν
732 3318 955 3389 ἡμερῶν
1005 3334 1094 3387 μοι
1145 3314 1513 3387 συγχώρησον,
1563 3317 1655 3368 καὶ
1702 3316 1868 3369 ἐλθὼν

1975 3299 2177 3355 dissere
2198 3311 2251 3356 et
2278 3302 2645 3357 continuando
2670 3318 2771 3371 ego
2801 3303 3081 3356 ostendam
3133 3311 3185 3356 te
3213 3302 3347 3356 nihil
3378 3302 3537 3356 scire.

288 3408 441 3473 δείξω
478 3426 537 3461 σε
569 3408 736 3479 μηδὲν
783 3408 977 3461 εἰδότα.
1023 3406 1206 3460 Ταῦτα
1228 3406 1322 3459 τοῦ
1357 3406 1596 3477 Σίμωνος
1621 3408 1866 3470 εἰπόντος

1975 3391 2095 3448 Haec
2130 3409 2253 3448 cum
2280 3392 2467 3448 Simon
2511 3395 2724 3449 locutus
2751 3404 2895 3448 esset
2922 3401 2974 3446 et
3001 3393 3151 3447 exire
3174 3394 3353 3458 vellet,
3384 3403 3541 3463 pater

288 3501 379 3553 καὶ
421 3500 621 3565 ἐξιέναι
679 3499 961 3570 μέλλοντος
998 3500 1026 3552 6
1071 3496 1201 3569 ἐμὸς
1245 3497 1348 3566 ἔφη
1392 3499 1603 3569 πατήρ·
1654 3498 1866 3569 Βραχέα

1975 3500 2125 3541 meus
2177 3487 2355 3541 dixit:
2400 3485 2685 3541 Paululum
2750 3502 2837 3541 me
2898 3487 3169 3549 ausculta,
3235 3488 3443 3552 Simon,
3484 3495 3541 3541 et

290 3611 409 3664 μου,
447 3594 650 3664 Σίμων,
709 3592 1038 3658 ἐπακούσας,
1088 3591 1163 3655 ῶς
1210 3609 1290 3644 σοι
1345 3593 1496 3661 φίλον
1545 3594 1710 3657 ἐστὶν,
1764 3612 1863 3647 πο-

1975 3584 2177 3645 postea,
2223 3576 2268 3632 si
2307 3577 2477 3642 Iubet,
2506 3576 2863 3646 proficiscere.
2913 3576 3131 3631 Memini
3164 3585 3215 3631 te
3244 3578 3399 3631 initio
3424 3578 3540 3633 dis-

290 3684 466 3756 ρεύου.
513 3685 832 3756 Μέμνημαι,
870 3684 943 3748 ὡς
978 3684 1079 3755 τὴν
1116 3685 1288 3756 ἀρχὴν
1316 3685 1420 3756 πρὸ
1444 3686 1542 3756 τῆς
1567 3685 1860 3758 ζητήσεως,

286 3776 360 3839 ὼς
407 3778 577 3846 μήπω
622 3776 816 3847 πεῖράν
863 3794 963 3846 μου
991 3775 1189 3839 λαϐὼν,
1218 3777 1517 3847 προλήψεις
1567 3795 1668 3848 μου
1704 3776 1864 3830 κατέα-

286 3883 466 3937 φερες.
525 3866 635 3919 Καὶ
658 3866 752 3919 νῦν
773 3867 830 3920 δὲ
869 3866 1179 3937 ἐπαλλήλως
1202 3866 1438 3930 ἀκούσας
1462 3867 1560 3938 τῆς
1586 3866 1863 3939 ζητήσεως

284 3960 377 4011 καὶ
400 3959 604 4030 Πέτρον
630 3959 676 3991 ⁷⁸
700 3962 758 4011 ἐν
796 3960 1038 4030 ὑπεροχῇ
1094 3959 1256 4026 γνοὺς
1302 3960 1397 4012 καὶ
1440 3959 1587 4031 αὑτῷ
1620 3959 1682 4012 τὸ
1730 3960 1862 4029 ἀλη-

283 4053 459 4107 θεύειν
496 4052 590 4106 νῦν
634 4053 776 4118 δοὺς,
816 4053 869 4105 τί
918 4071 999 4106 σοι
1047 4052 1305 4124 φαίνομαι
1337 4053 1513 4126 ὀρθῶς
1545 4054 1749 4125 κρίνειν
1780 4056 1859 4107 εί-

279 4144 404 4209 δὼς,
434 4144 468 4216 ἢ
502 4143 564 4197 οὑ
593 4162 608 4210 ;
644 4145 708 4197 Et
754 4144 852 4215 μὲν
894 4144 1003 4214 γὰρ
1046 4143 1221 4215 ὀρθῶς
1278 4144 1537 4216 κρίναντά
1571 4162 1637 4216 με
1672 4146 1856 4216 φαίης,

282 4236 356 4307 μὴ
410 4236 599 4307 συνθῇ,
660 4237 747 4289 ἵνα
806 4236 879 4307 μὴ
935 4237 1098 4309 φαίνῃ
1137 4238 1181 4270 ⁸ο
1233 4237 1859 4308 προειλημμένος,ὀκαὶ

284 4330 419 4401 μετά
463 4328 751 4399 ὁμολογίαν
794 4330 968 4399 ἥττων
993 4328 1039 4361 ⁸¹
1092 4329 1376 4383 συνθέσθαι
1430 4330 1503 4401 μὴ
1552 4329 1739 4383 θέλων.
1792 4332 1856 4385 Εἰ

278 4424 322 4477 δ’
352 4424 461 4495 ἄρα
486 4423 560 4495 μὴ
591 4421 765 4492 ὀρθῶς
788 4421 880 4474 τὸν
905 4422 1111 4492 Πέτρον
1138 4423 1194 4474 ὲν
1242 4422 1480 4491 ὑπεροχῇ
1536 4421 1635 4490 τῆς
1690 4421 1854 4495 ζητή-
1885 4463 1928 4516 D

279 4533 413 4579 σεως
468 4514 865 4585 ἀπεφαινόμην,
897 4515 959 4567 σὺ
992 4516 1137 4585 ἡμᾶς
1172 4518 1380 4579 πεῖσον,
1409 4514 1526 4578 πῶς
1551 4516 1651 4569 οὐκ
1674 4516 1850 4586 ὀρθῶς

276 4606 585 4677 ἐκρίναμεν,
612 4606 644 4677 ἢ
669 4605 763 4658 τοῦ
786 4603 965 4676 ζητεῖν
998 4604 1147 4675 αὑτῷ
1171 4605 1263 4658 ἐπὶ
1292 4606 1507 4661 πάντων
1537 4607 1609 4679 μὴ
1636 4610 1847 4682 παύσῃ,

274 4702 393 4755 ἐπεὶ
423 4702 574 4755 ἔσται
604 4718 685 4755 σοι
719 4700 977 4753 ἑκάστοτε
1016 4700 1313 4772 ἡττωμένῳ
1337 4701 1433 4754 καὶ
1458 4702 1843 4774 συντιθεμένῳ.

273 4790 343 4841 Ἢ
366 4788 507 4842 δὲτὸ
530 4789 789 4842 αἰδεῖσθαι
814 4789 956 4859 ἔχεις
985 4789 1092 4841 ἀπὸ
1143 4790 1357 4843 πάντων
1407 4791 1515 4844 τῶν
1564 4792 1847 4863 ἀκροατῶν

270 4883 389 4935 ἀντὶ
424 4881 685 4953 μεγίστης
709 4880 978 4953 τιμωρίας
1006 4882 1535 4953 καταγινωσκομένῳ
1564 4883 1658 4935 καὶ
1684 4885 1848 4956 ἀσχη-

274 4973 523 5043 μονοῦντι
556 4973 661 5026 ὑπὸ
689 4972 1043 5044 συνειδήσεως
1065 4973 1113 5003 ⁸¹
1138 4972 1234 5044 τὴν
1278 4974 1500 5027 σεαυτοῦ
1532 4974 1715 5043 ἀλγεῖν
1743 4977 1846 5047 ψυ-

270 5065 403 5133 χήν’
438 5062 500 5115 τὸ
528 5063 637 5135 γὰρ
674 5064 987 5134 νενικῆσθαι
1032 5064 1177 5135 ἔργῳ
1210 5065 1443 5135 εἴδομεν,
1470 5066 1560 5118 τὸν
1586 5066 1641 5120 δὲ
1677 5069 1847 5138 ἐπαγ-

270 5155 590 5226 γελλόμενόν
632 5173 726 5208 σου
752 5154 907 5224 λόγον
930 5155 1259 5225 ἠκούσαμεν.
1291 5156 1471 5227 Πέρας
1496 5158 1625 5225 γοῦν
1649 5160 1747 5212 οὑκ
1772 5159 1847 5214 ol-

271 5264 387 5316 μαι,
444 5248 505 5300 σὲ
539 5249 631 5301 ἐπὶ
653 5248 752 5320 τὴν
779 5246 1003 5319 ζήτησιν
1044 5247 1204 5317 395
1232 5248 1433 5312 ἐλθεῖν,
1467 5250 1541 5314 ὠς
1568 5251 1838 5324 ὑπέσχου,

268 5336 402 5389 ἀλλά
436 5338 570 5408 πρὸς
598 5338 676 5409 τῷ
706 5338 883 5391 δοκεῖν
916 5336 991 5407 μὴ
1018 5337 1291 5391 αἰτιᾶσθαι
1313 5340 1359 5371 ⁸³
1407 5339 1565 5406 ἐξιὼν
1611 5342 1839 5396 ἐπανελ-

268 5426 379 5480 θεῖν
410 5428 717 5499 ὑπέσχῃσαι
740 5429 804 5482 ⁸⁵.

1966 3668 2290 3738 putationis,
2342 3668 2499 3738 quasi
2572 3684 2657 3723 me
2699 3683 2807 3722 non
2854 3668 3202 3738 cognoveris,
3247 3670 3539 3724 divinatio-

1964 3777 2062 3816 nes
2122 3776 2271 3815 meas
2319 3760 2732 3828 contempsisse.
2804 3759 2906 3814 Sed
2975 3761 3087 3829 jam
3133 3776 3257 3814 cum
3314 3762 3538 3816 alterius

1961 3858 2132 3927 partis
2187 3855 2625 3925 disquisitionem
2682 3855 3005 3920 audiverim,
3036 3865 3249 3911 rectene
3293 3856 3388 3910 tibi
3419 3865 3535 3909 sta-

1962 3961 2114 4005 tuere
2144 3949 2333 4004 videor
2366 3965 2441 4003 an
2465 3964 2596 4013 non,
2646 3949 2693 4004 si
2719 3948 2939 4003 Petrum
2971 3949 3378 4018 tesuperiorem
3412 3963 3533 4003 cre—

1959 4041 2215 4107 diderim,
2257 4055 2492 4109 eumque
2518 4054 2707 4093 verum
2759 4039 2941 4094 dicere
2980 4040 3242 4094 confitear
3271 4040 3294 4093 ?
3324 4038 3380 4093 Si
3406 4040 3530 4109 qui-

1959 4131 2081 4187 dem
2126 4140 2271 4186 recte
2316 4146 2403 4185 me
2450 4145 2671 4186 censere
2713 4130 2876 4198 dicis,
2925 4132 3035 4185 noli
3084 4132 3308 4201 pacisci,
3357 4148 3422 4186 ne
3446 4132 3530 4185 vi-

1961 4224 2145 4279 dearis
2193 4222 2445 4293 quamvis
2492 4234 2903 4293 praeoccupatus
2948 4224 3029 4278 vel
3082 4240 3148 4278 ex
3179 4240 3446 4279 consensu
3478 4233 3533 4278 et

1957 4314 2134 4370 victus
2178 4314 2324 4370 nolle
2379 4313 2695 4369 concedere.
2754 4314 2851 4369 Sin
2889 4313 3108 4369 Petrum
3168 4315 3220 4369 in
3275 4316 3530 4385 disputa-

1958 4409 2106 4464 tione
2145 4408 2479 4478 superiorcm
2519 4422 2641 4461 esse
2681 4423 2790 4461 non
2818 4416 2963 4463 recte
3008 4409 3382 4475 ostendebam,
3411 4424 3532 4478 per-

1956 4501 2124 4556 suade
2155 4501 2334 4567 nobis,
2387 4499 2663 4570 quomodo
2694 4516 2801 4553 non
2832 4509 2976 4556 recte
3004 4502 3405 4564 censuerimus,
3436 4509 3531 4555 aut

1958 4594 2069 4648 noli
2105 4609 2323 4649 cessare
2360 4609 2392 4647 a
2431 4594 2815 4663 disquisitione
2861 4608 3043 4648 coram
3092 4593 3370 4657 omnibus,
3397 4610 3523 4647 eum

1955 4686 2053 4741 tibi
2111 4686 2436 4741 alterutrum
2491 4687 2692 4757 eligere
2741 4684 2925 4739 licebit
2958 4693 3093 4744 .aut
3136 4686 3383 4754 superari
3433 4695 3529 4739 aut

1953 4793 2303 4849 componere.
2352 4778 2455 4833 Sed
2490 4788 2546 4832 tu
2590 4777 2823 4832 fortasse
2864 4776 3068 4846 pudere
3115 4790 3301 4829 coram
3347 4776 3528 4829 omni-

1954 4875 2057 4929 bus
2106 4873 2451 4929 auditoribus
2504 4871 2799 4926 maximam
2849 4878 3011 4940 putas
3067 4884 3284 4939 pcenam
3315 4868 3385 4930 ei,
3430 4870 3523 4939 qui

1953 4968 2283 5038 dijudicatus
2308 4976 2409 5031 est,
2440 4965 2567 5038 quia
2606 4973 2785 5033 partes
2822 4962 2963 5017 male
2990 4964 3179 5029 egerit;
3208 4971 3261 5015 et
3289 4978 3355 5016 ex
3387 4975 3525 5015 con-

1953 5060 2183 5117 scientia
2211 5059 2455 5113 dolorem
2507 5056 2778 5125 patiatur;
2808 5070 2932 5110 nam
2978 5056 3180 5110 victum
3210 5062 3261 5108 te
3288 5067 3410 5107 esse
3465 5068 3523 5107 rc

1953 5155 2069 5223 ipsa
2101 5153 2330 5218 scimus,
2364 5167 2489 5206 cum
2519 5149 2821 5204 orationem
2854 5165 2884 5203 a
2927 5159 2977 5204 te
3006 5152 3269 5218 prolatam
3299 5145 3521 5199 audive—

1952 5245 2146 5299 rimus.
2195 5242 2459 5298 Praeterea
2518 5256 2736 5313 quoque
2803 5258 2910 5297 non
2964 5243 3127 5295 credo
3180 5250 3230 5295 te
3302 5238 3519 5292 venisse

1950 5337 2017 5393 ad
2044 5336 2492 5407 disputationem,
2518 5335 2973 5407 quemadmodum
3004 5334 3335 5405 promiseras
3354 5373 3369 5398 ,
3395 5331 3512 5396 sed,

1950 5447 2019 5486 ne
2060 5429 2333 5501 arguat-is,
2361 5429 2664 5484 rediturum
2702 5440 2754 5483 te
2782 5428 2968 5483 exiens
2992 5424 3310 5499 promisisti.

1533 5548 1763 5604 VARIA‘]
1802 5549 2206 5607 LECTIONES.

336 5634 388 5711 ’ξ
417 5636 652 5711 γεγονώς
680 5636 740 5688 0.
782 5635 924 5711 "Aha
958 5639 1121 5711 scrib.
1147 5648 1336 5711 monet
1366 5643 1719 5699 amanuensis
1753 5644 1958 5697 codicis
1989 5641 2034 5697 Ο
2080 5644 2133 5698 in
2164 5643 2430 5711 margine,
2461 5642 2677 5705 ἀσεὸεἰς
2711 5642 2762 5695 in
2785 5654 2950 5699 textu.
2994 5644 3038 5675 ⁷⁷
3076 5641 3169 5696 τοῦ
3206 5646 3266 5696 0.
3344 5641 3389 5673 ⁷⁸
3417 5638 3510 5711 νῦν

262 5700 320 5789 δέ
353 5700 439 5789 0‘.“
492 5700 782 5789 "nrrézpoi
878 5748 891 5771 ,
912 5710 1002 5778 qui
1026 5710 1225 5789 deinde
1250 5712 1341 5789 καὶ
1363 5713 1506 5789 τίᾼρ.
1540 5714 1612 5767 τί.
1762 5714 1865 5789 ἰένα-
1884 5712 1958 5785 μὴ
1992 5714 2159 5789 φαίνῃ
2195 5700 2317 5771 dedi
2340 5700 2761 5783 exconjectura
2788 5714 2877 5786 ,δὲ
2914 5718 2977 5770 σὺ
3012 5714 3178 5789 φαίνῃ
3210 5716 3269 5767 0.
3348 5713 3389 5745 ⁸¹
3415 5706 3510 5784 ἦτ-

263 5787 360 5825 ταν
391 5775 453 5829 0.
524 5775 571 5807 ⁸²
605 5775 997 5853 συνειδῃὰσεως
1018 5781 1077 5833 Ο.
1157 5780 1203 5812 ⁸³
1244 5775 1509 5836 αἰτεῖσθαι
1545 5789 1605 5838 0.
1686 5784 1731 5816 δ”
1766 5775 2070 5856 ὑπέσχῆται
2102 5775 2164 5841 σί
