  <div class='ocr_page' id='page_1' title='image "/cluster/home/n/w/nwhite01/storage/ocr_20150623/2/hvd.32044073501249/229.png"; bbox 0 0 4022 6336; ppageno 0'>
   <div class='ocr_carea' id='block_1_1' title="bbox 479 290 3680 357">
    <p class='ocr_par' dir='ltr' id='par_1_1' title="bbox 479 290 3680 357">
     <span class='ocr_line' id='line_1_1' title="bbox 479 290 3680 357; baseline 0.004 -14"><span class='ocrx_word' id='word_1_1' title='bbox 479 290 578 344; x_wconf 69' lang='grc' dir='ltr'>ιη</span> <span class='ocrx_word' id='word_1_2' title='bbox 1336 293 1394 350; x_wconf 82' lang='grc'><strong>8.</strong></span> <span class='ocrx_word' id='word_1_3' title='bbox 1437 293 1827 351; x_wconf 77' lang='lat' dir='ltr'><strong>CLEMENTIS</strong></span> <span class='ocrx_word' id='word_1_4' title='bbox 1861 298 1879 353; x_wconf 87' lang='grc' dir='ltr'><strong>Ι</strong></span> <span class='ocrx_word' id='word_1_5' title='bbox 1921 296 2085 352; x_wconf 75' lang='lat' dir='ltr'><strong>ROM.</strong></span> <span class='ocrx_word' id='word_1_6' title='bbox 2127 295 2325 351; x_wconf 77' lang='lat' dir='ltr'><strong>PONT.</strong></span> <span class='ocrx_word' id='word_1_7' title='bbox 2371 294 2598 350; x_wconf 77' lang='lat' dir='ltr'><strong>OPERA</strong></span> <span class='ocrx_word' id='word_1_8' title='bbox 2636 293 2861 351; x_wconf 86' lang='lat' dir='ltr'><strong>DUBIA.</strong></span> <span class='ocrx_word' id='word_1_9' title='bbox 3589 302 3680 357; x_wconf 66' lang='lat'><strong>658</strong></span> 
     </span>
    </p>
   </div>
   <div class='ocr_carea' id='block_1_2' title="bbox 548 402 1961 487">
    <p class='ocr_par' dir='ltr' id='par_1_2' title="bbox 548 402 1917 487">
     <span class='ocr_line' id='line_1_2' title="bbox 548 402 1917 487; baseline 0.011 -31"><span class='ocrx_word' id='word_1_10' title='bbox 548 402 717 458; x_wconf 83' lang='lat' dir='ltr'><strong>XXV.</strong></span> <span class='ocrx_word' id='word_1_11' title='bbox 762 403 839 459; x_wconf 77' lang='lat' dir='ltr'><strong>Ac</strong></span> <span class='ocrx_word' id='word_1_12' title='bbox 902 404 1113 473; x_wconf 82' lang='lat' dir='ltr'><strong>Simon,</strong></span> <span class='ocrx_word' id='word_1_13' title='bbox 1172 425 1295 464; x_wconf 88' lang='lat' dir='ltr'><strong>cum</strong></span> <span class='ocrx_word' id='word_1_14' title='bbox 1342 411 1458 468; x_wconf 69' lang='lat' dir='ltr'><strong>haec</strong></span> <span class='ocrx_word' id='word_1_15' title='bbox 1507 414 1767 482; x_wconf 74' lang='lat' dir='ltr'><strong>audisset,</strong></span> <span class='ocrx_word' id='word_1_16' title='bbox 1808 432 1917 487; x_wconf 64' lang='lat' dir='ltr'><strong>prae</strong></span> 
     </span>
    </p>
   </div>
   <div class='ocr_carea' id='block_1_3' title="bbox 2077 402 3683 487">
    <p class='ocr_par' dir='ltr' id='par_1_3' title="bbox 2077 408 3683 484">
     <span class='ocr_line' id='line_1_3' title="bbox 2077 408 3683 484; baseline -0.001 -16"><span class='ocrx_word' id='word_1_17' title='bbox 2077 424 2119 479; x_wconf 75' lang='grc' dir='ltr'><strong>Α</strong></span> <span class='ocrx_word' id='word_1_18' title='bbox 2223 412 2389 468; x_wconf 84' lang='lat' dir='ltr'><strong>XXV.</strong></span> <span class='ocrx_word' id='word_1_19' title='bbox 2443 414 2500 468; x_wconf 79' lang='grc' dir='ltr'><strong>ὐ</strong></span> <span class='ocrx_word' id='word_1_20' title='bbox 2531 413 2586 467; x_wconf 80' lang='grc' dir='ltr'>δὲ</span> <span class='ocrx_word' id='word_1_21' title='bbox 2612 413 2792 484; x_wconf 84' lang='grc' dir='ltr'>Σίμων</span> <span class='ocrx_word' id='word_1_22' title='bbox 2823 411 2991 465; x_wconf 77' lang='grc' dir='ltr'>ταῦτα</span> <span class='ocrx_word' id='word_1_23' title='bbox 3013 409 3247 472; x_wconf 82' lang='grc' dir='ltr'>ἀκούσας</span> <span class='ocrx_word' id='word_1_24' title='bbox 3277 408 3374 463; x_wconf 80' lang='grc' dir='ltr'><strong>ὑπὸ</strong></span> <span class='ocrx_word' id='word_1_25' title='bbox 3392 410 3549 482; x_wconf 75' lang='grc' dir='ltr'>ὀργῆς</span> <span class='ocrx_word' id='word_1_26' title='bbox 3570 416 3683 477; x_wconf 78' lang='grc' dir='ltr'>τοὺς</span> 
     </span>
    </p>
   </div>
   <div class='ocr_carea' id='block_1_4' title="bbox 473 493 1961 601">
    <p class='ocr_par' dir='ltr' id='par_1_4' title="bbox 473 493 1961 563">
     <span class='ocr_line' id='line_1_4' title="bbox 473 493 1961 563; baseline 0.009 -14"><span class='ocrx_word' id='word_1_27' title='bbox 473 493 731 553; x_wconf 76' lang='lat' dir='ltr'><strong>dentibus</strong></span> <span class='ocrx_word' id='word_1_28' title='bbox 793 499 1031 555; x_wconf 73' lang='lat' dir='ltr'><strong>stridens</strong></span> <span class='ocrx_word' id='word_1_29' title='bbox 1081 504 1243 558; x_wconf 88' lang='lat' dir='ltr'><strong>tacite</strong></span> <span class='ocrx_word' id='word_1_30' title='bbox 1284 505 1438 561; x_wconf 90' lang='lat' dir='ltr'><strong>abiit.</strong></span> <span class='ocrx_word' id='word_1_31' title='bbox 1484 504 1678 562; x_wconf 85' lang='lat' dir='ltr'><strong>Petrus</strong></span> <span class='ocrx_word' id='word_1_32' title='bbox 1712 516 1894 563; x_wconf 90' lang='lat' dir='ltr'><strong>autem</strong></span> <span class='ocrx_word' id='word_1_33' title='bbox 1919 524 1961 563; x_wconf 84' lang='lat' dir='ltr'><strong>CI</strong></span> 
     </span>
    </p>
   </div>
   <div class='ocr_carea' id='block_1_5' title="bbox 2077 493 3685 601">
    <p class='ocr_par' dir='ltr' id='par_1_5' title="bbox 2146 499 3685 601">
     <span class='ocr_line' id='line_1_5' title="bbox 2146 499 3685 601; baseline -0.003 -41"><span class='ocrx_word' id='word_1_34' title='bbox 2146 507 2361 569; x_wconf 78' lang='grc' dir='ltr'><strong>ὀδόντας</strong></span> <span class='ocrx_word' id='word_1_35' title='bbox 2416 505 2637 578; x_wconf 81' lang='grc' dir='ltr'>βρύξας,</span> <span class='ocrx_word' id='word_1_36' title='bbox 2698 504 2917 558; x_wconf 90' lang='grc' dir='ltr'>σιωπῶν</span> <span class='ocrx_word' id='word_1_37' title='bbox 2988 499 3272 601; x_wconf 67' lang='grc' dir='ltr'>ἐπορεύθη.</span> <span class='ocrx_word' id='word_1_38' title='bbox 3500 503 3685 575; x_wconf 75' lang='grc' dir='ltr'>Πέτρος</span> 
     </span>
    </p>
   </div>
   <div class='ocr_carea' id='block_1_6' title="bbox 472 586 1961 694">
    <p class='ocr_par' dir='ltr' id='par_1_6' title="bbox 472 594 1954 672">
     <span class='ocr_line' id='line_1_6' title="bbox 472 594 1954 672; baseline 0.012 -34"><span class='ocrx_word' id='word_1_39' title='bbox 472 601 581 641; x_wconf 90' lang='lat' dir='ltr'><strong>non</strong></span> <span class='ocrx_word' id='word_1_40' title='bbox 628 603 860 657; x_wconf 87' lang='lat' dir='ltr'><strong>paucum</strong></span> <span class='ocrx_word' id='word_1_41' title='bbox 915 594 1177 662; x_wconf 84' lang='lat' dir='ltr'><strong>temporis</strong></span> <span class='ocrx_word' id='word_1_42' title='bbox 1213 595 1319 649; x_wconf 83' lang='lat' dir='ltr'><strong>diei</strong></span> <span class='ocrx_word' id='word_1_43' title='bbox 1363 607 1693 667; x_wconf 86' lang='lat' dir='ltr'><strong>superesset,</strong></span> <span class='ocrx_word' id='word_1_44' title='bbox 1738 601 1954 672; x_wconf 63' lang='lat' dir='ltr'><strong>aegrotis</strong></span> 
     </span>
    </p>
   </div>
   <div class='ocr_carea' id='block_1_7' title="bbox 2077 586 3687 694">
    <p class='ocr_par' dir='ltr' id='par_1_7' title="bbox 2145 586 3687 694">
     <span class='ocr_line' id='line_1_7' title="bbox 2145 586 3687 694; baseline -0.006 -45"><span class='ocrx_word' id='word_1_45' title='bbox 2145 595 2225 649; x_wconf 75' lang='grc' dir='ltr'>ἔτι</span> <span class='ocrx_word' id='word_1_46' title='bbox 2258 594 2405 664; x_wconf 83' lang='grc' dir='ltr'>ῶρας</span> <span class='ocrx_word' id='word_1_47' title='bbox 2437 594 2535 647; x_wconf 82' lang='grc' dir='ltr'><strong>οὐκ</strong></span> <span class='ocrx_word' id='word_1_48' title='bbox 2583 592 2768 661; x_wconf 89' lang='grc' dir='ltr'>ὀλίγης</span> <span class='ocrx_word' id='word_1_49' title='bbox 2812 591 2979 661; x_wconf 70' lang='grc' dir='ltr'>οὔσης</span> <span class='ocrx_word' id='word_1_50' title='bbox 3007 588 3098 642; x_wconf 85' lang='grc' dir='ltr'><strong>τὸν</strong></span> <span class='ocrx_word' id='word_1_51' title='bbox 3140 587 3303 641; x_wconf 83' lang='grc' dir='ltr'>πολὺν</span> <span class='ocrx_word' id='word_1_52' title='bbox 3350 586 3496 694; x_wconf 46' lang='grc' dir='ltr'>όχλοχ</span> <span class='ocrx_word' id='word_1_53' title='bbox 3524 605 3687 660; x_wconf 82' lang='grc' dir='ltr'>χειρο-</span> 
     </span>
    </p>
   </div>
   <div class='ocr_carea' id='block_1_8' title="bbox 471 676 1961 784">
    <p class='ocr_par' dir='ltr' id='par_1_8' title="bbox 471 681 1961 757">
     <span class='ocr_line' id='line_1_8' title="bbox 471 681 1961 757; baseline 0.011 -27"><span class='ocrx_word' id='word_1_54' title='bbox 471 681 777 736; x_wconf 84' lang='lat' dir='ltr'><strong>sanandum</strong></span> <span class='ocrx_word' id='word_1_55' title='bbox 838 685 1089 741; x_wconf 89' lang='lat' dir='ltr'><strong>manibus</strong></span> <span class='ocrx_word' id='word_1_56' title='bbox 1153 687 1448 757; x_wconf 76' lang='lat' dir='ltr'><strong>impositis,</strong></span> <span class='ocrx_word' id='word_1_57' title='bbox 1506 692 1909 750; x_wconf 83' lang='lat' dir='ltr'><strong>multitudinem</strong></span> <span class='ocrx_word' id='word_1_58' title='bbox 1958 726 1961 746; x_wconf 73' lang='grc'><strong><em>4</em></strong></span> 
     </span>
    </p>
   </div>
   <div class='ocr_carea' id='block_1_9' title="bbox 2077 676 3685 784">
    <p class='ocr_par' dir='ltr' id='par_1_9' title="bbox 2145 676 3685 784">
     <span class='ocr_line' id='line_1_9' title="bbox 2145 676 3685 784; baseline -0.004 -45"><span class='ocrx_word' id='word_1_59' title='bbox 2145 686 2376 758; x_wconf 87' lang='grc' dir='ltr'>θετήσας</span> <span class='ocrx_word' id='word_1_60' title='bbox 2409 684 2548 755; x_wconf 80' lang='grc' dir='ltr'>πρὸς</span> <span class='ocrx_word' id='word_1_61' title='bbox 2572 683 2714 737; x_wconf 77' lang='grc' dir='ltr'>ἴασιν</span> <span class='ocrx_word' id='word_1_62' title='bbox 2758 683 2853 736; x_wconf 74' lang='grc' dir='ltr'>καὶ</span> <span class='ocrx_word' id='word_1_63' title='bbox 2900 679 3195 745; x_wconf 82' lang='grc' dir='ltr'><strong>ἀπολύσας,</strong></span> <span class='ocrx_word' id='word_1_64' title='bbox 3250 676 3384 751; x_wconf 82' lang='grc' dir='ltr'>μετὰ</span> <span class='ocrx_word' id='word_1_65' title='bbox 3426 679 3526 731; x_wconf 88' lang='grc' dir='ltr'><strong>τῶν</strong></span> <span class='ocrx_word' id='word_1_66' title='bbox 3569 696 3685 784; x_wconf 46' lang='grc' dir='ltr'>συν-</span> 
     </span>
    </p>
   </div>
   <div class='ocr_carea' id='block_1_10' title="bbox 469 771 1961 881">
    <p class='ocr_par' dir='ltr' id='par_1_10' title="bbox 469 774 1961 855">
     <span class='ocr_line' id='line_1_10' title="bbox 469 774 1961 855; baseline 0.013 -31"><span class='ocrx_word' id='word_1_67' title='bbox 469 774 642 841; x_wconf 81' lang='lat' dir='ltr'><strong>misit,</strong></span> <span class='ocrx_word' id='word_1_68' title='bbox 681 791 917 847; x_wconf 84' lang='lat' dir='ltr'><strong>eumque</strong></span> <span class='ocrx_word' id='word_1_69' title='bbox 951 777 1315 835; x_wconf 81' lang='lat' dir='ltr'><strong>familiaribus</strong></span> <span class='ocrx_word' id='word_1_70' title='bbox 1345 781 1568 837; x_wconf 87' lang='lat' dir='ltr'><strong>domum</strong></span> <span class='ocrx_word' id='word_1_71' title='bbox 1602 785 1882 855; x_wconf 88' lang='lat' dir='ltr'><strong>ingressus</strong></span> <span class='ocrx_word' id='word_1_72' title='bbox 1906 804 1961 843; x_wconf 84' lang='lat' dir='ltr'><strong>cc</strong></span> 
     </span>
    </p>
   </div>
   <div class='ocr_carea' id='block_1_11' title="bbox 2077 771 3684 881">
    <p class='ocr_par' dir='ltr' id='par_1_11' title="bbox 2142 771 3684 881">
     <span class='ocr_line' id='line_1_11' title="bbox 2142 771 3684 881; baseline -0.006 -49"><span class='ocrx_word' id='word_1_73' title='bbox 2142 777 2452 849; x_wconf 82' lang='grc' dir='ltr'>ηθεστέρων</span> <span class='ocrx_word' id='word_1_74' title='bbox 2479 775 2661 830; x_wconf 87' lang='grc' dir='ltr'>είσιὼν</span> <span class='ocrx_word' id='word_1_75' title='bbox 2688 775 2827 829; x_wconf 77' lang='grc' dir='ltr'>οἶκοι</span> <span class='ocrx_word' id='word_1_76' title='bbox 2888 773 3177 844; x_wconf 82' lang='grc' dir='ltr'>ὲκαθὲσθη.</span> <span class='ocrx_word' id='word_1_77' title='bbox 3236 772 3353 881; x_wconf 58' lang='lat' dir='ltr'><strong>Kal</strong></span> <span class='ocrx_word' id='word_1_78' title='bbox 3378 771 3445 878; x_wconf 67' lang='grc' dir='ltr'><strong>δή</strong></span> <span class='ocrx_word' id='word_1_79' title='bbox 3484 788 3561 834; x_wconf 88' lang='grc' dir='ltr'><strong>τις</strong></span> <span class='ocrx_word' id='word_1_80' title='bbox 3585 771 3684 881; x_wconf 56' lang='grc' dir='ltr'><strong>τῶν</strong></span> 
     </span>
    </p>
   </div>
   <div class='ocr_carea' id='block_1_12' title="bbox 467 860 1961 971">
    <p class='ocr_par' dir='ltr' id='par_1_12' title="bbox 467 865 1961 945">
     <span class='ocr_line' id='line_1_12' title="bbox 467 865 1961 945; baseline 0.011 -28"><span class='ocrx_word' id='word_1_81' title='bbox 467 865 625 920; x_wconf 74' lang='lat' dir='ltr'><strong>sedit.</strong></span> <span class='ocrx_word' id='word_1_82' title='bbox 677 866 815 922; x_wconf 89' lang='lat' dir='ltr'><strong>Tum</strong></span> <span class='ocrx_word' id='word_1_83' title='bbox 847 872 1109 927; x_wconf 77' lang='lat' dir='ltr'><strong>comitum</strong></span> <span class='ocrx_word' id='word_1_84' title='bbox 1151 888 1318 940; x_wconf 85' lang='lat' dir='ltr'><strong>unus,</strong></span> <span class='ocrx_word' id='word_1_85' title='bbox 1347 874 1432 929; x_wconf 90' lang='lat' dir='ltr'><strong>cui</strong></span> <span class='ocrx_word' id='word_1_86' title='bbox 1471 872 1765 945; x_wconf 60' lang='lat' dir='ltr'><strong>Sophouia</strong></span> <span class='ocrx_word' id='word_1_87' title='bbox 1794 895 1961 935; x_wconf 82' lang='lat' dir='ltr'><strong>nome:</strong></span> 
     </span>
    </p>
   </div>
   <div class='ocr_carea' id='block_1_13' title="bbox 2077 860 3687 971">
    <p class='ocr_par' dir='ltr' id='par_1_13' title="bbox 2139 860 3687 971">
     <span class='ocr_line' id='line_1_13' title="bbox 2139 860 3687 971; baseline -0.005 -48"><span class='ocrx_word' id='word_1_88' title='bbox 2139 869 2447 924; x_wconf 86' lang='grc' dir='ltr'>ἀκολούθων</span> <span class='ocrx_word' id='word_1_89' title='bbox 2496 868 2772 939; x_wconf 85' lang='grc' dir='ltr'>Σοφωνίας</span> <span class='ocrx_word' id='word_1_90' title='bbox 2792 868 2838 900; x_wconf 80' lang='grc'><strong>⁸⁸</strong></span> <span class='ocrx_word' id='word_1_91' title='bbox 2870 867 3038 937; x_wconf 72' lang='grc' dir='ltr'>ὄνομα</span> <span class='ocrx_word' id='word_1_92' title='bbox 3083 864 3184 936; x_wconf 74' lang='grc' dir='ltr'>ἔφη</span> <span class='ocrx_word' id='word_1_93' title='bbox 3205 880 3218 894; x_wconf 92' lang='grc'><strong>·</strong></span> <span class='ocrx_word' id='word_1_94' title='bbox 3256 860 3567 971; x_wconf 68' lang='grc' dir='ltr'>Εύλόγηται,</span> <span class='ocrx_word' id='word_1_95' title='bbox 3591 862 3687 971; x_wconf 59' lang='grc' dir='ltr'><strong>Πό-</strong></span> 
     </span>
    </p>
   </div>
   <div class='ocr_carea' id='block_1_14' title="bbox 464 954 1961 1061">
    <p class='ocr_par' dir='ltr' id='par_1_14' title="bbox 464 954 1961 1040">
     <span class='ocr_line' id='line_1_14' title="bbox 464 954 1961 1040; baseline 0.009 -29"><span class='ocrx_word' id='word_1_96' title='bbox 464 954 810 1025; x_wconf 87' lang='lat' dir='ltr'><strong>Benedictus,</strong></span> <span class='ocrx_word' id='word_1_97' title='bbox 841 962 1037 1031; x_wconf 88' lang='lat' dir='ltr'><strong>inquit,</strong></span> <span class='ocrx_word' id='word_1_98' title='bbox 1070 964 1141 1018; x_wconf 88' lang='lat' dir='ltr'><strong>sit</strong></span> <span class='ocrx_word' id='word_1_99' title='bbox 1178 961 1340 1029; x_wconf 90' lang='lat' dir='ltr'><strong>Dens,</strong></span> <span class='ocrx_word' id='word_1_100' title='bbox 1388 964 1482 1033; x_wconf 91' lang='lat' dir='ltr'><strong>qui</strong></span> <span class='ocrx_word' id='word_1_101' title='bbox 1535 975 1608 1028; x_wconf 92' lang='lat' dir='ltr'><strong>te,</strong></span> <span class='ocrx_word' id='word_1_102' title='bbox 1640 965 1821 1031; x_wconf 88' lang='lat' dir='ltr'><strong>Petre,</strong></span> <span class='ocrx_word' id='word_1_103' title='bbox 1853 970 1961 1040; x_wconf 78' lang='lat' dir='ltr'><strong>eleg</strong></span> 
     </span>
    </p>
   </div>
   <div class='ocr_carea' id='block_1_15' title="bbox 2077 954 3684 1061">
    <p class='ocr_par' dir='ltr' id='par_1_15' title="bbox 2137 955 3684 1061">
     <span class='ocr_line' id='line_1_15' title="bbox 2137 955 3684 1061; baseline -0.004 -47"><span class='ocrx_word' id='word_1_104' title='bbox 2137 978 2252 1033; x_wconf 88' lang='grc' dir='ltr'>τρε,</span> <span class='ocrx_word' id='word_1_105' title='bbox 2278 964 2306 1016; x_wconf 99' lang='lat'><strong>6</strong></span> <span class='ocrx_word' id='word_1_106' title='bbox 2339 962 2492 1026; x_wconf 83' lang='grc' dir='ltr'>Θεὸς,</span> <span class='ocrx_word' id='word_1_107' title='bbox 2521 964 2550 1015; x_wconf 92' lang='lat'><strong>6</strong></span> <span class='ocrx_word' id='word_1_108' title='bbox 2582 960 2940 1032; x_wconf 77' lang='grc' dir='ltr'>ἐκλεξάμενος</span> <span class='ocrx_word' id='word_1_109' title='bbox 2990 975 3049 1012; x_wconf 90' lang='grc' dir='ltr'><strong>σε</strong></span> <span class='ocrx_word' id='word_1_110' title='bbox 3097 957 3193 1011; x_wconf 78' lang='grc' dir='ltr'>καὶ</span> <span class='ocrx_word' id='word_1_111' title='bbox 3240 955 3430 1025; x_wconf 88' lang='grc' dir='ltr'>σοφίας</span> <span class='ocrx_word' id='word_1_112' title='bbox 3460 956 3684 1061; x_wconf 71' lang='grc' dir='ltr'>ἀναπαύ-</span> 
     </span>
    </p>
   </div>
   <div class='ocr_carea' id='block_1_16' title="bbox 465 1048 1961 1128">
    <p class='ocr_par' dir='ltr' id='par_1_16' title="bbox 465 1051 1961 1128">
     <span class='ocr_line' id='line_1_16' title="bbox 465 1051 1961 1128; baseline 0.011 -25"><span class='ocrx_word' id='word_1_113' title='bbox 465 1058 525 1104; x_wconf 91' lang='lat' dir='ltr'><strong>ut</strong></span> <span class='ocrx_word' id='word_1_114' title='bbox 554 1051 709 1120; x_wconf 86' lang='lat' dir='ltr'><strong>probi</strong></span> <span class='ocrx_word' id='word_1_115' title='bbox 747 1053 1032 1121; x_wconf 61' lang='lat' dir='ltr'><strong>sapientiai</strong></span> <span class='ocrx_word' id='word_1_116' title='bbox 1068 1056 1416 1126; x_wconf 84' lang='lat' dir='ltr'><strong>acquiescere</strong></span> <span class='ocrx_word' id='word_1_117' title='bbox 1461 1069 1704 1128; x_wconf 87' lang='lat' dir='ltr'><strong>possent.</strong></span> <span class='ocrx_word' id='word_1_118' title='bbox 1748 1060 1884 1118; x_wconf 90' lang='lat' dir='ltr'><strong>Nam</strong></span> <span class='ocrx_word' id='word_1_119' title='bbox 1911 1082 1961 1120; x_wconf 65' lang='lat' dir='ltr'><strong>ve</strong></span> 
     </span>
    </p>
   </div>
   <div class='ocr_carea' id='block_1_17' title="bbox 2077 1048 3689 1128">
    <p class='ocr_par' dir='ltr' id='par_1_17' title="bbox 2138 1048 3689 1127">
     <span class='ocr_line' id='line_1_17' title="bbox 2138 1048 3689 1127; baseline -0.006 -18"><span class='ocrx_word' id='word_1_120' title='bbox 2138 1073 2276 1119; x_wconf 87' lang='grc' dir='ltr'>σεως</span> <span class='ocrx_word' id='word_1_121' title='bbox 2311 1056 2409 1127; x_wconf 82' lang='grc' dir='ltr'><strong>μὲν</strong></span> <span class='ocrx_word' id='word_1_122' title='bbox 2444 1056 2629 1109; x_wconf 78' lang='grc' dir='ltr'>ἓνεκεν</span> <span class='ocrx_word' id='word_1_123' title='bbox 2659 1055 2767 1108; x_wconf 90' lang='grc' dir='ltr'><strong>τῶν</strong></span> <span class='ocrx_word' id='word_1_124' title='bbox 2812 1051 3195 1124; x_wconf 80' lang='grc' dir='ltr'><strong>εὐγνωμόνων·</strong></span> <span class='ocrx_word' id='word_1_125' title='bbox 3229 1049 3442 1121; x_wconf 82' lang='grc' dir='ltr'>ἀληθῶς</span> <span class='ocrx_word' id='word_1_126' title='bbox 3466 1048 3569 1121; x_wconf 85' lang='grc' dir='ltr'>γὰρ</span> <span class='ocrx_word' id='word_1_127' title='bbox 3600 1066 3689 1119; x_wconf 86' lang='grc' dir='ltr'>με-</span> 
     </span>
    </p>
   </div>
   <div class='ocr_carea' id='block_1_18' title="bbox 462 1140 1961 1245">
    <p class='ocr_par' dir='ltr' id='par_1_18' title="bbox 462 1142 1961 1226">
     <span class='ocr_line' id='line_1_18' title="bbox 462 1142 1961 1226; baseline 0.012 -34"><span class='ocrx_word' id='word_1_128' title='bbox 462 1142 752 1211; x_wconf 78' lang='lat' dir='ltr'><strong>magniﬁce</strong></span> <span class='ocrx_word' id='word_1_129' title='bbox 778 1154 831 1196; x_wconf 89' lang='lat' dir='ltr'><strong>et</strong></span> <span class='ocrx_word' id='word_1_130' title='bbox 857 1159 982 1199; x_wconf 89' lang='lat' dir='ltr'><strong>cum</strong></span> <span class='ocrx_word' id='word_1_131' title='bbox 1015 1147 1276 1215; x_wconf 82' lang='lat' dir='ltr'><strong>patientia</strong></span> <span class='ocrx_word' id='word_1_132' title='bbox 1303 1157 1497 1203; x_wconf 83' lang='lat' dir='ltr'><strong>contra</strong></span> <span class='ocrx_word' id='word_1_133' title='bbox 1538 1148 1816 1209; x_wconf 86' lang='lat' dir='ltr'><strong>Simonem</strong></span> <span class='ocrx_word' id='word_1_134' title='bbox 1842 1155 1961 1226; x_wconf 89' lang='lat' dir='ltr'><strong>disp</strong></span> 
     </span>
    </p>
   </div>
   <div class='ocr_carea' id='block_1_19' title="bbox 2077 1140 3688 1245">
    <p class='ocr_par' dir='ltr' id='par_1_19' title="bbox 2133 1140 3688 1245">
     <span class='ocr_line' id='line_1_19' title="bbox 2133 1140 3688 1245; baseline -0.004 -44"><span class='ocrx_word' id='word_1_135' title='bbox 2133 1148 2315 1217; x_wconf 83' lang='grc' dir='ltr'>γάλως</span> <span class='ocrx_word' id='word_1_136' title='bbox 2367 1148 2462 1203; x_wconf 76' lang='grc' dir='ltr'>καὶ</span> <span class='ocrx_word' id='word_1_137' title='bbox 2507 1147 2841 1214; x_wconf 82' lang='grc' dir='ltr'><strong>ἀνεξικάκως</strong></span> <span class='ocrx_word' id='word_1_138' title='bbox 2896 1142 3259 1245; x_wconf 37' lang='grc' dir='ltr'><strong>διειλιὲχθηλςω⁸6</strong></span> <span class='ocrx_word' id='word_1_139' title='bbox 3286 1140 3688 1245; x_wconf 40' lang='grc' dir='ltr'>πρδςὲίμζωνα.</span> 
     </span>
    </p>
   </div>
   <div class='ocr_carea' id='block_1_20' title="bbox 460 1230 1961 1341">
    <p class='ocr_par' dir='ltr' id='par_1_20' title="bbox 460 1230 1961 1305">
     <span class='ocr_line' id='line_1_20' title="bbox 460 1230 1961 1305; baseline 0.01 -22"><span class='ocrx_word' id='word_1_140' title='bbox 460 1230 608 1286; x_wconf 89' lang='lat' dir='ltr'><strong>tasti.</strong></span> <span class='ocrx_word' id='word_1_141' title='bbox 648 1231 801 1288; x_wconf 78' lang='lat' dir='ltr'><strong>Nunc</strong></span> <span class='ocrx_word' id='word_1_142' title='bbox 834 1250 865 1288; x_wconf 90' lang='lat' dir='ltr'><strong>a</strong></span> <span class='ocrx_word' id='word_1_143' title='bbox 901 1244 953 1289; x_wconf 91' lang='lat' dir='ltr'><strong>te</strong></span> <span class='ocrx_word' id='word_1_144' title='bbox 990 1236 1249 1305; x_wconf 87' lang='lat' dir='ltr'><strong>petimus,</strong></span> <span class='ocrx_word' id='word_1_145' title='bbox 1295 1248 1355 1293; x_wconf 89' lang='lat' dir='ltr'><strong>ut</strong></span> <span class='ocrx_word' id='word_1_146' title='bbox 1376 1250 1429 1295; x_wconf 93' lang='lat' dir='ltr'><strong>et</strong></span> <span class='ocrx_word' id='word_1_147' title='bbox 1459 1242 1616 1297; x_wconf 90' lang='lat' dir='ltr'><strong>nobis</strong></span> <span class='ocrx_word' id='word_1_148' title='bbox 1641 1244 1707 1298; x_wconf 90' lang='lat' dir='ltr'><strong>de</strong></span> <span class='ocrx_word' id='word_1_149' title='bbox 1735 1247 1892 1301; x_wconf 89' lang='lat' dir='ltr'><strong>malis</strong></span> <span class='ocrx_word' id='word_1_150' title='bbox 1921 1264 1961 1302; x_wconf 73' lang='grc' dir='ltr'>οε</span> 
     </span>
    </p>
   </div>
   <div class='ocr_carea' id='block_1_21' title="bbox 2077 1230 3689 1341">
    <p class='ocr_par' dir='ltr' id='par_1_21' title="bbox 2134 1230 3689 1341">
     <span class='ocr_line' id='line_1_21' title="bbox 2134 1230 3689 1341; baseline -0.005 -52"><span class='ocrx_word' id='word_1_151' title='bbox 2134 1238 2243 1290; x_wconf 88' lang='lat' dir='ltr'><strong>Kal</strong></span> <span class='ocrx_word' id='word_1_152' title='bbox 2265 1241 2396 1309; x_wconf 77' lang='grc' dir='ltr'>ἡμῖν</span> <span class='ocrx_word' id='word_1_153' title='bbox 2423 1239 2479 1292; x_wconf 87' lang='grc' dir='ltr'>δὲ</span> <span class='ocrx_word' id='word_1_154' title='bbox 2508 1238 2638 1309; x_wconf 76' lang='grc' dir='ltr'>περὶ</span> <span class='ocrx_word' id='word_1_155' title='bbox 2672 1235 2920 1307; x_wconf 82' lang='grc' dir='ltr'>πονηρῶν</span> <span class='ocrx_word' id='word_1_156' title='bbox 2966 1232 3307 1341; x_wconf 75' lang='grc' dir='ltr'>διαλεχθῆναί</span> <span class='ocrx_word' id='word_1_157' title='bbox 3343 1249 3401 1341; x_wconf 68' lang='grc' dir='ltr'><strong>σε</strong></span> <span class='ocrx_word' id='word_1_158' title='bbox 3426 1230 3689 1341; x_wconf 49' lang='grc' dir='ltr'>ἀξιούμεν,</span> 
     </span>
    </p>
   </div>
   <div class='ocr_carea' id='block_1_22' title="bbox 459 1322 1961 1434">
    <p class='ocr_par' dir='ltr' id='par_1_22' title="bbox 459 1322 1961 1399">
     <span class='ocr_line' id='line_1_22' title="bbox 459 1322 1961 1399; baseline 0.013 -25"><span class='ocrx_word' id='word_1_159' title='bbox 459 1322 723 1391; x_wconf 81' lang='lat' dir='ltr'><strong>loquaris,</strong></span> <span class='ocrx_word' id='word_1_160' title='bbox 761 1339 1041 1395; x_wconf 81' lang='lat' dir='ltr'><strong>sperantes</strong></span> <span class='ocrx_word' id='word_1_161' title='bbox 1088 1331 1463 1399; x_wconf 84' lang='lat' dir='ltr'><strong>genuiniorem</strong></span> <span class='ocrx_word' id='word_1_162' title='bbox 1496 1341 1548 1387; x_wconf 90' lang='lat' dir='ltr'><strong>te</strong></span> <span class='ocrx_word' id='word_1_163' title='bbox 1575 1335 1730 1391; x_wconf 87' lang='lat' dir='ltr'><strong>nobis</strong></span> <span class='ocrx_word' id='word_1_164' title='bbox 1758 1336 1961 1393; x_wconf 78' lang='lat' dir='ltr'><strong>factura</strong></span> 
     </span>
    </p>
   </div>
   <div class='ocr_carea' id='block_1_23' title="bbox 2077 1322 3690 1434">
    <p class='ocr_par' dir='ltr' id='par_1_23' title="bbox 2131 1322 3690 1434">
     <span class='ocr_line' id='line_1_23' title="bbox 2131 1322 3690 1428; baseline -0.005 -47"><span class='ocrx_word' id='word_1_165' title='bbox 2131 1328 2440 1394; x_wconf 74' lang='grc' dir='ltr'>ἐλπίζοντες</span> <span class='ocrx_word' id='word_1_166' title='bbox 2470 1327 2831 1401; x_wconf 85' lang='grc' dir='ltr'>γνησιώτερόν</span> <span class='ocrx_word' id='word_1_167' title='bbox 2862 1344 2918 1379; x_wconf 92' lang='grc' dir='ltr'><strong>σε</strong></span> <span class='ocrx_word' id='word_1_168' title='bbox 2948 1328 3077 1398; x_wconf 78' lang='grc' dir='ltr'>ἡμῖν</span> <span class='ocrx_word' id='word_1_169' title='bbox 3104 1324 3195 1378; x_wconf 75' lang='grc' dir='ltr'>τὸν</span> <span class='ocrx_word' id='word_1_170' title='bbox 3243 1324 3369 1394; x_wconf 70' lang='grc' dir='ltr'>περὶ</span> <span class='ocrx_word' id='word_1_171' title='bbox 3420 1322 3577 1376; x_wconf 81' lang='grc' dir='ltr'>αὐτοῦ</span> <span class='ocrx_word' id='word_1_172' title='bbox 3603 1324 3690 1428; x_wconf 63' lang='grc' dir='ltr'><strong>ἐκ-</strong></span> 
     </span>
     <span class='ocr_line' id='line_1_24' title="bbox 2186 1411 3658 1434; baseline 0 0"><span class='ocrx_word' id='word_1_173' title='bbox 2186 1422 2197 1434; x_wconf 86' lang='grc' dir='ltr'><em>ι</em></span> <span class='ocrx_word' id='word_1_174' title='bbox 2315 1421 2374 1434; x_wconf 59' lang='grc' dir='ltr'><strong>ιι</strong></span> <span class='ocrx_word' id='word_1_175' title='bbox 2620 1421 2632 1434; x_wconf 71' lang='grc' dir='ltr'>ι</span> <span class='ocrx_word' id='word_1_176' title='bbox 2762 1418 2787 1429; x_wconf 76' lang='grc'><strong><em>⁸⁸</em></strong></span> <span class='ocrx_word' id='word_1_177' title='bbox 2944 1416 2956 1434; x_wconf 68' lang='grc' dir='ltr'><strong>ο</strong></span> <span class='ocrx_word' id='word_1_178' title='bbox 3080 1416 3201 1434; x_wconf 29' lang='grc' dir='ltr'><strong>ιμ’-</strong></span> <span class='ocrx_word' id='word_1_179' title='bbox 3243 1414 3381 1434; x_wconf 37' lang='lat' dir='ltr'><strong>“Ana</strong></span> <span class='ocrx_word' id='word_1_180' title='bbox 3461 1411 3566 1434; x_wconf 56' lang='lat'><strong>2.\\‘</strong></span> <span class='ocrx_word' id='word_1_181' title='bbox 3603 1429 3658 1434; x_wconf 82' lang='lat'><strong>._..</strong></span> 
     </span>
    </p>
   </div>
   <div class='ocr_carea' id='block_1_24' title="bbox 457 1411 1961 1522">
    <p class='ocr_par' dir='ltr' id='par_1_24' title="bbox 457 1425 1958 1495">
     <span class='ocr_line' id='line_1_25' title="bbox 457 1425 1958 1495; baseline 0.012 -28"><span class='ocrx_word' id='word_1_182' title='bbox 457 1429 789 1480; x_wconf 83' lang='lat' dir='ltr'><strong>sermonem,</strong></span> <span class='ocrx_word' id='word_1_183' title='bbox 842 1432 949 1471; x_wconf 92' lang='lat' dir='ltr'><strong>non</strong></span> <span class='ocrx_word' id='word_1_184' title='bbox 988 1428 1167 1474; x_wconf 83' lang='lat' dir='ltr'><strong>autem</strong></span> <span class='ocrx_word' id='word_1_185' title='bbox 1196 1438 1309 1492; x_wconf 62' lang='lat' dir='ltr'><strong>iam</strong></span> <span class='ocrx_word' id='word_1_186' title='bbox 1347 1427 1448 1480; x_wconf 89' lang='lat' dir='ltr'><strong>hac</strong></span> <span class='ocrx_word' id='word_1_187' title='bbox 1477 1425 1628 1491; x_wconf 91' lang='lat' dir='ltr'><strong>hora,</strong></span> <span class='ocrx_word' id='word_1_188' title='bbox 1669 1428 1763 1483; x_wconf 90' lang='lat' dir='ltr'><strong>sed</strong></span> <span class='ocrx_word' id='word_1_189' title='bbox 1814 1445 1958 1495; x_wconf 87' lang='lat' dir='ltr'><strong>cras,</strong></span> 
     </span>
    </p>
   </div>
   <div class='ocr_carea' id='block_1_25' title="bbox 2077 1411 3691 1522">
    <p class='ocr_par' dir='ltr' id='par_1_25' title="bbox 2130 1411 3691 1522">
     <span class='ocr_line' id='line_1_26' title="bbox 2130 1411 3691 1522; baseline -0.01 -46"><span class='ocrx_word' id='word_1_190' title='bbox 2130 1422 2293 1492; x_wconf 82' lang='grc' dir='ltr'>φάναι</span> <span class='ocrx_word' id='word_1_191' title='bbox 2315 1421 2492 1490; x_wconf 87' lang='grc' dir='ltr'>λόγον,</span> <span class='ocrx_word' id='word_1_192' title='bbox 2549 1421 2643 1473; x_wconf 75' lang='grc' dir='ltr'><strong>καὶ</strong></span> <span class='ocrx_word' id='word_1_193' title='bbox 2687 1418 2859 1471; x_wconf 81' lang='grc' dir='ltr'>ταῦτα</span> <span class='ocrx_word' id='word_1_194' title='bbox 2906 1416 3003 1470; x_wconf 85' lang='grc' dir='ltr'><strong>οὐκ</strong></span> <span class='ocrx_word' id='word_1_195' title='bbox 3036 1416 3203 1486; x_wconf 78' lang='grc' dir='ltr'>αὐτῆς</span> <span class='ocrx_word' id='word_1_196' title='bbox 3233 1414 3425 1522; x_wconf 30' lang='grc' dir='ltr'>ῶραςκ</span> <span class='ocrx_word' id='word_1_197' title='bbox 3455 1411 3566 1466; x_wconf 86' lang='grc' dir='ltr'>ἀλλ’</span> <span class='ocrx_word' id='word_1_198' title='bbox 3598 1411 3691 1522; x_wconf 56' lang='lat' dir='ltr'><strong>ab:</strong></span> 
     </span>
    </p>
   </div>
   <div class='ocr_carea' id='block_1_26' title="bbox 455 1501 1961 1589">
    <p class='ocr_par' dir='ltr' id='par_1_26' title="bbox 455 1507 1961 1583">
     <span class='ocr_line' id='line_1_27' title="bbox 455 1507 1961 1583; baseline 0.011 -23"><span class='ocrx_word' id='word_1_199' title='bbox 455 1507 554 1561; x_wconf 82' lang='lat' dir='ltr'><strong>tibi</strong></span> <span class='ocrx_word' id='word_1_200' title='bbox 585 1509 761 1577; x_wconf 88' lang='lat' dir='ltr'><strong>placet</strong></span> <span class='ocrx_word' id='word_1_201' title='bbox 791 1528 806 1565; x_wconf 86' lang='lat'><strong>:</strong></span> <span class='ocrx_word' id='word_1_202' title='bbox 838 1512 1039 1566; x_wconf 90' lang='lat' dir='ltr'><strong>etenim</strong></span> <span class='ocrx_word' id='word_1_203' title='bbox 1091 1514 1424 1583; x_wconf 82' lang='lat' dir='ltr'><strong>parcendum</strong></span> <span class='ocrx_word' id='word_1_204' title='bbox 1455 1518 1549 1572; x_wconf 87' lang='lat' dir='ltr'><strong>tibi</strong></span> <span class='ocrx_word' id='word_1_205' title='bbox 1584 1529 1669 1574; x_wconf 90' lang='lat' dir='ltr'><strong>est</strong></span> <span class='ocrx_word' id='word_1_206' title='bbox 1696 1522 1768 1574; x_wconf 91' lang='lat' dir='ltr'><strong>ob</strong></span> <span class='ocrx_word' id='word_1_207' title='bbox 1792 1520 1961 1577; x_wconf 66' lang='lat' dir='ltr'><strong>labore</strong></span> 
     </span>
    </p>
   </div>
   <div class='ocr_carea' id='block_1_27' title="bbox 2077 1501 3693 1589">
    <p class='ocr_par' dir='ltr' id='par_1_27' title="bbox 2132 1501 3693 1585">
     <span class='ocr_line' id='line_1_28' title="bbox 2132 1501 3693 1585; baseline -0.007 -18"><span class='ocrx_word' id='word_1_208' title='bbox 2132 1530 2264 1585; x_wconf 89' lang='grc' dir='ltr'>ριον,</span> <span class='ocrx_word' id='word_1_209' title='bbox 2298 1512 2352 1567; x_wconf 73' lang='grc' dir='ltr'>εἴ</span> <span class='ocrx_word' id='word_1_210' title='bbox 2381 1530 2459 1567; x_wconf 90' lang='grc' dir='ltr'><strong>σοι</strong></span> <span class='ocrx_word' id='word_1_211' title='bbox 2488 1513 2636 1581; x_wconf 82' lang='grc' dir='ltr'>φίλον</span> <span class='ocrx_word' id='word_1_212' title='bbox 2672 1509 2849 1564; x_wconf 73' lang='grc' dir='ltr'>ἐστίν·</span> <span class='ocrx_word' id='word_1_213' title='bbox 2888 1506 3329 1577; x_wconf 81' lang='grc' dir='ltr'>συγγινώσκομεν</span> <span class='ocrx_word' id='word_1_214' title='bbox 3362 1504 3470 1576; x_wconf 78' lang='grc' dir='ltr'>γάρ</span> <span class='ocrx_word' id='word_1_215' title='bbox 3504 1520 3582 1557; x_wconf 84' lang='grc' dir='ltr'><strong>σοι</strong></span> <span class='ocrx_word' id='word_1_216' title='bbox 3610 1501 3693 1557; x_wconf 79' lang='grc' dir='ltr'>διὰ</span> 
     </span>
    </p>
   </div>
   <div class='ocr_carea' id='block_1_28' title="bbox 452 1595 1961 1709">
    <p class='ocr_par' dir='ltr' id='par_1_28' title="bbox 452 1604 1961 1682">
     <span class='ocr_line' id='line_1_29' title="bbox 452 1604 1961 1682; baseline 0.009 -27"><span class='ocrx_word' id='word_1_217' title='bbox 452 1619 593 1672; x_wconf 91' lang='lat' dir='ltr'><strong>quos</strong></span> <span class='ocrx_word' id='word_1_218' title='bbox 623 1604 676 1658; x_wconf 94' lang='lat' dir='ltr'><strong>in</strong></span> <span class='ocrx_word' id='word_1_219' title='bbox 702 1605 1087 1675; x_wconf 87' lang='lat' dir='ltr'><strong>disquisitione</strong></span> <span class='ocrx_word' id='word_1_220' title='bbox 1132 1609 1425 1677; x_wconf 89' lang='lat' dir='ltr'><strong>pertulisti.</strong></span> <span class='ocrx_word' id='word_1_221' title='bbox 1457 1610 1762 1682; x_wconf 81' lang='lat' dir='ltr'><strong>Respondit</strong></span> <span class='ocrx_word' id='word_1_222' title='bbox 1788 1613 1961 1671; x_wconf 82' lang='lat' dir='ltr'><strong>Petru:</strong></span> 
     </span>
    </p>
   </div>
   <div class='ocr_carea' id='block_1_29' title="bbox 2077 1595 3694 1709">
    <p class='ocr_par' dir='ltr' id='par_1_29' title="bbox 2124 1595 3694 1709">
     <span class='ocr_line' id='line_1_30' title="bbox 2124 1595 3694 1709; baseline -0.006 -52"><span class='ocrx_word' id='word_1_223' title='bbox 2124 1604 2251 1668; x_wconf 80' lang='grc' dir='ltr'>τοὺς</span> <span class='ocrx_word' id='word_1_224' title='bbox 2282 1604 2348 1657; x_wconf 86' lang='grc' dir='ltr'>ὲκ</span> <span class='ocrx_word' id='word_1_225' title='bbox 2377 1603 2477 1674; x_wconf 80' lang='grc' dir='ltr'><strong>τῆς</strong></span> <span class='ocrx_word' id='word_1_226' title='bbox 2501 1602 2782 1673; x_wconf 75' lang='grc' dir='ltr'>ζητήσεως</span> <span class='ocrx_word' id='word_1_227' title='bbox 2806 1600 3101 1671; x_wconf 76' lang='grc' dir='ltr'>καμάτους.</span> <span class='ocrx_word' id='word_1_228' title='bbox 3148 1599 3258 1651; x_wconf 88' lang='lat' dir='ltr'><strong>Kal</strong></span> <span class='ocrx_word' id='word_1_229' title='bbox 3290 1596 3547 1707; x_wconf 46' lang='lat' dir='ltr'><strong>6~HétpOf</strong></span> <span class='ocrx_word' id='word_1_230' title='bbox 3608 1595 3694 1709; x_wconf 54' lang='lat' dir='ltr'><strong>El-</strong></span> 
     </span>
    </p>
   </div>
   <div class='ocr_carea' id='block_1_30' title="bbox 453 1685 1961 1809">
    <p class='ocr_par' dir='ltr' id='par_1_30' title="bbox 453 1693 1959 1809">
     <span class='ocr_line' id='line_1_31' title="bbox 453 1693 1959 1774; baseline 0.007 -28"><span class='ocrx_word' id='word_1_231' title='bbox 453 1693 607 1748; x_wconf 84' lang='lat' dir='ltr'><strong>Scire</strong></span> <span class='ocrx_word' id='word_1_232' title='bbox 655 1710 753 1751; x_wconf 92' lang='lat' dir='ltr'><strong>vos</strong></span> <span class='ocrx_word' id='word_1_233' title='bbox 802 1696 946 1761; x_wconf 86' lang='lat' dir='ltr'><strong>volo,</strong></span> <span class='ocrx_word' id='word_1_234' title='bbox 992 1697 1131 1751; x_wconf 89' lang='lat' dir='ltr'><strong>inter</strong></span> <span class='ocrx_word' id='word_1_235' title='bbox 1172 1699 1320 1768; x_wconf 91' lang='lat' dir='ltr'><strong>ipsos</strong></span> <span class='ocrx_word' id='word_1_236' title='bbox 1346 1700 1563 1756; x_wconf 90' lang='lat' dir='ltr'><strong>labores</strong></span> <span class='ocrx_word' id='word_1_237' title='bbox 1626 1719 1753 1757; x_wconf 89' lang='lat' dir='ltr'><strong>eum</strong></span> <span class='ocrx_word' id='word_1_238' title='bbox 1803 1706 1959 1774; x_wconf 88' lang='lat' dir='ltr'><strong>aequi</strong></span> 
     </span>
     <span class='ocr_line' id='line_1_32' title="bbox 453 1787 1785 1809; baseline 0 0"><span class='ocrx_word' id='word_1_239' title='bbox 453 1800 600 1809; x_wconf 59' lang='grc' dir='ltr'><strong>αλιι-Λ</strong></span> <span class='ocrx_word' id='word_1_240' title='bbox 670 1787 756 1809; x_wconf 71' lang='grc'><strong>-.-2</strong></span> <span class='ocrx_word' id='word_1_241' title='bbox 799 1787 1047 1809; x_wconf 63' lang='lat' dir='ltr'><strong>I__|.,-__.,...</strong></span> <span class='ocrx_word' id='word_1_242' title='bbox 1072 1788 1279 1809; x_wconf 56' lang='lat' dir='ltr'><strong>I_l_-_-.</strong></span> <span class='ocrx_word' id='word_1_243' title='bbox 1356 1806 1465 1809; x_wconf 38' lang='lat' dir='ltr'><strong>Au”,</strong></span> <span class='ocrx_word' id='word_1_244' title='bbox 1610 1792 1622 1809; x_wconf 61' lang='grc' dir='ltr'><strong>ρ</strong></span> <span class='ocrx_word' id='word_1_245' title='bbox 1660 1793 1670 1805; x_wconf 75' lang='grc' dir='ltr'><strong>ο</strong></span> <span class='ocrx_word' id='word_1_246' title='bbox 1753 1795 1785 1809; x_wconf 76' lang='grc' dir='ltr'>ο-</span> 
     </span>
    </p>
   </div>
   <div class='ocr_carea' id='block_1_31' title="bbox 2077 1685 3693 1809">
    <p class='ocr_par' dir='ltr' id='par_1_31' title="bbox 2077 1685 3693 1809">
     <span class='ocr_line' id='line_1_33' title="bbox 2077 1685 3693 1809; baseline 0 0"><span class='ocrx_word' id='word_1_247' title='bbox 2077 1695 2270 1809; x_wconf 39' lang='lat' dir='ltr'><strong>sive</strong></span> <span class='ocrx_word' id='word_1_248' title='bbox 2301 1697 2443 1799; x_wconf 57' lang='grc' dir='ltr'><strong>ἒμάς</strong></span> <span class='ocrx_word' id='word_1_249' title='bbox 2476 1695 2634 1809; x_wconf 67' lang='grc' dir='ltr'>θὶλω’</span> <span class='ocrx_word' id='word_1_250' title='bbox 2670 1694 2798 1809; x_wconf 68' lang='grc' dir='ltr'>δῖιδ</span> <span class='ocrx_word' id='word_1_251' title='bbox 2840 1691 2977 1799; x_wconf 59' lang='grc' dir='ltr'><strong>μέτα</strong></span> <span class='ocrx_word' id='word_1_252' title='bbox 3002 1685 3693 1809; x_wconf 49' lang='grc' dir='ltr'><strong>ἡδοξῆῖῖῖεῖέετθνπξιδείςῗν</strong></span> 
     </span>
    </p>
   </div>
   <div class='ocr_carea' id='block_1_32' title="bbox 449 1774 1961 1866">
    <p class='ocr_par' dir='ltr' id='par_1_32' title="bbox 449 1787 1961 1866">
     <span class='ocr_line' id='line_1_34' title="bbox 449 1787 1961 1866; baseline 0.007 -28"><span class='ocrx_word' id='word_1_253' title='bbox 449 1800 623 1847; x_wconf 87' lang='lat' dir='ltr'><strong>scere,</strong></span> <span class='ocrx_word' id='word_1_254' title='bbox 666 1787 758 1855; x_wconf 88' lang='lat' dir='ltr'><strong>qui</strong></span> <span class='ocrx_word' id='word_1_255' title='bbox 798 1787 1047 1843; x_wconf 87' lang='lat' dir='ltr'><strong>lubenter</strong></span> <span class='ocrx_word' id='word_1_256' title='bbox 1071 1788 1302 1856; x_wconf 88' lang='lat' dir='ltr'><strong>laborat,</strong></span> <span class='ocrx_word' id='word_1_257' title='bbox 1350 1806 1499 1855; x_wconf 91' lang='lat' dir='ltr'><strong>cum,</strong></span> <span class='ocrx_word' id='word_1_258' title='bbox 1532 1792 1625 1861; x_wconf 90' lang='lat' dir='ltr'><strong>qui</strong></span> <span class='ocrx_word' id='word_1_259' title='bbox 1659 1793 1861 1850; x_wconf 88' lang='lat' dir='ltr'><strong>invitus</strong></span> <span class='ocrx_word' id='word_1_260' title='bbox 1889 1811 1961 1866; x_wconf 29' lang='lat' dir='ltr'><strong>opt</strong></span> 
     </span>
    </p>
   </div>
   <div class='ocr_carea' id='block_1_33' title="bbox 2077 1774 3695 1866">
    <p class='ocr_par' dir='ltr' id='par_1_33' title="bbox 2077 1776 3695 1858">
     <span class='ocr_line' id='line_1_35' title="bbox 2077 1776 3695 1858; baseline -0.006 -17"><span class='ocrx_word' id='word_1_261' title='bbox 2077 1776 2094 1828; x_wconf 64' lang='grc' dir='ltr'><strong><em>ἶ</em></strong></span> <span class='ocrx_word' id='word_1_262' title='bbox 2120 1788 2230 1842; x_wconf 85' lang='grc' dir='ltr'><strong>τῶν</strong></span> <span class='ocrx_word' id='word_1_263' title='bbox 2262 1788 2369 1841; x_wconf 91' lang='grc' dir='ltr'><strong>τῶν</strong></span> <span class='ocrx_word' id='word_1_264' title='bbox 2394 1787 2655 1858; x_wconf 82' lang='grc' dir='ltr'>καμάτων</span> <span class='ocrx_word' id='word_1_265' title='bbox 2691 1783 3044 1846; x_wconf 79' lang='grc' dir='ltr'>ἀναπαύεται,</span> <span class='ocrx_word' id='word_1_266' title='bbox 3071 1783 3143 1856; x_wconf 78' lang='grc' dir='ltr'>μὴ</span> <span class='ocrx_word' id='word_1_267' title='bbox 3177 1782 3348 1835; x_wconf 86' lang='grc' dir='ltr'>ποιῶν</span> <span class='ocrx_word' id='word_1_268' title='bbox 3379 1779 3437 1833; x_wconf 83' lang='grc' dir='ltr'>δὲ</span> <span class='ocrx_word' id='word_1_269' title='bbox 3459 1778 3494 1833; x_wconf 77' lang='grc' dir='ltr'>ἃ</span> <span class='ocrx_word' id='word_1_270' title='bbox 3520 1777 3695 1849; x_wconf 76' lang='grc' dir='ltr'>βούλε-</span> 
     </span>
    </p>
   </div>
   <div class='ocr_carea' id='block_1_34' title="bbox 449 1870 1961 1979">
    <p class='ocr_par' dir='ltr' id='par_1_34' title="bbox 449 1873 1961 1956">
     <span class='ocr_line' id='line_1_36' title="bbox 449 1873 1961 1956; baseline 0.011 -33"><span class='ocrx_word' id='word_1_271' title='bbox 449 1880 618 1937; x_wconf 85' lang='lat' dir='ltr'><strong>retur,</strong></span> <span class='ocrx_word' id='word_1_272' title='bbox 652 1873 704 1926; x_wconf 92' lang='lat' dir='ltr'><strong>in</strong></span> <span class='ocrx_word' id='word_1_273' title='bbox 750 1874 863 1943; x_wconf 85' lang='lat' dir='ltr'><strong>ipsa</strong></span> <span class='ocrx_word' id='word_1_274' title='bbox 911 1876 1093 1944; x_wconf 89' lang='lat' dir='ltr'><strong>quiete</strong></span> <span class='ocrx_word' id='word_1_275' title='bbox 1142 1878 1224 1932; x_wconf 88' lang='lat' dir='ltr'><strong>vel</strong></span> <span class='ocrx_word' id='word_1_276' title='bbox 1271 1881 1507 1934; x_wconf 82' lang='lat' dir='ltr'><strong>maxime</strong></span> <span class='ocrx_word' id='word_1_277' title='bbox 1557 1882 1786 1939; x_wconf 82' lang='lat' dir='ltr'><strong>laboret.</strong></span> <span class='ocrx_word' id='word_1_278' title='bbox 1836 1884 1961 1956; x_wconf 83' lang='lat' dir='ltr'><strong>Itaqt</strong></span> 
     </span>
    </p>
   </div>
   <div class='ocr_carea' id='block_1_35' title="bbox 2077 1870 3690 1979">
    <p class='ocr_par' dir='ltr' id='par_1_35' title="bbox 2119 1870 3690 1979">
     <span class='ocr_line' id='line_1_37' title="bbox 2119 1870 3690 1979; baseline -0.008 -46"><span class='ocrx_word' id='word_1_279' title='bbox 2119 1897 2210 1934; x_wconf 86' lang='grc' dir='ltr'><strong>ται</strong></span> <span class='ocrx_word' id='word_1_280' title='bbox 2253 1880 2347 1933; x_wconf 81' lang='grc' dir='ltr'>ὑπ’</span> <span class='ocrx_word' id='word_1_281' title='bbox 2387 1878 2553 1949; x_wconf 82' lang='grc' dir='ltr'>αὐτῆς</span> <span class='ocrx_word' id='word_1_282' title='bbox 2584 1877 2685 1948; x_wconf 84' lang='grc' dir='ltr'>τῆς</span> <span class='ocrx_word' id='word_1_283' title='bbox 2722 1874 3080 1936; x_wconf 81' lang='grc' dir='ltr'>ἀναπαύσεως</span> <span class='ocrx_word' id='word_1_284' title='bbox 3112 1873 3313 1943; x_wconf 83' lang='grc' dir='ltr'>κάμνει</span> <span class='ocrx_word' id='word_1_285' title='bbox 3346 1870 3417 1923; x_wconf 81' lang='grc' dir='ltr'>τὰ</span> <span class='ocrx_word' id='word_1_286' title='bbox 3450 1870 3690 1979; x_wconf 54' lang='grc' dir='ltr'><strong>μέγισταζ</strong></span> 
     </span>
     <span class='ocr_line' id='line_1_38' title="bbox 2481 1961 3654 1979; baseline 0 0"><span class='ocrx_word' id='word_1_287' title='bbox 2481 1969 2491 1979; x_wconf 91' lang='grc'><strong>.</strong></span> <span class='ocrx_word' id='word_1_288' title='bbox 2656 1967 2693 1979; x_wconf 87' lang='lat'><strong>..</strong></span> <span class='ocrx_word' id='word_1_289' title='bbox 2807 1966 2833 1978; x_wconf 73' lang='grc'><strong>-</strong></span> <span class='ocrx_word' id='word_1_290' title='bbox 2918 1966 2929 1979; x_wconf 90' lang='grc'><strong>.</strong></span> <span class='ocrx_word' id='word_1_291' title='bbox 3105 1962 3116 1978; x_wconf 85' lang='grc'><strong><em>.</em></strong></span> <span class='ocrx_word' id='word_1_292' title='bbox 3404 1961 3440 1979; x_wconf 26' lang='grc' dir='ltr'><em>γ.</em></span> <span class='ocrx_word' id='word_1_293' title='bbox 3488 1977 3537 1979; x_wconf 60' lang='lat'><strong>,_</strong></span> <span class='ocrx_word' id='word_1_294' title='bbox 3581 1976 3596 1979; x_wconf 71' lang='lat'><strong>-</strong></span> <span class='ocrx_word' id='word_1_295' title='bbox 3633 1976 3654 1979; x_wconf 83' lang='lat'><strong><em>_</em></strong></span> 
     </span>
    </p>
   </div>
   <div class='ocr_carea' id='block_1_36' title="bbox 446 1958 1961 2067">
    <p class='ocr_par' dir='ltr' id='par_1_36' title="bbox 446 1964 1961 2041">
     <span class='ocr_line' id='line_1_39' title="bbox 446 1964 1961 2041; baseline 0.011 -26"><span class='ocrx_word' id='word_1_296' title='bbox 446 1964 740 2019; x_wconf 81' lang='lat' dir='ltr'><strong>maximam</strong></span> <span class='ocrx_word' id='word_1_297' title='bbox 769 1965 903 2021; x_wconf 86' lang='lat' dir='ltr'><strong>mihi</strong></span> <span class='ocrx_word' id='word_1_298' title='bbox 936 1971 1328 2025; x_wconf 85' lang='lat' dir='ltr'><strong>recreationem</strong></span> <span class='ocrx_word' id='word_1_299' title='bbox 1361 1973 1634 2041; x_wconf 70' lang='lat' dir='ltr'><strong>praebetis,</strong></span> <span class='ocrx_word' id='word_1_300' title='bbox 1666 1976 1711 2030; x_wconf 91' lang='lat' dir='ltr'><strong>si</strong></span> <span class='ocrx_word' id='word_1_301' title='bbox 1738 1991 1823 2030; x_wconf 90' lang='lat' dir='ltr'><strong>me</strong></span> <span class='ocrx_word' id='word_1_302' title='bbox 1852 1977 1919 2031; x_wconf 92' lang='lat' dir='ltr'><strong>de</strong></span> <span class='ocrx_word' id='word_1_303' title='bbox 1950 1978 1961 2033; x_wconf 93' lang='lat' dir='ltr'><strong>i</strong></span> 
     </span>
    </p>
   </div>
   <div class='ocr_carea' id='block_1_37' title="bbox 2077 1958 3693 2067">
    <p class='ocr_par' dir='ltr' id='par_1_37' title="bbox 2121 1958 3693 2067">
     <span class='ocr_line' id='line_1_40' title="bbox 2121 1958 3693 2067; baseline -0.009 -42"><span class='ocrx_word' id='word_1_304' title='bbox 2121 1973 2282 2025; x_wconf 82' lang='grc' dir='ltr'>Ὥστε</span> <span class='ocrx_word' id='word_1_305' title='bbox 2319 1988 2409 2041; x_wconf 88' lang='grc' dir='ltr'><strong>μοι</strong></span> <span class='ocrx_word' id='word_1_306' title='bbox 2436 1969 2505 2023; x_wconf 76' lang='grc' dir='ltr'>τὰ</span> <span class='ocrx_word' id='word_1_307' title='bbox 2537 1967 2744 2039; x_wconf 77' lang='grc' dir='ltr'>μεγάλα</span> <span class='ocrx_word' id='word_1_308' title='bbox 2773 1966 2869 2037; x_wconf 86' lang='grc' dir='ltr'><strong>τῆς</strong></span> <span class='ocrx_word' id='word_1_309' title='bbox 2905 1962 3267 2067; x_wconf 74' lang='grc' dir='ltr'>ἀναπαύσεως</span> <span class='ocrx_word' id='word_1_310' title='bbox 3312 1959 3600 2067; x_wconf 70' lang='grc' dir='ltr'>χαρίζεσθε</span> <span class='ocrx_word' id='word_1_311' title='bbox 3629 1958 3693 2012; x_wconf 79' lang='grc' dir='ltr'>τὰ</span> 
     </span>
    </p>
   </div>
   <div class='ocr_carea' id='block_1_38' title="bbox 445 2053 1961 2159">
    <p class='ocr_par' dir='ltr' id='par_1_38' title="bbox 445 2055 1961 2130">
     <span class='ocr_line' id='line_1_41' title="bbox 445 2055 1961 2130; baseline 0.011 -24"><span class='ocrx_word' id='word_1_312' title='bbox 445 2055 682 2127; x_wconf 77' lang='lat' dir='ltr'><strong>colloqui</strong></span> <span class='ocrx_word' id='word_1_313' title='bbox 730 2055 933 2122; x_wconf 89' lang='lat' dir='ltr'><strong>facitis,</strong></span> <span class='ocrx_word' id='word_1_314' title='bbox 990 2077 1112 2130; x_wconf 75' lang='lat' dir='ltr'><strong>qua:</strong></span> <span class='ocrx_word' id='word_1_315' title='bbox 1140 2063 1274 2118; x_wconf 80' lang='lat' dir='ltr'><strong>milii</strong></span> <span class='ocrx_word' id='word_1_316' title='bbox 1308 2064 1363 2118; x_wconf 92' lang='lat' dir='ltr'><strong>in</strong></span> <span class='ocrx_word' id='word_1_317' title='bbox 1394 2064 1604 2121; x_wconf 86' lang='lat' dir='ltr'><strong>deliciis</strong></span> <span class='ocrx_word' id='word_1_318' title='bbox 1655 2077 1802 2122; x_wconf 88' lang='lat' dir='ltr'><strong>sunt.</strong></span> <span class='ocrx_word' id='word_1_319' title='bbox 1834 2067 1912 2124; x_wconf 90' lang='lat' dir='ltr'><strong>lta</strong></span> <span class='ocrx_word' id='word_1_320' title='bbox 1950 2090 1961 2123; x_wconf 76' lang='grc' dir='ltr'><strong>ι</strong></span> 
     </span>
    </p>
   </div>
   <div class='ocr_carea' id='block_1_39' title="bbox 2077 2053 3689 2159">
    <p class='ocr_par' dir='ltr' id='par_1_39' title="bbox 2116 2053 3689 2159">
     <span class='ocr_line' id='line_1_42' title="bbox 2116 2053 3689 2159; baseline -0.01 -42"><span class='ocrx_word' id='word_1_321' title='bbox 2116 2064 2239 2134; x_wconf 72' lang='grc' dir='ltr'>ἐμοὶ</span> <span class='ocrx_word' id='word_1_322' title='bbox 2273 2062 2400 2132; x_wconf 85' lang='grc' dir='ltr'>φίλα</span> <span class='ocrx_word' id='word_1_323' title='bbox 2446 2059 2785 2130; x_wconf 83' lang='grc' dir='ltr'>διαλέγεσθαι</span> <span class='ocrx_word' id='word_1_324' title='bbox 2833 2056 3131 2117; x_wconf 79' lang='grc' dir='ltr'>ποιοῦντες.</span> <span class='ocrx_word' id='word_1_325' title='bbox 3162 2053 3435 2159; x_wconf 46' lang='grc' dir='ltr'>Πλὴνξπὶ</span> <span class='ocrx_word' id='word_1_326' title='bbox 3461 2053 3527 2122; x_wconf 78' lang='grc' dir='ltr'>τῇ</span> 
     </span>
    </p>
   </div>
   <div class='ocr_carea' id='block_1_40' title="bbox 441 2146 1961 2252">
    <p class='ocr_par' dir='ltr' id='par_1_40' title="bbox 441 2146 1961 2231">
     <span class='ocr_line' id='line_1_43' title="bbox 441 2146 1961 2231; baseline 0.013 -35"><span class='ocrx_word' id='word_1_327' title='bbox 441 2146 674 2202; x_wconf 87' lang='lat' dir='ltr'><strong>consilio</strong></span> <span class='ocrx_word' id='word_1_328' title='bbox 719 2147 839 2218; x_wconf 88' lang='lat' dir='ltr'><strong>ejus</strong></span> <span class='ocrx_word' id='word_1_329' title='bbox 895 2151 1158 2207; x_wconf 84' lang='lat' dir='ltr'><strong>satisfaeti</strong></span> <span class='ocrx_word' id='word_1_330' title='bbox 1202 2164 1254 2210; x_wconf 90' lang='lat' dir='ltr'><strong>et</strong></span> <span class='ocrx_word' id='word_1_331' title='bbox 1306 2156 1616 2211; x_wconf 83' lang='lat' dir='ltr'><strong>lassitudini</strong></span> <span class='ocrx_word' id='word_1_332' title='bbox 1672 2158 1961 2231; x_wconf 62' lang='lat' dir='ltr'><strong>indulgenti</strong></span> 
     </span>
    </p>
   </div>
   <div class='ocr_carea' id='block_1_41' title="bbox 2077 2146 3691 2252">
    <p class='ocr_par' dir='ltr' id='par_1_41' title="bbox 2116 2146 3691 2252">
     <span class='ocr_line' id='line_1_44' title="bbox 2116 2146 3691 2227; baseline -0.01 -18"><span class='ocrx_word' id='word_1_333' title='bbox 2116 2154 2325 2227; x_wconf 81' lang='grc' dir='ltr'>αιρέσει</span> <span class='ocrx_word' id='word_1_334' title='bbox 2403 2150 2568 2207; x_wconf 81' lang='grc' dir='ltr'>αὐτοῦ</span> <span class='ocrx_word' id='word_1_335' title='bbox 2643 2148 3063 2221; x_wconf 82' lang='grc' dir='ltr'>ὲξαρκεσθέντες</span> <span class='ocrx_word' id='word_1_336' title='bbox 3110 2146 3206 2200; x_wconf 74' lang='grc' dir='ltr'><strong>καὶ</strong></span> <span class='ocrx_word' id='word_1_337' title='bbox 3258 2147 3374 2208; x_wconf 77' lang='grc' dir='ltr'>τοῖς</span> <span class='ocrx_word' id='word_1_338' title='bbox 3434 2146 3691 2215; x_wconf 74' lang='grc' dir='ltr'>καμάτοις</span> 
     </span>
     <span class='ocr_line' id='line_1_45' title="bbox 2609 2233 3651 2252; baseline 0 0"><span class='ocrx_word' id='word_1_339' title='bbox 2609 2245 2619 2252; x_wconf 93' lang='grc'>.</span> <span class='ocrx_word' id='word_1_340' title='bbox 2760 2245 2771 2252; x_wconf 93' lang='grc'>.</span> <span class='ocrx_word' id='word_1_341' title='bbox 2908 2241 2953 2252; x_wconf 87' lang='grc'><strong>--</strong></span> <span class='ocrx_word' id='word_1_342' title='bbox 3017 2241 3029 2252; x_wconf 98' lang='grc'>.</span> <span class='ocrx_word' id='word_1_343' title='bbox 3167 2241 3179 2252; x_wconf 92' lang='grc'><em>.</em></span> <span class='ocrx_word' id='word_1_344' title='bbox 3233 2240 3259 2252; x_wconf 92' lang='lat'><strong>..</strong></span> <span class='ocrx_word' id='word_1_345' title='bbox 3297 2239 3352 2252; x_wconf 82' lang='lat'><strong>....</strong></span> <span class='ocrx_word' id='word_1_346' title='bbox 3452 2233 3478 2252; x_wconf 64' lang='grc' dir='ltr'><strong>τ</strong></span> <span class='ocrx_word' id='word_1_347' title='bbox 3638 2236 3651 2252; x_wconf 69' lang='grc' dir='ltr'><strong>ι</strong></span> 
     </span>
    </p>
   </div>
   <div class='ocr_carea' id='block_1_42' title="bbox 442 2233 1961 2344">
    <p class='ocr_par' dir='ltr' id='par_1_42' title="bbox 442 2238 1961 2321">
     <span class='ocr_line' id='line_1_46' title="bbox 442 2238 1961 2321; baseline 0.013 -32"><span class='ocrx_word' id='word_1_348' title='bbox 442 2238 755 2306; x_wconf 84' lang='lat' dir='ltr'><strong>rogavimus</strong></span> <span class='ocrx_word' id='word_1_349' title='bbox 785 2252 845 2296; x_wconf 91' lang='lat' dir='ltr'><strong>ut</strong></span> <span class='ocrx_word' id='word_1_350' title='bbox 885 2243 939 2297; x_wconf 93' lang='lat' dir='ltr'><strong>in</strong></span> <span class='ocrx_word' id='word_1_351' title='bbox 993 2254 1207 2307; x_wconf 87' lang='lat' dir='ltr'><strong>noctem</strong></span> <span class='ocrx_word' id='word_1_352' title='bbox 1237 2248 1499 2316; x_wconf 77' lang='lat' dir='ltr'><strong>diﬂ‘erret,</strong></span> <span class='ocrx_word' id='word_1_353' title='bbox 1547 2254 1961 2321; x_wconf 65' lang='lat' dir='ltr'><strong>quemadmodui</strong></span> 
     </span>
    </p>
   </div>
   <div class='ocr_carea' id='block_1_43' title="bbox 2077 2233 3691 2344">
    <p class='ocr_par' dir='ltr' id='par_1_43' title="bbox 2116 2233 3691 2344">
     <span class='ocr_line' id='line_1_47' title="bbox 2116 2233 3691 2344; baseline -0.008 -43"><span class='ocrx_word' id='word_1_354' title='bbox 2116 2247 2439 2317; x_wconf 81' lang='grc' dir='ltr'>συγγνόντες</span> <span class='ocrx_word' id='word_1_355' title='bbox 2467 2247 2545 2309; x_wconf 86' lang='grc' dir='ltr'><strong>είς</strong></span> <span class='ocrx_word' id='word_1_356' title='bbox 2570 2245 2667 2316; x_wconf 73' lang='grc' dir='ltr'>τὴν</span> <span class='ocrx_word' id='word_1_357' title='bbox 2714 2245 2883 2297; x_wconf 88' lang='grc' dir='ltr'>νύκτα</span> <span class='ocrx_word' id='word_1_358' title='bbox 2908 2241 2973 2305; x_wconf 78' lang='grc'><strong>⁸⁷,</strong></span> <span class='ocrx_word' id='word_1_359' title='bbox 3000 2241 3077 2305; x_wconf 85' lang='grc' dir='ltr'>ὡς</span> <span class='ocrx_word' id='word_1_360' title='bbox 3122 2240 3271 2311; x_wconf 82' lang='grc' dir='ltr'>αύτῷ</span> <span class='ocrx_word' id='word_1_361' title='bbox 3296 2239 3418 2303; x_wconf 73' lang='grc' dir='ltr'>ἔθος</span> <span class='ocrx_word' id='word_1_362' title='bbox 3450 2233 3518 2308; x_wconf 78' lang='grc' dir='ltr'>ἦν</span> <span class='ocrx_word' id='word_1_363' title='bbox 3561 2236 3691 2344; x_wconf 54' lang='grc' dir='ltr'>προς</span> 
     </span>
    </p>
   </div>
   <div class='ocr_carea' id='block_1_44' title="bbox 441 2330 1961 2437">
    <p class='ocr_par' dir='ltr' id='par_1_44' title="bbox 441 2330 1961 2414">
     <span class='ocr_line' id='line_1_48' title="bbox 441 2330 1961 2414; baseline 0.015 -35"><span class='ocrx_word' id='word_1_364' title='bbox 441 2343 561 2384; x_wconf 90' lang='lat' dir='ltr'><strong>mos</strong></span> <span class='ocrx_word' id='word_1_365' title='bbox 601 2330 649 2385; x_wconf 91' lang='lat' dir='ltr'><strong>ei</strong></span> <span class='ocrx_word' id='word_1_366' title='bbox 694 2341 812 2387; x_wconf 89' lang='lat' dir='ltr'><strong>erat</strong></span> <span class='ocrx_word' id='word_1_367' title='bbox 858 2348 981 2389; x_wconf 92' lang='lat' dir='ltr'><strong>cum</strong></span> <span class='ocrx_word' id='word_1_368' title='bbox 1055 2336 1418 2398; x_wconf 81' lang='lat' dir='ltr'><strong>familiaribus</strong></span> <span class='ocrx_word' id='word_1_369' title='bbox 1486 2344 1856 2414; x_wconf 89' lang='lat' dir='ltr'><strong>colloquendi.</strong></span> <span class='ocrx_word' id='word_1_370' title='bbox 1931 2348 1961 2401; x_wconf 74' lang='grc' dir='ltr'><strong><em>Α</em></strong></span> 
     </span>
    </p>
   </div>
   <div class='ocr_carea' id='block_1_45' title="bbox 2077 2330 3691 2437">
    <p class='ocr_par' dir='ltr' id='par_1_45' title="bbox 2109 2330 3691 2437">
     <span class='ocr_line' id='line_1_49' title="bbox 2109 2330 3691 2437; baseline -0.006 -46"><span class='ocrx_word' id='word_1_371' title='bbox 2109 2340 2238 2403; x_wconf 85' lang='grc' dir='ltr'>τοὺς</span> <span class='ocrx_word' id='word_1_372' title='bbox 2268 2335 2715 2410; x_wconf 77' lang='grc' dir='ltr'>γνησι[ωτὲρους]</span> <span class='ocrx_word' id='word_1_373' title='bbox 2757 2332 3173 2435; x_wconf 45' lang='grc' dir='ltr'>λέγεσθαι,-τὴν</span> <span class='ocrx_word' id='word_1_374' title='bbox 3221 2332 3519 2437; x_wconf 46' lang='grc' dir='ltr'>ὑπερθρεσιν</span> <span class='ocrx_word' id='word_1_375' title='bbox 3547 2330 3691 2437; x_wconf 55' lang='grc' dir='ltr'>γενε-</span> 
     </span>
    </p>
   </div>
   <div class='ocr_carea' id='block_1_46' title="bbox 439 2420 1961 2589">
    <p class='ocr_par' dir='ltr' id='par_1_46' title="bbox 439 2420 1911 2495">
     <span class='ocr_line' id='line_1_50' title="bbox 439 2420 1911 2495; baseline 0.014 -23"><span class='ocrx_word' id='word_1_376' title='bbox 439 2427 624 2487; x_wconf 78' lang='lat' dir='ltr'><strong>postca</strong></span> <span class='ocrx_word' id='word_1_377' title='bbox 644 2420 766 2477; x_wconf 90' lang='lat' dir='ltr'><strong>cibo</strong></span> <span class='ocrx_word' id='word_1_378' title='bbox 800 2436 1018 2495; x_wconf 84' lang='lat' dir='ltr'><strong>sumpto</strong></span> <span class='ocrx_word' id='word_1_379' title='bbox 1043 2428 1109 2482; x_wconf 88' lang='lat' dir='ltr'><strong>ad</strong></span> <span class='ocrx_word' id='word_1_380' title='bbox 1137 2445 1389 2486; x_wconf 86' lang='lat' dir='ltr'><strong>somnum</strong></span> <span class='ocrx_word' id='word_1_381' title='bbox 1421 2436 1669 2491; x_wconf 84' lang='lat' dir='ltr'><strong>conversi</strong></span> <span class='ocrx_word' id='word_1_382' title='bbox 1700 2450 1911 2493; x_wconf 89' lang='lat' dir='ltr'><strong>sumus.</strong></span> 
     </span>
    </p>
   </div>
   <div class='ocr_carea' id='block_1_47' title="bbox 2077 2420 3690 2589">
    <p class='ocr_par' dir='ltr' id='par_1_47' title="bbox 2109 2421 3690 2589">
     <span class='ocr_line' id='line_1_51' title="bbox 2111 2421 3690 2497; baseline -0.005 -16"><span class='ocrx_word' id='word_1_383' title='bbox 2111 2428 2233 2481; x_wconf 77' lang='grc' dir='ltr'>σθαι</span> <span class='ocrx_word' id='word_1_384' title='bbox 2306 2427 2637 2497; x_wconf 68' lang='grc' dir='ltr'>ἠξιώσαμεν.</span> <span class='ocrx_word' id='word_1_385' title='bbox 2686 2427 2797 2479; x_wconf 92' lang='lat' dir='ltr'><strong>Kal</strong></span> <span class='ocrx_word' id='word_1_386' title='bbox 2828 2424 2891 2497; x_wconf 83' lang='grc' dir='ltr'>δὴ</span> <span class='ocrx_word' id='word_1_387' title='bbox 2959 2422 3104 2477; x_wconf 84' lang='grc' dir='ltr'>ἁλῶν</span> <span class='ocrx_word' id='word_1_388' title='bbox 3168 2423 3567 2495; x_wconf 76' lang='grc' dir='ltr'>μεταλαϐόντες</span> <span class='ocrx_word' id='word_1_389' title='bbox 3614 2421 3690 2485; x_wconf 85' lang='grc' dir='ltr'><strong>είς</strong></span> 
     </span>
     <span class='ocr_line' id='line_1_52' title="bbox 2109 2512 3148 2589; baseline -0.004 -15"><span class='ocrx_word' id='word_1_390' title='bbox 2109 2518 2276 2574; x_wconf 73' lang='grc' dir='ltr'>ὕπνον</span> <span class='ocrx_word' id='word_1_391' title='bbox 2310 2512 2695 2589; x_wconf 70' lang='grc' dir='ltr'>[ὲτράιπημεν.</span> <span class='ocrx_word' id='word_1_392' title='bbox 3141 2516 3148 2523; x_wconf 84' lang='grc'><strong>”</strong></span> 
     </span>
    </p>
   </div>
   <div class='ocr_carea' id='block_1_48' title="bbox 2109 2517 2695 2590">
    <p class='ocr_par' dir='ltr' id='par_1_48' title="bbox 2109 2517 2695 2590">
     <span class='ocr_line' id='line_1_53' title="bbox 2109 2517 2695 2590; baseline -0.003 -16"><span class='ocrx_word' id='word_1_393' title='bbox 2109 2518 2276 2574; x_wconf 73' lang='grc' dir='ltr'>ὕπνον</span> <span class='ocrx_word' id='word_1_394' title='bbox 2310 2517 2695 2590; x_wconf 70' lang='grc' dir='ltr'>[ὲτράιπημεν.</span> 
     </span>
    </p>
   </div>
   <div class='ocr_carea' id='block_1_49' title="bbox 2590 2746 3182 2820">
    <p class='ocr_par' dir='ltr' id='par_1_49' title="bbox 2590 2746 3182 2820">
     <span class='ocr_line' id='line_1_54' title="bbox 2590 2746 3182 2820; baseline 0.002 -21"><span class='ocrx_word' id='word_1_395' title='bbox 2590 2748 2756 2820; x_wconf 71' lang='lat'><strong>396</strong></span> <span class='ocrx_word' id='word_1_396' title='bbox 2804 2746 3062 2801; x_wconf 81' lang='lat' dir='ltr'><strong>&#39;OMIAIA</strong></span> <span class='ocrx_word' id='word_1_397' title='bbox 3099 2747 3182 2800; x_wconf 72' lang='grc' dir='ltr'><strong>κ’.</strong></span> 
     </span>
    </p>
   </div>
   <div class='ocr_carea' id='block_1_50' title="bbox 2169 2856 3683 2934">
    <p class='ocr_par' dir='ltr' id='par_1_50' title="bbox 2169 2856 3683 2934">
     <span class='ocr_line' id='line_1_55' title="bbox 2169 2856 3683 2934; baseline -0.004 -19"><span class='ocrx_word' id='word_1_398' title='bbox 2169 2862 2210 2917; x_wconf 91' lang='lat' dir='ltr'><strong>l.</strong></span> <span class='ocrx_word' id='word_1_399' title='bbox 2250 2861 2485 2934; x_wconf 83' lang='grc' dir='ltr'>Νύκτωρ</span> <span class='ocrx_word' id='word_1_400' title='bbox 2516 2860 2573 2915; x_wconf 85' lang='grc' dir='ltr'>δὲ</span> <span class='ocrx_word' id='word_1_401' title='bbox 2601 2859 2888 2922; x_wconf 77' lang='grc' dir='ltr'>διαναστὰς</span> <span class='ocrx_word' id='word_1_402' title='bbox 2920 2858 3014 2912; x_wconf 74' lang='lat' dir='ltr'><strong>xal</strong></span> <span class='ocrx_word' id='word_1_403' title='bbox 3045 2859 3334 2922; x_wconf 83' lang='grc' dir='ltr'>διυπνίσας</span> <span class='ocrx_word' id='word_1_404' title='bbox 3358 2860 3527 2931; x_wconf 81' lang='grc' dir='ltr'>ἡμᾶς,</span> <span class='ocrx_word' id='word_1_405' title='bbox 3551 2856 3683 2910; x_wconf 81' lang='grc' dir='ltr'>καο-</span> 
     </span>
    </p>
   </div>
   <div class='ocr_carea' id='block_1_51' title="bbox 2094 2944 3684 3028">
    <p class='ocr_par' dir='ltr' id='par_1_51' title="bbox 2094 2944 3684 3028">
     <span class='ocr_line' id='line_1_56' title="bbox 2094 2944 3684 3028; baseline -0.003 -21"><span class='ocrx_word' id='word_1_406' title='bbox 2094 2954 2275 3017; x_wconf 73' lang='grc' dir='ltr'>εσθεὶς</span> <span class='ocrx_word' id='word_1_407' title='bbox 2332 2955 2575 3028; x_wconf 77' lang='grc' dir='ltr'>συνήθως</span> <span class='ocrx_word' id='word_1_408' title='bbox 2632 2953 2770 3026; x_wconf 82' lang='grc' dir='ltr'>ἔφη’</span> <span class='ocrx_word' id='word_1_409' title='bbox 2824 2952 3161 3006; x_wconf 81' lang='grc' dir='ltr'>Πυνθάνεσθέ</span> <span class='ocrx_word' id='word_1_410' title='bbox 3232 2971 3365 3024; x_wconf 87' lang='grc' dir='ltr'>μου,</span> <span class='ocrx_word' id='word_1_411' title='bbox 3427 2952 3558 3024; x_wconf 79' lang='grc' dir='ltr'>περὶ</span> <span class='ocrx_word' id='word_1_412' title='bbox 3610 2944 3684 3003; x_wconf 82' lang='grc' dir='ltr'><strong>ῶν</strong></span> 
     </span>
    </p>
   </div>
   <div class='ocr_carea' id='block_1_52' title="bbox 1194 2663 1257 2674">
    <p class='ocr_par' dir='ltr' id='par_1_52' title="bbox 1194 2663 1257 2674">
     <span class='ocr_line' id='line_1_57' title="bbox 1194 2663 1257 2674; baseline -0.016 0"><span class='ocrx_word' id='word_1_413' title='bbox 1194 2663 1257 2674; x_wconf 77' lang='lat'><strong><em>—</em></strong></span> 
     </span>
    </p>
   </div>
   <div class='ocr_carea' id='block_1_53' title="bbox 997 2746 1442 2807">
    <p class='ocr_par' dir='ltr' id='par_1_53' title="bbox 997 2746 1442 2807">
     <span class='ocr_line' id='line_1_58' title="bbox 997 2746 1442 2807; baseline 0.009 -5"><span class='ocrx_word' id='word_1_414' title='bbox 997 2746 1285 2804; x_wconf 81' lang='lat' dir='ltr'><strong>llOMlLIA</strong></span> <span class='ocrx_word' id='word_1_415' title='bbox 1321 2748 1442 2807; x_wconf 84' lang='lat' dir='ltr'><strong>XX.</strong></span> 
     </span>
    </p>
   </div>
   <div class='ocr_carea' id='block_1_54' title="bbox 498 2853 1996 2937">
    <p class='ocr_par' dir='ltr' id='par_1_54' title="bbox 498 2853 1996 2937">
     <span class='ocr_line' id='line_1_59' title="bbox 498 2853 1996 2937; baseline 0.013 -28"><span class='ocrx_word' id='word_1_416' title='bbox 498 2853 539 2910; x_wconf 94' lang='grc'><strong>1.</strong></span> <span class='ocrx_word' id='word_1_417' title='bbox 585 2854 687 2912; x_wconf 89' lang='lat' dir='ltr'><strong>Ubi</strong></span> <span class='ocrx_word' id='word_1_418' title='bbox 722 2867 884 2914; x_wconf 91' lang='lat' dir='ltr'><strong>noctu</strong></span> <span class='ocrx_word' id='word_1_419' title='bbox 915 2862 1176 2929; x_wconf 80' lang='lat' dir='ltr'><strong>surrexit,</strong></span> <span class='ocrx_word' id='word_1_420' title='bbox 1230 2864 1388 2919; x_wconf 89' lang='lat' dir='ltr'><strong>nobis</strong></span> <span class='ocrx_word' id='word_1_421' title='bbox 1430 2866 1828 2937; x_wconf 80' lang='lat' dir='ltr'><strong>expergefactis</strong></span> <span class='ocrx_word' id='word_1_422' title='bbox 1858 2886 1996 2927; x_wconf 90' lang='lat' dir='ltr'><strong>con-</strong></span> 
     </span>
    </p>
   </div>
   <div class='ocr_carea' id='block_1_55' title="bbox 425 2946 1991 3032">
    <p class='ocr_par' dir='ltr' id='par_1_55' title="bbox 425 2946 1991 3032">
     <span class='ocr_line' id='line_1_60' title="bbox 425 2946 1991 3032; baseline 0.012 -32"><span class='ocrx_word' id='word_1_423' title='bbox 425 2946 565 3003; x_wconf 89' lang='lat' dir='ltr'><strong>sedit</strong></span> <span class='ocrx_word' id='word_1_424' title='bbox 612 2953 912 3007; x_wconf 85' lang='lat' dir='ltr'><strong>secundum</strong></span> <span class='ocrx_word' id='word_1_425' title='bbox 951 2969 1156 3009; x_wconf 92' lang='lat' dir='ltr'><strong>morem</strong></span> <span class='ocrx_word' id='word_1_426' title='bbox 1202 2965 1255 3011; x_wconf 91' lang='lat' dir='ltr'><strong>et</strong></span> <span class='ocrx_word' id='word_1_427' title='bbox 1299 2957 1476 3012; x_wconf 78' lang='lat' dir='ltr'><strong>dixit:</strong></span> <span class='ocrx_word' id='word_1_428' title='bbox 1508 2957 1844 3032; x_wconf 85' lang='lat' dir='ltr'><strong>lnterrogate</strong></span> <span class='ocrx_word' id='word_1_429' title='bbox 1884 2979 1991 3026; x_wconf 88' lang='lat' dir='ltr'><strong>me.</strong></span> 
     </span>
    </p>
   </div>
   <div class='ocr_carea' id='block_1_56' title="bbox 424 3040 1961 3148">
    <p class='ocr_par' dir='ltr' id='par_1_56' title="bbox 424 3040 1959 3120">
     <span class='ocr_line' id='line_1_61' title="bbox 424 3040 1959 3120; baseline 0.013 -29"><span class='ocrx_word' id='word_1_430' title='bbox 424 3040 492 3093; x_wconf 88' lang='lat' dir='ltr'><strong>de</strong></span> <span class='ocrx_word' id='word_1_431' title='bbox 521 3041 722 3109; x_wconf 89' lang='lat' dir='ltr'><strong>quibus</strong></span> <span class='ocrx_word' id='word_1_432' title='bbox 748 3042 916 3100; x_wconf 90' lang='lat' dir='ltr'><strong>lubet.</strong></span> <span class='ocrx_word' id='word_1_433' title='bbox 955 3043 1093 3101; x_wconf 90' lang='lat' dir='ltr'><strong>Tum</strong></span> <span class='ocrx_word' id='word_1_434' title='bbox 1130 3045 1442 3118; x_wconf 86' lang='lat' dir='ltr'><strong>Sophonias</strong></span> <span class='ocrx_word' id='word_1_435' title='bbox 1483 3051 1692 3120; x_wconf 86' lang='lat' dir='ltr'><strong>primus</strong></span> <span class='ocrx_word' id='word_1_436' title='bbox 1715 3052 1764 3106; x_wconf 90' lang='lat' dir='ltr'><strong>ei</strong></span> <span class='ocrx_word' id='word_1_437' title='bbox 1811 3054 1959 3111; x_wconf 91' lang='lat' dir='ltr'><strong>dicer</strong></span> 
     </span>
    </p>
   </div>
   <div class='ocr_carea' id='block_1_57' title="bbox 2077 3040 3678 3148">
    <p class='ocr_par' dir='ltr' id='par_1_57' title="bbox 2096 3044 3678 3148">
     <span class='ocr_line' id='line_1_62' title="bbox 2096 3044 3678 3148; baseline -0.003 -46"><span class='ocrx_word' id='word_1_438' title='bbox 2096 3047 2366 3119; x_wconf 89' lang='grc' dir='ltr'>βούλεσθε.</span> <span class='ocrx_word' id='word_1_439' title='bbox 2415 3048 2525 3101; x_wconf 89' lang='lat' dir='ltr'><strong>Kal</strong></span> <span class='ocrx_word' id='word_1_440' title='bbox 2547 3048 2575 3100; x_wconf 92' lang='lat'><strong>6</strong></span> <span class='ocrx_word' id='word_1_441' title='bbox 2605 3045 2881 3116; x_wconf 86' lang='grc' dir='ltr'>Σοφωνίας</span> <span class='ocrx_word' id='word_1_442' title='bbox 2944 3044 3095 3116; x_wconf 82' lang='grc' dir='ltr'>αὐτῷ</span> <span class='ocrx_word' id='word_1_443' title='bbox 3141 3046 3402 3148; x_wconf 48' lang='grc' dir='ltr'>,πρῶτος</span> <span class='ocrx_word' id='word_1_444' title='bbox 3423 3046 3678 3148; x_wconf 55' lang='grc' dir='ltr'><strong>Δἦρξατω</strong></span> 
     </span>
    </p>
   </div>
   <div class='ocr_carea' id='block_1_58' title="bbox 422 3130 1961 3219">
    <p class='ocr_par' dir='ltr' id='par_1_58' title="bbox 422 3130 1961 3216">
     <span class='ocr_line' id='line_1_63' title="bbox 422 3130 1961 3216; baseline 0.012 -35"><span class='ocrx_word' id='word_1_445' title='bbox 422 3130 646 3201; x_wconf 75' lang='grc' dir='ltr'>ἰιιοωρίι</span> <span class='ocrx_word' id='word_1_446' title='bbox 675 3152 689 3188; x_wconf 90' lang='lat'><strong>:</strong></span> <span class='ocrx_word' id='word_1_447' title='bbox 720 3131 942 3204; x_wconf 87' lang='lat' dir='ltr'><strong>Explica</strong></span> <span class='ocrx_word' id='word_1_448' title='bbox 987 3137 1144 3193; x_wconf 90' lang='lat' dir='ltr'><strong>nobis</strong></span> <span class='ocrx_word' id='word_1_449' title='bbox 1187 3139 1398 3195; x_wconf 83' lang='lat' dir='ltr'><strong>discere</strong></span> <span class='ocrx_word' id='word_1_450' title='bbox 1452 3142 1822 3213; x_wconf 83' lang='lat' dir='ltr'><strong>cupientibus,</strong></span> <span class='ocrx_word' id='word_1_451' title='bbox 1858 3149 1961 3216; x_wconf 71' lang='lat' dir='ltr'><strong>quit</strong></span> 
     </span>
    </p>
   </div>
   <div class='ocr_carea' id='block_1_59' title="bbox 2077 3130 3681 3219">
    <p class='ocr_par' dir='ltr' id='par_1_59' title="bbox 2094 3137 3681 3210">
     <span class='ocr_line' id='line_1_64' title="bbox 2094 3137 3681 3210; baseline -0.001 -18"><span class='ocrx_word' id='word_1_452' title='bbox 2094 3139 2219 3203; x_wconf 89' lang='grc' dir='ltr'>Πῶς</span> <span class='ocrx_word' id='word_1_453' title='bbox 2245 3139 2412 3203; x_wconf 74' lang='grc' dir='ltr'>ὅντως</span> <span class='ocrx_word' id='word_1_454' title='bbox 2440 3141 2469 3193; x_wconf 89' lang='lat'><strong>6</strong></span> <span class='ocrx_word' id='word_1_455' title='bbox 2493 3137 2621 3210; x_wconf 77' lang='grc' dir='ltr'>περὶ</span> <span class='ocrx_word' id='word_1_456' title='bbox 2662 3137 2900 3209; x_wconf 86' lang='grc' dir='ltr'>πονηροῦ</span> <span class='ocrx_word' id='word_1_457' title='bbox 2938 3137 3093 3206; x_wconf 84' lang='grc' dir='ltr'>λόγος</span> <span class='ocrx_word' id='word_1_458' title='bbox 3139 3137 3277 3209; x_wconf 81' lang='grc' dir='ltr'>ἔχει,</span> <span class='ocrx_word' id='word_1_459' title='bbox 3319 3138 3681 3209; x_wconf 75' lang='grc' dir='ltr'>ἐπιθυμοῦσιν</span> 
     </span>
    </p>
   </div>
   <div class='ocr_carea' id='block_1_60' title="bbox 419 3226 1977 3306">
    <p class='ocr_par' dir='ltr' id='par_1_60' title="bbox 419 3226 1977 3306">
     <span class='ocr_line' id='line_1_65' title="bbox 419 3226 1977 3306; baseline 0.012 -31"><span class='ocrx_word' id='word_1_460' title='bbox 419 3238 611 3291; x_wconf 85' lang='lat' dir='ltr'><strong>reapse</strong></span> <span class='ocrx_word' id='word_1_461' title='bbox 636 3226 702 3280; x_wconf 91' lang='lat' dir='ltr'><strong>de</strong></span> <span class='ocrx_word' id='word_1_462' title='bbox 732 3228 872 3280; x_wconf 89' lang='lat' dir='ltr'><strong>malo</strong></span> <span class='ocrx_word' id='word_1_463' title='bbox 919 3227 990 3283; x_wconf 88' lang='lat' dir='ltr'><strong>sit</strong></span> <span class='ocrx_word' id='word_1_464' title='bbox 1032 3230 1396 3287; x_wconf 86' lang='lat' dir='ltr'><strong>sentiendum.</strong></span> <span class='ocrx_word' id='word_1_465' title='bbox 1445 3230 1513 3288; x_wconf 85' lang='lat' dir='ltr'><strong>Et</strong></span> <span class='ocrx_word' id='word_1_466' title='bbox 1540 3233 1732 3292; x_wconf 86' lang='lat' dir='ltr'><strong>Petrus</strong></span> <span class='ocrx_word' id='word_1_467' title='bbox 1774 3255 1788 3293; x_wconf 93' lang='lat'><strong>:</strong></span> <span class='ocrx_word' id='word_1_468' title='bbox 1833 3237 1977 3306; x_wconf 86' lang='lat' dir='ltr'><strong>Jam,</strong></span> 
     </span>
    </p>
   </div>
   <div class='ocr_carea' id='block_1_61' title="bbox 418 3316 1983 3391">
    <p class='ocr_par' dir='ltr' id='par_1_61' title="bbox 418 3316 1983 3391">
     <span class='ocr_line' id='line_1_66' title="bbox 418 3316 1983 3391; baseline 0.013 -23"><span class='ocrx_word' id='word_1_469' title='bbox 418 3316 614 3385; x_wconf 87' lang='lat' dir='ltr'><strong>inquit,</strong></span> <span class='ocrx_word' id='word_1_470' title='bbox 647 3319 699 3373; x_wconf 92' lang='lat' dir='ltr'><strong>in</strong></span> <span class='ocrx_word' id='word_1_471' title='bbox 728 3321 1095 3391; x_wconf 85' lang='lat' dir='ltr'><strong>disputatione</strong></span> <span class='ocrx_word' id='word_1_472' title='bbox 1141 3340 1267 3379; x_wconf 92' lang='lat' dir='ltr'><strong>cum</strong></span> <span class='ocrx_word' id='word_1_473' title='bbox 1312 3324 1537 3383; x_wconf 89' lang='lat' dir='ltr'><strong>Simone</strong></span> <span class='ocrx_word' id='word_1_474' title='bbox 1583 3329 1768 3385; x_wconf 80' lang='lat' dir='ltr'><strong>habita</strong></span> <span class='ocrx_word' id='word_1_475' title='bbox 1798 3332 1851 3387; x_wconf 90' lang='lat' dir='ltr'><strong>id</strong></span> <span class='ocrx_word' id='word_1_476' title='bbox 1883 3333 1983 3388; x_wconf 87' lang='lat' dir='ltr'><strong>de-</strong></span> 
     </span>
    </p>
   </div>
   <div class='ocr_carea' id='block_1_62' title="bbox 415 3411 1984 3494">
    <p class='ocr_par' dir='ltr' id='par_1_62' title="bbox 415 3411 1984 3494">
     <span class='ocr_line' id='line_1_67' title="bbox 415 3411 1984 3494; baseline 0.013 -34"><span class='ocrx_word' id='word_1_477' title='bbox 415 3411 741 3479; x_wconf 86' lang='lat' dir='ltr'><strong>monstravi,</strong></span> <span class='ocrx_word' id='word_1_478' title='bbox 781 3413 907 3468; x_wconf 89' lang='lat' dir='ltr'><strong>licet</strong></span> <span class='ocrx_word' id='word_1_479' title='bbox 958 3416 1122 3470; x_wconf 86' lang='lat' dir='ltr'><strong>variis</strong></span> <span class='ocrx_word' id='word_1_480' title='bbox 1157 3416 1211 3470; x_wconf 93' lang='lat' dir='ltr'><strong>in</strong></span> <span class='ocrx_word' id='word_1_481' title='bbox 1241 3418 1498 3487; x_wconf 87' lang='lat' dir='ltr'><strong>capitulis</strong></span> <span class='ocrx_word' id='word_1_482' title='bbox 1527 3436 1639 3475; x_wconf 90' lang='lat' dir='ltr'><strong>non</strong></span> <span class='ocrx_word' id='word_1_483' title='bbox 1697 3425 1984 3494; x_wconf 89' lang='lat' dir='ltr'><strong>perspicue</strong></span> 
     </span>
    </p>
   </div>
   <div class='ocr_carea' id='block_1_63' title="bbox 418 3503 1982 3585">
    <p class='ocr_par' dir='ltr' id='par_1_63' title="bbox 418 3503 1982 3585">
     <span class='ocr_line' id='line_1_68' title="bbox 418 3503 1982 3585; baseline 0.01 -32"><span class='ocrx_word' id='word_1_484' title='bbox 418 3503 798 3571; x_wconf 83' lang='lat' dir='ltr'><strong>apparuerint,</strong></span> <span class='ocrx_word' id='word_1_485' title='bbox 849 3520 973 3576; x_wconf 71' lang='lat' dir='ltr'><strong>qua:</strong></span> <span class='ocrx_word' id='word_1_486' title='bbox 1015 3506 1081 3561; x_wconf 90' lang='lat' dir='ltr'><strong>de</strong></span> <span class='ocrx_word' id='word_1_487' title='bbox 1127 3522 1193 3562; x_wconf 94' lang='lat' dir='ltr'><strong>eo</strong></span> <span class='ocrx_word' id='word_1_488' title='bbox 1236 3508 1510 3578; x_wconf 90' lang='lat' dir='ltr'><strong>disserui;</strong></span> <span class='ocrx_word' id='word_1_489' title='bbox 1562 3513 1733 3567; x_wconf 88' lang='lat' dir='ltr'><strong>multa</strong></span> <span class='ocrx_word' id='word_1_490' title='bbox 1784 3513 1982 3585; x_wconf 88' lang='lat' dir='ltr'><strong>quippe</strong></span> 
     </span>
    </p>
   </div>
   <div class='ocr_carea' id='block_1_64' title="bbox 409 3595 1978 3678">
    <p class='ocr_par' dir='ltr' id='par_1_64' title="bbox 409 3595 1978 3678">
     <span class='ocr_line' id='line_1_69' title="bbox 409 3595 1978 3678; baseline 0.011 -31"><span class='ocrx_word' id='word_1_491' title='bbox 409 3595 646 3664; x_wconf 85' lang='lat' dir='ltr'><strong>capitula</strong></span> <span class='ocrx_word' id='word_1_492' title='bbox 696 3599 896 3668; x_wconf 86' lang='lat' dir='ltr'><strong>quibus</strong></span> <span class='ocrx_word' id='word_1_493' title='bbox 938 3601 1020 3655; x_wconf 85' lang='lat' dir='ltr'><strong>vis</strong></span> <span class='ocrx_word' id='word_1_494' title='bbox 1078 3603 1267 3659; x_wconf 90' lang='lat' dir='ltr'><strong>deesse</strong></span> <span class='ocrx_word' id='word_1_495' title='bbox 1293 3605 1510 3661; x_wconf 84' lang='lat' dir='ltr'><strong>videtur</strong></span> <span class='ocrx_word' id='word_1_496' title='bbox 1538 3622 1696 3677; x_wconf 71' lang='lat' dir='ltr'><strong>azquo</strong></span> <span class='ocrx_word' id='word_1_497' title='bbox 1743 3610 1978 3678; x_wconf 86' lang='lat' dir='ltr'><strong>veritati,</strong></span> 
     </span>
    </p>
   </div>
   <div class='ocr_carea' id='block_1_65' title="bbox 407 3683 1979 3769">
    <p class='ocr_par' dir='ltr' id='par_1_65' title="bbox 407 3683 1979 3769">
     <span class='ocr_line' id='line_1_70' title="bbox 407 3683 1979 3769; baseline 0.014 -34"><span class='ocrx_word' id='word_1_498' title='bbox 407 3683 572 3738; x_wconf 84' lang='lat' dir='ltr'><strong>etiam</strong></span> <span class='ocrx_word' id='word_1_499' title='bbox 619 3687 954 3744; x_wconf 89' lang='lat' dir='ltr'><strong>multitudini</strong></span> <span class='ocrx_word' id='word_1_500' title='bbox 1006 3692 1255 3747; x_wconf 88' lang='lat' dir='ltr'><strong>notitiam</strong></span> <span class='ocrx_word' id='word_1_501' title='bbox 1302 3695 1542 3765; x_wconf 90' lang='lat' dir='ltr'><strong>aliquam</strong></span> <span class='ocrx_word' id='word_1_502' title='bbox 1576 3698 1686 3753; x_wconf 85' lang='lat' dir='ltr'><strong>veri</strong></span> <span class='ocrx_word' id='word_1_503' title='bbox 1717 3702 1979 3769; x_wconf 84' lang='lat' dir='ltr'><strong>suppedi-</strong></span> 
     </span>
    </p>
   </div>
   <div class='ocr_carea' id='block_1_66' title="bbox 406 3775 1976 3857">
    <p class='ocr_par' dir='ltr' id='par_1_66' title="bbox 406 3775 1976 3857">
     <span class='ocr_line' id='line_1_71' title="bbox 406 3775 1976 3857; baseline 0.013 -31"><span class='ocrx_word' id='word_1_504' title='bbox 406 3782 524 3828; x_wconf 82' lang='lat' dir='ltr'><strong>tant</strong></span> <span class='ocrx_word' id='word_1_505' title='bbox 551 3793 566 3831; x_wconf 88' lang='lat'><strong>:</strong></span> <span class='ocrx_word' id='word_1_506' title='bbox 599 3775 673 3831; x_wconf 88' lang='lat' dir='ltr'><strong>ita</strong></span> <span class='ocrx_word' id='word_1_507' title='bbox 698 3788 755 3831; x_wconf 90' lang='lat' dir='ltr'><strong>ut</strong></span> <span class='ocrx_word' id='word_1_508' title='bbox 784 3779 827 3833; x_wconf 92' lang='lat' dir='ltr'><strong>si</strong></span> <span class='ocrx_word' id='word_1_509' title='bbox 862 3796 1005 3835; x_wconf 91' lang='lat' dir='ltr'><strong>nunc</strong></span> <span class='ocrx_word' id='word_1_510' title='bbox 1034 3782 1189 3838; x_wconf 88' lang='lat' dir='ltr'><strong>vobis</strong></span> <span class='ocrx_word' id='word_1_511' title='bbox 1226 3784 1427 3852; x_wconf 90' lang='lat' dir='ltr'><strong>dicam,</strong></span> <span class='ocrx_word' id='word_1_512' title='bbox 1471 3803 1593 3857; x_wconf 77' lang='lat' dir='ltr'><strong>quae</strong></span> <span class='ocrx_word' id='word_1_513' title='bbox 1624 3799 1738 3844; x_wconf 92' lang='lat' dir='ltr'><strong>tum</strong></span> <span class='ocrx_word' id='word_1_514' title='bbox 1768 3789 1976 3847; x_wconf 89' lang='lat' dir='ltr'><strong>Simoni</strong></span> 
     </span>
    </p>
   </div>
   <div class='ocr_carea' id='block_1_67' title="bbox 404 3866 1971 3948">
    <p class='ocr_par' dir='ltr' id='par_1_67' title="bbox 404 3866 1971 3948">
     <span class='ocr_line' id='line_1_72' title="bbox 404 3866 1971 3948; baseline 0.011 -27"><span class='ocrx_word' id='word_1_515' title='bbox 404 3866 518 3921; x_wconf 76' lang='lat' dir='ltr'><strong>dixi</strong></span> <span class='ocrx_word' id='word_1_516' title='bbox 553 3883 648 3937; x_wconf 88' lang='lat' dir='ltr'><strong>per</strong></span> <span class='ocrx_word' id='word_1_517' title='bbox 678 3871 844 3925; x_wconf 91' lang='lat' dir='ltr'><strong>multa</strong></span> <span class='ocrx_word' id='word_1_518' title='bbox 884 3873 1142 3942; x_wconf 86' lang='lat' dir='ltr'><strong>capitula,</strong></span> <span class='ocrx_word' id='word_1_519' title='bbox 1184 3876 1351 3931; x_wconf 89' lang='lat' dir='ltr'><strong>nolite</strong></span> <span class='ocrx_word' id='word_1_520' title='bbox 1381 3881 1621 3948; x_wconf 79' lang='lat' dir='ltr'><strong>credere,</strong></span> <span class='ocrx_word' id='word_1_521' title='bbox 1654 3896 1751 3936; x_wconf 86' lang='lat' dir='ltr'><strong>vos</strong></span> <span class='ocrx_word' id='word_1_522' title='bbox 1779 3883 1971 3938; x_wconf 89' lang='lat' dir='ltr'><strong>eodem</strong></span> 
     </span>
    </p>
   </div>
   <div class='ocr_carea' id='block_1_68' title="bbox 404 3959 1971 4043">
    <p class='ocr_par' dir='ltr' id='par_1_68' title="bbox 404 3959 1971 4043">
     <span class='ocr_line' id='line_1_73' title="bbox 404 3959 1971 4043; baseline 0.011 -32"><span class='ocrx_word' id='word_1_523' title='bbox 404 3959 567 4013; x_wconf 89' lang='lat' dir='ltr'><strong>modo</strong></span> <span class='ocrx_word' id='word_1_524' title='bbox 581 3959 835 4016; x_wconf 85' lang='lat' dir='ltr'><strong>honorari</strong></span> <span class='ocrx_word' id='word_1_525' title='bbox 851 3980 913 4018; x_wconf 90' lang='lat' dir='ltr'><strong>ac</strong></span> <span class='ocrx_word' id='word_1_526' title='bbox 933 3964 1102 4021; x_wconf 92' lang='lat' dir='ltr'><strong>illum.</strong></span> <span class='ocrx_word' id='word_1_527' title='bbox 1126 3965 1187 4020; x_wconf 85' lang='lat' dir='ltr'><strong>Et</strong></span> <span class='ocrx_word' id='word_1_528' title='bbox 1205 3967 1542 4038; x_wconf 87' lang='lat' dir='ltr'><strong>Sophonias:</strong></span> <span class='ocrx_word' id='word_1_529' title='bbox 1571 3970 1754 4036; x_wconf 82' lang='lat' dir='ltr'><strong>Recte,</strong></span> <span class='ocrx_word' id='word_1_530' title='bbox 1775 3972 1971 4043; x_wconf 90' lang='lat' dir='ltr'><strong>inquit,</strong></span> 
     </span>
    </p>
   </div>
   <div class='ocr_carea' id='block_1_69' title="bbox 399 4051 1964 4133">
    <p class='ocr_par' dir='ltr' id='par_1_69' title="bbox 399 4051 1964 4133">
     <span class='ocr_line' id='line_1_74' title="bbox 399 4051 1964 4133; baseline 0.012 -30"><span class='ocrx_word' id='word_1_531' title='bbox 399 4051 578 4118; x_wconf 87' lang='lat' dir='ltr'><strong>dicis;</strong></span> <span class='ocrx_word' id='word_1_532' title='bbox 628 4070 751 4108; x_wconf 88' lang='lat' dir='ltr'><strong>nam</strong></span> <span class='ocrx_word' id='word_1_533' title='bbox 780 4056 824 4109; x_wconf 91' lang='lat' dir='ltr'><strong>si</strong></span> <span class='ocrx_word' id='word_1_534' title='bbox 850 4073 993 4111; x_wconf 90' lang='lat' dir='ltr'><strong>nunc</strong></span> <span class='ocrx_word' id='word_1_535' title='bbox 1016 4059 1173 4113; x_wconf 91' lang='lat' dir='ltr'><strong>nobis</strong></span> <span class='ocrx_word' id='word_1_536' title='bbox 1210 4076 1274 4114; x_wconf 81' lang='lat' dir='ltr'><strong>ex</strong></span> <span class='ocrx_word' id='word_1_537' title='bbox 1310 4062 1493 4117; x_wconf 91' lang='lat' dir='ltr'><strong>multis</strong></span> <span class='ocrx_word' id='word_1_538' title='bbox 1520 4075 1651 4118; x_wconf 88' lang='lat' dir='ltr'><strong>tunc</strong></span> <span class='ocrx_word' id='word_1_539' title='bbox 1678 4065 1964 4133; x_wconf 80' lang='lat' dir='ltr'><strong>perbibitis</strong></span> 
     </span>
    </p>
   </div>
   <div class='ocr_carea' id='block_1_70' title="bbox 399 4142 1918 4217">
    <p class='ocr_par' dir='ltr' id='par_1_70' title="bbox 399 4142 1918 4217">
     <span class='ocr_line' id='line_1_75' title="bbox 399 4142 1918 4217; baseline 0.009 -21"><span class='ocrx_word' id='word_1_540' title='bbox 399 4142 652 4210; x_wconf 89' lang='lat' dir='ltr'><strong>capitulis</strong></span> <span class='ocrx_word' id='word_1_541' title='bbox 681 4145 895 4209; x_wconf 89' lang='lat' dir='ltr'><strong>delinis,</strong></span> <span class='ocrx_word' id='word_1_542' title='bbox 940 4148 1087 4217; x_wconf 88' lang='lat' dir='ltr'><strong>quod</strong></span> <span class='ocrx_word' id='word_1_543' title='bbox 1112 4165 1297 4204; x_wconf 88' lang='lat' dir='ltr'><strong>verum</strong></span> <span class='ocrx_word' id='word_1_544' title='bbox 1331 4152 1401 4207; x_wconf 91' lang='lat' dir='ltr'><strong>sit</strong></span> <span class='ocrx_word' id='word_1_545' title='bbox 1419 4153 1620 4209; x_wconf 91' lang='lat' dir='ltr'><strong>clarius</strong></span> <span class='ocrx_word' id='word_1_546' title='bbox 1644 4154 1918 4210; x_wconf 89' lang='lat' dir='ltr'><strong>ostendes.</strong></span> 
     </span>
    </p>
   </div>
   <div class='ocr_carea' id='block_1_71' title="bbox 468 4232 1968 4315">
    <p class='ocr_par' dir='ltr' id='par_1_71' title="bbox 468 4232 1968 4315">
     <span class='ocr_line' id='line_1_76' title="bbox 468 4232 1968 4315; baseline 0.013 -29"><span class='ocrx_word' id='word_1_547' title='bbox 468 4232 532 4289; x_wconf 90' lang='lat' dir='ltr'><strong>ll.</strong></span> <span class='ocrx_word' id='word_1_548' title='bbox 566 4233 702 4289; x_wconf 91' lang='lat' dir='ltr'><strong>Tum</strong></span> <span class='ocrx_word' id='word_1_549' title='bbox 754 4236 949 4294; x_wconf 80' lang='lat' dir='ltr'><strong>Petrus</strong></span> <span class='ocrx_word' id='word_1_550' title='bbox 978 4259 991 4293; x_wconf 89' lang='lat'><strong>:</strong></span> <span class='ocrx_word' id='word_1_551' title='bbox 1020 4239 1141 4295; x_wconf 81' lang='lat' dir='ltr'><strong>Jam</strong></span> <span class='ocrx_word' id='word_1_552' title='bbox 1186 4243 1388 4309; x_wconf 89' lang='lat' dir='ltr'><strong>audite,</strong></span> <span class='ocrx_word' id='word_1_553' title='bbox 1436 4245 1632 4315; x_wconf 86' lang='lat' dir='ltr'><strong>inquit,</strong></span> <span class='ocrx_word' id='word_1_554' title='bbox 1686 4250 1968 4306; x_wconf 86' lang='lat' dir='ltr'><strong>veritatem</strong></span> 
     </span>
    </p>
   </div>
   <div class='ocr_carea' id='block_1_72' title="bbox 395 4324 1969 4410">
    <p class='ocr_par' dir='ltr' id='par_1_72' title="bbox 395 4324 1969 4410">
     <span class='ocr_line' id='line_1_77' title="bbox 395 4324 1969 4410; baseline 0.014 -34"><span class='ocrx_word' id='word_1_555' title='bbox 395 4324 462 4377; x_wconf 86' lang='lat' dir='ltr'><strong>de</strong></span> <span class='ocrx_word' id='word_1_556' title='bbox 492 4334 635 4378; x_wconf 87' lang='lat' dir='ltr'><strong>recta</strong></span> <span class='ocrx_word' id='word_1_557' title='bbox 685 4327 811 4381; x_wconf 93' lang='lat' dir='ltr'><strong>mali</strong></span> <span class='ocrx_word' id='word_1_558' title='bbox 860 4329 1165 4385; x_wconf 87' lang='lat' dir='ltr'><strong>harmonia.</strong></span> <span class='ocrx_word' id='word_1_559' title='bbox 1211 4331 1354 4392; x_wconf 86' lang='lat' dir='ltr'><strong>Deus</strong></span> <span class='ocrx_word' id='word_1_560' title='bbox 1379 4334 1596 4392; x_wconf 88' lang='lat' dir='ltr'><strong>duobus</strong></span> <span class='ocrx_word' id='word_1_561' title='bbox 1628 4341 1810 4410; x_wconf 83' lang='lat' dir='ltr'><strong>regnis</strong></span> <span class='ocrx_word' id='word_1_562' title='bbox 1835 4343 1969 4397; x_wconf 82' lang='lat' dir='ltr'><strong>defi-</strong></span> 
     </span>
    </p>
   </div>
   <div class='ocr_carea' id='block_1_73' title="bbox 396 4416 1961 4500">
    <p class='ocr_par' dir='ltr' id='par_1_73' title="bbox 396 4416 1961 4500">
     <span class='ocr_line' id='line_1_78' title="bbox 396 4416 1961 4500; baseline 0.012 -32"><span class='ocrx_word' id='word_1_563' title='bbox 396 4416 523 4469; x_wconf 90' lang='lat' dir='ltr'><strong>nitis</strong></span> <span class='ocrx_word' id='word_1_564' title='bbox 552 4416 662 4469; x_wconf 92' lang='lat' dir='ltr'><strong>duo</strong></span> <span class='ocrx_word' id='word_1_565' title='bbox 688 4434 905 4489; x_wconf 85' lang='lat' dir='ltr'><strong>quoque</strong></span> <span class='ocrx_word' id='word_1_566' title='bbox 931 4438 1041 4475; x_wconf 80' lang='lat' dir='ltr'><strong>:eva</strong></span> <span class='ocrx_word' id='word_1_567' title='bbox 1087 4424 1389 4490; x_wconf 88' lang='lat' dir='ltr'><strong>constituit,</strong></span> <span class='ocrx_word' id='word_1_568' title='bbox 1449 4428 1592 4482; x_wconf 91' lang='lat' dir='ltr'><strong>malo</strong></span> <span class='ocrx_word' id='word_1_569' title='bbox 1638 4446 1961 4500; x_wconf 67' lang='lat' dir='ltr'><strong>praesentem</strong></span> 
     </span>
    </p>
   </div>
   <div class='ocr_carea' id='block_1_74' title="bbox 2091 3229 3677 3303">
    <p class='ocr_par' dir='ltr' id='par_1_74' title="bbox 2091 3229 3677 3303">
     <span class='ocr_line' id='line_1_79' title="bbox 2091 3229 3677 3303; baseline -0.003 -19"><span class='ocrx_word' id='word_1_570' title='bbox 2091 3232 2222 3301; x_wconf 80' lang='grc' dir='ltr'>ἡμῖν</span> <span class='ocrx_word' id='word_1_571' title='bbox 2271 3230 2458 3301; x_wconf 86' lang='grc' dir='ltr'>μαθεῖν</span> <span class='ocrx_word' id='word_1_572' title='bbox 2511 3231 2810 3301; x_wconf 77' lang='grc' dir='ltr'>ὑφήγησαι.</span> <span class='ocrx_word' id='word_1_573' title='bbox 2861 3231 2969 3284; x_wconf 90' lang='lat' dir='ltr'><strong>Kal</strong></span> <span class='ocrx_word' id='word_1_574' title='bbox 3004 3232 3032 3283; x_wconf 95' lang='lat'><strong>6</strong></span> <span class='ocrx_word' id='word_1_575' title='bbox 3070 3230 3311 3301; x_wconf 79' lang='grc' dir='ltr'>Πέτρος’</span> <span class='ocrx_word' id='word_1_576' title='bbox 3359 3230 3504 3303; x_wconf 85' lang='grc' dir='ltr'>Ἤδη</span> <span class='ocrx_word' id='word_1_577' title='bbox 3562 3229 3677 3300; x_wconf 78' lang='grc' dir='ltr'>μὲν,</span> 
     </span>
    </p>
   </div>
   <div class='ocr_carea' id='block_1_75' title="bbox 2089 3318 3680 3393">
    <p class='ocr_par' dir='ltr' id='par_1_75' title="bbox 2089 3318 3680 3393">
     <span class='ocr_line' id='line_1_80' title="bbox 2089 3318 3680 3393; baseline -0.001 -20"><span class='ocrx_word' id='word_1_578' title='bbox 2089 3320 2215 3392; x_wconf 77' lang='grc' dir='ltr'>ἔφη,</span> <span class='ocrx_word' id='word_1_579' title='bbox 2245 3321 2339 3373; x_wconf 75' lang='grc' dir='ltr'><strong>καὶ</strong></span> <span class='ocrx_word' id='word_1_580' title='bbox 2364 3319 2451 3374; x_wconf 74' lang='grc' dir='ltr'><strong>διὰ</strong></span> <span class='ocrx_word' id='word_1_581' title='bbox 2476 3320 2573 3392; x_wconf 80' lang='grc' dir='ltr'><strong>τῆς</strong></span> <span class='ocrx_word' id='word_1_582' title='bbox 2609 3318 2744 3391; x_wconf 72' lang='grc' dir='ltr'>πρὸς</span> <span class='ocrx_word' id='word_1_583' title='bbox 2767 3320 2984 3391; x_wconf 84' lang='grc' dir='ltr'>Σίμωνα</span> <span class='ocrx_word' id='word_1_584' title='bbox 3010 3320 3301 3387; x_wconf 79' lang='grc' dir='ltr'>διαλέξεως</span> <span class='ocrx_word' id='word_1_585' title='bbox 3322 3320 3584 3393; x_wconf 75' lang='grc' dir='ltr'>ἐξέφηνα,</span> <span class='ocrx_word' id='word_1_586' title='bbox 3605 3318 3680 3391; x_wconf 82' lang='grc' dir='ltr'>τῷ</span> 
     </span>
    </p>
   </div>
   <div class='ocr_carea' id='block_1_76' title="bbox 2085 3411 3678 3486">
    <p class='ocr_par' dir='ltr' id='par_1_76' title="bbox 2085 3411 3678 3486">
     <span class='ocr_line' id='line_1_81' title="bbox 2085 3411 3678 3486; baseline -0.002 -19"><span class='ocrx_word' id='word_1_587' title='bbox 2085 3413 2142 3467; x_wconf 82' lang='grc' dir='ltr'>δὲ</span> <span class='ocrx_word' id='word_1_588' title='bbox 2170 3415 2267 3468; x_wconf 75' lang='grc' dir='ltr'><strong>σὺν</strong></span> <span class='ocrx_word' id='word_1_589' title='bbox 2306 3413 2513 3486; x_wconf 81' lang='grc' dir='ltr'>ἑτέροις</span> <span class='ocrx_word' id='word_1_590' title='bbox 2541 3411 2852 3482; x_wconf 80' lang='grc' dir='ltr'>κεφαλαίοις</span> <span class='ocrx_word' id='word_1_591' title='bbox 2907 3412 2975 3465; x_wconf 83' lang='grc' dir='ltr'>τὰ</span> <span class='ocrx_word' id='word_1_592' title='bbox 3014 3413 3142 3485; x_wconf 57' lang='grc' dir='ltr'><strong>περὶ⁵</strong></span> <span class='ocrx_word' id='word_1_593' title='bbox 3170 3413 3342 3467; x_wconf 79' lang='grc' dir='ltr'>αὐτοῦ</span> <span class='ocrx_word' id='word_1_594' title='bbox 3397 3413 3678 3486; x_wconf 80' lang='grc' dir='ltr'>εἰρηκέναι</span> 
     </span>
    </p>
   </div>
   <div class='ocr_carea' id='block_1_77' title="bbox 2084 3505 3679 3578">
    <p class='ocr_par' dir='ltr' id='par_1_77' title="bbox 2084 3505 3679 3578">
     <span class='ocr_line' id='line_1_82' title="bbox 2084 3505 3679 3578; baseline -0.001 -18"><span class='ocrx_word' id='word_1_595' title='bbox 2084 3508 2145 3560; x_wconf 86' lang='grc' dir='ltr'><strong>οὐ</strong></span> <span class='ocrx_word' id='word_1_596' title='bbox 2173 3507 2314 3561; x_wconf 81' lang='grc' dir='ltr'>πάνυ</span> <span class='ocrx_word' id='word_1_597' title='bbox 2336 3507 2523 3578; x_wconf 84' lang='grc' dir='ltr'>σαφῶς</span> <span class='ocrx_word' id='word_1_598' title='bbox 2553 3505 2826 3576; x_wconf 74' lang='grc' dir='ltr'>ἐφωτίσθη</span> <span class='ocrx_word' id='word_1_599' title='bbox 2845 3522 2859 3535; x_wconf 83' lang='lat'><strong><em>°</em></strong></span> <span class='ocrx_word' id='word_1_600' title='bbox 2889 3505 3057 3559; x_wconf 83' lang='grc' dir='ltr'>πολλὰ</span> <span class='ocrx_word' id='word_1_601' title='bbox 3094 3506 3202 3578; x_wconf 88' lang='grc' dir='ltr'><strong>γὰρ</strong></span> <span class='ocrx_word' id='word_1_602' title='bbox 3247 3507 3533 3577; x_wconf 82' lang='grc' dir='ltr'>κεφάλαια</span> <span class='ocrx_word' id='word_1_603' title='bbox 3568 3508 3679 3559; x_wconf 79' lang='grc' dir='ltr'>ἰσο-</span> 
     </span>
    </p>
   </div>
   <div class='ocr_carea' id='block_1_78' title="bbox 2083 3600 3677 3676">
    <p class='ocr_par' dir='ltr' id='par_1_78' title="bbox 2083 3600 3677 3676">
     <span class='ocr_line' id='line_1_83' title="bbox 2083 3600 3677 3676; baseline 0 -23"><span class='ocrx_word' id='word_1_604' title='bbox 2083 3600 2339 3671; x_wconf 83' lang='grc' dir='ltr'>δυναμεῖν</span> <span class='ocrx_word' id='word_1_605' title='bbox 2361 3601 2618 3657; x_wconf 82' lang='grc' dir='ltr'>δοκοῦντα</span> <span class='ocrx_word' id='word_1_606' title='bbox 2650 3604 2728 3676; x_wconf 83' lang='grc' dir='ltr'>τῷ</span> <span class='ocrx_word' id='word_1_607' title='bbox 2757 3604 2946 3674; x_wconf 81' lang='grc' dir='ltr'>ἀληθεῖ</span> <span class='ocrx_word' id='word_1_608' title='bbox 2973 3603 3137 3657; x_wconf 79' lang='grc' dir='ltr'>αὑτοῦ</span> <span class='ocrx_word' id='word_1_609' title='bbox 3171 3602 3267 3655; x_wconf 79' lang='grc' dir='ltr'><strong>τοῦ</strong></span> <span class='ocrx_word' id='word_1_610' title='bbox 3300 3602 3546 3675; x_wconf 79' lang='grc' dir='ltr'>ἀληθοῦς</span> <span class='ocrx_word' id='word_1_611' title='bbox 3565 3604 3677 3664; x_wconf 89' lang='grc' dir='ltr'>τοῖς</span> 
     </span>
    </p>
   </div>
   <div class='ocr_carea' id='block_1_79' title="bbox 2083 3693 3677 3767">
    <p class='ocr_par' dir='ltr' id='par_1_79' title="bbox 2083 3693 3677 3767">
     <span class='ocr_line' id='line_1_84' title="bbox 2083 3693 3677 3767; baseline 0.002 -22"><span class='ocrx_word' id='word_1_612' title='bbox 2083 3693 2291 3748; x_wconf 82' lang='grc' dir='ltr'>πλείοσι</span> <span class='ocrx_word' id='word_1_613' title='bbox 2329 3695 2558 3767; x_wconf 81' lang='grc' dir='ltr'>παρέχει</span> <span class='ocrx_word' id='word_1_614' title='bbox 2598 3696 2720 3750; x_wconf 82' lang='grc' dir='ltr'>τινὰ</span> <span class='ocrx_word' id='word_1_615' title='bbox 2769 3697 2997 3766; x_wconf 89' lang='grc' dir='ltr'>γνῶσιν·</span> <span class='ocrx_word' id='word_1_616' title='bbox 3044 3696 3205 3760; x_wconf 83' lang='grc' dir='ltr'>ὥστε,</span> <span class='ocrx_word' id='word_1_617' title='bbox 3261 3696 3362 3749; x_wconf 79' lang='grc' dir='ltr'>ἐὰν</span> <span class='ocrx_word' id='word_1_618' title='bbox 3402 3696 3502 3750; x_wconf 78' lang='grc' dir='ltr'>ν’ύν</span> <span class='ocrx_word' id='word_1_619' title='bbox 3551 3697 3677 3767; x_wconf 82' lang='grc' dir='ltr'>ὑμῖν</span> 
     </span>
    </p>
   </div>
   <div class='ocr_carea' id='block_1_80' title="bbox 2081 3782 3677 3859">
    <p class='ocr_par' dir='ltr' id='par_1_80' title="bbox 2081 3782 3677 3859">
     <span class='ocr_line' id='line_1_85' title="bbox 2081 3782 3677 3859; baseline 0.002 -24"><span class='ocrx_word' id='word_1_620' title='bbox 2081 3782 2239 3846; x_wconf 84' lang='grc' dir='ltr'>εἴπω,</span> <span class='ocrx_word' id='word_1_621' title='bbox 2272 3783 2307 3837; x_wconf 84' lang='grc' dir='ltr'>ἃ</span> <span class='ocrx_word' id='word_1_622' title='bbox 2336 3783 2457 3837; x_wconf 86' lang='grc' dir='ltr'>τότε</span> <span class='ocrx_word' id='word_1_623' title='bbox 2496 3785 2632 3856; x_wconf 87' lang='grc' dir='ltr'>μετὰ</span> <span class='ocrx_word' id='word_1_624' title='bbox 2684 3786 2893 3839; x_wconf 89' lang='grc' dir='ltr'>πολλῶν</span> <span class='ocrx_word' id='word_1_625' title='bbox 2933 3787 3173 3859; x_wconf 85' lang='grc' dir='ltr'>είρήκειν</span> <span class='ocrx_word' id='word_1_626' title='bbox 3232 3787 3562 3855; x_wconf 84' lang='grc' dir='ltr'>κεφαλαίων</span> <span class='ocrx_word' id='word_1_627' title='bbox 3600 3784 3677 3857; x_wconf 82' lang='grc' dir='ltr'><strong>τῷ</strong></span> 
     </span>
    </p>
   </div>
   <div class='ocr_carea' id='block_1_81' title="bbox 2080 3874 3680 3951">
    <p class='ocr_par' dir='ltr' id='par_1_81' title="bbox 2080 3874 3680 3951">
     <span class='ocr_line' id='line_1_86' title="bbox 2080 3874 3680 3951; baseline 0.005 -26"><span class='ocrx_word' id='word_1_628' title='bbox 2080 3874 2305 3945; x_wconf 85' lang='grc' dir='ltr'>Σίμωνι,</span> <span class='ocrx_word' id='word_1_629' title='bbox 2340 3875 2413 3947; x_wconf 86' lang='grc' dir='ltr'><strong>μὴ</strong></span> <span class='ocrx_word' id='word_1_630' title='bbox 2441 3876 2659 3948; x_wconf 77' lang='grc' dir='ltr'>οἰηθῆτε</span> <span class='ocrx_word' id='word_1_631' title='bbox 2702 3876 2790 3951; x_wconf 80' lang='grc' dir='ltr'><strong>ἴσῃ</strong></span> <span class='ocrx_word' id='word_1_632' title='bbox 2834 3878 2988 3948; x_wconf 77' lang='grc' dir='ltr'>αὐτῷ</span> <span class='ocrx_word' id='word_1_633' title='bbox 3008 3881 3139 3949; x_wconf 82' lang='grc' dir='ltr'>τιμῇ</span> <span class='ocrx_word' id='word_1_634' title='bbox 3164 3879 3531 3950; x_wconf 80' lang='grc' dir='ltr'>τετιμῆσθαι.</span> <span class='ocrx_word' id='word_1_635' title='bbox 3571 3878 3680 3933; x_wconf 87' lang='lat' dir='ltr'><strong>Kal</strong></span> 
     </span>
    </p>
   </div>
   <div class='ocr_carea' id='block_1_82' title="bbox 2075 3965 3677 4043">
    <p class='ocr_par' dir='ltr' id='par_1_82' title="bbox 2075 3965 3677 4043">
     <span class='ocr_line' id='line_1_87' title="bbox 2075 3965 3677 4043; baseline 0.003 -26"><span class='ocrx_word' id='word_1_636' title='bbox 2075 3965 2105 4017; x_wconf 88' lang='lat'><strong>6</strong></span> <span class='ocrx_word' id='word_1_637' title='bbox 2136 3966 2411 4035; x_wconf 83' lang='grc' dir='ltr'>Σοφωνίας</span> <span class='ocrx_word' id='word_1_638' title='bbox 2434 3983 2448 3997; x_wconf 90' lang='grc'><strong>·</strong></span> <span class='ocrx_word' id='word_1_639' title='bbox 2500 3967 2725 4039; x_wconf 81' lang='grc' dir='ltr'>Ὀρθῶς,</span> <span class='ocrx_word' id='word_1_640' title='bbox 2771 3969 2896 4039; x_wconf 79' lang='grc' dir='ltr'>ἔφη,</span> <span class='ocrx_word' id='word_1_641' title='bbox 2954 3968 3163 4038; x_wconf 79' lang='grc' dir='ltr'>λέγεις·</span> <span class='ocrx_word' id='word_1_642' title='bbox 3186 3971 3235 4022; x_wconf 87' lang='grc' dir='ltr'><strong>εί</strong></span> <span class='ocrx_word' id='word_1_643' title='bbox 3257 3971 3363 4024; x_wconf 82' lang='grc' dir='ltr'>νῦν</span> <span class='ocrx_word' id='word_1_644' title='bbox 3402 3971 3518 4043; x_wconf 84' lang='grc' dir='ltr'>γὰρ</span> <span class='ocrx_word' id='word_1_645' title='bbox 3544 3973 3677 4042; x_wconf 74' lang='grc' dir='ltr'>ἡμῖν</span> 
     </span>
    </p>
   </div>
   <div class='ocr_carea' id='block_1_83' title="bbox 2075 4056 3676 4135">
    <p class='ocr_par' dir='ltr' id='par_1_83' title="bbox 2075 4056 3676 4135">
     <span class='ocr_line' id='line_1_88' title="bbox 2075 4056 3676 4135; baseline 0.004 -27"><span class='ocrx_word' id='word_1_646' title='bbox 2075 4057 2140 4109; x_wconf 86' lang='grc' dir='ltr'>ὲκ</span> <span class='ocrx_word' id='word_1_647' title='bbox 2190 4056 2399 4111; x_wconf 90' lang='grc' dir='ltr'>πολλῶν</span> <span class='ocrx_word' id='word_1_648' title='bbox 2443 4059 2552 4112; x_wconf 91' lang='grc' dir='ltr'><strong>τῶν</strong></span> <span class='ocrx_word' id='word_1_649' title='bbox 2590 4060 2711 4112; x_wconf 89' lang='grc' dir='ltr'>τότε</span> <span class='ocrx_word' id='word_1_650' title='bbox 2770 4059 3072 4130; x_wconf 83' lang='grc' dir='ltr'>εἰρημένων</span> <span class='ocrx_word' id='word_1_651' title='bbox 3110 4061 3435 4129; x_wconf 84' lang='grc' dir='ltr'>κεφαλαίων</span> <span class='ocrx_word' id='word_1_652' title='bbox 3480 4062 3676 4135; x_wconf 78' lang='grc' dir='ltr'>ἀφορί-</span> 
     </span>
    </p>
   </div>
   <div class='ocr_carea' id='block_1_84' title="bbox 2073 4141 3400 4221">
    <p class='ocr_par' dir='ltr' id='par_1_84' title="bbox 2073 4141 3400 4221">
     <span class='ocr_line' id='line_1_89' title="bbox 2073 4141 3400 4221; baseline 0.009 -28"><span class='ocrx_word' id='word_1_653' title='bbox 2073 4141 2205 4207; x_wconf 76' lang='grc' dir='ltr'>ζεις,</span> <span class='ocrx_word' id='word_1_654' title='bbox 2245 4144 2377 4197; x_wconf 80' lang='grc' dir='ltr'>αὐτὸ</span> <span class='ocrx_word' id='word_1_655' title='bbox 2403 4144 2463 4197; x_wconf 82' lang='grc' dir='ltr'><strong>τὸ</strong></span> <span class='ocrx_word' id='word_1_656' title='bbox 2494 4145 2691 4217; x_wconf 80' lang='grc' dir='ltr'>ἀληθὲς</span> <span class='ocrx_word' id='word_1_657' title='bbox 2725 4149 2970 4219; x_wconf 80' lang='grc' dir='ltr'>ποιήσεις</span> <span class='ocrx_word' id='word_1_658' title='bbox 2994 4146 3400 4221; x_wconf 85' lang='grc' dir='ltr'>φανερώτερον.</span> 
     </span>
    </p>
   </div>
   <div class='ocr_carea' id='block_1_85' title="bbox 2145 4232 3673 4315">
    <p class='ocr_par' dir='ltr' id='par_1_85' title="bbox 2145 4232 3673 4315">
     <span class='ocr_line' id='line_1_90' title="bbox 2145 4232 3673 4315; baseline 0.009 -30"><span class='ocrx_word' id='word_1_659' title='bbox 2145 4232 2209 4287; x_wconf 86' lang='lat' dir='ltr'><strong>ll.</strong></span> <span class='ocrx_word' id='word_1_660' title='bbox 2252 4234 2362 4287; x_wconf 84' lang='lat' dir='ltr'><strong>Kal</strong></span> <span class='ocrx_word' id='word_1_661' title='bbox 2389 4237 2417 4289; x_wconf 92' lang='lat'><strong>6</strong></span> <span class='ocrx_word' id='word_1_662' title='bbox 2442 4237 2649 4309; x_wconf 80' lang='grc' dir='ltr'>Πέτρος</span> <span class='ocrx_word' id='word_1_663' title='bbox 2667 4255 2681 4269; x_wconf 73' lang='grc' dir='ltr'><strong>ο</strong></span> <span class='ocrx_word' id='word_1_664' title='bbox 2722 4239 3035 4304; x_wconf 78' lang='grc' dir='ltr'>Ἀκούσατε,</span> <span class='ocrx_word' id='word_1_665' title='bbox 3085 4241 3211 4312; x_wconf 74' lang='grc' dir='ltr'>ἔφη,</span> <span class='ocrx_word' id='word_1_666' title='bbox 3238 4242 3548 4314; x_wconf 76' lang='grc' dir='ltr'>τοιγαροῦν</span> <span class='ocrx_word' id='word_1_667' title='bbox 3573 4244 3673 4315; x_wconf 81' lang='grc' dir='ltr'>τῆς</span> 
     </span>
    </p>
   </div>
   <div class='ocr_carea' id='block_1_86' title="bbox 2071 4322 3669 4402">
    <p class='ocr_par' dir='ltr' id='par_1_86' title="bbox 2071 4322 3669 4402">
     <span class='ocr_line' id='line_1_91' title="bbox 2071 4322 3669 4402; baseline 0.007 -27"><span class='ocrx_word' id='word_1_668' title='bbox 2071 4322 2199 4394; x_wconf 73' lang='grc' dir='ltr'>περὶ</span> <span class='ocrx_word' id='word_1_669' title='bbox 2241 4323 2336 4377; x_wconf 83' lang='grc' dir='ltr'>τοῦ</span> <span class='ocrx_word' id='word_1_670' title='bbox 2378 4326 2613 4399; x_wconf 81' lang='grc' dir='ltr'>πονηροῦ</span> <span class='ocrx_word' id='word_1_671' title='bbox 2672 4330 2933 4401; x_wconf 85' lang='grc' dir='ltr'>ἁρμονίας</span> <span class='ocrx_word' id='word_1_672' title='bbox 2978 4330 3073 4402; x_wconf 81' lang='grc' dir='ltr'>τὴν</span> <span class='ocrx_word' id='word_1_673' title='bbox 3114 4330 3402 4402; x_wconf 87' lang='grc' dir='ltr'>ἀλήθειαν.</span> <span class='ocrx_word' id='word_1_674' title='bbox 3444 4334 3505 4388; x_wconf 90' lang='lat'><strong>&#39;0</strong></span> <span class='ocrx_word' id='word_1_675' title='bbox 3536 4335 3669 4398; x_wconf 86' lang='grc' dir='ltr'>Θεὸς</span> 
     </span>
    </p>
   </div>
   <div class='ocr_carea' id='block_1_87' title="bbox 2069 4414 3667 4499">
    <p class='ocr_par' dir='ltr' id='par_1_87' title="bbox 2069 4414 3667 4499">
     <span class='ocr_line' id='line_1_92' title="bbox 2069 4414 3667 4499; baseline 0.007 -31"><span class='ocrx_word' id='word_1_676' title='bbox 2069 4414 2163 4468; x_wconf 92' lang='grc' dir='ltr'><strong>δύο</strong></span> <span class='ocrx_word' id='word_1_677' title='bbox 2212 4417 2488 4488; x_wconf 85' lang='grc' dir='ltr'>βασιλείας</span> <span class='ocrx_word' id='word_1_678' title='bbox 2527 4421 2717 4493; x_wconf 88' lang='grc' dir='ltr'>ὁρίσας</span> <span class='ocrx_word' id='word_1_679' title='bbox 2753 4422 2965 4475; x_wconf 73' lang='grc' dir='ltr'>καὶδύο</span> <span class='ocrx_word' id='word_1_680' title='bbox 3001 4422 3203 4487; x_wconf 85' lang='grc' dir='ltr'>αἰῶνας</span> <span class='ocrx_word' id='word_1_681' title='bbox 3258 4428 3667 4499; x_wconf 80' lang='grc' dir='ltr'>συνεστήσατο,</span> 
     </span>
    </p>
   </div>
   <div class='ocr_carea' id='block_1_88' title="bbox 394 4499 1961 4593">
    <p class='ocr_par' dir='ltr' id='par_1_88' title="bbox 394 4505 1957 4593">
     <span class='ocr_line' id='line_1_93' title="bbox 394 4505 1957 4593; baseline 0.016 -38"><span class='ocrx_word' id='word_1_682' title='bbox 394 4505 657 4559; x_wconf 85' lang='lat' dir='ltr'><strong>nnmdum</strong></span> <span class='ocrx_word' id='word_1_683' title='bbox 701 4510 1011 4575; x_wconf 69' lang='lat' dir='ltr'><strong>assignans,</strong></span> <span class='ocrx_word' id='word_1_684' title='bbox 1054 4514 1181 4582; x_wconf 89' lang='lat' dir='ltr'><strong>quia</strong></span> <span class='ocrx_word' id='word_1_685' title='bbox 1221 4516 1399 4572; x_wconf 89' lang='lat' dir='ltr'><strong>brevis</strong></span> <span class='ocrx_word' id='word_1_686' title='bbox 1431 4522 1692 4589; x_wconf 87' lang='lat' dir='ltr'><strong>temporis</strong></span> <span class='ocrx_word' id='word_1_687' title='bbox 1719 4525 1957 4593; x_wconf 81' lang='lat' dir='ltr'><strong>spatium</strong></span> 
     </span>
    </p>
   </div>
   <div class='ocr_carea' id='block_1_89' title="bbox 2077 4499 3669 4593">
    <p class='ocr_par' dir='ltr' id='par_1_89' title="bbox 2077 4506 3669 4587">
     <span class='ocr_line' id='line_1_94' title="bbox 2077 4506 3669 4587; baseline 0.007 -30"><span class='ocrx_word' id='word_1_688' title='bbox 2077 4506 2260 4577; x_wconf 81' lang='grc' dir='ltr'>κρίνας</span> <span class='ocrx_word' id='word_1_689' title='bbox 2287 4510 2365 4581; x_wconf 80' lang='grc' dir='ltr'>τῷ</span> <span class='ocrx_word' id='word_1_690' title='bbox 2396 4511 2616 4582; x_wconf 83' lang='grc' dir='ltr'>πονηρῷ</span> <span class='ocrx_word' id='word_1_691' title='bbox 2644 4512 2886 4565; x_wconf 86' lang='grc' dir='ltr'>δεδόσθαι</span> <span class='ocrx_word' id='word_1_692' title='bbox 2921 4512 3012 4566; x_wconf 82' lang='grc' dir='ltr'><strong>τὸν</strong></span> <span class='ocrx_word' id='word_1_693' title='bbox 3041 4514 3285 4585; x_wconf 85' lang='grc' dir='ltr'>παρόντα</span> <span class='ocrx_word' id='word_1_694' title='bbox 3323 4516 3542 4587; x_wconf 87' lang='grc' dir='ltr'>κόσμον</span> <span class='ocrx_word' id='word_1_695' title='bbox 3580 4516 3669 4568; x_wconf 76' lang='grc' dir='ltr'>διὰ</span> 
     </span>
    </p>
   </div>
   <div class='ocr_carea' id='block_1_90' title="bbox 390 4599 1959 4672">
    <p class='ocr_par' dir='ltr' id='par_1_90' title="bbox 390 4599 1959 4672">
     <span class='ocr_line' id='line_1_95' title="bbox 390 4599 1959 4672; baseline 0.017 -27"><span class='ocrx_word' id='word_1_696' title='bbox 390 4606 672 4662; x_wconf 88' lang='lat' dir='ltr'><strong>permanet</strong></span> <span class='ocrx_word' id='word_1_697' title='bbox 705 4599 1062 4671; x_wconf 87' lang='lat' dir='ltr'><strong>celeriterque</strong></span> <span class='ocrx_word' id='word_1_698' title='bbox 1113 4607 1329 4672; x_wconf 84' lang='lat' dir='ltr'><strong>transit,</strong></span> <span class='ocrx_word' id='word_1_699' title='bbox 1384 4609 1527 4663; x_wconf 89' lang='lat' dir='ltr'><strong>bono</strong></span> <span class='ocrx_word' id='word_1_700' title='bbox 1565 4623 1743 4667; x_wconf 87' lang='lat' dir='ltr'><strong>autem</strong></span> <span class='ocrx_word' id='word_1_701' title='bbox 1776 4632 1835 4670; x_wconf 90' lang='lat' dir='ltr'><strong>se</strong></span> <span class='ocrx_word' id='word_1_702' title='bbox 1860 4618 1959 4671; x_wconf 80' lang='lat' dir='ltr'><strong>da-</strong></span> 
     </span>
    </p>
   </div>
   <div class='ocr_carea' id='block_1_91' title="bbox 389 4692 1958 4779">
    <p class='ocr_par' dir='ltr' id='par_1_91' title="bbox 389 4692 1958 4779">
     <span class='ocr_line' id='line_1_96' title="bbox 389 4692 1958 4779; baseline 0.013 -37"><span class='ocrx_word' id='word_1_703' title='bbox 389 4698 571 4743; x_wconf 90' lang='lat' dir='ltr'><strong>turum</strong></span> <span class='ocrx_word' id='word_1_704' title='bbox 597 4692 848 4757; x_wconf 88' lang='lat' dir='ltr'><strong>promisit</strong></span> <span class='ocrx_word' id='word_1_705' title='bbox 881 4697 1141 4750; x_wconf 91' lang='lat' dir='ltr'><strong>mundum</strong></span> <span class='ocrx_word' id='word_1_706' title='bbox 1167 4698 1432 4768; x_wconf 83' lang='lat' dir='ltr'><strong>futurum,</strong></span> <span class='ocrx_word' id='word_1_707' title='bbox 1457 4705 1713 4772; x_wconf 86' lang='lat' dir='ltr'><strong>grandem</strong></span> <span class='ocrx_word' id='word_1_708' title='bbox 1755 4708 1958 4779; x_wconf 89' lang='lat' dir='ltr'><strong>quippe</strong></span> 
     </span>
    </p>
   </div>
   <div class='ocr_carea' id='block_1_92' title="bbox 384 4786 1954 4853">
    <p class='ocr_par' dir='ltr' id='par_1_92' title="bbox 384 4786 1954 4853">
     <span class='ocr_line' id='line_1_97' title="bbox 384 4786 1954 4853; baseline 0.014 -22"><span class='ocrx_word' id='word_1_709' title='bbox 384 4787 551 4848; x_wconf 87' lang='lat' dir='ltr'><strong>atque</strong></span> <span class='ocrx_word' id='word_1_710' title='bbox 580 4788 866 4837; x_wconf 63' lang='lat' dir='ltr'><strong>aeternum.</strong></span> <span class='ocrx_word' id='word_1_711' title='bbox 905 4786 982 4839; x_wconf 86' lang='lat' dir='ltr'><strong>Ac</strong></span> <span class='ocrx_word' id='word_1_712' title='bbox 1032 4786 1306 4843; x_wconf 86' lang='lat' dir='ltr'><strong>hominem</strong></span> <span class='ocrx_word' id='word_1_713' title='bbox 1360 4794 1565 4847; x_wconf 85' lang='lat' dir='ltr'><strong>creavit</strong></span> <span class='ocrx_word' id='word_1_714' title='bbox 1599 4794 1774 4850; x_wconf 90' lang='lat' dir='ltr'><strong>libero</strong></span> <span class='ocrx_word' id='word_1_715' title='bbox 1804 4800 1954 4853; x_wconf 87' lang='lat' dir='ltr'><strong>arbi—</strong></span> 
     </span>
    </p>
   </div>
   <div class='ocr_carea' id='block_1_93' title="bbox 382 4873 1948 4951">
    <p class='ocr_par' dir='ltr' id='par_1_93' title="bbox 382 4873 1948 4951">
     <span class='ocr_line' id='line_1_98' title="bbox 382 4873 1948 4951; baseline 0.013 -26"><span class='ocrx_word' id='word_1_716' title='bbox 382 4874 491 4927; x_wconf 82' lang='lat' dir='ltr'><strong>trio</strong></span> <span class='ocrx_word' id='word_1_717' title='bbox 532 4873 840 4942; x_wconf 75' lang='lat' dir='ltr'><strong>praeditum,</strong></span> <span class='ocrx_word' id='word_1_718' title='bbox 874 4887 933 4931; x_wconf 93' lang='lat' dir='ltr'><strong>ut</strong></span> <span class='ocrx_word' id='word_1_719' title='bbox 978 4876 1237 4934; x_wconf 83' lang='lat' dir='ltr'><strong>facultate</strong></span> <span class='ocrx_word' id='word_1_720' title='bbox 1282 4883 1506 4951; x_wconf 89' lang='lat' dir='ltr'><strong>polleret</strong></span> <span class='ocrx_word' id='word_1_721' title='bbox 1558 4885 1857 4942; x_wconf 88' lang='lat' dir='ltr'><strong>inclinandi</strong></span> <span class='ocrx_word' id='word_1_722' title='bbox 1882 4892 1948 4945; x_wconf 88' lang='lat' dir='ltr'><strong>ad</strong></span> 
     </span>
    </p>
   </div>
   <div class='ocr_carea' id='block_1_94' title="bbox 381 4968 1951 5051">
    <p class='ocr_par' dir='ltr' id='par_1_94' title="bbox 381 4968 1951 5051">
     <span class='ocr_line' id='line_1_99' title="bbox 381 4968 1951 5051; baseline 0.01 -30"><span class='ocrx_word' id='word_1_723' title='bbox 381 4968 613 5039; x_wconf 86' lang='lat' dir='ltr'><strong>agenda,</strong></span> <span class='ocrx_word' id='word_1_724' title='bbox 652 4985 773 5039; x_wconf 72' lang='lat' dir='ltr'><strong>qua:</strong></span> <span class='ocrx_word' id='word_1_725' title='bbox 801 4971 849 5025; x_wconf 82' lang='lat' dir='ltr'><strong>ei</strong></span> <span class='ocrx_word' id='word_1_726' title='bbox 874 4972 1169 5041; x_wconf 77' lang='lat' dir='ltr'><strong>placerent.</strong></span> <span class='ocrx_word' id='word_1_727' title='bbox 1220 4972 1284 5027; x_wconf 86' lang='lat' dir='ltr'><strong>Et</strong></span> <span class='ocrx_word' id='word_1_728' title='bbox 1323 4990 1523 5045; x_wconf 85' lang='lat' dir='ltr'><strong>corpus</strong></span> <span class='ocrx_word' id='word_1_729' title='bbox 1553 4977 1673 5048; x_wconf 84' lang='lat' dir='ltr'><strong>ejus</strong></span> <span class='ocrx_word' id='word_1_730' title='bbox 1704 4980 1951 5051; x_wconf 78' lang='lat' dir='ltr'><strong>triparti-</strong></span> 
     </span>
    </p>
   </div>
   <div class='ocr_carea' id='block_1_95' title="bbox 381 5062 1944 5133">
    <p class='ocr_par' dir='ltr' id='par_1_95' title="bbox 381 5062 1944 5133">
     <span class='ocr_line' id='line_1_100' title="bbox 381 5062 1944 5133; baseline 0.008 -22"><span class='ocrx_word' id='word_1_731' title='bbox 381 5068 496 5111; x_wconf 90' lang='lat' dir='ltr'><strong>tum</strong></span> <span class='ocrx_word' id='word_1_732' title='bbox 524 5068 629 5124; x_wconf 89' lang='lat' dir='ltr'><strong>est,</strong></span> <span class='ocrx_word' id='word_1_733' title='bbox 682 5073 807 5114; x_wconf 91' lang='lat' dir='ltr'><strong>cum</strong></span> <span class='ocrx_word' id='word_1_734' title='bbox 858 5062 1122 5130; x_wconf 86' lang='lat' dir='ltr'><strong>originem</strong></span> <span class='ocrx_word' id='word_1_735' title='bbox 1172 5062 1335 5117; x_wconf 90' lang='lat' dir='ltr'><strong>ducat</strong></span> <span class='ocrx_word' id='word_1_736' title='bbox 1383 5079 1449 5117; x_wconf 80' lang='lat' dir='ltr'><strong>ex</strong></span> <span class='ocrx_word' id='word_1_737' title='bbox 1504 5062 1739 5122; x_wconf 85' lang='lat' dir='ltr'><strong>femineo</strong></span> <span class='ocrx_word' id='word_1_738' title='bbox 1772 5086 1786 5133; x_wconf 90' lang='lat'><strong>;</strong></span> <span class='ocrx_word' id='word_1_739' title='bbox 1820 5086 1944 5123; x_wconf 91' lang='lat' dir='ltr'><strong>nam</strong></span> 
     </span>
    </p>
   </div>
   <div class='ocr_carea' id='block_1_96' title="bbox 377 5149 1944 5231">
    <p class='ocr_par' dir='ltr' id='par_1_96' title="bbox 377 5149 1944 5231">
     <span class='ocr_line' id='line_1_101' title="bbox 377 5149 1944 5231; baseline 0.009 -29"><span class='ocrx_word' id='word_1_740' title='bbox 377 5149 628 5205; x_wconf 72' lang='lat' dir='ltr'><strong>affectum</strong></span> <span class='ocrx_word' id='word_1_741' title='bbox 670 5161 753 5206; x_wconf 88' lang='lat' dir='ltr'><strong>est</strong></span> <span class='ocrx_word' id='word_1_742' title='bbox 801 5152 1095 5222; x_wconf 84' lang='lat' dir='ltr'><strong>cupiditate</strong></span> <span class='ocrx_word' id='word_1_743' title='bbox 1120 5193 1135 5219; x_wconf 92' lang='lat'><strong>,</strong></span> <span class='ocrx_word' id='word_1_744' title='bbox 1177 5152 1255 5207; x_wconf 90' lang='lat' dir='ltr'><strong>ira</strong></span> <span class='ocrx_word' id='word_1_745' title='bbox 1281 5195 1296 5219; x_wconf 93' lang='lat'><strong>,</strong></span> <span class='ocrx_word' id='word_1_746' title='bbox 1348 5155 1495 5209; x_wconf 89' lang='lat' dir='ltr'><strong>luctu</strong></span> <span class='ocrx_word' id='word_1_747' title='bbox 1540 5166 1594 5212; x_wconf 91' lang='lat' dir='ltr'><strong>et</strong></span> <span class='ocrx_word' id='word_1_748' title='bbox 1624 5174 1744 5231; x_wconf 68' lang='lat' dir='ltr'><strong>quae</strong></span> <span class='ocrx_word' id='word_1_749' title='bbox 1789 5162 1854 5215; x_wconf 87' lang='lat' dir='ltr'><strong>ad</strong></span> <span class='ocrx_word' id='word_1_750' title='bbox 1882 5177 1944 5217; x_wconf 87' lang='lat' dir='ltr'><strong>ea</strong></span> 
     </span>
    </p>
   </div>
   <div class='ocr_carea' id='block_1_97' title="bbox 377 5242 1942 5324">
    <p class='ocr_par' dir='ltr' id='par_1_97' title="bbox 377 5242 1942 5324">
     <span class='ocr_line' id='line_1_102' title="bbox 377 5242 1942 5324; baseline 0.008 -28"><span class='ocrx_word' id='word_1_751' title='bbox 377 5245 667 5311; x_wconf 87' lang='lat' dir='ltr'><strong>pertinent.</strong></span> <span class='ocrx_word' id='word_1_752' title='bbox 702 5242 877 5299; x_wconf 90' lang='lat' dir='ltr'><strong>Simili</strong></span> <span class='ocrx_word' id='word_1_753' title='bbox 911 5245 1072 5298; x_wconf 93' lang='lat' dir='ltr'><strong>modo</strong></span> <span class='ocrx_word' id='word_1_754' title='bbox 1103 5246 1329 5315; x_wconf 81' lang='lat' dir='ltr'><strong>spiritus</strong></span> <span class='ocrx_word' id='word_1_755' title='bbox 1354 5263 1479 5302; x_wconf 88' lang='lat' dir='ltr'><strong>cum</strong></span> <span class='ocrx_word' id='word_1_756' title='bbox 1521 5266 1626 5304; x_wconf 90' lang='lat' dir='ltr'><strong>non</strong></span> <span class='ocrx_word' id='word_1_757' title='bbox 1661 5252 1823 5305; x_wconf 84' lang='lat' dir='ltr'><strong>trium</strong></span> <span class='ocrx_word' id='word_1_758' title='bbox 1850 5270 1942 5324; x_wconf 82' lang='lat' dir='ltr'><strong>ge-</strong></span> 
     </span>
    </p>
   </div>
   <div class='ocr_carea' id='block_1_98' title="bbox 377 5336 1936 5414">
    <p class='ocr_par' dir='ltr' id='par_1_98' title="bbox 377 5336 1936 5414">
     <span class='ocr_line' id='line_1_103' title="bbox 377 5336 1936 5414; baseline 0.009 -28"><span class='ocrx_word' id='word_1_759' title='bbox 377 5351 565 5389; x_wconf 84' lang='lat' dir='ltr'><strong>nerum</strong></span> <span class='ocrx_word' id='word_1_760' title='bbox 593 5337 684 5401; x_wconf 88' lang='lat' dir='ltr'><strong>sit,</strong></span> <span class='ocrx_word' id='word_1_761' title='bbox 738 5336 834 5392; x_wconf 89' lang='lat' dir='ltr'><strong>sed</strong></span> <span class='ocrx_word' id='word_1_762' title='bbox 886 5336 1101 5406; x_wconf 80' lang='lat' dir='ltr'><strong>triplex,</strong></span> <span class='ocrx_word' id='word_1_763' title='bbox 1135 5346 1286 5391; x_wconf 78' lang='lat' dir='ltr'><strong>ortus</strong></span> <span class='ocrx_word' id='word_1_764' title='bbox 1312 5355 1377 5393; x_wconf 80' lang='lat' dir='ltr'><strong>ex</strong></span> <span class='ocrx_word' id='word_1_765' title='bbox 1421 5342 1665 5396; x_wconf 89' lang='lat' dir='ltr'><strong>masculo</strong></span> <span class='ocrx_word' id='word_1_766' title='bbox 1686 5352 1739 5397; x_wconf 90' lang='lat' dir='ltr'><strong>et</strong></span> <span class='ocrx_word' id='word_1_767' title='bbox 1767 5359 1936 5414; x_wconf 81' lang='lat' dir='ltr'><strong>capax</strong></span> 
     </span>
    </p>
   </div>
   <div class='ocr_carea' id='block_1_99' title="bbox 372 5428 1932 5502">
    <p class='ocr_par' dir='ltr' id='par_1_99' title="bbox 372 5428 1932 5502">
     <span class='ocr_line' id='line_1_104' title="bbox 372 5428 1932 5502; baseline 0.006 -23"><span class='ocrx_word' id='word_1_768' title='bbox 372 5436 455 5480; x_wconf 88' lang='lat' dir='ltr'><strong>est</strong></span> <span class='ocrx_word' id='word_1_769' title='bbox 478 5428 858 5490; x_wconf 89' lang='lat' dir='ltr'><strong>ratiocinandi.</strong></span> <span class='ocrx_word' id='word_1_770' title='bbox 898 5429 1286 5498; x_wconf 85' lang='lat' dir='ltr'><strong>cognoscendi,</strong></span> <span class='ocrx_word' id='word_1_771' title='bbox 1327 5433 1600 5487; x_wconf 90' lang='lat' dir='ltr'><strong>metuendi</strong></span> <span class='ocrx_word' id='word_1_772' title='bbox 1630 5444 1682 5488; x_wconf 87' lang='lat' dir='ltr'><strong>et</strong></span> <span class='ocrx_word' id='word_1_773' title='bbox 1718 5448 1932 5502; x_wconf 90' lang='lat' dir='ltr'><strong>eorum,</strong></span> 
     </span>
    </p>
   </div>
   <div class='ocr_carea' id='block_1_100' title="bbox 2067 4597 3666 4680">
    <p class='ocr_par' dir='ltr' id='par_1_100' title="bbox 2067 4597 3666 4680">
     <span class='ocr_line' id='line_1_105' title="bbox 2067 4597 3666 4680; baseline 0.008 -31"><span class='ocrx_word' id='word_1_774' title='bbox 2067 4597 2127 4650; x_wconf 84' lang='grc' dir='ltr'><strong>τὸ</strong></span> <span class='ocrx_word' id='word_1_775' title='bbox 2150 4600 2341 4672; x_wconf 89' lang='grc' dir='ltr'>μικρόν</span> <span class='ocrx_word' id='word_1_776' title='bbox 2364 4618 2424 4654; x_wconf 86' lang='grc' dir='ltr'><strong>τε</strong></span> <span class='ocrx_word' id='word_1_777' title='bbox 2452 4602 2611 4656; x_wconf 82' lang='grc' dir='ltr'>αὐτὸν</span> <span class='ocrx_word' id='word_1_778' title='bbox 2639 4601 2773 4656; x_wconf 75' lang='grc' dir='ltr'>εἶναι</span> <span class='ocrx_word' id='word_1_779' title='bbox 2813 4605 2906 4658; x_wconf 82' lang='grc' dir='ltr'><strong>καὶ</strong></span> <span class='ocrx_word' id='word_1_780' title='bbox 2937 4604 3306 4676; x_wconf 81' lang='grc' dir='ltr'>παρέρχεσθαι</span> <span class='ocrx_word' id='word_1_781' title='bbox 3352 4608 3555 4674; x_wconf 81' lang='grc' dir='ltr'>ὀξέως,</span> <span class='ocrx_word' id='word_1_782' title='bbox 3586 4608 3666 4680; x_wconf 79' lang='grc' dir='ltr'><strong>τῷ</strong></span> 
     </span>
    </p>
   </div>
   <div class='ocr_carea' id='block_1_101' title="bbox 2064 4685 3663 4765">
    <p class='ocr_par' dir='ltr' id='par_1_101' title="bbox 2064 4685 3663 4765">
     <span class='ocr_line' id='line_1_106' title="bbox 2064 4685 3663 4765; baseline 0.009 -27"><span class='ocrx_word' id='word_1_783' title='bbox 2064 4685 2121 4738; x_wconf 82' lang='grc' dir='ltr'><strong>δὲ</strong></span> <span class='ocrx_word' id='word_1_784' title='bbox 2147 4688 2335 4760; x_wconf 82' lang='grc' dir='ltr'>ἀγαθῷ</span> <span class='ocrx_word' id='word_1_785' title='bbox 2374 4689 2566 4746; x_wconf 81' lang='grc' dir='ltr'>σώσειν</span> <span class='ocrx_word' id='word_1_786' title='bbox 2597 4694 2861 4763; x_wconf 80' lang='grc' dir='ltr'>ὑπέσχετο</span> <span class='ocrx_word' id='word_1_787' title='bbox 2896 4693 2986 4746; x_wconf 84' lang='grc' dir='ltr'><strong>τὸν</strong></span> <span class='ocrx_word' id='word_1_788' title='bbox 3030 4694 3289 4764; x_wconf 86' lang='grc' dir='ltr'>μέλλοντα</span> <span class='ocrx_word' id='word_1_789' title='bbox 3327 4699 3535 4765; x_wconf 83' lang='grc' dir='ltr'>αἰῶνα,</span> <span class='ocrx_word' id='word_1_790' title='bbox 3566 4700 3663 4751; x_wconf 71' lang='grc' dir='ltr'><strong>ἅτε</strong></span> 
     </span>
    </p>
   </div>
   <div class='ocr_carea' id='block_1_102' title="bbox 2065 4780 3664 4859">
    <p class='ocr_par' dir='ltr' id='par_1_102' title="bbox 2065 4780 3664 4859">
     <span class='ocr_line' id='line_1_107' title="bbox 2065 4780 3664 4859; baseline 0.008 -26"><span class='ocrx_word' id='word_1_791' title='bbox 2065 4780 2130 4852; x_wconf 84' lang='grc' dir='ltr'>δὴ</span> <span class='ocrx_word' id='word_1_792' title='bbox 2159 4783 2331 4852; x_wconf 85' lang='grc' dir='ltr'>μέγαν</span> <span class='ocrx_word' id='word_1_793' title='bbox 2356 4784 2482 4838; x_wconf 78' lang='grc' dir='ltr'>ὄντα</span> <span class='ocrx_word' id='word_1_794' title='bbox 2517 4786 2609 4838; x_wconf 78' lang='grc' dir='ltr'><strong>καὶ</strong></span> <span class='ocrx_word' id='word_1_795' title='bbox 2643 4783 2831 4840; x_wconf 69' lang='grc' dir='ltr'>ἀίδιον.</span> <span class='ocrx_word' id='word_1_796' title='bbox 2864 4786 2966 4839; x_wconf 85' lang='grc' dir='ltr'><strong>Τὸν</strong></span> <span class='ocrx_word' id='word_1_797' title='bbox 2994 4782 3087 4840; x_wconf 84' lang='grc' dir='ltr'><strong>οὖν</strong></span> <span class='ocrx_word' id='word_1_798' title='bbox 3125 4788 3422 4857; x_wconf 84' lang='grc' dir='ltr'>ἄνθρωπον</span> <span class='ocrx_word' id='word_1_799' title='bbox 3460 4792 3664 4859; x_wconf 80' lang='grc' dir='ltr'>αὐτεξ-</span> 
     </span>
    </p>
   </div>
   <div class='ocr_carea' id='block_1_103' title="bbox 2061 4870 3661 4953">
    <p class='ocr_par' dir='ltr' id='par_1_103' title="bbox 2061 4870 3661 4953">
     <span class='ocr_line' id='line_1_108' title="bbox 2061 4870 3661 4953; baseline 0.009 -31"><span class='ocrx_word' id='word_1_800' title='bbox 2061 4870 2243 4927; x_wconf 86' lang='grc' dir='ltr'>ούσιον</span> <span class='ocrx_word' id='word_1_801' title='bbox 2282 4875 2564 4946; x_wconf 80' lang='grc' dir='ltr'>ἐποίησεν,</span> <span class='ocrx_word' id='word_1_802' title='bbox 2602 4877 3009 4949; x_wconf 77' lang='grc' dir='ltr'>ἐπιτηδειότητα</span> <span class='ocrx_word' id='word_1_803' title='bbox 3034 4878 3226 4949; x_wconf 73' lang='grc' dir='ltr'>ἔχοντα</span> <span class='ocrx_word' id='word_1_804' title='bbox 3268 4880 3462 4935; x_wconf 88' lang='grc' dir='ltr'>νεύειν</span> <span class='ocrx_word' id='word_1_805' title='bbox 3518 4885 3661 4953; x_wconf 85' lang='grc' dir='ltr'>πρὸς</span> 
     </span>
    </p>
   </div>
   <div class='ocr_carea' id='block_1_104' title="bbox 2054 4962 3656 5043">
    <p class='ocr_par' dir='ltr' id='par_1_104' title="bbox 2054 4962 3656 5043">
     <span class='ocr_line' id='line_1_109' title="bbox 2054 4962 3656 5043; baseline 0.007 -26"><span class='ocrx_word' id='word_1_806' title='bbox 2054 4962 2122 5026; x_wconf 77' lang='grc' dir='ltr'>ἃς</span> <span class='ocrx_word' id='word_1_807' title='bbox 2166 4964 2411 5035; x_wconf 86' lang='grc' dir='ltr'>βούλεται</span> <span class='ocrx_word' id='word_1_808' title='bbox 2451 4967 2694 5037; x_wconf 81' lang='grc' dir='ltr'>πράξεις.</span> <span class='ocrx_word' id='word_1_809' title='bbox 2722 4970 2828 5023; x_wconf 87' lang='lat' dir='ltr'><strong>Kal</strong></span> <span class='ocrx_word' id='word_1_810' title='bbox 2870 4969 2932 5023; x_wconf 82' lang='grc' dir='ltr'>τὸ</span> <span class='ocrx_word' id='word_1_811' title='bbox 2975 4970 3073 5041; x_wconf 85' lang='grc' dir='ltr'><strong>μὲν</strong></span> <span class='ocrx_word' id='word_1_812' title='bbox 3112 4971 3270 5043; x_wconf 87' lang='grc' dir='ltr'>σῶμα</span> <span class='ocrx_word' id='word_1_813' title='bbox 3296 4974 3480 5028; x_wconf 77' lang='grc' dir='ltr'>αὐτοῦ</span> <span class='ocrx_word' id='word_1_814' title='bbox 3536 4977 3656 5029; x_wconf 75' lang='grc' dir='ltr'>ἐστι</span> 
     </span>
    </p>
   </div>
   <div class='ocr_carea' id='block_1_105' title="bbox 2055 5056 3654 5139">
    <p class='ocr_par' dir='ltr' id='par_1_105' title="bbox 2055 5056 3654 5139">
     <span class='ocr_line' id='line_1_110' title="bbox 2055 5056 3654 5139; baseline 0.009 -30"><span class='ocrx_word' id='word_1_815' title='bbox 2055 5056 2341 5129; x_wconf 80' lang='grc' dir='ltr'>τριμερὲς,</span> <span class='ocrx_word' id='word_1_816' title='bbox 2389 5059 2453 5112; x_wconf 83' lang='grc' dir='ltr'>ὲκ</span> <span class='ocrx_word' id='word_1_817' title='bbox 2490 5058 2706 5131; x_wconf 87' lang='grc' dir='ltr'>θηλείας</span> <span class='ocrx_word' id='word_1_818' title='bbox 2746 5061 2866 5132; x_wconf 80' lang='grc' dir='ltr'>ἔχον</span> <span class='ocrx_word' id='word_1_819' title='bbox 2891 5061 2989 5133; x_wconf 83' lang='grc' dir='ltr'><strong>τὴν</strong></span> <span class='ocrx_word' id='word_1_820' title='bbox 3014 5063 3238 5131; x_wconf 88' lang='grc' dir='ltr'>γένεσιν.</span> <span class='ocrx_word' id='word_1_821' title='bbox 3278 5065 3456 5139; x_wconf 80' lang='lat'><strong>397</strong></span> <span class='ocrx_word' id='word_1_822' title='bbox 3492 5070 3654 5139; x_wconf 85' lang='grc' dir='ltr'>Ἔχει</span> 
     </span>
    </p>
   </div>
   <div class='ocr_carea' id='block_1_106' title="bbox 2054 5148 3655 5227">
    <p class='ocr_par' dir='ltr' id='par_1_106' title="bbox 2054 5148 3655 5227">
     <span class='ocr_line' id='line_1_111' title="bbox 2054 5148 3655 5227; baseline 0.011 -27"><span class='ocrx_word' id='word_1_823' title='bbox 2054 5148 2164 5218; x_wconf 77' lang='grc' dir='ltr'>γὰρ</span> <span class='ocrx_word' id='word_1_824' title='bbox 2212 5150 2522 5221; x_wconf 80' lang='grc' dir='ltr'>ἐπιθυμίαν,</span> <span class='ocrx_word' id='word_1_825' title='bbox 2572 5152 2761 5224; x_wconf 85' lang='grc' dir='ltr'>ὀργὴν,</span> <span class='ocrx_word' id='word_1_826' title='bbox 2806 5153 2981 5227; x_wconf 88' lang='grc' dir='ltr'>λύπην</span> <span class='ocrx_word' id='word_1_827' title='bbox 3009 5156 3193 5210; x_wconf 76' lang='grc' dir='ltr'>καὶτὰ</span> <span class='ocrx_word' id='word_1_828' title='bbox 3237 5158 3465 5224; x_wconf 88' lang='grc' dir='ltr'>τούτοις</span> <span class='ocrx_word' id='word_1_829' title='bbox 3518 5162 3655 5216; x_wconf 76' lang='grc' dir='ltr'>ἑπό-</span> 
     </span>
    </p>
   </div>
   <div class='ocr_carea' id='block_1_107' title="bbox 2056 5238 3653 5319">
    <p class='ocr_par' dir='ltr' id='par_1_107' title="bbox 2056 5238 3653 5319">
     <span class='ocr_line' id='line_1_112' title="bbox 2056 5238 3653 5319; baseline 0.014 -33"><span class='ocrx_word' id='word_1_830' title='bbox 2056 5252 2212 5305; x_wconf 90' lang='grc' dir='ltr'>μενα.</span> <span class='ocrx_word' id='word_1_831' title='bbox 2237 5238 2309 5290; x_wconf 89' lang='grc' dir='ltr'><strong>Τὸ</strong></span> <span class='ocrx_word' id='word_1_832' title='bbox 2335 5238 2392 5291; x_wconf 82' lang='grc' dir='ltr'>δὲ</span> <span class='ocrx_word' id='word_1_833' title='bbox 2421 5240 2635 5311; x_wconf 82' lang='grc' dir='ltr'>πνεῦμα</span> <span class='ocrx_word' id='word_1_834' title='bbox 2665 5242 2757 5295; x_wconf 77' lang='grc' dir='ltr'><strong>καὶ</strong></span> <span class='ocrx_word' id='word_1_835' title='bbox 2780 5244 2911 5297; x_wconf 83' lang='grc' dir='ltr'>αὐτὸ</span> <span class='ocrx_word' id='word_1_836' title='bbox 2949 5246 3011 5298; x_wconf 89' lang='grc' dir='ltr'><strong>ού</strong></span> <span class='ocrx_word' id='word_1_837' title='bbox 3050 5248 3363 5319; x_wconf 82' lang='grc' dir='ltr'>τριτογενὲς</span> <span class='ocrx_word' id='word_1_838' title='bbox 3384 5250 3473 5316; x_wconf 82' lang='grc' dir='ltr'>ὃν,</span> <span class='ocrx_word' id='word_1_839' title='bbox 3506 5253 3653 5309; x_wconf 74' lang='grc' dir='ltr'>ἀλλὰ</span> 
     </span>
    </p>
   </div>
   <div class='ocr_carea' id='block_1_108' title="bbox 2051 5328 3648 5409">
    <p class='ocr_par' dir='ltr' id='par_1_108' title="bbox 2051 5328 3648 5409">
     <span class='ocr_line' id='line_1_113' title="bbox 2051 5328 3648 5409; baseline 0.014 -31"><span class='ocrx_word' id='word_1_840' title='bbox 2051 5328 2332 5397; x_wconf 76' lang='grc' dir='ltr'>τριμερὲς,</span> <span class='ocrx_word' id='word_1_841' title='bbox 2360 5330 2426 5383; x_wconf 83' lang='grc' dir='ltr'>ἐκ</span> <span class='ocrx_word' id='word_1_842' title='bbox 2452 5331 2545 5384; x_wconf 83' lang='grc' dir='ltr'>τοῦ</span> <span class='ocrx_word' id='word_1_843' title='bbox 2593 5334 2820 5405; x_wconf 78' lang='grc' dir='ltr'>ἄρρενος</span> <span class='ocrx_word' id='word_1_844' title='bbox 2859 5336 2972 5405; x_wconf 78' lang='grc' dir='ltr'>ἔχει</span> <span class='ocrx_word' id='word_1_845' title='bbox 3014 5337 3111 5409; x_wconf 83' lang='grc' dir='ltr'><strong>τὴν</strong></span> <span class='ocrx_word' id='word_1_846' title='bbox 3150 5339 3391 5408; x_wconf 83' lang='grc' dir='ltr'>γένεσιν,</span> <span class='ocrx_word' id='word_1_847' title='bbox 3431 5344 3535 5398; x_wconf 74' lang='lat' dir='ltr'><strong>xal</strong></span> <span class='ocrx_word' id='word_1_848' title='bbox 3557 5346 3648 5399; x_wconf 73' lang='grc' dir='ltr'>δε-</span> 
     </span>
    </p>
   </div>
   <div class='ocr_carea' id='block_1_109' title="bbox 2044 5417 3645 5500">
    <p class='ocr_par' dir='ltr' id='par_1_109' title="bbox 2044 5417 3645 5500">
     <span class='ocr_line' id='line_1_114' title="bbox 2044 5417 3645 5500; baseline 0.016 -30"><span class='ocrx_word' id='word_1_849' title='bbox 2044 5417 2231 5472; x_wconf 85' lang='grc' dir='ltr'>κτικόν</span> <span class='ocrx_word' id='word_1_850' title='bbox 2258 5420 2369 5473; x_wconf 80' lang='grc' dir='ltr'>ἐστι</span> <span class='ocrx_word' id='word_1_851' title='bbox 2404 5420 2684 5494; x_wconf 84' lang='grc' dir='ltr'>λογισμοῦ,</span> <span class='ocrx_word' id='word_1_852' title='bbox 2714 5425 2985 5494; x_wconf 86' lang='grc' dir='ltr'>γνώσεως,</span> <span class='ocrx_word' id='word_1_853' title='bbox 3025 5429 3190 5500; x_wconf 77' lang='grc' dir='ltr'>φόϐου</span> <span class='ocrx_word' id='word_1_854' title='bbox 3226 5432 3320 5486; x_wconf 75' lang='lat' dir='ltr'><strong>xal</strong></span> <span class='ocrx_word' id='word_1_855' title='bbox 3362 5435 3485 5492; x_wconf 89' lang='grc' dir='ltr'><strong>τῶν</strong></span> <span class='ocrx_word' id='word_1_856' title='bbox 3514 5438 3645 5495; x_wconf 83' lang='grc' dir='ltr'>τού-</span> 
     </span>
    </p>
   </div>
   <div class='ocr_carea' id='block_1_110' title="bbox 1622 5592 2290 5654">
    <p class='ocr_par' dir='ltr' id='par_1_110' title="bbox 1622 5592 2290 5654">
     <span class='ocr_line' id='line_1_115' title="bbox 1622 5592 2290 5654; baseline 0.012 -9"><span class='ocrx_word' id='word_1_857' title='bbox 1622 5592 1852 5648; x_wconf 68' lang='grc' dir='ltr'><strong>νΛῘὶΙιΕ</strong></span> <span class='ocrx_word' id='word_1_858' title='bbox 1892 5595 2290 5654; x_wconf 86' lang='lat' dir='ltr'><strong>LECTIONES.</strong></span> 
     </span>
    </p>
   </div>
   <div class='ocr_carea' id='block_1_111' title="bbox 414 5698 1699 5772">
    <p class='ocr_par' dir='ltr' id='par_1_111' title="bbox 414 5698 1699 5772">
     <span class='ocr_line' id='line_1_116' title="bbox 414 5698 1699 5772; baseline 0.005 -15"><span class='ocrx_word' id='word_1_859' title='bbox 414 5698 458 5731; x_wconf 67' lang='grc'><strong>³⁸</strong></span> <span class='ocrx_word' id='word_1_860' title='bbox 503 5703 771 5772; x_wconf 71' lang='grc' dir='ltr'>Σοφονίας</span> <span class='ocrx_word' id='word_1_861' title='bbox 805 5705 843 5760; x_wconf 94' lang='grc' dir='ltr'>Ο</span> <span class='ocrx_word' id='word_1_862' title='bbox 874 5746 886 5771; x_wconf 92' lang='grc'><strong>,</strong></span> <span class='ocrx_word' id='word_1_863' title='bbox 924 5717 979 5763; x_wconf 82' lang='grc' dir='ltr'><strong>ιιι</strong></span> <span class='ocrx_word' id='word_1_864' title='bbox 1012 5709 1174 5765; x_wconf 88' lang='lat' dir='ltr'><strong>etiam</strong></span> <span class='ocrx_word' id='word_1_865' title='bbox 1202 5707 1341 5765; x_wconf 85' lang='lat' dir='ltr'><strong>infra</strong></span> <span class='ocrx_word' id='word_1_866' title='bbox 1367 5719 1699 5767; x_wconf 80' lang='lat' dir='ltr'><strong>constanter.</strong></span> 
     </span>
    </p>
   </div>
   <div class='ocr_carea' id='block_1_112' title="bbox 1803 5710 3099 5793">
    <p class='ocr_par' dir='ltr' id='par_1_112' title="bbox 1803 5710 3099 5793">
     <span class='ocr_line' id='line_1_117' title="bbox 1803 5710 3099 5793; baseline 0.011 -27"><span class='ocrx_word' id='word_1_867' title='bbox 1803 5711 1847 5742; x_wconf 81' lang='grc'><strong>⁸⁸</strong></span> <span class='ocrx_word' id='word_1_868' title='bbox 1884 5710 2050 5769; x_wconf 78' lang='lat' dir='ltr'><strong>Nolui</strong></span> <span class='ocrx_word' id='word_1_869' title='bbox 2084 5715 2320 5771; x_wconf 79' lang='lat' dir='ltr'><strong>scribere</strong></span> <span class='ocrx_word' id='word_1_870' title='bbox 2350 5715 2645 5793; x_wconf 77' lang='grc' dir='ltr'>διελέχθης.</span> <span class='ocrx_word' id='word_1_871' title='bbox 2728 5722 2771 5755; x_wconf 74' lang='grc'><strong>⁸⁷</strong></span> <span class='ocrx_word' id='word_1_872' title='bbox 2806 5720 3001 5777; x_wconf 79' lang='grc' dir='ltr'>νύκταν</span> <span class='ocrx_word' id='word_1_873' title='bbox 3036 5728 3099 5780; x_wconf 88' lang='grc' dir='ltr'>υ.</span> 
     </span>
    </p>
   </div>
  </div>
