4022 6336
331 349 429 405 “9

1364 340 1820 397 CLEMENTINA.
1860 370 1928 380 —-
1958 337 2241 393 HOMILIA
2280 336 2395 390 XX.

3465 341 3566 395 5in

333 472 439 518 τοις
473 454 770 522 ἑποςεένων.
816 453 1080 526 Ἐκατέρα
1118 452 1174 506 δὲ
1220 450 1327 505 τῶν
1372 449 1602 521 τριάδων
1638 450 1763 519 μίαν
1786 447 1896 517 ἔχει

2002 463 2123 515 qua:
2158 447 2263 499 huc
2292 446 2580 515 pertinent.
2616 445 2843 519 Utrique
2880 461 3061 508 autem
3104 452 3341 508 triadum
3371 454 3559 509 eadem

330 543 421 613 τὴν
460 542 637 613 ῥίζαν,
677 541 753 605 ὼς
791 539 928 595 εἶναι
978 544 1069 596 τὸν
1111 542 1393 613 ἄνθρωπον
1445 540 1509 593 ὲκ
1562 539 1896 610 φυραμάτων

328 635 436 693 δύο,
467 634 687 705 θηλείας
736 652 798 688 τε
843 635 938 689 καὶ
975 635 1218 707 ἄρρενος.
1260 633 1351 685 Διὸ
1396 631 1459 703 δὴ
1504 632 1598 685 καὶ
1632 631 1723 684 δύο
1752 629 1899 701 αὐτῷ

326 724 432 777 ὁδοὶ
468 725 859 797 προετέθησαν,
895 725 1059 796 νόμου
1094 742 1153 778 τε
1180 725 1274 777 καὶ
1298 723 1556 794 ἀνομίας·
1588 721 1680 775 δύο
1705 739 1766 775 τε
1801 721 1897 792 βα·-

328 815 516 868 σιλεῖαι
545 815 876 887 ὼρίσθησαν,
916 817 948 886 ἡ
984 815 1085 886 μὲν
1129 813 1368 885 οὐρανῶν
1422 812 1748 882 λεγομένων,
1776 812 1810 881 ἡ
1839 809 1897 862 δὲ

323 907 429 960 τῶν
456 908 548 962 ἐπὶ
577 909 679 980 γῆς
719 907 814 962 νῦν
861 907 1270 979 βασιλεύοντων.
1313 906 1471 960 Ἀλλά
1498 906 1590 959 καὶ
1627 905 1719 958 δύο
1747 904 1899 975 βασι-

324 1000 433 1063 λεῖς
459 1000 784 1072 ἐτάχθησαν,
809 995 884 1055 ὧν
914 1003 943 1054 ὁ
971 1000 1068 1073 μὲν
1090 999 1184 1053 τοῦ
1213 1000 1477 1072 παρόντος
1503 998 1596 1053 καὶ
1632 997 1898 1070 προσκαί-

325 1110 421 1163 ρου
448 1092 657 1164 κόσμου
710 1092 860 1165 νόμῳ
909 1090 1211 1164 βασιλεύειν
1255 1093 1659 1164 χειροτονεῖται,
1702 1090 1761 1153 ὃς
1803 1090 1897 1144 κα)⁵

323 1183 408 1236 ἐπ’
458 1183 664 1255 ὀλέθρῳ
700 1183 952 1257 πονηρῶν
1002 1184 1212 1255 χαίρειν
1252 1182 1493 1255 ἐκράθη·
1525 1184 1552 1238 ὁ
1578 1181 1637 1234 δὲ
1687 1182 1893 1251 ἕτερος,

325 1277 417 1328 καὶ
439 1275 605 1338 αὐτὸς
651 1274 901 1345 βασιλεὺς
941 1275 1200 1347 ὑπάρχων
1245 1274 1340 1327 τοῦ
1379 1273 1637 1345 ἐσομένου
1679 1273 1893 1338 αἰῶνος,

328 1368 543 1440 στέργει
600 1368 777 1422 πᾶσαν
835 1366 1136 1440 ἀνθρώπων
1171 1366 1352 1436 φύσιν,
1398 1367 1455 1419 ὲν
1510 1367 1622 1427 τοῖς
1663 1364 1896 1435 παροῦσι

324 1458 419 1531 τὴν
464 1459 774 1531 παρρησίαν
822 1457 965 1529 ἐχειν
1008 1457 1069 1511 οὐ
1109 1458 1424 1529 δυνάμενος,
1484 1454 1645 1529 [ἀλλ’]
1688 1455 1763 1520 ῶς
1814 1455 1899 1518 τίς

328 1548 440 1601 ποτ’
461 1548 581 1601 ἐστὶ
620 1545 900 1601 λανθάνειν
928 1543 1260 1618 πειρώμενος
1278 1542 1349 1599 τά
1373 1543 1715 1615 συμφέροντα
1757 1559 1898 1614 συμ-

329 1639 590 1695 ϐουλεύει.

395 1750 485 1807 111.
527 1752 647 1806 Τῶν
672 1752 730 1806 δὲ
760 1751 853 1806 δύο
878 1751 1082 1806 τούτων
1130 1750 1181 1825 [ὁ
1220 1750 1428 1825 ἕτερος]
1470 1751 1560 1805 τὸν
1592 1752 1777 1823 ἕτερον
1805 1752 1899 1806 ὲκ-

1997 537 2147 590 radix
2185 544 2289 599 est,
2332 536 2402 588 ita
2438 544 2495 589 ut
2520 536 2684 590 homo
2713 540 2925 596 duabus
2960 542 3454 609 commistionibus,
3481 545 3564 600 fe-

2000 627 2164 682 minei
2199 641 2324 681 cum
2374 629 2641 693 masculo,
2697 633 3036 701 compositus
3088 634 3180 689 sit.
3223 634 3566 704 Quapropter

1997 717 2161 772 etiam
2178 718 2299 773 duae
2324 719 2443 783 viae,
2481 720 2756 790 aequitatis
2789 739 2854 778 ac
2894 725 3216 795 iniquitatis,
3248 728 3561 796 propositae,

1997 811 2108 865 duo
2135 825 2355 881 quoque
2387 826 2554 881 regna
2584 813 2806 869 definita
2840 826 2987 883 sunt,
3023 819 3253 874 alterum
3296 820 3563 875 caelorum

1998 900 2350 970 appellatum,
2390 903 2621 958 alterum
2673 920 2886 973 eorum,
2918 909 3009 978 qui
3040 925 3187 965 nunc
3227 912 3279 966 in
3303 920 3449 967 terra
3476 929 3565 968 re-

1998 1002 2187 1060 gnant.
2212 992 2292 1048 Ac
2319 994 2575 1050 similiter
2605 996 2716 1052 duo
2763 1015 2918 1069 reges
2944 1002 3228 1059 constituti
3258 1016 3405 1071 sunt,
3428 1022 3566 1075 quo-

1999 1098 2117 1137 rum
2145 1084 2282 1139 alter
2313 1087 2565 1155 praesenti
2596 1103 2661 1144 ae
2705 1098 3054 1159 temperance
3100 1095 3304 1148 mundo
3341 1111 3568 1162 regnare.

1996 1188 2050 1231 et
2079 1179 2318 1247 pernicie
2378 1182 2647 1236 malorum
2698 1184 2937 1253 gaudere
2982 1186 3100 1257 lege
3157 1192 3568 1257 tenetur;alter

1998 1281 2203 1335 autem,
2244 1285 2339 1324 rex
2370 1280 2425 1325 et
2470 1271 2607 1342 ipse,
2648 1272 3057 1345 futuriquidem
3091 1278 3214 1342 aevi,
3250 1279 3565 1336 universam

1997 1359 2170 1428 diligit
2197 1371 2445 1416 naturam
2491 1365 2782 1419 humanam
2824 1384 2838 1421 :
2874 1367 2966 1436 qui
3022 1369 3328 1425 libertatem
3370 1372 3565 1442 agendi

1996 1454 2098 1506 etsi
2125 1454 2175 1506 in
2202 1456 2450 1524 presenti
2490 1472 2598 1511 non
2640 1458 2820 1525 habet,
2872 1461 3232 1519 nihilominus
3252 1463 3319 1520 de
3343 1466 3567 1521 utilibus

1999 1546 2293 1603 suadendis
2319 1548 2547 1603 latenter
2586 1550 2858 1608 sollicitus
2889 1563 2993 1610 est.

2068 1746 2157 1802 ill.
2199 1746 2402 1803 Horum
2454 1748 2707 1816 duorum,
2746 1750 2853 1807 Deo
2884 1754 3188 1821 ordinante,
3230 1759 3365 1813 alter
3404 1761 3560 1819 alteri

328 1846 592 1912 ϐιάζεται,
626 1846 759 1899 Θεοῦ
787 1845 1158 1909 κελεύσαντος.
1190 1844 1458 1907 Ἕκαστος
1481 1843 1537 1896 δὲ
1562 1843 1669 1897 τῶν
1693 1840 1899 1913 ἀνθρώ-

2000 1840 2105 1894 vim
2139 1840 2319 1895 infert.
2353 1841 2594 1912 Quisque
2616 1852 2793 1897 autem
2830 1845 3109 1902 hominum
3137 1848 3445 1907 facultatem
3470 1854 3569 1906 ha-

329 1960 441 1995 πων
467 1939 715 2007 ἐξουσίαν
740 1939 872 2009 ἕχει,
900 1937 1140 2010 [έκείν]ῳ
1165 1936 1363 1999 αὐτῶν,
1398 1929 1443 2005 ᾧ
1470 1934 1738 2007 βούλεται,
1773 1935 1895 1989 πεί-

328 2031 515 2085 θεσθαι
548 2031 685 2102 πρὸς
722 2029 783 2082 τὸ
823 2030 1087 2101 πράσσειν
1121 2026 1298 2096 ἀγαθά
1340 2026 1372 2099 ἣ
1406 2020 1575 2079 κακά.
1608 2022 1757 2097 Πλὴν
1803 2024 1898 2078 ἐὰν

324 2122 394 2176 τά
418 2122 601 2191 ἀγαθά
623 2138 707 2184 τις
739 2120 1006 2192 πράσσειν
1032 2118 1237 2189 ἕληται,
1268 2116 1361 2170 τοῦ
1405 2116 1661 2188 ἐσομένου
1692 2113 1897 2183 ἀγαθοῦ

330 2213 594 2286 βασιλέως
631 2211 838 2281 γίνεται
884 2209 1100 2280 κτῆμα’
1135 2209 1184 2261 εί
1221 2208 1278 2261 δὲ
1320 2205 1499 2277 φαῦλα
1534 2204 1759 2276 πράξειέ
1793 2220 1897 2269 τις,

326 2306 418 2360 τοῦ
454 2304 720 2377 παρόντος
745 2303 790 2335 ⁸⁸
825 2302 1030 2372 γίνεται
1060 2298 1295 2371 πονηροῦ
1329 2298 1674 2370 ὑπηρέτημα.
1707 2298 1803 2359 Ὃς
1830 2294 1898 2349 δι’

329 2395 599 2469 ἁμαρτίας
632 2395 810 2466 κρίσει
839 2392 1022 2465 δικαίᾳ
1054 2392 1152 2465 τὴν
1189 2393 1308 2445 κατ’
1333 2389 1496 2443 αὐτοῦ
1538 2389 1717 2443 λαϐὼν
1749 2387 1900 2455 ἐξου-

331 2491 450 2544 σίαν
501 2488 595 2542 καὶ
628 2487 733 2559 πρὸ
778 2486 869 2540 τοῦ
921 2484 1205 2558 μέλλοντος
1246 2484 1439 2546 αίῶνος
1485 2481 1715 2553 θελήσας
1760 2481 1897 2552 αὐτῇ

329 2582 565 2655 χρῆσθαι
579 2583 625 2612 ⁸⁹
639 2582 695 2634 ὲν
719 2580 796 2652 τῷ
817 2579 911 2633 νῦν
935 2578 1034 2650 βίῳ
1055 2577 1298 2641 κολάζων
1319 2574 1526 2648 ἣδεται,
1543 2574 1635 2627 καὶ
1647 2572 1812 2644 398
1825 2573 1902 2637 ὠς

333 2677 439 2747 ἰδίᾳ.
464 2672 822 2746 χαριζόμενος
874 2671 1138 2742 ἐπιθυμίᾳ
1184 2670 1283 2741 τὴν
1314 2668 1407 2721 τοῦ
1450 2665 1586 2720 Θεοῦ
1649 2664 1900 2737 βούλησιν

329 2768 557 2821 ἒκτελεῖ.
599 2768 655 2819 Ὀ
687 2766 742 2818 δὲ
768 2765 952 2836 ἕτερος
978 2764 1069 2816 ὲπί
1103 2761 1326 2816 δικαίων
1365 2759 1584 2831 ἐξουσίᾳ.
1620 2758 1831 2830 χαίρειν
1854 2758 1900 2790 ⁸ο

330 2858 770 2931 δημιουργηθεὶς,
815 2857 1022 2910 δίκαιον
1054 2852 1225 2924 εὑρὼν
1255 2851 1504 2925 μεγάλως
1530 2850 1898 2923 εὐφραίνεται,

332 2952 520 3017 σώζων
551 2951 711 3005 αὐτὸν
741 2949 895 3019 ἀϊδίῳ
933 2947 1068 3019 ζωῇ,
1093 2946 1187 3000 καὶ
1221 2944 1379 3008 αὐτὸς
1409 2944 1465 2996 δὲ
1499 2944 1575 3007 ὡς
1599 2942 1776 3014 ἑαυτῷ
1806 2961 1903 3012 χα-

335 3045 617 3118 ριζόμενος
641 3044 739 3115 τὴν
774 3043 914 3114 ὑπὲρ
939 3041 1142 3095 τούτων
1168 3040 1247 3104 είς
1280 3036 1411 3092 Θεὸν
1438 3037 1696 3109 ἀναφέρει
1721 3036 1900 3108 χάριν.

335 3140 552 3205 Ἔξεστι
577 3137 635 3190 δὲ
660 3136 822 3189 παντὶ
846 3135 1015 3204 ἀδίκῳ
1048 3130 1472 3205 μεταμεληθέντι
1501 3127 1786 3192 σώζεσθαι,
1812 3126 1904 3180 καὶ

1999 1933 2109 1999 bet,
2139 1948 2330 1987 eorum
2378 1934 2463 1987 cui
2510 1935 2622 1987 vult
2652 1935 2938 1990 obediendi
2969 1939 3034 1991 ad
3071 1939 3210 1994 bona
3241 1942 3564 2010 perficienda

1999 2038 2093 2083 aut
2126 2028 2287 2083 mala.
2322 2028 2401 2083 Ac
2446 2029 2490 2084 si
2538 2030 2661 2098 quis
2689 2029 2828 2084 bona
2862 2031 3040 2087 facere
3085 2034 3184 2088 sibi
3233 2037 3401 2107 eligit,
3438 2054 3581 2107 pret

1998 2121 2201 2191 prietas
2236 2121 2481 2175 redditur
2516 2120 2685 2175 futuri
2728 2123 2856 2175 boni
2891 2125 3067 2194 regis;
3097 2126 3179 2180 sin
3215 2129 3338 2196 quis
3378 2128 3564 2199 iniqua

1997 2221 2289 2283 perpetret,
2326 2214 2611 2283 praesentis
2662 2213 2787 2267 mali
2839 2214 2897 2269 lit
2935 2216 3169 2286 adjutor.
3208 2217 3311 2285 Qui
3346 2220 3564 2290 quidem

2000 2321 2122 2360 cum
2172 2316 2392 2376 propter
2424 2315 2642 2376 peccata
2686 2307 2839 2376 justo
2884 2307 3091 2376 judicio
3133 2327 3256 2366 eum
3305 2312 3563 2382 puniendi

1999 2396 2270 2467 acceperit
2300 2396 2609 2452 facultatem
2659 2406 2713 2450 et
2755 2407 2878 2453 ante
2904 2415 3075 2454 avum
3106 2412 3366 2457 :eternum
3392 2419 3455 2457 ea
3490 2404 3565 2457 uti

1984 2488 2202 2559 ,eupiat,
2254 2490 2310 2543 in
2350 2490 2452 2544 hac
2496 2490 2599 2543 vita
2632 2491 2949 2560 castigando
2976 2492 3173 2562 gaudet
3205 2503 3257 2547 et
3278 2496 3433 2563 quasi
3465 2509 3569 2550 suo

2003 2580 2177 2650 ipsius
2205 2580 2477 2637 desiderio
2504 2582 2818 2653 gratificans
2850 2582 2940 2637 Dei
2977 2583 3305 2638 voluntatem
3336 2586 3565 2655 perficit.

2002 2671 2153 2726 Alter
2212 2687 2340 2727 vero
2387 2675 2670 2739 conditus,
2725 2684 2784 2730 ut
2829 2674 3102 2745 justorum
3152 2675 3379 2745 imperio
3432 2693 3567 2747 gau-

2002 2763 2169 2827 deat,
2219 2763 2362 2817 bono
2411 2766 2645 2834 quodam
2692 2766 2913 2823 invento
2960 2782 3282 2836 magnopere
3332 2766 3566 2832 lar-tatur,

2003 2869 2237 2924 cumque
2268 2855 2392 2911 vita:
2425 2867 2644 2912 aeternae
2675 2860 2868 2927 salvat,
2898 2868 2951 2913 et
2977 2858 3093 2928 ipse
3123 2874 3252 2913 vero
3275 2860 3430 2930 quasi
3462 2861 3567 2915 sibi

2003 2945 2295 3018 indulgens
2310 2964 2551 3005 amorem
2568 2966 2695 3023 erga
2720 2967 2816 3007 eos
2839 2952 2892 3006 in
2908 2950 3076 3006 Deum
3101 2949 3287 3006 refert.
3313 2953 3567 3007 Attamen

2004 3040 2185 3109 quivis
2219 3041 2460 3110 injustus
2490 3044 2730 3099 converti
2760 3052 2942 3113 potest
2964 3053 3129 3114 atque
3158 3043 3375 3111 salvari,
3407 3045 3569 3114 quili-

2007 3134 2097 3189 bet
2129 3136 2213 3189 vir
2236 3135 2423 3205 justus
2472 3146 2691 3207 peccata
2734 3140 3024 3193 commissa
3074 3152 3234 3208 pinna
3277 3136 3446 3192 luere.
3500 3135 3569 3192 lli

332 3232 495 3285 παντὶ
525 3229 719 3299 δικαίῳ
760 3227 912 3298 ἀνδρὶ
952 3222 1043 3278 ἐπὶ
1079 3222 1395 3286 τελευταίας
1426 3220 1703 3294 ἁμαρτίας
1745 3220 1899 3291 δίκην

2003 3226 2221 3297 quidem
2253 3227 2363 3283 duo
2395 3228 2562 3283 duces
2586 3230 2798 3284 veloces
2828 3229 2920 3285 Dei
2947 3244 3143 3283 manus
3174 3236 3304 3283 sunt
3327 3229 3392 3283 ad
3421 3228 3567 3283 anti-

332 3321 571 3391 ὐπέχειν.
645 3319 793 3390 Πλὴν
818 3319 868 3371 οἱ
894 3316 987 3369 δύο
1015 3314 1281 3386 ἡγεμόνες
1304 3308 1449 3367 οὗτοι
1481 3313 1691 3382 ταχεῖαι
1722 3309 1902 3382 χεῖρές

332 3411 436 3463 εἰσι
469 3408 606 3463 Θεοῦ
640 3405 1043 3480 προλαμϐάνειν
1074 3400 1459 3473 ὲπιθυμοῦσαι,
1497 3400 1558 3453 τὸ
1600 3397 1766 3454 αὐτοῦ
1809 3396 1902 3450 θέ-

330 3503 480 3574 λημα
512 3498 795 3554 ἐπιτελεῖν.
827 3501 945 3553 Ὅτι
984 3498 1042 3551 δὲ
1085 3495 1233 3551 τοῦθ’
1281 3493 1455 3558 οὕτως
1499 3492 1634 3564 ἔχει,
1688 3492 1902 3565 εἴρηται

331 3595 424 3648 καὶ
473 3593 552 3664 τῷ
600 3592 748 3662 νόμῳ
793 3592 857 3644 ὲκ
894 3587 1187 3663 προσώπου
1230 3586 1323 3640 τοῦ
1347 3585 1515 3638 Θεοῦ·
1566 3583 1711 3655 Ἐγὼ
1757 3584 1903 3637 ἁπο-

332 3685 519 3741 κτενῶ
551 3684 650 3738 καὶ
684 3684 789 3752 ζῇν
829 3682 1089 3748 ποιήσω’
1121 3679 1383 3744 πατάξω,
1430 3677 1589 3747 κάγὼ
1642 3675 1898 3746 ἰάσομαι.

346 3776 587 3847 Ἀληθῶς
610 3777 718 3848 γάρ
741 3775 1047 3830 ἀποκτείνει
1070 3773 1113 3805 ⁹¹
1140 3772 1233 3825 καὶ
1259 3771 1529 3838 ζωογονεῖ.
1572 3767 1902 3821 Ἀποκτείνει

338 3871 437 3941 μὲν
466 3868 558 3921 διὰ
581 3868 681 3938 τῆς
710 3866 1004 3939 ἀριστερᾶς
1022 3905 1036 3928 ,
1064 3862 1208 3916 τοῦτ’
1232 3863 1347 3915 ἔστι
1372 3860 1460 3914 διὰ
1482 3860 1575 3914 τοῦ
1601 3861 1694 3913 ἐπὶ
1717 3858 1901 3913 κακώ-

336 3980 417 4016 σει
439 3962 549 4015 τῶν
577 3960 785 4014 ἀσεϐῶν
806 3959 1013 4031 χαίρειν
1047 3955 1342 4029 κραθέντος
1368 3953 1627 4025 πονηροῦ.
1656 3951 1823 4017 Σώζει
1844 3953 1902 4007 δὲ

335 4056 428 4107 καὶ
451 4054 729 4125 εὐεργετεῖ
750 4050 836 4105 διὰ
859 4050 960 4119 τῆς
997 4048 1195 4115 δεξιᾶς,
1227 4046 1369 4100 τοῦτ’
1412 4045 1527 4099 ἔστι
1571 4044 1659 4098 διά
1694 4043 1788 4098 τοῦ
1816 4045 1902 4098 ἐπ’

334 4144 624 4217 εὐεργεσίᾳ
649 4144 743 4197 καὶ
782 4140 1023 4212 σωτηρία
1070 4138 1291 4193 δικαίων
1328 4136 1540 4209 χαίρειν
1573 4136 1905 4208 δημιουργη-

336 4240 518 4302 θέντος
540 4239 588 4271 ⁹²
628 4234 849 4307 ἀγαθοῦ.
899 4235 1019 4287 Εἰσὶ
1050 4233 1106 4287 δὲ
1142 4228 1285 4287 οὗτοι
1314 4231 1413 4294 τὰς
1459 4230 1647 4294 οὐσίας
1694 4230 1906 4301 ἔχοντες

334 4332 433 4384 οὐκ
456 4328 655 4396 ἔξωθεν
678 4325 771 4380 τοῦ
798 4324 931 4379 Θεοῦ
950 4341 964 4354 °
994 4323 1115 4377 οὐδὲ
1137 4322 1245 4394 γὰρ
1269 4321 1413 4375 ἔστιν
1439 4321 1601 4392 ἑτέρα
1624 4337 1707 4384 τις
1740 4322 1901 4392 ἀρχή.

335 4425 409 4477 υύ
440 4423 546 4494 μὴν
572 4420 680 4474 ἀπὸ
697 4419 790 4472 τοῦ
814 4416 948 4471 Θεοῦ
972 4417 1047 4480 ὡς
1073 4415 1186 4480 ζῶα
1213 4413 1642 4486 προεϐλήθησαν,
1663 4414 1903 4485 ὁμόδοξοι

336 4514 442 4587 γάρ
507 4512 655 4583 αὐτῷ
709 4507 881 4582 ἦσαν’
936 4507 1059 4561 οὐτε
1134 4506 1534 4579 συμϐεϐηκόσιν
1588 4505 1904 4576 αὐτομάτως

338 4604 488 4677 παρά
515 4603 616 4675 τὴν
651 4601 813 4656 αὐτοῦ
849 4600 1043 4673 βουλὴν
1067 4598 1367 4669 γεγονότες.
1407 4597 1559 4651 Ἐπεὶ
1590 4596 1650 4650 τὸ
1684 4597 1782 4667 τῆς
1814 4595 1904 4649 δυ-

336 4698 551 4768 νάμεως
596 4692 759 4749 αὐτοῦ
810 4693 1059 4764 μέγιστον
1101 4689 1335 4761 ἀνῄρητο
1357 4689 1439 4743 ἄν.
1487 4688 1645 4743 Ἀλλά
1670 4687 1776 4741 ἀπὸ
1807 4684 1901 4739 τοῦ

335 4792 470 4844 Θεοῦ
508 4790 605 4862 μὲν
647 4786 1043 4861 προϐέϐληνται
1084 4782 1153 4837 τὰ
1197 4782 1476 4855 πρώτιστα
1518 4782 1755 4850 στοιχεῖα
1777 4779 1902 4831 τέσ-

338 4900 480 4954 σαρα
509 4880 572 4935 τό
608 4898 668 4935 τε
712 4879 914 4952 θερμὸν
943 4878 1036 4933 καὶ
1065 4875 1292 4949 ψυχρὸν,
1323 4875 1485 4947 ὑγρόν
1508 4891 1567 4926 τε
1592 4874 1685 4925 καὶ
1718 4871 1901 4943 ξηρόν.

340 4974 499 5027 Ὅθεν
536 4973 600 5046 δὴ
636 4972 731 5026 καὶ
765 4971 947 5041 πατὴρ
989 4968 1244 5038 τυγχάνει
1283 4966 1462 5037 πάσης
1504 4965 1690 5027 οὐσίας
1737 4962 1905 5033 οὐσης

338 5064 561 5136 γνώμης
600 5063 701 5134 τῆς
746 5060 887 5117 κατά
929 5060 1027 5132 τὴν
1072 5061 1296 5131 κρᾶσιν*
1334 5056 1437 5123 ἔξω
1472 5056 1580 5127 γάρ
1618 5054 1898 5126 κραθεῖσιν

340 5158 520 5219 αὐτοῖς
551 5156 627 5219 ὡς
674 5155 861 5208 τέκνον
911 5154 944 5223 ἡ
1006 5150 1324 5221 προαίρεσις
1369 5144 1653 5216 ἐγεννήθη.
1716 5144 1772 5196 '0
1805 5137 1899 5196 οὖν

341 5248 571 5321 πονηρὸς
596 5247 732 5319 πρὸς
750 5245 828 5317 τῷ
847 5242 1068 5314 “399
1085 5240 1179 5294 τοῦ
1207 5238 1497 5301 ἐνεστῶτος
1520 5237 1729 5307 κόσμου
1753 5234 1900 5287 τέλει

341 5341 690 5412 ὑπουργήσας
732 5337 1033 5408 ἀμέμπτως
1060 5330 1140 5403 τῷ
1176 5329 1316 5401 Θεῷ,
1344 5328 1437 5383 ac:
1464 5325 1530 5398 δὴ
1553 5325 1615 5378 οὐ
1653 5324 1780 5395 μιᾶς
1803 5323 1899 5375 οὐ·-

434 5512 459 5540 ι
516 5497 670 5552 Deut.
699 5510 871 5559 χχχιι,
910 5491 998 5547 39.

1592 5568 1827 5629 VARUS
1864 5560 2265 5621 LECTIONES.

411 5703 457 5733 ⁸⁸
488 5699 809 5771 παρόνοντρς
830 5695 891 5748 Ο.
932 5694 977 5724 ⁸³
1012 5691 1146 5771 V‘b-n.
1184 5691 1319 5771 αὐτῇ
1352 5687 1585 5771 χρῆσθαι
1617 5685 1742 5742 add.
1768 5699 1834 5739 ex
1864 5678 2195 5749 conjectura.

344 5757 588 5830 subinde:
662 5769 705 5799 ³⁸
740 5763 1201 5836 δημιουργηθέντα
1230 5757 1318 5813 0.”’
1354 5757 1411 5793 ’9³
1442 5757 1501 5809 τό
1533 5762 1595 5813 0.

2002 3320 2294 3390 eipandnm
2328 3331 2609 3391 prompta).
2642 3330 2698 3377 ut
2731 3320 2852 3389 eius
2892 3321 3223 3377 voluntatem
3264 3335 3571 3391 exsequan-

2002 3420 2110 3466 tur.
2147 3410 2303 3478 Quod
2335 3413 2407 3467 ita
2444 3428 2502 3469 se
2533 3414 2755 3478 habere,
2800 3414 3001 3467 dictum
3038 3423 3120 3469 est
3147 3413 3309 3469 etiam
3351 3412 3405 3466 in
3452 3412 3571 3481 lege

2001 3518 2068 3557 cx
2114 3503 2286 3572 ipsius
2317 3502 2411 3557 Dei
2442 3519 2713 3573 persona:
2748 3503 2859 3575 Ego
2903 3504 3139 3557 occidam
3184 3514 3234 3557 et
3269 3520 3361 3574 ego
3402 3504 3571 3557 vivere

2003 3597 2239 3667 faciam;
2268 3596 2563 3665 percutiam
2586 3605 2634 3649 et
2670 3612 2762 3665 ego
2816 3595 3011 3649 sauabo
3041 3607 3088 3647 ιι.
3124 3592 3257 3647 Nam
3309 3609 3436 3648 vere
3472 3609 3569 3648 oc-

2003 3688 2136 3745 cidit
2161 3698 2217 3743 et
2241 3689 2502 3743 vivilicat.
2536 3686 2747 3743 Occidit
2771 3697 2951 3741 autem
2988 3687 3232 3751 sinistra,
3271 3686 3323 3741 id
3366 3696 3450 3741 est
3474 3702 3571 3755 per

2002 3781 2232 3847 malum,
2262 3781 2356 3850 qui
2381 3780 2550 3834 laetari
2585 3787 2798 3833 tenetur
2833 3778 3123 3847 impiorum
3157 3778 3345 3832 exitio.
3377 3776 3566 3832 Vivill-

2003 3881 2092 3928 cat
2120 3882 2300 3927 autem
2334 3880 2385 3925 et
2422 3868 2692 3925 benefacit
2734 3869 2944 3933 dextra,
2979 3867 3031 3923 id
3063 3878 3145 3922 est
3193 3883 3288 3937 per
3338 3869 3565 3933 bonum,

2004 3966 2096 4036 qui
2128 3965 2198 4019 ita
2231 3974 2447 4020 creatus
2473 3971 2588 4027 est,
2618 3969 2678 4015 ut
2701 3959 3053 4015 beneficentia
3084 3967 3136 4013 et
3170 3960 3342 4013 salute
3382 3958 3565 4029 justo-

2004 4073 2125 4112 rum
2158 4056 2408 4127 gaudeat.
2463 4055 2533 4110 At
2580 4055 2635 4109 hi
2669 4052 2926 4108 facultate
2961 4052 3224 4121 pollentes
3270 4064 3374 4103 non
3413 4058 3567 4103 extra

2005 4148 2174 4204 Deum
2203 4148 2505 4215 exsistunt;
2540 4146 2680 4201 alius
2709 4146 2852 4204 enim
2881 4153 3033 4198 extra
3059 4157 3182 4198 eum
3230 4140 3569 4213 principatus

2004 4250 2089 4296 est
2117 4240 2319 4294 nullus.
2373 4236 2560 4309 Neque
2601 4245 2784 4297 autem
2815 4250 2878 4288 ex
2915 4233 3026 4287 Deo
3058 4241 3116 4287 ut
3150 4230 3400 4286 animalia
3437 4245 3565 4300 pro-

2001 4332 2129 4403 jecti
2169 4339 2331 4398 sunt,
2378 4346 2501 4385 cum
2549 4344 2702 4399 requa
2734 4328 3002 4399 pollerent
3040 4331 3306 4395 potestate
3340 4337 3405 4377 ac
3436 4323 3564 4377 ille;

2006 4439 2183 4494 neque
2210 4423 2539 4478 exstiterunt
2570 4435 2668 4490 per
2709 4417 3031 4486 semetipsos
3058 4424 3245 4470 contra
3294 4413 3437 4467 illius
3467 4428 3566 4464 vo-

2007 4515 2266 4591 luntatem
2300 4512 2487 4585 geniti,
2522 4526 2646 4566 cum
2673 4510 2748 4566 ita
2773 4522 3048 4562 summum
3080 4505 3364 4575 imperium
3394 4505 3441 4559 ei
3472 4502 3570 4558 tol-

2006 4608 2228 4663 leretur.
2268 4604 2373 4659 Sed
2422 4618 2488 4658 ex
2526 4600 2639 4658 Deo
2665 4600 2884 4671 quidem
2922 4598 3162 4669 projecta
3211 4603 3340 4651 sunt
3383 4594 3567 4664 priora

2003 4708 2239 4770 quatuor
2266 4695 2556 4758 elementa,
2592 4692 2828 4747 calidum
2860 4698 2914 4745 et
2962 4686 3240 4757 frigidum.
3285 4684 3566 4739 humidum

2003 4801 2058 4847 ct
2083 4791 2308 4846 siccum.
2345 4785 2527 4853 Quare
2550 4785 2712 4839 etiam
2742 4791 2895 4852 pater
2924 4789 3006 4835 est
3031 4777 3277 4847 cujusvis
3307 4774 3567 4834 materiae.

2006 4892 2065 4937 ut
2098 4895 2218 4950 qua:
2242 4879 2470 4933 mistura
2485 4875 2722 4931 evenerit
2744 4871 3044 4928 secundum
3069 4870 3186 4939 ejus
3208 4868 3569 4930 sententiam;

2004 4972 2312 5028 commistis
2342 4969 2487 5023 enim
2520 4967 2653 5036 ipsis
2709 4963 2996 5019 consilium
3050 4970 3204 5015 extra
3245 4957 3571 5012 nascebatur

2004 5073 2065 5119 ut
2119 5062 2280 5117 fetus.
2332 5059 2506 5113 Malus
2563 5057 2727 5128 igitur
2776 5056 2830 5110 in
2890 5054 2995 5108 fine
3045 5052 3326 5122 praesentis
3379 5048 3568 5102 mundi

2004 5155 2209 5223 integre
2239 5166 2422 5206 coram
2454 5148 2564 5203 Deo
2592 5148 2807 5213 vivens,
2842 5161 2966 5201 cum
3001 5145 3110 5213 jam
3158 5158 3264 5196 non
3300 5138 3570 5210 pertineat

2002 5246 2068 5300 ad
2095 5245 2266 5300 solam
2295 5240 2599 5312 iniquitatis
2621 5238 3008 5301 substantiam,
3027 5234 3365 5288 instauratus
3389 5236 3568 5299 potest

2003 5337 2180 5393 bonus
2226 5334 2363 5389 fieri.
2409 5330 2624 5386 Etenim
2666 5329 2778 5399 jam
2825 5341 2934 5383 non
2968 5322 3201 5394 amplius
3239 5318 3379 5375 male
3411 5318 3563 5387 agit,

2304 5676 2350 5708 ⁹⁰
2388 5674 2547 5744 χάριν
2579 5671 2640 5723 0.
2716 5666 2757 5698 ’³
2819 5655 3274 5727 ἀποκτέννειεοΐ.
3310 5650 3379 5708 0.
3403 5651 3485 5707 ita
3513 5658 3565 5706 et
