4022 6336
509 313 607 372 ιιι

1347 316 1404 372 8.
1445 316 1833 373 CLEMENTIS
1872 316 1888 370 Ι
1927 314 2092 371 ROM.
2133 311 2331 369 PONT.
2369 312 2595 369 OPERA
2634 314 2859 372 DUBIA.

3599 326 3691 380 ιιι

510 450 821 505 quanquam
861 433 1037 490 malus
1070 443 1192 499 est,
1228 450 1354 490 cum
1404 434 1521 505 lege
1554 436 1864 491 facultatem
1913 450 2069 491 acce-

2173 430 2292 495 σίας
2312 432 2387 484 ῶν
2411 432 2511 503 τῆς
2535 432 2672 504 πρὸς
2694 434 2891 487 κακίαν
2921 431 3106 503 μόνης,
3138 434 3562 506 μετασυγκριθεὶς
3584 439 3678 501 ἀγα

512 526 651 594 perit
684 525 823 578 male
852 525 1068 595 agendi.

580 796 674 851 IV.
714 796 846 864 Quae
867 812 990 851 cum
1023 796 1216 851 Petrus
1242 797 1452 853 locutus
1481 806 1646 863 esset,
1674 795 1948 859 Michaeas,
1974 794 2070 865 qui

507 897 563 941 et
610 888 725 956 ipse
769 903 833 940 ex
882 887 1140 941 comitum
1187 902 1416 942 numero
1465 898 1621 952 erat,
1672 884 2070 955 interrogavit:

512 978 667 1034 Unde
703 980 866 1049 igitur
894 979 973 1043 fit,
1011 987 1069 1032 ut
1097 978 1346 1034 homines
1387 979 1740 1049 delinquant?
1773 977 2075 1048 Respondit

510 1070 704 1125 Petrus
741 1088 756 1123 :
822 1069 961 1135 Quia
1003 1070 1254 1140 ignorant
1287 1085 1345 1125 se
1377 1085 1476 1139 pro
1501 1070 1595 1135 iis,
1629 1085 1749 1139 qua:
1781 1070 1921 1123 male
1949 1082 2074 1136 ege-

508 1163 637 1226 rint,
664 1162 717 1214 in
737 1162 945 1232 judicio
972 1162 1187 1230 penitus
1230 1162 1457 1216 daturos
1480 1177 1601 1217 esse
1626 1176 1861 1230 poenam.
1894 1157 2070 1225 Unde,

509 1255 965 1322 quemadmodum
1007 1254 1144 1308 alias
1178 1254 1328 1320 dixi,
1364 1256 1526 1309 etiam
1577 1255 1780 1324 prolem
1812 1254 2073 1307 habentes

508 1347 795 1415 cupiditati
828 1346 1131 1415 indulgent,
1168 1355 1226 1401 ut
1257 1347 1439 1402 evenit
1463 1346 1515 1399 in
1551 1346 1827 1401 occisione
1859 1354 2074 1399 tenero-

510 1454 631 1491 rum
671 1436 960 1492 infantium
992 1437 1075 1492 vel
1102 1438 1154 1491 in
1183 1438 1293 1491 alio
1319 1437 1619 1507 decipiente
1648 1445 1890 1506 peccato.
1913 1434 2069 1500 Nam,

508 1539 569 1583 ut
594 1530 755 1583 modo
784 1529 1043 1595 iudicavi,
1079 1546 1138 1585 se
1160 1527 1464 1599 iudicatum
1497 1528 1563 1582 iri
1592 1529 1917 1593 nescientes,
1943 1527 2073 1597 quia

508 1621 647 1674 nihil
671 1629 775 1687 est,
811 1623 955 1690 quod
982 1622 1131 1690 ipsos
1154 1630 1376 1687 terreat,
1411 1628 1703 1690 properant
1743 1619 1812 1673 ad
1860 1619 2069 1673 libidini

508 1722 712 1768 temere
740 1722 904 1783 atque
928 1714 1113 1769 illicite
1138 1712 1603 1769 satisfaciendum.
1640 1712 1761 1767 Ideo
1794 1727 1900 1765 non
1931 1710 2071 1767 Dens

508 1805 748 1875 iniustus
780 1817 882 1872 est,
911 1806 1110 1876 quippe
1133 1806 1227 1876 qui
1261 1806 1610 1876 cupiditatem
1645 1804 1711 1859 ad
1744 1805 1907 1859 vitam
1945 1820 2069 1873 pro-

508 1898 808 1968 pagandam
840 1899 976 1952 bene
1000 1897 1366 1963 ordinaverit;
1402 1905 1458 1950 at
1497 1896 1600 1966 ipsi
1638 1896 2066 1964 sceleratissimi,

506 1988 708 2056 quippe
737 1988 831 2059 qui
866 1988 1020 2044 abusi
1049 1989 1159 2043 sint
1184 2004 1268 2053 eo,
1298 1988 1445 2058 quod
1468 1988 1519 2042 in
1542 1987 1839 2057 cupiditate
1865 1988 2068 2044 bonum

505 2089 608 2133 est.
642 2079 716 2133 Ita
747 2080 957 2135 censeri
993 2081 1150 2135 debet
1193 2080 1355 2135 etiam
1401 2079 1468 2135 de
1502 2079 1618 2145 ira;
1649 2095 1757 2149 qua
1786 2080 1877 2149 qui
1926 2090 2070 2135 recte

506 2173 696 2238 utitur,
748 2181 808 2227 ut
846 2172 1053 2227 licitum
1090 2181 1195 2236 est,
1232 2188 1339 2225 non
1389 2172 1552 2241 impie
1598 2173 1731 2242 agit,
1775 2171 1869 2227 sed
1925 2172 2068 2228 ultra

505 2264 728 2319 modum
759 2265 1112 2334 progrediens
1133 2264 1341 2333 judicio
1368 2263 1634 2318 obnoxius
1667 2272 1872 2333 peccat.

582 2352 641 2408 V.
679 2354 985 2423 lterumque
1027 2354 1334 2424 Sophonias
1373 2354 1626 2424 excepit:
1658 2353 2068 2425 Longanimitas

503 2456 620 2511 tua,
643 2447 861 2501 domine
897 2447 968 2500 mi
1005 2445 1183 2510 Petre,
1207 2447 1364 2501 nobis
1398 2446 1640 2500 animum
1662 2447 1833 2513 addit,
1857 2447 1928 2501 ob
1953 2461 2068 2499 ma-

500 2536 678 2605 jorem
729 2537 1034 2592 firmitatem
1065 2538 1131 2593 de
1163 2539 1287 2593 aliis
1332 2539 1517 2594 multis
1567 2550 1617 2594 te
1668 2538 2062 2609 interrogandi.

505 2628 690 2695 Quare
719 2629 944 2683 omnino
972 2645 1095 2685 cum
1126 2629 1322 2684 fiducia
1356 2639 1410 2684 te
1434 2631 1799 2701 exploramus.
1846 2628 2064 2683 Memini

502 2720 704 2788 quippe
766 2718 1044 2775 Simonem
1100 2721 1216 2775 heri
1269 2729 1447 2776 tecum
1496 2720 1862 2790 disputantem
1908 2736 2062 2775 asse-

502 2812 704 2877 ruisse,
742 2813 968 2878 malum,
999 2812 1041 2867 si
1072 2828 1101 2865 a
1139 2811 1246 2866 Deo
1274 2813 1489 2881 genitus
1536 2812 1642 2876 sit,
1671 2822 2065 2880 consequenter

499 2918 624 2958 esse
697 2903 896 2959 debere
969 2904 1210 2973 ejusdem
1278 2904 1528 2959 essentia:
1592 2920 1657 2960 ac
1724 2905 2059 2974 genitorem,

501 2995 733 3064 ideoque
759 2995 958 3048 bonum
979 3034 995 3059 ,
1028 3008 1201 3062 neque
1240 2993 1461 3046 malum.
1494 2994 1574 3048 Ac
1604 3004 1659 3047 tu
1704 2995 2057 3063 respondisti,

2178 523 2268 587 θὸς
2304 524 2551 592 γενέσθαι
2585 524 2825 578 δύναται.
2855 524 2987 577 Οὐδὲ
3018 524 3126 595 γὰρ
3151 523 3243 577 νῦν
3282 526 3440 578 κακόν
3468 543 3517 579 τι
3550 534 3689 585 ποιεῖ.

2177 616 2267 669 καί
2303 634 2384 669 τοι
2422 617 2588 680 κακὸς
2630 617 2725 681 ὣν,
2760 617 3006 689 νομίμως
3036 620 3319 687 κακουχεῖν
3359 616 3574 688 εἰληφὼς
3609 620 3695 690 τὴν

2176 709 2442 775 ἐξουσίαν.

2247 797 2336 853 1V.
2378 799 2562 853 Ταῦτα
2612 800 2706 853 τοῦ
2758 798 2967 870 Πέτρου
3012 797 3288 861 εἰπόντος,
3336 796 3587 871 Μιχαίας,
3619 798 3700 850 καὶ

2175 889 2338 952 αὐτὸς
2367 889 2475 942 τῶν
2509 889 2814 943 ἀκολούθων
2847 906 2933 952 τις
2980 887 3088 953 ὢν,
3135 886 3391 941 ἐπύθετο·
3430 886 3586 940 Πόθεν
3618 883 3699 941 οὖν

2172 985 2285 1045 τοῖς
2310 981 2611 1053 ἀνθρώποις
2636 980 2697 1034 16
2720 982 3085 1051 ἀμαρτάνειν;
3125 981 3234 1033 Καὶ
3281 981 3309 1033 6
3351 979 3545 1050 Πέτρος
3579 979 3700 1049 ἔφη·

2188 1072 2281 1125 Ἐκ
2305 1074 2397 1126 τοῦ
2430 1075 2661 1142 ἀγνοεῖν,
2695 1074 2775 1125 ότι
2805 1072 2932 1143 περὶ
2956 1065 3029 1125 ὧν
3056 1072 3354 1143 πράσσουσι
3384 1070 3575 1134 κακῶς,
3601 1069 3703 1141 κρί-

2177 1166 2338 1238 [σεως
2378 1164 2696 1237 γε]νομένης
2718 1165 2931 1227 πάντως
2963 1164 3286 1234 κολασθῆναι
3313 1162 3531 1233 ἔχουσιν.
3563 1162 3708 1216 Ὅθεν

2174 1257 2269 1311 καὶ
2293 1258 2392 1327 τὴν
2423 1245 2738 1327 ἐπιθυμίαν,
2766 1256 2840 1319 ὡς
2875 1256 3060 1310 ἄλλοτε
3084 1252 3307 1326 sila-ovi,
3333 1252 3568 1323 διαδοχὴν
3604 1252 3707 1323 βίου

2175 1347 2406 1418 ἔχοντες,
2431 1346 2633 1417 ταύτην
2675 1345 3126 1417 πληροφοροῦσιν,
3158 1345 3235 1408 ὡς
3260 1344 3442 1413 ἔτυχεν
3462 1341 3708 1414 ἡμ[έρων]

2176 1440 2380 1494 παίδων
2428 1437 2689 1509 φθορᾷ,ἢ
2736 1437 2870 1509 ἄλλῃ
2902 1437 3005 1490 τινὶ
3053 1435 3423 1507 κολακευούσῃ
3467 1432 3707 1504 ἁμαρτίᾳ.

2178 1534 2271 1605 Τῷ
2294 1534 2402 1606 γὰρ
2427 1536 2658 1603 ἀγνοεῖν,
2682 1532 2763 1585 ὅτι
2790 1532 3080 1602 κρίνονται,
3115 1531 3190 1592 ὡς
3216 1528 3421 1598 φθάσας
3453 1522 3611 1587 εἷπον,
3634 1523 3712 1576 διά

2174 1629 2234 1681 16
2264 1626 2463 1696 ἄφοϐον
2504 1626 2602 1696 τὴν
2647 1622 2936 1693 ἐπιθυμίαν
2962 1622 3022 1674 οὐ
3046 1622 3290 1693 νομίμως
3323 1616 3554 1690 πληροῦν
3578 1615 3711 1668 ἐπεί-

2174 1736 2375 1787 γονται.
2410 1719 2569 1770 Ὥστε
2596 1716 2693 1785 οὐχ
2722 1715 2750 1766 6
2785 1713 2917 1777 Θεὸς
2960 1711 3147 1775 κακὸς,
3190 1712 3219 1763 6
3262 1709 3437 1773 καλῶς
3482 1707 3587 1772 θεὶς
3625 1705 3713 1777 τὴν

2171 1812 2494 1884 ἐπιθυμίαν,
2541 1811 2630 1863 ἵνα
2674 1806 2890 1876 διαδοχὴ
2938 1804 3053 1874 βίου
3115 1804 3373 1873 γένηται,
3421 1800 3531 1854 ἀλλ’
3576 1799 3714 1852 αὐτοὶ

2169 1898 2539 1960 ἀσεϐέστατοι,
2578 1898 2627 1949 οἱ
2659 1895 2736 1966 τῷ
2766 1894 2915 1964 καλῷ
2947 1894 3046 1964 τῆς
3079 1891 3376 1962 ἐπιθυμίας
3407 1889 3714 1961 χρησάμενοι

2169 1988 2374 2051 κακῶς.
2402 1987 2559 2040 Οῦτω
2585 1987 2646 2057 δὴ
2680 1986 2775 2039 καὶ
2806 1984 2899 2037 ἐπὶ
2919 1984 3018 2055 τῆς
3050 1982 3222 2055 ὀργῆς
3249 1982 3367 2036 ἔστι
3401 1979 3711 2049 λογίσασθαι,

2167 2083 2248 2135 ὅτι
2280 2080 2501 2142 δικαίως
2536 2079 2631 2150 μὲν
2681 2078 2816 2148 αὐτῇ
2868 2092 2952 2139 τις
2982 2075 3330 2146 χρησάμενος
3351 2112 3366 2136 ,
3398 2072 3472 2135 ὡς
3504 2071 3711 2136 ἔξεστιν,

2167 2174 2399 2235 εὐσεϐεῖ,
2430 2172 2578 2243 ποιρά
2605 2171 2661 2224 δὲ
2686 2170 2747 2223 16
2779 2170 2974 2241 μέτρον
3001 2165 3234 2235 ἐξελθὼν
3280 2166 3374 2220 καὶ
3416 2162 3584 2251 έαυτῷ
3626 2160 3715 2232 τὴν

2166 2266 2347 2337 κρίσιν
2373 2261 2551 2317 λαϐὼν
2584 2261 2788 2315 ἀσεϐεῖ.

2241 2354 2306 2410 ν.
2345 2353 2455 2407 Καὶ⁸
2506 2355 2533 2407 ό
2577 2351 2851 2421 Σοφωνίας
2895 2351 3055 2405 πάλιν
3103 2349 3239 2419 ἔφη·
3292 2348 3355 2402 Ἡ
3391 2342 3715 2419 μακροθυμία

2167 2465 2280 2511 σου,
2314 2446 2471 2518 κύριέ
2515 2463 2612 2517 μου
2656 2445 2852 2516 Πέτρε,
2907 2442 3217 2514 παρρησίαν
3263 2443 3395 2511 ⁴ἡμῖν
3427 2437 3711 2509 χαρίζεται,

2162 2538 2449 2610 ἀκριϐείας
2487 2536 2647 2607 χάριν
2679 2535 2819 2587 κατὰ
2863 2533 3031 2586 πολλά
3066 2530 3430 2586 πυνθάνεσθαί
3476 2547 3585 2582 σου.
3634 2525 3715 2579 Διὸ

2164 2629 2495 2703 θαρροῦντες
2541 2627 2703 2681 παντὶ
2747 2626 2931 2697 τρόπῳ
2972 2624 3070 2695 τὴν
3117 2624 3365 2687 ἐξέτασιν
3413 2617 3709 2690 ποιούμεθα.

2162 2722 2462 2793 Μέμνημαι
2486 2719 2685 2783 τοίνυν,
2720 2718 2795 2780 ὡς
2817 2716 2944 2787 χθὲς
2977 2715 3155 2786 Σίμων
3182 2716 3323 2786 πρὸς
3355 2715 3414 2767 σὲ
3446 2714 3540 2785 τὴν
3572 2710 3715 2781 {ﬁtq-

2165 2832 2247 2868 σιν
2280 2814 2416 2883 ἔχων
2442 2811 2566 2883 ἔφη,
2600 2813 2681 2864 ὅτι
2714 2812 2742 2863 6
2774 2808 3023 2880 πονηρὸς,
3052 2809 3100 2859 εἰ
3126 2807 3232 2861 ἀπὸ
3256 2807 3353 2860 τοῦ
3384 2803 3517 2859 θεοῦ
3540 2802 3715 2872 γεγέν-

2161 2922 2317 2975 νηται
2338 2906 2404 2967 ⁵⁵,
2439 2902 2743 2965 ἀκολούθως
2768 2901 2869 2971 τῆς
2897 2901 3067 2971 αὐτῆς
3088 2900 3165 2971 τῷ
3191 2898 3513 2971 προϐαλόντι
3537 2895 3716 2966 τυγχά-

2162 3015 2241 3052 νει
2264 2996 2477 3060 οὐσίας,
2511 2995 2673 3067 ωο
2698 2994 2791 3047 καὶ
2816 2992 3015 3064 ἀγαθδς
3038 2993 3249 3063 όφειλεν
3278 2989 3418 3046 εἶναι
3435 3030 3449 3055 ,
3488 2989 3578 3044 καὶ
3607 2987 3714 3056 οὐχὶ

501 3099 843 3155 nequaquam
861 3084 1062 3137 remita
1090 3098 1208 3136 sese
1221 3082 1439 3146 habere,
1458 3098 1583 3137 cum
1616 3084 1771 3137 multi
1800 3099 1865 3137 ex
1900 3084 2057 3139 bonis

2162 3088 2347 3152 κακός.
2392 3089 2463 3142 Σὺ
2510 3088 2566 3141 δὲ
2612 3086 2909 3157 ἀπεκρίνω,
2961 3086 3034 3157 μὴ
3086 3086 3307 3149 πάντως
3351 3083 3523 3146 οὕτως
3562 3080 3711 3150 ἔχειν,

498 3177 849 3247 gignerentur
884 3174 1032 3236 mali,
1078 3173 1240 3228 sicuti
1270 3188 1338 3228 ex
1363 3173 1535 3228 Adam
1562 3174 1671 3229 duo
1701 3175 2055 3243 exstitissent,

497 3269 635 3324 alter
664 3270 858 3333 bonus,
886 3268 1022 3322 alter
1055 3268 1251 3323 malus.
1276 3266 1485 3321 Simoni
1512 3275 1692 3321 autem
1714 3269 1981 3338 arguenti,
2010 3279 2059 3324 te

495 3361 758 3429 exemplis
791 3360 869 3414 uti
920 3360 1176 3414 humanis
1203 3400 1218 3422 ,
1268 3358 1629 3429 respondisti,
1680 3375 1855 3429 neque
1900 3359 2054 3427 illud,

497 3453 667 3507 Deum
700 3452 938 3522 gignere,
971 3467 1037 3506 eo
1072 3451 1235 3505 modo
1260 3467 1381 3507 esse
1409 3450 1825 3516 admittendum,
1858 3452 2057 3522 quippe

494 3545 641 3613 quod
672 3544 979 3613 exemplum
1008 3552 1062 3597 et
1086 3544 1262 3613 ipsum
1294 3543 1363 3597 sit
1387 3543 1706 3597 humanum.
1737 3541 1847 3612 Ego
1876 3553 2055 3599 autem

497 3636 805 3706 Sophonias
847 3634 1013 3689 Deum
1042 3636 1262 3705 gignere
1301 3634 1552 3698 admitto,
1587 3634 1790 3689 malum
1838 3636 2058 3705 gignere

493 3744 620 3783 eum
666 3742 773 3781 non
802 3726 1062 3790 concedo,
1093 3726 1308 3781 etiamsi
1344 3727 1483 3780 inter
1531 3726 1780 3782 homines
1819 3727 1946 3782 boni
1978 3728 2059 3799 gi-

494 3829 662 3890 gnant
703 3817 898 3872 malos.
931 3816 1038 3871 Nec
1069 3826 1247 3873 tamen
1301 3817 1465 3872 credo
1488 3859 1504 3885 ,
1540 3835 1625 3872 me
1671 3820 1906 3875 absurde
1950 3820 2054 3874 alia

492 3926 707 3976 eorum,
750 3925 871 3980 qua:
908 3909 1193 3963 hominum
1240 3908 1371 3974 sint,
1422 3908 1533 3964 Deo
1580 3911 1902 3978 attribuere,
1948 3911 2054 3965 alia

493 4016 624 4065 llOii,
656 4017 779 4055 cum
819 4002 1078 4066 alterum,
1119 4000 1359 4071 gignere,
1408 4001 1797 4067 concesserim,
1838 4017 1943 4055 non
1980 4002 2053 4055 ita

491 4091 742 4157 alterum,
773 4090 973 4159 dispari
1013 4090 1173 4144 modo
1207 4090 1443 4159 gignere.
1487 4087 1619 4141 Nam
1647 4089 1893 4144 homines
1923 4090 2055 4145 lihe-

492 4198 584 4237 ros
614 4191 673 4235 ut
704 4198 800 4251 par
828 4190 913 4235 est
935 4180 1231 4235 dissimiles
1262 4182 1502 4250 ipsorum
1532 4179 1780 4235 consiliis
1818 4180 1958 4235 hanc
1984 4180 2053 4235 ob

2160 3181 2346 3235 καθότι
2372 3179 2556 3233 πολλοὶ
2586 3178 2644 3245 ἐξ
2676 3177 3080 3247 ἀγαθῶν,κακοὶ
3102 3177 3420 3246 γεννῶνται,
3453 3174 3630 3242 ὥσπερ
3657 3172 3713 3222 ἐκ

2158 3272 2252 3327 τοῦ
2292 3272 2459 3344 Ἀδὰμ
2483 3270 2655 3324 ὁποῖοί
2693 3286 2835 3331 τινες
2868 3269 3021 3333 ὄντες
3050 3268 3143 3321 δύο
3184 3267 3573 3339 ἐγεννήθησαν,
3599 3255 3667 3315 ὧν
3687 3262 3713 3314 6

2162 3363 2260 3435 μὲν
2281 3359 2348 3434 ἦν
2373 3360 2561 3425 κακὸς,
2586 3361 2614 3413 6
2646 3360 2690 3413 δ’
2716 3358 2931 3428 ἁγαθός.
2982 3358 3087 3412 Τοῦ
3120 3358 3177 3411 δὲ
3212 3359 3460 3429 Σίμωνος
3484 3358 3714 3409 αἰτιασα-

2162 3455 2346 3525 μένου,
2378 3455 2458 3507 ὃτι
2483 3452 2837 3524 ἀνθρωπίνοις
2864 3452 3078 3522 ἐχρήσω
3103 3449 3564 3521 παραδείγμασιν,
3590 3447 3715 3500 ἀπε-

2158 3544 2346 3616 κρίνω,
2380 3544 2461 3597 ὅτι
2524 3541 2697 3613 τούτῳ
2727 3541 2805 3612 τῷ
2837 3541 2977 3611 λόγῳ
3023 3540 3142 3593 οὐδὲ
3184 3539 3246 3592 16
3293 3539 3554 3609 γεννῆσαι
3597 3534 3715 3588 Θεὸν

2158 3633 2561 3707 παραδέξασθαι
2586 3633 2666 3685 δεῖ
2685 3648 2698 3663 ο
2735 3630 3067 3703 ἀνθρώπινον
3094 3631 3201 3703 γὰρ
3229 3632 3329 3684 καὶ
3358 3632 3515 3684 τοῦτο
3537 3629 3595 3682 16
3621 3644 3717 3681 πα·-

2158 3728 2443 3800 ρὰδειγμα.
2492 3724 2632 3794 Ἐγὼ
2663 3724 2719 3778 δὲ
2747 3724 3023 3793 Σοφωνίας
3060 3723 3121 3775 τὸ
3156 3724 3255 3794 μὲν
3290 3725 3555 3793 γεννῆσαι
3595 3718 3716 3772 Θεὸν

2157 3816 2563 3889 παραδέχομαι,
2598 3814 2659 3867 16
2699 3814 2755 3867 δὲ
2787 3813 2954 3866 κακὸν
3002 3814 3258 3883 γεννῆσαι
3300 3814 3367 3866 οὐ
3412 3811 3711 3883 προσίεμαι,

2156 3913 2259 3967 κᾶν
2279 3912 2386 3966 τῶν
2418 3909 2719 3981 ἀνθρώπων
2763 3910 2811 3962 οἱ
2842 3906 3035 3976 ἀγαθοὶ
3081 3907 3281 3970 κακοὺς
3322 3906 3575 3977 γεννῶσι.
3614 3904 3713 3955 Και

2160 4007 2232 4078 μή
2255 4023 2337 4061 τοι
2362 4004 2588 4076 νομίσας
2617 4020 2683 4073 με
2706 4002 2913 4069 ἀλόγως
2947 4001 3055 4054 τῶν
3093 3998 3404 4071 ἀνθρώποις
3439 3994 3711 4066 διαφερόν-

2152 4113 2261 4150 των
2287 4095 2403 4149 ένια
2432 4094 2529 4165 μὲν
2572 4093 2649 4164 τῷ
2690 4091 2807 4161 Θεῷ
2845 4090 3169 4153 ἀποδιδόναι,
3197 4089 3316 4142 ἔνια
3345 4089 3404 4142 δὲ
3430 4086 3513 4151 οὒ,
3539 4080 3712 4151 ἐπειδὴ

2152 4186 2213 4239 16
2238 4186 2336 4257 μὲν
2363 4183 2619 4253 γεννῆσαι
2643 4182 2854 4253 δίδωμι,
2882 4181 2944 4234 16
2967 4180 3023 4233 δὲ
3050 4181 3298 4250 ἀνόμοιον
3339 4177 3507 4234 αὐτοῦ
3530 4174 3712 4247 γεννῆ-

462 4287 715 4337 causam
749 4280 1056 4340 procreant.
1099 4271 1237 4325 Cum
1280 4279 1517 4341 quatuor
1550 4270 1797 4340 partibus
1828 4286 2050 4341 compo-

2162 4297 2244 4332 σαι
2293 4278 2393 4330 οὐκ
2433 4275 2749 4345 ἀποδίδωμι.
2784 4274 2846 4328 Οἱ
2884 4274 2981 4344 μὲν
3012 4273 3122 4343 γὰρ
3154 4272 3434 4344 ἄνθρωποι
3480 4268 3617 4325 κατὰ
3656 4264 3713 4318 16

491 4372 711 4427 nantur,
749 4363 1044 4417 secundum
1080 4363 1228 4416 varia
1252 4363 1380 4416 anni
1407 4372 1654 4433 tempora
1687 4365 1835 4419 varie
1861 4378 2050 4419 eorum

2162 4367 2297 4431 εἰκδς
2321 4366 2606 4437 ἀνομοίους
2636 4367 2755 4426 ταῖς
2784 4362 2988 4417 ἑαυτῶν
3011 4361 3251 4433 γνώμαις
3275 4361 3539 4431 γεννῶσιν
3573 4356 3711 4417 υἱοὺς

488 4467 716 4520 corpora
752 4461 1055 4520 vertuntur,
1074 4453 1145 4506 ita
1178 4462 1238 4508 ut
1261 4454 1314 4507 in
1341 4470 1568 4529 corpore
1597 4455 1835 4509 humano
1857 4471 2051 4509 secun-

2162 4459 2239 4513 5ιά
2270 4459 2519 4529 τοιαύτην
2559 4456 2752 4510 αἰτίαν.
2798 4456 2892 4507 Ἐκ
2920 4455 3197 4525 τεσσάρων
3234 4452 3343 4525 γὰρ
3392 4450 3713 4507 συνεστῶτες

488 4545 617 4598 dum
629 4545 861 4616 quodvis
877 4555 1090 4615 tempus
1105 4546 1177 4612 id,
1201 4546 1345 4616 quod
1359 4547 1487 4601 anni
1503 4549 1734 4615 tempori
1768 4548 2049 4616 preprium

489 4630 585 4696 sit,
645 4643 859 4688 crescat
904 4644 1000 4688 aut
1030 4636 1307 4690 decrescat
1334 4646 1726 4707 congruentem
1756 4637 2048 4692 misturam

485 4728 692 4783 delens.
719 4724 855 4780 Nam
883 4727 1088 4782 semina
1126 4736 1560 4795 temperatorum
1592 4745 1698 4783 non
1730 4743 1945 4798 semper
1970 4730 2043 4784 ita

486 4820 920 4891 permanentium
967 4819 1103 4873 alias
1146 4820 1300 4874 aliter
1339 4821 1626 4875 commista
1668 4829 2047 4891 segregantur,

487 4928 658 4982 eaque
674 4912 971 4966 secundum
998 4912 1255 4980 temporis
1276 4912 1582 4966 mistionem
1613 4920 1666 4966 et
1701 4914 1929 4968 consilia
1962 4928 2049 4969 se-

485 5012 726 5073 quuntur
749 5003 862 5057 sive
877 5004 1015 5057 bona
1030 5004 1143 5057 sive
1158 5004 1317 5058 mala.
1332 5003 1401 5056 At
1427 5004 1531 5057 tale
1557 5004 1687 5073 quid
1703 5004 1769 5058 de
1802 5004 1908 5059 Deo
1935 5021 2042 5059 non

485 5106 570 5150 est
616 5096 985 5150 statuendum.
1020 5093 1153 5149 Nam
1189 5111 1312 5149 cum
1362 5096 1715 5151 imlnutabilis
1762 5098 1834 5152 sit
1877 5107 2041 5167 atque

484 5195 754 5251 aeternus,
781 5187 1001 5255 quando
1030 5201 1214 5241 creare
1244 5187 1381 5253 vult,
1422 5199 1763 5258 procreatum
1794 5190 2040 5260 ejusdem

485 5279 629 5332 modi
662 5294 727 5332 ac
764 5288 1061 5332 creatorem
1097 5294 1218 5333 esse
1260 5290 1489 5349 oportet,
1515 5284 1656 5350 quod
1688 5284 1752 5337 ad
1782 5284 2039 5338 substan-

487 5370 615 5422 tiam
648 5371 853 5425 scilicet
879 5379 932 5425 et
967 5381 1221 5425 mentem.
1267 5369 1373 5425 Sed
1402 5371 1447 5425 si
1485 5373 1607 5442 quis
1651 5391 1775 5429 cum
1813 5389 2033 5445 quoque

2158 4551 2336 4624 μερῶν
2385 4549 2526 4604 κατά
2568 4548 2666 4612 τὰς
2714 4548 2999 4619 διαφόρους
3041 4544 3245 4616 τροπὰς
3282 4545 3555 4617 διαφόρως
3596 4539 3711 4612 τρέ-

2157 4660 2345 4697 πονται
2376 4640 2443 4695 τὰ
2478 4638 2726 4711 σώματα,
2753 4639 2829 4702 ὡς
2866 4639 2959 4691 καί⁹
2980 4638 3024 4671 ⁸⁸
3048 4640 3104 4690 ὲν
3139 4636 3460 4707 ἀνθρωπείῳ
3507 4632 3709 4704 σώματι

2154 4731 2274 4785 καθ’
2301 4732 2528 4784 ἕκαστον
2554 4729 2743 4799 καιρὸν
2768 4727 2828 4780 16
2850 4728 2947 4798 τῆς
2970 4728 3175 4800 τροπῆς
3199 4725 3327 4778 ἴδιον
3350 4722 3709 4794 αὐξανόμενον

2153 4822 2185 4893 ἢ
2224 4820 2608 4891 ἐλαττούμενον
2632 4819 2731 4890 τὴν
2762 4817 3069 4889 σύμμετρον
3117 4817 3309 4888 κρᾶσιν
3349 4814 3552 4868 ἀθετεῖ.
3595 4810 3708 4864 Τῶν

2148 4914 2257 4986 γὰρ
2294 4912 2690 4982 συγκραμάτων
2711 4909 2756 4940 ⁹⁶
2787 4909 2885 4979 οὐχ
2923 4909 3181 4971 ὡσαύτως
3221 4907 3306 4959 ἀεὶ
3352 4906 3707 4976 διαμενόντων

2147 5008 2215 5061 τὰ
2258 5008 2545 5078 σπέρματα
2590 5002 2777 5057 ἄλλοτε
2818 5001 2981 5073 ἀλλην
3025 5000 3214 5072 έχοντα
3239 5004 3437 5073 κρᾶσιν
3481 4995 3706 5067 ἀποκρί-

2147 5116 2359 5161 νονται,
2405 5095 2483 5162 οἷς
2538 5098 2673 5170 πρὸς
2722 5094 2820 5167 τὴν
2870 5093 2964 5146 τοῦ
3023 5093 3215 5165 καιροῦ
3264 5096 3463 5165 κρᾶσιν
3514 5090 3608 5145 καὶ
3651 5086 3705 5139 αἱ

2143 5192 2359 5259 γνῶμαι
2385 5190 2605 5243 ἕπονται
2630 5188 2740 5240 εἴτε
2765 5184 2985 5252 ἀγαθαὶ,
3013 5184 3122 5237 εἴτε
3155 5185 3342 5239 κακαί.
3391 5184 3516 5238 Ἐπὶ
3537 5182 3592 5235 δὲ
3615 5176 3702 5232 τοῦ

2141 5283 2275 5337 Θεοῦ
2313 5282 2410 5335 οὐκ
2444 5282 2555 5334 ἔστι
2581 5297 2633 5332 τι
2662 5279 2899 5332 τοιοῦτον
2930 5276 3275 5344 λογίσασθαιο
3307 5276 3576 5346 ἄτρεπτον
3602 5269 3703 5339 γὰρ

2141 5377 2234 5430 καὶ
2254 5376 2341 5429 ἀεὶ
2366 5375 2459 5440 ῶν,
2485 5373 2781 5447 όπ[όταν]⁹⁷
2812 5369 3130 5445 προϐάλλειν
3158 5369 3464 5443 βουληθείη,
3494 5366 3702 5433 ἀνάγκη

1736 5549 1966 5604 VARIZE
2005 5546 2401 5604 LECTIONES.

551 5666 594 5701 "
620 5669 908 5741 γεγένηται
937 5672 997 5741 Ο.
1072 5670 1118 5704 ⁸⁸
1152 5668 1243 5723 καὶ
1273 5666 1348 5741 ὡς

1404 5681 1457 5735 p.
1488 5664 1563 5728 ὼς
1615 5664 1707 5718 καί
1740 5668 1800 5718 0.
1877 5664 1924 5699 θ’
1964 5663 2038 5717 Ita
2088 5664 2154 5718 ad
2196 5678 2349 5719 oram
2388 5664 2532 5728 cod.,
2579 5659 2977 5734 συγγραμάτων
3027 5658 3082 5713 in
3122 5665 3291 5714 textu.
3367 5659 3413 5694 "
3449 5659 3539 5713 ἄπ’
3575 5656 3697 5729 (sic)

485 5756 595 5811 seq.
618 5735 815 5796 lacuna"
837 5742 901 5796 Ο.
938 5740 1187 5797 Fortasse
1228 5737 1571 5795 scribendum
1603 5738 1709 5806 ὅπη
1742 5736 1807 5790 ἄν
1841 5735 1921 5791 vel
1966 5736 2112 5798 ὅπως
2145 5735 2228 5789 ἄν.
