4022 6336
373 352 470 408 155

1394 358 1851 415 CLEMENTINA.
1892 388 1943 401 —-
1999 358 2272 418 liOMlLlA
2319 360 2436 414 XX.

3508 364 3567 418 ιδ
3576 368 3601 420 ι

367 474 516 527 πᾶσα
561 473 624 528 τὸ
667 475 1098 549 προϐαλλόμενον
1139 477 1288 549 αὑτῷ
1331 478 1593 541 ὡσαύτως
1637 474 1826 549 [εἶναι]
1867 478 1918 530 τὲ

2044 479 2359 533 mutahilem
2391 478 2570 533 dicere
2600 481 2746 546 velit,
2784 482 2929 537 haud
2974 500 3107 540 sane
3157 484 3421 557 intelligo,
3467 501 3604 555 quo-

364 566 536 619 πάντα
557 566 636 637 τῷ
657 568 1027 639 γεγεννηκότι,
1054 572 1155 642 τήν
1180 587 1237 623 τε
1272 569 1430 641 ἀοι
1458 571 1645 623 οὐσίαν
1671 570 1814 638 λέγω
1840 570 1934 623 καὶ

358 659 458 728 τὴν
479 657 724 730 γνώμην.
748 661 894 732 Εί[δὲ
913 660 1178 733 θελήσῖειέ
1203 679 1287 726 τις
1309 662 1402 715 καὶ
1424 662 1583 715 αὑτὸν
1601 662 1829 734 τρεπτὸν
1850 661 1931 714 λέ-

358 768 497 819 γειν,
514 750 613 804 οὐκ
632 747 771 816 οἶδα,
798 754 913 817 πῶς
929 753 1022 807 καὶ
1044 754 1304 808 ἀθάνατον
1325 755 1498 807 εἰπεῖν
1513 753 1732 807 δύναται
1753 753 1927 806 αὐτόν.

431 863 519 919 γι.
559 865 742 918 Ταῦτα
772 868 800 919 6
828 866 1032 937 Πέτρος
1061 865 1299 929 ἀκούσας
1327 867 1420 919 καὶ
1462 865 1635 938 βραχὺ
1682 866 1773 919 ἐπὶ
1812 883 1934 918 συν-

363 958 507 1021 νοίας
532 959 820 1030 γενόμενος
848 958 954 1030 ἔφη
972 975 986 988 ’
1005 959 1116 1012 Οὐκ
1146 959 1298 1030 οἶμαι
1318 998 1333 1023 ,
1364 958 1486 1012 τινὰ
1516 958 1773 1011 δύνασθαι
1804 959 1932 1028 περὶ

358 1050 598 1123 πονηροῦ
623 1051 1000 1122 διαλεγόμενον
1030 1052 1103 1123 μὴ
1128 1050 1289 1104 αὑτοῦ
1310 1051 1403 1105 τοῦ
1431 1050 1669 1122 πονηροῦ
1690 1050 1752 1103 τὸ
1774 1049 1929 1122 θέλη-

362 1158 435 1211 μα
457 1145 649 1197 ποιεῖν.
669 1142 826 1197 Ὅθεν
847 1141 1004 1195 τοῦτο
1027 1142 1155 1195 αὐτὸ
1179 1142 1354 1205 εἰδὼς,
1373 1142 1472 1195 οὐκ
1501 1138 1615 1194 οἶδα
1636 1140 1688 1193 τί
1716 1138 1926 1211 πράξω,

358 1236 583 1307 πότερον
614 1237 872 1307 σιωπήσω
899 1234 930 1306 ἢ
954 1234 1186 1305 λαλήσω.
1218 1236 1282 1288 El
1315 1234 1412 1305 μὲν
1448 1235 1804 1306 σιωπήσαιμι,
1835 1233 1929 1303 γέ-

356 1326 500 1380 λωτα
530 1327 667 1399 πρὸς
692 1330 817 1390 τοὺς
845 1326 1073 1390 πολλοὺς
1101 1326 1395 1398 ὀφλήσαιμι
1426 1326 1491 1379 ἂν
1515 1367 1530 1391 ,
1562 1327 1643 1378 ὃτι
1672 1324 1928 1397 ἀλήθειαν

356 1417 821 1488 ἐπαγγελλόμενος
871 1418 1166 1489 κηρύσσειν
1211 1417 1303 1469 τὸν
1351 1416 1479 1487 περὶ
1528 1416 1727 1480 κακίας
1773 1416 1926 1485 λόγον

353 1510 536 1578 ἀγνοῶ
554 1526 568 1539 ·
593 1510 641 1561 εί
664 1509 719 1563 δὲ
742 1510 948 1581 εἴποιμι
967 1549 983 1575 ,
1014 1508 1282 1581 φοϐοῦμαι
1309 1550 1322 1572 ,
1353 1510 1426 1581 μὴ
1454 1510 1560 1579 ἄρα
1587 1509 1686 1561 οὐκ
1715 1508 1922 1579 ἀρέσκῃ

353 1600 473 1671 Θεῷ
501 1600 777 1671 ζητεῖσθαι
798 1601 858 1654 τὸ
885 1600 1074 1669 κακὸν,
1093 1602 1228 1655 ἀλλά
1253 1601 1313 1655 τὸ
1342 1601 1543 1670 ἀγαθὸν
1577 1601 1753 1671 μόνον.
1778 1600 1923 1670 Πλὴν

352 1694 447 1746 καί
466 1693 596 1765 ὑμῖν
625 1694 706 1757 εἰς
728 1693 819 1746 τὸν
841 1693 1105 1762 Σοφωνίου
1135 1694 1291 1762 λόγον
1314 1692 1413 1756 τὰς
1445 1692 1582 1764 ὲμάς
1628 1690 1924 1763 ὑπολήψεις

352 1786 568 1855 ποιήσω
622 1785 1022 1857 φανερωτέρας.
1085 1785 1410 1857 Συντίθεμαι
1462 1782 1618 1853 κάγὼ
1651 1823 1666 1848 ,
1726 1784 1807 1837 ὅτι
1860 1783 1920 1836 οὐ

2038 571 2202 624 modo
2231 584 2356 624 eum
2387 569 2747 625 immortalem
2782 572 3051 630 afﬁrmare
3080 586 3262 647 queat.

2106 843 2193 901 Vl.
2234 845 2443 912 Quibus
2472 847 2670 904 auditis
2701 866 2823 905 cum
2855 850 3046 908 Petrus
3076 855 3355 924 paululum
3387 859 3601 929 cogita-

2032 935 2248 993 bundus
2281 939 2545 1008 sedisset,
2578 945 2855 1013 respondit
2886 963 2899 999 :
2936 945 3051 1000 Non
3083 948 3248 1003 credo
3290 965 3450 1020 posse
3503 952 3604 1005 ali-

2030 1043 2190 1097 quem
2217 1032 2284 1084 de
2314 1033 2458 1087 malo
2489 1033 2678 1103 loqui,
2714 1035 2817 1091 nisi
2849 1037 3016 1093 faciat
3046 1040 3210 1095 simul
3243 1043 3371 1096 mali
3403 1044 3601 1097 volun-

2029 1126 2219 1174 tatem.
2252 1120 2442 1187 Quare
2464 1165 2479 1188 ,
2512 1141 2636 1179 cum
2670 1126 2774 1182 hoc
2804 1128 2979 1198 ipsum
3012 1130 3214 1199 sciam,
3245 1134 3449 1196 dubito,
3470 1136 3597 1205 quid

2029 1209 2258 1277 faciam,
2295 1221 2479 1267 utrum
2512 1216 2700 1271 sileam
2735 1235 2801 1273 an
2838 1221 3049 1291 loquar.
3086 1223 3140 1276 Si
3171 1225 3315 1283 enim
3350 1233 3555 1280 taceam
3577 1268 3594 1290 ,

2026 1301 2198 1355 risum
2233 1303 2375 1372 apud
2404 1308 2607 1362 multos
2638 1324 2919 1378 moveam,
2954 1325 3012 1367 ut
3040 1315 3131 1384 qui
3155 1355 3169 1380 ,
3199 1317 3477 1371 veritatem
3511 1334 3597 1374 me

2023 1396 2420 1466 explicaturum
2452 1401 2735 1470 professus
2756 1443 2770 1466 ,
2800 1404 2866 1458 de
2898 1407 3102 1461 malitia
3131 1406 3281 1477 loqui
3308 1409 3545 1463 nesciam
3576 1429 3592 1478 ;

2024 1488 2106 1542 sin
2148 1490 2362 1560 loquar,
2400 1491 2568 1547 timeo
2606 1509 2672 1549 ne
2708 1496 2821 1549 Deo
2856 1497 3143 1566 displiceat
3175 1500 3493 1569 disquisitio
3526 1503 3595 1556 de

2024 1580 2169 1634 malo
2210 1582 2495 1651 instituta,
2533 1586 2735 1655 quippe
2775 1588 2863 1641 cui
2902 1603 3012 1642 non
3051 1590 3155 1644 nisi
3190 1590 3500 1661 disquisitio
3528 1594 3596 1647 de

2024 1669 2166 1725 bono
2220 1672 2450 1742 placeat.
2512 1675 2765 1731 Attamen
2814 1695 2936 1748 quae
2982 1680 3048 1735 ad
3103 1680 3397 1751 Sophoniaz
3426 1685 3597 1738 inter-

2022 1765 2354 1833 rogationem
2400 1770 2694 1838 respoudi,
2754 1772 2916 1826 etiam
2963 1773 3166 1828 clarius
3213 1775 3370 1830 vobis
3422 1778 3598 1847 expli-

351 1879 532 1931 πάντα
558 1877 628 1931 τά
655 1876 957 1949 ἀνθρώπων
984 1878 1293 1931 ἀποδιδόναι
1320 1878 1400 1931 δεῖ
1426 1877 1504 1948 τῷ
1532 1875 1670 1948 Θεῷ.
1717 1876 1918 1929 Αὐτίκα

2026 1857 2182 1911 caho.
2238 1858 2349 1928 Ego
2387 1875 2608 1930 quoque
2649 1863 2893 1917 concedo
2918 1905 2932 1930 ,
2973 1880 3081 1919 non
3113 1868 3297 1921 omnia
3332 1883 3455 1937 quae
3491 1871 3592 1923 ho-

351 1970 484 2038 γοῦν
512 1972 562 2023 οί
591 1971 868 2043 ἄνθρωποι
898 1972 998 2024 οὐκ
1027 1972 1238 2042 ἔχοντες
1267 1970 1335 2024 τά
1364 1970 1591 2041 σώματα
1622 1969 1830 2041 τρεπτὰ
1858 1971 1919 2023 οὐ

351 2061 645 2127 τρέπονται
669 2100 684 2125 ,
714 2061 851 2115 ἀλλά
877 2062 1055 2134 χρόνῳ
1082 2061 1184 2114 ὑπὸ
1212 2060 1319 2114 τῶν
1342 2059 1560 2132 τροπῶν
1582 2059 1920 2113 ἀλλοιοῦσθαι

350 2152 514 2223 φύσιν
544 2153 778 2224 ἔχουσιν.
825 2154 883 2208 Ὀ
914 2154 969 2207 δὲ
999 2154 1130 2217 Θεὸς
1154 2154 1251 2223 οὐχ
1286 2152 1460 2216 οὕτως
1484 2169 1497 2183 ·
1530 2153 1634 2205 ὑπὸ
1672 2153 1781 2223 γάρ
1824 2151 1919 2204 τοῦ

348 2247 592 2317 ἐμφύτου
617 2246 923 2318 πνεύματος
947 2245 1111 2300 αὑτοῦ
1143 2248 1437 2319 ἀπορρήτῳ
1459 2245 1680 2316 δυνάμει
1700 2288 1713 2311 ,
1738 2247 1919 2297 ὁποῖον

350 2335 697 2410 ἂν⁹βούληται
717 2381 731 2405 ,
753 2338 960 2407 γίνεται
979 2338 1039 2391 τὸ
1063 2337 1239 2408 σῶμα.
1264 2338 1373 2392 Καὶ
1392 2336 1560 2407 ταύτῃ
1586 2336 1781 2407 μᾶλλον
1806 2335 1921 2390 ἔστι

348 2429 674 2496 πιστεῦσαι,
771 2431 867 2484 καὶ
898 2430 927 2481 ὁ
956 2430 1063 2501 ἀὴρ
1097 2431 1226 2500 παρ’
1258 2429 1423 2481 αὑτοῦ
1469 2427 1724 2497 τοιαύτην
1768 2427 1921 2498 εἰλη-

349 2521 464 2591 φὼς
500 2524 662 2591 φύσιν
695 2522 799 2575 ὑπὸ
824 2520 919 2574 τοῦ
963 2522 1124 2575 αὐτὸν
1168 2520 1447 2593 διήκοντος
1492 2520 1785 2591 ἀσωμάτου
1826 2520 1919 2573 νοῦ

348 2615 429 2677 είς
449 2613 638 2684 δρόσον
664 2615 893 2685 τραπεὶς
920 2614 1013 2667 καὶ
1034 2612 1327 2683 παχυνθεὶς
1348 2613 1557 2681 γίνεται
1589 2610 1751 2683 ὕδωρ,
1775 2610 1919 2683 ὕδωρ

351 2704 411 2756 δὲ
457 2705 633 2772 παγὲν
675 2704 811 2757 λίθοι
855 2705 951 2758 καὶ
980 2706 1090 2776 γῆ,
1135 2705 1231 2758 καὶ
1275 2704 1412 2757 λίθοι
1453 2703 1511 2757 δὲ
1554 2703 1919 2775 συρῤήξαντες

348 2796 463 2867 πῦρ
490 2795 834 2860 ὲξάπτουσιν.
870 2796 1125 2849 Τοιοῦτον
1148 2799 1292 2849 κατά
1324 2794 1623 2866 μεταϐολὴν
1660 2795 1753 2847 καὶ
1791 2810 1917 2866 τρο-

348 2887 457 2960 πὴν
500 2888 530 2940 6
576 2888 683 2960 ἀὴρ
730 2887 873 2960 ὕδωρ
917 2887 984 2941 τά
1027 2888 1221 2960 πρῶτα
1248 2885 1486 2957 γεγονὼς
1510 2888 1591 2950 είς
1619 2885 1731 2957 πῦρ
1762 2883 1915 2956 ἔληξε

345 2980 436 3033 διά
461 2979 569 3032 τῶν
596 2979 811 3051 τροπῶν
835 3021 850 3046 ,
878 2980 973 3033 καὶ
1000 2980 1060 3032 τὸ
1089 2978 1252 3051 ὑγρὸν
1283 2979 1364 3041 εἰς
1402 2977 1501 3048 τὴν
1540 2976 1786 3031 ἐναντίαν
1817 2975 1921 3046 φύ-

346 3086 433 3121 σιν
483 3068 815 3139 μετετράπη,
866 3068 931 3120 Τί
969 3066 1063 3133 δέ;
1113 3067 1235 3137 οὐχὶ
1281 3066 1375 3120 καὶ
1420 3066 1519 3137 τὴν
1561 3064 1839 3126 Μωῦσέως
1868 3063 1916 3096 ⁸⁸

348 3157 545 3229 ῥάϐδον
596 3159 626 3208 6
673 3156 805 3221 Θεὸς
847 3156 1073 3229 ἔτρεψεν
1124 3159 1204 3220 είς
1254 3154 1425 3221 ζῶον,
1483 3156 1715 3227 ποιήσας
1769 3154 1911 3222 ὅφιν,

2024 1948 2223 2003 mimm
2277 1952 2421 2019 sint,
2475 1952 2587 2008 Deo
2628 1970 2750 2010 esse
2797 1957 3160 2013 attribuenda.
3208 1958 3326 2013 Jam
3373 1962 3591 2030 quidem

2022 2039 2272 2096 homines
2296 2082 2312 2107 ,
2350 2044 2552 2113 quibus
2593 2061 2821 2117 corpora
2864 2049 3228 2106 immutabilia
3267 2063 3437 2121 sunt,
3482 2070 3590 2109 non

2020 2144 2328 2204 mutantur,
2368 2141 2461 2194 sed
2504 2140 2741 2195 indolem
2784 2143 2986 2198 habent
3022 2159 3145 2198 cum
3185 2147 3312 2200 anni
3351 2156 3592 2216 tempore

2019 2230 2291 2285 variandi.
2327 2232 2397 2287 At
2431 2249 2537 2289 non
2580 2233 2653 2287 ita
2695 2236 2871 2303 Deus;
2919 2252 3042 2290 nam
3090 2237 3238 2294 illius
3290 2240 3482 2308 spiritu
3539 2243 3589 2296 ei

2018 2323 2208 2377 innato
2237 2338 2438 2378 arcana
2470 2326 2521 2379 vi
2554 2340 2757 2396 corpus
2790 2327 2877 2393 fit,
2908 2328 3071 2398 quale
3110 2329 3227 2399 ipse
3261 2332 3399 2385 vult.
3428 2330 3584 2398 Quod

2018 2428 2087 2469 eo
2114 2416 2289 2486 magis
2318 2418 2648 2472 credendum
2676 2460 2691 2483 ,
2723 2435 2845 2473 cum
2877 2436 2969 2473 aer
2995 2437 3091 2490 per
3115 2437 3239 2477 eum
3263 2464 3277 2487 ,
3307 2424 3358 2477 id
3386 2434 3469 2479 est
3496 2440 3591 2494 per

2021 2508 2393 2577 incorpoream
2428 2518 2663 2563 mentem
2696 2512 2750 2564 in
2784 2527 2907 2566 eum
2946 2513 3200 2568 diffusam
3226 2557 3241 2583 ,
3276 2514 3587 2571 facultatem

2018 2601 2321 2670 acceperit,
2350 2610 2410 2655 ut
2439 2602 2493 2655 in
2524 2602 2790 2672 liquorem
2824 2621 3016 2660 versus
3049 2616 3104 2660 et
3131 2617 3419 2661 concretus
3446 2624 3586 2679 aqua

2019 2692 2149 2757 fiat,
2194 2708 2339 2763 aqua
2383 2703 2563 2748 autem
2609 2705 2861 2749 concreta
2911 2707 3152 2751 mutetur
3194 2699 3247 2752 in
3293 2700 3497 2768 lapides
3534 2712 3589 2757 et

2021 2794 2216 2839 terram
2239 2828 2254 2851 ,
2290 2794 2345 2841 et
2372 2786 2579 2855 lapides
2610 2786 2858 2841 confricti
2891 2788 3068 2858 ignem
3101 2791 3423 2846 accendant.
3468 2792 3586 2850 Hoc

2021 2876 2184 2929 modo
2232 2891 2325 2930 aer
2372 2887 2495 2947 post
2542 2878 2951 2934 translationem
2998 2889 3054 2934 et
3101 2884 3583 2938 commutationem

2019 2968 2256 3035 primum
2287 2967 2509 3037 quidem
2535 2984 2672 3038 aqua
2710 2968 2887 3024 factus
2918 2985 3014 3038 per
3041 2971 3430 3028 conversiones
3461 2988 3583 3029 ees-

2019 3057 2176 3113 sabat
2204 3058 2259 3112 in
2289 3057 2466 3129 ignem
2489 3100 2505 3126 ,
2532 3069 2588 3114 et
2617 3060 2900 3115 humidum
2946 3060 2998 3114 in
3044 3063 3373 3117 contrariam
3422 3074 3585 3119 natu-

2021 3166 2136 3204 ram
2194 3147 2520 3207 mutabatur.
2586 3150 2727 3219 Quid
2771 3153 2946 3207 vero?
2998 3152 3189 3207 Nonne
3231 3153 3373 3209 Deus
3415 3156 3581 3209 etiam

344 3212 405 3302 ὸν
434 3250 599 3304 πάλιν
629 3212 1088 3320 μτὲστρεῷενείς
1302 3212 1523 3321 ρἀδονς
1546 3212 1639 3301 κάὶ
1653 3212 1719 3301 δι’
1746 3212 1915 3317 αὐτῆς

2019 3237 2221 3310 Moysis
2276 3240 2482 3312 virgam
2532 3241 2586 3294 in
2636 3242 2837 3296 animal
2890 3243 3091 3303 vertit.
3147 3258 3451 3312 serpentem
3496 3246 3582 3299 l‘a-

343 3342 402 3395 δὲ
427 3342 527 3412 τῆς
551 3343 852 3413 τραπείσης
882 3341 1076 3413 ῥάϐδου
1104 3341 1164 3393 τὸ
1195 3340 1385 3393 Νείλου
1414 3339 1556 3409 ὕδωρ
1587 3338 1809 3410 ἔτρεψεν
1836 3338 1916 3400 εἰς

346 3430 486 3505 αἷμα
504 3476 519 3501 ,
545 3435 573 3487 ὂ
601 3435 693 3488 καὶ
720 3434 881 3488 πάλιν
913 3431 1272 3505 μετέστρεψεν
1301 3433 1380 3494 εἰς
1412 3429 1555 3501 ὓδωρ
1580 3446 1595 3495 ;
1637 3428 1796 3481 Ἀλλά
1821 3427 1917 3481 καὶ

344 3526 436 3579 τὸν
465 3526 747 3597 ἄνθρωπον
766 3567 780 3592 ,
810 3523 940 3595 χοῦν
967 3523 1096 3576 ὄντα
1114 3564 1130 3587 ,
1151 3522 1501 3592 ὲμφυσήματι
1543 3520 1713 3590 πνοῆς
1761 3517 1916 3589 μετέ-

347 3618 574 3690 στρεψεν
596 3619 674 3681 είς
698 3617 875 3688 σάρκα
892 3658 908 3682 ,
967 3616 1061 3668 καὶ
1086 3613 1246 3666 πάλιν
1279 3612 1637 3685 μετέστρεψεν
1660 3612 1741 3674 είς
1762 3610 1911 3681 χοῦν.

347 3712 482 3781 Οὐχὶ
508 3711 565 3763 δὲ
593 3708 833 3779 Μωῦσῆς
859 3706 1020 3769 αὐτὸς
1051 3702 1186 3777 σάρξ
1209 3705 1284 3758 ὢν
1315 3706 1392 3768 είς
1422 3705 1673 3774 μέγιστον
1702 3703 1915 3775 ἐτράπη

348 3803 465 3872 φῶς
484 3844 498 3868 ,
530 3802 605 3865 ὡς
639 3801 711 3871 μὴ
744 3797 1036 3869 δυνηθῆναι
1064 3796 1190 3858 τοὺς
1219 3796 1370 3856 υἱοὺς
1428 3793 1640 3865 Ἰσραὴλ
1671 3794 1915 3848 ἀντιϐλέ-

346 3889 445 3959 ψαι
464 3887 613 3958 αὐτῷ
638 3904 652 3951 ;
682 3884 868 3956 Πολλῷ
894 3880 986 3937 οὖν
1018 3883 1214 3955 μᾶλλον
1240 3884 1268 3935 ὁ
1299 3881 1431 3947 Θεὸς
1457 3882 1647 3936 ἑαυτὸν
1670 3884 1911 3955 τρέπειν,

346 3983 427 4045 εἰς
455 3980 483 4034 ὃ
509 3979 758 4053 βούλεται
784 4017 798 4043 ,
823 3974 1193 4040 δυνατώτατος
1221 3977 1388 4030 ἐστιν.

420 4185 533 4240 VII.
587 4183 724 4237 Ἀλλ’
758 4182 892 4245 ἴσως
917 4199 1002 4244 τις
1033 4178 1187 4253 ὑμῶν
1218 4180 1472 4252 ἐνόησεν,
1506 4180 1588 4234 ὃτι
1622 4179 1777 4245 ἄλλος
1818 4180 1916 4251 μὲν

349 4278 440 4332 ὑπ’
470 4275 631 4330 ἄλλου
660 4273 911 4343 γενέσθαι
943 4291 996 4325 τι
1028 4272 1248 4325 δύναται
1272 4313 1287 4338 ,
1317 4271 1476 4334 αὐτὸς
1497 4270 1553 4324 δέ
1584 4288 1671 4334 τις
1700 4270 1912 4337 ἑαυτὸν,

350 4371 428 4432 εἰς
455 4368 483 4421 ὃ
512 4367 788 4438 βούλεται,
841 4364 1202 4436 μετατρέπειν
1235 4363 1295 4415 οὑ
1324 4360 1544 4443 δύναται
1568 4405 1582 4424 ,
1616 4363 1709 4415 καὶ
1740 4362 1821 4414 ὅτι
1846 4361 1916 4421 ςτδ

349 4459 643 4532 τρέπεσθαι
674 4456 769 4509 τοῦ
798 4453 1075 4527 γηρῶντος
1104 4456 1220 4506 ὲστι
1263 4452 1357 4507 καὶ
1385 4451 1673 4505 ἀποθανεῖν
1703 4450 1914 4523 [φύσιν]

2016 3331 2204 3396 ciens,
2250 3347 2410 3400 quem
2458 3332 2653 3387 iterum
2698 3333 2753 3387 iu
2800 3334 3005 3403 virgam
3050 3336 3327 3389 mutavit?
3357 3335 3423 3389 Et
3466 3335 3580 3405 ipsa

2016 3419 2111 3493 illa
2135 3420 2281 3491 virga
2306 3436 2508 3490 aquam
2536 3420 2641 3477 Nili
2666 3424 2932 3477 convertit
2958 3424 3012 3477 in
3040 3425 3358 3494 sanguinem
3383 3467 3397 3489 ,
3420 3442 3579 3496 quem

2016 3512 2193 3566 redire
2220 3512 2346 3567 fecit
2372 3514 2425 3566 in
2452 3525 2673 3583 aquam.
2713 3513 2818 3568 Sed
2866 3515 3144 3569 hominem
3188 3533 3439 3587 quoque,
3487 3519 3580 3587 qui

2014 3603 2178 3658 limus
2208 3614 2357 3670 erat,
2389 3606 2587 3673 spiritu
2622 3606 2810 3660 inflato
2859 3607 2911 3660 in
2960 3622 3180 3661 carnem
3211 3628 3300 3671 ver
3326 3615 3385 3669 it.
3406 3626 3568 3678 quam

2016 3695 2213 3750 iterum
2257 3698 2488 3751 mutavit
2528 3697 2581 3751 in
2626 3698 2838 3751 limum.
2897 3696 3001 3751 Sed
3047 3714 3230 3752 nonne
3256 3706 3309 3751 et
3334 3698 3578 3769 Moyses,

2015 3791 2107 3860 qui
2142 3805 2271 3844 caro
2296 3798 2442 3854 erat,
2470 3790 2522 3842 in
2551 3789 2851 3843 maximum
2882 3798 3224 3858 permutatus
3254 3798 3335 3843 est
3364 3790 3540 3858 ignem
3561 3831 3578 3855 ,

2017 3880 2091 3934 ita
2116 3888 2178 3934 ut
2212 3878 2309 3933 ﬁlii
2331 3878 2546 3934 lsraelis
2574 3896 2695 3933 eum
2723 3880 2967 3947 aspicere
2988 3894 3095 3932 non
3127 3876 3346 3948 pdssent
3369 3882 3391 3933 ’ἔ
3412 3879 3580 3934 Multo

2014 3971 2190 4043 magis
2218 3971 2384 4042 igitur
2410 3969 2553 4025 Deus
2585 3971 2936 4039 semetipsum
2972 3983 3181 4024 mutare
3212 3970 3266 4023 in
3297 3971 3580 4041 quodcun-

2014 4076 2119 4140 q'ue
2147 4068 2197 4123 ei
2225 4068 2402 4138 placet
2432 4065 2846 4137 potentissimus
2877 4073 2982 4121 est.

2086 4180 2199 4236 Vll.
2236 4182 2304 4235 At
2328 4179 2577 4234 fortassis
2599 4187 2837 4233 vestrum
2863 4177 3062 4246 aliquis
3083 4177 3386 4243 existimat,
3410 4176 3575 4232 alium

2014 4274 2234 4344 quidem
2267 4273 2382 4327 fleri
2413 4270 2618 4340 aliquid
2650 4285 2810 4339 posse
2836 4285 2929 4339 per
2959 4269 3156 4333 alium,
3191 4269 3282 4323 sed
3315 4269 3491 4339 ipsum
3521 4271 3577 4325 in

2016 4363 2296 4433 quodlibet
2331 4377 2389 4416 se
2421 4369 2740 4415 convertere
2772 4375 2879 4413 non
2916 4359 3123 4421 valere,
3159 4374 3386 4429 esseque
3413 4360 3575 4413 etiam

2016 4454 2340 4510 commutari
2376 4453 2711 4508 senescentis
2744 4461 2798 4506 et
2836 4450 2996 4505 morti
3035 4450 3257 4505 obnoxii
3288 4491 3303 4517 ,
3341 4451 3393 4505 id
3433 4453 3578 4521 quod

351 4554 563 4624 ἔχοντος
586 4594 602 4616 ,
632 4549 766 4603 ἀλλά
793 4548 923 4619 περὶ
947 4545 1229 4600 ἀθανάτων
1257 4544 1415 4598 τοῦτο
1437 4545 1498 4597 οὐ
1521 4545 1625 4617 χρὴ
1655 4542 1914 4615 νομίζειν.

2021 4561 2128 4600 non
2166 4543 2497 4598 censendum
2537 4543 2609 4597 sit
2643 4545 2710 4595 de
2747 4539 3167 4595 immortalibus.
3209 4538 3397 4595 Nonne
3432 4543 3575 4596 enim

351 4643 426 4700 Ἦ
474 4646 582 4717 γάρ
626 4644 725 4698 οὐκ
774 4641 991 4711 ἄγγελοι
1034 4641 1255 4711 ἀγήρως
1289 4640 1334 4673 ⁹⁹
1370 4636 1773 4711 [ὑπάρχοντες]
1821 4637 1916 4692 καὶ

352 4738 628 4810 πυρώδους
683 4735 869 4798 οὐσίας
926 4734 1005 4795 εἰς
1059 4732 1236 4803 σάρκα
1303 4732 1711 4802 μετετράπησαν
1741 4771 1758 4798 ,
1821 4728 1915 4782 καὶ

351 4832 399 4884 oi
426 4828 577 4902 παρά
603 4827 682 4899 τῷ
722 4823 972 4897 Ἀϐραάμ
1000 4821 1377 4894 [ξενι]σθέντες
1395 4860 1411 4885 ,
1439 4815 1514 4875 ὧν
1543 4822 1636 4874 καὶ
1661 4821 1788 4883 τοὺς
1819 4818 1916 4871 πό-

348 4924 443 4986 δας
467 4922 543 4985 ὡς
565 4918 861 4991 ὁμοουσίων
880 4914 1180 4987 ἀνθρώπων
1201 4914 1474 4985 ἄνθρωποι
1494 4912 1681 4982 ενιψαν
1705 4930 1720 4978 ;
1752 4910 1912 4965 Ἀλλά

350 5014 445 5067 καὶ
470 5012 549 5083 τῷ
586 5011 777 5066 Ἰακὼϐ
802 5011 1072 5083 ἀνθρώπῳ
1108 5010 1219 5063 ὄντι
1257 5006 1483 5077 ἄγγελος
1513 5004 1803 5058 ἐπάλαισεν
1833 5006 1914 5068 εἰς

352 5106 531 5179 σάρκα
563 5107 790 5178 τραπεὶς
812 5146 827 5171 ,
865 5105 951 5157 ἵνα
994 5102 1141 5172 αὐτῷ
1182 5097 1649 5171 συγχρωτισθῆναι
1685 5096 1911 5167 δυνηθῇ.

350 5200 459 5255 Καὶ
486 5197 636 5268 ὁμῶς
664 5196 929 5260 παλαίσας
957 5197 1049 5249 ἐπὶ
1078 5196 1175 5266 τὴν
1210 5193 1343 5246 ἰδίαν
1374 5190 1536 5243 αὑτοῦ
1585 5192 1744 5259 φύσιν
1787 5189 1914 5259 βου-

349 5290 531 5361 ληθεὶς
552 5288 781 5360 ἐτράπη.
800 5288 935 5359 Ἤδη
956 5289 1034 5350 εἰς
1055 5284 1166 5356 πῦρ
1196 5282 1655 5355 μεταϐαλλόμενος
1682 5281 1775 5333 τοῦ
1812 5281 1914 5335 Ἰα-

350 5382 466 5437 κὼϐ
498 5381 565 5413 ⁸⁸⁸
593 5380 653 5433 τὸ
680 5380 850 5433 πλατὺ
879 5377 1068 5449 νεῦρον
1095 5377 1195 5429 οὐκ
1226 5374 1425 5427 ἔκαυσε
1463 5374 1591 5444 μὲν,
1629 5371 1817 5441 ἐφλεξε
1851 5371 1909 5424 δὲ

351 5475 446 5529 καὶ
484 5472 653 5545 χωλὸν
690 5472 961 5542 ἐποίησεν.
1020 5470 1077 5521 ’0
1114 5468 1170 5520 δὲ
1201 5467 1385 5538 ἕτερόν
1416 5483 1469 5519 τι
1502 5463 1777 5534 γενέσθαι,
1807 5464 1835 5517 ὃ
1856 5479 1909 5516 τι

2017 4637 2192 4707 angeli
2249 4651 2470 4705 quoque
2514 4649 2780 4703 perennes
2828 4641 2991 4702 atque
3043 4632 3213 4699 ignea:
3263 4633 3579 4688 substantia:

2014 4744 2145 4784 caro
2195 4727 2321 4782 facti
2376 4726 2445 4780 ab
2498 4724 2812 4779 Abrahamo
2868 4723 3107 4792 hospitio
3150 4723 3358 4793 excepti
3417 4734 3576 4790 sunt,

2016 4836 2249 4891 quorum
2288 4818 2373 4872 vel
2412 4817 2574 4887 pedes
2613 4825 2671 4870 ut
2708 4814 2953 4885 ejusdem
2994 4814 3278 4868 hominum
3329 4816 3578 4870 essentia:

2015 4911 2265 4965 homines
2317 4906 2618 4963 lavabant?
2671 4904 2777 4959 Sed
2822 4904 2984 4958 etiam
3030 4920 3153 4959 cum
3199 4902 3433 4970 Jacobo,
3483 4905 3577 4975 qui

2014 5003 2180 5056 homo
2227 5008 2381 5063 erat,
2432 4998 2660 5068 angelus
2712 4993 3041 5058 luctabatur,
3084 4992 3137 5045 in
3173 5007 3388 5047 carnem
3429 5006 3578 5045 com-

2015 5100 2292 5157 mutatus,
2335 5100 2393 5145 ut
2440 5097 2620 5159 posset
2657 5101 2781 5141 cum
2829 5100 2894 5139 eo
2924 5082 3261 5138 conversari.
3316 5081 3578 5137 Similiter

2012 5191 2301 5253 postquam
2344 5182 2577 5234 luctatus
2649 5188 2803 5241 erat,
2859 5190 2926 5229 ex
2969 5174 3249 5227 voluntate
3300 5187 3396 5227 sua
3444 5188 3576 5241 pro-

2015 5277 2188 5346 priam
2242 5275 2433 5329 iterum
2469 5271 2645 5326 induit
2675 5278 2949 5324 naturam.
2980 5264 3097 5319 Jam
3138 5278 3265 5319 vero
3300 5264 3353 5317 in
3394 5263 3572 5331 ignem

2013 5363 2434 5420 transformatus
2460 5360 2649 5417 Jacobi
2683 5372 2910 5413 nervum
2948 5354 3169 5409 femoris
3209 5368 3317 5407 non
3352 5354 3572 5423 quidem

2012 5454 2345 5519 combussit,
2380 5453 2473 5508 sed
2504 5448 2863 5506 inﬂammavit
2893 5444 3257 5513 claudumque
3288 5442 3433 5501 fecit.
3476 5443 3574 5501 At-

1583 5656 1820 5713 VARIIE
1859 5652 2260 5712 LECTIONES.

431 5805 474 5835 ”
506 5800 759 5864 Μωῦσέος
784 5802 844 5854 0.
910 5796 965 5865 7”
1000 5796 1216 5853 Codicis
1248 5796 1571 5866 scripturam
1610 5792 1832 5863 ἀγήρως
1881 5800 2090 5849 mutare
2140 5788 2305 5843 nolui.
2381 5785 2446 5818 ¹⁹⁰
2486 5782 2650 5839 ίακὼν
2682 5786 2745 5837 ο.
