4022 6336
508 358 614 417 455

1369 356 1425 411 S.
1466 355 1849 411 CLEMENTIS
1888 356 1906 409 l
1945 354 2109 411 ROM.
2153 354 2349 411 PONT.
2392 357 2619 413 OPERA
2658 356 2896 413 DUBIA.
3110 391 3119 405 μ
3640 357 3734 415 £56

510 483 693 527 tamen
746 471 833 536 is,
886 471 981 541 qui
1033 486 1097 525 cx
1151 468 1437 525 voluntate
1487 470 1635 524 aliud
1687 470 1802 525 ﬁeri
1855 472 2078 539 nequit,

2188 470 2357 537 θέλει,
2398 473 2471 543 μὴ
2500 472 2823 542 δυνάμενος,
2854 472 2930 535 ὡς
2961 470 3315 543 ὑποκείμενος
3357 473 3422 542 τῇ
3455 472 3612 525 αὑτοῦ
3641 474 3735 543 φύ-

510 571 695 631 utpote
748 561 1003 615 subditus
1051 561 1226 630 ipsius
1260 572 1505 625 naturie,
1531 561 1787 615 mortalis
1828 571 1909 616 est
1937 580 1951 627 ;
1984 562 2078 616 sed

509 657 734 725 quisua:
754 655 927 725 ipsius
953 663 1164 709 natura:
1190 655 1465 724 imperans
1495 654 1639 724 potis
1668 665 1750 708 est
1778 654 1892 707 ﬁeri
1922 654 2081 722 quid-

509 744 641 813 quid
702 754 755 800 et
809 745 1253 815 quandocunqne
1303 746 1449 808 vult,
1507 745 1580 799 ita
1620 754 1676 798 ut
1725 759 1899 799 novus
1958 759 2081 797 eve-

512 837 647 902 niat,
663 846 751 893 est
773 837 1308 903 immortalis.Qnare
1334 838 1506 891 multo
1522 837 1697 907 magis
1721 835 1815 891 Dei
1838 845 2081 905 potestas

511 929 810 984 essentiam
843 930 1089 998 corporis
1120 928 1343 997 quando
1378 939 1431 982 et
1469 928 1523 981 in
1563 929 1927 998 quodcunque
1968 928 2083 981 vult

509 1021 813 1084 convertit,
841 1030 895 1074 et
921 1022 1116 1076 similis
1144 1022 1498 1087 substantiae,
1528 1036 1637 1074 non
1666 1030 1844 1075 autem
1876 1035 2045 1090 aequae
2065 1062 2080 1085 ,

508 1115 933 1170 commutatione
966 1123 1183 1183 peracta
1232 1123 1501 1183 procreat.
1553 1112 1629 1166 Ita
1674 1122 1887 1168 creator
1927 1121 1982 1167 et
2028 1112 2080 1165 in

507 1208 671 1261 aliam
698 1208 991 1261 essentiam
1024 1214 1356 1261 commutata
1396 1206 1450 1259 in
1482 1220 1541 1260 se
1569 1215 1840 1259 revertere
1868 1212 2043 1275 potest
2067 1251 2079 1269 ,

509 1314 634 1354 cum
663 1315 730 1355 ex
760 1300 905 1353 illius
934 1300 1237 1354 mutatione
1267 1300 1411 1353 lilius
1435 1299 1750 1369 progenitus
1778 1300 1895 1354 sine
1925 1314 2081 1352 crea-

508 1394 644 1449 toris
686 1394 967 1448 voluntate
1017 1393 1164 1448 aliud
1215 1394 1347 1464 quid
1393 1393 1508 1447 lieri
1566 1408 1675 1446 non
1724 1391 1934 1462 possit,
1978 1391 2083 1446 nisi

508 1483 604 1539 ille
632 1492 862 1538 annuat.

579 1596 717 1653 Vlll.
758 1597 881 1654 Hzec
908 1614 1032 1653 cum
1062 1597 1255 1654 Petrus
1281 1598 1546 1661 dixisset,
1578 1596 1832 1652 Michmas
1851 1639 1866 1665 ,
1889 1606 1943 1653 et
1970 1598 2084 1668 ipse

506 1707 574 1748 ex
610 1692 872 1747 comitum
908 1707 1137 1746 numero
1166 1708 1308 1747 unus
1336 1709 1349 1746 :
1382 1692 1554 1746 Velim
1578 1734 1591 1757 ,
1626 1692 1835 1761 inquit,
1863 1708 1892 1745 a
1923 1701 1975 1745 te
2005 1690 2085 1743 di-

510 1799 699 1848 scere,
733 1800 865 1839 num
897 1785 1062 1839 etiam
1101 1785 1278 1839 bonus
1309 1786 1498 1840 eodem
1532 1786 1696 1838 modo
1730 1784 1948 1856 genitus
1978 1784 2083 1848 sit,
2117 1822 2157 1875 Β

510 1892 623 1947 quo
653 1878 871 1931 malus:
904 1876 951 1930 si
979 1876 1124 1932 enim
1158 1893 1316 1946 a:quo
1349 1877 1510 1930 modo
1543 1876 1668 1930 farti
1704 1875 1941 1942 fuerint,
1974 1874 2087 1929 fra-

512 1977 623 2022 tres
662 1966 799 2021 mihi
845 1982 967 2022 esse
1015 1968 1287 2022 videntur.
1339 1965 1640 2036 Respondit
1682 1963 1916 2020 Petrus:
1964 1962 2083 2018 Non

510 2057 680 2129 geniti
711 2057 933 2113 fuerunt
964 2058 1130 2113 simili
1164 2059 1359 2125 modo,
1390 2058 1437 2113 si
1471 2074 1557 2113 me
1585 2057 1654 2111 ab
1687 2056 1845 2110 initio
1880 2055 2085 2111 dixisse

510 2149 856 2213 recordaris,
891 2148 1017 2202 mali
1051 2149 1463 2218 quadruplicem
1496 2148 1857 2203 substantiam
1887 2162 2083 2215 corpo-

511 2241 591 2296 ris
630 2240 930 2295 secundum
972 2254 1171 2311 genera
1211 2240 1443 2293 divisam
1483 2253 1513 2292 a
1552 2238 1661 2292 Deo
1702 2246 2039 2307 procreatam
2066 2277 2081 2299 ,

512 2331 608 2386 sed
645 2342 799 2386 extra
838 2346 957 2386 eam
997 2330 1299 2387 secundum
1338 2330 1603 2386 creatoris
1639 2330 1979 2385 voluntatem
2018 2329 2085 2382 ad

512 2424 828 2479 mistionem
868 2422 1163 2477 consilium
1201 2421 1361 2475 malis
1391 2420 1637 2491 gaudens
1662 2436 1787 2475 esse
1820 2428 2087 2490 tempera-

512 2530 650 2574 tum.
674 2519 751 2574 Ac
782 2518 856 2573 ita
888 2518 1237 2573 statuendum
1269 2515 1635 2570 substantiam
1669 2515 2083 2585 quadruplicem

510 2630 580 2669 ex
614 2612 724 2667 Deo
755 2612 1023 2683 prolatam
1065 2611 1184 2681 ejus
1221 2606 1443 2680 huidem
1484 2626 1607 2665 esse
1642 2618 1957 2665 creaturam
1980 2650 1994 2675 ,
2034 2619 2088 2665 et

513 2706 688 2776 ipsam
721 2705 1131 2774 sempiternam.
1159 2702 1271 2757 Cur
1300 2712 1482 2757 autem
1509 2712 1663 2756 extra
1688 2701 1983 2757 essentiam
2017 2702 2087 2755 ab

512 2812 581 2853 eo
608 2805 966 2867 temperatam
998 2794 1359 2865 congrediens
1390 2794 1731 2865 propositum
1766 2793 1925 2847 malis
1956 2808 2086 2863 gau-

513 2888 651 2943 dens
696 2897 885 2958 postea
934 2884 1307 2957 gignebatur?
1357 2885 1423 2939 Et
1476 2886 1579 2940 hac
1616 2886 1834 2957 quidem
1877 2885 2087 2941 ratione

515 2995 694 3050 neque
722 2995 753 3034 a
785 2979 896 3033 Deo
920 3021 935 3045 ,
969 2993 1147 3048 neque
1176 2978 1246 3032 ab
1274 2977 1381 3031 alio
1408 2978 1643 3046 quodam
1675 2987 1916 3033 creatum
1942 3018 1957 3037 ,
1992 2976 2087 3033 sed

517 3090 585 3128 ne
614 3090 680 3128 ex
709 3089 777 3128 eo
803 3073 1024 3142 quidem
1057 3072 1327 3140 prolatum
1348 3111 1363 3133 ,
1396 3085 1574 3140 neque
1605 3082 1798 3139 sponte
1830 3087 2088 3142 progres‘

2183 579 2265 615 σει
2288 605 2304 630 ,
2332 562 2525 635 θνητός
2558 564 2706 616 ὲστιν
2732 580 2745 592 ·
2777 564 3074 633 δυνάμενος
3121 564 3177 616 δέ
3206 581 3290 627 τις
3329 563 3612 632 γενέσθαι,
3656 566 3738 618 ὅτε

2182 655 2322 709 θέλει
2346 696 2362 720 ,
2393 657 2422 709 ὃ
2450 657 2590 711 θέλει
2612 698 2628 724 ,
2658 657 2735 721 ὡς
2764 658 2935 727 αὑτῆς
2978 658 3079 729 τῆς
3104 658 3333 725 ξφὺσεως
3373 657 3700 711 δεσποτεὺων
3722 702 3737 726 ,

2181 751 2262 813 είς
2287 750 2347 803 τὸ
2392 749 2603 813 νεάζειν
2648 751 3025 823 ὑποστρέφων,
3076 751 3343 813 ἀθάνατός
3384 751 3546 804 ἐστιν.
3591 751 3741 805 Ὅθεν

2182 839 2317 893 πολὺ
2349 840 2597 912 μᾶλλονὴ
2625 841 2718 895 τοῦ
2743 841 2878 894 Θεοῦ
2905 842 3162 914 δύναμις,
3190 843 3277 895 ὅτε
3312 842 3454 895 θέλει
3477 840 3631 913 ωθ
3653 842 3740 896 τοῦ

2184 930 2434 1001 σώματος
2459 931 2557 1003 τὴν
2584 933 2771 986 οὑσίαν
2802 934 2881 996 είς
2908 932 2935 985 ὃ
2965 933 3107 986 θέλει
3139 933 3473 1004 μετατρέπει
3502 934 3593 985 καὶ
3619 933 3741 1003 ὁμο-

2182 1023 2365 1074 οὑσιον
2400 1023 2474 1092 μὴ
2504 1025 2754 1095 παρούσῃ
2781 1026 2953 1095 τροπῇ
2988 1024 3283 1097 προϐάλλει
3304 1066 3319 1089 ,
3355 1023 3666 1095 ίσοδὺναμον
3692 1024 3743 1077 δὲ

2182 1112 2263 1165 οῦ.
2295 1114 2415 1167 Ὀτι
2441 1116 2468 1167 6
2497 1115 2596 1185 μὲν
2624 1116 2941 1188 προϐάλλων
2965 1116 3059 1171 καὶ
3089 1118 3172 1180 είς
3202 1116 3394 1188 ἑτέραν
3420 1116 3602 1169 οὐσίαν
3626 1133 3746 1187 τρα-

2184 1204 2353 1257 πέντα
2380 1205 2544 1258 πάλιν
2570 1208 2654 1275 ἐφ’
2685 1207 2875 1260 ἑαυτὸν
2916 1209 3136 1280 τρέπειν
3164 1209 3387 1262 δύναται
3416 1210 3454 1273 ¹,
3484 1211 3512 1261 6
3538 1209 3591 1261 δὲ
3623 1226 3748 1280 προ-

2182 1295 2399 1366 ϐληθεὶς
2417 1298 2517 1367 τῆς
2542 1298 2598 1364 ἐξ
2622 1299 2830 1351 ἐκείνου
2859 1301 3063 1372 τροπῆς
3086 1317 3143 1353 τε
3165 1300 3261 1354 καὶ
3286 1301 3476 1355 τέκνον
3501 1301 3747 1371 ὑπάρχων

2182 1392 2309 1445 ἄνευ
2351 1389 2447 1443 τοῦ
2493 1390 2885 1462 προϐάλλοντος
2931 1391 3125 1464 βουλῆς
3162 1393 3291 1447 ἄλλο
3336 1410 3390 1446 τι
3418 1392 3663 1463 γενέσθαι
3689 1396 3745 1448 οὑ

2182 1480 2441 1548 δύναται,
2474 1484 2522 1535 εί
2555 1482 2629 1554 μὴ
2653 1484 2863 1547 ἐκεῖνος
2890 1481 3050 1535 θέλει.

2256 1593 2389 1650 Vlll.
2429 1594 2614 1649 Ταῦτα
2641 1595 2734 1649 τοῦ
2766 1596 2973 1668 Πέτρου
3003 1596 3270 1661 εἰπόντος,
3312 1596 3555 1667 Μιχαίας
3579 1597 3622 1664 ⁹,
3661 1597 3748 1651 καὶ

2189 1684 2350 1748 αὐτὸς
2378 1679 2457 1748 εἷς
2480 1683 2587 1737 τῶν
2631 1685 2911 1756 ἑπομένων
2949 1684 3200 1755 ἑταίρων,
3250 1681 3603 1753 Ἐϐουλόμην,
3634 1681 3750 1753 ἔφη,

2189 1778 2284 1833 καὶ
2309 1778 2469 1842 αὑτὸς
2496 1776 2684 1848 μαθεῖν
2710 1780 2862 1849 παρὰ
2893 1776 3007 1841 σοῦ,
3037 1777 3083 1829 εί
3125 1774 3318 1848 ὥσπερ
3353 1777 3381 1828 6
3413 1775 3642 1845 πονηρὸς
3669 1775 3754 1843 γέ-

2190 1889 2365 1943 γονεν,
2411 1870 2552 1925 οὓτω
2584 1868 2873 1942 γεγένηται
2919 1869 3013 1922 καὶ
3050 1871 3078 1922 6
3121 1867 3349 1939 ἁγαθός.
3384 1869 3447 1921 Εἰ
3483 1867 3541 1922 δὲ
3567 1868 3755 1938 ὁμοίως

2190 1966 2507 2037 γεγόνασιν,
2536 1964 2753 2034 ἀδελφοὶ
2787 1960 2926 2019 εἷναί
2973 1981 3061 2036 μοι
3107 1964 3273 2017 δοκεῖ.
3323 1964 3435 2017 Καὶ
3465 1964 3494 2016 6
3541 1963 3748 2035 Πέτροςο

2191 2049 2303 2129 Οὐχ
2344 2057 2546 2129 ὁμοίως
2581 2057 2899 2127 γεγόνασιν.
2947 2057 3105 2128 εἴπερ
3135 2057 3415 2129 μέμνησαι
3442 2048 3517 2111 ὧν
3542 2058 3598 2111 ὲν
3623 2057 3752 2126 ἀρχῇ

2190 2147 2369 2216 εἷπον,
2410 2153 2491 2205 ὅτι
2528 2148 2621 2205 τοῦ
2662 2149 2898 2224 πονηροῦ
2938 2152 2971 2221 ἡ
3012 2150 3345 2223 τετραγενὴς
3384 2149 3479 2204 τοῦ
3520 2148 3753 2220 σώματος

2190 2243 2345 2297 οὐσία
2398 2242 2901 2314 πεφυλοκρινημένη
2955 2241 3060 2295 ὑπὸ
3107 2240 3201 2295 τοῦ
3252 2242 3392 2296 Θεοῦ
3432 2241 3753 2315 προεϐλήθη,

2186 2330 2290 2395 ἔξω
2315 2332 2371 2384 δὲ
2398 2333 2559 2404 αὑτῆς
2593 2333 2731 2385 κατὰ
2752 2334 2848 2404 τὴν
2871 2332 2963 2385 τοῦ
2990 2332 3353 2404 προϐαλόντος
3376 2331 3568 2402 βουλὴν
3594 2329 3747 2399 ἐκρά-

2188 2425 2253 2497 θη
2289 2426 2309 2457 ⁸
2360 2426 2495 2496 πρὸς
2541 2425 2639 2497 τὴν
2683 2426 2940 2496 κρᾶσινὴ
2986 2428 3176 2489 κακοῖς
3207 2426 3477 2498 χαίρουσα
3506 2422 3747 2494 προαίρε-

2190 2538 2293 2585 σις.
2345 2519 2431 2582 Ὠς
2465 2523 2630 2585 νοεῖν,
2661 2519 2742 2572 ὃτι
2772 2518 2907 2571 Θεοῦ
2940 2518 3036 2589 μὲν
3061 2518 3250 2572 τέκνον
3283 2521 3319 2590 ἡ
3349 2516 3670 2590 τετραγενὴς
3696 2514 3751 2580 ἐξ

2188 2609 2352 2665 αὑτοῦ
2380 2610 2747 2682 προϐληθεῖσα
2771 2609 2931 2662 οὑσία
2954 2651 2969 2674 ,
2996 2609 3029 2679 ἢ
3060 2608 3153 2661 καὶ
3176 2610 3317 2681 αὑτὴ
3345 2609 3504 2663 οὑσία
3524 2607 3626 2662 ἀεί.
3664 2606 3754 2659 Διὰ

2186 2702 2238 2755 τί
2268 2703 2289 2734 ⁸
2315 2702 2373 2755 δὲ
2402 2701 2506 2767 ἔξω
2532 2702 2621 2755 ὑπ’
2648 2700 2811 2754 αὑτοῦ
2842 2700 3139 2773 κραθείσης
3162 2701 3359 2765 οὑσίως
3406 2704 3440 2773 ὴ
3494 2698 3751 2771 συμϐεϐη-

2188 2796 2316 2848 κυῖα
2346 2797 2535 2857 κακοῖς
2567 2792 2831 2864 χαίρουσα
2866 2793 3184 2864 προαίρεσις
3204 2793 3489 2863 ἐπεγίνετο
3516 2810 3531 2859 ;
3559 2792 3647 2846 καὶ
3668 2790 3750 2844 o6-

2187 2902 2295 2950 τως
2321 2884 2443 2939 οὔτε
2476 2885 2581 2939 ὑπὸ
2609 2885 2704 2939 τοῦ
2732 2884 2868 2938 Θεοῦ
2894 2885 3243 2957 γεγέννηται,
3293 2886 3425 2940 οὔτε
3457 2888 3544 2956 ὑφ’
3579 2885 3749 2957 ἑτέρου

2187 2977 2359 3040 τινὸς,
2390 2976 2502 3029 ἀλλ’
2531 2976 2659 3030 οὔτε
2692 2977 2713 3008 ⁸
2741 2977 2831 3030 ὑπ’
2872 2976 3035 3030 αὑτοῦ
3068 2978 3442 3051 προϐέϐληται
3462 3022 3476 3046 ,
3512 2977 3629 3031 οὔτε
3662 2978 3749 3031 αό-

2189 3070 2439 3141 τομάτως
2483 3069 2875 3142 προελήλυθεν,
2905 3070 3028 3123 οὔτε
3056 3071 3141 3124 ἀεὶ
3185 3067 3282 3143 ἦν,
3333 3073 3413 3137 ὡς
3457 3075 3489 3144 ή
3533 3071 3637 3143 πρὸ
3659 3071 3749 3140 τῆς

514 3181 641 3221 sum
682 3174 798 3230 est,
849 3180 1026 3233 neque
1070 3180 1286 3233 semper
1327 3161 1431 3217 fuit
1456 3201 1471 3226 ,
1512 3173 1571 3217 ut
1610 3171 1734 3217 ante
1773 3164 2082 3218 mistionem

2190 3162 2543 3234 συγκράσεως
2570 3161 2745 3227 οὐσία,
2775 3162 2911 3216 ἀλλὰ
2940 3162 3079 3217 κατὰ
3098 3163 3195 3236 τὴν
3223 3164 3317 3219 τοῦ
3355 3163 3489 3219 Θεοῦ
3518 3162 3749 3235 βούλησιν

516 3256 795 3318 essentia,
843 3254 937 3308 sed
984 3255 1211 3307 mistura
1262 3254 1562 3309 secundum
1613 3253 1703 3308 Dei
1749 3254 2083 3309 voluntatem

513 3353 674 3400 extra
701 3344 930 3399 exstitit.
964 3344 1097 3410 Qua:
1125 3344 1345 3413 quidem
1386 3343 1459 3399 ita
1502 3359 1621 3399 sese
1660 3344 1897 3401 habeant
1926 3361 2089 3415 opor-

517 3448 631 3494 tere
653 3480 668 3504 ,
700 3452 844 3507 sape
872 3437 1285 3491 aﬂirmavimus.
1320 3434 1428 3491 Sed
1458 3438 1602 3494 bono
1634 3454 1699 3493 ex
1732 3429 1942 3509 Optima
1992 3439 2087 3495 Dei

516 3531 944 3585 commutatione
975 3535 1132 3593 nato,
1162 3543 1262 3583 nec
1289 3537 1444 3583 extra
1488 3530 1776 3585 exsistenti
1801 3530 2085 3596 mistione,

517 3620 692 3676 lilium
722 3636 847 3676 esse
874 3620 1141 3691 contingit
1169 3622 1251 3689 ei,
1284 3622 1378 3693 qui
1425 3632 1528 3677 est.
1577 3620 1777 3678 Verum
1812 3623 1928 3678 hanc
1961 3639 2085 3677 cum

518 3712 725 3781 scripta
774 3728 883 3767 non
926 3713 1073 3779 sint,
1114 3715 1208 3769 sed
1252 3715 1468 3769 nonnisi
1515 3714 1845 3784 conjeCturis
1888 3716 2089 3770 conﬁr-

518 3816 692 3873 mata,
725 3807 871 3862 haud
896 3807 1054 3877 plane
1083 3824 1147 3862 ea
1180 3808 1250 3863 ita
1282 3822 1343 3863 se
1370 3808 1571 3863 habere
1597 3824 1628 3862 a
1657 3808 1814 3864 nobis
1840 3823 2089 3877 compro-

522 3901 699 3955 betur.
733 3892 877 3954 Nam'
902 3900 1037 3955 alias
1063 3917 1215 3956 mens
1240 3916 1465 3971 ea,quze
1488 3901 1604 3971 jam
1633 3902 1856 3955 omnino
1878 3916 2089 3971 praeoc-

518 3994 769 4065 cupavit.
802 3994 1121 4064 perquirere
1149 4003 1415 4050 cessaret.
1467 4000 1643 4064 Atque
1684 4005 1943 4066 praeterea
1972 4011 2088 4051 me-

518 4088 654 4143 mini
675 4128 690 4151 ,
726 4087 1040 4158 huiusmodi
1068 4104 1155 4144 res
1186 4104 1294 4144 non
1328 4091 1616 4156 omnibus,
1649 4091 1743 4146 sed
1772 4093 1902 4147 solis
1928 4108 2090 4163 expe-

522 4182 716 4236 rientia
748 4180 1156 4250 probatissimis
1188 4183 1322 4238 milii
1354 4199 1479 4240 esse
1512 4185 1850 4241 revelandas.
1900 4184 2089 4256 Neque

522 4273 642 4327 sine
689 4273 1004 4328 diﬂicultate
1056 4275 1122 4330 de
1172 4276 1241 4331 iis
1290 4286 1482 4330 mutuo
1526 4276 1729 4346 aliquid
1774 4276 2086 4346 allirmetis,

522 4379 700 4432 neque
726 4365 975 4419 audeatis
1005 4368 1364 4435 pronuntiare
1393 4382 1517 4422 cum
1550 4366 1872 4423 certitudine
1901 4368 2090 4424 ineﬂ‘a-

524 4453 716 4525 bilium
747 4455 1111 4523 cognitionem
1134 4496 1150 4520 ,
1184 4456 1279 4511 sed
1310 4456 1362 4510 in
1396 4457 1611 4513 silentio
1652 4465 1862 4513 tantum
1906 4474 2084 4513 rema-

2190 3252 2294 3319 ἔξω
2304 3256 2369 3325 τῇ
2394 3252 2764 3327 κράσει
2778 3255 3141 3327 συμϐέϐηκεν.
3158 3256 3268 3310 Καὶ
3289 3257 3380 3310 ὅτι
3402 3257 3608 3325 ἀνάγκη
3619 3252 3748 3307 τοῦθ’

2188 3346 2363 3410 οὕτως
2414 3345 2592 3416 ἔχειν,
2648 3345 2907 3409 πολλάκις
2968 3349 3288 3420 εἰρήκαμεν.
3370 3350 3427 3401 ὐ
3464 3348 3520 3401 δὲ
3564 3342 3748 3415 ἀγαθὸς

2190 3439 2255 3493 ἑκ
2301 3439 2401 3510 τῆς
2440 3437 2537 3491 τοῦ
2583 3437 2719 3491 Θεοῦ
2772 3438 3062 3510 καλλίστης
3113 3440 3321 3511 τροπῆς
3357 3438 3630 3511 γεννηθεὶς
3664 3437 3747 3489 καὶ

2188 3530 2289 3584 οὑκ
2318 3528 2421 3595 ἔξω
2442 3529 2637 3601 κράσει
2664 3528 3025 3600 συμϐεϐηκὼς
3047 3529 3125 3600 τῷ
3148 3530 3259 3583 ὄντι
3291 3532 3411 3595 υἱός
3434 3534 3594 3585 ἐστιν.
3617 3527 3747 3599 Πλὴν

2190 3622 2310 3675 ἐπεὶ
2350 3618 2539 3675 ταῦτα’
2563 3622 2785 3692 ἄγραφα
2812 3622 3067 3691 τυγχάνει
3097 3623 3191 3675 καὶ
3220 3626 3551 3695 ποχασμοῖς
3603 3636 3748 3673 πεπι-

2193 3716 2440 3787 στωμένα
2459 3755 2474 3779 ,
2503 3714 2576 3788 μὴ
2605 3716 2821 3779 πάντως
2842 3712 3022 3787 ή[μῐν]
3048 3715 3218 3780 οὕτως
3242 3716 3329 3786 ἔχε
3342 3736 3389 3770 ιν
3412 3712 3743 3789 βεϐαιούσθω.

2190 3808 2253 3860 Ei
2284 3808 2340 3860 δὲ
2374 3808 2446 3879 μή
2479 3824 2543 3876 γε
2563 3849 2576 3873 ,
2605 3808 2634 3861 6
2657 3807 2781 3870 νοῦς
2809 3807 2884 3870 ὡς
2899 3808 3113 3871 πάντως
3140 3808 3487 3881 προειληφὼς
3516 3806 3609 3880 [τὸ
3630 3804 3748 3874 άλη-

2194 3898 2310 3971 θῖὲς
2358 3899 2452 3953 τοῦ
2506 3900 2689 3970 ζητεῖν
2732 3902 2985 3955 παύεται.
3033 3902 3277 3956 Κάκεῖνά
3323 3920 3415 3974 μοι
3462 3897 3744 3974 μνημονεὺ-

2190 4008 2309 4044 εται
2336 3990 2378 4058 ⁸,
2408 3990 2489 4043 ὅτι
2524 3990 2594 4043 τὰ
2618 3992 2840 4045 τοιαῦτά
2866 3990 2959 4063 [με
2986 3990 3175 4063 πᾶσι1ν
3200 3992 3261 4045 οὑ
3286 3992 3369 4046 δεῖ
3396 3993 3596 4062 λέγειν,
3626 3985 3745 4042 ἀλλὰ

2190 4083 2302 4144 τοῖς
2333 4080 2470 4152 μετὰ
2500 4084 2691 4152 πεῖραν
2717 4082 3125 4153 δοκιμωτάτοις.
3152 4083 3226 4137 Οὑ
3257 4083 3313 4135 δὲ
3344 4085 3480 4157 πρὸς
3508 4079 3745 4152 ἀλλήλους

2194 4172 2392 4245 ῥᾳδίως
2435 4172 2809 4244 ἰσχυρίζεσθαι
2858 4172 2940 4226 δεῖ
2978 4173 3050 4227 τὰ
3087 4174 3351 4243 τοιαῦτα,
3401 4174 3518 4229 οὑδὲ
3558 4169 3745 4241 τολμᾷν

2190 4264 2433 4333 ὀφείλετε
2463 4264 2641 4332 λέγειν
2681 4265 2757 4329 ὼς
2786 4264 3138 4337 ἀκριϐοῦντες
3163 4267 3262 4338 τὴν
3288 4266 3399 4319 τῶν
3438 4262 3745 4336 ἀπορρήτων

2190 4354 2440 4428 εὕρεσιν,
2484 4355 2618 4409 ἀλλὰ
2659 4357 2978 4420 σιωπῶντας
3018 4358 3123 4430 χρὴ
3171 4358 3521 4429 ἐνθυμεῖσθαι
3568 4354 3742 4427 μόνον’

2192 4448 2250 4503 ὲν
2280 4448 2388 4519 γὰρ
2416 4447 2494 4519 τῷ
2514 4448 2692 4516 λέγειν
2722 4449 2851 4512 ἴσως
2889 4449 2987 4519 οὑχ
3018 4450 3094 4513 ὡς
3114 4450 3252 4521 ἔχων
3279 4451 3301 4481 "
3332 4454 3361 4505 6
3396 4448 3744 4521 φθεγξάμενος

524 4522 647 4600 nete
692 4547 1083 4617 eogitabundi;
1130 4564 1254 4602 nam
1316 4548 1456 4602 inter
1526 4547 1857 4619 loquendum
1905 4549 2086 4605 forsan

2194 4508 2609 4612 ἁμαρτήσεται,
2644 4541 2739 4594 καὶ
2765 4508 2921 4611 δίκην
2956 4508 3174 4611 ’ὑφέξεῖ
3194 4542 3271 4599 ὡς
3312 4508 3615 4609 τολμήσας,
3652 4533 3745 4589 κᾶν

525 4636 574 4693 is
596 4677 610 4702 ,
641 4637 733 4707 qui
767 4638 1030 4707 loquitur,
1062 4647 1249 4708 peccat
1279 4639 1516 4702 inscitia,
1547 4655 1875 4710 pmnamque
1903 4642 2089 4708 dabit,

525 4745 673 4793 eum,
703 4730 918 4784 etiamsi
954 4731 1020 4785 ad
1054 4731 1433 4801 semetipsum,
1464 4732 1900 4801 prouuntiaverit
1926 4734 2092 4789 silen-

526 4819 603 4874 tio
630 4819 956 4873 veneranda.

598 4932 688 4988 IX.
725 4934 857 5000 Quae
886 4949 1009 4988 cum
1044 4932 1238 4988 Petrus
1278 4932 1542 5000 dixisset,
1576 4934 1818 4991 Lazarus
1841 4978 1855 5004 ,
1900 4936 1996 5007 qui
2039 4947 2094 4991 et

527 5027 643 5097 ipse
670 5036 790 5081 erat
816 5043 960 5082 unus
990 5042 1052 5081 ex
1100 5027 1441 5082 comitibus:
1490 5026 1585 5083 Dic
1630 5029 1824 5093 nobis,
1874 5031 2092 5103 inquit,

527 5119 804 5188 quomodo
845 5120 959 5173 haec
1008 5121 1394 5176 consentiant:
1437 5122 1533 5192 qui
1576 5124 1773 5177 rationi
1802 5134 2092 5179 consenta-

529 5226 691 5265 neum
733 5224 855 5265 esse
900 5219 1117 5279 potest,
1164 5210 1367 5264 malum
1412 5211 1590 5280 ipsum
1633 5227 1662 5265 a
1704 5210 1813 5265 Deo
1838 5212 1989 5281 justo
2022 5212 2089 5267 ad

531 5300 728 5371 impios
787 5301 1140 5356 vindicandos
1168 5303 1525 5358 constitutum
1574 5314 1757 5373 postea
1803 5305 1943 5359 inter
1986 5322 2085 5359 an-

2194 4632 2332 4702 πρὸς
2361 4629 2549 4685 ἑαυτὸν
2574 4672 2589 4699 ,
2614 4629 2946 4700 φθέγξασθαι
2967 4631 3037 4685 τὰ
3062 4635 3188 4704 σιγῇ
3212 4648 3567 4704 τετιμημένα.

2265 4937 2332 4993 IX
2344 4935 2549 4994 ,Ταῦτα
2560 4937 2652 4991 τοῦ
2666 4937 2873 5009 Πέτρου
2886 4938 3150 5002 εἰπόντος,
3166 4939 3413 5011 Λάζαρος
3424 4956 3508 5003 τις
3522 4936 3623 4989 τῶν
3634 4933 3744 4987 ἁκο-

2192 5028 2397 5082 λοὺθων
2417 5028 2513 5082 καὶ
2533 5026 2695 5090 αὐτὸς
2708 5026 2809 5098 ἔφη
2832 5044 2845 5055 ·
2863 5027 2974 5097 Τὴν
2988 5027 3304 5097 συμφωνίαν
3327 5029 3457 5098 ἡμῖν
3477 5023 3611 5078 εἰπέ·
3636 5016 3741 5078 πῶς

2193 5118 2655 5186 δυνατὸν,εὑλογον
2669 5112 2922 5183 εἷναι,τὸν
2934 5118 3037 5172 ὑπὸ
3046 5118 3180 5171 Θεοῦ
3196 5118 3406 5172 δικαίου
3423 5110 3741 5171 καταστάντα

2194 5210 2433 5282 πονηρὸν
2447 5210 2586 5262 ὥστε
2606 5208 2715 5262 τῶν
2736 5208 3118 5281 ἀσεϐησάντων
3140 5205 3279 5263 εἶναι
3298 5211 3552 5282 τιμωρὸν,
3568 5201 3738 5259 τοῦτον

2196 5301 2355 5356 αὑτὸν
2406 5301 2628 5371 ὕστερον
2679 5300 2823 5370 μετὰ
2872 5302 2982 5355 τῶν
3016 5301 3185 5356 αὑτοῦ
3220 5302 3466 5372 ἀγγέλων
3500 5301 3593 5353 σὺν
3638 5292 3739 5351 τοῖς

1794 5542 2022 5600 νΑΒιλε
2062 5538 2442 5597 LECTIONES

604 5678 621 5711 ⁸
769 5680 802 5752 6_
831 5678 931 5752 μὲν
962 5680 1277 5752 προϐάλλων
1310 5680 1404 5734 καὶ
1454 5681 1533 5744 είς
1566 5680 1752 5752 ἑτέραν
1782 5682 1940 5736 πάλιν
1971 5680 2157 5733 οὐσίαν
2190 5677 2273 5748 ἐφ’
2308 5674 2495 5752 έαυτξν
2529 5675 2803 5744 τραπέντα
2821 5674 3053 5752 *δύναται
3226 5678 3246 5707 ¹
3281 5678 3393 5752 Cir.
3427 5691 3585 5752 supra
3612 5666 3730 5752 cf:

527 5740 681 5825 "and
716 5739 886 5825 dubie
912 5739 1330 5825 'alii'nlniomen‘
1360 5739 1729 5825 reponendum
1757 5763 1840 5808 est
1860 5751 2055 5825 exuillis
2096 5739 2409 5825 qum-babes
2448 5739 2594 5801 hom'.
2633 5761 2692 5811 ll,
2728 5762 2776 5801 c.
2818 5746 2859 5799 l.
2910 5745 2963 5825 -'
2989 5745 3252 5821 κραθείσῃ
3283 5751 3343 5802 Ο.
3422 5750 3444 5783 ⁸
3471 5739 3552 5811 vi;
3583 5760 3631 5815 p.
3657 5739 3733 5793 διὰ

528 5815 579 5869 τί
609 5819 667 5870 0.
745 5816 766 5850 ⁵
798 5814 922 5872 οὐδέ
936 5838 1012 5890 pr.
1050 5820 1171 5875 οῦτε
1195 5824 1254 5875 0.
1312 5821 1333 5853 ⁸
1353 5814 1712 5891 μνημονεύετε
1738 5826 1796 5876 0.

1872 5828 1894 5863 τ
1926 5822 2047 5891 ἔχον
2080 5822 2144 5873 0.
