4022 6336
271 337 376 396 457

1377 317 1832 388 CLEMENTINA.
1875 361 1943 371 -
1979 322 2254 385 norum
2295 327 2406 382 xx.

3427 329 3528 384 458

271 453 621 526 ἁμαρτωλοῖς
643 454 726 517 εἰς
755 452 817 506 τὸ
851 453 1042 518 σκότος
1068 451 1131 505 τὸ
1159 449 1464 523 κατιῦτερον
1494 447 1809 520 πέμπεσθαι
1834 463 1848 509 ;

1961 446 2102 516 gelos
2133 458 2266 500 suos
2308 459 2432 498 cum
2478 443 2863 512 peccatoribus
2913 445 2968 501 in
3014 445 3234 502 infimas
3277 447 3532 505 tenebras

269 547 363 600 καὶ
404 545 516 617 γὰρ
562 544 656 600 καὶ
683 543 856 597 ’τοῦτο
903 543 1191 614 μέμνημαι
1235 540 1516 612 εἰρηκότος
1561 536 1725 594 αὑτοῦ
1756 534 1852 590 τοῦ

258 637 612 690 Διδασκάλου.
635 637 747 690 Καὶ
771 637 799 688 6
824 635 1030 707 Πέτρος
1050 652 1063 664 ο
1103 634 1258 704 κάγὼ
1277 673 1292 698 ,
1312 633 1413 704 ἔφη
1436 675 1450 697 ,
1472 631 1718 704 ὁμολογῶ
1737 669 1751 693 ,
1773 631 1854 684 δτι

267 732 296 783 ό
323 730 564 801 πονηρὸς
593 728 833 800 πονηρὸν
860 717 1012 784 οὐδὲν
1044 729 1188 780 ποιεῖ
1216 725 1355 780 κατὰ
1383 725 1569 791 τοῦτο,
1601 719 1738 778 καθὸ
1762 725 1855 777 τὸν

266 822 493 876 δοθέντα
519 821 667 891 αὐτῷ
695 821 859 892 νόμον
883 819 1108 874 ἐκτελεῖ.
1133 819 1242 872 Καί
1267 835 1348 872 τοι
1379 818 1692 890 προαίρεσιν
1718 816 1856 887 έχων

267 915 448 987 κακὴν
473 954 487 976 ,
514 915 664 984 ὅμως
696 909 844 983 φόϐῳ
870 910 951 981 τῷ
990 909 1127 982 πρὸς
1162 911 1253 962 τὸν
1289 909 1424 962 Θεὸν
1464 908 1617 962 οὐδὲν
1655 908 1856 971 ἀδίκως

267 1007 544 1079 πράσσει·
575 1004 879 1058 διαϐάλλων
903 1003 959 1056 δὲ
982 1002 1336 1066 διδασκάλους
1357 1000 1620 1074 ἀληθείας
1661 1001 1742 1063 εἰς
1769 1000 1856 1053 ἐν·

269 1093 439 1169 έδραν
467 1097 575 1151 τῶν
602 1095 842 1167 ἀκρίτων
871 1095 964 1148 καὶ
997 1093 1240 1157 διάϐολος
1267 1093 1295 1145 6
1321 1093 1482 1158 αὐτὸς
1509 1090 1851 1164 ὀνομάζεται.

268 1191 344 1243 T6
383 1191 442 1244 δὲ
484 1189 580 1243 τὸν
619 1187 823 1260 ἀψευδῆ
870 1187 1188 1241 διδάσκαλον
1227 1186 1388 1258 405
1432 1186 1590 1258 ἡμῶν
1639 1187 1813 1239 εἰπεῖν
1838 1227 1853 1251 ,

268 1282 435 1335 αὐτόν
476 1299 536 1334 τε
575 1280 670 1334 καὶ
704 1279 833 1344 τοὺς
872 1279 1138 1348 ἀγγέλους
1171 1277 1334 1332 αὐτοῦ
1368 1281 1464 1333 σὺν
1497 1280 1610 1342 τοῖς
1648 1278 1858 1348 ἀπατη-

268 1373 442 1426 θεῖσιν
475 1371 829 1444 ἁμαρτωλοῖς
855 1371 936 1433 είς
970 1369 1031 1423 τὸ
1061 1370 1248 1433 σκότος
1269 1368 1329 1423 τὸ
1352 1369 1660 1441 κατώτερον
1690 1369 1854 1422 ἀπελ-

267 1454 380 1517 θεῖν
402 1507 416 1531 ,
439 1463 680 1518 τοιοῦτόν
702 1481 824 1517 τινα
853 1463 966 1534 ἔχει
989 1461 1166 1532 λόγον.
1200 1459 1258 1515 ὐ
1283 1460 1519 1533 πονηρὸς
1544 1462 1718 1533 σκότῳ
1738 1462 1858 1532 χαί-

270 1571 386 1626 ρειν
415 1554 562 1608 κατά
602 1554 699 1625 τὴν
733 1555 929 1624 κρᾶσιν
955 1553 978 1584 ⁸
1003 1558 1242 1621 γεγονὼς
1265 1591 1279 1614 ,
1319 1549 1456 1622 μετά
1489 1550 1596 1604 τῶν
1632 1544 1858 1621 ὁμοδού-

265 1644 374 1697 λων
399 1644 650 1713 ἀγγέλων
689 1645 769 1707 είς
808 1641 868 1695 τὸ
906 1641 1000 1694 τοῦ
1031 1640 1316 1712 Ταρτάρου
1357 1639 1547 1703 σκότος
1583 1638 1855 1693 κατελθὼν

270 1737 461 1806 ἣδεται
487 1752 500 1767 ·
537 1735 692 1804 φίλον
725 1734 835 1806 γὰρ
879 1733 1014 1805 πυρὶ
1049 1727 1110 1785 τὸ
1154 1732 1362 1795 σκότος.
1401 1732 1468 1783 Ai
1512 1730 1569 1782 δὲ
1599 1729 1720 1802 ¹τῶν
1752 1731 1829 1783 ιάν

271 1797 514 1900 θρώπων
545 1797 716 1899 ιᾷυχαὶ
737 1797 925 1896 ’φωτὸς
957 1797 1198 1895 καθαροῦ
1233 1823 1491 1891 σταγόνες
1527 1800 1683 1876 οῦσαι
1705 1861 1720 1884 ,
1753 1823 1858 1877 ὑπὸ
1890 1797 1930 1850 Β

269 1922 574 1994 ἀλλοφύλου
603 1919 772 1994 πυρὸς
802 1920 991 1982 οὐσίας
1025 1917 1422 1988 συμπινόμεναι
1453 1917 1546 1971 καὶ
1575 1917 1735 1987 φύσιν
1761 1915 1856 1970 τοῦ

267 2015 561 2068 ἀποθανεῖν
583 2015 683 2066 οὐκ
709 2013 927 2084 ἔχουσαι
944 2054 958 2078 ,
983 2011 1104 2065 κατ’
1124 2011 1280 2078 ἀξίαν
1301 2009 1635 2075 κολάζονται.
1659 2011 1723 2065 Ei
1752 2009 1808 2064 δὲ
1831 2013 1859 2064 6

267 2105 366 2176 τῆς
389 2105 592 2168 κακίας
610 2102 858 2175 ἡγεμὼν,
879 2101 1164 2174 ἄνθρωπος
1193 2102 1357 2166 ὢν,οὐ
1388 2102 1665 2172 πέμπεται
1694 2104 1774 2166 εἰς
1798 2102 1859 2155 τὸ

272 2194 464 2259 σκότος
495 2195 574 2258 ὡς
603 2195 676 2266 μὴ
697 2193 873 2265 τούτῳ
897 2193 1100 2266 χαίρων
1127 2234 1141 2258 ,
1171 2195 1291 2247 τότε
1319 2195 1380 2247 οὐ
1406 2193 1626 2247 δύναται
1651 2196 1672 2226 ⁹
1695 2193 1728 2268 ἡ
1756 2207 1855 2248 κα-

269 2292 388 2352 κοῖς
433 2289 604 2342 αὐτοῦ
650 2289 916 2361 χαίρουσα
964 2291 1160 2360 κρᾶσις
1221 2287 1724 2360 μετασυγκριθῆναι
1778 2289 1860 2353 είς

268 2380 478 2451 ἀγαθοῦ
513 2382 861 2454 προαίρεσιν.
892 2379 1004 2438 Καὶ
1033 2381 1206 2436 οὕτως
1241 2382 1442 2451 ἀγαθὸς
1475 2384 1716 2436 συνεῖναι
1747 2400 1862 2452 κρι-

270 2473 495 2546 θήσεται
522 2477 693 2551 ταύτῃ
725 2479 944 2550 μᾶλλον,
979 2482 1081 2544 ὅτι,
1111 2483 1301 2545 κακοῖς
1340 2479 1636 2552 χαίρουσαν
1666 2480 1857 2550 λελογ-

271 2567 386 2638 χὼς
425 2571 657 2640 κρᾶσιν,
707 2571 860 2644 αίτίᾳ
899 2572 994 2626 τοῦ
1031 2572 1167 2645 πρὸς
1197 2574 1286 2628 τὸν
1316 2573 1448 2628 Θεὸν
1494 2571 1660 2643 φόϐου
1701 2573 1856 2627 οὐδὲν

273 2659 433 2730 παρά
461 2656 521 2715 τὸ
545 2662 734 2717 δοκοῦν
762 2664 841 2736 τῷ
870 2665 963 2719 τοῦ
992 2665 1126 2719 Θεοῦ
1157 2667 1306 2737 νόμῳ
1351 2665 1696 2739 διεπράξατο.
1745 2666 1856 2720 Καὶ

278 2753 414 2824 μήτι
449 2771 509 2823 γε
544 2757 605 2810 τὸ
640 2758 740 2830 τὴν
769 2759 861 2812 τοῦ
891 2759 1191 2831 ἀρχιερέως
1234 2756 1443 2830 Ἀαρὼν
1479 2758 1671 2829 ῥάϐδον
1703 2759 1854 2828 γενέ-

275 2851 399 2906 σθαι
426 2849 550 2919 ὅφιν
580 2853 674 2906 καὶ
707 2851 869 2906 πάλιν
897 2850 1298 2922 ἀντιτραπῆναι
1329 2852 1409 2914 είς
1432 2850 1626 2922 ῥάϐδον
1649 2889 1664 2913 ,
1696 2850 1854 2905 τοῦτο

1970 535 2213 596 ιιιίιιὶμιῖ
2264 533 2514 604 Namque
2544 544 2598 590 et
2628 535 2731 589 hoc
2786 535 2963 604 ipsum
3017 535 3336 606 Magistrum
3383 551 3536 594 assc-

1966 628 2144 682 ruisse
2175 626 2418 682 memini.
2454 625 2592 680 Tum
2618 625 2816 681 Petrus
2847 645 2860 680 :
2899 627 2961 680 rt
2991 642 3120 696 ego,
3153 627 3360 696 inquit,
3390 627 3537 689 allii-e-

1967 735 2057 774 mo
2087 719 2292 773 malum
2340 718 2478 773 nihil
2548 719 2678 774 mali
2726 717 2907 774 facere
2945 759 2960 782 ,
3006 729 3278 788 quatenus
3321 719 3538 788 perﬁcit

1959 827 2082 882 quae
2112 813 2159 866 ei
2185 811 2342 881 jussa
2376 821 2523 866 sunt.
2567 811 2829 878 Quamvis
2858 812 2925 866 ad
2961 813 3105 866 mala
3151 812 3408 878 inclinet,
3451 812 3534 866 nio

1965 906 2268 960 hilominus
2312 904 2512 959 timore
2564 904 2657 958 Bci
2704 904 2840 959 nihil
2887 904 3015 957 mali
3061 903 3230 969 facit;
3271 905 3364 959 sed
3406 905 3536 973 quia

1959 999 2253 1069 magistros
2282 997 2531 1053 veritatis
2561 998 2628 1051 ad
2659 998 2914 1053 incautos
2940 996 3294 1066 decipiendos
3328 998 3536 1052 calum-

1959 1095 2166 1160 niatur,
2215 1103 2271 1148 et
2314 1093 2430 1162 ipse
2483 1092 2784 1162 appellatur
2830 1092 3102 1146 diabolus.
3155 1093 3308 1158 Quod
3354 1102 3536 1148 autem
3580 1073 3585 1078 ’

1959 1201 2124 1240 verax
2167 1194 2352 1242 noster
2395 1184 2653 1255 Magister
2695 1185 2868 1249 dixit,
2916 1185 3068 1239 illum
3109 1195 3272 1256 atque
3305 1188 3540 1256 angelos

1959 1292 2090 1332 suos
2121 1294 2244 1333 cum
2275 1277 2513 1332 seductis
2545 1279 2924 1347 peccatoribus
2953 1279 3007 1332 in
3040 1279 3255 1333 infimas
3285 1279 3538 1334 tenebras

1959 1371 2111 1425 abire
2135 1411 2149 1437 ,
2183 1371 2255 1424 ita
2292 1369 2707 1440 intelligendum
2740 1380 2845 1425 est.
2878 1370 3054 1427 Malus
3085 1373 3384 1428 secundum
3429 1374 3538 1427 mi-

1959 1461 2192 1516 stionem
2248 1461 2323 1515 ita
2377 1463 2634 1527 creatus,
2686 1473 2747 1516 ut
2797 1462 3036 1518 tenebris
3089 1465 3354 1533 gaudeat,
3409 1481 3535 1520 cum

1959 1553 2165 1624 angelis
2193 1554 2472 1609 conservis
2500 1554 2554 1608 in
2586 1552 2873 1609 Tartarum
2907 1557 3249 1612 descendens
3276 1558 3492 1613 laetatur
3518 1577 3534 1625 ;

1960 1661 2084 1700 nam
2120 1645 2228 1717 igni
2261 1656 2426 1717 graue
2456 1655 2585 1701 sunt
2606 1647 2860 1704 tenebrae.
2882 1646 2986 1703 Sed
3014 1649 3292 1704 hominum
3316 1652 3536 1718 animae,

1959 1752 2082 1806 qua:
2105 1737 2229 1807 puri
2259 1736 2483 1791 luminis
2511 1736 2669 1791 stilla:
2694 1745 2855 1802 sunt,
2881 1736 3024 1807 ignis
3049 1738 3271 1807 quidem
3300 1739 3538 1795 essentia

1965 1831 2112 1885 alius
2159 1830 2374 1900 generis
2421 1830 2734 1901 absorpta,
2783 1830 3060 1885 immunes
3100 1840 3285 1887 tamen
3329 1841 3539 1888 naturae

1964 1923 2274 1987 moriundi,
2319 1924 2620 1978 secundum
2664 1923 2810 1994 quod
2851 1933 3171 1980 meruerunt
3210 1927 3535 1996 puniuntur.

1965 2014 2023 2071 Si
2057 2024 2237 2069 autem
2271 2013 2490 2068 malitia:
2520 2012 2720 2078 dux,ut
2755 2013 2942 2080 homo,
2962 2027 3071 2067 non
3125 2013 3435 2068 mitteretur
3478 2013 3538 2068 in

1964 2108 2216 2164 tenebras
2237 2147 2251 2171 ,
2282 2122 2345 2162 ac
2374 2105 2418 2161 si
2449 2107 2530 2161 eis
2557 2121 2664 2160 non
2693 2106 2974 2176 gauderet,
3009 2106 3194 2162 mistio
3222 2106 3343 2176 ejus
3373 2107 3536 2188 malis

1965 2201 2208 2272 gaudens
2234 2200 2287 2254 in
2313 2199 2445 2256 boni
2477 2200 2771 2255 consilium
2802 2199 3044 2255 converti
3080 2215 3190 2254 non
3223 2210 3432 2270 posset.
3468 2199 3538 2256 Et

1956 2296 2030 2350 ita
2060 2294 2239 2349 bonus
2272 2293 2346 2348 ibi
2383 2293 2652 2348 interesse
2681 2307 2746 2347 eo
2778 2293 2957 2362 magis
2997 2291 3362 2362 judicahitur,
3409 2308 3537 2348 cum

1955 2386 2269 2442 mistionem
2312 2385 2474 2441 malis
2507 2385 2832 2455 gaudentem
2879 2395 3074 2441 nactus
3117 2379 3338 2456 propter
3373 2387 3537 2441 timo-

1957 2495 2071 2534 rem
2127 2478 2222 2533 Dei
2281 2477 2418 2532 nihil
2466 2485 2659 2533 contra
2706 2477 2826 2546 ejus
2881 2477 3052 2546 legem
3099 2479 3405 2546 perfecerit.
3457 2479 3555 2538 Ac.

1956 2589 2138 2628 nonne
2160 2571 2593 2628 commutatione
2617 2570 2784 2641 virgae
2811 2571 3013 2624 summi
3045 2573 3343 2627 sacerdotis
3364 2573 3540 2627 Aaro-

1956 2665 2042 2720 nis
2075 2665 2130 2719 in
2161 2671 2467 2733 serpentem
2501 2671 2555 2716 et
2582 2663 2896 2718 reversione
2922 2663 3041 2732 ejus
3069 2664 3123 2718 in
3152 2665 3358 2735 virgam
3391 2662 3540 2720 Scri-

1963 2767 2124 2828 ptura
2155 2755 2387 2826 mystice
2415 2754 2857 2826 praesignificavit
2888 2765 3138 2821 spectare
3168 2772 3291 2825 eam
3331 2758 3402 2814 ad
3449 2757 3538 2813 fu-

1959 2863 2138 2907 turam
2163 2848 2293 2903 mali
2320 2847 2694 2903 conversionis
2722 2848 3203 2906 commistionem?

274 2947 356 3009 εἰς
385 2945 486 3016 τὴν
548 2944 644 2997 τοῦ
700 2943 941 3015 πονηροῦ
975 2943 1206 3017 ὕστερον
1272 2943 1645 3015 γενησομένην
1685 2947 1787 3019 τῆς
1824 2947 2034 3017 τροπῆς
2081 2941 2523 3016 μετασύγκρασιν
2570 2941 2614 2974 ¹⁰
2659 2942 3079 3014 μυστηριωδῶςι
3114 2945 3148 3015 ὴ
3181 2945 3373 3020 Γραφὴ
3410 2949 3554 3008 ἔσο-ν

275 3035 443 3108 μένην
478 3036 853 3108 προεδήλωσεν
883 3052 899 3103 ;
1880 3055 1926 3115 C

336 3149 408 3204 Χ.
444 3151 601 3205 Μετά
626 3149 684 3204 δὲ
714 3149 806 3204 τὸν
831 3151 1079 3223 Λάζαρον
1119 3151 1314 3224 Ἰωσὴφ
1339 3191 1354 3216 ,
1383 3151 1442 3217 δς
1465 3155 1560 3208 καὶ
1583 3155 1744 3221 αὐτὸς
1787 3157 1869 3224 εἷς

272 3243 378 3296 τῶν
411 3242 742 3310 ἀκολούθων,
795 3242 925 3315 ἔφη·
969 3243 1174 3316 Ὀρθῶς
1207 3245 1386 3299 πάντα
1411 3245 1710 3321 εῖρ[ηκας],
1747 3252 1867 3306 Κά-

278 3335 368 3406 μοὶ
400 3333 563 3388 τοῦτο
590 3325 896 3405 βουλομένῳ
934 3333 1124 3405 μαθεῖν
1159 3334 1442 3406 παράσχου
1463 3353 1477 3366 ·
1513 3337 1602 3391 διά
1631 3340 1684 3393 τί
1731 3342 1866 3395 mia"

274 3427 382 3481 τῶν
423 3425 603 3481 αὐτῶν
633 3425 805 3493 λόγων
833 3424 1179 3497 [μεταδίδως]
1204 3442 1218 3491 ;
1246 3427 1294 3479 οἱ
1343 3427 1440 3497 μὲν
1475 3429 1780 3498 πείθονται,
1815 3435 1866 3486 οἱ

273 3518 329 3572 δὲ
360 3517 698 3572 ἀπειθοῦσιν.
734 3517 844 3570 Καὶ
869 3518 897 3569 6
928 3517 1154 3589 Πέτρος,
1204 3518 1278 3571 Οὐ
1309 3519 1417 3591 γάρ
1444 3520 1580 3574 εἰσιν
1610 3563 1625 3587 ,
1660 3521 1786 3595 ἔφη,
1815 3525 1865 3578 οἱ

273 3611 422 3681 λόγοι
456 3609 692 3681 ἐπῳδαὶ,
721 3609 807 3661 ἵνα
843 3609 1057 3673 πάντως
1085 3609 1250 3684 406
1280 3610 1518 3677 ἀκούσας
1539 3631 1623 3678 τις
1645 3618 1866 3671 πιστεύ-

276 3718 372 3776 σῃ.
409 3702 502 3773 Τῷ
547 3700 604 3754 δέ
634 3717 788 3764 τινας
822 3700 917 3772 μὲν
956 3700 1271 3768 πείθεσθαι,
1322 3703 1474 3768 τινὰς
1501 3704 1559 3758 δὲ
1583 3707 1692 3777 μὴ,
1740 3725 1865 3762 συν.

275 3794 413 3858 ετῶς
472 3794 749 3848 δείκνυται
789 3792 851 3846 τὸ
900 3791 1261 3858 αὐτεξούσιον.
1321 3781 1506 3848 Ταῦτα
1557 3797 1779 3852 εἰπόντα
1811 3801 1861 3854 οἱ

274 3885 476 3948 πάντες
500 3884 896 3956 εὐλογήσαμεν.

345 3977 435 4032 XI.
477 3977 588 4030 Kal
618 3977 683 4049 δὴ
723 3976 1001 4048 μέλλουσιν
1027 3978 1158 4049 ἡμῖν
1185 3977 1466 4033 ἑστιᾶσθαι
1493 3981 1884 4057 ὑπεισέδραμὲα

273 4072 355 4135 τις
384 4069 560 4138 λέγων
578 4085 592 4098 °
643 4068 888 4121 Ἀππίων
914 4069 943 4121 6
967 4068 1347 4142 πλειστονίκης
1380 4072 1476 4125 σὺν
1522 4074 1860 4132 Ἀννουϐίωνι

275 4158 407 4236 ἧκεν
459 4163 664 4236 ἀρτίως
706 4161 816 4215 ἀπὸ
873 4161 1218 4233 Ἀντιοχείας,
1254 4164 1348 4218 καὶ
1398 4164 1663 4232 ξενίζεται
1708 4170 1862 4242 παρά

276 4256 500 4328 Σίμωνι.
541 4255 598 4307 '0
621 4253 677 4307 δὲ
701 4254 882 4326 πατὴρ
910 4253 1145 4317 ἀκούσας
1171 4256 1265 4309 καὶ
1291 4258 1481 4329 χαρεὶς
1501 4257 1602 4331 ἔφη
1637 4261 1873 4333 Πέτρῳ⁹.

279 4346 344 4399 Εἴ
369 4364 461 4419 μοι
510 4346 845 4416 ἐπιτρέπεις,
893 4344 1192 4416 πορεύομαι
1223 4350 1683 4420 προσαγορεύσων
1731 4351 1859 4406 Ἀπ-

277 4442 456 4494 πίωνα
486 4440 581 4493 καὶ
635 4437 992 4493 Ἄννουϐίωνα
1034 4441 1098 4493 ὲκ
1148 4439 1372 4512 πρώτης
1424 4441 1640 4513 ἡλικίας
1672 4445 1859 4514 φίλους

279 4553 367 4604 μοι
400 4533 818 4603 γεγενημένους.
877 4531 1046 4603 Τυχὸν
1091 4531 1200 4606 γάρ
1259 4533 1620 4590 Ἀννουϐίωνα
1664 4536 1860 4602 πείσω,

277 4626 555 4696 Κλήμεντι
588 4623 931 4694 διαλεχθῆναι
965 4625 1092 4695 περὶ
1123 4625 1409 4692 γενέσεως.
1426 4626 1538 4680 Καὶ
1569 4629 1596 4681 6
1622 4617 1882 4700 Πέτρος,⁴

287 4718 598 4790 Ἐπιτρέπω
618 4761 632 4783 ,
660 4717 764 4788 ἔφη
781 4758 796 4784 ,
823 4718 917 4770 καὶ
943 4716 1146 4770 ἐπαινῶ
1173 4715 1242 4769 τὰ
1276 4717 1445 4786 φίλων
1463 4736 1524 4772 τε
1550 4718 1864 4793 πληροῦντα

278 4809 442 4881 μέρη.
477 4807 624 4878 Πλὴν
658 4807 826 4860 ἐννόει
855 4823 966 4877 μοι,
995 4805 1071 4869 ὡς
1093 4805 1233 4859 κατά
1268 4807 1525 4878 πρόνοιαν
1552 4808 1686 4862 Θεοῦ
1723 4825 1861 4862 παν-

275 4901 500 4972 ταχόθεν
537 4899 814 4972 συντρέχει
863 4899 932 4952 τὰ
972 4898 1108 4971 πρὸς
1127 4899 1226 4970 τὴν
1252 4899 1351 4971 σὴν
1388 4899 1757 4972 πληροφορίαν
1782 4902 1865 4954 ol-

276 4993 429 5047 κείαν
454 4991 820 5046 ἀποτελοῦντα
843 4992 943 5063 τὴν
969 4990 1253 5062 ἁρμονίαν.
1284 4989 1460 5043 Τοῦτο
1494 4991 1550 5044 δὲ
1593 4987 1746 5044 εἷπον
1775 4990 1864 5044 διά

276 5088 373 5157 τὴν
406 5084 787 5148 Ἀννουϐίωνος
812 5082 1098 5154 χρησίμως
1121 5099 1202 5134 σοι
1222 5081 1520 5152 γενομένην
1545 5081 1839 5152 ἐπιδημίαν
1856 5119 1870 5132 .

279 5177 388 5228 Καὶ
409 5177 436 5228 ό
461 5176 644 5246 πατήρ
660 5191 673 5203 ·
713 5172 951 5246 Ἀληθῶς
983 5172 1190 5243 συνορῶ
1209 5171 1368 5225 τοῦτο
1399 5170 1536 5241 ἔχον.
1561 5171 1670 5224 Καὶ
1693 5171 1863 5225 ταῦτα

281 5266 446 5321 εἰπὼν
490 5266 760 5338 ἐπορεύθη
804 5265 940 5337 πρὸς
965 5264 1188 5335 Σίμωνα
1215 5264 1278 5318 ¹¹.

348 5359 460 5413 ΧΠ.
516 5359 705 5430 Ἡμεῖς
718 5357 774 5410 δὲ
787 5358 837 5411 οἱ
860 5355 1105 5419 συνόντες
1127 5355 1205 5427 τῷ
1231 5355 1421 5426 Πέτρῳ
1435 5355 1500 5409 δι’
1521 5354 1648 5425 ὅλης
1665 5354 1856 5418 νυκτὸς

351 5488 378 5516 ι
410 5474 606 5530 Matth.
640 5490 767 5539 xxv,
792 5475 880 5528 41.
963 5469 968 5474 ’

2039 3139 2108 3195 X.
2150 3139 2282 3196 Post
2313 3140 2581 3198 Lazarum
2605 3139 2827 3212 Joseph,
2855 3151 2910 3198 et
2933 3144 3049 3213 ipse
3078 3162 3222 3203 unus
3249 3150 3535 3220 comitum,

1961 3233 2105 3292 dixit
2135 3252 2149 3288 :
2183 3231 2353 3288 Recte
2386 3233 2615 3288 omnino
2663 3233 2881 3289 locutus
2925 3251 3006 3292 es.
3045 3237 3111 3293 Et
3152 3239 3285 3294 mihi
3328 3241 3539 3300 discere

1963 3325 2207 3397 cupienti
2233 3324 2338 3383 hoc
2365 3324 2577 3394 explica
2604 3341 2620 3378 :
2647 3340 2744 3379 cur
2769 3326 2987 3381 eosdem
3029 3331 3288 3388 omnibus
3323 3350 3538 3394 senue-

1966 3429 2067 3471 ncs
2092 3417 2422 3487 impertiris,
2455 3431 2579 3472 cum
2612 3417 2734 3472 aliis
2757 3419 2975 3487 quidem
3000 3425 3414 3496 persuadeatur,
3441 3430 3538 3486 alii

1967 3512 2147 3565 autem
2175 3525 2286 3564 non
2313 3510 2572 3565 credant?
2593 3510 2661 3564 Et
2687 3509 2880 3566 Petrus
2905 3531 2916 3565 :
2952 3511 3245 3571 Sermones
3269 3559 3284 3584 ,
3323 3520 3500 3592 inquit
3518 3563 3535 3588 ,

1967 3599 2112 3656 haud
2149 3616 2283 3656 sane
2325 3601 2732 3658 incantamenta
2779 3613 2938 3671 sunt,
2972 3607 3172 3676 quibus
3197 3651 3211 3675 ,
3243 3612 3338 3680 qui
3361 3616 3536 3684 audit,

1964 3691 2192 3748 onmino
2213 3691 2404 3747 credat
2426 3707 2649 3748 necesse
2675 3701 2780 3748 est.
2812 3693 2969 3761 Quod
2997 3698 3122 3753 aliis
3152 3703 3537 3774 persuadetur,

1965 3780 2088 3840 aliis
2119 3797 2264 3850 non,
2298 3783 2645 3840 manifestam
2693 3785 2886 3854 probat
2934 3789 3146 3845 arbitrii
3204 3793 3532 3854 libertatem.

1962 3874 2088 3932 [iam
2115 3875 2335 3931 elocuto
2363 3891 2466 3932 nos
2492 3891 2686 3933 omnes
2712 3878 3111 3938 benediximus.

2029 3963 2122 4022 XI.
2152 3967 2372 4024 Etcum
2414 3983 2517 4025 nos
2543 3970 2609 4024 ad
2643 3971 2913 4026 edendum
2945 3989 3375 4044 praapararemus
3395 4020 3409 4044 ,
3446 3981 3535 4034 in-

1960 4074 2181 4130 gressus
2200 4068 2283 4116 est
2297 4061 2520 4132 quidam
2543 4061 2801 4120 nuntians
2819 4082 2832 4118 :
2853 4065 3062 4134 Appion
3079 4067 3394 4137 plistoniees
3407 4087 3532 4126 cum

1955 4151 2281 4209 Annubione
2309 4167 2484 4223 nuper
2525 4151 2815 4206 Antiochia
2843 4152 3012 4213 venit.
3050 4157 3358 4222 hospesque
3383 4165 3538 4207 rece-

1955 4252 2081 4316 ptus
2105 4253 2190 4300 eSt
2211 4261 2241 4300 a
2269 4244 2510 4300 Simone.
2540 4242 2750 4310 Quibus
2790 4243 2991 4298 auditis
3024 4252 3176 4312 pater
3198 4242 3418 4312 gavisus
3443 4239 3540 4297 Pe-

1956 4347 2042 4392 tro
2063 4337 2229 4392 dixit:
2258 4335 2314 4392 Si
2339 4337 2474 4391 mihi
2495 4337 2784 4406 permittis.
2809 4336 2898 4392 ibo
2919 4337 3211 4392 salutatum
3235 4335 3537 4405 Appionem

1957 4429 2428 4493 etAnnubionem,
2443 4429 2644 4500 quippe
2656 4430 2748 4500 qui
2767 4445 2797 4484 a
2817 4429 2988 4499 prima
3003 4436 3162 4484 actate
3181 4428 3384 4485 fuerint
3400 4429 3536 4484 mihi

1961 4522 2143 4577 amici.
2169 4520 2426 4577 Fertasse
2461 4521 2624 4576 etiam
2666 4521 2979 4576 Annubioni
3005 4522 3363 4591 persuadebo,
3387 4533 3448 4577 ut
3469 4523 3539 4579 de

1959 4615 2146 4686 genesi
2170 4630 2294 4671 cum
2317 4614 2595 4671 Clemente
2615 4615 2870 4685 disputet.
2905 4613 2970 4669 Et
2998 4613 3226 4671 Petrus:
3251 4613 3536 4684 Permitto,

1961 4708 2168 4778 inquit,
2211 4716 2266 4763 et
2304 4707 2487 4774 laudo,
2529 4708 2690 4764 amici
2736 4707 2910 4764 otiicio
2937 4718 2990 4763 te
3020 4709 3156 4764 velle
3199 4710 3560 4766 satisfacere.’

1964 4800 2350 4858 Verumtamen
2373 4811 2588 4873 reputa,
2609 4803 2887 4875 quomodo
2907 4819 2970 4858 ex
2992 4802 3084 4858 Dei
3110 4805 3448 4875 providentia
3472 4806 3540 4861 ad

1966 4897 2182 4966 plenam
2215 4897 2624 4966 persuasionem
2649 4905 2797 4950 tuam
2817 4898 3130 4955 harmonice
3152 4903 3535 4971 perficiendam

1967 4991 2150 5044 omnia
2181 4990 2424 5060 undique
2459 4997 2808 5044 concurrant.
2846 4989 2960 5046 Hoc
2989 5001 3170 5047 autem
3211 4994 3370 5061 dico,
3403 4999 3533 5068 quia

1972 5081 2321 5136 Annubionis
2353 5081 2617 5136 adventus
2650 5081 2745 5135 tibi
2773 5083 3012 5152 expedit.
3064 5083 3128 5138 Et
3171 5095 3325 5156 pater
3352 5106 3366 5142 :
3399 5086 3532 5143 Rem

1967 5173 2041 5228 ita
2077 5189 2198 5230 sese
2220 5175 2420 5230 habere
2443 5185 2498 5231 et
2521 5190 2630 5247 ego
2654 5173 2896 5245 profecto
2911 5176 3086 5233 video.
3104 5176 3314 5244 Quibus
3347 5179 3531 5249 dictis,

1967 5267 2033 5322 ad
2065 5265 2344 5322 Simonem
2372 5265 2648 5337 profectus
2671 5280 2774 5325 est.

2039 5359 2154 5414 Xll.
2191 5359 2303 5416 Nos
2325 5371 2530 5427 autem,
2558 5363 2652 5432 qui
2682 5377 2807 5419 cum
2827 5360 2989 5418 Petro
3005 5377 3246 5428 eramus.
3273 5363 3535 5422 continuo

1545 5587 1778 5643 VARIAE
1820 5585 2218 5642 LECTIONES.

349 5685 370 5714 '
399 5684 698 5762 χαίρουσαν
728 5680 1051 5762 τῂνικρᾶσιν
1086 5696 1154 5762 ριν
1175 5681 1387 5752 χαίρειν
1419 5682 1701 5762 manu?!
1756 5683 1948 5762 κρᾷσιν
1974 5681 2031 5732 0.

281 5750 586 5807 tamam.
658 5752 700 5782 ¹⁰
729 5750 909 5804 Malim
948 5750 1388 5821 μετασύγκρισιν.

564 5847 840 5906 ΡΑτιιυι..
893 5845 1013 5904 Gn.
1062 5846 1137 5904 Ii.

2143 5680 2162 5753 Ρ
2195 5679 2418 5753 χαίρων.
2475 5680 2548 5734 T6
2583 5681 2668 5740 δὲ.
2727 5682 2946 5737 δύναται
2979 5696 3032 5751 p.
3068 5680 3294 5753 χαίρων,
3319 5688 3442 5738 τότε
3475 5683 3534 5740 ἳῦ

1470 5753 1510 5783 ¹¹
1551 5753 1630 5805 Ad
1659 5747 2008 5805 linubiducm.
2038 5747 2159 5805 Ruf.
2196 5747 2418 5821 Rec'ogn.
2449 5767 2503 5813 κ,
2542 5753 2631 5807 52.

3225 5847 3299 5906 15
