4022 6336
495 289 603 345 459

1384 284 1440 340 S.
1480 283 1869 340 CLEMENTIS
1909 284 1929 339 1
1968 283 2133 339 ROM.
2174 283 2374 339 PONT.
2411 283 2638 339 OPERA
2674 283 2903 340 DUBIA.

3617 294 3710 352 48‘)

497 405 886 475 tnterrogando
914 403 984 457 ob
1012 403 1345 472 voluptatem
1392 413 1558 473 atque
1609 404 1929 457 suavitatem
1974 402 2061 456 di-

2178 402 2489 474 ἐπαλλήλως
2504 402 2894 475 πυνθανόμενοι
2911 406 3017 459 ὑπό
3030 423 3089 459 τε
3114 405 3306 477 ἡδονῆς
3331 410 3421 462 καὶ
3439 415 3598 482 χαρᾶς
3617 416 3714 469 τῶν

495 511 707 553 etorum
740 507 909 552 totam
931 506 1143 551 noctem
1170 498 1358 567 vigiles
1388 500 1815 566 permansimus.
1842 496 1908 550 Et
1931 512 2058 550 cum

490 593 601 659 jam
647 598 1059 654 aurorcsceret,
1096 588 1287 645 Petrus
1332 606 1418 644 me
1463 606 1526 645 ac
1577 590 1773 643 fratres
1802 604 1953 642 meos
1983 589 2067 642 itt-

496 695 674 749 tuens,
709 682 882 736 dixit:
912 679 1141 742 lleesito,
1172 681 1301 747 quid
1342 682 1480 752 putri
1523 690 1707 735 vestro
1749 681 1926 734 visum
1974 680 2063 734 sit.

498 774 611 829 Hoc
663 773 827 828 Petro
886 772 1088 827 dicenti
1139 782 1294 842 pater
1361 773 1694 836 intervenit,
1759 772 2068 841 reperitque

496 881 619 919 eum
652 865 812 920 nobis
842 863 908 918 de
932 878 991 917 se
1020 864 1352 933 loquentem.
1387 863 1557 930 Quem
1590 879 1713 918 cum
1746 872 2064 919 manentem

500 958 726 1023 videret,
760 966 880 1025 post
902 957 1284 1011 salutationem
1311 957 1377 1010 ad
1408 972 1466 1012 se
1490 958 1667 1026 ipsum
1695 955 2065 1010 excusandum

493 1048 767 1120 crposuit,
809 1063 974 1118 quam
1027 1048 1098 1102 ob
1143 1063 1367 1102 causam
1406 1045 1542 1102 foris
1592 1046 1909 1101 dormisset.
1957 1042 2068 1099 Nos

491 1158 621 1196 vero
653 1156 776 1196 eum
815 1140 1091 1194 intuentes
1115 1140 1455 1209 expavimus,
1492 1138 1697 1192 vultum
1730 1137 1949 1206 quidem
1982 1135 2068 1190 Si-

492 1233 671 1287 monis
700 1232 963 1295 videntes,
982 1246 1169 1285 vocem
1186 1243 1368 1285 autem
1384 1229 1565 1284 Fausti
1589 1230 1757 1298 patris
1786 1228 1955 1283 nostri
1970 1243 2066 1281 au-

489 1326 717 1379 dientes.
758 1323 958 1377 Etcum
992 1337 1109 1378 eum
1138 1321 1446 1391 fugeremus
1464 1330 1626 1391 atque
1654 1321 2067 1375 exhorrescere-

492 1433 638 1482 mus,
671 1417 955 1487 obstupuit
992 1427 1167 1486 pater,
1194 1414 1341 1484 quod
1374 1423 1482 1469 tam
1508 1420 1727 1468 austere
1755 1428 1817 1467 ac
1849 1412 2066 1466 inimice

490 1526 615 1563 cum
662 1525 728 1564 co
777 1522 1083 1580 ageremus.
1144 1505 1307 1560 Solus
1354 1514 1536 1560 autem
1588 1504 1778 1558 Petrus
1832 1502 2061 1556 formam

490 1599 611 1669 ejus
642 1601 945 1654 naturalem
973 1597 1106 1651 vidit
1131 1596 1401 1664 nobisque
1423 1593 1562 1647 dixit
1590 1609 1606 1647 :
1639 1592 1748 1647 Cur
1776 1607 2067 1647 exsecran-

491 1700 571 1744 tes
600 1689 845 1759 refugitis
891 1704 919 1741 a
952 1696 1103 1757 patre
1148 1686 1367 1740 vestro?
1395 1683 1495 1737 Cui
1530 1698 1630 1737 nos
1665 1698 1773 1736 una
1801 1698 1923 1736 cum
1951 1696 2065 1734 ma-

2170 494 2474 567 λεγομένων
2516 497 2777 567 νήφοντες
2823 498 3306 568 ἐνυκτερεύσαμεν.
3352 499 3483 571 Ἤδη
3515 502 3569 554 δέ
3609 522 3712 568 πως

2165 588 2363 651 νυκτὸς
2388 588 2864 661 ὑπαυγαζομένης,
2888 590 3093 662 Πέτρος
3119 590 3387 661 ἐμϐλέψας
3406 593 3520 663 ἐμοί
3548 611 3602 646 τε
3632 598 3716 649 καὶ

2167 680 2279 741 τοῖς
2302 679 2547 748 ἀδελφοῖς
2571 698 2693 750 μου,
2719 680 2819 751 ἔφη
2836 697 2849 709 ·
2872 681 3147 753 Διαπορῶ,
3167 682 3218 734 τί
3238 681 3380 745 ἔδοξε
3395 682 3468 752 τῷ
3492 683 3718 757 ὑμετέρῳ

2173 768 2356 840 πατρί.
2385 770 2497 824 Kal
2522 770 2771 838 λέγοντος
2800 769 2957 823 τοῦτο
2982 766 3116 842 ἧκεν
3139 773 3167 825 ὁ
3194 772 3375 843 πατήρ
3398 773 3575 826 αὐτόθι
3594 813 3609 837 ,
3636 775 3719 828 τὸν

2170 862 2378 931 Πέτρον
2396 861 2525 931 ἡμῖν
2546 862 2674 933 περὶ
2690 862 2852 916 αὐτοῦ
2875 862 3252 933 διαλεγόμενον
3279 863 3608 917 καταλαϐών·
3634 867 3720 920 καὶ

2169 952 2481 1023 ἀθυμοῦντα
2518 952 2639 1007 ἰδὼν
2667 954 3109 1026 προσαγορεύσας
3136 955 3507 1027 ἀπελογήσατο
3524 996 3538 1018 ,
3562 956 3620 1009 δι’
3660 957 3723 1027 ήν

2170 1045 2346 1099 αἰτίαν
2378 1044 2480 1111 ἔξω
2514 1045 2855 1118 κεκοίμηται.
2905 1048 3093 1117 Ἡμεῖς
3123 1047 3178 1099 δὲ
3211 1047 3564 1118 ἐμϐλέποντες
3589 1049 3726 1119 αὐτῷ

2168 1137 2575 1208 ἐξεστήκειμεν,
2595 1137 2655 1190 τὺ
2675 1133 2812 1200 εἶδος
2830 1138 3073 1209 Σίμωνος
3090 1138 3344 1209 ὁρῶντες,
3367 1139 3611 1210 φωνῆςδέ
3638 1140 3727 1193 τοῦ

2173 1231 2379 1302 πατρὸς
2401 1233 2433 1301 ἡ
2442 1231 2557 1301 μῶν
2583 1231 2871 1294 ἀκούοντες
2887 1231 3150 1285 Φαύστου.
3186 1233 3294 1285 Kal
3314 1232 3473 1304 M7
3502 1232 3562 1304 δὴ
3606 1250 3726 1301 φευ-

2166 1322 2369 1390 γόντων
2396 1324 2427 1392 ἡ
2436 1321 2550 1391 μῶν
2590 1322 2751 1374 αὑτὸν
2770 1323 2811 1352 ¹¹
2830 1322 2925 1375 καὶ
2960 1323 3296 1390 στυγούντων
3330 1322 3729 1393 ἐξεπέπληκτοὸ

2167 1414 2350 1485 πατὴρ
2368 1416 2461 1468 ἐπὶ
2474 1413 2550 1484 τῷ
2565 1412 2738 1477 οὓτως
2753 1415 2974 1485 ἀπηνῶς
2992 1416 3087 1468 καὶ
3101 1415 3312 1486 ἐχθρῶς
3330 1416 3475 1485 αὐτῷ
3490 1415 3726 1486 χρῆσθαι.

2168 1506 2345 1570 Μόνος
2366 1507 2422 1559 δέ
2443 1508 2650 1579 Πέτρος
2684 1508 2785 1579 τὴν
2813 1506 2953 1561 κατὰ
2977 1508 3137 1577 φύσιν
3158 1507 3322 1562 αὐτοῦ
3358 1507 3499 1579 ὁρῶν
3534 1509 3733 1579 μορφὴν

2168 1596 2303 1666 πρὸς
2329 1598 2479 1667 ἡμᾶς
2504 1595 2629 1669 ἔφη·
2652 1596 2808 1660 Τίνος
2825 1597 2986 1650 ἕνεκα
3004 1597 3417 1669 βδελυσσόμενοι
3435 1597 3728 1650 ἀπωθεῖσθε

2167 1688 2256 1741 τὸν
2278 1688 2540 1760 ὑμέτερον
2560 1688 2799 1760 πατέρα;
2831 1690 3019 1759 Ἡμεῖς
3044 1690 3100 1743 δὲ
3132 1691 3225 1743 καὶ
3246 1693 3280 1762 ή
3310 1692 3487 1763 μήτηρ
3504 1690 3699 1760 ἔφαμεν
3716 1703 3730 1718 ’

490 1791 571 1836 tre
616 1780 1039 1850 respondimus:
1074 1777 1261 1832 Simon
1307 1777 1407 1831 iste
1451 1774 1608 1831 nobis
1655 1790 1774 1829 esse
1828 1775 2063 1838 videtur,

2168 1745 2348 1850 2:pr
2373 1745 2503 1851 ἡμῖν
2525 1776 2681 1844 οὗτος
2702 1745 2949 1850 φαίνεται
2980 1745 3163 1855 φωνὴν
3191 1745 3332 1853 ἔχων
3359 1745 3734 1853 τοῦιήμετέρου

450 1916 466 1939 ,
491 1886 679 1927 vocem
706 1872 912 1925 habens
940 1869 1110 1937 patris
1135 1868 1328 1922 nostri.
1359 1866 1425 1921 Et
1453 1865 1646 1921 Petrus
1677 1866 1813 1920 dixit
1847 1884 1859 1918 :
1899 1864 2065 1920 Vobis

485 1965 704 2035 quidem
739 1979 843 2017 vox
867 1962 988 2032 ejus
1014 1961 1305 2031 praastigiis
1339 1975 1448 2014 non
1478 1968 1685 2013 mutata
1718 1959 1829 2011 sola
1864 1974 2066 2029 cogno-

487 2056 685 2122 scitur;
705 2070 890 2110 verum
915 2055 1090 2110 oculis
1120 2054 1256 2109 meis
1282 2068 1390 2106 non
1416 2051 1699 2107 fascinatis
1727 2053 1910 2106 vultus
1927 2067 2065 2121 quo-

486 2166 613 2221 que,
644 2149 825 2220 qualis
867 2157 973 2213 est,
1024 2154 1288 2217 apparet,
1319 2160 1427 2199 non
1458 2144 1725 2207 Simonis,
1751 2143 1845 2199 sed
1877 2142 2063 2198 Fausti

487 2242 658 2311 patris
687 2239 873 2297 vestri.
908 2238 1047 2294 Tum
1075 2240 1188 2309 jam
1218 2246 1425 2308 patrem
1454 2237 1867 2307 respexiteique
1891 2236 2058 2292 dixit:

488 2333 714 2403 Propria
746 2331 917 2387 facies
952 2332 1059 2386 illis
1091 2331 1146 2385 in
1196 2341 1248 2385 te
1279 2345 1387 2385 non
1423 2339 1668 2400 apparet,
1699 2329 1792 2385 sed
1822 2328 2062 2385 Simonis

487 2424 883 2495 protervissimi
918 2423 1190 2493 nobisque
1218 2422 1608 2477 inimicissimi.

555 2536 694 2591 Xlll.
730 2536 855 2593 Hmc
882 2536 1043 2591 Petro
1070 2536 1325 2606 loquente
1362 2535 1585 2589 advenit
1623 2533 1853 2604 quidam
1878 2532 2059 2599 exiis,

484 2628 578 2699 qui
602 2628 946 2683 Antiochiam
973 2628 1238 2698 praemissi
1262 2627 1500 2693 fuerant,
1529 2626 1687 2696 eique
1707 2625 1844 2680 dixit
1868 2644 1880 2678 :
1908 2624 2059 2679 Scire

485 2731 539 2776 te
568 2720 693 2775 volo
717 2760 731 2787 ,
765 2721 841 2775 mi
872 2719 1115 2786 domine,
1150 2719 1430 2774 Simonem
1456 2760 1472 2784 ,
1501 2717 1806 2771 Antiochiae
1844 2716 2059 2786 publice

487 2813 655 2867 multa
682 2811 928 2883 prodigia
970 2811 1215 2865 edentem
1244 2850 1259 2874 ,
1311 2824 1530 2879 magum
1587 2817 1641 2863 te
1684 2808 1959 2878 appellare
1994 2823 2058 2863 ac

486 2904 975 2974 praestigiatorem,
1026 2900 1343 2970 incolasque
1400 2899 1469 2955 ad
1519 2910 1733 2955 tantum
1783 2902 2057 2958 excitasse

485 2995 707 3060 odium,
743 3004 801 3048 ut
848 2994 1028 3064 quivis
1084 2991 1353 3049 desiderio
1392 2994 1610 3049 anhelet
1661 2995 1747 3048 vel
1796 2995 2055 3049 carnibus

2167 1870 2388 1941 πατρός.
2440 1871 2550 1925 Kal
2580 1873 2608 1925 ό
2639 1872 2847 1943 Πέτρος
2876 1872 3007 1943 ἔφη·
3055 1873 3212 1943 Ὑμῖν
3250 1875 3351 1944 μὲν
3380 1875 3412 1944 ή
3443 1872 3735 1943 ἀμάγευτος

2166 1959 2329 2013 αὐτοῦ
2355 1961 2507 2033 φωνὴ
2548 1962 2680 2034 μόνη
2707 1960 2982 2034 γνώριμός
3011 1965 3177 2026 ἐστιν,
3214 1963 3353 2033 ἐμοῦ
3380 1962 3438 2016 δὲ
3466 1965 3577 2025 τοῖς
3598 1963 3735 2031 ἁμα-

2165 2040 2378 2123 γέύτοις
2403 2054 2699 2125 ὀφθαλμοῖς
2724 2056 2817 2109 καὶ
2843 2055 2907 2109 τὸ
2920 2052 3057 2119 εἶδος
3084 2055 3249 2108 αὐτοῦ
3276 2057 3352 2119 ὡς
3374 2055 3516 2108 ἔστιν
3532 2054 3734 2125 ὁρατὸν,

2164 2148 2243 2200 ὅτι
2271 2148 2343 2217 μή
2371 2148 2487 2199 ἐστι
2520 2146 2733 2217 Σίμων,
2762 2146 2898 2200 ἀλλὰ
2927 2145 3168 2208 Φαῦστος
3192 2149 3220 2199 ό
3252 2148 3522 2218 ὑμέτερος
3542 2144 3733 2215 πατήρ.

2164 2239 2297 2292 Τότε
2348 2239 2411 2311 δὴ
2461 2238 2879 2311 προσεμωέψας
2918 2240 3013 2293 καὶ
3048 2238 3127 2308 τῷ
3160 2240 3335 2310 πατρὶ
3368 2238 3501 2309 ἔφη·
3536 2235 3736 2309 [Ἵδιβν

2164 2348 2257 2384 σου
2291 2327 2429 2395 εἶδος
2470 2331 2654 2395 αὐτοῖς
2683 2332 2745 2384 ού
2776 2330 3047 2400 φαίνεται,
3075 2330 3211 2385 ἀλλὰ
3237 2331 3487 2403 Σίμωνος
3510 2327 3602 2383 τοῦ
3628 2329 3739 2382 ἀσε-

2162 2424 2425 2478 ϐεστάτου
2452 2424 2548 2477 καὶ
2574 2426 2704 2495 ήμῖν
2728 2420 3045 2495 [ἐχθίστου].

2230 2536 2368 2590 ΧΙΙΙ.
2412 2535 2597 2590 Ταῦτα
2624 2535 2718 2589 τοῦ
2754 2535 2959 2607 Πέτρου
2987 2535 3375 2606 διαλεγομένου
3405 2532 3642 2603 ἐπεισῄει
3662 2545 3741 2593 τις

2159 2629 2266 2682 τῶν
2297 2628 2537 2700 προόδων
2561 2627 2669 2681 άπὸ
2701 2628 2801 2698 τῆς
2843 2628 3172 2697 ’Δντιοχείας
3204 2621 3627 2698 [ύποστραφεὶς]
3665 2618 3741 2673 λέ-

2134 2736 2270 2797 γων
2303 2712 2523 2791 Πέτρῳ·
2558 2719 2769 2772 Εἰδέναι
2812 2736 2871 2772 σε
2908 2718 3080 2781 θέλω,
3110 2718 3270 2790 κύριέ
3304 2736 3429 2789 μου,
3464 2718 3545 2770 ὅτι
3567 2715 3740 2785 Σίμων

2158 2814 2217 2865 ἐν
2234 2816 2302 2884 τῇ
2337 2813 2632 2883 Ἀντιοχείᾳ
2653 2812 2716 2883 δη
2727 2812 2888 2883 μοσίᾳ
2911 2810 3083 2864 πολλὰ
3100 2812 3367 2882 τεράστια
3384 2810 3551 2864 ποιῶν
3577 2808 3743 2880 μάγον

2159 2920 2218 2955 σε
2240 2904 2281 2933 ¹³
2298 2902 2575 2972 ὀνομάζων
2592 2902 2686 2954 καὶ
2705 2900 2876 2972 γόητα
2895 2900 3139 2972 καὶπρὸς
3158 2900 3419 2953 τοσοῦτον
3447 2899 3641 2961 αὐτοὺς
3667 2899 3744 2969 μῖ-

2159 3012 2249 3058 σος
2262 2994 2693 3068 παρεσκεύασεν,
2706 2994 2780 3057 ὡς
2790 2993 3069 3064 γλίχεσθαι
3087 2992 3268 3047 πάντα
3284 2993 3386 3048 ave
3396 3008 3575 3064 ρωπον
3588 2990 3689 3044 τῶν
3702 2989 3743 3020 ’⁵

486 3089 594 3142 tuis
616 3086 889 3141 vescendi.
926 3084 1268 3154 Quapropter
1314 3100 1413 3139 nos
1438 3125 1455 3151 ,
1485 3085 1750 3154 przemissi
1787 3102 1910 3142 cum
1942 3086 2054 3141 fra-
2082 3080 2093 3131 i

2166 3087 2274 3141 ἐκεῖ
2318 3086 2767 3159 ἐπιδημησάντων
2831 3086 3047 3157 σαρκῶν
3093 3084 3297 3139 αὐτῶν
3340 3080 3742 3153 ἀπογεύσασθαι

487 3177 662 3231 tribus
690 3176 893 3230 nostris
926 3175 1134 3229 Simoni
1158 3191 1188 3230 a
1216 3184 1266 3229 te
1298 3174 1589 3245 adjunctis,
1631 3192 1754 3232 cum
1778 3178 2052 3233 civitatem

2158 3196 2271 3233 σου.
2291 3178 2451 3233 Ὅθεν
2470 3181 2631 3250 ἡμεῖς
2643 3178 2692 3230 οῖ
2708 3176 2923 3247 πρόοδοι
2945 3175 3205 3248 μετὰτῶν
3226 3174 3340 3230 ὑπὸ
3364 3174 3460 3229 σοῦ
3477 3175 3553 3245 τῷ
3580 3173 3743 3242 Σίμω-

483 3269 833 3323 vehementer
856 3276 1045 3328 contra
1065 3276 1113 3321 te
1137 3275 1465 3322 commotam
1488 3268 1818 3335 videremus,
1842 3271 2054 3325 occulte

2166 3289 2204 3325 ιιι
2234 3270 2686 3341 ὑποϐεϐλημένων
2703 3268 2945 3338 ἀδελφῶν
2964 3267 3140 3339 ἡμῶν,
3161 3267 3301 3323 πολὺ
3328 3266 3475 3322 κατὰ
3503 3266 3594 3319 σοῦ
3622 3261 3744 3335 βρύ-

484 3358 845 3415 convenimus
864 3400 879 3423 ,
917 3357 1048 3427 quid
1076 3358 1188 3412 lieri
1217 3368 1494 3428 oporteret
1527 3361 1959 3425 considerantes.
1988 3362 2054 3418 Et

2166 3379 2353 3434 (ουσαν
2377 3362 2476 3434 τὴν
2501 3362 2654 3415 πόλιν
2682 3358 3017 3433 ἑωρακότες,
3046 3359 3232 3431 κρύφα
3253 3362 3342 3424 είς
3365 3360 3428 3413 τὸ
3453 3358 3588 3412 αὐτὸ
3610 3356 3747 3425 γενό-

482 3469 607 3509 cum
633 3453 827 3507 incerti
853 3452 1247 3519 hmsitaremus,
1282 3452 1566 3515 Cornelius
1590 3456 1863 3522 centurio,
1888 3472 2050 3525 quem

2166 3472 2307 3528 μενοι
2345 3452 2653 3525 σκοποῦμεν
2678 3454 2741 3518 ’⁸,
2769 3454 2823 3506 τί
2856 3453 2961 3525 χρὴ
2997 3454 3191 3505 ποιεῖν.
3220 3452 3347 3505 Καὶ
3370 3452 3439 3524 δὴ
3467 3453 3525 3504 ἐν
3554 3448 3751 3520 ἀπορία

482 3546 744 3601 Caesarea:
772 3544 1034 3601 Dominus
1068 3560 1098 3598 a
1126 3544 1370 3601 daamone
1405 3547 1652 3602 liberavit
1672 3589 1687 3612 .
1719 3549 1788 3603 ab
1820 3550 2056 3619 impera-

2166 3548 2309 3619 ήμῶν
2337 3547 2504 3603 ὄντων
2530 3547 2841 3619 ἐπεδήμησε
2866 3545 3163 3617 Κορνήλιος
3184 3544 3615 3615 ἑκατόνταρχος,
3651 3540 3749 3594 ὑπὸ

484 3649 602 3692 tore
647 3637 715 3691 ad
769 3636 1060 3706 provincite
1112 3636 1424 3706 praefectum
1476 3639 1678 3694 missus
1714 3642 2047 3710 supervenit.

2166 3638 2720 3712 Kafaapocﬁrsqueelc
2736 3638 2873 3710 πρὸς
2898 3638 2989 3691 τὸν
3003 3638 3101 3709 τῆς
3122 3637 3409 3707 ἐπαρχίας
3426 3636 3749 3708 ἡγούμενον,

482 3731 587 3798 Qui
618 3747 645 3785 a
673 3731 834 3785 nobis
877 3730 1017 3785 clam
1060 3732 1360 3787 accersitus
1396 3747 1460 3787 ac
1484 3733 1551 3788 de
1580 3749 1748 3789 causa
1777 3734 2052 3790 mmstitize

2166 3732 2209 3786 iv
2238 3733 2297 3786 ἐν
2343 3732 2652 3803 Καισαρείᾳ
2682 3730 3023 3803 δαιμονῶντα
3046 3728 3213 3800 ωε
3237 3729 3438 3782 ἰάσατο
3468 3730 3498 3781 ό
3526 3728 3744 3799 Κύριος.

484 3830 686 3877 nostra:
713 3821 911 3876 certior
935 3820 1117 3883 factus
1161 3831 1214 3875 et
1260 3830 1323 3875 ut
1370 3822 1583 3894 iuvaret
1614 3834 1836 3893 rogatus
1868 3840 2052 3894 prom-

2166 3817 2316 3886 3510;
2349 3822 2755 3895 μεταπεμφθεὶς
2793 3822 2881 3891 ὑφ’
2929 3819 3086 3892 ήμῶν
3132 3820 3322 3891 κρύφα
3351 3822 3452 3875 καὶ
3482 3822 3583 3892 τῆς
3622 3819 3749 3875 ἀθυ-

482 3914 730 3983 ptissime
785 3914 1036 3983 promisit
1079 3928 1139 3969 se
1194 3928 1318 3968 eum
1370 3913 1719 3984 fugaturum,
1754 3916 1799 3969 si
1830 3916 2047 3985 quidem

2166 3914 2281 3983 ala;
2305 3913 2403 3985 τὴν
2425 3913 2604 3967 αἰτίαν
2627 3913 2755 3984 παρ’
2780 3910 2937 3982 ήμῶν
2965 3910 3149 3981 μαθὼν
3195 3912 3288 3964 καὶ
3334 3912 3555 3983 βοηθεῖν
3587 3908 3746 3974 ἀξιω-

482 4015 721 4075 οωνιιιηι
764 4006 868 4075 ipsi
907 4005 1303 4075 adjutaremus.
1352 4005 1600 4076 Cumque
1646 4008 1871 4077 polliciti
1900 4024 2051 4064 esse-

2166 4005 2263 4069 ἱεὶς
2290 4005 2676 4077 προθυμότατα
2711 4004 2975 4074 ὑπέσχετο
3021 4002 3261 4074 φοϐήσας
3291 4004 3631 4072 φυγαδεύειν
3660 4001 3746 4057 αύ-

482 4112 608 4152 mus
642 4096 831 4152 sedulo
869 4111 969 4150 nos
999 4095 1182 4149 omnia
1225 4094 1464 4150 facturos
1492 4114 1506 4151 :
1545 4096 1656 4166 Ego
1681 4139 1694 4162 ,
1726 4098 1923 4168 inquit,
1954 4115 2051 4169 per

2166 4098 2269 4162 τὸν,
2304 4098 2398 4151 ἐάν
2439 4113 2503 4166 γε
2545 4094 2711 4151 αὐτοῦ
2752 4094 2829 4165 τῷ
2870 4094 3224 4164 ἐγχειρήματι
3275 4094 3741 4167 ὑπουργήσωμεν.

483 4186 683 4240 multos
712 4199 862 4240 meos
893 4185 1100 4238 amicos
1125 4183 1392 4253 evulgabo
1449 4198 1535 4238 me
1584 4183 1798 4239 venisse
1821 4185 1891 4238 ad
1921 4200 2047 4240 cum

2166 4189 2346 4260 Ἠμῶν
2361 4188 2417 4241 δέ
2439 4186 2669 4257 ἐτοίμως
2700 4184 2875 4238 πάντα
2916 4184 3159 4254 ποιήσειν
3184 4182 3592 4255 ὑποσχομένων
3614 4182 3711 4253 ἔφη
3726 4198 3741 4212 υ

483 4276 850 4346 capiendum,
903 4290 1027 4328 cum
1092 4272 1274 4327 Caesar
1340 4272 1528 4328 multis
1584 4274 1759 4345 magis
1819 4275 2049 4332 sublatis

2166 4280 2325 4351 Ἑμοῦ
2354 4278 2445 4332 διὰ
2486 4276 2696 4331 πολλῶν
2734 4275 2901 4346 φίλων
2942 4274 3124 4347 κρύφα
3158 4276 3238 4337 εις
3274 4275 3552 4347 σύλληψιν
3584 4269 3747 4328 αὑτοῦ

481 4368 549 4423 de
604 4383 671 4422 eo
725 4368 925 4422 certior
983 4367 1158 4421 lactus
1214 4380 1300 4420 me
1349 4366 1417 4421 ad
1459 4367 1513 4421 id
1558 4368 1837 4434 misisset,
1884 4378 1944 4422 ut
1991 4378 2045 4423 et
2077 4416 2093 4442 ι

2166 4368 2459 4442 εληλυθέναι
2486 4364 2945 4439 περισκοποῦντος
2984 4364 3078 4417 καὶ
3108 4364 3287 4434 ζητεῖν
3317 4365 3489 4419 αὑτὸν
3521 4365 3748 4434 φάσκον·

480 4460 657 4528 ipsutn
697 4457 885 4511 eodem
944 4458 1139 4520 modo,
1193 4472 1304 4526 quo
1371 4456 1522 4526 prius
1576 4459 2044 4529 prtestigiatores,
2077 4454 2093 4470 ³

2166 4478 2260 4524 τος,
2277 4458 2461 4513 καθότι
2475 4460 2693 4528 Καῖσαρ
2710 4456 2935 4519 πολλοὺς
2954 4455 3161 4525 μάγους
3177 4454 3386 4509 ἀνελὼν
3402 4458 3504 4511 καὶ
3529 4457 3599 4509 τά
3627 4459 3747 4510 κατ’

480 4548 716 4619 puniret.
742 4546 808 4601 Et
829 4547 922 4616 qui
952 4563 1020 4602 ex
1049 4548 1250 4603 vestris
1276 4564 1400 4603 cum
1432 4564 1497 4604 co
1534 4560 1856 4614 versantur,
1885 4549 2048 4620 quasi

2166 4548 2309 4603 ιὺτὸν
2335 4547 2522 4620 μαθὼν
2564 4547 2664 4619 ἐμὲ
2711 4547 2805 4599 ἐπὶ
2841 4544 2939 4615 τὴν
2981 4542 3146 4598 αὐτοῦ
3184 4544 3419 4616 ζήτησιν
3457 4546 3746 4617 ἔπεμψεν,

480 4642 691 4705 occulte
714 4641 1066 4709 undicunque
1109 4640 1418 4704 audierint,
1450 4640 1683 4696 referant
1732 4642 1815 4707 ei,
1859 4657 1947 4696 me
1973 4643 2045 4697 ad

2166 4643 2295 4704 ὅπως
2306 4640 2401 4694 καὶ
2418 4638 2578 4691 αὑτὸν
2590 4637 2665 4700 ὡς
2687 4636 2782 4705 καὶ
2803 4636 2932 4698 τοὺς
2948 4635 3053 4705 πρὸ
3070 4634 3237 4687 αὐτοῦ
3262 4636 3483 4705 μάγους
3515 4638 3743 4707 κολάσῃ.

479 4733 801 4803 capiendum
833 4746 959 4786 eum
992 4744 1115 4784 esse
1141 4731 1427 4785 emissum.
1462 4730 1672 4797 Quibus
1700 4732 1904 4788 auditis
1935 4730 2049 4786 for-

2166 4733 2258 4786 Kal
2285 4732 2333 4784 oi
2363 4729 2616 4801 ὑμέτεροι
2644 4728 2694 4781 οῖ
2725 4726 2969 4789 συνόντες
2993 4725 3137 4797 αὐτῷ
3169 4724 3242 4789 ὡς
3261 4726 3324 4798 δὴ
3357 4726 3554 4800 κρύφα
3582 4727 3745 4781 ποθὲν

478 4836 623 4881 tasse
652 4836 851 4893 pavore
900 4829 1184 4891 correptus
1231 4820 1491 4891 aufugiet.
1539 4820 1676 4876 Cum
1725 4823 1871 4877 aliud
1914 4823 2047 4893 quid

2166 4821 2449 4895 ἰικηκοότες
2463 4814 3047 4892 προσαναφερέτωσαν,
3062 4816 3137 4880 ὼς
3153 4814 3286 4888 ἐμοῦ
3306 4817 3485 4873 ἕνεκα
3507 4819 3608 4872 τοῦ
3630 4819 3745 4873 συλ-

479 4919 657 4973 facere
683 4914 1049 4983 cogitaremus
1075 4952 1092 4977 ,
1139 4913 1301 4969 simul
1329 4913 1401 4966 ita
1430 4914 1627 4968 evenit.
1673 4913 1882 4970 Etenim
1910 4932 2035 4972 cum

2166 4915 2321 4970 ,αϐεῖν
2332 4911 2493 4967 αὐτὸν
2508 4908 2935 4981 ἀπεσταλμένον.
2953 4909 3063 4962 Kal
3072 4910 3232 4979 τυχὸν
3246 4908 3427 4963 ταῦτα
3443 4912 3490 4943 ¹⁶
3500 4910 3743 4973 ἀκούσας

477 5022 531 5065 et
559 5024 627 5064 ex
652 5005 840 5061 multis
882 5004 1073 5059 alienis
1113 5003 1256 5058 clam
1306 5004 1723 5073 nuntiantibus,
1780 5019 2036 5079 tanquam

2166 5002 2399 5077 ροὸηθεὶς
2442 5002 2715 5073 φεύξεται.
2760 5000 2912 5054 Ἐπεὶ
2939 4999 3118 5053 τοίνυν
3133 4998 3315 5071 ἕτερόν
3333 5017 3389 5053 τι
3413 5005 3596 5054 ποιεῖν
3626 5000 3744 5055 ἐπε,

479 5102 671 5170 ingcns
700 5094 1024 5150 beneficium
1054 5094 1157 5165 ipsi
1183 5091 1522 5159 conferrent,
1549 5103 1603 5150 et
1624 5096 1845 5165 insuper
1868 5114 1931 5151 ex
1961 5098 2042 5153 fa-

2166 5098 2436 5169 »οήσαμεν,
2472 5093 2621 5164 ὁμῶς
2648 5090 2819 5156 οὕτως
2855 5092 3089 5159 ἐγένετο.
3134 5091 3268 5144 ’Υπὸ
3287 5107 3347 5143 τε
3376 5091 3496 5163 γὰρ
3524 5091 3741 5145 πολλῶν

479 5179 780 5243 ειίίΙὶίπὶὺυε
811 5195 1121 5241 nostrorum
1171 5184 1439 5241 simulatis
1485 5185 1616 5240 illud
1668 5186 1964 5242 audivisset
1984 5198 2040 5244 et

2166 5188 2248 5241 τῶν
2276 5185 2380 5251 ἐξω
2404 5188 2482 5248 είς
2512 5184 2582 5238 τά
2618 5184 2829 5254 μεγάλα
2865 5182 3012 5254 αύτῷ
3038 5181 3413 5254 χαριζομένων
3444 5183 3629 5256 λάθρα
3655 5183 3741 5235 λε-

479 5282 620 5334 hanc
649 5293 770 5335 esse
799 5292 1025 5332 suorum
1061 5277 1386 5331 sententiam
1432 5285 1667 5346 putaret,
1703 5278 1806 5333 sibi
1840 5294 2038 5334 caven-

2166 5281 2368 5345 rdwwv,
2411 5277 2567 5331 ἔτιδὲ
2594 5276 2687 5329 καὶ
2731 5274 2839 5329 τῶν
2887 5274 3030 5329 ἐνδον
3077 5273 3399 5347 ὑποϐλητῶν
3446 5277 3739 5348 ἡμετέρων

477 5371 606 5425 dum
629 5385 750 5426 esse
780 5352 1052 5440 cognovit.
1084 5367 1374 5423 Antiochia
1401 5367 1564 5439 igitur
1595 5367 1883 5439 aufugiens
1912 5386 2036 5426 cum

2166 5371 2401 5444 ικηκοὼς
2444 5369 2536 5423 καὶ
2579 5368 2655 5432 ὡς
2705 5369 2836 5435 παρ’
2868 5367 3010 5421 ἰδίων
3050 5364 3273 5438 γνώμην
3312 5365 3567 5441 εἰληφὼς
3607 5372 3739 5425 ὐπο-

1734 5506 1967 5562 VARI/E
2008 5506 2412 5564 LECTIONES.

514 5636 588 5674 ’κ
619 5644 692 5697 Ita
721 5644 973 5714 scripsic.
1013 5643 1135 5698 Ruf.
1169 5662 1221 5707 κ,
1246 5645 1334 5706 55,
1362 5646 1537 5699 αὐτῶν
1570 5651 1628 5699 0.
1708 5647 1751 5678 ¹²
1783 5664 1840 5699 τε
1880 5650 1938 5700 0.

1082 5647 1334 5725 if.'_x,_55,
1362 5647 1537 5699 αὐτῶν
1570 5651 1628 5725 ρ.
1685 5647 1938 5725 ,η’-σεο.
2048 5650 2090 5681 ιδ
2124 5650 2221 5718 τήν
2251 5651 2311 5702 0.
2392 5648 2433 5679 ³⁵
2470 5647 2672 5701 σκοποῦ
2702 5647 2793 5702 καί
2826 5651 2887 5712 0,
2924 5648 3109 5717 inquo
3135 5647 3364 5703 subinde
3402 5656 3732 5716 repetuntur

477 5713 599 5768 Vbb.
661 5714 793 5766 πολὺ
846 5715 978 5767 κατὰ
1018 5716 1108 5768 σοῦ
1145 5717 1461 5786 βρύκουσαν.
1571 5718 1610 5747 ⁸ο
1639 5718 1797 5770 αὐτόν
1829 5720 1889 5770 0.
