4022 6336
491 287 590 344 462)

1354 282 1410 338 S.
1445 282 1830 339 CLEMENTIS
1866 284 1884 337 I
1925 281 2088 336 ROM.
2128 281 2329 340 PONT.
2367 281 2594 338 OPERA
2627 281 2855 340 DUBIA.

3597 294 3686 350 ιω

558 401 719 458 XVII.
753 399 886 469 Qua:
909 413 1036 456 cum
1085 400 1174 454 ille
1202 399 1576 469 praedixisset:
1612 398 1930 463 Quodnam.
1964 397 2044 450 in-

2223 393 2382 448 XVII.
2430 395 2666 450 Ἐκείνου
2694 395 2752 449 δὲ
2773 395 2946 450 ταῦτα
2973 394 3325 468 προλέγοντος
3350 399 3504 473 ἔφην·
3529 404 3588 456 Τί
3606 405 3692 460 νῦν
3717 431 3720 434 ~

487 512 684 566 quam,
715 494 812 548 tibi
847 493 1060 547 lucrum
1099 492 1278 545 veniet
1321 506 1385 543 ex
1426 489 1804 558 hujuscemodi
1843 487 2021 542 machi

488 587 739 642 natione?
765 585 842 640 Ac
865 585 1051 638 Simon
1081 583 1393 653 respondit:
1423 581 1666 636 Primum
1694 582 1933 651 quidem,
1956 580 2051 633 illo

485 688 677 747 capto,
708 680 800 748 qui
834 693 919 731 me
953 686 1230 746 quaerunt,
1273 675 1689 742 investigatione
1729 682 1914 728 contra
1963 687 2050 726 me

487 771 618 824 inita
649 771 931 825 desistent.
975 767 1032 822 Si
1061 782 1193 822 vero
1221 767 1382 821 etiam
1418 783 1583 820 manu
1613 766 1764 835 regia
1802 765 2052 820 sublatus

490 864 670 925 fuerit,
702 876 1028 931 magnopere
1063 861 1319 930 lugebunt
1352 859 1445 914 ﬁlii
1478 860 1618 928 ejus,
1659 859 1750 928 qui
1780 873 1868 912 me
1895 859 2052 911 dere-

490 957 618 1010 licto
637 955 702 1009 ad
727 953 946 1008 Petrum
971 969 1093 1008 sese
1118 953 1486 1017 contulerunt,
1511 953 1668 1023 eique
1689 950 2044 1005 collaborant.

486 1047 603 1102 Jam
625 1049 769 1102 enim
788 1046 906 1112 tibi,
944 1045 1120 1113 Pctrc,
1149 1062 1336 1101 verum
1352 1046 1631 1110 confiteor,
1649 1044 1840 1098 timore
1867 1042 2048 1096 Simo-

488 1141 572 1196 nis
596 1154 681 1193 me
695 1137 1167 1208 esseimpeditum,
1185 1139 1478 1209 quominus
1507 1135 1707 1190 Fausto
1741 1137 1853 1190 haec
1875 1135 2049 1204 signi—

487 1231 724 1285 ﬁearem.
756 1228 956 1284 Verum
985 1229 1264 1284 enimvero
1292 1243 1358 1283 ne
1383 1235 1598 1298 tempus
1619 1229 1834 1297 quidem
1859 1226 2047 1281 Simon

485 1325 642 1377 nobis
665 1323 812 1380 dedit
838 1323 1100 1377 secretius
1129 1321 1508 1392 colloquendi;
1535 1321 1674 1376 alias
1703 1337 1927 1391 pravum
1964 1320 2048 1375 Si-

485 1416 665 1471 monis
730 1415 1020 1470 consilium
1075 1415 1124 1470 ei
1179 1414 1577 1484 patefecissem.
1623 1412 1828 1467 Interea
1873 1413 2049 1467 media

486 1519 642 1566 nocte
689 1525 989 1578 exsurgens
1035 1508 1223 1562 Simon
1265 1505 1506 1562 Judaeam
1555 1505 1682 1577 fuga
1729 1505 1884 1574 petiit
1922 1519 2048 1559 cum

483 1605 774 1660 comitibus
815 1604 1062 1674 Appione
1098 1612 1154 1658 et
1190 1603 1562 1658 Athenodoro.
1592 1599 1748 1656 Tunc
1776 1615 1876 1672 ego
1905 1601 2050 1655 vale-

485 1695 686 1750 tudinis
725 1693 1069 1749 incommoda
1114 1693 1276 1756 tinxi,
1314 1701 1374 1746 ut
1409 1692 1556 1748 domi
1595 1706 1882 1746 remanens
1924 1699 2048 1760 post

484 1786 702 1840 illorum
747 1783 1135 1854 profectionem
1173 1783 1422 1839 celeriter
1457 1798 1580 1838 eum
1609 1784 1675 1837 ad
1701 1797 1832 1839 suos
1854 1783 2044 1837 remit-

483 1889 676 1943 terem,
704 1879 749 1933 si
776 1877 916 1932 forte
947 1877 1090 1947 apud
1120 1892 1218 1932 vos
1249 1876 1433 1946 aliquo
1461 1876 1623 1931 modo
1648 1882 1834 1945 posset
1862 1875 2046 1930 occul-

484 1971 611 2036 tari,
643 1985 710 2025 ne
734 1985 765 2023 a
794 1967 1535 2039 Simonis.investigatoribus
1564 1976 1758 2036 captus
1783 1967 1904 2036 ejus
1925 1966 2047 2020 loco

475 2063 630 2134 regio
654 2062 779 2116 odio
807 2061 1027 2132 periret.
1059 2059 1246 2130 Itaque
1276 2069 1436 2114 nocte
1466 2059 1790 2130 intempesta
1821 2074 1946 2113 eum
1976 2060 2046 2114 ad

450 2163 455 2168 ·
481 2167 580 2208 vos
615 2153 761 2217 misi,
790 2151 1163 2220 sollicitusque
1188 2160 1350 2206 noctu
1381 2151 1621 2221 perveni,
1655 2159 1714 2206 ut
1740 2166 1865 2206 eum
1889 2151 2038 2206 vide-

485 2260 597 2299 rem
630 2259 694 2298 ac
717 2244 957 2298 velocius
986 2242 1240 2309 redirem,
1264 2243 1581 2313 priusquam
1610 2243 2043 2314 supervenirent,

482 2338 573 2405 qui
612 2335 894 2390 Simonem
925 2335 1169 2390 comitati
1203 2345 1348 2390 sunt.
1383 2335 1448 2390 Et
1477 2351 1776 2392 conversus
1805 2337 1873 2391 ad
1907 2351 2042 2392 nos:

484 2427 595 2498 Ego
644 2408 970 2493 Annubion,
1022 2429 1230 2497 inquit,
1269 2428 1438 2498 patris
1468 2429 1634 2483 vestri
1663 2444 1852 2483 verum
1888 2431 2048 2487 video

482 2522 712 2588 vultum,
735 2520 934 2591 quippe
948 2521 1039 2591 qui
1057 2535 1087 2574 a
1106 2519 1330 2576 Simone
1361 2511 1657 2592 perunctus
1683 2521 1904 2588 fuerim,
1930 2523 2046 2578 sic-

481 2614 560 2669 uti
589 2622 742 2667 antea
773 2612 1044 2678 enarravi,
1074 2621 1132 2666 ut
1185 2628 1309 2668 vera
1335 2612 1521 2668 Fausti
1553 2613 1720 2668 facies
1750 2614 1888 2668 meis
1913 2628 2046 2669 ocuo

482 2705 548 2760 lis
579 2712 884 2775 appareret.
918 2703 1074 2760 Unde
1100 2714 1292 2775 stupeo
1322 2713 1484 2775 atque
1521 2705 1769 2760 admiror
1805 2705 2045 2762 Simonis

482 2797 738 2866 magiam,
788 2796 934 2866 quod
977 2811 1073 2852 vos
1116 2797 1532 2852 circumstantes
1562 2807 1768 2866 patrem
1802 2808 2044 2853 vestrum

480 2903 589 2941 non
620 2887 933 2959 agnoscitis.
966 2886 1247 2942 Flentibus
1274 2896 1454 2941 autem
1484 2896 1636 2957 patre
1661 2896 1713 2942 et
1741 2897 1912 2943 matre
1942 2903 2044 2944 no-

481 2979 671 3047 bisque
685 2979 816 3047 ipsis
835 2978 901 3032 de
915 2978 1190 3032 communi
1208 2977 1539 3044 calamitate,
1566 2979 2042 3036 commiseratione

479 3077 784 3123 commotus
808 3066 968 3122 ﬂebat
993 3075 1048 3122 et
1075 3066 1394 3122 Annubion.

552 3310 735 3366 XVIII.
764 3309 902 3365 Tum
946 3309 1139 3367 Petrus
1179 3311 1318 3381 patri
1345 3313 1556 3368 vultum
1581 3329 1638 3370 se
1663 3315 2062 3370 restituturum-

480 3405 640 3459 nobis
683 3403 935 3474 Promisit
979 3404 1047 3458 ad
1077 3420 1200 3458 eum
1232 3406 1455 3461 dicens:
1487 3407 1756 3463 Audivisti
1779 3448 1794 3472 ,
1823 3407 2039 3472 Fauste,

477 3513 600 3567 qua:
640 3496 706 3551 ad
756 3511 858 3552 nos
901 3505 1169 3566 spectant.
1207 3496 1265 3552 Si
1307 3499 1431 3554 ficta
1480 3501 1533 3553 in
1572 3513 1622 3554 te
1651 3500 1833 3556 vultus
1862 3501 2056 3572 imago

479 3591 628 3645 utilis
653 3588 809 3644 nobis
833 3588 929 3643 ﬂat
947 3599 1002 3644 et
1030 3599 1085 3644 tu
1114 3605 1216 3645 nos
1239 3591 1517 3661 adjuveris
1541 3593 1607 3648 ad
1629 3610 1716 3661 ea,
1741 3610 1861 3664 quae
1889 3609 2043 3650 man-

478 3682 641 3746 dabo,
679 3690 806 3737 tunc
827 3682 1100 3751 propriam
1136 3681 1231 3736 tibi
1260 3684 1540 3738 restituam
1565 3682 1779 3750 faciem,
1813 3685 1858 3740 si
1887 3685 2041 3755 prius

476 3772 670 3829 feceris
713 3789 835 3843 quae
882 3773 979 3829 tibi
1019 3774 1258 3844 jussero.
1306 3773 1384 3830 Ac
1440 3777 1582 3846 patri
1608 3776 1845 3832 dicenti:
1877 3777 2040 3845 Quaa-

475 3881 690 3936 cunque
715 3881 972 3937 possum,
1008 3866 1257 3922 lubenter
1287 3867 1594 3937 perficiam,
1630 3869 1677 3924 si
1711 3871 1874 3925 modo
1905 3872 2056 3928 meis

475 3959 702 4030 eﬂigiem
736 3975 908 4014 meam
934 3961 1152 4026 reddas,
1186 3958 1380 4016 Petrus
1408 3961 1719 4031 respondit:
1747 3960 1865 4032 Ipse
1893 3965 2042 4018 auri-

475 4053 578 4106 bus
609 4053 717 4108 tuis
741 4052 936 4108 audisti
965 4067 1029 4106 ex
1050 4052 1151 4120 iis,
1179 4053 1273 4123 qui
1302 4068 1332 4108 a
1357 4069 1443 4108 me
1466 4055 1733 4125 praemissi
1755 4057 2039 4114 Antiochia

478 4141 786 4207 redierunt,
823 4143 1096 4214 quomodo
1129 4142 1315 4199 Simon
1359 4144 1472 4200 illic
1503 4155 1749 4202 versatus
1793 4149 2041 4205 multitu-

477 4234 656 4289 dinem
687 4235 1036 4290 vehementer
1065 4243 1253 4290 contra
1284 4251 1370 4290 me
1406 4236 1696 4304 excitarit,
1735 4255 1952 4311 magum
1985 4252 2040 4298 et

477 4326 620 4381 caede
660 4327 926 4396 pollutum
947 4369 962 4388 .
1007 4329 1348 4398 deccptorem
1391 4338 1447 4385 et
1473 4332 1918 4403 prtestigiatorem
1950 4353 2040 4395 me

2155 503 2236 539 σοι
2269 488 2331 540 ἐκ
2371 487 2470 557 τῆς
2516 487 2771 559 τοιαύτης
2819 486 3065 559 μηχανῆς
3112 489 3228 541 ἐστι
3271 489 3482 560 κέρδοςς
3529 495 3628 548 Καὶ
3665 500 3692 550 ό

2149 576 2332 646 Σίμων
2365 576 2489 647 ἔφη’
2522 577 2742 647 Πρῶτον
2779 577 2878 648 μὲν
2929 577 3279 641 συλλαϐόντες
3317 579 3471 634 αὐτὸν
3513 584 3562 635 οἱ
3600 585 3692 655 ἐμὲ

2153 665 2443 738 ζητοῦντες
2473 668 2770 722 παύσονται
2799 669 2898 740 τῆς
2941 671 3059 723 κατ’
3094 670 3228 740 ἐμοῦ
3257 670 3542 743 ζητήσεως.
3565 677 3623 729 El
3641 678 3693 730 δὲ

2146 758 2243 812 καὶ
2276 759 2380 812 ὑπὸ
2411 758 2694 831 βασιλικῆς
2725 761 2904 831 χειρὸς
2935 761 3266 832 ἀναιρεθείη,
3300 763 3539 833 μέγιστον
3575 767 3668 820 πέν

2149 854 2241 918 θος
2271 854 2482 919 ἕξουσιν
2535 857 2583 909 οἱ
2614 856 2805 909 τούτου
2837 855 3043 921 παῖδες,
3077 857 3129 910 οῖ
3165 873 3308 920 τινες
3355 859 3452 928 ἐμὲ
3495 862 3696 917 καταλι-

2153 946 2365 1010 πόντες,
2402 946 2828 1018 προσφυγόντ[ες
2859 947 2938 1017 τῷ
2968 947 3181 1020 Πέτρῳ]
3211 950 3569 1021 συνεργοῦσιν.
3595 954 3697 1007 Νῦν

2147 1037 2256 1108 γάρ
2273 1053 2375 1101 σοι,
2393 1031 2438 1091 ὧ
2455 1038 2649 1110 Πέτρε,
2664 1038 2911 1109 ὁμολογῶ
2921 1037 2988 1092 τὰ
3003 1039 3196 1110 ἀληθῆ,
3208 1040 3290 1093 ὅτι
3312 1041 3606 1114 ἐφοϐούμην
3618 1045 3701 1098 τὸν

2149 1124 2424 1196 [Σίμωνα,
2455 1126 2533 1196 τῷ
2587 1125 2745 1198 411
2801 1127 3053 1199 Φαύ]στῳ
3081 1128 3238 1182 τοῦτο
3267 1130 3484 1202 μηνύειν
3503 1133 3564 1186 ⁸³.
3596 1133 3700 1187 ἀλλ’

2147 1215 2266 1268 οὐδὲ
2296 1217 2485 1288 καιρὸν
2513 1219 2646 1288 ἡμῖν
2675 1221 2703 1271 ό
2749 1218 2929 1289 Σίμων
2971 1218 3140 1271 ἐδίδου
3187 1221 3322 1290 πρὸς
3361 1223 3422 1274 τὸ
3469 1223 3701 1287 ἰδιάζειν·

2149 1302 2222 1375 [εἰ
2255 1306 2354 1378 μὴ]
2379 1308 2424 1339 ’⁸
2456 1305 2605 1378 αύτῷ
2635 1308 2735 1378 τὴν
2767 1309 2832 1360 ἐκ
2857 1307 2950 1362 τοῦ
2981 1308 3220 1379 Σίμωνος
3253 1312 3426 1382 κακὴν
3452 1312 3516 1365 ἂν
3547 1313 3704 1385 ἐφηνα
3759 1357 3763 1361 ι

2150 1395 2362 1469 βουλήν.
2388 1399 2534 1470 Πλὴν
2556 1400 2614 1451 ἐν
2637 1399 2777 1470 μέσῃ
2798 1417 2863 1468 γε
2883 1400 3039 1452 νυκτὶ
3060 1400 3296 1466 ἀναστὰς
3313 1404 3343 1458 ό
3363 1403 3537 1474 Σίμων
3553 1405 3646 1476 τὴν
3665 1406 3705 1438 ¹¹

2149 1489 2255 1542 ἐπὶ·
2276 1489 2532 1543 Ἰουδαίαν
2559 1492 2792 1543 ἐποιεῖτο
2819 1490 3016 1562 φυγὴν,
3052 1493 3502 1564 προπεμπόμενος
3531 1496 3628 1549 ὑπό
3652 1515 3706 1550 τε

2160 1579 2465 1646 ’Λππίωνος
2495 1584 2588 1636 καὶ
2633 1582 3019 1654 Ἀθηνοδώρου.
3056 1582 3187 1636 Τότε
3232 1584 3344 1654 ἐγὼ
3385 1586 3709 1658 δυσαρέστως

2151 1671 2293 1744 ἔχειν
2321 1674 2383 1726 τὸ
2415 1673 2572 1746 σῶμα
2603 1676 3007 1746 ὑπεκρινάμην,
3051 1680 3197 1739 ὅπως
3248 1677 3434 1748 μείνας
3485 1678 3613 1748 μετά
3653 1679 3709 1731 τδ

2147 1764 2386 1827 ἐκείνους
2416 1765 2742 1836 πορευθῆναι
2777 1766 2939 1830 εὐθὺς
2969 1769 3129 1834 αὑτὸν
3158 1768 3252 1820 ἐπὶ
3275 1762 3540 1820 τάἐαυτοῦ
3555 1765 3706 1815 ἐπαν-

2156 1846 2328 1903 ελθεῖν
2392 1857 2628 1927 ποιήσω,
2661 1856 2715 1910 εἴ
2744 1873 2848 1909 που
2879 1841 3092 1912 δύναιτο
3142 1859 3271 1930 παρ’
3316 1859 3442 1928 ὑμῖν
3487 1856 3707 1928 κρυπτό-

2148 1963 2309 2017 μενος
2338 1944 2620 2000 λανθάνειν
2663 1949 2858 2018 μήπως
2891 1949 2996 2002 ὑπὸ
3022 1949 3127 2003 τῶν
3157 1951 3400 2022 Σίμωνος
3426 1948 3710 2020 ζητούντων

2146 2035 2222 2099 ὠς
2273 2038 2453 2108 Σίμων
2494 2037 2716 2109 ληφθεὶς
2758 2039 2864 2093 ὑπὸ
2916 2040 3200 2112 βασιλικῆς
3251 2041 3422 2114 ὀργῆς
3459 2040 3705 2110 ἀποθάνῃ.

2162 2127 2393 2200 Ἀωρίας
2417 2125 2508 2183 οὖν
2535 2129 2695 2183 αὑτὸν
2719 2128 3071 2194 ἐξαπέστειλα
3095 2133 3234 2204 πρὸς
3261 2134 3426 2205 ὑμᾶς,
3455 2133 3546 2186 καὶ
3568 2131 3711 2201 κηδό-

2150 2235 2308 2289 μενος
2339 2220 2505 2274 αὑτοῦ
2539 2221 2719 2293 νύχιος
2748 2219 2908 2294 ἦλθον
2939 2223 3201 2294 ὀψόμενός
3232 2241 3298 2276 τε
3324 2223 3483 2277 αὺτὸν
3510 2223 3599 2276 καὶ
3623 2220 3711 2274 τά-

2148 2327 2263 2380 χιον
2291 2312 2739 2383 ἀπελευσόμενος,
2767 2315 2897 2386 πρὶν
2918 2316 3044 2378 τοὺς
3069 2314 3401 2386 πέμψαντας
3423 2313 3534 2386 [τὸν
3554 2314 3716 2384 Σίμω-

2149 2401 2238 2474 να]
2269 2402 2581 2456 ἐπανελθεῖν
2601 2403 2667 2458 ³⁸.
2701 2406 2809 2458 Kal.
2857 2405 3198 2476 προσϐλέψας
3244 2409 3386 2478 ἡμῖν
3429 2407 3548 2479 ἔφη·
3590 2403 3717 2474 Ἐγὼ

2158 2494 2472 2550 Ἀννουὸίων
2499 2496 2598 2565 τὴν
2627 2496 2722 2549 τοῦ
2754 2498 2959 2568 πατρὸς
2989 2497 3142 2569 ὑμῶν
3170 2499 3356 2572 ἀληθῆ
3387 2499 3590 2572 μορφὴν
3615 2496 3716 2568 6ςῶ

2145 2585 2562 2657 ἐναλειψάμενος
2592 2587 2683 2640 ὑπ’
2715 2586 2879 2640 αὐτοῦ
2923 2587 3017 2641 τοῦ
3063 2587 3344 2660 Σίμωνος,
3389 2589 3464 2652 ὡς
3486 2582 3707 2660 ’προεδιν

2145 2678 2438 2750 ηγησάμην
2456 2679 2522 2741 ’⁷,
2555 2679 2641 2731 ἵνα
2669 2680 2784 2742 τοῖς
2812 2679 2963 2750 ἐμοῖς
2983 2679 3288 2751 ὀφθαλμοῖς
3317 2683 3351 2753 ἡ
3374 2680 3571 2752 ἀληθὴς
3587 2676 3716 2731 Φαύ-

2146 2786 2273 2823 στου
2307 2770 2560 2840 φαίνηται
2606 2771 2806 2842 μορφή.
2855 2771 3345 2842 Ἐκπεπληγμένος
3389 2769 3482 2826 οὖν
3529 2773 3716 2845 σφόδρα

2145 2859 2407 2932 θαυμάζω
2441 2860 2538 2931 τὴν
2568 2861 2808 2932 Σίμωνος
2843 2862 3092 2933 μαγείαν,
3122 2863 3202 2916 ὃτι
3225 2863 3466 2926 ἑστῶτες
3485 2862 3570 2916 τὸν
3595 2859 3716 2931 ὑμέ-

2143 2967 2298 3022 τερον
2329 2951 2390 3003 ού
2424 2951 2718 3022 γνωρίζετε
2739 2953 2784 2984 ³⁸
2817 2953 3051 3025 πατέρα.
3097 2953 3416 3008 Κλαιόντων
3448 2955 3503 3008 δὲ
3533 2952 3623 3006 τοῦ
3659 2969 3713 3006 τε

2066 3084 2118 3150 c
2146 3040 2350 3113 πατρὸς
2377 3041 2472 3096 καὶ
2499 3043 2597 3114 τῆς
2628 3044 2832 3116 μητρὸς
2864 3045 2958 3098 καὶ
2989 3045 3145 3116 ἡμῶν
3174 3047 3364 3101 αὐτῶν
3396 3047 3488 3100 ἐπὶ
3516 3048 3580 3117 τῇ
3612 3062 3721 3098 κοι-

2145 3133 2207 3203 νῇ
2244 3132 2458 3186 πάντων
2493 3133 2649 3204 ἡμῶν
2679 3137 2955 3207 συμφορᾷ,
3002 3136 3375 3209 συμπαθήσας
3408 3138 3502 3192 καὶ
3530 3139 3560 3191 ὁ
3605 3136 3712 3190 Ἀν-

2145 3223 2368 3278 νουϐίων
2403 3225 2701 3297 ἐδάκρυσεν
2713 3269 2726 3282 .

2174 3354 2175 3357 η
2214 3313 2397 3369 XVIII.
2417 3317 2550 3370 Τότε
2571 3318 2662 3370 καὶ
2676 3319 2704 3371 ό
2723 3318 2927 3389 Πέτρος
2941 3319 3038 3390 τῆς
3056 3319 3150 3373 τοῦ
3166 3323 3382 3395 πατρὸς
3399 3323 3603 3394 μορφῆς
3622 3320 3711 3392 τὴν

2142 3407 2582 3461 ἀποκατάστασιν
2639 3407 2802 3480 412
2847 3411 2977 3481 ἡμῖν
3007 3413 3379 3482 ἐπηγγείλατο
3399 3413 3562 3466 εἰπὼν
3588 3411 3712 3482 πρὸς

2142 3497 2331 3552 αὐτόν’
2373 3499 2668 3563 Ἤκουσας,
2721 3494 2766 3552 ῶ
2809 3501 3039 3564 Φαῦστε,
3087 3501 3156 3555 τὰ
3198 3504 3328 3558 καθ’
3357 3507 3523 3576 ἡμᾶς.
3558 3505 3710 3557 Ὅταν

2141 3584 2233 3644 οὖν
2263 3590 2396 3660 ἡμῖν
2421 3590 2688 3661 χρήσιμος
2715 3592 2748 3661 ἠ
2779 3593 3131 3664 περικειμένη
3179 3611 3260 3662 σοι
3311 3596 3512 3658 πλάνος
3542 3591 3710 3664 μορφὴ

2141 3682 2364 3752 γένηται
2383 3681 2477 3734 καὶ
2499 3682 2852 3755 ὑπουργήσῃς
2872 3685 3022 3755 ἡμῖν,
3047 3685 3183 3757 πρὸς
3201 3686 3239 3740 ἃ.
3259 3688 3578 3758 κελεύομεν,
3602 3685 3709 3737 τότε

2141 3772 2294 3842 κάγώ
2321 3790 2404 3827 σοι
2423 3773 2520 3845 τὴν
2542 3775 2800 3847 ἀληθινήν
2823 3793 2915 3828 σου
2940 3777 3152 3848 μορφὴν
3172 3779 3442 3833 ἀποδώσω
3465 3779 3708 3851 πρότερον

2142 3867 2426 3936 ποιήσαντι
2458 3866 2526 3920 τὰ
2557 3866 2685 3937 παρ’
2712 3867 2848 3938 ἐμοῦ
2875 3885 2956 3921 σοι
2977 3869 3261 3940 λεγόμενα.
3299 3873 3408 3926 Τοῦ
3436 3874 3493 3926 δὲ
3518 3872 3711 3944 πατρὸς

2140 3957 2410 4020 εἰπόντος’
2449 3958 2563 4011 Πᾶν
2603 3959 2633 4012 δ
2662 3974 2714 4012 τι
2755 3959 2821 4013 ἀν
2861 3977 2948 4030 μοι
2985 3961 3206 4015 δυνατὸν
3314 3965 3710 4036 προθυμότατον

2141 4050 2370 4120 ποιήσω,
2407 4051 2567 4121 μόνον
2591 4051 2690 4122 τὴν
2721 4052 2858 4124 ἐμὴν
2878 4056 2991 4117 τοῖς
3019 4055 3170 4125 ἐμοῖς
3197 4055 3399 4122 ἀπόδος
3427 4059 3652 4130 μορφήν·
3683 4056 3711 4108 ὁ

2141 4140 2344 4215 Πέτρος
2371 4142 2727 4213 ἀπεκρίνατο·
2757 4143 2916 4208 αὐτὸς
2959 4145 3110 4209 ἰδίοις
3146 4145 3283 4200 ὠσὶν
3325 4149 3569 4219 ἀκήκοας
3607 4146 3709 4200 τῶν

2140 4234 2380 4305 προόδων
2413 4251 2514 4306 μου
2543 4234 2651 4288 ἀπὸ
2687 4235 3012 4306 Ἀντιοχείας
3040 4237 3380 4309 ἐληλυθότων
3412 4239 3507 4294 καὶ
3539 4238 3710 4292 είπόν-

2139 4343 2268 4389 των,
2298 4326 2375 4390 ὡς
2395 4327 2513 4379 ἐκεῖ
2539 4324 2774 4396 γεγονὼς
2806 4329 2835 4381 ό
2869 4328 3050 4398 Σίμων
3088 4329 3326 4401 ἰσχυρῶς
3364 4331 3493 4395 τοὺς
3530 4330 3710 4402 ὄχλους

475 4432 822 4486 nuncupatis,
855 4420 929 4472 ita
961 4427 1021 4472 ut
1049 4420 1396 4475 vehementer
1421 4421 1646 4492 cupiant
1681 4423 1793 4481 illic
1847 4441 2038 4485 omnes

2144 4419 2259 4471 κατ’
2289 4417 2422 4488 ἐμοῦ
2451 4417 2757 4490 παρώξυνε,
2787 4418 2958 4490 μάγον
2980 4421 3073 4474 καὶ
3101 4422 3406 4492 μιαιφόνον,
3432 4423 3627 4478 πλάνον
3653 4437 3716 4475 τε-

473 4509 558 4562 vel
600 4509 856 4564 carnibus
897 4510 1031 4564 meis
1072 4510 1239 4565 vesci.
1281 4510 1387 4567 Fac
1415 4528 1547 4582 ergo
1575 4530 1696 4584 quae
1722 4517 1820 4571 tibi
1850 4520 2043 4588 praeci-

473 4600 648 4669 piam,
692 4609 775 4662 et,
812 4600 1088 4655 Clemente
1124 4603 1264 4670 apud
1311 4619 1397 4658 me
1445 4606 1634 4661 relicto
1657 4647 1673 4672 ,
1713 4622 1838 4664 cum
1869 4626 2040 4670 uxore

473 4703 564 4746 tua
585 4701 638 4746 et
662 4689 924 4745 Faustino
951 4707 1014 4746 ac
1044 4692 1402 4750 Faustiniano
1422 4738 1438 4762 ,
1472 4697 1598 4754 filiis
1629 4700 1739 4756 tuis
1759 4742 1773 4766 ,
1799 4700 1905 4757 duc
1935 4721 2036 4761 nos
2079 4765 2083 4768 ,

474 4783 840 4837 Antiochiam.
889 4783 1062 4837 Erunt
1096 4795 1276 4839 autem
1323 4796 1500 4843 tecum
1550 4799 1606 4846 et
1651 4790 1752 4846 alii.
1775 4793 2033 4862 quidam,

473 4889 610 4945 quos
639 4874 703 4928 ad
730 4873 1095 4943 adjuvandum
1127 4891 1310 4931 meum
1341 4879 1631 4935 consilium
1664 4881 1890 4940 idoneos
1917 4901 2036 4943 cre-

473 4967 678 5021 didero.

541 5121 684 5177 XIX.
709 5120 938 5186 Quando
962 5121 1127 5192 igitur
1150 5123 1312 5181 sintut
1339 5139 1463 5180 cum
1493 5127 1560 5182 iis
1587 5127 1890 5187 Antiochiw
1913 5149 2034 5190 ver-

474 5217 613 5272 saris
643 5225 697 5270 et
719 5214 907 5270 Simon
929 5216 1148 5283 quidem
1180 5231 1302 5272 esse
1333 5217 1555 5285 videris,
1590 5221 1764 5288 palam
1797 5225 2030 5292 praedica

473 5309 843 5380 pmnitentiam
897 5317 1067 5376 tuam,
1094 5318 1256 5380 atque
1303 5310 1426 5366 dic:
1479 5309 1594 5380 Ego
1638 5312 1825 5369 Simon
1877 5318 2030 5375 vobis

2141 4510 2235 4564 ml.
2263 4511 2434 4582 γόητα
2461 4511 2747 4565 ἀποκαλῶν
2769 4513 2858 4566 ἐπὶ
2878 4512 3149 4578 τοσοῦτον,
3174 4515 3250 4578 ὡς
3275 4516 3559 4586 γλίχεσθαι
3581 4515 3710 4568 πάν-

2139 4620 2238 4666 τας
2263 4603 2389 4666 τοὺς
2415 4603 2532 4656 ἐκεῖ
2556 4602 2664 4656 τῶν
2688 4603 2837 4674 ἐμῶν
2857 4603 3262 4672 ἀπογεύσασθαι
3287 4606 3530 4679 σαρκῶν.
3552 4606 3711 4677 Ποιή-

2143 4709 2258 4755 σεις
2302 4687 2424 4754 οὖν,
2456 4691 2533 4755 ὡς
2567 4691 2676 4762 ἐγὼ
2703 4693 2873 4760 λέγω,
2902 4693 3214 4748 καταλιπὼν
3247 4697 3545 4768 Κλήμεντα
3584 4697 3707 4766 παρ’

2139 4782 2261 4852 ἐμοὶ
2292 4782 2382 4834 καὶ
2410 4781 2733 4853 προαγαγὼν
2765 4783 2910 4852 ἡμᾶς
2945 4785 3026 4846 εἰς
3065 4784 3396 4855 Ἀντιόχειαν
3436 4786 3574 4857 μετά
3614 4786 3706 4855 τῆς

2143 4869 2369 4940 συμδίου
2406 4887 2519 4932 σου,
2560 4870 2640 4922 ἔτι
2663 4869 2720 4922 δὲ
2745 4871 3037 4924 Φαυστὶνου
3067 4873 3162 4926 καὶ
3188 4873 3580 4928 Φαυστινιανοῦ
3606 4876 3705 4927 τῶν

2139 4960 2270 5014 υἱῶν
2296 4979 2408 5014 σου.
2435 4962 2751 5015 Συνέσονται
2780 4963 2836 5016 δέ
2867 4979 2952 5015 σοι
2981 4966 3072 5017 καὶ
3100 4964 3248 5018 ἄλλοι
3275 4968 3444 5032 τινὲς,
3479 4967 3572 5032 οὒς
3603 4963 3706 5035 ἐγὼ

2137 5052 2306 5120 κρίνω
2333 5052 2588 5115 δυνατοὺς
2614 5054 2954 5124 ὑπουργῆσαι
2983 5054 3058 5125 τῷ
3093 5055 3209 5126 ἐμῷ
3247 5055 3533 5128 Θελήματι.

2207 5143 2348 5197 XIX.
2384 5143 2534 5198 Μετὰ
2571 5145 2772 5199 τούτων
2807 5149 2864 5201 ἐν
2895 5151 2960 5220 τῇ
3009 5150 3302 5221 ’Λντιοχεία
3347 5149 3700 5224 [γενόμενος],

2135 5236 2191 5286 ἐν
2226 5235 2333 5304 ὅσῳ
2356 5234 2431 5296 ὡς
2453 5233 2632 5305 Σίμων
2663 5236 2849 5310 φαίνῃ,
2886 5238 3115 5310 δημοσία
3146 5240 3382 5311 κήρυξον
3412 5242 3514 5314 τὴν
3549 5259 3700 5295 σεαυ-

2133 5325 2224 5377 τοῦ
2278 5324 2658 5396 μετα[μέλειαν
2699 5328 2924 5400 εἰπών’]
2979 5329 3116 5398 Ἐγὼ
3162 5333 3343 5402 Σίμων
3375 5331 3550 5386 ταῦτα
3583 5332 3701 5398 ὑμῖν

1741 5469 1971 5527 νΑΙιιίΕ
2004 5473 2298 5532 LECTION
2305 5476 2408 5533 ES.

549 5577 702 5667 3613
745 5579 1048 5667 ἐξροϐρύμην
1070 5581 1215 5667 ⁶τότε
1238 5581 1365 5667 ,τῷ
1421 5583 1648 5667 Φαύστῳ
1679 5585 1836 5667 τοῦτο
1871 5589 2093 5667 μηνύειν
2129 5589 2257 5667 Ruf.
2337 5591 2398 5667 “_
2417 5591 2649 5667 tiodicis
2670 5593 2861 5667 lacuna
2908 5594 3122 5667 desinit
3157 5597 3224 5667 in
3256 5597 3362 5650 litt.
3397 5595 3692 5667 μῶν.-Τιιιιι

473 5648 645 5719 ἐφάνη
675 5664 727 5716 p.
761 5650 827 5736 ἂν
863 5648 1037 5751 ἔφηνα
1069 5651 1229 5706 idem.
1260 5648 1413 5706 Alius
1440 5648 1822 5777 congectaverit
1855 5677 1869 5731 ξ

473 5719 640 5777 ἐφάνη
665 5719 872 5777 βουλον.
978 5722 998 5752 ⁵
1027 5721 1116 5776 τόν
1137 5724 1195 5776 0.
1273 5723 1317 5754 ³⁸
1336 5724 1530 5777 ἐπανελ
1565 5724 1640 5777 ὠν
1669 5729 1727 5777 Ο.
1798 5730 1869 5777 ²⁷ι

473 5719 640 5786 ἐφάνη
663 5719 872 5790 βουλήν.
951 5719 998 5752 ³⁵
1027 5721 1116 5776 τόν
1137 5724 1195 5776 0.
1273 5723 1317 5754 ³⁸
1336 5724 1530 5778 ἐπανελ

1583 5659 2346 5740 εριειίνοιδίξ-ελῖσωςᾳσυνόντιυν
2377 5659 2559 5740 ήιμῶν
2592 5660 2741 5733 αὐτῷ
2762 5664 2869 5740 τὴν
2903 5665 2981 5740 éx_
2995 5663 3091 5716 τοῦ
3128 5666 3371 5740 Σίμωνος
3397 5659 3602 5740 ’κακῂν
3634 5666 3696 5740 ειν

1565 5729 1640 5777 ὠν
1669 5729 1727 5780 Ο.
1798 5730 1842 5760 ²⁷
1859 5729 1932 5782 ὢν
1956 5729 2407 5802 προδιηγήσαμεν
2515 5732 2592 5796 ὼς
2621 5729 3100 5805 προεδιηγησάμτῖν
3135 5738 3194 5794 Ο.

3275 5736 3318 5766 ’⁸
3351 5736 3608 5809 γνωρίζω
3634 5738 3690 5787 0.
3717 5764 3736 5787 -.
