  <div class='ocr_page' id='page_1' title='image "/cluster/home/n/w/nwhite01/storage/ocr_20150623/2/hvd.32044073501249/238.png"; bbox 0 0 4022 6336; ppageno 0'>
   <div class='ocr_carea' id='block_1_1' title="bbox 305 346 403 400">
    <p class='ocr_par' dir='ltr' id='par_1_1' title="bbox 305 346 403 400">
     <span class='ocr_line' id='line_1_1' title="bbox 305 346 403 400; baseline 0 -2"><span class='ocrx_word' id='word_1_1' title='bbox 305 346 403 400; x_wconf 60' lang='grc' dir='ltr'><strong>εδδ</strong></span> 
     </span>
    </p>
   </div>
   <div class='ocr_carea' id='block_1_2' title="bbox 1390 342 2424 404">
    <p class='ocr_par' dir='ltr' id='par_1_2' title="bbox 1390 342 2424 404">
     <span class='ocr_line' id='line_1_2' title="bbox 1390 342 2424 404; baseline -0.007 -1"><span class='ocrx_word' id='word_1_2' title='bbox 1390 346 1852 404; x_wconf 74' lang='lat' dir='ltr'><strong>CLEMENTINA.</strong></span> <span class='ocrx_word' id='word_1_3' title='bbox 1893 374 1964 388; x_wconf 91' lang='lat'><strong>—</strong></span> <span class='ocrx_word' id='word_1_4' title='bbox 1999 344 2284 399; x_wconf 80' lang='lat' dir='ltr'><strong>HUMILIA</strong></span> <span class='ocrx_word' id='word_1_5' title='bbox 2315 342 2424 397; x_wconf 67' lang='lat' dir='ltr'><strong>XX.</strong></span> 
     </span>
    </p>
   </div>
   <div class='ocr_carea' id='block_1_3' title="bbox 3442 342 3548 397">
    <p class='ocr_par' dir='ltr' id='par_1_3' title="bbox 3442 342 3548 397">
     <span class='ocr_line' id='line_1_3' title="bbox 3442 342 3548 397; baseline 0 -2"><span class='ocrx_word' id='word_1_6' title='bbox 3442 342 3548 397; x_wconf 64' lang='lat'><strong>466</strong></span> 
     </span>
    </p>
   </div>
   <div class='ocr_carea' id='block_1_4' title="bbox 299 449 1876 532">
    <p class='ocr_par' dir='ltr' id='par_1_4' title="bbox 299 459 1874 532">
     <span class='ocr_line' id='line_1_4' title="bbox 299 459 1874 532; baseline -0.002 -16"><span class='ocrx_word' id='word_1_7' title='bbox 299 464 560 530; x_wconf 75' lang='grc' dir='ltr'><strong>κηρύσσω</strong></span> <span class='ocrx_word' id='word_1_8' title='bbox 582 459 858 529; x_wconf 86' lang='grc' dir='ltr'>ὁμολογῶν</span> <span class='ocrx_word' id='word_1_9' title='bbox 873 460 941 524; x_wconf 85' lang='lat'><strong>&quot;,</strong></span> <span class='ocrx_word' id='word_1_10' title='bbox 971 460 1168 524; x_wconf 81' lang='grc' dir='ltr'><strong>ἀδίκως</strong></span> <span class='ocrx_word' id='word_1_11' title='bbox 1201 459 1667 532; x_wconf 79' lang='grc' dir='ltr'>καταψεύ[σασθαι</span> <span class='ocrx_word' id='word_1_12' title='bbox 1689 460 1757 515; x_wconf 87' lang='grc' dir='ltr'><strong>τά</strong></span> <span class='ocrx_word' id='word_1_13' title='bbox 1780 459 1874 514; x_wconf 87' lang='grc' dir='ltr'><strong>τοῦ</strong></span> 
     </span>
    </p>
   </div>
   <div class='ocr_carea' id='block_1_5' title="bbox 1975 449 3546 532">
    <p class='ocr_par' dir='ltr' id='par_1_5' title="bbox 1980 455 3546 527">
     <span class='ocr_line' id='line_1_5' title="bbox 1980 455 3546 527; baseline -0.003 -17"><span class='ocrx_word' id='word_1_14' title='bbox 1980 457 2244 511; x_wconf 75' lang='lat' dir='ltr'><strong>annuntio</strong></span> <span class='ocrx_word' id='word_1_15' title='bbox 2281 469 2444 526; x_wconf 87' lang='lat' dir='ltr'><strong>atque</strong></span> <span class='ocrx_word' id='word_1_16' title='bbox 2479 456 2652 510; x_wconf 86' lang='lat' dir='ltr'><strong>fateor</strong></span> <span class='ocrx_word' id='word_1_17' title='bbox 2693 473 2779 511; x_wconf 88' lang='lat' dir='ltr'><strong>me</strong></span> <span class='ocrx_word' id='word_1_18' title='bbox 2826 458 3009 527; x_wconf 86' lang='lat' dir='ltr'><strong>inique</strong></span> <span class='ocrx_word' id='word_1_19' title='bbox 3047 458 3114 512; x_wconf 85' lang='lat' dir='ltr'><strong>de</strong></span> <span class='ocrx_word' id='word_1_20' title='bbox 3150 456 3311 510; x_wconf 84' lang='lat' dir='ltr'><strong>Petro</strong></span> <span class='ocrx_word' id='word_1_21' title='bbox 3347 455 3546 508; x_wconf 86' lang='lat' dir='ltr'><strong>menti-</strong></span> 
     </span>
    </p>
   </div>
   <div class='ocr_carea' id='block_1_6' title="bbox 297 550 1877 624">
    <p class='ocr_par' dir='ltr' id='par_1_6' title="bbox 297 550 1877 624">
     <span class='ocr_line' id='line_1_6' title="bbox 297 550 1877 624; baseline 0.003 -21"><span class='ocrx_word' id='word_1_22' title='bbox 297 550 539 622; x_wconf 75' lang='grc' dir='ltr'>Πέτρουο</span> <span class='ocrx_word' id='word_1_23' title='bbox 566 551 629 604; x_wconf 79' lang='grc' dir='ltr'>οὐ</span> <span class='ocrx_word' id='word_1_24' title='bbox 657 551 789 624; x_wconf 89' lang='grc' dir='ltr'>γάρ]</span> <span class='ocrx_word' id='word_1_25' title='bbox 812 553 928 605; x_wconf 87' lang='grc' dir='ltr'>ἐστι</span> <span class='ocrx_word' id='word_1_26' title='bbox 950 552 1168 617; x_wconf 89' lang='grc' dir='ltr'>πλάνος,</span> <span class='ocrx_word' id='word_1_27' title='bbox 1197 554 1259 606; x_wconf 87' lang='grc' dir='ltr'>οὑ</span> <span class='ocrx_word' id='word_1_28' title='bbox 1297 553 1598 623; x_wconf 82' lang='grc' dir='ltr'><strong>μιαιφόνος,</strong></span> <span class='ocrx_word' id='word_1_29' title='bbox 1630 553 1694 606; x_wconf 88' lang='grc' dir='ltr'>οὺ</span> <span class='ocrx_word' id='word_1_30' title='bbox 1723 552 1877 624; x_wconf 88' lang='grc' dir='ltr'>γόης,</span> 
     </span>
    </p>
   </div>
   <div class='ocr_carea' id='block_1_7' title="bbox 294 643 1880 716">
    <p class='ocr_par' dir='ltr' id='par_1_7' title="bbox 294 643 1880 716">
     <span class='ocr_line' id='line_1_7' title="bbox 294 643 1880 716; baseline 0.001 -20"><span class='ocrx_word' id='word_1_31' title='bbox 294 643 416 696; x_wconf 82' lang='grc' dir='ltr'>οὐδὲ</span> <span class='ocrx_word' id='word_1_32' title='bbox 449 644 551 696; x_wconf 84' lang='grc' dir='ltr'>ὅσα</span> <span class='ocrx_word' id='word_1_33' title='bbox 585 643 713 696; x_wconf 81' lang='grc' dir='ltr'>ποτὲ</span> <span class='ocrx_word' id='word_1_34' title='bbox 747 643 926 712; x_wconf 83' lang='grc' dir='ltr'>φαῦλα</span> <span class='ocrx_word' id='word_1_35' title='bbox 962 646 1092 716; x_wconf 73' lang='grc' dir='ltr'>περὶ</span> <span class='ocrx_word' id='word_1_36' title='bbox 1119 643 1284 698; x_wconf 85' lang='grc' dir='ltr'>αὑτοῦ</span> <span class='ocrx_word' id='word_1_37' title='bbox 1312 645 1485 715; x_wconf 83' lang='grc' dir='ltr'>λέγων</span> <span class='ocrx_word' id='word_1_38' title='bbox 1519 643 1746 714; x_wconf 72' lang='grc' dir='ltr'>ἔφθανον</span> <span class='ocrx_word' id='word_1_39' title='bbox 1775 645 1880 697; x_wconf 83' lang='grc' dir='ltr'><strong>ὑπὸ</strong></span> 
     </span>
    </p>
   </div>
   <div class='ocr_carea' id='block_1_8' title="bbox 294 733 1880 806">
    <p class='ocr_par' dir='ltr' id='par_1_8' title="bbox 294 733 1880 806">
     <span class='ocr_line' id='line_1_8' title="bbox 294 733 1880 806; baseline 0 -18"><span class='ocrx_word' id='word_1_40' title='bbox 294 733 467 804; x_wconf 83' lang='grc' dir='ltr'>θυμοῦ</span> <span class='ocrx_word' id='word_1_41' title='bbox 508 733 886 805; x_wconf 79' lang='grc' dir='ltr'>ἐλαυνόμενος.</span> <span class='ocrx_word' id='word_1_42' title='bbox 931 736 1133 806; x_wconf 88' lang='grc' dir='ltr'>Δέομαι</span> <span class='ocrx_word' id='word_1_43' title='bbox 1177 735 1331 806; x_wconf 81' lang='grc' dir='ltr'>ὑμῶν</span> <span class='ocrx_word' id='word_1_44' title='bbox 1359 735 1522 800; x_wconf 76' lang='grc' dir='ltr'>αὐτὸς</span> <span class='ocrx_word' id='word_1_45' title='bbox 1553 735 1694 804; x_wconf 82' lang='grc' dir='ltr'>ἐγὼ,</span> <span class='ocrx_word' id='word_1_46' title='bbox 1726 737 1756 788; x_wconf 86' lang='grc' dir='ltr'><strong>ὁ</strong></span> <span class='ocrx_word' id='word_1_47' title='bbox 1785 735 1880 788; x_wconf 89' lang='grc' dir='ltr'><strong>τοῦ</strong></span> 
     </span>
    </p>
   </div>
   <div class='ocr_carea' id='block_1_9' title="bbox 295 823 1880 897">
    <p class='ocr_par' dir='ltr' id='par_1_9' title="bbox 295 823 1880 897">
     <span class='ocr_line' id='line_1_9' title="bbox 295 823 1880 897; baseline 0.002 -22"><span class='ocrx_word' id='word_1_48' title='bbox 295 823 435 895; x_wconf 82' lang='grc' dir='ltr'>πρὸς</span> <span class='ocrx_word' id='word_1_49' title='bbox 475 824 622 895; x_wconf 74' lang='grc' dir='ltr'>ὑμᾶς</span> <span class='ocrx_word' id='word_1_50' title='bbox 671 825 863 895; x_wconf 78' lang='grc' dir='ltr'>μίσους</span> <span class='ocrx_word' id='word_1_51' title='bbox 902 827 1072 889; x_wconf 74' lang='grc' dir='ltr'>αἴτιος</span> <span class='ocrx_word' id='word_1_52' title='bbox 1102 826 1251 897; x_wconf 86' lang='grc' dir='ltr'><strong>αὺτῷ</strong></span> <span class='ocrx_word' id='word_1_53' title='bbox 1283 825 1555 895; x_wconf 87' lang='grc' dir='ltr'>γεγονὼς,</span> <span class='ocrx_word' id='word_1_54' title='bbox 1601 826 1880 880; x_wconf 82' lang='grc' dir='ltr'><strong>παύσασθε</strong></span> 
     </span>
    </p>
   </div>
   <div class='ocr_carea' id='block_1_10' title="bbox 291 913 1882 989">
    <p class='ocr_par' dir='ltr' id='par_1_10' title="bbox 291 913 1882 989">
     <span class='ocr_line' id='line_1_10' title="bbox 291 913 1882 989; baseline 0.003 -24"><span class='ocrx_word' id='word_1_55' title='bbox 291 913 586 984; x_wconf 83' lang='grc' dir='ltr'>μισοῦντες</span> <span class='ocrx_word' id='word_1_56' title='bbox 598 915 759 968; x_wconf 83' lang='grc' dir='ltr'>αὐτόν</span> <span class='ocrx_word' id='word_1_57' title='bbox 773 932 786 944; x_wconf 91' lang='grc'><strong>·</strong></span> <span class='ocrx_word' id='word_1_58' title='bbox 809 915 905 969; x_wconf 89' lang='grc' dir='ltr'><strong>τοῦ</strong></span> <span class='ocrx_word' id='word_1_59' title='bbox 927 914 1036 988; x_wconf 86' lang='grc' dir='ltr'><strong>γὰρ</strong></span> <span class='ocrx_word' id='word_1_60' title='bbox 1055 917 1159 970; x_wconf 77' lang='grc' dir='ltr'><strong>ὑπὸ</strong></span> <span class='ocrx_word' id='word_1_61' title='bbox 1173 916 1310 970; x_wconf 90' lang='grc' dir='ltr'>Θεοῦ</span> <span class='ocrx_word' id='word_1_62' title='bbox 1342 917 1479 989; x_wconf 77' lang='grc' dir='ltr'>πρὸς</span> <span class='ocrx_word' id='word_1_63' title='bbox 1500 917 1772 989; x_wconf 73' lang='grc' dir='ltr'><strong>σωτηρίαν</strong></span> <span class='ocrx_word' id='word_1_64' title='bbox 1799 917 1882 970; x_wconf 82' lang='grc' dir='ltr'>κό-</span> 
     </span>
    </p>
   </div>
   <div class='ocr_carea' id='block_1_11' title="bbox 293 1007 1882 1083">
    <p class='ocr_par' dir='ltr' id='par_1_11' title="bbox 293 1007 1882 1083">
     <span class='ocr_line' id='line_1_11' title="bbox 293 1007 1882 1083; baseline 0.004 -25"><span class='ocrx_word' id='word_1_65' title='bbox 293 1021 438 1076; x_wconf 88' lang='grc' dir='ltr'>σμου</span> <span class='ocrx_word' id='word_1_66' title='bbox 459 1007 872 1079; x_wconf 83' lang='grc' dir='ltr'>ἀπεσταλμένου</span> <span class='ocrx_word' id='word_1_67' title='bbox 891 1008 1124 1080; x_wconf 83' lang='grc' dir='ltr'>ἀληθοῦς</span> <span class='ocrx_word' id='word_1_68' title='bbox 1143 1011 1421 1082; x_wconf 84' lang='grc' dir='ltr'>προφήτου</span> <span class='ocrx_word' id='word_1_69' title='bbox 1459 1010 1622 1082; x_wconf 64' lang='grc'><strong>413</strong></span> <span class='ocrx_word' id='word_1_70' title='bbox 1677 1010 1882 1083; x_wconf 87' lang='grc' dir='ltr'>ἀληθής</span> 
     </span>
    </p>
   </div>
   <div class='ocr_carea' id='block_1_12' title="bbox 283 1098 1881 1174">
    <p class='ocr_par' dir='ltr' id='par_1_12' title="bbox 283 1098 1881 1174">
     <span class='ocr_line' id='line_1_12' title="bbox 283 1098 1881 1174; baseline 0.004 -24"><span class='ocrx_word' id='word_1_71' title='bbox 283 1099 443 1152; x_wconf 79' lang='grc' dir='ltr'>ἐστιν</span> <span class='ocrx_word' id='word_1_72' title='bbox 456 1098 775 1163; x_wconf 82' lang='grc' dir='ltr'><strong>ἀπόστολος.</strong></span> <span class='ocrx_word' id='word_1_73' title='bbox 793 1100 883 1152; x_wconf 83' lang='grc' dir='ltr'><strong>Διὸ</strong></span> <span class='ocrx_word' id='word_1_74' title='bbox 897 1100 990 1154; x_wconf 84' lang='grc' dir='ltr'>καὶ</span> <span class='ocrx_word' id='word_1_75' title='bbox 1004 1101 1165 1166; x_wconf 76' lang='grc' dir='ltr'>αὐτὸς</span> <span class='ocrx_word' id='word_1_76' title='bbox 1181 1101 1552 1173; x_wconf 72' lang='grc' dir='ltr'>ωμὸουλεύω,</span> <span class='ocrx_word' id='word_1_77' title='bbox 1570 1102 1719 1174; x_wconf 78' lang='grc' dir='ltr'>αὐτῷ</span> <span class='ocrx_word' id='word_1_78' title='bbox 1734 1105 1881 1174; x_wconf 82' lang='grc' dir='ltr'>ὑμᾶς</span> 
     </span>
    </p>
   </div>
   <div class='ocr_carea' id='block_1_13' title="bbox 291 1184 1882 1265">
    <p class='ocr_par' dir='ltr' id='par_1_13' title="bbox 291 1184 1882 1265">
     <span class='ocr_line' id='line_1_13' title="bbox 291 1184 1882 1265; baseline 0.003 -24"><span class='ocrx_word' id='word_1_79' title='bbox 291 1189 579 1244; x_wconf 83' lang='grc' dir='ltr'>πείθεσθαι</span> <span class='ocrx_word' id='word_1_80' title='bbox 604 1191 735 1263; x_wconf 74' lang='grc' dir='ltr'>περὶ</span> <span class='ocrx_word' id='word_1_81' title='bbox 758 1184 833 1244; x_wconf 79' lang='grc' dir='ltr'>ὧν</span> <span class='ocrx_word' id='word_1_82' title='bbox 861 1191 1140 1263; x_wconf 80' lang='grc' dir='ltr'><strong>κηρύσσω,</strong></span> <span class='ocrx_word' id='word_1_83' title='bbox 1165 1193 1288 1246; x_wconf 82' lang='grc' dir='ltr'>ἐπεὶ</span> <span class='ocrx_word' id='word_1_84' title='bbox 1313 1194 1463 1246; x_wconf 79' lang='grc' dir='ltr'>πᾶσα</span> <span class='ocrx_word' id='word_1_85' title='bbox 1487 1193 1644 1265; x_wconf 79' lang='grc' dir='ltr'>ὑμῶν</span> <span class='ocrx_word' id='word_1_86' title='bbox 1668 1195 1701 1264; x_wconf 79' lang='grc' dir='ltr'>ἡ</span> <span class='ocrx_word' id='word_1_87' title='bbox 1726 1193 1882 1256; x_wconf 85' lang='grc' dir='ltr'>πόλις</span> 
     </span>
    </p>
   </div>
   <div class='ocr_carea' id='block_1_14' title="bbox 289 1281 1879 1357">
    <p class='ocr_par' dir='ltr' id='par_1_14' title="bbox 289 1281 1879 1357">
     <span class='ocr_line' id='line_1_14' title="bbox 289 1281 1879 1357; baseline 0.004 -24"><span class='ocrx_word' id='word_1_88' title='bbox 289 1281 462 1352; x_wconf 75' lang='grc' dir='ltr'>ἄρδην</span> <span class='ocrx_word' id='word_1_89' title='bbox 493 1283 797 1336; x_wconf 89' lang='grc' dir='ltr'>ἀπολεῖται.</span> <span class='ocrx_word' id='word_1_90' title='bbox 827 1283 905 1337; x_wconf 81' lang='grc' dir='ltr'><strong>Δι’</strong></span> <span class='ocrx_word' id='word_1_91' title='bbox 935 1285 1000 1356; x_wconf 77' lang='grc' dir='ltr'>ἣν</span> <span class='ocrx_word' id='word_1_92' title='bbox 1026 1284 1082 1337; x_wconf 84' lang='grc' dir='ltr'><strong>δὲ</strong></span> <span class='ocrx_word' id='word_1_93' title='bbox 1107 1285 1286 1338; x_wconf 80' lang='grc' dir='ltr'>αἰτίαν</span> <span class='ocrx_word' id='word_1_94' title='bbox 1315 1286 1444 1356; x_wconf 83' lang='grc' dir='ltr'>ὑμῖν</span> <span class='ocrx_word' id='word_1_95' title='bbox 1466 1285 1640 1339; x_wconf 90' lang='grc' dir='ltr'>ταῦτα</span> <span class='ocrx_word' id='word_1_96' title='bbox 1669 1285 1879 1357; x_wconf 83' lang='grc' dir='ltr'>ὡμολό-</span> 
     </span>
    </p>
   </div>
   <div class='ocr_carea' id='block_1_15' title="bbox 291 1375 1882 1450">
    <p class='ocr_par' dir='ltr' id='par_1_15' title="bbox 291 1375 1882 1450">
     <span class='ocr_line' id='line_1_15' title="bbox 291 1375 1882 1450; baseline 0.004 -24"><span class='ocrx_word' id='word_1_97' title='bbox 291 1390 463 1444; x_wconf 88' lang='grc' dir='ltr'>γησα,</span> <span class='ocrx_word' id='word_1_98' title='bbox 497 1375 696 1430; x_wconf 78' lang='grc' dir='ltr'>ειδέναι</span> <span class='ocrx_word' id='word_1_99' title='bbox 725 1376 869 1447; x_wconf 81' lang='grc' dir='ltr'>ὑμᾶς</span> <span class='ocrx_word' id='word_1_100' title='bbox 895 1376 1055 1430; x_wconf 90' lang='grc' dir='ltr'>θέλω.</span> <span class='ocrx_word' id='word_1_101' title='bbox 1084 1377 1300 1450; x_wconf 83' lang='grc' dir='ltr'>Ταύτης</span> <span class='ocrx_word' id='word_1_102' title='bbox 1323 1379 1422 1450; x_wconf 84' lang='grc' dir='ltr'>τῆς</span> <span class='ocrx_word' id='word_1_103' title='bbox 1446 1378 1639 1444; x_wconf 84' lang='grc' dir='ltr'>νυκτὸς</span> <span class='ocrx_word' id='word_1_104' title='bbox 1663 1379 1882 1448; x_wconf 76' lang='grc' dir='ltr'>ἄγγελοί</span> 
     </span>
    </p>
   </div>
   <div class='ocr_carea' id='block_1_16' title="bbox 292 1466 1882 1542">
    <p class='ocr_par' dir='ltr' id='par_1_16' title="bbox 292 1466 1882 1542">
     <span class='ocr_line' id='line_1_16' title="bbox 292 1466 1882 1542; baseline 0.004 -24"><span class='ocrx_word' id='word_1_105' title='bbox 292 1483 363 1536; x_wconf 86' lang='grc' dir='ltr'><strong>με</strong></span> <span class='ocrx_word' id='word_1_106' title='bbox 393 1467 490 1520; x_wconf 84' lang='grc' dir='ltr'><strong>τοῦ</strong></span> <span class='ocrx_word' id='word_1_107' title='bbox 519 1466 680 1532; x_wconf 86' lang='grc' dir='ltr'>Θεοῦ,</span> <span class='ocrx_word' id='word_1_108' title='bbox 701 1468 793 1523; x_wconf 82' lang='grc' dir='ltr'>τὸν</span> <span class='ocrx_word' id='word_1_109' title='bbox 819 1469 1013 1540; x_wconf 79' lang='grc' dir='ltr'>ἀσεϐῆ,</span> <span class='ocrx_word' id='word_1_110' title='bbox 1043 1469 1120 1534; x_wconf 85' lang='grc' dir='ltr'>ὡς</span> <span class='ocrx_word' id='word_1_111' title='bbox 1146 1469 1338 1541; x_wconf 74' lang='grc' dir='ltr'>ἐχθρὸν</span> <span class='ocrx_word' id='word_1_112' title='bbox 1366 1470 1495 1525; x_wconf 77' lang='grc' dir='ltr'>ὄντα</span> <span class='ocrx_word' id='word_1_113' title='bbox 1522 1470 1602 1542; x_wconf 84' lang='grc' dir='ltr'>τῷ</span> <span class='ocrx_word' id='word_1_114' title='bbox 1624 1471 1723 1542; x_wconf 83' lang='grc' dir='ltr'>τῆς</span> <span class='ocrx_word' id='word_1_115' title='bbox 1749 1469 1882 1542; x_wconf 87' lang='grc' dir='ltr'>ἀλη-</span> 
     </span>
    </p>
   </div>
   <div class='ocr_carea' id='block_1_17' title="bbox 287 1546 1877 1632">
    <p class='ocr_par' dir='ltr' id='par_1_17' title="bbox 287 1546 1877 1632">
     <span class='ocr_line' id='line_1_17' title="bbox 287 1546 1877 1632; baseline 0.004 -24"><span class='ocrx_word' id='word_1_116' title='bbox 287 1555 444 1620; x_wconf 88' lang='grc' dir='ltr'>θείας</span> <span class='ocrx_word' id='word_1_117' title='bbox 484 1559 720 1630; x_wconf 86' lang='grc' dir='ltr'>κήρυκι,</span> <span class='ocrx_word' id='word_1_118' title='bbox 756 1557 945 1622; x_wconf 82' lang='grc' dir='ltr'>δεινῶς</span> <span class='ocrx_word' id='word_1_119' title='bbox 987 1546 1340 1630; x_wconf 82' lang='grc' dir='ltr'>ἐμαστίγουν.</span> <span class='ocrx_word' id='word_1_120' title='bbox 1389 1560 1702 1632; x_wconf 83' lang='grc' dir='ltr'>Παρακαλῶ</span> <span class='ocrx_word' id='word_1_121' title='bbox 1751 1555 1877 1624; x_wconf 81' lang='grc' dir='ltr'>οὖν,</span> 
     </span>
    </p>
   </div>
   <div class='ocr_carea' id='block_1_18' title="bbox 291 1648 1882 1725">
    <p class='ocr_par' dir='ltr' id='par_1_18' title="bbox 291 1648 1882 1725">
     <span class='ocr_line' id='line_1_18' title="bbox 291 1648 1882 1725; baseline 0.004 -24"><span class='ocrx_word' id='word_1_122' title='bbox 291 1649 419 1718; x_wconf 75' lang='grc' dir='ltr'>μηδ’</span> <span class='ocrx_word' id='word_1_123' title='bbox 451 1648 520 1702; x_wconf 79' lang='grc' dir='ltr'><strong>ἀν</strong></span> <span class='ocrx_word' id='word_1_124' title='bbox 546 1650 711 1714; x_wconf 85' lang='grc' dir='ltr'>αὐτὸς</span> <span class='ocrx_word' id='word_1_125' title='bbox 739 1649 849 1720; x_wconf 88' lang='grc' dir='ltr'>ἐγὼ</span> <span class='ocrx_word' id='word_1_126' title='bbox 876 1651 1066 1705; x_wconf 71' lang='grc' dir='ltr'>ἄλλοτε</span> <span class='ocrx_word' id='word_1_127' title='bbox 1093 1651 1340 1706; x_wconf 83' lang='grc' dir='ltr'>ἐπελθὼν</span> <span class='ocrx_word' id='word_1_128' title='bbox 1363 1652 1504 1706; x_wconf 87' lang='grc' dir='ltr'><strong>κατά</strong></span> <span class='ocrx_word' id='word_1_129' title='bbox 1533 1653 1739 1725; x_wconf 83' lang='grc' dir='ltr'>Πέτρου</span> <span class='ocrx_word' id='word_1_130' title='bbox 1771 1655 1882 1707; x_wconf 87' lang='grc' dir='ltr'>ἐπι-</span> 
     </span>
    </p>
   </div>
   <div class='ocr_carea' id='block_1_19' title="bbox 287 1740 1880 1815">
    <p class='ocr_par' dir='ltr' id='par_1_19' title="bbox 287 1740 1880 1815">
     <span class='ocr_line' id='line_1_19' title="bbox 287 1740 1880 1815; baseline 0.002 -22"><span class='ocrx_word' id='word_1_131' title='bbox 287 1740 495 1811; x_wconf 84' lang='grc' dir='ltr'>χειρῶν</span> <span class='ocrx_word' id='word_1_132' title='bbox 538 1740 713 1810; x_wconf 90' lang='grc' dir='ltr'>λέγω,</span> <span class='ocrx_word' id='word_1_133' title='bbox 765 1742 840 1814; x_wconf 82' lang='grc' dir='ltr'>μὴ</span> <span class='ocrx_word' id='word_1_134' title='bbox 881 1742 1214 1814; x_wconf 78' lang='grc' dir='ltr'>ἀποδέξησθέ</span> <span class='ocrx_word' id='word_1_135' title='bbox 1273 1761 1362 1814; x_wconf 87' lang='grc' dir='ltr'><strong>με.</strong></span> <span class='ocrx_word' id='word_1_136' title='bbox 1422 1743 1880 1815; x_wconf 82' lang='grc' dir='ltr'>Ἐξομολογοῦμαι</span> 
     </span>
    </p>
   </div>
   <div class='ocr_carea' id='block_1_20' title="bbox 287 1834 1882 1912">
    <p class='ocr_par' dir='ltr' id='par_1_20' title="bbox 287 1834 1882 1912">
     <span class='ocr_line' id='line_1_20' title="bbox 287 1834 1882 1912; baseline 0.002 -21"><span class='ocrx_word' id='word_1_137' title='bbox 287 1838 399 1909; x_wconf 76' lang='grc' dir='ltr'><strong>γὰρ</strong></span> <span class='ocrx_word' id='word_1_138' title='bbox 417 1839 582 1909; x_wconf 84' lang='grc' dir='ltr'>ύμῖν·</span> <span class='ocrx_word' id='word_1_139' title='bbox 647 1834 757 1908; x_wconf 81' lang='grc' dir='ltr'>ἐγὼ</span> <span class='ocrx_word' id='word_1_140' title='bbox 780 1839 954 1910; x_wconf 89' lang='grc' dir='ltr'>μάγος</span> <span class='ocrx_word' id='word_1_141' title='bbox 973 1881 987 1905; x_wconf 93' lang='grc'><strong>,</strong></span> <span class='ocrx_word' id='word_1_142' title='bbox 1011 1839 1121 1908; x_wconf 86' lang='grc' dir='ltr'>ἐγὼ</span> <span class='ocrx_word' id='word_1_143' title='bbox 1143 1840 1343 1904; x_wconf 81' lang='grc' dir='ltr'>πλάνος</span> <span class='ocrx_word' id='word_1_144' title='bbox 1361 1881 1378 1905; x_wconf 91' lang='grc'><strong>,</strong></span> <span class='ocrx_word' id='word_1_145' title='bbox 1402 1839 1514 1910; x_wconf 83' lang='grc' dir='ltr'>ἐγὼ</span> <span class='ocrx_word' id='word_1_146' title='bbox 1537 1840 1688 1912; x_wconf 88' lang='grc' dir='ltr'>γόης.</span> <span class='ocrx_word' id='word_1_147' title='bbox 1726 1841 1882 1906; x_wconf 80' lang='grc' dir='ltr'><strong>Ἔξε-</strong></span> 
     </span>
    </p>
   </div>
   <div class='ocr_carea' id='block_1_21' title="bbox 286 1931 1886 2005">
    <p class='ocr_par' dir='ltr' id='par_1_21' title="bbox 286 1931 1886 2005">
     <span class='ocr_line' id='line_1_21' title="bbox 286 1931 1886 2005; baseline 0.002 -22"><span class='ocrx_word' id='word_1_148' title='bbox 286 1949 379 1984; x_wconf 85' lang='grc' dir='ltr'><strong>στι</strong></span> <span class='ocrx_word' id='word_1_149' title='bbox 404 1931 518 2003; x_wconf 88' lang='grc' dir='ltr'><strong>γάρ</strong></span> <span class='ocrx_word' id='word_1_150' title='bbox 547 1932 698 1996; x_wconf 75' lang='grc' dir='ltr'>ἴσως,</span> <span class='ocrx_word' id='word_1_151' title='bbox 735 1933 994 2004; x_wconf 71' lang='grc' dir='ltr'>μετανοίᾳ,</span> <span class='ocrx_word' id='word_1_152' title='bbox 1019 1932 1294 1987; x_wconf 89' lang='grc' dir='ltr'>ἀπολῦσαι</span> <span class='ocrx_word' id='word_1_153' title='bbox 1315 1931 1386 1986; x_wconf 81' lang='grc' dir='ltr'><strong>τὰ</strong></span> <span class='ocrx_word' id='word_1_154' title='bbox 1411 1933 1886 2005; x_wconf 80' lang='grc' dir='ltr'>προ-πεπραγμένα</span> 
     </span>
    </p>
   </div>
   <div class='ocr_carea' id='block_1_22' title="bbox 288 2024 811 2096">
    <p class='ocr_par' dir='ltr' id='par_1_22' title="bbox 288 2024 811 2096">
     <span class='ocr_line' id='line_1_22' title="bbox 288 2024 811 2096; baseline 0.002 -21"><span class='ocrx_word' id='word_1_155' title='bbox 288 2039 381 2091; x_wconf 75' lang='grc' dir='ltr'><strong>μοι</strong></span> <span class='ocrx_word' id='word_1_156' title='bbox 409 2024 631 2096; x_wconf 86' lang='grc' dir='ltr'>ἀμαρτή</span> <span class='ocrx_word' id='word_1_157' title='bbox 640 2041 811 2094; x_wconf 88' lang='grc' dir='ltr'>ματα.</span> 
     </span>
    </p>
   </div>
   <div class='ocr_carea' id='block_1_23' title="bbox 355 2114 1882 2190">
    <p class='ocr_par' dir='ltr' id='par_1_23' title="bbox 355 2114 1882 2190">
     <span class='ocr_line' id='line_1_23' title="bbox 355 2114 1882 2190; baseline 0.001 -20"><span class='ocrx_word' id='word_1_158' title='bbox 355 2115 482 2170; x_wconf 77' lang='lat' dir='ltr'><strong>XX.</strong></span> <span class='ocrx_word' id='word_1_159' title='bbox 509 2117 698 2172; x_wconf 87' lang='grc' dir='ltr'>Ταῦτα</span> <span class='ocrx_word' id='word_1_160' title='bbox 739 2117 832 2170; x_wconf 85' lang='grc' dir='ltr'><strong>τοῦ</strong></span> <span class='ocrx_word' id='word_1_161' title='bbox 881 2118 1087 2188; x_wconf 81' lang='grc' dir='ltr'>Πέτρου</span> <span class='ocrx_word' id='word_1_162' title='bbox 1128 2117 1539 2189; x_wconf 81' lang='grc' dir='ltr'>ὑποτιθεμένου,</span> <span class='ocrx_word' id='word_1_163' title='bbox 1570 2114 1726 2182; x_wconf 82' lang='grc' dir='ltr'>υῐδα,</span> <span class='ocrx_word' id='word_1_164' title='bbox 1773 2118 1882 2190; x_wconf 75' lang='grc' dir='ltr'>ἔφη</span> 
     </span>
    </p>
   </div>
   <div class='ocr_carea' id='block_1_24' title="bbox 281 2197 1880 2281">
    <p class='ocr_par' dir='ltr' id='par_1_24' title="bbox 281 2197 1880 2281">
     <span class='ocr_line' id='line_1_24' title="bbox 281 2197 1880 2281; baseline 0.004 -21"><span class='ocrx_word' id='word_1_165' title='bbox 281 2209 312 2260; x_wconf 82' lang='grc' dir='ltr'><strong>ὁ</strong></span> <span class='ocrx_word' id='word_1_166' title='bbox 337 2210 548 2281; x_wconf 79' lang='grc' dir='ltr'>πατὴρ,</span> <span class='ocrx_word' id='word_1_167' title='bbox 577 2210 678 2262; x_wconf 83' lang='grc' dir='ltr'>ὅτι</span> <span class='ocrx_word' id='word_1_168' title='bbox 715 2209 910 2280; x_wconf 84' lang='grc' dir='ltr'>βούλει.</span> <span class='ocrx_word' id='word_1_169' title='bbox 957 2209 1048 2262; x_wconf 82' lang='grc' dir='ltr'><strong>Διὸ</strong></span> <span class='ocrx_word' id='word_1_170' title='bbox 1076 2209 1150 2280; x_wconf 81' lang='grc' dir='ltr'>μὴ</span> <span class='ocrx_word' id='word_1_171' title='bbox 1189 2209 1384 2281; x_wconf 84' lang='grc' dir='ltr'>κάμνε.</span> <span class='ocrx_word' id='word_1_172' title='bbox 1432 2210 1586 2281; x_wconf 76' lang='grc' dir='ltr'>Ἐμοὶ</span> <span class='ocrx_word' id='word_1_173' title='bbox 1624 2210 1734 2279; x_wconf 86' lang='grc' dir='ltr'>γὰρ</span> <span class='ocrx_word' id='word_1_174' title='bbox 1761 2197 1880 2280; x_wconf 77' lang='grc' dir='ltr'><strong>οὐχ’</strong></span> 
     </span>
    </p>
   </div>
   <div class='ocr_carea' id='block_1_25' title="bbox 277 2298 1880 2374">
    <p class='ocr_par' dir='ltr' id='par_1_25' title="bbox 277 2298 1880 2374">
     <span class='ocr_line' id='line_1_25' title="bbox 277 2298 1880 2374; baseline -0.001 -19"><span class='ocrx_word' id='word_1_175' title='bbox 277 2298 447 2372; x_wconf 80' lang='grc' dir='ltr'>ἦττον</span> <span class='ocrx_word' id='word_1_176' title='bbox 482 2302 706 2374; x_wconf 86' lang='grc' dir='ltr'>μελήσει</span> <span class='ocrx_word' id='word_1_177' title='bbox 752 2303 931 2355; x_wconf 77' lang='grc' dir='ltr'>ἐκεῖσε</span> <span class='ocrx_word' id='word_1_178' title='bbox 957 2302 1164 2358; x_wconf 77' lang='grc' dir='ltr'>ἐλθόντι</span> <span class='ocrx_word' id='word_1_179' title='bbox 1183 2301 1546 2373; x_wconf 82' lang='grc' dir='ltr'>διαλεχθῆναι,</span> <span class='ocrx_word' id='word_1_180' title='bbox 1573 2301 1608 2356; x_wconf 76' lang='grc' dir='ltr'>ἃ</span> <span class='ocrx_word' id='word_1_181' title='bbox 1630 2301 1735 2373; x_wconf 82' lang='grc' dir='ltr'><strong>χρὴ</strong></span> <span class='ocrx_word' id='word_1_182' title='bbox 1755 2303 1880 2372; x_wconf 80' lang='grc' dir='ltr'>περὶ</span> 
     </span>
    </p>
   </div>
   <div class='ocr_carea' id='block_1_26' title="bbox 285 2392 1880 2466">
    <p class='ocr_par' dir='ltr' id='par_1_26' title="bbox 285 2392 1880 2466">
     <span class='ocr_line' id='line_1_26' title="bbox 285 2392 1880 2466; baseline 0.002 -21"><span class='ocrx_word' id='word_1_183' title='bbox 285 2392 381 2445; x_wconf 84' lang='grc' dir='ltr'><strong>σοῦ</strong></span> <span class='ocrx_word' id='word_1_184' title='bbox 412 2393 780 2462; x_wconf 84' lang='grc' dir='ltr'>διαλέγεσθαι.</span> <span class='ocrx_word' id='word_1_185' title='bbox 816 2395 925 2447; x_wconf 79' lang='grc' dir='ltr'><strong>Καὶ</strong></span> <span class='ocrx_word' id='word_1_186' title='bbox 945 2395 974 2446; x_wconf 85' lang='grc' dir='ltr'>ὁ</span> <span class='ocrx_word' id='word_1_187' title='bbox 1001 2396 1207 2466; x_wconf 87' lang='grc' dir='ltr'>Πέτρος</span> <span class='ocrx_word' id='word_1_188' title='bbox 1235 2394 1395 2449; x_wconf 88' lang='grc' dir='ltr'>πάλιν</span> <span class='ocrx_word' id='word_1_189' title='bbox 1424 2394 1735 2448; x_wconf 83' lang='grc' dir='ltr'>ὑπετίθετο’</span> <span class='ocrx_word' id='word_1_190' title='bbox 1752 2395 1880 2448; x_wconf 81' lang='grc' dir='ltr'>ὅταν</span> 
     </span>
    </p>
   </div>
   <div class='ocr_carea' id='block_1_27' title="bbox 281 2480 1876 2559">
    <p class='ocr_par' dir='ltr' id='par_1_27' title="bbox 281 2480 1876 2559">
     <span class='ocr_line' id='line_1_27' title="bbox 281 2480 1876 2559; baseline 0.002 -22"><span class='ocrx_word' id='word_1_191' title='bbox 281 2480 377 2537; x_wconf 81' lang='grc' dir='ltr'>οὖν</span> <span class='ocrx_word' id='word_1_192' title='bbox 420 2487 628 2558; x_wconf 82' lang='grc' dir='ltr'>νοήσῃς</span> <span class='ocrx_word' id='word_1_193' title='bbox 671 2486 772 2556; x_wconf 72' lang='grc' dir='ltr'>τὴν</span> <span class='ocrx_word' id='word_1_194' title='bbox 812 2485 966 2540; x_wconf 79' lang='grc' dir='ltr'>πόλιν</span> <span class='ocrx_word' id='word_1_195' title='bbox 1011 2487 1459 2558; x_wconf 81' lang='grc' dir='ltr'>μεταϐαλομένην</span> <span class='ocrx_word' id='word_1_196' title='bbox 1503 2487 1597 2540; x_wconf 86' lang='grc' dir='ltr'><strong>τοῦ</strong></span> <span class='ocrx_word' id='word_1_197' title='bbox 1653 2487 1876 2559; x_wconf 84' lang='grc' dir='ltr'>μίσους,</span> 
     </span>
    </p>
   </div>
   <div class='ocr_carea' id='block_1_28' title="bbox 280 2573 1880 2648">
    <p class='ocr_par' dir='ltr' id='par_1_28' title="bbox 280 2573 1880 2648">
     <span class='ocr_line' id='line_1_28' title="bbox 280 2573 1880 2648; baseline 0.003 -22"><span class='ocrx_word' id='word_1_198' title='bbox 280 2573 661 2644; x_wconf 80' lang='grc' dir='ltr'>ἐπιθυμοῦσαν</span> <span class='ocrx_word' id='word_1_199' title='bbox 689 2574 746 2627; x_wconf 86' lang='grc' dir='ltr'><strong>δέ</strong></span> <span class='ocrx_word' id='word_1_200' title='bbox 788 2575 914 2628; x_wconf 78' lang='grc' dir='ltr'>ἰδεῖν</span> <span class='ocrx_word' id='word_1_201' title='bbox 943 2577 1110 2647; x_wconf 79' lang='grc' dir='ltr'>ἡμᾶς,</span> <span class='ocrx_word' id='word_1_202' title='bbox 1143 2576 1364 2648; x_wconf 78' lang='grc' dir='ltr'>πέμψας</span> <span class='ocrx_word' id='word_1_203' title='bbox 1392 2576 1630 2648; x_wconf 76' lang='grc' dir='ltr'>δήλωσον</span> <span class='ocrx_word' id='word_1_204' title='bbox 1651 2593 1761 2648; x_wconf 85' lang='grc' dir='ltr'>μοι,</span> <span class='ocrx_word' id='word_1_205' title='bbox 1785 2578 1880 2631; x_wconf 77' lang='grc' dir='ltr'>καὶ</span> 
     </span>
    </p>
   </div>
   <div class='ocr_carea' id='block_1_29' title="bbox 281 2665 1878 2741">
    <p class='ocr_par' dir='ltr' id='par_1_29' title="bbox 281 2665 1878 2741">
     <span class='ocr_line' id='line_1_29' title="bbox 281 2665 1878 2741; baseline 0.001 -21"><span class='ocrx_word' id='word_1_206' title='bbox 281 2665 474 2720; x_wconf 81' lang='grc' dir='ltr'>αὐτόθι</span> <span class='ocrx_word' id='word_1_207' title='bbox 499 2667 1030 2739; x_wconf 78' lang='grc' dir='ltr'>ἐπικαταληψόμεθά</span> <span class='ocrx_word' id='word_1_208' title='bbox 1057 2686 1139 2723; x_wconf 90' lang='grc' dir='ltr'><strong>σε.</strong></span> <span class='ocrx_word' id='word_1_209' title='bbox 1164 2669 1461 2740; x_wconf 83' lang='grc' dir='ltr'>Γενόμενος</span> <span class='ocrx_word' id='word_1_210' title='bbox 1488 2669 1543 2722; x_wconf 86' lang='grc' dir='ltr'><strong>δὲ</strong></span> <span class='ocrx_word' id='word_1_211' title='bbox 1567 2669 1685 2723; x_wconf 88' lang='grc' dir='ltr'>ἐκεῖ</span> <span class='ocrx_word' id='word_1_212' title='bbox 1707 2669 1878 2741; x_wconf 84' lang='grc' dir='ltr'>αύθή-</span> 
     </span>
    </p>
   </div>
   <div class='ocr_carea' id='block_1_30' title="bbox 285 2757 1878 2831">
    <p class='ocr_par' dir='ltr' id='par_1_30' title="bbox 285 2757 1878 2831">
     <span class='ocr_line' id='line_1_30' title="bbox 285 2757 1878 2831; baseline 0.003 -22"><span class='ocrx_word' id='word_1_213' title='bbox 285 2775 455 2828; x_wconf 89' lang='grc' dir='ltr'>μερον</span> <span class='ocrx_word' id='word_1_214' title='bbox 497 2757 601 2828; x_wconf 82' lang='grc' dir='ltr'>τὴν</span> <span class='ocrx_word' id='word_1_215' title='bbox 631 2757 924 2830; x_wconf 83' lang='grc' dir='ltr'>ἀλλοτρίαν</span> <span class='ocrx_word' id='word_1_216' title='bbox 966 2777 1060 2812; x_wconf 93' lang='grc' dir='ltr'><strong>σου</strong></span> <span class='ocrx_word' id='word_1_217' title='bbox 1093 2760 1305 2831; x_wconf 83' lang='grc' dir='ltr'>μορφὴν</span> <span class='ocrx_word' id='word_1_218' title='bbox 1341 2760 1619 2824; x_wconf 84' lang='grc' dir='ltr'>ἀπελάσας</span> <span class='ocrx_word' id='word_1_219' title='bbox 1644 2761 1741 2831; x_wconf 79' lang='grc' dir='ltr'>τὴν</span> <span class='ocrx_word' id='word_1_220' title='bbox 1781 2760 1878 2831; x_wconf 83' lang='grc' dir='ltr'>σὴν</span> 
     </span>
    </p>
   </div>
   <div class='ocr_carea' id='block_1_31' title="bbox 282 2849 1878 2922">
    <p class='ocr_par' dir='ltr' id='par_1_31' title="bbox 282 2849 1878 2922">
     <span class='ocr_line' id='line_1_31' title="bbox 282 2849 1878 2922; baseline 0.001 -20"><span class='ocrx_word' id='word_1_221' title='bbox 282 2853 397 2914; x_wconf 82' lang='grc' dir='ltr'>τοῖς</span> <span class='ocrx_word' id='word_1_222' title='bbox 450 2851 572 2912; x_wconf 89' lang='grc' dir='ltr'>σοῖς</span> <span class='ocrx_word' id='word_1_223' title='bbox 605 2849 702 2903; x_wconf 64' lang='grc' dir='ltr'><strong>καὶ⁵</strong></span> <span class='ocrx_word' id='word_1_224' title='bbox 734 2852 867 2904; x_wconf 81' lang='grc' dir='ltr'>πᾶσι</span> <span class='ocrx_word' id='word_1_225' title='bbox 911 2855 1024 2914; x_wconf 84' lang='grc' dir='ltr'>τοῖς</span> <span class='ocrx_word' id='word_1_226' title='bbox 1070 2851 1250 2915; x_wconf 79' lang='grc' dir='ltr'>ἄλλοις</span> <span class='ocrx_word' id='word_1_227' title='bbox 1295 2851 1548 2916; x_wconf 84' lang='grc' dir='ltr'>ἀπλανῶς</span> <span class='ocrx_word' id='word_1_228' title='bbox 1593 2850 1878 2922; x_wconf 81' lang='grc' dir='ltr'>φαίνεσθαι</span> 
     </span>
    </p>
   </div>
   <div class='ocr_carea' id='block_1_32' title="bbox 284 2940 1878 3014">
    <p class='ocr_par' dir='ltr' id='par_1_32' title="bbox 284 2940 1878 3014">
     <span class='ocr_line' id='line_1_32' title="bbox 284 2940 1878 3014; baseline 0.003 -22"><span class='ocrx_word' id='word_1_229' title='bbox 284 2943 516 3012; x_wconf 76' lang='grc' dir='ltr'>ποιήσω.</span> <span class='ocrx_word' id='word_1_230' title='bbox 551 2940 734 2995; x_wconf 87' lang='grc' dir='ltr'>Ταῦτα</span> <span class='ocrx_word' id='word_1_231' title='bbox 755 2941 924 2995; x_wconf 86' lang='grc' dir='ltr'>είπὼν</span> <span class='ocrx_word' id='word_1_232' title='bbox 951 2945 1190 2995; x_wconf 87' lang='grc' dir='ltr'>συνεῖναι</span> <span class='ocrx_word' id='word_1_233' title='bbox 1209 2943 1358 3014; x_wconf 88' lang='grc' dir='ltr'><strong>αύτῷ</strong></span> <span class='ocrx_word' id='word_1_234' title='bbox 1381 2943 1508 3008; x_wconf 78' lang='grc' dir='ltr'>τοὺς</span> <span class='ocrx_word' id='word_1_235' title='bbox 1533 2944 1705 3008; x_wconf 79' lang='grc' dir='ltr'>υἱοὺς,</span> <span class='ocrx_word' id='word_1_236' title='bbox 1727 2944 1878 2998; x_wconf 84' lang='grc' dir='ltr'>ἀδελ-</span> 
     </span>
    </p>
   </div>
   <div class='ocr_carea' id='block_1_33' title="bbox 285 3030 1876 3108">
    <p class='ocr_par' dir='ltr' id='par_1_33' title="bbox 285 3030 1876 3108">
     <span class='ocr_line' id='line_1_33' title="bbox 285 3030 1876 3108; baseline 0.002 -23"><span class='ocrx_word' id='word_1_237' title='bbox 285 3033 420 3100; x_wconf 74' lang='grc' dir='ltr'>φοὺς</span> <span class='ocrx_word' id='word_1_238' title='bbox 448 3030 506 3083; x_wconf 83' lang='grc' dir='ltr'><strong>δὲ</strong></span> <span class='ocrx_word' id='word_1_239' title='bbox 532 3033 700 3102; x_wconf 86' lang='grc' dir='ltr'>ἐμοὺς</span> <span class='ocrx_word' id='word_1_240' title='bbox 722 3032 943 3102; x_wconf 87' lang='grc' dir='ltr'>ἐποίησε</span> <span class='ocrx_word' id='word_1_241' title='bbox 974 3034 1068 3086; x_wconf 74' lang='grc' dir='ltr'>καὶ</span> <span class='ocrx_word' id='word_1_242' title='bbox 1099 3035 1398 3089; x_wconf 86' lang='grc' dir='ltr'>Ματτιδίαν</span> <span class='ocrx_word' id='word_1_243' title='bbox 1417 3034 1464 3066; x_wconf 78' lang='grc'><strong>³⁸</strong></span> <span class='ocrx_word' id='word_1_244' title='bbox 1489 3073 1506 3099; x_wconf 85' lang='grc'><strong>,</strong></span> <span class='ocrx_word' id='word_1_245' title='bbox 1534 3036 1635 3108; x_wconf 84' lang='grc' dir='ltr'><strong>τὴν</strong></span> <span class='ocrx_word' id='word_1_246' title='bbox 1667 3036 1876 3107; x_wconf 84' lang='grc' dir='ltr'>μητέρα</span> 
     </span>
    </p>
   </div>
   <div class='ocr_carea' id='block_1_34' title="bbox 1981 545 3550 620">
    <p class='ocr_par' dir='ltr' id='par_1_34' title="bbox 1981 545 3550 620">
     <span class='ocr_line' id='line_1_34' title="bbox 1981 545 3550 620; baseline -0.002 -18"><span class='ocrx_word' id='word_1_247' title='bbox 1981 557 2094 602; x_wconf 91' lang='lat' dir='ltr'><strong>tum</strong></span> <span class='ocrx_word' id='word_1_248' title='bbox 2119 563 2273 613; x_wconf 90' lang='lat' dir='ltr'><strong>esse;</strong></span> <span class='ocrx_word' id='word_1_249' title='bbox 2300 565 2406 602; x_wconf 89' lang='lat' dir='ltr'><strong>non</strong></span> <span class='ocrx_word' id='word_1_250' title='bbox 2438 547 2584 604; x_wconf 88' lang='lat' dir='ltr'><strong>enim</strong></span> <span class='ocrx_word' id='word_1_251' title='bbox 2613 548 2701 602; x_wconf 88' lang='lat' dir='ltr'><strong>ille</strong></span> <span class='ocrx_word' id='word_1_252' title='bbox 2733 558 2816 604; x_wconf 90' lang='lat' dir='ltr'><strong>est</strong></span> <span class='ocrx_word' id='word_1_253' title='bbox 2842 549 3121 620; x_wconf 87' lang='lat' dir='ltr'><strong>deceptor,</strong></span> <span class='ocrx_word' id='word_1_254' title='bbox 3149 555 3246 604; x_wconf 85' lang='lat' dir='ltr'><strong>aut</strong></span> <span class='ocrx_word' id='word_1_255' title='bbox 3269 547 3413 604; x_wconf 70' lang='lat' dir='ltr'><strong>caede</strong></span> <span class='ocrx_word' id='word_1_256' title='bbox 3434 545 3550 617; x_wconf 63' lang='lat' dir='ltr'><strong>polo</strong></span> 
     </span>
    </p>
   </div>
   <div class='ocr_carea' id='block_1_35' title="bbox 1979 637 3548 712">
    <p class='ocr_par' dir='ltr' id='par_1_35' title="bbox 1979 637 3548 712">
     <span class='ocr_line' id='line_1_35' title="bbox 1979 637 3548 712; baseline -0.003 -17"><span class='ocrx_word' id='word_1_257' title='bbox 1979 641 2163 707; x_wconf 91' lang='lat' dir='ltr'><strong>lutus,</strong></span> <span class='ocrx_word' id='word_1_258' title='bbox 2196 653 2290 696; x_wconf 88' lang='lat' dir='ltr'><strong>aut</strong></span> <span class='ocrx_word' id='word_1_259' title='bbox 2321 641 2718 712; x_wconf 72' lang='lat' dir='ltr'><strong>przestigiator,</strong></span> <span class='ocrx_word' id='word_1_260' title='bbox 2747 648 2843 695; x_wconf 86' lang='lat' dir='ltr'><strong>aut</strong></span> <span class='ocrx_word' id='word_1_261' title='bbox 2867 657 2989 710; x_wconf 67' lang='lat' dir='ltr'><strong>quze</strong></span> <span class='ocrx_word' id='word_1_262' title='bbox 3018 640 3122 695; x_wconf 84' lang='lat' dir='ltr'><strong>alia</strong></span> <span class='ocrx_word' id='word_1_263' title='bbox 3157 647 3354 694; x_wconf 87' lang='lat' dir='ltr'><strong>cuncta</strong></span> <span class='ocrx_word' id='word_1_264' title='bbox 3383 637 3450 694; x_wconf 90' lang='lat' dir='ltr'><strong>de</strong></span> <span class='ocrx_word' id='word_1_265' title='bbox 3481 651 3548 692; x_wconf 86' lang='lat' dir='ltr'><strong>eo</strong></span> 
     </span>
    </p>
   </div>
   <div class='ocr_carea' id='block_1_36' title="bbox 1980 731 3546 804">
    <p class='ocr_par' dir='ltr' id='par_1_36' title="bbox 1980 731 3546 804">
     <span class='ocr_line' id='line_1_36' title="bbox 1980 731 3546 804; baseline -0.003 -16"><span class='ocrx_word' id='word_1_266' title='bbox 1980 735 2125 788; x_wconf 83' lang='lat' dir='ltr'><strong>mala</strong></span> <span class='ocrx_word' id='word_1_267' title='bbox 2150 734 2352 804; x_wconf 91' lang='lat' dir='ltr'><strong>protuli</strong></span> <span class='ocrx_word' id='word_1_268' title='bbox 2379 733 2567 789; x_wconf 86' lang='lat' dir='ltr'><strong>furore</strong></span> <span class='ocrx_word' id='word_1_269' title='bbox 2592 734 2874 789; x_wconf 85' lang='lat' dir='ltr'><strong>incitatus.</strong></span> <span class='ocrx_word' id='word_1_270' title='bbox 2904 733 3146 789; x_wconf 87' lang='lat' dir='ltr'><strong>Obsecro</strong></span> <span class='ocrx_word' id='word_1_271' title='bbox 3166 749 3267 804; x_wconf 91' lang='lat' dir='ltr'><strong>ego</strong></span> <span class='ocrx_word' id='word_1_272' title='bbox 3289 747 3387 787; x_wconf 91' lang='lat' dir='ltr'><strong>vos</strong></span> <span class='ocrx_word' id='word_1_273' title='bbox 3409 731 3546 802; x_wconf 89' lang='lat' dir='ltr'><strong>ipse,</strong></span> 
     </span>
    </p>
   </div>
   <div class='ocr_carea' id='block_1_37' title="bbox 1980 824 3553 896">
    <p class='ocr_par' dir='ltr' id='par_1_37' title="bbox 1980 824 3553 896">
     <span class='ocr_line' id='line_1_37' title="bbox 1980 824 3553 896; baseline -0.001 -17"><span class='ocrx_word' id='word_1_274' title='bbox 1980 825 2076 896; x_wconf 88' lang='lat' dir='ltr'><strong>qui</strong></span> <span class='ocrx_word' id='word_1_275' title='bbox 2098 825 2206 880; x_wconf 91' lang='lat' dir='ltr'><strong>odii</strong></span> <span class='ocrx_word' id='word_1_276' title='bbox 2231 826 2400 881; x_wconf 78' lang='lat' dir='ltr'><strong>vestri</strong></span> <span class='ocrx_word' id='word_1_277' title='bbox 2433 825 2624 882; x_wconf 80' lang='lat' dir='ltr'><strong>contra</strong></span> <span class='ocrx_word' id='word_1_278' title='bbox 2653 840 2777 881; x_wconf 89' lang='lat' dir='ltr'><strong>eum</strong></span> <span class='ocrx_word' id='word_1_279' title='bbox 2816 825 3017 880; x_wconf 77' lang='lat' dir='ltr'><strong>noxius</strong></span> <span class='ocrx_word' id='word_1_280' title='bbox 3066 840 3187 880; x_wconf 88' lang='lat' dir='ltr'><strong>sum</strong></span> <span class='ocrx_word' id='word_1_281' title='bbox 3233 824 3424 880; x_wconf 82' lang='lat' dir='ltr'><strong>auctor</strong></span> <span class='ocrx_word' id='word_1_282' title='bbox 3445 865 3460 889; x_wconf 94' lang='lat'><strong>,</strong></span> <span class='ocrx_word' id='word_1_283' title='bbox 3493 829 3553 877; x_wconf 89' lang='lat' dir='ltr'><strong>ut</strong></span> 
     </span>
    </p>
   </div>
   <div class='ocr_carea' id='block_1_38' title="bbox 1981 915 3552 987">
    <p class='ocr_par' dir='ltr' id='par_1_38' title="bbox 1981 915 3552 987">
     <span class='ocr_line' id='line_1_38' title="bbox 1981 915 3552 987; baseline 0 -17"><span class='ocrx_word' id='word_1_284' title='bbox 1981 915 2034 970; x_wconf 91' lang='lat' dir='ltr'><strong>id</strong></span> <span class='ocrx_word' id='word_1_285' title='bbox 2058 916 2382 987; x_wconf 90' lang='lat' dir='ltr'><strong>deponatis;</strong></span> <span class='ocrx_word' id='word_1_286' title='bbox 2413 934 2538 972; x_wconf 87' lang='lat' dir='ltr'><strong>nam</strong></span> <span class='ocrx_word' id='word_1_287' title='bbox 2567 918 2658 973; x_wconf 88' lang='lat' dir='ltr'><strong>ille</strong></span> <span class='ocrx_word' id='word_1_288' title='bbox 2687 926 2772 972; x_wconf 87' lang='lat' dir='ltr'><strong>est</strong></span> <span class='ocrx_word' id='word_1_289' title='bbox 2793 917 2908 971; x_wconf 92' lang='lat' dir='ltr'><strong>veri</strong></span> <span class='ocrx_word' id='word_1_290' title='bbox 2934 917 3002 971; x_wconf 86' lang='lat' dir='ltr'><strong>ad</strong></span> <span class='ocrx_word' id='word_1_291' title='bbox 3032 917 3262 972; x_wconf 79' lang='lat' dir='ltr'><strong>salutem</strong></span> <span class='ocrx_word' id='word_1_292' title='bbox 3300 915 3488 972; x_wconf 89' lang='lat' dir='ltr'><strong>mundi</strong></span> <span class='ocrx_word' id='word_1_293' title='bbox 3521 931 3552 970; x_wconf 87' lang='lat' dir='ltr'><strong>a</strong></span> 
     </span>
    </p>
   </div>
   <div class='ocr_carea' id='block_1_39' title="bbox 1981 1007 3557 1082">
    <p class='ocr_par' dir='ltr' id='par_1_39' title="bbox 1981 1007 3557 1082">
     <span class='ocr_line' id='line_1_39' title="bbox 1981 1007 3557 1082; baseline 0 -18"><span class='ocrx_word' id='word_1_294' title='bbox 1981 1008 2096 1065; x_wconf 85' lang='lat' dir='ltr'><strong>Deo</strong></span> <span class='ocrx_word' id='word_1_295' title='bbox 2113 1009 2278 1065; x_wconf 88' lang='lat' dir='ltr'><strong>missi</strong></span> <span class='ocrx_word' id='word_1_296' title='bbox 2305 1011 2582 1082; x_wconf 65' lang='lat' dir='ltr'><strong>propheta:</strong></span> <span class='ocrx_word' id='word_1_297' title='bbox 2610 1025 2774 1066; x_wconf 86' lang='lat' dir='ltr'><strong>verus</strong></span> <span class='ocrx_word' id='word_1_298' title='bbox 2800 1009 3103 1080; x_wconf 86' lang='lat' dir='ltr'><strong>apostolus.</strong></span> <span class='ocrx_word' id='word_1_299' title='bbox 3135 1007 3477 1078; x_wconf 82' lang='lat' dir='ltr'><strong>Quapropter</strong></span> <span class='ocrx_word' id='word_1_300' title='bbox 3501 1019 3557 1064; x_wconf 87' lang='lat' dir='ltr'><strong>et</strong></span> 
     </span>
    </p>
   </div>
   <div class='ocr_carea' id='block_1_40' title="bbox 1982 1099 3553 1172">
    <p class='ocr_par' dir='ltr' id='par_1_40' title="bbox 1982 1099 3553 1172">
     <span class='ocr_line' id='line_1_40' title="bbox 1982 1099 3553 1172; baseline 0 -18"><span class='ocrx_word' id='word_1_301' title='bbox 1982 1099 2096 1170; x_wconf 87' lang='lat' dir='ltr'><strong>ipse</strong></span> <span class='ocrx_word' id='word_1_302' title='bbox 2116 1101 2319 1156; x_wconf 82' lang='lat' dir='ltr'><strong>suadeo</strong></span> <span class='ocrx_word' id='word_1_303' title='bbox 2351 1112 2410 1157; x_wconf 92' lang='lat' dir='ltr'><strong>ut</strong></span> <span class='ocrx_word' id='word_1_304' title='bbox 2436 1101 2484 1156; x_wconf 89' lang='lat' dir='ltr'><strong>ei</strong></span> <span class='ocrx_word' id='word_1_305' title='bbox 2513 1102 2750 1158; x_wconf 85' lang='lat' dir='ltr'><strong>credatis</strong></span> <span class='ocrx_word' id='word_1_306' title='bbox 2811 1101 2868 1159; x_wconf 91' lang='lat' dir='ltr'><strong>in</strong></span> <span class='ocrx_word' id='word_1_307' title='bbox 2914 1101 2986 1157; x_wconf 90' lang='lat' dir='ltr'><strong>iis</strong></span> <span class='ocrx_word' id='word_1_308' title='bbox 3017 1100 3086 1156; x_wconf 91' lang='lat' dir='ltr'><strong>de</strong></span> <span class='ocrx_word' id='word_1_309' title='bbox 3109 1099 3309 1172; x_wconf 84' lang='lat' dir='ltr'><strong>quibus</strong></span> <span class='ocrx_word' id='word_1_310' title='bbox 3333 1099 3553 1170; x_wconf 86' lang='lat' dir='ltr'><strong>loquor,</strong></span> 
     </span>
    </p>
   </div>
   <div class='ocr_carea' id='block_1_41' title="bbox 1982 1187 3556 1263">
    <p class='ocr_par' dir='ltr' id='par_1_41' title="bbox 1982 1187 3556 1263">
     <span class='ocr_line' id='line_1_41' title="bbox 1982 1187 3556 1263; baseline -0.003 -17"><span class='ocrx_word' id='word_1_311' title='bbox 1982 1206 2051 1245; x_wconf 89' lang='lat' dir='ltr'><strong>ne</strong></span> <span class='ocrx_word' id='word_1_312' title='bbox 2080 1190 2222 1247; x_wconf 85' lang='lat' dir='ltr'><strong>forte</strong></span> <span class='ocrx_word' id='word_1_313' title='bbox 2258 1191 2516 1263; x_wconf 87' lang='lat' dir='ltr'><strong>oppidum</strong></span> <span class='ocrx_word' id='word_1_314' title='bbox 2546 1202 2786 1250; x_wconf 88' lang='lat' dir='ltr'><strong>vestrum</strong></span> <span class='ocrx_word' id='word_1_315' title='bbox 2819 1191 3069 1247; x_wconf 90' lang='lat' dir='ltr'><strong>funditus</strong></span> <span class='ocrx_word' id='word_1_316' title='bbox 3097 1199 3303 1262; x_wconf 84' lang='lat' dir='ltr'><strong>pereat.</strong></span> <span class='ocrx_word' id='word_1_317' title='bbox 3333 1187 3556 1244; x_wconf 83' lang='lat' dir='ltr'><strong>Verum-</strong></span> 
     </span>
    </p>
   </div>
   <div class='ocr_carea' id='block_1_42' title="bbox 1978 1269 3557 1352">
    <p class='ocr_par' dir='ltr' id='par_1_42' title="bbox 1978 1269 3557 1352">
     <span class='ocr_line' id='line_1_42' title="bbox 1978 1269 3557 1352; baseline -0.002 -15"><span class='ocrx_word' id='word_1_318' title='bbox 1978 1282 2263 1338; x_wconf 87' lang='lat' dir='ltr'><strong>enimvero</strong></span> <span class='ocrx_word' id='word_1_319' title='bbox 2304 1283 2445 1340; x_wconf 90' lang='lat' dir='ltr'><strong>scire</strong></span> <span class='ocrx_word' id='word_1_320' title='bbox 2487 1298 2585 1339; x_wconf 84' lang='lat' dir='ltr'><strong>vos</strong></span> <span class='ocrx_word' id='word_1_321' title='bbox 2625 1269 2788 1352; x_wconf 72' lang='lat' dir='ltr'><strong>volo,</strong></span> <span class='ocrx_word' id='word_1_322' title='bbox 2837 1299 2940 1338; x_wconf 91' lang='lat' dir='ltr'><strong>cur</strong></span> <span class='ocrx_word' id='word_1_323' title='bbox 2982 1283 3098 1337; x_wconf 71' lang='lat' dir='ltr'><strong>haec</strong></span> <span class='ocrx_word' id='word_1_324' title='bbox 3146 1280 3428 1336; x_wconf 84' lang='lat' dir='ltr'><strong>confitear.</strong></span> <span class='ocrx_word' id='word_1_325' title='bbox 3461 1277 3557 1334; x_wconf 87' lang='lat' dir='ltr'><strong>Dei</strong></span> 
     </span>
    </p>
   </div>
   <div class='ocr_carea' id='block_1_43' title="bbox 1981 1375 3556 1451">
    <p class='ocr_par' dir='ltr' id='par_1_43' title="bbox 1981 1375 3556 1451">
     <span class='ocr_line' id='line_1_43' title="bbox 1981 1375 3556 1451; baseline -0.003 -19"><span class='ocrx_word' id='word_1_326' title='bbox 1981 1378 2157 1448; x_wconf 78' lang='lat' dir='ltr'><strong>angeli</strong></span> <span class='ocrx_word' id='word_1_327' title='bbox 2184 1395 2272 1434; x_wconf 88' lang='lat' dir='ltr'><strong>me</strong></span> <span class='ocrx_word' id='word_1_328' title='bbox 2295 1379 2547 1451; x_wconf 88' lang='lat' dir='ltr'><strong>impium,</strong></span> <span class='ocrx_word' id='word_1_329' title='bbox 2576 1379 2723 1450; x_wconf 89' lang='lat' dir='ltr'><strong>quod</strong></span> <span class='ocrx_word' id='word_1_330' title='bbox 2751 1378 3010 1435; x_wconf 89' lang='lat' dir='ltr'><strong>inimicus</strong></span> <span class='ocrx_word' id='word_1_331' title='bbox 3040 1391 3220 1438; x_wconf 87' lang='lat' dir='ltr'><strong>essem</strong></span> <span class='ocrx_word' id='word_1_332' title='bbox 3247 1375 3440 1435; x_wconf 88' lang='lat' dir='ltr'><strong>nuntio</strong></span> <span class='ocrx_word' id='word_1_333' title='bbox 3468 1389 3556 1428; x_wconf 54' lang='lat' dir='ltr'><strong>vce</strong></span> 
     </span>
    </p>
   </div>
   <div class='ocr_carea' id='block_1_44' title="bbox 1982 1463 3556 1540">
    <p class='ocr_par' dir='ltr' id='par_1_44' title="bbox 1982 1463 3556 1540">
     <span class='ocr_line' id='line_1_44' title="bbox 1982 1463 3556 1540; baseline -0.004 -16"><span class='ocrx_word' id='word_1_334' title='bbox 1982 1468 2193 1535; x_wconf 86' lang='lat' dir='ltr'><strong>ritatis,</strong></span> <span class='ocrx_word' id='word_1_335' title='bbox 2226 1470 2344 1534; x_wconf 81' lang='lat' dir='ltr'><strong>hac</strong></span> <span class='ocrx_word' id='word_1_336' title='bbox 2375 1477 2535 1524; x_wconf 88' lang='lat' dir='ltr'><strong>nocte</strong></span> <span class='ocrx_word' id='word_1_337' title='bbox 2567 1471 2916 1526; x_wconf 86' lang='lat' dir='ltr'><strong>vehementer</strong></span> <span class='ocrx_word' id='word_1_338' title='bbox 2953 1469 3316 1540; x_wconf 83' lang='lat' dir='ltr'><strong>flagellarunt.</strong></span> <span class='ocrx_word' id='word_1_339' title='bbox 3358 1463 3556 1518; x_wconf 85' lang='lat' dir='ltr'><strong>llortor</strong></span> 
     </span>
    </p>
   </div>
   <div class='ocr_carea' id='block_1_45' title="bbox 1980 1555 3557 1629">
    <p class='ocr_par' dir='ltr' id='par_1_45' title="bbox 1980 1555 3557 1629">
     <span class='ocr_line' id='line_1_45' title="bbox 1980 1555 3557 1629; baseline -0.004 -15"><span class='ocrx_word' id='word_1_340' title='bbox 1980 1573 2110 1629; x_wconf 81' lang='lat' dir='ltr'><strong>ergo</strong></span> <span class='ocrx_word' id='word_1_341' title='bbox 2137 1576 2204 1616; x_wconf 86' lang='lat' dir='ltr'><strong>ne</strong></span> <span class='ocrx_word' id='word_1_342' title='bbox 2253 1561 2386 1616; x_wconf 87' lang='lat' dir='ltr'><strong>mihi</strong></span> <span class='ocrx_word' id='word_1_343' title='bbox 2409 1561 2666 1626; x_wconf 90' lang='lat' dir='ltr'><strong>credatis,</strong></span> <span class='ocrx_word' id='word_1_344' title='bbox 2691 1561 2905 1616; x_wconf 89' lang='lat' dir='ltr'><strong>etiamsi</strong></span> <span class='ocrx_word' id='word_1_345' title='bbox 2929 1560 3068 1614; x_wconf 89' lang='lat' dir='ltr'><strong>alias</strong></span> <span class='ocrx_word' id='word_1_346' title='bbox 3087 1558 3314 1613; x_wconf 88' lang='lat' dir='ltr'><strong>veniens</strong></span> <span class='ocrx_word' id='word_1_347' title='bbox 3335 1555 3557 1612; x_wconf 83' lang='lat' dir='ltr'><strong>Petrum</strong></span> 
     </span>
    </p>
   </div>
   <div class='ocr_carea' id='block_1_46' title="bbox 1981 1651 3555 1722">
    <p class='ocr_par' dir='ltr' id='par_1_46' title="bbox 1981 1651 3555 1722">
     <span class='ocr_line' id='line_1_46' title="bbox 1981 1651 3555 1722; baseline -0.003 -15"><span class='ocrx_word' id='word_1_348' title='bbox 1981 1653 2307 1712; x_wconf 87' lang='lat' dir='ltr'><strong>calumnier.</strong></span> <span class='ocrx_word' id='word_1_349' title='bbox 2344 1654 2620 1711; x_wconf 87' lang='lat' dir='ltr'><strong>Confiteor</strong></span> <span class='ocrx_word' id='word_1_350' title='bbox 2658 1654 2804 1711; x_wconf 87' lang='lat' dir='ltr'><strong>enim</strong></span> <span class='ocrx_word' id='word_1_351' title='bbox 2841 1654 3030 1709; x_wconf 85' lang='lat' dir='ltr'><strong>vobis:</strong></span> <span class='ocrx_word' id='word_1_352' title='bbox 3061 1651 3392 1722; x_wconf 87' lang='lat' dir='ltr'><strong>egometipse</strong></span> <span class='ocrx_word' id='word_1_353' title='bbox 3433 1663 3555 1704; x_wconf 88' lang='lat' dir='ltr'><strong>sum</strong></span> 
     </span>
    </p>
   </div>
   <div class='ocr_carea' id='block_1_47' title="bbox 1981 1740 3556 1818">
    <p class='ocr_par' dir='ltr' id='par_1_47' title="bbox 1981 1740 3556 1818">
     <span class='ocr_line' id='line_1_47' title="bbox 1981 1740 3556 1818; baseline -0.003 -18"><span class='ocrx_word' id='word_1_354' title='bbox 1981 1759 2198 1817; x_wconf 78' lang='lat' dir='ltr'><strong>magus,</strong></span> <span class='ocrx_word' id='word_1_355' title='bbox 2226 1762 2328 1818; x_wconf 91' lang='lat' dir='ltr'><strong>ego</strong></span> <span class='ocrx_word' id='word_1_356' title='bbox 2355 1747 2634 1817; x_wconf 89' lang='lat' dir='ltr'><strong>deceptor,</strong></span> <span class='ocrx_word' id='word_1_357' title='bbox 2662 1761 2765 1817; x_wconf 86' lang='lat' dir='ltr'><strong>ego</strong></span> <span class='ocrx_word' id='word_1_358' title='bbox 2806 1744 3191 1817; x_wconf 69' lang='lat' dir='ltr'><strong>praestigiator.</strong></span> <span class='ocrx_word' id='word_1_359' title='bbox 3240 1741 3334 1798; x_wconf 89' lang='lat' dir='ltr'><strong>Sic</strong></span> <span class='ocrx_word' id='word_1_360' title='bbox 3370 1740 3556 1796; x_wconf 87' lang='lat' dir='ltr'><strong>forsan</strong></span> 
     </span>
    </p>
   </div>
   <div class='ocr_carea' id='block_1_48' title="bbox 1983 1832 3559 1910">
    <p class='ocr_par' dir='ltr' id='par_1_48' title="bbox 1983 1832 3559 1910">
     <span class='ocr_line' id='line_1_48' title="bbox 1983 1832 3559 1910; baseline -0.004 -17"><span class='ocrx_word' id='word_1_361' title='bbox 1983 1839 2110 1894; x_wconf 90' lang='lat' dir='ltr'><strong>licet</strong></span> <span class='ocrx_word' id='word_1_362' title='bbox 2153 1848 2378 1910; x_wconf 83' lang='lat' dir='ltr'><strong>peccata</strong></span> <span class='ocrx_word' id='word_1_363' title='bbox 2419 1838 2573 1910; x_wconf 90' lang='lat' dir='ltr'><strong>prius</strong></span> <span class='ocrx_word' id='word_1_364' title='bbox 2598 1853 2630 1894; x_wconf 89' lang='lat' dir='ltr'><strong>a</strong></span> <span class='ocrx_word' id='word_1_365' title='bbox 2653 1853 2740 1893; x_wconf 87' lang='lat' dir='ltr'><strong>me</strong></span> <span class='ocrx_word' id='word_1_366' title='bbox 2783 1837 3081 1894; x_wconf 87' lang='lat' dir='ltr'><strong>commissa</strong></span> <span class='ocrx_word' id='word_1_367' title='bbox 3112 1832 3430 1906; x_wconf 66' lang='lat' dir='ltr'><strong>pmliitentia</strong></span> <span class='ocrx_word' id='word_1_368' title='bbox 3463 1833 3559 1890; x_wconf 85' lang='lat' dir='ltr'><strong>de-</strong></span> 
     </span>
    </p>
   </div>
   <div class='ocr_carea' id='block_1_49' title="bbox 1981 1929 2114 1986">
    <p class='ocr_par' dir='ltr' id='par_1_49' title="bbox 1981 1929 2114 1986">
     <span class='ocr_line' id='line_1_49' title="bbox 1981 1929 2114 1986; baseline 0.023 -3"><span class='ocrx_word' id='word_1_369' title='bbox 1981 1929 2114 1986; x_wconf 75' lang='lat' dir='ltr'><strong>lere.</strong></span> 
     </span>
    </p>
   </div>
   <div class='ocr_carea' id='block_1_50' title="bbox 2051 2105 3557 2184">
    <p class='ocr_par' dir='ltr' id='par_1_50' title="bbox 2051 2105 3557 2184">
     <span class='ocr_line' id='line_1_50' title="bbox 2051 2105 3557 2184; baseline -0.002 -21"><span class='ocrx_word' id='word_1_370' title='bbox 2051 2109 2172 2164; x_wconf 75' lang='lat' dir='ltr'><strong>XX.</strong></span> <span class='ocrx_word' id='word_1_371' title='bbox 2205 2109 2339 2176; x_wconf 69' lang='lat' dir='ltr'><strong>Qua:</strong></span> <span class='ocrx_word' id='word_1_372' title='bbox 2386 2125 2512 2165; x_wconf 87' lang='lat' dir='ltr'><strong>eum</strong></span> <span class='ocrx_word' id='word_1_373' title='bbox 2549 2107 2747 2164; x_wconf 84' lang='lat' dir='ltr'><strong>Petrus</strong></span> <span class='ocrx_word' id='word_1_374' title='bbox 2787 2107 2928 2178; x_wconf 88' lang='lat' dir='ltr'><strong>patri</strong></span> <span class='ocrx_word' id='word_1_375' title='bbox 2989 2107 3306 2184; x_wconf 82' lang='lat' dir='ltr'><strong>mandasset</strong></span> <span class='ocrx_word' id='word_1_376' title='bbox 3343 2126 3355 2162; x_wconf 92' lang='lat'>:</span> <span class='ocrx_word' id='word_1_377' title='bbox 3389 2105 3557 2161; x_wconf 85' lang='lat' dir='ltr'><strong>Intel-</strong></span> 
     </span>
    </p>
   </div>
   <div class='ocr_carea' id='block_1_51' title="bbox 1979 2198 3559 2272">
    <p class='ocr_par' dir='ltr' id='par_1_51' title="bbox 1979 2198 3559 2272">
     <span class='ocr_line' id='line_1_51' title="bbox 1979 2198 3559 2272; baseline 0 -17"><span class='ocrx_word' id='word_1_378' title='bbox 1979 2200 2110 2272; x_wconf 87' lang='lat' dir='ltr'><strong>ligo,</strong></span> <span class='ocrx_word' id='word_1_379' title='bbox 2138 2201 2335 2271; x_wconf 87' lang='lat' dir='ltr'><strong>inquit,</strong></span> <span class='ocrx_word' id='word_1_380' title='bbox 2357 2201 2487 2270; x_wconf 90' lang='lat' dir='ltr'><strong>quid</strong></span> <span class='ocrx_word' id='word_1_381' title='bbox 2513 2201 2667 2256; x_wconf 86' lang='lat' dir='ltr'><strong>velis.</strong></span> <span class='ocrx_word' id='word_1_382' title='bbox 2694 2199 2876 2267; x_wconf 86' lang='lat' dir='ltr'><strong>Quare</strong></span> <span class='ocrx_word' id='word_1_383' title='bbox 2897 2216 2965 2257; x_wconf 88' lang='lat' dir='ltr'><strong>ne</strong></span> <span class='ocrx_word' id='word_1_384' title='bbox 2994 2200 3135 2256; x_wconf 87' lang='lat' dir='ltr'><strong>ultra</strong></span> <span class='ocrx_word' id='word_1_385' title='bbox 3164 2200 3395 2255; x_wconf 87' lang='lat' dir='ltr'><strong>labores.</strong></span> <span class='ocrx_word' id='word_1_386' title='bbox 3422 2198 3559 2255; x_wconf 88' lang='lat' dir='ltr'><strong>Nam</strong></span> 
     </span>
    </p>
   </div>
   <div class='ocr_carea' id='block_1_52' title="bbox 1979 2291 3556 2363">
    <p class='ocr_par' dir='ltr' id='par_1_52' title="bbox 1979 2291 3556 2363">
     <span class='ocr_line' id='line_1_52' title="bbox 1979 2291 3556 2363; baseline -0.001 -15"><span class='ocrx_word' id='word_1_387' title='bbox 1979 2307 2128 2348; x_wconf 70' lang='lat' dir='ltr'><strong>curm</strong></span> <span class='ocrx_word' id='word_1_388' title='bbox 2161 2291 2297 2348; x_wconf 90' lang='lat' dir='ltr'><strong>mihi</strong></span> <span class='ocrx_word' id='word_1_389' title='bbox 2329 2293 2457 2360; x_wconf 88' lang='lat' dir='ltr'><strong>erit,</strong></span> <span class='ocrx_word' id='word_1_390' title='bbox 2484 2308 2622 2360; x_wconf 27' lang='lat' dir='ltr'><strong>jcum</strong></span> <span class='ocrx_word' id='word_1_391' title='bbox 2658 2293 2768 2348; x_wconf 89' lang='lat' dir='ltr'><strong>illic</strong></span> <span class='ocrx_word' id='word_1_392' title='bbox 2801 2308 3028 2361; x_wconf 87' lang='lat' dir='ltr'><strong>venero,</strong></span> <span class='ocrx_word' id='word_1_393' title='bbox 3066 2302 3125 2348; x_wconf 90' lang='lat' dir='ltr'><strong>ut</strong></span> <span class='ocrx_word' id='word_1_394' title='bbox 3161 2293 3228 2348; x_wconf 92' lang='lat' dir='ltr'><strong>de</strong></span> <span class='ocrx_word' id='word_1_395' title='bbox 3260 2302 3313 2348; x_wconf 92' lang='lat' dir='ltr'><strong>te</strong></span> <span class='ocrx_word' id='word_1_396' title='bbox 3339 2293 3556 2363; x_wconf 88' lang='lat' dir='ltr'><strong>loquar,</strong></span> 
     </span>
    </p>
   </div>
   <div class='ocr_carea' id='block_1_53' title="bbox 1980 2383 3557 2456">
    <p class='ocr_par' dir='ltr' id='par_1_53' title="bbox 1980 2383 3557 2456">
     <span class='ocr_line' id='line_1_53' title="bbox 1980 2383 3557 2456; baseline 0.001 -18"><span class='ocrx_word' id='word_1_397' title='bbox 1980 2401 2103 2455; x_wconf 65' lang='lat' dir='ltr'><strong>quae</strong></span> <span class='ocrx_word' id='word_1_398' title='bbox 2135 2384 2464 2440; x_wconf 87' lang='lat' dir='ltr'><strong>annuutiarc</strong></span> <span class='ocrx_word' id='word_1_399' title='bbox 2489 2401 2576 2441; x_wconf 89' lang='lat' dir='ltr'><strong>me</strong></span> <span class='ocrx_word' id='word_1_400' title='bbox 2613 2395 2846 2456; x_wconf 81' lang='lat' dir='ltr'><strong>oportet.</strong></span> <span class='ocrx_word' id='word_1_401' title='bbox 2879 2385 3084 2441; x_wconf 80' lang='lat' dir='ltr'><strong>Deinde</strong></span> <span class='ocrx_word' id='word_1_402' title='bbox 3110 2383 3305 2441; x_wconf 88' lang='lat' dir='ltr'><strong>Petrus</strong></span> <span class='ocrx_word' id='word_1_403' title='bbox 3333 2385 3557 2440; x_wconf 90' lang='lat' dir='ltr'><strong>manda-</strong></span> 
     </span>
    </p>
   </div>
   <div class='ocr_carea' id='block_1_54' title="bbox 1982 2476 3558 2547">
    <p class='ocr_par' dir='ltr' id='par_1_54' title="bbox 1982 2476 3558 2547">
     <span class='ocr_line' id='line_1_54' title="bbox 1982 2476 3558 2547; baseline 0.001 -17"><span class='ocrx_word' id='word_1_404' title='bbox 1982 2478 2050 2532; x_wconf 87' lang='lat' dir='ltr'><strong>tis</strong></span> <span class='ocrx_word' id='word_1_405' title='bbox 2076 2476 2366 2547; x_wconf 79' lang='lat' dir='ltr'><strong>subjunxit</strong></span> <span class='ocrx_word' id='word_1_406' title='bbox 2396 2496 2409 2531; x_wconf 90' lang='lat'><strong>:</strong></span> <span class='ocrx_word' id='word_1_407' title='bbox 2445 2477 2678 2544; x_wconf 85' lang='lat' dir='ltr'><strong>Quando</strong></span> <span class='ocrx_word' id='word_1_408' title='bbox 2703 2487 2886 2532; x_wconf 88' lang='lat' dir='ltr'><strong>autem</strong></span> <span class='ocrx_word' id='word_1_409' title='bbox 2913 2479 3106 2533; x_wconf 87' lang='lat' dir='ltr'><strong>urbem</strong></span> <span class='ocrx_word' id='word_1_410' title='bbox 3137 2479 3265 2534; x_wconf 87' lang='lat' dir='ltr'><strong>odio</strong></span> <span class='ocrx_word' id='word_1_411' title='bbox 3292 2477 3558 2534; x_wconf 87' lang='lat' dir='ltr'><strong>desistere</strong></span> 
     </span>
    </p>
   </div>
   <div class='ocr_carea' id='block_1_55' title="bbox 1979 2569 3556 2640">
    <p class='ocr_par' dir='ltr' id='par_1_55' title="bbox 1979 2569 3556 2640">
     <span class='ocr_line' id='line_1_55' title="bbox 1979 2569 3556 2640; baseline 0.003 -18"><span class='ocrx_word' id='word_1_412' title='bbox 1979 2569 2130 2626; x_wconf 89' lang='lat' dir='ltr'><strong>vides</strong></span> <span class='ocrx_word' id='word_1_413' title='bbox 2158 2585 2224 2625; x_wconf 88' lang='lat' dir='ltr'><strong>ac</strong></span> <span class='ocrx_word' id='word_1_414' title='bbox 2248 2571 2520 2626; x_wconf 88' lang='lat' dir='ltr'><strong>desiderio</strong></span> <span class='ocrx_word' id='word_1_415' title='bbox 2548 2586 2648 2626; x_wconf 90' lang='lat' dir='ltr'><strong>nos</strong></span> <span class='ocrx_word' id='word_1_416' title='bbox 2683 2571 2915 2626; x_wconf 81' lang='lat' dir='ltr'><strong>videndi</strong></span> <span class='ocrx_word' id='word_1_417' title='bbox 2939 2572 3084 2640; x_wconf 89' lang='lat' dir='ltr'><strong>capi,</strong></span> <span class='ocrx_word' id='word_1_418' title='bbox 3128 2572 3384 2626; x_wconf 89' lang='lat' dir='ltr'><strong>nuntium</strong></span> <span class='ocrx_word' id='word_1_419' title='bbox 3422 2571 3556 2626; x_wconf 84' lang='lat' dir='ltr'><strong>mihi</strong></span> 
     </span>
    </p>
   </div>
   <div class='ocr_carea' id='block_1_56' title="bbox 1980 2649 3554 2733">
    <p class='ocr_par' dir='ltr' id='par_1_56' title="bbox 1980 2649 3554 2733">
     <span class='ocr_line' id='line_1_56' title="bbox 1980 2649 3554 2733; baseline 0.001 -17"><span class='ocrx_word' id='word_1_420' title='bbox 1980 2661 2154 2729; x_wconf 85' lang='lat' dir='ltr'><strong>mitte,</strong></span> <span class='ocrx_word' id='word_1_421' title='bbox 2181 2671 2236 2717; x_wconf 90' lang='lat' dir='ltr'><strong>et</strong></span> <span class='ocrx_word' id='word_1_422' title='bbox 2264 2662 2452 2717; x_wconf 90' lang='lat' dir='ltr'><strong>statim</strong></span> <span class='ocrx_word' id='word_1_423' title='bbox 2486 2662 2555 2718; x_wconf 92' lang='lat' dir='ltr'><strong>ad</strong></span> <span class='ocrx_word' id='word_1_424' title='bbox 2586 2671 2637 2718; x_wconf 93' lang='lat' dir='ltr'><strong>te</strong></span> <span class='ocrx_word' id='word_1_425' title='bbox 2675 2649 3112 2733; x_wconf 83' lang='lat' dir='ltr'><strong>properabimus.</strong></span> <span class='ocrx_word' id='word_1_426' title='bbox 3141 2662 3355 2724; x_wconf 85' lang='lat' dir='ltr'><strong>Etcum</strong></span> <span class='ocrx_word' id='word_1_427' title='bbox 3377 2679 3444 2718; x_wconf 87' lang='lat' dir='ltr'><strong>eo</strong></span> <span class='ocrx_word' id='word_1_428' title='bbox 3467 2679 3554 2717; x_wconf 81' lang='lat' dir='ltr'><strong>ve-</strong></span> 
     </span>
    </p>
   </div>
   <div class='ocr_carea' id='block_1_57' title="bbox 1978 2753 3558 2825">
    <p class='ocr_par' dir='ltr' id='par_1_57' title="bbox 1978 2753 3558 2825">
     <span class='ocr_line' id='line_1_57' title="bbox 1978 2753 3558 2825; baseline 0.001 -18"><span class='ocrx_word' id='word_1_429' title='bbox 1978 2770 2134 2820; x_wconf 86' lang='lat' dir='ltr'><strong>uero,</strong></span> <span class='ocrx_word' id='word_1_430' title='bbox 2162 2754 2396 2809; x_wconf 88' lang='lat' dir='ltr'><strong>alienam</strong></span> <span class='ocrx_word' id='word_1_431' title='bbox 2423 2753 2657 2809; x_wconf 91' lang='lat' dir='ltr'><strong>formam</strong></span> <span class='ocrx_word' id='word_1_432' title='bbox 2682 2770 2714 2808; x_wconf 89' lang='lat' dir='ltr'><strong>a</strong></span> <span class='ocrx_word' id='word_1_433' title='bbox 2740 2763 2792 2810; x_wconf 91' lang='lat' dir='ltr'><strong>te</strong></span> <span class='ocrx_word' id='word_1_434' title='bbox 2819 2753 3046 2825; x_wconf 79' lang='lat' dir='ltr'><strong>fugabo,</strong></span> <span class='ocrx_word' id='word_1_435' title='bbox 3083 2763 3345 2825; x_wconf 87' lang='lat' dir='ltr'><strong>tuamque</strong></span> <span class='ocrx_word' id='word_1_436' title='bbox 3374 2755 3484 2809; x_wconf 91' lang='lat' dir='ltr'><strong>tuis</strong></span> <span class='ocrx_word' id='word_1_437' title='bbox 3503 2765 3558 2808; x_wconf 91' lang='lat' dir='ltr'><strong>et</strong></span> 
     </span>
    </p>
   </div>
   <div class='ocr_carea' id='block_1_58' title="bbox 1977 2845 3558 2918">
    <p class='ocr_par' dir='ltr' id='par_1_58' title="bbox 1977 2845 3558 2918">
     <span class='ocr_line' id='line_1_58' title="bbox 1977 2845 3558 2918; baseline 0.002 -18"><span class='ocrx_word' id='word_1_438' title='bbox 1977 2846 2103 2901; x_wconf 86' lang='lat' dir='ltr'><strong>aliis</strong></span> <span class='ocrx_word' id='word_1_439' title='bbox 2138 2845 2397 2901; x_wconf 88' lang='lat' dir='ltr'><strong>omnibus</strong></span> <span class='ocrx_word' id='word_1_440' title='bbox 2427 2847 2574 2904; x_wconf 79' lang='lat' dir='ltr'><strong>clare</strong></span> <span class='ocrx_word' id='word_1_441' title='bbox 2597 2859 2862 2918; x_wconf 89' lang='lat' dir='ltr'><strong>apparere</strong></span> <span class='ocrx_word' id='word_1_442' title='bbox 2903 2845 3123 2902; x_wconf 89' lang='lat' dir='ltr'><strong>faciam.</strong></span> <span class='ocrx_word' id='word_1_443' title='bbox 3161 2845 3374 2914; x_wconf 87' lang='lat' dir='ltr'><strong>Quibus</strong></span> <span class='ocrx_word' id='word_1_444' title='bbox 3396 2847 3558 2903; x_wconf 91' lang='lat' dir='ltr'><strong>dictis</strong></span> 
     </span>
    </p>
   </div>
   <div class='ocr_carea' id='block_1_59' title="bbox 1975 2935 3554 3006">
    <p class='ocr_par' dir='ltr' id='par_1_59' title="bbox 1975 2935 3554 3006">
     <span class='ocr_line' id='line_1_59' title="bbox 1975 2935 3554 3006; baseline 0.001 -15"><span class='ocrx_word' id='word_1_445' title='bbox 1975 2936 2119 2992; x_wconf 81' lang='lat' dir='ltr'><strong>filios</strong></span> <span class='ocrx_word' id='word_1_446' title='bbox 2145 2935 2286 3006; x_wconf 83' lang='lat' dir='ltr'><strong>ejus,</strong></span> <span class='ocrx_word' id='word_1_447' title='bbox 2318 2953 2473 2992; x_wconf 90' lang='lat' dir='ltr'><strong>meos</strong></span> <span class='ocrx_word' id='word_1_448' title='bbox 2501 2937 2732 3005; x_wconf 81' lang='lat' dir='ltr'><strong>fratres,</strong></span> <span class='ocrx_word' id='word_1_449' title='bbox 2755 2951 2812 2994; x_wconf 90' lang='lat' dir='ltr'><strong>et</strong></span> <span class='ocrx_word' id='word_1_450' title='bbox 2852 2938 3154 2994; x_wconf 77' lang='lat' dir='ltr'><strong>Mattidiam</strong></span> <span class='ocrx_word' id='word_1_451' title='bbox 3182 2949 3412 2994; x_wconf 88' lang='lat' dir='ltr'><strong>matrem</strong></span> <span class='ocrx_word' id='word_1_452' title='bbox 3455 2953 3554 2993; x_wconf 81' lang='lat' dir='ltr'><strong>uo-</strong></span> 
     </span>
    </p>
   </div>
   <div class='ocr_carea' id='block_1_60' title="bbox 1977 3029 3551 3102">
    <p class='ocr_par' dir='ltr' id='par_1_60' title="bbox 1977 3029 3551 3102">
     <span class='ocr_line' id='line_1_60' title="bbox 1977 3029 3551 3102; baseline 0 -17"><span class='ocrx_word' id='word_1_453' title='bbox 1977 3037 2148 3085; x_wconf 90' lang='lat' dir='ltr'><strong>stram</strong></span> <span class='ocrx_word' id='word_1_454' title='bbox 2185 3039 2242 3085; x_wconf 89' lang='lat' dir='ltr'><strong>et</strong></span> <span class='ocrx_word' id='word_1_455' title='bbox 2269 3029 2540 3085; x_wconf 90' lang='lat' dir='ltr'><strong>sodalium</strong></span> <span class='ocrx_word' id='word_1_456' title='bbox 2573 3031 2844 3100; x_wconf 89' lang='lat' dir='ltr'><strong>quosdam</strong></span> <span class='ocrx_word' id='word_1_457' title='bbox 2875 3047 2981 3087; x_wconf 91' lang='lat' dir='ltr'><strong>una</strong></span> <span class='ocrx_word' id='word_1_458' title='bbox 3021 3048 3148 3088; x_wconf 89' lang='lat' dir='ltr'><strong>cum</strong></span> <span class='ocrx_word' id='word_1_459' title='bbox 3179 3047 3248 3088; x_wconf 94' lang='lat' dir='ltr'><strong>eo</strong></span> <span class='ocrx_word' id='word_1_460' title='bbox 3280 3030 3551 3102; x_wconf 80' lang='lat' dir='ltr'><strong>proficisci</strong></span> 
     </span>
    </p>
   </div>
   <div class='ocr_carea' id='block_1_61' title="bbox 285 3121 1876 3197">
    <p class='ocr_par' dir='ltr' id='par_1_61' title="bbox 285 3121 1876 3197">
     <span class='ocr_line' id='line_1_61' title="bbox 285 3121 1876 3197; baseline 0.003 -22"><span class='ocrx_word' id='word_1_461' title='bbox 285 3123 466 3193; x_wconf 81' lang='grc' dir='ltr'>ήμῶν,</span> <span class='ocrx_word' id='word_1_462' title='bbox 515 3123 610 3176; x_wconf 77' lang='grc' dir='ltr'>καὶ</span> <span class='ocrx_word' id='word_1_463' title='bbox 657 3121 766 3176; x_wconf 87' lang='grc' dir='ltr'><strong>τῶν</strong></span> <span class='ocrx_word' id='word_1_464' title='bbox 809 3122 1196 3194; x_wconf 85' lang='grc' dir='ltr'>γνησιωτέρων</span> <span class='ocrx_word' id='word_1_465' title='bbox 1245 3123 1398 3188; x_wconf 78' lang='grc' dir='ltr'>τινὰς</span> <span class='ocrx_word' id='word_1_466' title='bbox 1447 3125 1876 3197; x_wconf 86' lang='grc' dir='ltr'>συναπέρχεσθαι</span> 
     </span>
    </p>
   </div>
   <div class='ocr_carea' id='block_1_62' title="bbox 1975 3121 3552 3197">
    <p class='ocr_par' dir='ltr' id='par_1_62' title="bbox 1977 3121 3552 3192">
     <span class='ocr_line' id='line_1_62' title="bbox 1977 3121 3552 3192; baseline 0.003 -16"><span class='ocrx_word' id='word_1_467' title='bbox 1977 3121 2161 3192; x_wconf 87' lang='lat' dir='ltr'><strong>jussit.</strong></span> <span class='ocrx_word' id='word_1_468' title='bbox 2195 3121 2299 3178; x_wconf 90' lang='lat' dir='ltr'><strong>Sed</strong></span> <span class='ocrx_word' id='word_1_469' title='bbox 2328 3132 2502 3178; x_wconf 88' lang='lat' dir='ltr'><strong>mater</strong></span> <span class='ocrx_word' id='word_1_470' title='bbox 2529 3124 2696 3180; x_wconf 88' lang='lat' dir='ltr'><strong>invita</strong></span> <span class='ocrx_word' id='word_1_471' title='bbox 2734 3141 2861 3180; x_wconf 90' lang='lat' dir='ltr'><strong>cum</strong></span> <span class='ocrx_word' id='word_1_472' title='bbox 2890 3141 2956 3182; x_wconf 93' lang='lat' dir='ltr'><strong>eo</strong></span> <span class='ocrx_word' id='word_1_473' title='bbox 2982 3127 3133 3182; x_wconf 81' lang='lat' dir='ltr'><strong>abire</strong></span> <span class='ocrx_word' id='word_1_474' title='bbox 3157 3126 3442 3182; x_wconf 87' lang='lat' dir='ltr'><strong>videbatur</strong></span> <span class='ocrx_word' id='word_1_475' title='bbox 3467 3125 3552 3180; x_wconf 91' lang='lat' dir='ltr'><strong>di-</strong></span> 
     </span>
    </p>
   </div>
   <div class='ocr_carea' id='block_1_63' title="bbox 284 3215 1878 3294">
    <p class='ocr_par' dir='ltr' id='par_1_63' title="bbox 284 3215 1878 3294">
     <span class='ocr_line' id='line_1_63' title="bbox 284 3215 1878 3294; baseline 0.005 -27"><span class='ocrx_word' id='word_1_476' title='bbox 284 3215 594 3268; x_wconf 81' lang='grc' dir='ltr'>ἐκέλευσεν.</span> <span class='ocrx_word' id='word_1_477' title='bbox 641 3215 704 3268; x_wconf 85' lang='grc' dir='ltr'><strong>Ἦ</strong></span> <span class='ocrx_word' id='word_1_478' title='bbox 741 3215 798 3268; x_wconf 85' lang='grc' dir='ltr'>δὲ</span> <span class='ocrx_word' id='word_1_479' title='bbox 845 3217 1028 3286; x_wconf 86' lang='grc' dir='ltr'>μήτηρ</span> <span class='ocrx_word' id='word_1_480' title='bbox 1057 3218 1412 3273; x_wconf 86' lang='grc' dir='ltr'>συναπελθεῖν</span> <span class='ocrx_word' id='word_1_481' title='bbox 1445 3218 1597 3290; x_wconf 84' lang='grc' dir='ltr'><strong>αὐτῷ</strong></span> <span class='ocrx_word' id='word_1_482' title='bbox 1631 3220 1878 3294; x_wconf 86' lang='grc' dir='ltr'>ὀκνηρῶς</span> 
     </span>
    </p>
   </div>
   <div class='ocr_carea' id='block_1_64' title="bbox 287 3304 1880 3385">
    <p class='ocr_par' dir='ltr' id='par_1_64' title="bbox 287 3304 1880 3385">
     <span class='ocr_line' id='line_1_64' title="bbox 287 3304 1880 3385; baseline 0.004 -25"><span class='ocrx_word' id='word_1_483' title='bbox 287 3304 392 3360; x_wconf 76' lang='grc' dir='ltr'>εἶδε</span> <span class='ocrx_word' id='word_1_484' title='bbox 419 3306 658 3374; x_wconf 80' lang='grc' dir='ltr'>λέγουσα</span> <span class='ocrx_word' id='word_1_485' title='bbox 676 3308 716 3338; x_wconf 86' lang='grc'>³¹</span> <span class='ocrx_word' id='word_1_486' title='bbox 740 3324 754 3338; x_wconf 77' lang='grc' dir='ltr'><strong>ο</strong></span> <span class='ocrx_word' id='word_1_487' title='bbox 789 3309 1001 3377; x_wconf 82' lang='grc' dir='ltr'>Μοιχὰς</span> <span class='ocrx_word' id='word_1_488' title='bbox 1034 3309 1144 3380; x_wconf 82' lang='grc' dir='ltr'><strong>γὰρ</strong></span> <span class='ocrx_word' id='word_1_489' title='bbox 1181 3305 1320 3364; x_wconf 75' lang='grc' dir='ltr'>εἶναι</span> <span class='ocrx_word' id='word_1_490' title='bbox 1359 3311 1504 3364; x_wconf 85' lang='grc' dir='ltr'>δοκῶ</span> <span class='ocrx_word' id='word_1_491' title='bbox 1533 3314 1598 3385; x_wconf 77' lang='grc' dir='ltr'>τῇ</span> <span class='ocrx_word' id='word_1_492' title='bbox 1638 3313 1880 3384; x_wconf 87' lang='grc' dir='ltr'>Σίμωνος</span> 
     </span>
    </p>
   </div>
   <div class='ocr_carea' id='block_1_65' title="bbox 291 3397 1878 3476">
    <p class='ocr_par' dir='ltr' id='par_1_65' title="bbox 291 3397 1878 3476">
     <span class='ocr_line' id='line_1_65' title="bbox 291 3397 1878 3476; baseline 0.006 -27"><span class='ocrx_word' id='word_1_493' title='bbox 291 3397 526 3450; x_wconf 86' lang='grc' dir='ltr'>συνοῦσα</span> <span class='ocrx_word' id='word_1_494' title='bbox 557 3401 764 3469; x_wconf 70' lang='grc' dir='ltr'>μορφῇ.</span> <span class='ocrx_word' id='word_1_495' title='bbox 798 3400 860 3451; x_wconf 82' lang='grc' dir='ltr'><strong>Εἰ</strong></span> <span class='ocrx_word' id='word_1_496' title='bbox 890 3399 933 3452; x_wconf 83' lang='grc' dir='ltr'>δ’</span> <span class='ocrx_word' id='word_1_497' title='bbox 965 3401 1072 3472; x_wconf 78' lang='grc' dir='ltr'>ἄρα</span> <span class='ocrx_word' id='word_1_498' title='bbox 1092 3403 1524 3474; x_wconf 83' lang='grc' dir='ltr'>συναπέρχεσθαι</span> <span class='ocrx_word' id='word_1_499' title='bbox 1545 3404 1692 3476; x_wconf 81' lang='grc' dir='ltr'><strong>αὐτῷ</strong></span> <span class='ocrx_word' id='word_1_500' title='bbox 1713 3405 1878 3474; x_wconf 89' lang='grc' dir='ltr'>ἀναγ-</span> 
     </span>
    </p>
   </div>
   <div class='ocr_carea' id='block_1_66' title="bbox 299 3489 1876 3568">
    <p class='ocr_par' dir='ltr' id='par_1_66' title="bbox 299 3489 1876 3568">
     <span class='ocr_line' id='line_1_66' title="bbox 299 3489 1876 3568; baseline 0.007 -28"><span class='ocrx_word' id='word_1_501' title='bbox 299 3489 668 3560; x_wconf 85' lang='grc' dir='ltr'>κασθήσομαι,</span> <span class='ocrx_word' id='word_1_502' title='bbox 693 3491 952 3546; x_wconf 81' lang='grc' dir='ltr'>ἀδύνατον</span> <span class='ocrx_word' id='word_1_503' title='bbox 975 3495 1071 3547; x_wconf 76' lang='grc' dir='ltr'>ἐπὶ</span> <span class='ocrx_word' id='word_1_504' title='bbox 1092 3493 1191 3565; x_wconf 86' lang='grc' dir='ltr'>τῆς</span> <span class='ocrx_word' id='word_1_505' title='bbox 1212 3495 1380 3566; x_wconf 78' lang='grc' dir='ltr'>αὐτῆς</span> <span class='ocrx_word' id='word_1_506' title='bbox 1402 3495 1572 3566; x_wconf 83' lang='grc' dir='ltr'>τύχης</span> <span class='ocrx_word' id='word_1_507' title='bbox 1598 3496 1786 3568; x_wconf 88' lang='grc' dir='ltr'>κλίνης</span> <span class='ocrx_word' id='word_1_508' title='bbox 1807 3498 1876 3530; x_wconf 66' lang='grc' dir='ltr'><strong>’ν</strong></span> 
     </span>
    </p>
   </div>
   <div class='ocr_carea' id='block_1_67' title="bbox 300 3580 1878 3654">
    <p class='ocr_par' dir='ltr' id='par_1_67' title="bbox 300 3580 1878 3654">
     <span class='ocr_line' id='line_1_67' title="bbox 300 3580 1878 3654; baseline 0.007 -22"><span class='ocrx_word' id='word_1_509' title='bbox 300 3582 920 3654; x_wconf 77' lang='grc' dir='ltr'>συγκατακλιθήσεσθαι.</span> <span class='ocrx_word' id='word_1_510' title='bbox 953 3585 1066 3639; x_wconf 87' lang='grc' dir='ltr'><strong>Ούκ</strong></span> <span class='ocrx_word' id='word_1_511' title='bbox 1093 3580 1209 3638; x_wconf 79' lang='grc' dir='ltr'>οἶδα</span> <span class='ocrx_word' id='word_1_512' title='bbox 1232 3585 1312 3649; x_wconf 82' lang='grc' dir='ltr'><strong>δὲ,</strong></span> <span class='ocrx_word' id='word_1_513' title='bbox 1339 3588 1386 3638; x_wconf 84' lang='grc' dir='ltr'><strong>εί</strong></span> <span class='ocrx_word' id='word_1_514' title='bbox 1411 3587 1504 3640; x_wconf 61' lang='grc' dir='ltr'><strong>καῖ⁸</strong></span> <span class='ocrx_word' id='word_1_515' title='bbox 1527 3587 1878 3643; x_wconf 83' lang='grc' dir='ltr'>συναπελθεῖν</span> 
     </span>
    </p>
   </div>
   <div class='ocr_carea' id='block_1_68' title="bbox 298 3673 1876 3754">
    <p class='ocr_par' dir='ltr' id='par_1_68' title="bbox 298 3673 1876 3754">
     <span class='ocr_line' id='line_1_68' title="bbox 298 3673 1876 3754; baseline 0.006 -29"><span class='ocrx_word' id='word_1_516' title='bbox 298 3673 447 3739; x_wconf 75' lang='grc' dir='ltr'>αὐτῷ</span> <span class='ocrx_word' id='word_1_517' title='bbox 470 3675 666 3747; x_wconf 56' lang='lat' dir='ltr'><strong>mmor,</strong></span> <span class='ocrx_word' id='word_1_518' title='bbox 676 3693 858 3746; x_wconf 88' lang='grc' dir='ltr'>σομαι.</span> <span class='ocrx_word' id='word_1_519' title='bbox 878 3676 1171 3730; x_wconf 85' lang='grc' dir='ltr'>Ὀκνοῦσαν</span> <span class='ocrx_word' id='word_1_520' title='bbox 1184 3677 1240 3730; x_wconf 87' lang='grc' dir='ltr'><strong>δὲ</strong></span> <span class='ocrx_word' id='word_1_521' title='bbox 1259 3677 1433 3748; x_wconf 77' lang='grc' dir='ltr'>αὐτὴν</span> <span class='ocrx_word' id='word_1_522' title='bbox 1447 3678 1700 3733; x_wconf 83' lang='grc' dir='ltr'>ἀπελθεῖν</span> <span class='ocrx_word' id='word_1_523' title='bbox 1712 3679 1876 3754; x_wconf 62' lang='grc'><strong>414</strong></span> 
     </span>
    </p>
   </div>
   <div class='ocr_carea' id='block_1_69' title="bbox 289 3764 1876 3840">
    <p class='ocr_par' dir='ltr' id='par_1_69' title="bbox 289 3764 1876 3840">
     <span class='ocr_line' id='line_1_69' title="bbox 289 3764 1876 3840; baseline 0.006 -26"><span class='ocrx_word' id='word_1_524' title='bbox 289 3764 320 3814; x_wconf 84' lang='grc' dir='ltr'>ὁ</span> <span class='ocrx_word' id='word_1_525' title='bbox 344 3764 662 3818; x_wconf 78' lang='grc' dir='ltr'>’Λννουὸίων</span> <span class='ocrx_word' id='word_1_526' title='bbox 677 3766 1006 3836; x_wconf 72' lang='grc' dir='ltr'>προέτρεψεν</span> <span class='ocrx_word' id='word_1_527' title='bbox 1019 3767 1187 3838; x_wconf 78' lang='grc' dir='ltr'>αὐτὴν</span> <span class='ocrx_word' id='word_1_528' title='bbox 1203 3767 1371 3822; x_wconf 82' lang='grc' dir='ltr'>εἰπών</span> <span class='ocrx_word' id='word_1_529' title='bbox 1391 3768 1668 3840; x_wconf 81' lang='grc' dir='ltr'>’Πείσθητι</span> <span class='ocrx_word' id='word_1_530' title='bbox 1681 3771 1801 3840; x_wconf 84' lang='grc' dir='ltr'>ἐμοί</span> <span class='ocrx_word' id='word_1_531' title='bbox 1815 3788 1876 3824; x_wconf 87' lang='grc' dir='ltr'><strong>τε</strong></span> 
     </span>
    </p>
   </div>
   <div class='ocr_carea' id='block_1_70' title="bbox 295 3855 1876 3932">
    <p class='ocr_par' dir='ltr' id='par_1_70' title="bbox 295 3855 1876 3932">
     <span class='ocr_line' id='line_1_70' title="bbox 295 3855 1876 3932; baseline 0.007 -26"><span class='ocrx_word' id='word_1_532' title='bbox 295 3855 390 3907; x_wconf 72' lang='grc' dir='ltr'>καὶ</span> <span class='ocrx_word' id='word_1_533' title='bbox 406 3855 591 3927; x_wconf 86' lang='grc' dir='ltr'>Πέτρῳ</span> <span class='ocrx_word' id='word_1_534' title='bbox 611 3858 705 3909; x_wconf 81' lang='grc' dir='ltr'>καὶ</span> <span class='ocrx_word' id='word_1_535' title='bbox 723 3857 860 3928; x_wconf 84' lang='grc' dir='ltr'>αύτῇ</span> <span class='ocrx_word' id='word_1_536' title='bbox 875 3857 929 3910; x_wconf 85' lang='grc' dir='ltr'>δὲ</span> <span class='ocrx_word' id='word_1_537' title='bbox 949 3862 1015 3930; x_wconf 83' lang='grc' dir='ltr'>τῇ</span> <span class='ocrx_word' id='word_1_538' title='bbox 1041 3861 1213 3930; x_wconf 79' lang='grc' dir='ltr'>φωνῇ,</span> <span class='ocrx_word' id='word_1_539' title='bbox 1245 3859 1326 3912; x_wconf 83' lang='grc' dir='ltr'>ὅτι</span> <span class='ocrx_word' id='word_1_540' title='bbox 1353 3859 1636 3932; x_wconf 83' lang='grc' dir='ltr'>[Φαῦστός]</span> <span class='ocrx_word' id='word_1_541' title='bbox 1653 3863 1817 3927; x_wconf 86' lang='grc' dir='ltr'>ἐστιν,</span> <span class='ocrx_word' id='word_1_542' title='bbox 1847 3865 1876 3916; x_wconf 80' lang='grc' dir='ltr'><strong>ό</strong></span> 
     </span>
    </p>
   </div>
   <div class='ocr_carea' id='block_1_71' title="bbox 295 3947 1877 4022">
    <p class='ocr_par' dir='ltr' id='par_1_71' title="bbox 295 3947 1877 4022">
     <span class='ocr_line' id='line_1_71' title="bbox 295 3947 1877 4022; baseline 0.006 -23"><span class='ocrx_word' id='word_1_543' title='bbox 295 3947 388 4011; x_wconf 79' lang='grc' dir='ltr'>σὸς</span> <span class='ocrx_word' id='word_1_544' title='bbox 415 3948 658 4019; x_wconf 80' lang='grc' dir='ltr'>σύμϐιος,</span> <span class='ocrx_word' id='word_1_545' title='bbox 689 3949 748 4002; x_wconf 82' lang='grc' dir='ltr'>ὃν</span> <span class='ocrx_word' id='word_1_546' title='bbox 793 3951 892 4004; x_wconf 85' lang='grc' dir='ltr'>οὐκ</span> <span class='ocrx_word' id='word_1_547' title='bbox 919 3950 1139 4004; x_wconf 85' lang='grc' dir='ltr'>ἔλαττόν</span> <span class='ocrx_word' id='word_1_548' title='bbox 1176 3969 1270 4005; x_wconf 88' lang='grc' dir='ltr'><strong>σου</strong></span> <span class='ocrx_word' id='word_1_549' title='bbox 1303 3953 1521 4022; x_wconf 84' lang='grc' dir='ltr'>ἀγαπῶ.</span> <span class='ocrx_word' id='word_1_550' title='bbox 1562 3954 1672 4007; x_wconf 72' lang='grc' dir='ltr'><strong>Καὶ</strong></span> <span class='ocrx_word' id='word_1_551' title='bbox 1714 3955 1877 4020; x_wconf 80' lang='grc' dir='ltr'>αὐτὸς</span> 
     </span>
    </p>
   </div>
   <div class='ocr_carea' id='block_1_72' title="bbox 289 4041 1878 4113">
    <p class='ocr_par' dir='ltr' id='par_1_72' title="bbox 289 4041 1878 4113">
     <span class='ocr_line' id='line_1_72' title="bbox 289 4041 1878 4113; baseline 0.003 -19"><span class='ocrx_word' id='word_1_552' title='bbox 289 4042 438 4112; x_wconf 82' lang='grc' dir='ltr'>αὐτῴ</span> <span class='ocrx_word' id='word_1_553' title='bbox 463 4041 991 4113; x_wconf 80' lang='grc' dir='ltr'>συμ[πορεύσομαι].</span> <span class='ocrx_word' id='word_1_554' title='bbox 1023 4041 1210 4096; x_wconf 89' lang='grc' dir='ltr'>Ταῦτα</span> <span class='ocrx_word' id='word_1_555' title='bbox 1244 4042 1341 4096; x_wconf 90' lang='grc' dir='ltr'><strong>τοῦ</strong></span> <span class='ocrx_word' id='word_1_556' title='bbox 1397 4043 1774 4109; x_wconf 79' lang='grc' dir='ltr'>’Λννουϐίωνος</span> <span class='ocrx_word' id='word_1_557' title='bbox 1805 4046 1878 4099; x_wconf 80' lang='grc' dir='ltr'>ει-</span> 
     </span>
    </p>
   </div>
   <div class='ocr_carea' id='block_1_73' title="bbox 291 4135 1404 4206">
    <p class='ocr_par' dir='ltr' id='par_1_73' title="bbox 291 4135 1404 4206">
     <span class='ocr_line' id='line_1_73' title="bbox 291 4135 1404 4206; baseline 0.004 -18"><span class='ocrx_word' id='word_1_558' title='bbox 291 4135 499 4198; x_wconf 77' lang='grc' dir='ltr'>πόντος,</span> <span class='ocrx_word' id='word_1_559' title='bbox 530 4136 564 4205; x_wconf 81' lang='grc' dir='ltr'>ἡ</span> <span class='ocrx_word' id='word_1_560' title='bbox 607 4136 787 4206; x_wconf 81' lang='grc' dir='ltr'>μήτηρ</span> <span class='ocrx_word' id='word_1_561' title='bbox 819 4135 1089 4188; x_wconf 78' lang='grc' dir='ltr'>συνελθεῖν</span> <span class='ocrx_word' id='word_1_562' title='bbox 1122 4137 1404 4206; x_wconf 83' lang='grc' dir='ltr'>ὑπέσχετο.</span> 
     </span>
    </p>
   </div>
   <div class='ocr_carea' id='block_1_74' title="bbox 361 4225 1876 4298">
    <p class='ocr_par' dir='ltr' id='par_1_74' title="bbox 361 4225 1876 4298">
     <span class='ocr_line' id='line_1_74' title="bbox 361 4225 1876 4298; baseline 0.005 -18"><span class='ocrx_word' id='word_1_563' title='bbox 361 4225 501 4280; x_wconf 75' lang='lat' dir='ltr'><strong>XXI.</strong></span> <span class='ocrx_word' id='word_1_564' title='bbox 550 4227 608 4278; x_wconf 86' lang='lat'><strong>&#39;0</strong></span> <span class='ocrx_word' id='word_1_565' title='bbox 651 4226 708 4278; x_wconf 84' lang='grc' dir='ltr'>δὲ</span> <span class='ocrx_word' id='word_1_566' title='bbox 746 4226 948 4297; x_wconf 85' lang='grc' dir='ltr'>Πέτρος</span> <span class='ocrx_word' id='word_1_567' title='bbox 991 4227 1173 4298; x_wconf 80' lang='grc' dir='ltr'><strong>[ἕφη]·</strong></span> <span class='ocrx_word' id='word_1_568' title='bbox 1216 4229 1540 4284; x_wconf 85' lang='grc' dir='ltr'>Δικαιότατα</span> <span class='ocrx_word' id='word_1_569' title='bbox 1571 4231 1756 4297; x_wconf 82' lang='grc' dir='ltr'>ὁΘεὸς</span> <span class='ocrx_word' id='word_1_570' title='bbox 1805 4233 1876 4287; x_wconf 86' lang='grc' dir='ltr'><strong>τά</strong></span> 
     </span>
    </p>
   </div>
   <div class='ocr_carea' id='block_1_75' title="bbox 291 4318 1876 4396">
    <p class='ocr_par' dir='ltr' id='par_1_75' title="bbox 291 4318 1876 4396">
     <span class='ocr_line' id='line_1_75' title="bbox 291 4318 1876 4396; baseline 0.005 -25"><span class='ocrx_word' id='word_1_571' title='bbox 291 4319 592 4389; x_wconf 82' lang='grc' dir='ltr'>πράγματα</span> <span class='ocrx_word' id='word_1_572' title='bbox 623 4318 780 4388; x_wconf 81' lang='grc' dir='ltr'>ἡμῶν</span> <span class='ocrx_word' id='word_1_573' title='bbox 813 4321 1102 4390; x_wconf 85' lang='grc' dir='ltr'>οἰκονομεῖ.</span> <span class='ocrx_word' id='word_1_574' title='bbox 1154 4322 1386 4392; x_wconf 82' lang='grc' dir='ltr'>Ἐχομεν</span> <span class='ocrx_word' id='word_1_575' title='bbox 1433 4323 1542 4396; x_wconf 82' lang='grc' dir='ltr'><strong>γὰρ</strong></span> <span class='ocrx_word' id='word_1_576' title='bbox 1571 4324 1690 4395; x_wconf 84' lang='grc' dir='ltr'>μεθ’</span> <span class='ocrx_word' id='word_1_577' title='bbox 1715 4326 1876 4396; x_wconf 88' lang='grc' dir='ltr'>ήμῶν</span> 
     </span>
    </p>
   </div>
   <div class='ocr_carea' id='block_1_76' title="bbox 303 4407 1876 4491">
    <p class='ocr_par' dir='ltr' id='par_1_76' title="bbox 303 4407 1876 4491">
     <span class='ocr_line' id='line_1_76' title="bbox 303 4407 1876 4491; baseline 0.005 -29"><span class='ocrx_word' id='word_1_578' title='bbox 303 4409 682 4480; x_wconf 77' lang='grc' dir='ltr'>Ἀννουείων[α</span> <span class='ocrx_word' id='word_1_579' title='bbox 741 4409 1110 4491; x_wconf 84' lang='grc' dir='ltr'>ἀστρολ]όγον.</span> <span class='ocrx_word' id='word_1_580' title='bbox 1177 4407 1344 4475; x_wconf 77' lang='grc' dir='ltr'>Οὗτος</span> <span class='ocrx_word' id='word_1_581' title='bbox 1394 4413 1504 4485; x_wconf 84' lang='grc' dir='ltr'>γὰρ</span> <span class='ocrx_word' id='word_1_582' title='bbox 1557 4417 1691 4486; x_wconf 77' lang='grc' dir='ltr'>ἡμῖν</span> <span class='ocrx_word' id='word_1_583' title='bbox 1761 4418 1876 4470; x_wconf 86' lang='grc' dir='ltr'>ἐπι-</span> 
     </span>
    </p>
   </div>
   <div class='ocr_carea' id='block_1_77' title="bbox 1977 3215 3551 3287">
    <p class='ocr_par' dir='ltr' id='par_1_77' title="bbox 1977 3215 3551 3287">
     <span class='ocr_line' id='line_1_77' title="bbox 1977 3215 3551 3287; baseline 0.002 -16"><span class='ocrx_word' id='word_1_584' title='bbox 1977 3231 2108 3271; x_wconf 90' lang='lat' dir='ltr'><strong>cens</strong></span> <span class='ocrx_word' id='word_1_585' title='bbox 2135 3233 2150 3269; x_wconf 89' lang='lat'><strong>:</strong></span> <span class='ocrx_word' id='word_1_586' title='bbox 2175 3215 2423 3272; x_wconf 84' lang='lat' dir='ltr'><strong>Profecto</strong></span> <span class='ocrx_word' id='word_1_587' title='bbox 2447 3216 2696 3272; x_wconf 89' lang='lat' dir='ltr'><strong>adultera</strong></span> <span class='ocrx_word' id='word_1_588' title='bbox 2723 3218 2859 3273; x_wconf 91' lang='lat' dir='ltr'><strong>mihi</strong></span> <span class='ocrx_word' id='word_1_589' title='bbox 2887 3235 3011 3274; x_wconf 90' lang='lat' dir='ltr'><strong>esse</strong></span> <span class='ocrx_word' id='word_1_590' title='bbox 3044 3219 3279 3287; x_wconf 88' lang='lat' dir='ltr'><strong>viderer,</strong></span> <span class='ocrx_word' id='word_1_591' title='bbox 3309 3221 3356 3276; x_wconf 89' lang='lat' dir='ltr'><strong>si</strong></span> <span class='ocrx_word' id='word_1_592' title='bbox 3376 3219 3551 3274; x_wconf 90' lang='lat' dir='ltr'><strong>vultui</strong></span> 
     </span>
    </p>
   </div>
   <div class='ocr_carea' id='block_1_78' title="bbox 1979 3307 3552 3383">
    <p class='ocr_par' dir='ltr' id='par_1_78' title="bbox 1979 3307 3552 3383">
     <span class='ocr_line' id='line_1_78' title="bbox 1979 3307 3552 3383; baseline 0.003 -21"><span class='ocrx_word' id='word_1_593' title='bbox 1979 3307 2222 3363; x_wconf 88' lang='lat' dir='ltr'><strong>Simonis</strong></span> <span class='ocrx_word' id='word_1_594' title='bbox 2249 3323 2427 3364; x_wconf 89' lang='lat' dir='ltr'><strong>essem</strong></span> <span class='ocrx_word' id='word_1_595' title='bbox 2463 3311 2782 3380; x_wconf 88' lang='lat' dir='ltr'><strong>conjuncta.</strong></span> <span class='ocrx_word' id='word_1_596' title='bbox 2818 3313 3004 3382; x_wconf 85' lang='lat' dir='ltr'><strong>itaque</strong></span> <span class='ocrx_word' id='word_1_597' title='bbox 3035 3311 3082 3366; x_wconf 87' lang='lat' dir='ltr'><strong>si</strong></span> <span class='ocrx_word' id='word_1_598' title='bbox 3122 3327 3311 3383; x_wconf 88' lang='lat' dir='ltr'><strong>cogor,</strong></span> <span class='ocrx_word' id='word_1_599' title='bbox 3343 3321 3404 3367; x_wconf 92' lang='lat' dir='ltr'><strong>ut</strong></span> <span class='ocrx_word' id='word_1_600' title='bbox 3427 3327 3552 3368; x_wconf 88' lang='lat' dir='ltr'><strong>cum</strong></span> 
     </span>
    </p>
   </div>
   <div class='ocr_carea' id='block_1_79' title="bbox 1976 3401 3555 3473">
    <p class='ocr_par' dir='ltr' id='par_1_79' title="bbox 1976 3401 3555 3473">
     <span class='ocr_line' id='line_1_79' title="bbox 1976 3401 3555 3473; baseline 0.005 -19"><span class='ocrx_word' id='word_1_601' title='bbox 1976 3415 2044 3454; x_wconf 94' lang='lat' dir='ltr'><strong>eo</strong></span> <span class='ocrx_word' id='word_1_602' title='bbox 2070 3401 2290 3466; x_wconf 88' lang='lat' dir='ltr'><strong>abeam,</strong></span> <span class='ocrx_word' id='word_1_603' title='bbox 2320 3401 2437 3456; x_wconf 85' lang='lat' dir='ltr'><strong>fieri</strong></span> <span class='ocrx_word' id='word_1_604' title='bbox 2468 3411 2647 3458; x_wconf 88' lang='lat' dir='ltr'><strong>tamen</strong></span> <span class='ocrx_word' id='word_1_605' title='bbox 2675 3419 2785 3458; x_wconf 89' lang='lat' dir='ltr'><strong>non</strong></span> <span class='ocrx_word' id='word_1_606' title='bbox 2813 3406 3033 3473; x_wconf 88' lang='lat' dir='ltr'><strong>poterit,</strong></span> <span class='ocrx_word' id='word_1_607' title='bbox 3061 3414 3120 3460; x_wconf 94' lang='lat' dir='ltr'><strong>ut</strong></span> <span class='ocrx_word' id='word_1_608' title='bbox 3146 3405 3200 3460; x_wconf 90' lang='lat' dir='ltr'><strong>in</strong></span> <span class='ocrx_word' id='word_1_609' title='bbox 3229 3404 3418 3462; x_wconf 91' lang='lat' dir='ltr'><strong>eodem</strong></span> <span class='ocrx_word' id='word_1_610' title='bbox 3447 3405 3555 3461; x_wconf 89' lang='lat' dir='ltr'><strong>lec-</strong></span> 
     </span>
    </p>
   </div>
   <div class='ocr_carea' id='block_1_80' title="bbox 1977 3492 3552 3568">
    <p class='ocr_par' dir='ltr' id='par_1_80' title="bbox 1977 3492 3552 3568">
     <span class='ocr_line' id='line_1_80' title="bbox 1977 3492 3552 3568; baseline 0.001 -20"><span class='ocrx_word' id='word_1_611' title='bbox 1977 3494 2094 3548; x_wconf 92' lang='lat' dir='ltr'><strong>tulo</strong></span> <span class='ocrx_word' id='word_1_612' title='bbox 2116 3492 2354 3563; x_wconf 90' lang='lat' dir='ltr'><strong>jaceam.</strong></span> <span class='ocrx_word' id='word_1_613' title='bbox 2381 3492 2580 3550; x_wconf 85' lang='lat' dir='ltr'><strong>Nescio</strong></span> <span class='ocrx_word' id='word_1_614' title='bbox 2614 3504 2820 3562; x_wconf 89' lang='lat' dir='ltr'><strong>tamen,</strong></span> <span class='ocrx_word' id='word_1_615' title='bbox 2857 3513 2925 3550; x_wconf 89' lang='lat' dir='ltr'><strong>an</strong></span> <span class='ocrx_word' id='word_1_616' title='bbox 2951 3497 3036 3552; x_wconf 85' lang='lat' dir='ltr'><strong>vel</strong></span> <span class='ocrx_word' id='word_1_617' title='bbox 3065 3497 3381 3568; x_wconf 87' lang='lat' dir='ltr'><strong>persuaderi</strong></span> <span class='ocrx_word' id='word_1_618' title='bbox 3418 3497 3552 3552; x_wconf 87' lang='lat' dir='ltr'><strong>mihi</strong></span> 
     </span>
    </p>
   </div>
   <div class='ocr_carea' id='block_1_81' title="bbox 1975 3586 3553 3658">
    <p class='ocr_par' dir='ltr' id='par_1_81' title="bbox 1975 3586 3553 3658">
     <span class='ocr_line' id='line_1_81' title="bbox 1975 3586 3553 3658; baseline 0.002 -18"><span class='ocrx_word' id='word_1_619' title='bbox 1975 3586 2167 3655; x_wconf 86' lang='lat' dir='ltr'><strong>possit,</strong></span> <span class='ocrx_word' id='word_1_620' title='bbox 2197 3594 2256 3639; x_wconf 91' lang='grc' dir='ltr'><strong>ιιι</strong></span> <span class='ocrx_word' id='word_1_621' title='bbox 2276 3586 2438 3640; x_wconf 90' lang='lat' dir='ltr'><strong>simul</strong></span> <span class='ocrx_word' id='word_1_622' title='bbox 2463 3602 2587 3640; x_wconf 88' lang='lat' dir='ltr'><strong>cum</strong></span> <span class='ocrx_word' id='word_1_623' title='bbox 2617 3601 2684 3641; x_wconf 95' lang='lat' dir='ltr'><strong>eo</strong></span> <span class='ocrx_word' id='word_1_624' title='bbox 2712 3587 3054 3658; x_wconf 85' lang='lat' dir='ltr'><strong>proficiscar.</strong></span> <span class='ocrx_word' id='word_1_625' title='bbox 3090 3587 3228 3644; x_wconf 86' lang='lat' dir='ltr'><strong>Tum</strong></span> <span class='ocrx_word' id='word_1_626' title='bbox 3256 3589 3553 3658; x_wconf 83' lang='lat' dir='ltr'><strong>Annubiou</strong></span> 
     </span>
    </p>
   </div>
   <div class='ocr_carea' id='block_1_82' title="bbox 1941 3679 3555 3747">
    <p class='ocr_par' dir='ltr' id='par_1_82' title="bbox 1941 3679 3555 3747">
     <span class='ocr_line' id='line_1_82' title="bbox 1941 3679 3555 3747; baseline 0.004 -14"><span class='ocrx_word' id='word_1_627' title='bbox 1941 3739 1943 3742; x_wconf 49' lang='grc'><strong>,</strong></span> <span class='ocrx_word' id='word_1_628' title='bbox 1973 3688 2172 3747; x_wconf 68' lang='lat' dir='ltr'><strong>praeter</strong></span> <span class='ocrx_word' id='word_1_629' title='bbox 2191 3679 2526 3732; x_wconf 85' lang='lat' dir='ltr'><strong>voluntatem</strong></span> <span class='ocrx_word' id='word_1_630' title='bbox 2544 3680 2834 3734; x_wconf 89' lang='lat' dir='ltr'><strong>abeuntem</strong></span> <span class='ocrx_word' id='word_1_631' title='bbox 2861 3681 2935 3736; x_wconf 92' lang='lat' dir='ltr'><strong>ita</strong></span> <span class='ocrx_word' id='word_1_632' title='bbox 2959 3681 3209 3738; x_wconf 90' lang='lat' dir='ltr'><strong>hortatus</strong></span> <span class='ocrx_word' id='word_1_633' title='bbox 3225 3692 3310 3738; x_wconf 90' lang='lat' dir='ltr'><strong>est</strong></span> <span class='ocrx_word' id='word_1_634' title='bbox 3339 3701 3353 3737; x_wconf 90' lang='lat'>:</span> <span class='ocrx_word' id='word_1_635' title='bbox 3377 3682 3555 3738; x_wconf 84' lang='lat' dir='ltr'><strong>Crede</strong></span> 
     </span>
    </p>
   </div>
   <div class='ocr_carea' id='block_1_83' title="bbox 1976 3767 3552 3840">
    <p class='ocr_par' dir='ltr' id='par_1_83' title="bbox 1976 3767 3552 3840">
     <span class='ocr_line' id='line_1_83' title="bbox 1976 3767 3552 3840; baseline 0.004 -17"><span class='ocrx_word' id='word_1_636' title='bbox 1976 3769 2112 3823; x_wconf 88' lang='lat' dir='ltr'><strong>mihi</strong></span> <span class='ocrx_word' id='word_1_637' title='bbox 2143 3778 2199 3823; x_wconf 92' lang='lat' dir='ltr'><strong>ct</strong></span> <span class='ocrx_word' id='word_1_638' title='bbox 2228 3767 2390 3824; x_wconf 86' lang='lat' dir='ltr'><strong>Petro</strong></span> <span class='ocrx_word' id='word_1_639' title='bbox 2421 3779 2476 3824; x_wconf 89' lang='lat' dir='ltr'><strong>et</strong></span> <span class='ocrx_word' id='word_1_640' title='bbox 2509 3770 2632 3824; x_wconf 84' lang='lat' dir='ltr'><strong>voci</strong></span> <span class='ocrx_word' id='word_1_641' title='bbox 2664 3771 2792 3840; x_wconf 86' lang='lat' dir='ltr'><strong>ipsi,</strong></span> <span class='ocrx_word' id='word_1_642' title='bbox 2821 3787 2944 3826; x_wconf 84' lang='lat' dir='ltr'><strong>esse</strong></span> <span class='ocrx_word' id='word_1_643' title='bbox 2969 3789 3094 3826; x_wconf 87' lang='lat' dir='ltr'><strong>eum</strong></span> <span class='ocrx_word' id='word_1_644' title='bbox 3123 3772 3386 3828; x_wconf 84' lang='lat' dir='ltr'><strong>Faustum</strong></span> <span class='ocrx_word' id='word_1_645' title='bbox 3420 3790 3552 3830; x_wconf 78' lang='lat' dir='ltr'><strong>con-</strong></span> 
     </span>
    </p>
   </div>
   <div class='ocr_carea' id='block_1_84' title="bbox 1970 3840 3550 3930">
    <p class='ocr_par' dir='ltr' id='par_1_84' title="bbox 1970 3840 3550 3930">
     <span class='ocr_line' id='line_1_84' title="bbox 1970 3840 3550 3930; baseline 0.002 -19"><span class='ocrx_word' id='word_1_646' title='bbox 1970 3840 2159 3930; x_wconf 71' lang='lat' dir='ltr'><strong>jugeui</strong></span> <span class='ocrx_word' id='word_1_647' title='bbox 2189 3868 2365 3925; x_wconf 89' lang='lat' dir='ltr'><strong>tuum,</strong></span> <span class='ocrx_word' id='word_1_648' title='bbox 2397 3875 2558 3928; x_wconf 88' lang='lat' dir='ltr'><strong>quem</strong></span> <span class='ocrx_word' id='word_1_649' title='bbox 2591 3874 2693 3928; x_wconf 83' lang='lat' dir='ltr'><strong>ego</strong></span> <span class='ocrx_word' id='word_1_650' title='bbox 2738 3875 2844 3912; x_wconf 88' lang='lat' dir='ltr'><strong>non</strong></span> <span class='ocrx_word' id='word_1_651' title='bbox 2887 3860 3070 3914; x_wconf 90' lang='lat' dir='ltr'><strong>minus</strong></span> <span class='ocrx_word' id='word_1_652' title='bbox 3098 3860 3265 3930; x_wconf 88' lang='lat' dir='ltr'><strong>diligo</strong></span> <span class='ocrx_word' id='word_1_653' title='bbox 3293 3875 3458 3929; x_wconf 91' lang='lat' dir='ltr'><strong>quam</strong></span> <span class='ocrx_word' id='word_1_654' title='bbox 3495 3868 3550 3914; x_wconf 89' lang='lat' dir='ltr'><strong>tu</strong></span> 
     </span>
    </p>
   </div>
   <div class='ocr_carea' id='block_1_85' title="bbox 1976 3947 3662 4019">
    <p class='ocr_par' dir='ltr' id='par_1_85' title="bbox 1976 3947 3662 4019">
     <span class='ocr_line' id='line_1_85' title="bbox 1976 3947 3662 4019; baseline -0.001 -18"><span class='ocrx_word' id='word_1_655' title='bbox 1976 3948 2114 4018; x_wconf 87' lang='lat' dir='ltr'><strong>ipsa.</strong></span> <span class='ocrx_word' id='word_1_656' title='bbox 2149 3947 2260 4019; x_wconf 86' lang='lat' dir='ltr'><strong>Ego</strong></span> <span class='ocrx_word' id='word_1_657' title='bbox 2287 3957 2340 4003; x_wconf 90' lang='lat' dir='ltr'><strong>et</strong></span> <span class='ocrx_word' id='word_1_658' title='bbox 2367 3949 2481 4018; x_wconf 89' lang='lat' dir='ltr'><strong>ipse</strong></span> <span class='ocrx_word' id='word_1_659' title='bbox 2513 3965 2636 4003; x_wconf 88' lang='lat' dir='ltr'><strong>cum</strong></span> <span class='ocrx_word' id='word_1_660' title='bbox 2667 3964 2735 4004; x_wconf 88' lang='lat' dir='ltr'><strong>eo</strong></span> <span class='ocrx_word' id='word_1_661' title='bbox 2768 3948 3103 4018; x_wconf 82' lang='lat' dir='ltr'><strong>proficiscar.</strong></span> <span class='ocrx_word' id='word_1_662' title='bbox 3129 3949 3261 4014; x_wconf 76' lang='lat' dir='ltr'><strong>Quae</strong></span> <span class='ocrx_word' id='word_1_663' title='bbox 3291 3964 3416 4004; x_wconf 88' lang='lat' dir='ltr'><strong>cum</strong></span> <span class='ocrx_word' id='word_1_664' title='bbox 3442 3949 3551 4002; x_wconf 82' lang='lat' dir='ltr'><strong>Au-</strong></span> <span class='ocrx_word' id='word_1_665' title='bbox 3658 3995 3662 4000; x_wconf 94' lang='lat'><strong>.</strong></span> 
     </span>
    </p>
   </div>
   <div class='ocr_carea' id='block_1_86' title="bbox 1975 4040 3549 4112">
    <p class='ocr_par' dir='ltr' id='par_1_86' title="bbox 1975 4040 3549 4112">
     <span class='ocr_line' id='line_1_86' title="bbox 1975 4040 3549 4112; baseline 0.001 -17"><span class='ocrx_word' id='word_1_666' title='bbox 1975 4041 2181 4095; x_wconf 88' lang='lat' dir='ltr'><strong>nubion</strong></span> <span class='ocrx_word' id='word_1_667' title='bbox 2204 4040 2459 4110; x_wconf 77' lang='lat' dir='ltr'><strong>dixisset,</strong></span> <span class='ocrx_word' id='word_1_668' title='bbox 2505 4051 2680 4096; x_wconf 88' lang='lat' dir='ltr'><strong>mater</strong></span> <span class='ocrx_word' id='word_1_669' title='bbox 2703 4057 2762 4097; x_wconf 89' lang='lat' dir='ltr'><strong>se</strong></span> <span class='ocrx_word' id='word_1_670' title='bbox 2795 4055 2904 4096; x_wconf 90' lang='lat' dir='ltr'><strong>una</strong></span> <span class='ocrx_word' id='word_1_671' title='bbox 2931 4045 3056 4095; x_wconf 79' lang='lat' dir='ltr'><strong>eum</strong></span> <span class='ocrx_word' id='word_1_672' title='bbox 3090 4041 3316 4112; x_wconf 84' lang='lat' dir='ltr'><strong>reliquis</strong></span> <span class='ocrx_word' id='word_1_673' title='bbox 3355 4051 3549 4098; x_wconf 80' lang='lat' dir='ltr'><strong>ventu-</strong></span> 
     </span>
    </p>
   </div>
   <div class='ocr_carea' id='block_1_87' title="bbox 1975 4133 2392 4203">
    <p class='ocr_par' dir='ltr' id='par_1_87' title="bbox 1975 4133 2392 4203">
     <span class='ocr_line' id='line_1_87' title="bbox 1975 4133 2392 4203; baseline 0 -15"><span class='ocrx_word' id='word_1_674' title='bbox 1975 4150 2094 4188; x_wconf 87' lang='lat' dir='ltr'><strong>ram</strong></span> <span class='ocrx_word' id='word_1_675' title='bbox 2123 4133 2392 4203; x_wconf 87' lang='lat' dir='ltr'><strong>promisit.</strong></span> 
     </span>
    </p>
   </div>
   <div class='ocr_carea' id='block_1_88' title="bbox 2043 4223 3544 4296">
    <p class='ocr_par' dir='ltr' id='par_1_88' title="bbox 2043 4223 3544 4296">
     <span class='ocr_line' id='line_1_88' title="bbox 2043 4223 3544 4296; baseline 0.001 -18"><span class='ocrx_word' id='word_1_676' title='bbox 2043 4223 2186 4280; x_wconf 74' lang='grc' dir='ltr'><strong>ΧΧΙ.</strong></span> <span class='ocrx_word' id='word_1_677' title='bbox 2200 4229 2269 4280; x_wconf 86' lang='lat' dir='ltr'><strong>At</strong></span> <span class='ocrx_word' id='word_1_678' title='bbox 2282 4225 2473 4280; x_wconf 84' lang='lat' dir='ltr'><strong>Petrus</strong></span> <span class='ocrx_word' id='word_1_679' title='bbox 2499 4243 2512 4280; x_wconf 88' lang='lat'>:</span> <span class='ocrx_word' id='word_1_680' title='bbox 2540 4225 2682 4281; x_wconf 89' lang='lat' dir='ltr'><strong>Deus</strong></span> <span class='ocrx_word' id='word_1_681' title='bbox 2709 4225 2874 4280; x_wconf 89' lang='lat' dir='ltr'><strong>rebus</strong></span> <span class='ocrx_word' id='word_1_682' title='bbox 2899 4225 3105 4280; x_wconf 90' lang='lat' dir='ltr'><strong>nostris</strong></span> <span class='ocrx_word' id='word_1_683' title='bbox 3121 4226 3325 4296; x_wconf 85' lang='lat' dir='ltr'><strong>optime</strong></span> <span class='ocrx_word' id='word_1_684' title='bbox 3340 4241 3544 4282; x_wconf 83' lang='lat' dir='ltr'><strong>consu-</strong></span> 
     </span>
    </p>
   </div>
   <div class='ocr_carea' id='block_1_89' title="bbox 1974 4316 3544 4390">
    <p class='ocr_par' dir='ltr' id='par_1_89' title="bbox 1974 4316 3544 4390">
     <span class='ocr_line' id='line_1_89' title="bbox 1974 4316 3544 4390; baseline 0.003 -19"><span class='ocrx_word' id='word_1_685' title='bbox 1974 4318 2055 4383; x_wconf 87' lang='lat' dir='ltr'><strong>lit;</strong></span> <span class='ocrx_word' id='word_1_686' title='bbox 2073 4317 2332 4374; x_wconf 87' lang='lat' dir='ltr'><strong>habemus</strong></span> <span class='ocrx_word' id='word_1_687' title='bbox 2347 4319 2492 4372; x_wconf 89' lang='lat' dir='ltr'><strong>enim</strong></span> <span class='ocrx_word' id='word_1_688' title='bbox 2507 4319 2730 4373; x_wconf 84' lang='lat' dir='ltr'><strong>nobiscu</strong></span> <span class='ocrx_word' id='word_1_689' title='bbox 2741 4333 2789 4371; x_wconf 91' lang='lat' dir='ltr'><strong>m</strong></span> <span class='ocrx_word' id='word_1_690' title='bbox 2803 4316 3178 4374; x_wconf 82' lang='lat' dir='ltr'><strong>Annubionem</strong></span> <span class='ocrx_word' id='word_1_691' title='bbox 3193 4320 3544 4390; x_wconf 78' lang='lat' dir='ltr'><strong>astrologum.</strong></span> 
     </span>
    </p>
   </div>
   <div class='ocr_carea' id='block_1_90' title="bbox 1975 4407 3548 4481">
    <p class='ocr_par' dir='ltr' id='par_1_90' title="bbox 1975 4407 3548 4481">
     <span class='ocr_line' id='line_1_90' title="bbox 1975 4407 3548 4481; baseline 0.003 -19"><span class='ocrx_word' id='word_1_692' title='bbox 1975 4407 2076 4463; x_wconf 90' lang='lat' dir='ltr'><strong>llic</strong></span> <span class='ocrx_word' id='word_1_693' title='bbox 2088 4425 2211 4463; x_wconf 90' lang='lat' dir='ltr'><strong>eum</strong></span> <span class='ocrx_word' id='word_1_694' title='bbox 2244 4409 2404 4465; x_wconf 85' lang='lat' dir='ltr'><strong>nobis</strong></span> <span class='ocrx_word' id='word_1_695' title='bbox 2417 4409 2483 4463; x_wconf 92' lang='lat' dir='ltr'><strong>de</strong></span> <span class='ocrx_word' id='word_1_696' title='bbox 2495 4410 2677 4476; x_wconf 78' lang='lat' dir='ltr'><strong>genesi</strong></span> <span class='ocrx_word' id='word_1_697' title='bbox 2697 4418 2753 4463; x_wconf 92' lang='lat' dir='ltr'><strong>ut</strong></span> <span class='ocrx_word' id='word_1_698' title='bbox 2766 4409 2979 4465; x_wconf 83' lang='lat' dir='ltr'><strong>amicus</strong></span> <span class='ocrx_word' id='word_1_699' title='bbox 2993 4410 3289 4481; x_wconf 83' lang='lat' dir='ltr'><strong>disputabit</strong></span> <span class='ocrx_word' id='word_1_700' title='bbox 3311 4410 3548 4466; x_wconf 86' lang='lat' dir='ltr'><strong>familia-</strong></span> 
     </span>
    </p>
   </div>
   <div class='ocr_carea' id='block_1_91' title="bbox 287 4477 1876 4574">
    <p class='ocr_par' dir='ltr' id='par_1_91' title="bbox 287 4477 1872 4574">
     <span class='ocr_line' id='line_1_91' title="bbox 287 4477 1872 4574; baseline 0.006 -21"><span class='ocrx_word' id='word_1_701' title='bbox 287 4502 566 4572; x_wconf 74' lang='grc' dir='ltr'>δημήσασι</span> <span class='ocrx_word' id='word_1_702' title='bbox 626 4477 694 4573; x_wconf 68' lang='grc' dir='ltr'>τῇ</span> <span class='ocrx_word' id='word_1_703' title='bbox 763 4477 1058 4574; x_wconf 47' lang='grc' dir='ltr'>Ἀντιογείᾳ</span> <span class='ocrx_word' id='word_1_704' title='bbox 1118 4504 1249 4574; x_wconf 78' lang='grc' dir='ltr'>περὶ</span> <span class='ocrx_word' id='word_1_705' title='bbox 1292 4477 1703 4574; x_wconf 48' lang='grc' dir='ltr'>γενέσεωςητοῦ</span> <span class='ocrx_word' id='word_1_706' title='bbox 1761 4507 1872 4562; x_wconf 86' lang='grc' dir='ltr'>λοι-</span> 
     </span>
    </p>
   </div>
   <div class='ocr_carea' id='block_1_92' title="bbox 1975 4477 3549 4574">
    <p class='ocr_par' dir='ltr' id='par_1_92' title="bbox 1978 4502 3549 4574">
     <span class='ocr_line' id='line_1_92' title="bbox 1978 4502 3549 4574; baseline 0.001 -18"><span class='ocrx_word' id='word_1_707' title='bbox 1978 4502 2116 4568; x_wconf 89' lang='lat' dir='ltr'><strong>rius,</strong></span> <span class='ocrx_word' id='word_1_708' title='bbox 2146 4503 2365 4572; x_wconf 82' lang='lat' dir='ltr'><strong>quando</strong></span> <span class='ocrx_word' id='word_1_709' title='bbox 2399 4502 2707 4556; x_wconf 74' lang='lat' dir='ltr'><strong>Antiochiae</strong></span> <span class='ocrx_word' id='word_1_710' title='bbox 2754 4502 2981 4558; x_wconf 88' lang='lat' dir='ltr'><strong>erimus.</strong></span> <span class='ocrx_word' id='word_1_711' title='bbox 3016 4502 3232 4558; x_wconf 85' lang='lat' dir='ltr'><strong>Etcum</strong></span> <span class='ocrx_word' id='word_1_712' title='bbox 3265 4515 3417 4574; x_wconf 88' lang='lat' dir='ltr'><strong>pater</strong></span> <span class='ocrx_word' id='word_1_713' title='bbox 3446 4507 3549 4560; x_wconf 88' lang='lat' dir='ltr'><strong>sub</strong></span> 
     </span>
    </p>
   </div>
   <div class='ocr_carea' id='block_1_93' title="bbox 289 4593 1874 4672">
    <p class='ocr_par' dir='ltr' id='par_1_93' title="bbox 289 4593 1874 4672">
     <span class='ocr_line' id='line_1_93' title="bbox 289 4593 1874 4672; baseline 0.006 -27"><span class='ocrx_word' id='word_1_714' title='bbox 289 4593 391 4646; x_wconf 79' lang='grc' dir='ltr'><strong>ποῦ</strong></span> <span class='ocrx_word' id='word_1_715' title='bbox 440 4593 517 4657; x_wconf 87' lang='grc' dir='ltr'>ὡς</span> <span class='ocrx_word' id='word_1_716' title='bbox 558 4594 711 4663; x_wconf 79' lang='grc' dir='ltr'>φίλος</span> <span class='ocrx_word' id='word_1_717' title='bbox 759 4594 1127 4665; x_wconf 83' lang='grc' dir='ltr'>γνησιώτερον</span> <span class='ocrx_word' id='word_1_718' title='bbox 1175 4596 1608 4668; x_wconf 86' lang='grc' dir='ltr'>διαλεχθήσεται.</span> <span class='ocrx_word' id='word_1_719' title='bbox 1662 4601 1770 4653; x_wconf 80' lang='grc' dir='ltr'><strong>Καὶ</strong></span> <span class='ocrx_word' id='word_1_720' title='bbox 1809 4600 1874 4672; x_wconf 82' lang='grc' dir='ltr'><strong>δὴ</strong></span> 
     </span>
    </p>
   </div>
   <div class='ocr_carea' id='block_1_94' title="bbox 288 4680 1872 4760">
    <p class='ocr_par' dir='ltr' id='par_1_94' title="bbox 288 4680 1872 4760">
     <span class='ocr_line' id='line_1_94' title="bbox 288 4680 1872 4760; baseline 0.004 -24"><span class='ocrx_word' id='word_1_721' title='bbox 288 4684 382 4736; x_wconf 88' lang='grc' dir='ltr'><strong>τοῦ</strong></span> <span class='ocrx_word' id='word_1_722' title='bbox 422 4685 632 4755; x_wconf 75' lang='grc' dir='ltr'>πατρὸς</span> <span class='ocrx_word' id='word_1_723' title='bbox 662 4685 764 4737; x_wconf 79' lang='grc' dir='ltr'><strong>ὑπὸ</strong></span> <span class='ocrx_word' id='word_1_724' title='bbox 807 4684 972 4737; x_wconf 88' lang='grc' dir='ltr'>νύκτα</span> <span class='ocrx_word' id='word_1_725' title='bbox 1003 4684 1120 4754; x_wconf 84' lang='grc' dir='ltr'>μεθ’</span> <span class='ocrx_word' id='word_1_726' title='bbox 1148 4680 1221 4737; x_wconf 84' lang='grc' dir='ltr'>ὦν</span> <span class='ocrx_word' id='word_1_727' title='bbox 1251 4685 1503 4739; x_wconf 80' lang='grc' dir='ltr'>ἐκέλευσε</span> <span class='ocrx_word' id='word_1_728' title='bbox 1547 4689 1749 4760; x_wconf 84' lang='grc' dir='ltr'>Πέτρος</span> <span class='ocrx_word' id='word_1_729' title='bbox 1775 4690 1872 4743; x_wconf 84' lang='grc' dir='ltr'>σὺν</span> 
     </span>
    </p>
   </div>
   <div class='ocr_carea' id='block_1_95' title="bbox 287 4772 1870 4846">
    <p class='ocr_par' dir='ltr' id='par_1_95' title="bbox 287 4772 1870 4846">
     <span class='ocr_line' id='line_1_95' title="bbox 287 4772 1870 4846; baseline 0.004 -22"><span class='ocrx_word' id='word_1_730' title='bbox 287 4772 363 4842; x_wconf 80' lang='grc' dir='ltr'>τῷ</span> <span class='ocrx_word' id='word_1_731' title='bbox 407 4773 749 4825; x_wconf 73' lang='grc' dir='ltr'>’Λννουϐίωνι</span> <span class='ocrx_word' id='word_1_732' title='bbox 775 4773 1115 4844; x_wconf 78' lang='grc' dir='ltr'>ὁρμήσαντος</span> <span class='ocrx_word' id='word_1_733' title='bbox 1147 4775 1239 4826; x_wconf 74' lang='grc' dir='ltr'><strong>ἐπὶ</strong></span> <span class='ocrx_word' id='word_1_734' title='bbox 1270 4776 1370 4846; x_wconf 83' lang='grc' dir='ltr'>τὴν</span> <span class='ocrx_word' id='word_1_735' title='bbox 1397 4774 1624 4846; x_wconf 88' lang='grc' dir='ltr'>πλησίον</span> <span class='ocrx_word' id='word_1_736' title='bbox 1664 4778 1870 4830; x_wconf 80' lang='grc' dir='ltr'>Ἀντιό-</span> 
     </span>
    </p>
   </div>
   <div class='ocr_carea' id='block_1_96' title="bbox 288 4863 1872 4938">
    <p class='ocr_par' dir='ltr' id='par_1_96' title="bbox 288 4863 1872 4938">
     <span class='ocr_line' id='line_1_96' title="bbox 288 4863 1872 4938; baseline 0.003 -21"><span class='ocrx_word' id='word_1_737' title='bbox 288 4883 458 4933; x_wconf 76' lang='grc' dir='ltr'>χειαν,</span> <span class='ocrx_word' id='word_1_738' title='bbox 487 4863 688 4935; x_wconf 74' lang='grc' dir='ltr'>ὄρθρου</span> <span class='ocrx_word' id='word_1_739' title='bbox 715 4864 816 4934; x_wconf 81' lang='grc' dir='ltr'>τῆς</span> <span class='ocrx_word' id='word_1_740' title='bbox 848 4865 1014 4934; x_wconf 79' lang='grc' dir='ltr'>ἄλλης</span> <span class='ocrx_word' id='word_1_741' title='bbox 1047 4865 1260 4936; x_wconf 78' lang='grc' dir='ltr'>ἡμέρας</span> <span class='ocrx_word' id='word_1_742' title='bbox 1289 4867 1415 4937; x_wconf 74' lang='grc' dir='ltr'>πρὶν</span> <span class='ocrx_word' id='word_1_743' title='bbox 1452 4867 1734 4938; x_wconf 83' lang='grc' dir='ltr'>προελθεῖν</span> <span class='ocrx_word' id='word_1_744' title='bbox 1767 4869 1872 4922; x_wconf 86' lang='grc' dir='ltr'>Πέ-</span> 
     </span>
    </p>
   </div>
   <div class='ocr_carea' id='block_1_97' title="bbox 285 4955 1871 5032">
    <p class='ocr_par' dir='ltr' id='par_1_97' title="bbox 285 4955 1871 5032">
     <span class='ocr_line' id='line_1_97' title="bbox 285 4955 1871 5032; baseline 0.002 -23"><span class='ocrx_word' id='word_1_745' title='bbox 285 4974 411 5028; x_wconf 86' lang='grc' dir='ltr'>τρον</span> <span class='ocrx_word' id='word_1_746' title='bbox 444 4957 537 5008; x_wconf 89' lang='grc' dir='ltr'>ἐπί</span> <span class='ocrx_word' id='word_1_747' title='bbox 564 4956 642 5026; x_wconf 82' lang='grc' dir='ltr'>τῷ</span> <span class='ocrx_word' id='word_1_748' title='bbox 684 4955 1046 5025; x_wconf 85' lang='grc' dir='ltr'>διαλέγεσθαι,</span> <span class='ocrx_word' id='word_1_749' title='bbox 1091 4959 1393 5029; x_wconf 77' lang='grc' dir='ltr'>ἐπανῆλθον</span> <span class='ocrx_word' id='word_1_750' title='bbox 1439 4962 1520 5024; x_wconf 89' lang='grc' dir='ltr'><strong>είς</strong></span> <span class='ocrx_word' id='word_1_751' title='bbox 1550 4962 1649 5032; x_wconf 82' lang='grc' dir='ltr'>τὴν</span> <span class='ocrx_word' id='word_1_752' title='bbox 1679 4961 1871 5015; x_wconf 85' lang='grc' dir='ltr'>Λαοδί-</span> 
     </span>
    </p>
   </div>
   <div class='ocr_carea' id='block_1_98' title="bbox 287 5048 1872 5122">
    <p class='ocr_par' dir='ltr' id='par_1_98' title="bbox 287 5048 1872 5122">
     <span class='ocr_line' id='line_1_98' title="bbox 287 5048 1872 5122; baseline 0.003 -22"><span class='ocrx_word' id='word_1_753' title='bbox 287 5067 436 5101; x_wconf 80' lang='grc' dir='ltr'>κειαν</span> <span class='ocrx_word' id='word_1_754' title='bbox 462 5048 556 5100; x_wconf 78' lang='grc' dir='ltr'>τὸν</span> <span class='ocrx_word' id='word_1_755' title='bbox 585 5048 804 5118; x_wconf 87' lang='grc' dir='ltr'>Σίμωνα</span> <span class='ocrx_word' id='word_1_756' title='bbox 840 5049 1260 5120; x_wconf 74' lang='grc' dir='ltr'>προπέμψαντες</span> <span class='ocrx_word' id='word_1_757' title='bbox 1307 5052 1548 5104; x_wconf 82' lang='grc' dir='ltr'>Ἀππίων</span> <span class='ocrx_word' id='word_1_758' title='bbox 1575 5051 1670 5105; x_wconf 76' lang='grc' dir='ltr'>καὶ</span> <span class='ocrx_word' id='word_1_759' title='bbox 1713 5052 1872 5122; x_wconf 83' lang='grc' dir='ltr'>Ἀθη-</span> 
     </span>
    </p>
   </div>
   <div class='ocr_carea' id='block_1_99' title="bbox 288 5140 1868 5215">
    <p class='ocr_par' dir='ltr' id='par_1_99' title="bbox 288 5140 1868 5215">
     <span class='ocr_line' id='line_1_99' title="bbox 288 5140 1868 5215; baseline 0.004 -22"><span class='ocrx_word' id='word_1_760' title='bbox 288 5142 518 5211; x_wconf 59' lang='lat' dir='ltr'><strong>viarum;</strong></span> <span class='ocrx_word' id='word_1_761' title='bbox 545 5140 931 5212; x_wconf 75' lang='grc' dir='ltr'>ἐπιζητοῦντες</span> <span class='ocrx_word' id='word_1_762' title='bbox 959 5141 1049 5195; x_wconf 79' lang='grc' dir='ltr'>τὸν</span> <span class='ocrx_word' id='word_1_763' title='bbox 1075 5143 1304 5214; x_wconf 83' lang='grc' dir='ltr'>πατέρα.</span> <span class='ocrx_word' id='word_1_764' title='bbox 1355 5144 1412 5197; x_wconf 91' lang='grc' dir='ltr'>Ὁ</span> <span class='ocrx_word' id='word_1_765' title='bbox 1439 5145 1496 5198; x_wconf 84' lang='grc' dir='ltr'><strong>δέ</strong></span> <span class='ocrx_word' id='word_1_766' title='bbox 1531 5144 1716 5215; x_wconf 85' lang='grc' dir='ltr'>μαθὼν</span> <span class='ocrx_word' id='word_1_767' title='bbox 1745 5145 1868 5199; x_wconf 80' lang='grc' dir='ltr'>ἐκέ-</span> 
     </span>
    </p>
   </div>
   <div class='ocr_carea' id='block_1_100' title="bbox 289 5233 1868 5304">
    <p class='ocr_par' dir='ltr' id='par_1_100' title="bbox 289 5233 1868 5304">
     <span class='ocr_line' id='line_1_100' title="bbox 289 5233 1868 5304; baseline 0.003 -19"><span class='ocrx_word' id='word_1_768' title='bbox 289 5233 475 5286; x_wconf 81' lang='grc' dir='ltr'>λευσεν</span> <span class='ocrx_word' id='word_1_769' title='bbox 506 5233 704 5295; x_wconf 80' lang='grc' dir='ltr'>αὐτοὺς</span> <span class='ocrx_word' id='word_1_770' title='bbox 740 5233 1101 5304; x_wconf 84' lang='grc' dir='ltr'>εἰσέρχεσθαι.</span> <span class='ocrx_word' id='word_1_771' title='bbox 1144 5235 1454 5288; x_wconf 76' lang='grc' dir='ltr'>Είσϐάντων</span> <span class='ocrx_word' id='word_1_772' title='bbox 1479 5235 1535 5289; x_wconf 87' lang='grc' dir='ltr'><strong>δέ</strong></span> <span class='ocrx_word' id='word_1_773' title='bbox 1574 5237 1668 5290; x_wconf 77' lang='grc' dir='ltr'>καὶ</span> <span class='ocrx_word' id='word_1_774' title='bbox 1705 5237 1868 5292; x_wconf 89' lang='grc' dir='ltr'>καθε-</span> 
     </span>
    </p>
   </div>
   <div class='ocr_carea' id='block_1_101' title="bbox 291 5323 1866 5399">
    <p class='ocr_par' dir='ltr' id='par_1_101' title="bbox 291 5323 1866 5399">
     <span class='ocr_line' id='line_1_101' title="bbox 291 5323 1866 5399; baseline 0.003 -22"><span class='ocrx_word' id='word_1_775' title='bbox 291 5326 523 5378; x_wconf 85' lang='grc' dir='ltr'>σθέντων</span> <span class='ocrx_word' id='word_1_776' title='bbox 569 5324 684 5386; x_wconf 89' lang='grc' dir='ltr'>καί,</span> <span class='ocrx_word' id='word_1_777' title='bbox 718 5325 826 5377; x_wconf 88' lang='grc' dir='ltr'><strong>Ποῦ</strong></span> <span class='ocrx_word' id='word_1_778' title='bbox 857 5323 1130 5390; x_wconf 84' lang='grc' dir='ltr'>Φαῦστος;</span> <span class='ocrx_word' id='word_1_779' title='bbox 1175 5325 1436 5380; x_wconf 80' lang='grc' dir='ltr'>εἰπόντων</span> <span class='ocrx_word' id='word_1_780' title='bbox 1478 5367 1492 5391; x_wconf 92' lang='grc'><strong>,</strong></span> <span class='ocrx_word' id='word_1_781' title='bbox 1531 5327 1866 5399; x_wconf 87' lang='grc' dir='ltr'>ἀπεκρίνατο</span> 
     </span>
    </p>
   </div>
   <div class='ocr_carea' id='block_1_102' title="bbox 291 5416 1864 5490">
    <p class='ocr_par' dir='ltr' id='par_1_102' title="bbox 291 5416 1864 5490">
     <span class='ocr_line' id='line_1_102' title="bbox 291 5416 1864 5490; baseline 0.002 -20"><span class='ocrx_word' id='word_1_782' title='bbox 291 5419 523 5487; x_wconf 84' lang='grc' dir='ltr'>Πέτρος·</span> <span class='ocrx_word' id='word_1_783' title='bbox 573 5417 688 5469; x_wconf 81' lang='grc' dir='ltr'><strong>Οὐκ</strong></span> <span class='ocrx_word' id='word_1_784' title='bbox 716 5416 901 5487; x_wconf 74' lang='grc' dir='ltr'>ίσμεψ</span> <span class='ocrx_word' id='word_1_785' title='bbox 936 5417 1106 5487; x_wconf 81' lang='grc' dir='ltr'>αὐτῆς</span> <span class='ocrx_word' id='word_1_786' title='bbox 1143 5416 1252 5489; x_wconf 79' lang='grc' dir='ltr'><strong>γὰρ</strong></span> <span class='ocrx_word' id='word_1_787' title='bbox 1287 5418 1522 5490; x_wconf 77' lang='grc' dir='ltr'>ἑσπέρας</span> <span class='ocrx_word' id='word_1_788' title='bbox 1559 5419 1693 5490; x_wconf 86' lang='grc' dir='ltr'>πρὸς</span> <span class='ocrx_word' id='word_1_789' title='bbox 1720 5421 1864 5490; x_wconf 77' lang='grc' dir='ltr'>ὑμᾶς</span> 
     </span>
    </p>
   </div>
   <div class='ocr_carea' id='block_1_103' title="bbox 293 5509 1862 5583">
    <p class='ocr_par' dir='ltr' id='par_1_103' title="bbox 293 5509 1862 5583">
     <span class='ocr_line' id='line_1_103' title="bbox 293 5509 1862 5583; baseline 0.001 -20"><span class='ocrx_word' id='word_1_790' title='bbox 293 5510 457 5563; x_wconf 83' lang='grc' dir='ltr'>ἐλθὼν</span> <span class='ocrx_word' id='word_1_791' title='bbox 477 5509 661 5562; x_wconf 82' lang='grc' dir='ltr'>οὐκέτι</span> <span class='ocrx_word' id='word_1_792' title='bbox 680 5512 791 5573; x_wconf 87' lang='grc' dir='ltr'>τοῖς</span> <span class='ocrx_word' id='word_1_793' title='bbox 813 5509 1033 5573; x_wconf 86' lang='grc' dir='ltr'>οἰκείοις</span> <span class='ocrx_word' id='word_1_794' title='bbox 1060 5510 1234 5580; x_wconf 73' lang='grc' dir='ltr'>ἐφάνη</span> <span class='ocrx_word' id='word_1_795' title='bbox 1250 5528 1262 5538; x_wconf 91' lang='grc'><strong>·</strong></span> <span class='ocrx_word' id='word_1_796' title='bbox 1302 5510 1427 5580; x_wconf 84' lang='grc' dir='ltr'>χθὲς</span> <span class='ocrx_word' id='word_1_797' title='bbox 1453 5510 1510 5563; x_wconf 82' lang='grc' dir='ltr'><strong>δὲ</strong></span> <span class='ocrx_word' id='word_1_798' title='bbox 1545 5510 1742 5583; x_wconf 77' lang='grc' dir='ltr'>ὄρθρου</span> <span class='ocrx_word' id='word_1_799' title='bbox 1767 5513 1862 5566; x_wconf 81' lang='grc' dir='ltr'>καὶ</span> 
     </span>
    </p>
   </div>
   <div class='ocr_carea' id='block_1_104' title="bbox 1977 4595 3546 4663">
    <p class='ocr_par' dir='ltr' id='par_1_104' title="bbox 1977 4595 3546 4663">
     <span class='ocr_line' id='line_1_104' title="bbox 1977 4595 3546 4663; baseline 0.002 -15"><span class='ocrx_word' id='word_1_800' title='bbox 1977 4603 2189 4649; x_wconf 86' lang='lat' dir='ltr'><strong>noctem</strong></span> <span class='ocrx_word' id='word_1_801' title='bbox 2243 4611 2368 4648; x_wconf 82' lang='lat' dir='ltr'><strong>eum</strong></span> <span class='ocrx_word' id='word_1_802' title='bbox 2426 4595 2512 4660; x_wconf 89' lang='lat' dir='ltr'><strong>iis,</strong></span> <span class='ocrx_word' id='word_1_803' title='bbox 2560 4609 2700 4663; x_wconf 85' lang='lat' dir='ltr'><strong>quos</strong></span> <span class='ocrx_word' id='word_1_804' title='bbox 2745 4595 2939 4654; x_wconf 87' lang='lat' dir='ltr'><strong>Petrus</strong></span> <span class='ocrx_word' id='word_1_805' title='bbox 2977 4597 3346 4663; x_wconf 83' lang='lat' dir='ltr'><strong>ordinaverat,</strong></span> <span class='ocrx_word' id='word_1_806' title='bbox 3383 4598 3546 4653; x_wconf 89' lang='lat' dir='ltr'><strong>simul</strong></span> 
     </span>
    </p>
   </div>
   <div class='ocr_carea' id='block_1_105' title="bbox 1975 4687 3545 4760">
    <p class='ocr_par' dir='ltr' id='par_1_105' title="bbox 1975 4687 3545 4760">
     <span class='ocr_line' id='line_1_105' title="bbox 1975 4687 3545 4760; baseline 0.003 -18"><span class='ocrx_word' id='word_1_807' title='bbox 1975 4703 2098 4742; x_wconf 87' lang='lat' dir='ltr'><strong>cum</strong></span> <span class='ocrx_word' id='word_1_808' title='bbox 2123 4687 2450 4741; x_wconf 84' lang='lat' dir='ltr'><strong>Annuhione</strong></span> <span class='ocrx_word' id='word_1_809' title='bbox 2479 4689 2809 4757; x_wconf 73' lang='lat' dir='ltr'><strong>perrexisset</strong></span> <span class='ocrx_word' id='word_1_810' title='bbox 2838 4690 2903 4744; x_wconf 90' lang='lat' dir='ltr'><strong>ad</strong></span> <span class='ocrx_word' id='word_1_811' title='bbox 2930 4690 3160 4745; x_wconf 86' lang='lat' dir='ltr'><strong>vicinam</strong></span> <span class='ocrx_word' id='word_1_812' title='bbox 3179 4689 3545 4760; x_wconf 85' lang='lat' dir='ltr'><strong>Antiochiam,</strong></span> 
     </span>
    </p>
   </div>
   <div class='ocr_carea' id='block_1_106' title="bbox 1975 4777 3543 4854">
    <p class='ocr_par' dir='ltr' id='par_1_106' title="bbox 1975 4777 3543 4854">
     <span class='ocr_line' id='line_1_106' title="bbox 1975 4777 3543 4854; baseline 0.006 -24"><span class='ocrx_word' id='word_1_813' title='bbox 1975 4793 2134 4831; x_wconf 87' lang='lat' dir='ltr'><strong>mane</strong></span> <span class='ocrx_word' id='word_1_814' title='bbox 2182 4777 2464 4847; x_wconf 86' lang='lat' dir='ltr'><strong>sequentis</strong></span> <span class='ocrx_word' id='word_1_815' title='bbox 2491 4777 2624 4843; x_wconf 91' lang='lat' dir='ltr'><strong>diei,</strong></span> <span class='ocrx_word' id='word_1_816' title='bbox 2657 4791 2952 4849; x_wconf 86' lang='lat' dir='ltr'><strong>antequam</strong></span> <span class='ocrx_word' id='word_1_817' title='bbox 2998 4781 3194 4837; x_wconf 87' lang='lat' dir='ltr'><strong>Petrus</strong></span> <span class='ocrx_word' id='word_1_818' title='bbox 3237 4783 3304 4838; x_wconf 89' lang='lat' dir='ltr'><strong>ad</strong></span> <span class='ocrx_word' id='word_1_819' title='bbox 3352 4784 3543 4854; x_wconf 87' lang='lat' dir='ltr'><strong>dispu—</strong></span> 
     </span>
    </p>
   </div>
   <div class='ocr_carea' id='block_1_107' title="bbox 1971 4869 3541 4944">
    <p class='ocr_par' dir='ltr' id='par_1_107' title="bbox 1971 4869 3541 4944">
     <span class='ocr_line' id='line_1_107' title="bbox 1971 4869 3541 4944; baseline 0.004 -23"><span class='ocrx_word' id='word_1_820' title='bbox 1971 4869 2195 4922; x_wconf 87' lang='lat' dir='ltr'><strong>tandum</strong></span> <span class='ocrx_word' id='word_1_821' title='bbox 2221 4884 2478 4938; x_wconf 86' lang='lat' dir='ltr'><strong>egressus</strong></span> <span class='ocrx_word' id='word_1_822' title='bbox 2500 4879 2665 4935; x_wconf 85' lang='lat' dir='ltr'><strong>esset,</strong></span> <span class='ocrx_word' id='word_1_823' title='bbox 2694 4869 3013 4926; x_wconf 87' lang='lat' dir='ltr'><strong>Laodiceam</strong></span> <span class='ocrx_word' id='word_1_824' title='bbox 3038 4882 3304 4928; x_wconf 83' lang='lat' dir='ltr'><strong>venerunt</strong></span> <span class='ocrx_word' id='word_1_825' title='bbox 3329 4874 3541 4944; x_wconf 86' lang='lat' dir='ltr'><strong>Appiou</strong></span> 
     </span>
    </p>
   </div>
   <div class='ocr_carea' id='block_1_108' title="bbox 1968 4959 3542 5034">
    <p class='ocr_par' dir='ltr' id='par_1_108' title="bbox 1968 4959 3542 5034">
     <span class='ocr_line' id='line_1_108' title="bbox 1968 4959 3542 5034; baseline 0.003 -20"><span class='ocrx_word' id='word_1_826' title='bbox 1968 4967 2022 5014; x_wconf 89' lang='lat' dir='ltr'><strong>et</strong></span> <span class='ocrx_word' id='word_1_827' title='bbox 2049 4959 2454 5024; x_wconf 83' lang='lat' dir='ltr'><strong>Athenodorus,</strong></span> <span class='ocrx_word' id='word_1_828' title='bbox 2484 4959 2722 5015; x_wconf 88' lang='lat' dir='ltr'><strong>Simonis</strong></span> <span class='ocrx_word' id='word_1_829' title='bbox 2752 4962 3002 5028; x_wconf 89' lang='lat' dir='ltr'><strong>comites,</strong></span> <span class='ocrx_word' id='word_1_830' title='bbox 3051 4972 3260 5032; x_wconf 85' lang='lat' dir='ltr'><strong>patrem</strong></span> <span class='ocrx_word' id='word_1_831' title='bbox 3295 4980 3542 5034; x_wconf 66' lang='lat' dir='ltr'><strong>quaeren-</strong></span> 
     </span>
    </p>
   </div>
   <div class='ocr_carea' id='block_1_109' title="bbox 1967 5050 3536 5124">
    <p class='ocr_par' dir='ltr' id='par_1_109' title="bbox 1967 5050 3536 5124">
     <span class='ocr_line' id='line_1_109' title="bbox 1967 5050 3536 5124; baseline 0.003 -20"><span class='ocrx_word' id='word_1_832' title='bbox 1967 5059 2068 5104; x_wconf 85' lang='lat' dir='ltr'><strong>tes.</strong></span> <span class='ocrx_word' id='word_1_833' title='bbox 2102 5050 2218 5116; x_wconf 91' lang='lat' dir='ltr'><strong>Qua</strong></span> <span class='ocrx_word' id='word_1_834' title='bbox 2263 5067 2323 5104; x_wconf 88' lang='lat' dir='ltr'><strong>re</strong></span> <span class='ocrx_word' id='word_1_835' title='bbox 2367 5051 2604 5121; x_wconf 90' lang='lat' dir='ltr'><strong>cognita,</strong></span> <span class='ocrx_word' id='word_1_836' title='bbox 2645 5052 2874 5107; x_wconf 88' lang='lat' dir='ltr'><strong>introire</strong></span> <span class='ocrx_word' id='word_1_837' title='bbox 2903 5069 3000 5108; x_wconf 90' lang='lat' dir='ltr'><strong>eos</strong></span> <span class='ocrx_word' id='word_1_838' title='bbox 3041 5054 3232 5124; x_wconf 89' lang='lat' dir='ltr'><strong>jussit.</strong></span> <span class='ocrx_word' id='word_1_839' title='bbox 3263 5054 3366 5122; x_wconf 90' lang='lat' dir='ltr'><strong>Qui</strong></span> <span class='ocrx_word' id='word_1_840' title='bbox 3415 5071 3536 5110; x_wconf 88' lang='lat' dir='ltr'><strong>cum</strong></span> 
     </span>
    </p>
   </div>
   <div class='ocr_carea' id='block_1_110' title="bbox 1967 5142 3537 5212">
    <p class='ocr_par' dir='ltr' id='par_1_110' title="bbox 1967 5142 3537 5212">
     <span class='ocr_line' id='line_1_110' title="bbox 1967 5142 3537 5212; baseline 0.004 -17"><span class='ocrx_word' id='word_1_841' title='bbox 1967 5142 2196 5212; x_wconf 83' lang='lat' dir='ltr'><strong>ingressi</strong></span> <span class='ocrx_word' id='word_1_842' title='bbox 2227 5151 2410 5196; x_wconf 84' lang='lat' dir='ltr'><strong>essent</strong></span> <span class='ocrx_word' id='word_1_843' title='bbox 2436 5151 2598 5212; x_wconf 79' lang='lat' dir='ltr'><strong>atque</strong></span> <span class='ocrx_word' id='word_1_844' title='bbox 2635 5144 3028 5209; x_wconf 75' lang='lat' dir='ltr'><strong>consedissent,</strong></span> <span class='ocrx_word' id='word_1_845' title='bbox 3063 5163 3126 5201; x_wconf 86' lang='lat' dir='ltr'><strong>ac</strong></span> <span class='ocrx_word' id='word_1_846' title='bbox 3154 5149 3243 5202; x_wconf 89' lang='lat' dir='ltr'><strong>ubi</strong></span> <span class='ocrx_word' id='word_1_847' title='bbox 3301 5146 3537 5202; x_wconf 86' lang='lat' dir='ltr'><strong>Faustus</strong></span> 
     </span>
    </p>
   </div>
   <div class='ocr_carea' id='block_1_111' title="bbox 1966 5233 3530 5306">
    <p class='ocr_par' dir='ltr' id='par_1_111' title="bbox 1966 5233 3530 5306">
     <span class='ocr_line' id='line_1_111' title="bbox 1966 5233 3530 5306; baseline 0.005 -18"><span class='ocrx_word' id='word_1_848' title='bbox 1966 5243 2110 5288; x_wconf 83' lang='lat' dir='ltr'><strong>esset</strong></span> <span class='ocrx_word' id='word_1_849' title='bbox 2155 5235 2518 5304; x_wconf 64' lang='lat' dir='ltr'><strong>qumsiissent,</strong></span> <span class='ocrx_word' id='word_1_850' title='bbox 2576 5233 2770 5291; x_wconf 82' lang='lat' dir='ltr'><strong>Petrus</strong></span> <span class='ocrx_word' id='word_1_851' title='bbox 2830 5238 3108 5306; x_wconf 88' lang='lat' dir='ltr'><strong>respondit</strong></span> <span class='ocrx_word' id='word_1_852' title='bbox 3154 5238 3530 5305; x_wconf 81' lang='lat' dir='ltr'><strong>:Nesciuius;</strong></span> 
     </span>
    </p>
   </div>
   <div class='ocr_carea' id='block_1_112' title="bbox 1969 5329 3533 5399">
    <p class='ocr_par' dir='ltr' id='par_1_112' title="bbox 1969 5329 3533 5399">
     <span class='ocr_line' id='line_1_112' title="bbox 1969 5329 3533 5399; baseline 0.006 -19"><span class='ocrx_word' id='word_1_853' title='bbox 1969 5342 2094 5380; x_wconf 85' lang='lat' dir='ltr'><strong>nam</strong></span> <span class='ocrx_word' id='word_1_854' title='bbox 2126 5344 2190 5380; x_wconf 84' lang='lat' dir='ltr'><strong>ex</strong></span> <span class='ocrx_word' id='word_1_855' title='bbox 2229 5343 2453 5396; x_wconf 90' lang='lat' dir='ltr'><strong>vespero</strong></span> <span class='ocrx_word' id='word_1_856' title='bbox 2484 5329 2596 5393; x_wconf 89' lang='lat' dir='ltr'><strong>illo,</strong></span> <span class='ocrx_word' id='word_1_857' title='bbox 2631 5345 2742 5399; x_wconf 88' lang='lat' dir='ltr'><strong>quo</strong></span> <span class='ocrx_word' id='word_1_858' title='bbox 2770 5329 2834 5383; x_wconf 89' lang='lat' dir='ltr'><strong>ad</strong></span> <span class='ocrx_word' id='word_1_859' title='bbox 2871 5345 2964 5385; x_wconf 77' lang='lat' dir='ltr'><strong>vos</strong></span> <span class='ocrx_word' id='word_1_860' title='bbox 2990 5330 3106 5397; x_wconf 88' lang='lat' dir='ltr'><strong>ivit,</strong></span> <span class='ocrx_word' id='word_1_861' title='bbox 3143 5333 3272 5386; x_wconf 90' lang='lat' dir='ltr'><strong>nulli</strong></span> <span class='ocrx_word' id='word_1_862' title='bbox 3307 5350 3533 5390; x_wconf 86' lang='lat' dir='ltr'><strong>suorum</strong></span> 
     </span>
    </p>
   </div>
   <div class='ocr_carea' id='block_1_113' title="bbox 1969 5417 3535 5489">
    <p class='ocr_par' dir='ltr' id='par_1_113' title="bbox 1969 5417 3535 5489">
     <span class='ocr_line' id='line_1_113' title="bbox 1969 5417 3535 5489; baseline 0.007 -17"><span class='ocrx_word' id='word_1_863' title='bbox 1969 5435 2162 5473; x_wconf 86' lang='lat' dir='ltr'><strong>rursus</strong></span> <span class='ocrx_word' id='word_1_864' title='bbox 2201 5417 2470 5489; x_wconf 84' lang='lat' dir='ltr'><strong>apparuit.</strong></span> <span class='ocrx_word' id='word_1_865' title='bbox 2513 5419 2638 5475; x_wconf 75' lang='grc' dir='ltr'>Ποινί</span> <span class='ocrx_word' id='word_1_866' title='bbox 2668 5429 2848 5475; x_wconf 89' lang='lat' dir='ltr'><strong>autem</strong></span> <span class='ocrx_word' id='word_1_867' title='bbox 2881 5437 3042 5476; x_wconf 71' lang='lat' dir='ltr'><strong>tuane</strong></span> <span class='ocrx_word' id='word_1_868' title='bbox 3087 5432 3142 5477; x_wconf 86' lang='lat' dir='ltr'><strong>et</strong></span> <span class='ocrx_word' id='word_1_869' title='bbox 3173 5423 3360 5480; x_wconf 90' lang='lat' dir='ltr'><strong>Simon</strong></span> <span class='ocrx_word' id='word_1_870' title='bbox 3407 5443 3535 5483; x_wconf 86' lang='lat' dir='ltr'><strong>eum</strong></span> 
     </span>
    </p>
   </div>
   <div class='ocr_carea' id='block_1_114' title="bbox 1968 5509 3533 5589">
    <p class='ocr_par' dir='ltr' id='par_1_114' title="bbox 1968 5509 3533 5589">
     <span class='ocr_line' id='line_1_114' title="bbox 1968 5509 3533 5589; baseline 0.009 -28"><span class='ocrx_word' id='word_1_871' title='bbox 1968 5509 2264 5580; x_wconf 62' lang='lat' dir='ltr'><strong>quaarebat,</strong></span> <span class='ocrx_word' id='word_1_872' title='bbox 2278 5527 2509 5582; x_wconf 86' lang='lat' dir='ltr'><strong>cumque</strong></span> <span class='ocrx_word' id='word_1_873' title='bbox 2528 5512 2662 5567; x_wconf 90' lang='lat' dir='ltr'><strong>nihil</strong></span> <span class='ocrx_word' id='word_1_874' title='bbox 2682 5515 3156 5584; x_wconf 90' lang='lat' dir='ltr'><strong>responderemus,</strong></span> <span class='ocrx_word' id='word_1_875' title='bbox 3178 5517 3366 5574; x_wconf 86' lang='lat' dir='ltr'><strong>nescio</strong></span> <span class='ocrx_word' id='word_1_876' title='bbox 3405 5521 3533 5589; x_wconf 87' lang='lat' dir='ltr'><strong>quid</strong></span> 
     </span>
    </p>
   </div>
   <div class='ocr_carea' id='block_1_115' title="bbox 1587 5622 2261 5685">
    <p class='ocr_par' dir='ltr' id='par_1_115' title="bbox 1587 5622 2261 5685">
     <span class='ocr_line' id='line_1_115' title="bbox 1587 5622 2261 5685; baseline 0.013 -10"><span class='ocrx_word' id='word_1_877' title='bbox 1587 5622 1820 5680; x_wconf 61' lang='grc' dir='ltr'>νΑιιιλΕ</span> <span class='ocrx_word' id='word_1_878' title='bbox 1859 5625 2261 5685; x_wconf 83' lang='lat' dir='ltr'><strong>LEC&#39;I&#39;IONES.</strong></span> 
     </span>
    </p>
   </div>
   <div class='ocr_carea' id='block_1_116' title="bbox 358 5715 3537 5817">
    <p class='ocr_par' dir='ltr' id='par_1_116' title="bbox 358 5715 3537 5817">
     <span class='ocr_line' id='line_1_116' title="bbox 358 5715 3537 5817; baseline 0.008 -44"><span class='ocrx_word' id='word_1_879' title='bbox 358 5727 402 5808; x_wconf 62' lang='grc' dir='ltr'><strong>ξεν</strong></span> <span class='ocrx_word' id='word_1_880' title='bbox 435 5717 830 5817; x_wconf 53' lang='grc' dir='ltr'>ὁμολογοῦν-ι,ιᾶ</span> <span class='ocrx_word' id='word_1_881' title='bbox 905 5718 948 5748; x_wconf 85' lang='grc'>³⁰</span> <span class='ocrx_word' id='word_1_882' title='bbox 973 5715 1273 5772; x_wconf 82' lang='grc' dir='ltr'>Ματθιδίαν</span> <span class='ocrx_word' id='word_1_883' title='bbox 1309 5719 1367 5769; x_wconf 91' lang='grc' dir='ltr'>Ο.</span> <span class='ocrx_word' id='word_1_884' title='bbox 1451 5716 1487 5748; x_wconf 78' lang='grc'>³⁸</span> <span class='ocrx_word' id='word_1_885' title='bbox 1525 5718 1755 5786; x_wconf 76' lang='grc' dir='ltr'>λέγουσα</span> <span class='ocrx_word' id='word_1_886' title='bbox 1800 5722 2043 5791; x_wconf 77' lang='lat' dir='ltr'><strong>supplevi</strong></span> <span class='ocrx_word' id='word_1_887' title='bbox 2089 5741 2152 5777; x_wconf 72' lang='lat' dir='ltr'><strong>ex</strong></span> <span class='ocrx_word' id='word_1_888' title='bbox 2199 5723 2528 5794; x_wconf 70' lang='lat' dir='ltr'><strong>conjectura.</strong></span> <span class='ocrx_word' id='word_1_889' title='bbox 2560 5722 2722 5797; x_wconf 78' lang='lat' dir='ltr'><strong>[Lege</strong></span> <span class='ocrx_word' id='word_1_890' title='bbox 2757 5723 2865 5800; x_wconf 73' lang='grc' dir='ltr'>εἶχε</span> <span class='ocrx_word' id='word_1_891' title='bbox 2894 5745 2990 5800; x_wconf 86' lang='lat' dir='ltr'><strong>pro</strong></span> <span class='ocrx_word' id='word_1_892' title='bbox 3016 5725 3167 5806; x_wconf 64' lang='grc' dir='ltr'>εἶδε]</span> <span class='ocrx_word' id='word_1_893' title='bbox 3244 5738 3308 5769; x_wconf 85' lang='grc'><strong>³¹⁵</strong></span> <span class='ocrx_word' id='word_1_894' title='bbox 3340 5756 3406 5795; x_wconf 88' lang='lat' dir='ltr'><strong>an</strong></span> <span class='ocrx_word' id='word_1_895' title='bbox 3438 5743 3537 5817; x_wconf 82' lang='lat' dir='ltr'><strong>leg.</strong></span> 
     </span>
    </p>
   </div>
   <div class='ocr_carea' id='block_1_117' title="bbox 294 5788 830 5862">
    <p class='ocr_par' dir='ltr' id='par_1_117' title="bbox 294 5788 830 5862">
     <span class='ocr_line' id='line_1_117' title="bbox 294 5788 830 5862; baseline -0.009 -16"><span class='ocrx_word' id='word_1_896' title='bbox 294 5795 454 5862; x_wconf 66' lang='grc' dir='ltr'>πύλης</span> <span class='ocrx_word' id='word_1_897' title='bbox 473 5788 576 5844; x_wconf 59' lang='grc' dir='ltr'>’καὶ</span> <span class='ocrx_word' id='word_1_898' title='bbox 611 5788 830 5858; x_wconf 75' lang='grc' dir='ltr'>κλίνηςῖ</span> 
     </span>
    </p>
   </div>
  </div>
