4022 6336
554 311 651 367 ων

1356 310 1414 365 S.
1442 309 1826 365 CLEMENTIS
1854 309 1873 362 l
1904 308 2068 365 ROM.
2105 308 2302 364 PONT.
2343 308 2573 363 OPERA
2600 294 2819 375 DUBIA.’
3647 312 3735 373 £68

549 428 601 483 ei
634 428 687 482 in
720 441 954 483 mentem
987 429 1217 489 venerit,
1244 427 1507 482 Faustum
1536 441 1597 481 se
1616 441 1738 482 esse
1766 428 2097 483 contestanti.

2214 423 2392 494 Σίμων
2414 423 2575 476 αὐτὸν
2601 423 2879 494 ἐζήτησεν,
2905 425 3001 478 καὶ
3024 416 3145 479 ἐπεὶ
3172 420 3337 494 μηδὲν
3363 422 3737 500 ἀπεκρινάμεθα

551 521 707 588 Quod
745 536 869 576 cum
898 534 1060 575 nemo
1101 518 1363 583 crederet,
1407 519 1542 574 ﬂens
1567 528 1621 574 et
1650 520 1839 576 dolens
1862 521 2108 576 minaba-

549 623 661 680 tur,
690 612 999 668 occisurum
1034 610 1387 680 semetipsum
1413 618 1467 665 et
1498 625 1687 666 versus
1713 626 1866 667 mare
1913 627 2108 689 prope-

548 706 710 759 ravit.

614 878 777 934 XXII.
812 880 943 946 Quae
984 895 1107 935 cum
1152 879 1363 951 Appion
1408 881 1636 951 ejusque
1662 883 1889 938 comites
1918 884 2104 939 audis—

546 983 690 1038 sent,
723 972 930 1035 ululatu
976 972 1122 1026 edito
1164 973 1490 1044 plangebant
1519 975 1762 1031 dicentes
1790 993 1803 1029 :
1835 974 1947 1030 Cur
1980 991 2103 1030 eum

542 1080 652 1118 non
703 1064 1033 1134 exeepistis?
1077 1062 1143 1119 Et
1176 1080 1299 1119 cum
1338 1064 1724 1121 Athenodorus
1762 1066 1895 1121 mihi
1925 1066 2106 1123 dicere

542 1157 703 1212 vellet
732 1176 746 1211 :
784 1156 889 1212 lste
917 1156 1151 1213 Faustus
1182 1165 1483 1235 erat,pater
1515 1168 1642 1214 tuus
1673 1201 1689 1227 ,
1721 1159 1930 1230 Appion
1963 1177 2103 1232 pra:-

540 1248 767 1303 venieus
794 1267 808 1303 :
842 1246 1246 1318 Comperimus,
1274 1249 1472 1319 inquit,
1503 1266 1533 1305 a
1555 1252 1822 1321 quodam,
1847 1252 2104 1308 incidisse

539 1350 665 1390 eum
689 1334 742 1389 in
771 1334 1048 1391 Simonem
1075 1339 1476 1406 exhortantem,
1505 1348 1567 1394 ut
1602 1339 1762 1396 Petro
1789 1341 1976 1397 relicto
2006 1357 2101 1400 co-

538 1441 656 1481 mes
693 1428 796 1482 sibi
843 1431 1014 1493 ﬁeret.
1046 1429 1206 1501 eique
1231 1432 1571 1501 promisisse,
1600 1432 1881 1488 veritatem
1928 1450 1986 1489 se
2017 1448 2104 1488 re-

538 1519 869 1587 velaturum,
903 1521 1020 1591 ipso
1048 1521 1252 1577 Fausto
1281 1538 1404 1577 eum
1438 1524 1779 1593 obsecrante,
1808 1526 1948 1582 ﬁlios
1971 1540 2102 1582 suos

539 1626 600 1665 se
625 1614 853 1682 posthac
876 1629 1157 1685 nunquam
1185 1616 1321 1672 velle
1344 1616 1548 1684 videre,
1578 1620 1779 1690 quippe
1807 1621 1903 1691 qui
1929 1618 2100 1675 Judaei

535 1703 666 1759 facti
691 1710 895 1760 essent.
939 1704 1073 1772 Quae
1100 1723 1223 1763 cum
1269 1709 1640 1777 audissemus,
1665 1726 1790 1765 eum
1820 1712 2099 1783 qurerendi

2208 516 2346 587 πρὸς
2377 514 2559 580 αὑτὸν,
2578 515 2678 568 οὐκ
2708 510 2845 581 οἶδα,
2869 514 2924 568 τί
2950 514 3127 581 ἔδοξεν
3146 516 3189 547 ³¹
3202 515 3350 587 αὐτῷ
3377 518 3602 575 Φαῦστον
3625 523 3735 576 ἑαυ-

2204 594 2297 659 τὸν
2322 606 2547 660 εἰπόντι.
2576 607 2668 677 Μὴ
2697 606 3007 671 πιστευθεὶς
3045 608 3294 680 δακρύων
3326 609 3415 663 καὶ
3442 613 3740 684 κοπτόμενος

2207 699 2548 767 ἀποκτείνειν
2582 699 2774 751 ἐαυτὸν
2804 699 3103 769 ἀπειλήσας
3131 700 3207 764 ὠς
3240 702 3333 755 ἐπὶ
3357 700 3611 761 θάλασσαν
3645 705 3741 779 ὦρψ

2208 809 2397 863 μησεν.

2275 882 2441 937 ΧΧιΙ.
2494 882 2678 938 Ταῦτα
2717 883 3001 948 ἀκούοντες
3030 884 3059 937 ὃ
3087 901 3148 937 τε
3182 882 3423 937 ’Δππίων
3457 886 3548 937 καὶ
3576 885 3621 937 οί
3657 886 3743 939 σὺν

2204 975 2354 1047 αύτῷ
2377 975 2791 1041 ἐπολολύξαντες
2812 977 3072 1047 ἐκόψαντο
3083 975 3332 1045 λέγοντες
3349 992 3365 1006 ο
3386 974 3483 1029 Διὰ
3505 976 3555 1029 τί
3572 978 3628 1029 ού
3654 995 3747 1030 πα-

2208 1066 2489 1140 ρεδέξασθε
2530 1069 2722 1135 αύτόν;
2749 1071 2859 1122 Καὶ
2903 1069 3017 1140 ἅμα
3058 1068 3137 1140 τῷ
3168 1067 3450 1139 βούλεσθαι
3487 1069 3574 1124 τὸν
3609 1070 3747 1142 Ἀθη-

2204 1158 2437 1230 νόδωρον
2483 1159 2656 1213 εἰπεῖν
2711 1176 2833 1230 μοι’
2881 1160 3121 1223 Φαῦστος
3161 1156 3249 1231 ἦν,
3294 1162 3324 1214 ὁ
3359 1163 3535 1233 πατήρ
3577 1178 3683 1226 σου,
3721 1163 3747 1215 ὁ

2218 1247 2464 1302 Ἀππίων
2505 1246 2667 1321 415
2709 1240 3027 1318 ὑποφθάσας
3072 1249 3233 1303 αὐτὸν
3277 1244 3461 1303 εἶπενσ
3497 1249 3748 1321 ἐμάθομεν

2205 1339 2359 1411 παρά
2392 1358 2555 1407 τινος,
2588 1342 2671 1395 ὅτι
2702 1340 2873 1413 εὑρὼν
2899 1341 3060 1395 αὐτὸν
3079 1343 3107 1394 ὁ
3134 1341 3317 1413 Σίμων
3355 1341 3624 1413 ἐξώρμησε
3653 1343 3750 1414 [ἵνα

2203 1433 2296 1487 τὸν
2321 1433 2527 1505 Πέτρον
2546 1432 2858 1487 καταλιπὼν
2879 1434 3026 1505 αὑτῷ
3051 1426 3472 1508 συνοδοιπορήσῃ
3492 1434 3753 1505 ὑπισχνου-

2205 1526 2349 1597 μένῳ
2379 1524 2803 1598 ἀποκαλύπτειν]
2831 1525 2901 1580 τὰ
2918 1525 3111 1597 ἀληθῆ,
3138 1526 3301 1580 αὑτοῦ
3325 1526 3563 1581 Φαύστου
3589 1545 3752 1599 παρα-

2202 1612 2531 1676 καλέσαντος
2580 1614 2761 1680 αὐτὸν,
2798 1615 2881 1667 ὅτι
2928 1615 3001 1686 μὴ
3045 1610 3231 1686 ἤθελεν
3275 1617 3408 1688 ὁρᾷν
3439 1618 3564 1680 τοὺς
3602 1617 3751 1671 αύτοῦ

2203 1706 2355 1768 υἱοὺς
2420 1705 2706 1769 Ἰουδαίους
2758 1707 3172 1778 γεγενημένους.
3241 1708 3433 1778 Ἡμεῖς
3486 1708 3540 1761 δὲ
3594 1708 3752 1769 ταῦτα

535 1811 703 1852 causa
736 1797 843 1852 huc
874 1800 1143 1855 venimus.
1196 1800 1300 1856 Sed
1349 1802 1478 1871 quia
1523 1802 1612 1858 hic
1659 1818 1765 1859 non
1811 1807 2097 1874 reperitur,

2202 1794 2532 1859 ἀκούσαντες
2559 1795 2749 1849 τούτου
2790 1796 2973 1850 ἐνεκεν
3002 1797 3237 1869 ἤλθομεν
3270 1797 3557 1870 ζητοῦντες
3584 1799 3748 1852 αὐτόν.

534 1900 722 1941 verum
752 1887 957 1944 dixisse
979 1889 1213 1957 videtur,
1247 1891 1343 1962 qui
1372 1892 1579 1961 retulit,
1607 1909 1730 1963 quae
1756 1894 1913 1949 vobis
1944 1896 2099 1965 prius

532 1977 957 2036 enuntiavimus.
990 1979 1103 2061 Ego
1136 1990 1319 2037 autem
1370 1983 1640 2051 Clemens,
1688 1995 1973 2061 perspecto
1996 1984 2100 2042 Pe-

533 2069 604 2124 tri
630 2071 881 2139 consilio,
916 2074 1219 2144 seminandi
1250 2076 1303 2130 iu
1335 2076 1458 2131 illos
1488 2062 1879 2146 suspicionem,
1912 2093 2097 2151 senem

534 2162 677 2231 apud
713 2164 862 2235 ipsos
889 2166 992 2221 sibi
1026 2182 1149 2223 esse
1179 2168 1554 2237 quaerendum,
1594 2177 1654 2223 ut
1682 2170 1877 2235 timore
1912 2172 2099 2241 repleti

532 2252 803 2324 fugerent,
850 2256 917 2310 ad
947 2256 1312 2326 adjuvandum
1345 2259 1464 2329 ejus
1512 2261 1801 2316 consilium
1845 2251 2099 2318 concurri

531 2346 763 2416 Appiani
783 2348 969 2403 dicens
995 2367 1009 2402 :
1027 2347 1190 2418 Audi,
1209 2350 1420 2420 Appion
1444 2352 1767 2408 charissime
1792 2352 1957 2420 :Nos,
1978 2370 2099 2425 quae

532 2438 675 2493 bona
711 2455 833 2515 esse
862 2441 1156 2508 credimus,
1188 2442 1351 2513 etiam
1381 2444 1521 2513 patri
1550 2445 1764 2502 tradere
1792 2438 2094 2503 studemus.

529 2531 662 2597 Quae
692 2530 735 2585 si
768 2533 1015 2603 accipere
1044 2534 1199 2601 nolit,
1228 2536 1323 2591 sed
1352 2537 1534 2606 potius
1559 2553 1660 2594 nos
1694 2554 1990 2605 exsecrans
2011 2539 2096 2593 fu-

528 2622 625 2691 git,
671 2622 865 2676 durius
896 2623 1100 2693 aliquid
1128 2614 1367 2694 eloquar
1404 2643 1418 2679 :
1456 2625 1619 2697 etiam
1650 2641 1750 2681 nos
1793 2627 1858 2682 de
1891 2642 1958 2682 eo
1986 2643 2095 2682 non

529 2728 809 2769 curamus.
842 2715 974 2782 Quae
1004 2730 1128 2769 cum
1174 2716 1569 2782 enuntiassem,
1601 2717 1762 2789 quasi,
1800 2718 2094 2774 crudelita-

528 2814 634 2859 tem
667 2821 844 2861 meam
870 2821 1011 2876 aegre
1036 2805 1275 2863 ferentes
1302 2807 1555 2877 abierunt
1579 2817 1634 2863 et
1660 2808 1901 2879 Simonis
1930 2811 2095 2866 vesti-

526 2899 612 2971 gia
634 2941 648 2966 ,
681 2909 740 2955 ut
766 2902 1008 2964 crastino
1048 2902 1134 2957 die
1172 2896 1542 2973 comperimus
1563 2943 1578 2969 ,
1612 2919 1779 2974 quam
1808 2905 2095 2961 celerrime

458 3018 462 3022 -
526 2992 875 3063 insequentes
903 2991 1147 3048 Iudaeam
1184 2996 1476 3066 petierunt.

598 3168 786 3226 XXIII.
814 3169 1023 3226 Interea
1052 3186 1174 3227 cum
1200 3172 1384 3228 decem
1410 3174 1800 3244 praeteriissent
1834 3176 1973 3245 dies,
1995 3192 2095 3234 ve~
2126 3168 2167 3190 ἡ

490 3254 493 3257 ⁷
526 3262 608 3317 nit
629 3263 852 3333 quidam
877 3263 1165 3320 Antiochia
1189 3282 1219 3321 a
1246 3276 1398 3337 patre
1421 3267 1626 3324 missus
1649 3270 1932 3338 nuntians,
1953 3286 2095 3341 quo-

526 3355 689 3410 modo
712 3356 891 3426 palam
931 3355 1207 3412 Simonem
1238 3374 1363 3414 cum
1409 3359 1583 3430 ipsius
1627 3362 1779 3417 vultu
1829 3376 2095 3419 accusans

522 3446 857 3518 Petrumque
895 3448 1150 3505 laudibus
1189 3451 1453 3507 extollens
1491 3454 1590 3507 toti
1624 3454 2092 3510 Antiochenorum

484 3556 488 3561 ‘
523 3540 730 3595 civitati
761 3540 1092 3596 desiderium
1124 3540 1373 3610 injecerit
1404 3543 1558 3597 illum
1595 3544 1834 3599 videndi.
1880 3544 1959 3600 Ex
1984 3561 2093 3615 quo

520 3646 712 3686 omnes
740 3647 936 3702 cupere
966 3631 1124 3698 dixit,
1158 3648 1283 3688 eum
1323 3649 1507 3689 secum
1534 3634 1756 3691 habere.
1788 3634 2091 3692 Nonnullos

520 3730 702 3776 autem
728 3723 797 3778 ob
829 3724 1054 3777 nimium
1084 3739 1212 3794 erga
1241 3723 1460 3780 Petrum
1494 3740 1733 3781 amorem
1786 3727 1843 3781 in
1881 3736 2089 3798 patrem

521 3813 806 3869 saavientes
856 3811 1061 3870 Fausto
1111 3824 1172 3870 ut
1218 3816 1426 3871 Simoni
1467 3816 1603 3873 adeo
1640 3833 1838 3877 manus
1868 3817 2090 3888 injicere

519 3903 677 3959 velle.
737 3903 1028 3974 Propterea
1078 3921 1203 3961 eum
1253 3908 1556 3975 timentem,
1589 3923 1657 3963 ne
1694 3909 2084 3979 perimeretur,

519 3997 704 4050 statim
728 3998 966 4062 misisse,
997 3999 1089 4068 qui
1122 3997 1341 4054 Petrum
1374 4009 1608 4071 rogaret,
1637 4008 1696 4054 ut
1725 4001 1792 4055 ad
1825 4016 1951 4056 eum
2007 4002 2091 4057 fe-

519 4091 768 4156 stinaret,
815 4090 858 4144 si
894 4091 1074 4145 vivum
1126 4092 1288 4146 vellet
1331 4102 1386 4147 et
1429 4093 1600 4163 amori
1617 4093 1851 4161 civitatis
1896 4109 2088 4169 super-

517 4180 818 4235 abundanti
868 4192 1171 4252 opportune
1227 4194 1529 4254 appareret.
1589 4184 1800 4251 Quibus
1853 4187 2084 4257 cognitis

516 4273 710 4330 Petrus
752 4276 818 4331 ad
849 4269 1343 4333 deliberandum‘in
1389 4279 1650 4333 concione
1684 4278 2082 4334 multitudinem

516 4370 712 4439 coegit,
734 4379 808 4436 et,
826 4371 1078 4441 episcopo
1098 4386 1164 4425 ex
1182 4372 1473 4427 comitibus
1497 4371 1768 4439 ordinato,
1792 4380 2079 4442 postquam

2214 1886 2426 1957 Ἐπειδὴ
2468 1886 2524 1940 δὲ
2554 1887 2787 1942 ἐνταῦθα
2809 1889 2910 1943 ούκ
2945 1889 3079 1954 ἔστι,
3111 1890 3361 1958 φαίνεται
3402 1890 3692 1960 ἀληθεύσας
3726 1891 3752 1941 ὁ

2199 1973 2367 2029 είπὼν
2401 1977 2552 2046 ἡμῖν,
2588 1976 2664 2039 ὼς
2691 1971 2783 2031 οὖν
2828 1977 2958 2049 παρ’
2991 1976 3153 2033 αὐτοῦ
3181 1976 3516 2043 ἀκούσαντες
3543 1981 3754 2050 είρήκαπ

2203 2084 2301 2138 μεν
2328 2068 2475 2138 ύμῖν.
2521 2067 2660 2136 Ἐγὼ
2694 2067 2750 2121 δέ
2790 2067 3039 2139 Κλήμης,
3072 2071 3372 2141 συννοήσας
3400 2071 3496 2142 τὴν
3528 2070 3617 2124 τοῦ
3654 2071 3749 2123 Πέ-

2197 2177 2327 2233 τρου
2355 2161 2690 2233 προαίρεσιν,
2707 2161 2789 2215 ὅτι
2813 2160 3065 2215 ὑπόνοιαν
3098 2162 3281 2226 αὐτοῖς
3298 2163 3582 2233 ἐνσπεῖραι
3603 2163 3750 2228 θέλει,

2198 2252 2274 2315 ὠς
2309 2252 2401 2306 τὸν
2433 2252 2664 2325 γέροντα
2692 2251 2872 2324 ζητεῖν
2907 2253 3111 2325 μέλλων
3146 2255 3277 2326 παρ’
3319 2255 3525 2321 αὐτοῖς,
3558 2256 3639 2308 ἴνα
3666 2271 3754 2324 φο-

2198 2342 2455 2413 ϐηθέντες
2480 2344 2744 2414 φύγωσιν,
2773 2344 3103 2416 συνέδραμον
3132 2345 3298 2399 αὐτοῦ
3341 2346 3421 2417 τῷ
3450 2345 3754 2418 βουλήματι,

2196 2436 2291 2489 καὶ
2339 2435 2476 2507 πρὸς
2525 2436 2616 2489 τὸν
2654 2436 2958 2501 ’Δππίωνα,
3010 2439 3302 2504 Ἄκουσον,
3337 2438 3506 2509 ἔφην,
3554 2437 3755 2509 φίλτατε

2199 2546 2289 2599 μοι
2328 2528 2597 2583 Ἀππίων·
2630 2529 2788 2600 ἡμεῖς
2812 2529 2880 2582 τὰ
2904 2528 3223 2600 νομισθέντα
3246 2532 3383 2602 ἡμῖν
3405 2531 3546 2585 καλὰ
3566 2531 3639 2594 ὼς
3664 2548 3758 2583 πασ-

2193 2623 2283 2692 τρὶ
2308 2620 2490 2674 δοῦναι
2516 2620 2878 2691 ἐσπεύσαμεν.
2904 2623 2967 2675 EE
2995 2622 3051 2675 δέ
3084 2623 3245 2686 αὐτὸς
3264 2623 3370 2677 οὐκ
3397 2622 3657 2694 ἐϐουλήθη
3680 2623 3757 2677 λα-

2195 2712 2330 2778 ϐεῖν,
2376 2711 2511 2766 ἀλλὰ
2555 2713 2862 2768 τούναντίον
2916 2714 3304 2786 βδελυξάμενος
3344 2718 3497 2789 ἡμᾶς
3539 2716 3756 2786 ἔφυγεν,

2193 2801 2525 2875 τραχύτερον
2556 2819 2609 2856 τι
2650 2802 2788 2876 ἐρῶο
2834 2804 2955 2858 οὐδὲ
2990 2807 3149 2876 ἡμεῖς
3190 2806 3359 2860 αὐτοῦ
3394 2806 3753 2878 φροντίζομεν.

2207 2893 2373 2965 Ἐμοῦ
2399 2893 2570 2948 ταῦτα
2590 2894 2830 2957 εἰπόντος
2851 2895 2927 2958 ὡς
2958 2895 3043 2947 ἐπ’
3073 2896 3318 2967 ὠμότητι
3345 2897 3758 2969 δυσχεράναντες

2192 2986 2458 3058 ἀπῄεσαν,
2490 2988 2584 3042 καὶ
2621 2987 2695 3050 ὡς
2738 2987 3011 3058 ἐμάθομεν
3034 2988 3134 3058 τῆς
3160 2988 3329 3060 ἄλλης
3365 2990 3581 3061 ἡμέρας
3600 2989 3642 3020 ³³

2194 3076 2447 3150 τάχιστα]
2459 3079 2577 3132 κατ’
2597 3079 2713 3151 ἴχνη
2732 3079 2971 3150 Σίμωνος
2986 3080 3077 3132 ἐπὶ
3088 3080 3185 3151 τὴν
3209 3081 3473 3135 Ἰουδαίαν
3486 3081 3755 3153 ὥρμησαν.

2268 3168 2653 3242 ΧΧΙΠκΠλὴν
2666 3172 2698 3243 ἡ
2709 3169 3046 3243 μερῶν-δέκα
3058 3171 3394 3227 διελθουσῶν
3574 3172 3676 3245 τις]
3698 3173 3756 3224 ἐκ

2193 3262 2293 3333 τῆς
2336 3262 2661 3333 Ἀντιοχείας
2701 3262 2850 3335 παρὰ
2888 3262 2982 3316 τοῦ
3016 3266 3220 3336 πατρὸς
3263 3266 3521 3336 ἀγγελῶν
3540 3265 3587 3305 ³³-
3616 3266 3754 3336 ἡμῖν,

2194 3353 2312 3418 πῶς
2341 3354 2370 3407 ὁ
2400 3354 2579 3426 πατὴρ
2619 3353 2897 3426 δημο[σίᾳ]
2932 3355 3093 3408 αὑτοῦ
3143 3357 3365 3428 μορφῆς
3405 3356 3753 3428 κατηγορῶν,

2193 3444 2395 3517 Πέτρον
2420 3444 2653 3514 εὐλογῶν
2684 3446 2783 3517 τὴν
2809 3446 2987 3500 πᾶσαν
3022 3448 3339 3518 Ἀντιοχέων
3373 3450 3529 3503 πόλιν
3563 3450 3640 3511 είς
3666 3447 3755 3500 πό-

2194 3535 2283 3590 θον
2311 3537 2622 3608 μετέθηκεν.
2658 3540 2765 3592 Καὶ
2802 3541 2867 3592 ἐκ
2890 3539 3076 3592 τούτου
3103 3540 3314 3604 πάντας
3344 3541 3634 3612 ἐπιθυμεῖν
3671 3539 3759 3592 αύ-

2190 3626 2287 3683 τὺνη
2318 3628 2444 3681 ἰδεῖν
2474 3629 2809 3700 ἀπήγγελλεν
2830 3630 2903 3663 ³⁸·
2936 3631 3109 3694 ἐνίους
3138 3630 3201 3683 δὲ
3220 3634 3318 3686 καὶ
3339 3632 3758 3704 χαλεπαίνοντας

2190 3719 2337 3790 αύτῷ
2361 3720 2436 3783 ὡς
2475 3721 2676 3791 Σίμωνι
2714 3719 2801 3773 διὰ
2836 3722 2934 3793 τὴν
2967 3721 3102 3794 πρὸς
3142 3722 3350 3793 Πέτρον
3397 3722 3758 3795 ὑπερϐάλλου-

2192 3827 2290 3865 σαν
2314 3811 2479 3883 416
2521 3812 2750 3883 στοργήν
2792 3812 2886 3866 καὶ
2925 3817 3110 3885 χεῖρας
3145 3813 3320 3868 θέλειν
3365 3815 3645 3869 ἐπιϐαλεῖν
3686 3811 3757 3883 τῷ

2187 3904 2413 3974 Φαύστῳ
2455 3905 2532 3967 ὼς
2563 3904 2782 3976 Σίμωνι.
2821 3906 2911 3958 Διὸ
2942 3909 3136 3976 μήπως
3171 3906 3439 3979 ἀναιρεθῇ
3468 3906 3755 3967 δεδοικότα,

2188 3995 2415 4067 ἐξαυτῆς
2458 3995 2632 4049 ἐλθεῖν
2676 3996 2965 4067 πέμψαντα
3006 3997 3190 4064 ἀξιοῦν
3222 3997 3316 4051 τὸν
3348 4000 3583 4071 Πέτρον,
3618 3999 3756 4061 ὅπως

2187 4087 2347 4148 αὑτὸν
2380 4087 2555 4152 ζῶντα
2594 4087 2986 4159 ἐπικαταλάϐῃ,
3021 4089 3113 4140 καὶ
3147 4090 3213 4159 τῇ
3241 4088 3401 4143 πόλει
3439 4086 3757 4160 ἀκμαζούσῃ

2185 4180 2333 4251 πόθῳ
2360 4180 2438 4250 τῷ
2478 4180 2613 4251 πρὸς
2650 4181 2810 4234 αὐτὸν
2854 4180 3123 4252 εὐκαίρως
3161 4182 3424 4254 ἐπιφανῇ.
3466 4182 3670 4253 Πέτρος
3700 4179 3755 4233 δὲ

2182 4272 2355 4325 ταῦτα
2387 4272 2623 4335 ἀκούσας
2647 4273 2782 4342 πρὸς
2820 4272 2882 4324 τὸ
2911 4272 3287 4342 ἐκκλησιάζειν
3314 4273 3609 4338 πλείστους
3644 4288 3760 4325 συν-

2183 4364 2401 4433 αγαγὼν
2425 4366 2518 4418 καὶ
2544 4364 2838 4419 ἐπίσκοπον
2853 4364 3034 4417 ἐκτῶν
3058 4364 3366 4418 ἀκολούθων
3390 4366 3755 4435 καταστήσας,

517 4469 614 4522 per
631 4465 743 4510 tres
758 4455 873 4511 dies
894 4456 1562 4529 Laodicem,baptizaverat
1589 4468 1751 4530 atque
1768 4457 2073 4527 sanaverat,

2197 4455 2447 4519 Ξαπτίσας
2470 4456 2564 4510 καὶ
2610 4442 2898 4527 ἰασάμενος
2919 4456 3141 4527 ἡμερῶν
3168 4455 3459 4526 ἐπιμείνας
3495 4454 3674 4527 τριῶν.
3694 4454 3757 4522 τῇ

515 4545 583 4598 ad
610 4546 843 4601 vicinam
873 4547 1215 4605 Antiochiam
1242 4566 1463 4621 pergere
1487 4553 1817 4622 properavit.

2180 4547 2470 4619 Λαοδικείᾳ
2513 4548 2606 4601 ἐπὶ
2636 4547 2736 4619 τὴν
2780 4546 3004 4617 πλησίον
3042 4547 3304 4617 ὁρμήσειν
3330 4547 3379 4579 ⁸⁸
3433 4546 3757 4617 Ἀντιόχειαν

2181 4638 2460 4693 ἔσπευσεν.

1764 4795 1995 4850 VARI/IS
2035 4794 2436 4853 LECTlONES.

591 4910 634 4939 ³⁸
667 4906 822 4997 δρξαν
925 4912 1068 4993 ,~qui
1098 4912 1503 4997 dgjtttle_eirttbv
1534 4917 1869 4997 ι)..είπόν-τιἈ
1920 4916 1966 4952 ³³
2009 4918 2284 4997 ήμῶν-,οη
2378 4918 2426 4997 ³ξ
2460 4918 2701 4988 ἀγγέλων
2865 4920 2911 4951 ³⁵
2936 4918 3337 4997 ἀπῄγγελλοΑΟ.
3408 4918 3472 4997 ’³⁸
3498 4916 3753 4997 amasse

523 4978 819 5071 legendum
848 4978 1104 5051 ὁρμῆσαι.
1140 4980 1269 5038 Post
1301 4978 1563 5067 ἔσπευσεν
1596 4987 1648 5041 in
1676 4988 1798 5068 cod.
1829 4986 1874 5042 Ο
1911 4978 2134 5071 puncto
2159 4978 2519 5071 distinguitur
2544 4978 2951 5071 'apponiturque
3006 4978 3171 5071 ἀμήνζ
3235 4987 3750 5071 ρυοΛὶιιιθιιίεἰιυν,

522 5064 911 5131 amanuensem
952 5065 1089 5120 opus
1115 5069 1273 5131 suum
1325 5056 1600 5124 putavisse
1624 5058 1843 5119 omnino
1874 5056 2205 5125 absolutum,
2238 5056 2487 5130 quamvis
2515 5056 2672 5131 vetus
2701 5056 2881 5126 Ruﬁni
2913 5056 3571 5130 versio'Recognitionum
3594 5056 3751 5113 enar-

513 5119 685 5176 raudo
717 5119 940 5175 ulterius
965 5119 1357 5193 progrediatur.
