4022 6336
449 264 452 266 ⁷
486 280 578 335 m

1285 282 1342 339 s.
1381 283 1771 345 CLEMEN'I‘IS
1816 282 1838 337 ι
1878 285 2042 341 nou.
2088 286 2287 341 rom.
2329 259 2555 342 omnia
2595 274 2825 345 DUBIAQ

3632 293 3727 353 47"}.

485 394 673 450 animo
708 393 1072 465 percepissem
1104 395 1516 466 cogitationem,
1550 411 1672 465 quae
1704 397 1889 452 nescio
1920 397 2062 450 unde

2168 396 2280 454 οἴδα
2302 399 2463 455 πόθεν
2482 402 2861 456 ἐπεισελθόντα
2890 420 3001 474 μοι,
3021 403 3115 457 καὶ
3139 403 3265 474 περὶ
3284 403 3519 459 Θανάτου
3542 408 3733 475 πυκνὰς

488 484 544 540 in
594 502 683 541 me
710 486 1034 557 irrepserat,
1062 487 1394 557 crebrasque
1426 488 1559 543 mihi
1590 488 1658 541 de
1696 498 1871 542 morte
1908 502 2029 543 com
2053 519 2065 529 -

489 577 850 632 mentatioues
875 577 1140 647 pariebat,
1163 592 1288 632 cum
1318 577 1598 634 laboribus
1619 587 1673 633 et
1701 579 2067 635 anxietatibus

487 669 759 723 vivebam.
806 668 1140 741 Reputabam
1197 671 1342 725 enim
1410 688 1579 740 num,
1638 688 1763 727 cum
1814 664 2067 730 mortuus

490 762 669 827 fuero,
706 778 813 816 non
852 779 967 829 ero,
1018 764 1311 834 nullusque
1359 764 1461 819 erit
1515 781 1757 836 unquam
1809 767 1904 836 qui
1958 766 2066 821 mei

490 852 819 907 mentionem
852 852 1038 920 faciat,
1078 867 1322 924 tempore
1373 855 1633 909 nimirum
1691 865 1885 911 cuncta
1925 856 2065 911 obli-

488 945 637 1001 vioni
668 946 955 1001 tradente?
983 946 1121 1001 Cum
1148 958 1326 1001 autem
1357 964 1464 1003 non
1498 947 1675 1014 fuero,
1700 964 1766 1002 an
1793 949 2062 1018 quodam—

488 1037 655 1092 modo
684 1036 900 1093 futurus
931 1054 1077 1106 sum,
1108 1054 1204 1094 eos
1236 1040 1330 1110 qui
1374 1056 1480 1095 non
1526 1050 1655 1096 sunt
1683 1056 2059 1111 cognoscens;

490 1149 591 1187 nec
622 1148 986 1200 cognoscens,
1018 1146 1119 1187 nec
1152 1132 1440 1202 cognitus;
1476 1132 1681 1203 quique
1704 1148 1811 1187 non
1842 1131 2059 1202 fuerim,

488 1241 598 1279 non
646 1224 788 1278 sim?
836 1222 901 1277 Et
945 1223 1313 1294 aliquandone
1349 1223 1525 1279 factus
1579 1225 1651 1279 sit
1681 1224 1953 1291 mundus;
2010 1236 2064 1281 et

489 1326 615 1372 ante
650 1333 812 1388 quam
860 1319 1031 1383 fieret,
1077 1316 1340 1387 quidnam
1389 1319 1545 1371 erat?
1590 1314 1726 1372 Nam
1766 1316 1811 1371 si
1845 1331 2063 1386 semper

2169 492 2489 562 ποιούμενον
2531 494 2886 566 ὑπομνήσεις,
2918 495 3102 557 πόνοις
3144 494 3206 547 τὸ
3252 495 3440 549 λοιπὸν
3475 497 3562 549 καὶ
3605 498 3723 552 ἀθυ-

2172 584 2323 653 μίαις
2354 583 2608 658 συνέζων.
2633 580 2779 657 τΑρα
2807 585 2937 658 γὰρ,
2982 583 3324 659 ἐλογιζόμην,
3347 588 3428 644 ὅτι
3447 587 3613 642 θανὼν
3633 590 3721 645 οὐκ

2169 675 2312 743 cliti;
2344 675 2439 728 καὶ
2459 675 2635 740 οὐδεὶς
2667 674 2820 729 ἔσται
2848 694 2949 747 μου
2975 677 3105 730 ποτὲ
3152 679 3368 749 μνήμην
3403 679 3721 751 ποιούμενος,

2167 764 2260 817 τοῦ
2300 765 2490 836 χρόνου
2524 766 2700 820 πάντα
2727 770 2793 839 τῇ
2828 767 2967 841 λήθῃ
3003 768 3413 841 παραδιδόντος;
3438 765 3542 841 ἆρα
3575 771 3628 824 δὲ
3658 772 3721 843 μὴ

2167 854 2263 920 ὣν,
2296 857 2845 929 πῶς.ἔσομαι¹·⁶τοὺς
2871 861 2970 914 οὐκ
2998 860 3419 925 ὅνταςείδὼς,οὐ
3440 861 3721 930 γινώσκων,

2163 949 2221 1001 οὐ
2246 950 2665 1021 γινωσκόμενος,
2691 952 2751 1005 οὐ
2770 952 3028 1023 γεγονὼς,
3056 953 3118 1006 ού
3140 953 3421 1023 γινόμενος
3448 972 3461 1020 ;
3488 953 3591 1007 Kal.
3627 950 3728 1025 ἆρά

2160 1058 2289 1094 ποτε
2313 1042 2333 1072 ⁷
2358 1041 2578 1111 γέγονεν
2605 1044 2633 1096 ὁ
2659 1043 2880 1116 κόσμος,
2914 1046 3007 1099 καὶ
3031 1044 3137 1118 πρὸ
3159 1045 3252 1098 τοῦ
3278 1046 3528 1115 γενέσθαι
3556 1047 3606 1100 τί
3630 1049 3729 1118 ἄρα

2160 1132 2255 1185 καὶ
2290 1127 2358 1203 ἦν
2384 1148 2398 1198 ;
2430 1133 2493 1187 Εἰ
2527 1133 2635 1206 γὰρ
2658 1130 2725 1206 ἦν
2759 1136 2866 1199 ἀεὶ,
2894 1122 2989 1189 καὶ
3026 1135 3200 1189 ἔσται·
3225 1137 3275 1189 εί
3314 1136 3371 1189 δὲ
3394 1136 3579 1205 γέγονε
3600 1175 3615 1201 ,
3646 1138 3730 1191 καὶ

2160 1216 2454 1295 λυθήσεται
2472 1226 2711 1291 πάντως
2731 1228 2822 1281 καὶ
2847 1228 2984 1299 μετὰ
3004 1226 3157 1284 λύσιν
3181 1224 3356 1299 ἆρατί
3377 1228 3526 1283 ἐσται
3549 1229 3727 1294 πάλιν;

2159 1314 2187 1367 δ
2210 1316 2304 1370 νῦν
2332 1316 2590 1381 ἀδύνατόν
2619 1335 2709 1390 μοι
2731 1318 2939 1390 νοῆσαι,

489 1411 628 1475 fuit,
674 1427 890 1482 semper
942 1412 1107 1466 etiam
1177 1412 1279 1467 erit
1317 1430 1330 1467 :
1377 1411 1460 1466 sin
1508 1428 1636 1468 vero
1665 1421 1849 1468 ortum
1897 1410 2059 1466 habet
2086 1450 2101 1473 ,
2141 1410 2368 1467 omnino
2426 1413 2589 1468 etiam
2637 1414 3003 1470 dissolvetur:
3047 1424 3101 1471 et
3148 1417 3289 1485 ‘post
3335 1414 3730 1472 dissolutionem

487 1506 751 1577 quidnam
782 1507 886 1562 erit
922 1507 1157 1562 iterum?
1199 1507 1344 1577 quod
1396 1522 1540 1568 nunc
1592 1506 1930 1577 impossibile
1958 1504 2090 1559 mihi
2131 1512 2216 1559 est
2244 1516 2426 1563 mente
2454 1508 2763 1580 concipere.

558 1621 621 1677 ιι.
658 1621 783 1677 Haec
828 1630 991 1690 atque
1038 1620 1127 1676 his
1171 1620 1395 1687 similia,
1428 1620 1613 1677 nescio
1654 1620 1818 1685 unde,
1851 1618 2063 1673 indesi-

2235 1618 2300 1674 ΙΙ.
2338 1622 2523 1676 Ταῦτά
2541 1639 2601 1675 τε
2628 1625 2722 1678 καὶ
2758 1624 2829 1679 τὰ
2852 1624 3061 1689 τούτοις
3085 1625 3283 1696 ὅμοια,
3301 1625 3403 1679 οὐκ
3423 1619 3539 1679 οἶδα
3563 1623 3734 1691 πόθεν,

486 1724 681 1770 nenter
723 1713 907 1768 animo
937 1713 1225 1781 volutans,
1269 1720 1531 1782 perpetuo
1574 1726 1791 1781 semper
1827 1724 2064 1773 maerore

487 1803 792 1869 alIiciebar,
823 1803 876 1857 in
915 1811 1127 1863 tantum
1160 1813 1218 1857 ut
1267 1802 1522 1877 pallerem
1574 1817 1641 1857 ac
1674 1802 2012 1857 tabescerent
2048 1820 2063 1856 ι

487 1906 540 1952 et
564 1896 711 1967 quod
737 1895 1126 1965 gravissimum
1151 1905 1290 1960 erat,
1321 1895 1368 1954 si
1402 1894 1626 1966 quando
1659 1894 1854 1953 harum
1877 1909 2064 1948 rerum

489 1986 917 2043 sollicitudinem
954 1986 1193 2055 abjicere
1227 1995 1485 2056 tanquam
1520 2000 1718 2038 vanam
1743 1986 2063 2055 cogitarem,

486 2081 870 2138 vehementius
899 2080 1074 2137 multo
1118 2095 1204 2135 me
1235 2080 1515 2149 premebat
1560 2076 1786 2137 affectus
1812 2097 1825 2133 :
1856 2088 1910 2134 et
1943 2094 2064 2135 eam

487 2192 602 2231 rem
640 2174 867 2228 moleste
909 2172 1188 2236 ferebam,
1231 2171 1482 2225 nesciens
1515 2171 1663 2241 quod
1702 2171 2065 2225 contuberna—

487 2269 593 2324 lem
619 2267 873 2322 haberem
906 2265 1223 2335 praeclaram
1252 2263 1662 2332 cogitationem,
1684 2278 1805 2333 qua:
1836 2262 2066 2316 immor-

489 2363 718 2418 talitatis
751 2362 885 2415 mibi
936 2374 1101 2416 causa
1154 2357 1403 2424 exstitit,
1448 2366 1509 2413 ut
1554 2368 1744 2427 postea
1780 2371 1847 2411 ex
1882 2372 2064 2412 rerum

486 2456 635 2513 exitu
666 2455 907 2524 agnovi,
948 2463 1002 2508 et
1045 2452 1158 2509 Deo
1191 2462 1515 2505 cunctorum
1566 2448 1810 2503 eﬂ‘ectori
1862 2449 2066 2519 gratias

487 2550 595 2622 egi.
630 2548 767 2605 Cum
792 2549 940 2605 enim
982 2550 1049 2603 ab
1095 2546 1251 2603 initio
1285 2562 1370 2601 me
1408 2545 1499 2611 illa
1525 2544 1784 2615 cogitatio
1809 2551 2065 2608 vexaret,

486 2641 558 2696 ad
604 2656 789 2695 rerum
839 2639 1253 2709 inquisitionem
1300 2638 1486 2692 venire
1537 2646 1763 2691 coactus
1809 2649 1975 2688 sum:
2013 2642 2068 2688 et

485 2750 628 2805 quos
652 2733 922 2804 principio
946 2747 1040 2800 per
1068 2730 1433 2800 ignorantiam
1468 2728 1655 2783 beatos
1679 2726 2064 2797 praedicabant,

486 2836 674 2899 postea
709 2825 876 2880 veluti
905 2824 1134 2878 miseros
1168 2838 1275 2877 non
1303 2821 1512 2885 cessavi
1541 2820 1744 2888 lugere.

558 2919 647 2975 lll.
687 2918 857 2987 Igitur
900 2932 1025 2972 cum
1075 2932 1104 2969 a
1150 2930 1321 2985 puero
1352 2914 1406 2967 in
1461 2912 1776 2981 hujusmodi
1818 2926 2065 2967 versarer

487 3008 1058 3072 considerationibus,
1088 3005 1155 3059 ad
1212 3003 1660 3073 philosophorum
1705 2999 2064 3054 adventabam

465 3104 726 3169 scholas,
754 3110 815 3156 ut
854 3100 978 3154 inde
1017 3095 1220 3166 aliquid
1244 3094 1375 3152 certi
1403 3093 1670 3155 discerem
1700 3111 1713 3145 :
1748 3092 1843 3147 sed
1880 3100 1935 3147 et
1964 3092 2063 3157 sic,

486 3196 627 3250 nihil
653 3193 801 3249 aliud
834 3192 903 3246 ab
934 3190 1014 3245 eis
1044 3189 1288 3245 studiose
1321 3186 1427 3242 coli
1463 3185 1738 3251 videbam,
1769 3200 1933 3254 quam
1963 3183 2063 3239 do-

486 3294 733 3358 gmatum
765 3282 1167 3339 destructiones
1197 3292 1251 3335 et
1293 3279 1696 3333 adstructioncs
1719 3316 1733 3339 ,
1764 3276 2068 3331 contentio-

486 3391 695 3446 nesque
716 3417 730 3441 ,
760 3385 814 3429 et
844 3374 1287 3445 syllogismorum
1334 3369 1567 3429 artificia
1588 3410 1603 3436 ,
1644 3369 1885 3437 itemque
1916 3382 2068 3421 sum—

487 3471 735 3541 ptionum
766 3466 1198 3535 excogitationes
1230 3482 1242 3517 :
1271 3470 1325 3518 et
1350 3461 1644 3532 aliquando
1684 3460 1904 3529 quidem
1933 3474 2069 3529 prm-

486 3564 722 3627 valebat,
757 3560 907 3615 verbi
934 3560 1142 3630 gratia,
1180 3557 1327 3628 quod
1362 3556 1546 3609 anima
1584 3552 1911 3613 immortalis
1955 3552 2065 3619 sit;

488 3654 788 3727 aliquando
819 3667 971 3718 vero,
1002 3649 1151 3721 quod
1180 3632 1446 3703 mortalis.
1487 3645 1552 3700 Et
1583 3646 1803 3717 quidem
1842 3644 2068 3714 quando

486 3765 550 3805 ea
576 3749 784 3819 opinio,
812 3761 933 3816 qum
963 3744 1206 3799 animum
1238 3741 1366 3798 facit
1395 3739 1781 3804 immortalem,
1816 3737 2067 3808 superior

486 3852 625 3906 erat,
660 3842 964 3912 gaudebam
994 3856 1008 3894 :
1041 3837 1263 3908 quando
1292 3844 1474 3890 autem
1515 3848 1600 3899 ea,
1624 3848 1747 3902 quae
1778 3832 2066 3887 mortalem

486 3945 691 3991 censet.
710 3945 941 3986 maerore
954 3928 1254 3989 allieiebar:
1279 3939 1611 3995 rursumque
1629 3922 1803 3991 magis
1818 3922 2067 3976 animum

485 4024 890 4094 despondebam
912 4060 927 4085 ,
961 4020 1108 4090 quod
1135 4034 1236 4073 nec
1273 4017 1561 4086 utriusque
1600 4015 1769 4084 partis
1793 4014 2065 4085 quispiam

485 4126 722 4171 mentem
755 4128 930 4168 meam
962 4120 1174 4181 poterat
1203 4109 1572 4164 confirmare:
1613 4116 1827 4161 tantum
1860 4105 2066 4161 intelli-

486 4207 677 4277 gebam
697 4202 997 4265 sententias
1044 4200 1566 4261 controversiarum,
1588 4214 1684 4268 pro
1708 4198 1920 4254 viribus
1942 4213 2069 4269 pro-

486 4307 853 4367 pugnatorum
884 4336 899 4360 ,
936 4293 1023 4347 vel
1074 4291 1277 4357 falsas,
1304 4291 1388 4345 vel
1430 4305 1589 4345 veras
1628 4288 1864 4357 judicari
1889 4328 1907 4356 ,
1955 4304 2064 4343 nou

489 4405 617 4443 vero
647 4397 811 4458 prout
840 4387 971 4459 ipsae
1020 4399 1078 4440 se
1130 4383 1331 4438 habent
1360 4382 1413 4436 in
1442 4382 1639 4451 seipsis
1670 4396 1880 4446 revera,
1908 4396 2061 4435 com-

488 4479 798 4550 prehendi:
851 4485 1070 4547 propter
1128 4474 1273 4545 quod
1328 4473 1451 4543 plus
1505 4472 1687 4527 adhuc
1738 4473 1791 4526 in
1844 4483 2067 4543 negotia

486 4572 786 4628 :cstuabam
819 4570 1193 4633 dubitatione,
1235 4583 1298 4623 ac
1325 4582 1391 4622 ex
1438 4566 1635 4621 anima:
1671 4565 1943 4636 profundo
1974 4583 2066 4637 ge-

2165 1713 2459 1780 ἀπαύστως
2491 1716 2776 1788 διενθυμού
2785 1734 2945 1789 μενος
2961 1760 2977 1785 ,
3020 1718 3298 1773 ἄπαυστον
3340 1713 3483 1788 εἶχον
3535 1718 3617 1771 ἀεὶ
3644 1717 3733 1789 τὴν

2164 1802 2372 1877 λύπην,
2398 1806 2494 1860 καὶ
2544 1807 2799 1862 τοσοῦτον
2820 1849 2834 1875 ,
2861 1807 2939 1873 ὡς
2994 1808 3314 1880 ὠχριακότα
3358 1824 3427 1879 με
3456 1806 3732 1879 τήκεσθαιο

2167 1900 2261 1953 καὶ
2294 1898 2357 1952 τὸ
2396 1898 2730 1965 δεινότατον,
2763 1898 2947 1953 είποτε
2988 1902 3084 1954 καὶ
3131 1898 3462 1969 ἀπώσασθαι
3485 1900 3583 1971 τὴν
3621 1900 3737 1972 περὶ

2164 1990 2371 2045 τούτων
2399 1991 2688 2063 φροντίδα,
2717 1993 2794 2056 ὡς
2828 1993 3091 2063 ματαίαν,
3118 1992 3484 2063 ἐλογισάμην,
3522 1991 3737 2063 ἀκμαιότ

2164 2083 2320 2154 τερόν
2349 2100 2440 2155 μοι
2471 2082 2668 2155 μᾶλλον
2698 2083 2761 2137 τὸ
2783 2083 2953 2149 πάθος
2973 2084 3202 2153 ἐγίνετο*
3240 2085 3341 2138 καὶ
3382 2082 3620 2155 ἠχθόμην
3649 2082 3733 2134 ἐπὶ

2165 2175 2360 2247 τούτῳ,
2396 2177 2498 2229 οὐκ
2530 2175 2684 2240 εἰδὼς
2704 2175 2950 2231 σύνοικον
2984 2176 3156 2248 καλὴν
3185 2176 3329 2248 ἔχων
3358 2175 3585 2239 ἔννοιαν,
3613 2173 3736 2228 ἀθα-

2166 2267 2357 2331 νασίας
2380 2268 2562 2323 αἰτίαν
2595 2285 2685 2339 μοι
2711 2267 3038 2339 γενομένην,
3077 2268 3155 2331 ὼς
3182 2267 3312 2320 ὖστε
3323 2285 3414 2341 ρον
3441 2266 3606 2336 ἔγνων
3640 2264 3738 2319 ἀπὸ

2165 2362 2259 2416 τοῦ
2281 2361 2488 2425 τέλους,
2520 2362 2615 2416 καὶ
2636 2361 2754 2433 Θεῷ
2782 2361 2860 2432 τῷ
2880 2361 3096 2415 πάντων
3126 2360 3510 2433 ηὐχαρίστησα
3535 2359 3739 2430 ποιητῇ,

2179 2454 2317 2507 Ὑπὸ
2341 2454 2450 2525 γάρ
2471 2454 2571 2525 τῆς
2599 2453 2880 2524 καταρχὰς
2906 2471 2971 2525 με
3000 2450 3295 2523 πιεζούσης
3331 2451 3555 2516 ἐννοίας,
3582 2451 3736 2519 ἠναγ-

2168 2543 2377 2616 κάσθην
2406 2546 2487 2607 εἰς
2524 2543 2622 2613 τὴν
2657 2542 2765 2596 τῶν
2794 2544 3135 2615 πραγμάτων
3176 2541 3359 2595 ἐλθεῖν
3382 2541 3625 2614 ζήτησινο
3656 2541 3739 2594 καὶ

2164 2636 2260 2701 οὓς
2305 2637 2405 2708 τὴν
2446 2636 2621 2708 ἀρχὴν
2660 2636 2729 2689 δι’
2756 2636 2978 2704 ἄγνοιαν
3019 2633 3351 2706 μακαρίζειν
3399 2633 3735 2694 ἐκινδύνευον,

2168 2725 2395 2798 ὕστερον
2433 2724 2739 2788 ταλανίζειν
2768 2726 2870 2779 οὐκ
2904 2726 3253 2797 ἐπαυσάμην.

2238 2904 2325 2960 Ill.
2378 2906 2474 2979 Ἐκ
2503 2905 2692 2970 παιδὸς
2714 2902 2805 2960 οὖν
2848 2908 2906 2959 ἐν
2932 2905 3196 2969 τοιούτοις
3232 2905 3311 2960 ὢν
3346 2906 3645 2977 λογισμοῖς,
3669 2904 3739 2965 είς

2168 2994 2267 3059 τὰς
2305 2995 2415 3048 τῶν
2447 2996 2752 3066 φιλοσόφων
2794 2999 3023 3067 ἐφοίτων
3057 2997 3375 3069 διατριϐὰς,
3399 2998 3536 3051 ὥστε
3580 3014 3629 3051 τι
3658 2995 3738 3066 βέτ

2171 3086 2322 3140 ϐαιον
2344 3086 2554 3140 ἐκεῖθεν
2591 3088 2800 3159 μαθεῖν.
2838 3088 2996 3142 Ἀλλά
3033 3090 3127 3142 καὶ
3170 3088 3350 3153 οὓτως
3389 3089 3537 3143 οὐδὲν
3571 3088 3739 3159 ἕτερον

2171 3179 2302 3250 παρ’
2334 3179 2517 3244 αὐτοῖς
2555 3181 2617 3233 τὸ
2655 3180 3087 3253 σπουδαζόμενον
3110 3183 3131 3214 ⁸
3158 3180 3381 3253 ἐώρων,
3415 3184 3447 3254 ἣ
3476 3181 3741 3253 δογμάτων

2170 3271 2477 3335 ἁνασκευὰς
2506 3273 2601 3326 καὶ
2637 3273 3003 3338 κατασκευὰς,
3036 3273 3220 3344 ἐριδας
3241 3274 3263 3305 ⁸
3292 3291 3359 3327 τε
3389 3275 3485 3328 καὶ
3513 3272 3739 3340 συλλογιτ

2172 3364 2325 3435 σμῶν
2369 3364 2585 3435 τέχνας,
2626 3366 2722 3420 καὶ
2764 3366 2828 3438 δὴ
2870 3367 2965 3419 καὶ
2998 3366 3300 3438 λημμάτων
3354 3365 3616 3429 ἐπινοίαςο
3655 3361 3738 3416 καί

2170 3474 2300 3511 ποτε
2332 3459 2428 3529 μὲν
2454 3458 2771 3531 ἐπεκράτει,
2806 3460 2939 3530 φέρε
2964 3458 3162 3527 λέγειν,
3190 3459 3620 3529 ὅτιάθάνατοςή
3645 3456 3739 3526 ψυ-

2170 3552 2260 3621 χή·
2287 3551 2418 3603 ποτὲ
2452 3551 2529 3614 δὲ,
2558 3552 2641 3604 ὅτι
2662 3553 2851 3623 θνητή.
2877 3554 2986 3605 Kal.
3015 3552 3097 3604 ὅτι
3140 3551 3238 3622 μὲν
3263 3550 3427 3621 λόγος
3448 3546 3740 3621 ἐπικρατῶν

2167 3639 2257 3713 ἦν,
2289 3643 2372 3696 ὅτι
2404 3642 2671 3707 ἀθάνατος
2698 3646 2730 3714 ἡ
2762 3643 2937 3714 ψυχὴ,
2971 3643 3217 3714 ἔχαιρον
3252 3643 3349 3696 ὅτε
3378 3643 3435 3697 δὲ
3458 3645 3540 3696 ὅτι
3568 3638 3741 3711 θνητὴ,

2169 3733 2447 3805 ἠνιώμην
2486 3734 2647 3787 πλέον
2675 3734 2731 3787 δέ
2773 3734 2933 3788 πάλιν
2962 3733 3228 3804 ἠθύμουν,
3272 3733 3359 3786 ὅτι
3408 3733 3516 3787 οὐδ’
3567 3728 3743 3784 ὁποτέ-

2175 3845 2280 3897 ρων
2309 3829 2351 3858 ¹⁰
2398 3843 2484 3889 τις
2511 3827 2603 3879 τὸν
2647 3826 2778 3896 ἐμὸν
2830 3825 3125 3898 βεϐαιῶσαι
3156 3825 3280 3879 νοῦν
3328 3826 3578 3897 ἠδύνατο.
3609 3820 3741 3891 Πλὴν

2171 3920 2413 3974 ἐνενόουν
2441 3921 2526 3973 ὅτι
2547 3921 2603 3973 αἱ
2628 3919 2777 3986 δόξαι
2800 3919 2907 3973 τῶν
2933 3917 3261 3982 ὑποθέσεων,
3284 3918 3441 3990 παρὰ
3459 3919 3582 3980 τοὺς
3607 3914 3741 3967 ἐκδι-

2170 4014 2419 4079 κοῦντας,
2450 4014 2484 4084 ἢ
2507 4013 2740 4083 ψευδεῖς,
2772 4013 2805 4084 ἢ
2833 4010 3053 4083 ἀληθεῖς
3082 4011 3504 4081 ἀποφαίνονται,
3541 4008 3632 4063 xal
3652 4007 3741 4076 οὐχ

2171 4106 2248 4169 ὡς
2273 4105 2485 4176 ἔχουσιν
2505 4106 2664 4159 αὐταὶ
2684 4105 2767 4173 ἐφ’
2797 4102 3005 4157 ἑαυτῶν
3030 4103 3284 4175 ἀληθείας
3311 4089 3743 4173 καταλαμϐάνονέ

2169 4213 2279 4250 ταν
2307 4197 2437 4268 παρ’
2463 4190 2507 4264 ᾧ
2530 4197 2569 4228 ¹¹
2604 4196 2698 4249 καὶ
2720 4194 2801 4248 ἐτι
2830 4194 3026 4265 μᾶλλον
3050 4195 3107 4246 ἐν
3136 4197 3249 4257 τοῖς
3270 4194 3590 4266 πράγμασιν
3619 4190 3743 4255 ίλιγτ

2170 4288 2327 4357 γιῶν,
2364 4289 2458 4342 καί
2486 4287 2595 4341 ἀπὸ
2617 4287 2711 4340 τοῦ
2741 4286 2842 4356 τῆς
2871 4286 3051 4357 ψυχῆς
3074 4285 3269 4356 βάθους
3305 4285 3611 4350 ἐστέναζον·
3633 4282 3743 4335 οὔτε

2171 4380 2280 4452 γὰρ
2300 4376 2409 4443 οἷός
2431 4398 2489 4432 τε
2516 4375 2584 4450 ἦν
2606 4376 2972 4432 ἁποϐαλέσθαι
2990 4377 3088 4448 τὴν
3114 4377 3466 4448 περὶτούτων
3486 4373 3744 4448 φροντίδα,

2173 4472 2415 4540 καίτοιγε
2459 4470 2662 4541 σφόδρα
2711 4469 3054 4540 βουλόμενος,
3082 4468 3158 4531 ὡς
3204 4467 3306 4539 ἤδη
3347 4468 3561 4537 φθάσας
3589 4462 3745 4534 ἐγνὼτ

2177 4583 2303 4639 ρισα
2323 4602 2338 4631 ,
2365 4564 2488 4617 οὔτε
2525 4563 2740 4634 βέϐαιόν
2765 4580 2819 4615 τι
2844 4559 3170 4616 καταλαϐεῖν
3194 4558 3499 4631 ἠδυνάμην.

488 4670 702 4724 mebam
738 4684 750 4719 :
784 4680 961 4736 neque
983 4665 1131 4719 enim
1169 4664 1236 4718 de
1268 4664 1581 4733 hujusmodi
1620 4679 1808 4719 curam
1840 4664 2066 4734 rejicere
2104 4674 2376 4736 poteram,
2430 4664 2557 4718 licet
2613 4660 2769 4716 valde
2797 4674 3049 4730 cuperem
3074 4702 3088 4726 ,
3150 4668 3211 4712 ut
3250 4658 3361 4727 jam
3408 4671 3573 4727 supra
3614 4652 3746 4710 indi-

488 4766 644 4831 cavi;
692 4777 867 4831 neque
897 4761 1115 4815 firmum
1146 4761 1277 4830 quid
1310 4761 1558 4815 valebam
1597 4762 1852 4815 retinere.

551 4859 639 4914 IV.
682 4858 883 4913 lterum
915 4871 1043 4927 ergo
1073 4857 1345 4926 angustiis
1388 4855 1762 4911 haesitationis'
1796 4870 2022 4924 pressus
2046 4895 2062 4919 ,

486 4952 734 5008 dicebam
768 4949 910 5018 apud
935 4963 1057 5001 me:
1093 4947 1233 5013 Quid
1259 4946 1499 5009 inaniter
1535 4947 1745 5011 laboro,
1789 4962 1912 5001 cum
1947 4963 2063 5002 ma-

486 5044 686 5098 nifesta
714 5042 786 5097 sit
814 5040 936 5095 res?
958 5038 1136 5104 Quod,
1182 5038 1229 5092 si
1271 5038 1487 5107 quidem
1529 5046 1653 5107 post
1695 5047 1923 5095 mortem
1955 5054 2063 5091 non

486 5121 623 5199 ero;'
658 5147 825 5198 nunc,
859 5131 1078 5200 quando
1128 5145 1273 5195 sum,
1310 5129 1622 5187 contristari
1654 5144 1761 5182 non
1812 5140 2061 5198 oportet:

484 5226 746 5292 quocirca
773 5223 1050 5278 tristitiam
1079 5225 1144 5276 ad
1181 5221 1311 5275 illud
1346 5232 1556 5290 tempus
1587 5222 1900 5287 reservabo,
1931 5238 2065 5291 quo,

469 5328 609 5376 'cum
640 5319 860 5373 futurus
889 5332 996 5370 non
1036 5316 1138 5368 sim
1166 5356 1179 5379 ,
1223 5330 1330 5367 non
1366 5314 1731 5368 contristabor
1758 5332 1770 5367 :
1803 5314 1848 5368 si
1879 5322 2059 5367 autem

486 5412 625 5468 forte
665 5428 779 5476 cro,
808 5427 909 5465 cur
949 5410 1081 5463 mihi
1125 5424 1268 5463 nunc
1310 5408 1579 5477 superflue
1624 5409 1764 5475 inest
1797 5407 2062 5462 tristitia?

2241 4845 2329 4901 1V.
2372 4845 2539 4898 Πάλιν
2588 4843 2718 4911 γοῦν
2768 4840 3139 4911 ἀπορούμενος
3182 4839 3363 4908 ἔλεγον
3406 4836 3654 4909 ἐμαυτῷ·
3686 4818 3743 4886 Τί

2175 4936 2552 5010 ματαιοπονῶ,
2603 4935 2807 5003 σαφοῦς
2836 4934 2989 4997 ὄντος
3019 4934 3116 4986 τοῦ
3158 4933 3483 5006 πράγματος
3510 4948 3526 4997 ;
3560 4932 3675 4983 Ὀτι
3702 4926 3744 4977 εἰ

2174 5033 2272 5104 μὲν
2308 5031 2484 5084 θανὼν
2522 5030 2620 5082 οὑκ
2650 5029 2783 5098 εἰμὶ,
2810 5027 2903 5079 νῦν
2932 5027 3061 5080 ὄντα
3103 5043 3169 5097 με
3194 5024 3481 5078 λυπεῖσθαι
3503 5023 3564 5075 ού
3586 5034 3742 5091 προσ-ε

2169 5127 2315 5197 ήκει.
2340 5124 2428 5176 Διὸ
2455 5122 2677 5193 τηρήσω
2706 5120 2767 5171 τὸ
2790 5118 3077 5185 λυπεῖσθαι
3095 5117 3417 5188 τηνικαῦτα,
3440 5116 3528 5167 ὅτε
3553 5113 3651 5166 οὐκ
3675 5108 3742 5162 ὢν

2169 5220 2232 5272 οὐ
2263 5215 2669 5287 λυπηθήσομαι·
2703 5213 2753 5263 εἰ
2776 5211 2833 5263 δὲ
2856 5210 2964 5281 ἄρα
2987 5211 3119 5280 εἰμὶ,
3152 5210 3204 5262 τί
3231 5208 3325 5263 νῦν
3365 5226 3455 5279 μοι
3481 5209 3546 5261 ἐκ
3568 5217 3741 5274 περισ-

2174 5309 2269 5363 σοῦ
2308 5310 2569 5380 πρόσεστι
2595 5306 2657 5357 τὸ
2696 5303 2983 5366 λυπεῖσθαι
3008 5319 3021 5368 ;
3046 5302 3156 5356 Καὶ
3182 5301 3383 5364 εὐθέως
3424 5298 3560 5371 μετὰ
3597 5293 3741 5349 τοῦτο

2168 5405 2357 5475 ἕτερος
2384 5400 2630 5471 ἐπεισῄει
2664 5414 2753 5469 μοι
2775 5396 3052 5469 λογισμός.
3089 5394 3314 5466 Ἔλεγον
3344 5394 3474 5466 γὰρ,
3503 5394 3575 5465 μή
3608 5388 3657 5442 τί
3683 5402 3738 5454 γε

1758 5548 1993 5603 VARle
2034 5545 2437 5603 LECTIONES.

515 5670 576 5703 ¹’⁶
607 5673 762 5753 ῼεξθδι
787 5676 840 5728 iu
872 5690 981 5729 uno
1014 5691 1096 5728 ms
1192 5675 1211 5703 "
1249 5671 1317 5725 al.
1362 5671 1466 5742 ἄρα
1501 5686 1648 5723 ποτε.
1730 5672 1749 5701 ⁸
1789 5669 1857 5723 al.
1895 5668 2003 5725 τῶν
2039 5666 2507 5747 σπουδαζομένων,
2588 5666 2610 5698 9
2646 5666 2713 5721 αι·
2752 5663 2917 5737 ἕρεις.
2999 5660 3041 5691 to
3086 5658 3159 5723 al.
3193 5656 3489 5728 ὁποτέρας,

493 5744 695 5814 παρ’ὃ.

3600 5650 3634 5680 ¹¹
3669 5645 3731 5701 al.
