4022 6336
315 289 420 347 675

1049 294 1505 383 CLEMENTINA.
1546 329 1615 337 ——
1652 296 1949 353 EPITOME
1985 298 2070 353 DE
2100 298 2346 356 GESTIS
2394 299 2452 356 S.
2490 300 2715 359 PETRI.

3459 318 3566 375 ΓΜ

309 409 417 478 ἄρα
447 409 544 465 τοῦ
567 410 664 465 νῦν
700 430 767 482 με
800 411 1095 480 λυποῦντος
1116 418 1331 490 χείρονα
1363 420 1477 473 ἐκεῖ
1508 418 1786 490 πείσομαι,
1818 419 1886 491 μὴ

1997 418 2303 492 Statimque
2328 432 2514 492 postea
2545 424 2652 479 alia
2684 440 2771 479 me
2801 426 2967 482 subiit
2996 429 3274 499 cogitatio.
3308 431 3562 492 Dicebam

309 501 592 573 βεϐιωκὼς
627 504 885 570 εὐσεϐῶς,
929 509 1023 562 καὶ
1076 510 1523 582 παραδοθήσομαι
1560 512 1679 567 κατ’
1704 514 1885 566 ’ἐνίων

307 593 617 663 φιλοσόφων
647 595 857 664 λόγους,
885 598 1343 669 Πυριφλεγέθοντι
1374 604 1467 656 xui.
1494 604 1783 675 Ταρτάρῳ,
1811 605 1887 667 ὡς

304 684 562 752 Σίσυφος,
589 685 622 757 ἢ
656 685 868 750 Τιτυὸς,
894 688 928 759 ἢ
963 689 1150 755 Ἰξίων,
1179 691 1212 762 ἢ
1250 691 1542 756 Τάνταλος,
1571 694 1664 747 καὶ
1693 693 1885 764 ἔσομαι

303 776 362 828 ὲν
407 776 536 847 ᾇδου
586 778 676 831 τὸν
718 780 889 834 αίῶνα
923 781 1315 853 κολαζόμενος;
1352 785 1521 839 Πάλιν
1558 785 1615 838 δὲ
1649 785 1883 839 ἀνθυπέ-

300 886 467 939 φερον
498 870 692 940 λέγων,
716 873 793 934 ὡς
817 873 1009 944 ἀδήλου
1050 876 1199 939 ὄντος
1227 877 1320 930 τοῦ
1353 879 1697 949 πράγματος,
1726 880 1881 932 ἀκιν-

294 962 580 1035 ὃυνότερόν
604 966 720 1017 ἐστι
766 966 963 1036 μᾶλλον
1003 968 1241 1032 εὐσεϐῶς
1283 970 1473 1039 βιῶναι
1501 989 1590 1042 με,
1631 973 1726 1025 xui.
1773 971 1882 1026 τῶν

296 1055 393 1109 τοῦ
429 1055 682 1127 σώματος
707 1061 927 1129 κρατεῖν
954 1060 1173 1130 ἡδονῶν,
1206 1064 1253 1115 εί
1280 1062 1375 1117 xui.
1415 1063 1488 1134 μὴ
1508 1064 1772 1137 ἀκριϐῶς,
1799 1064 1882 1117 ὅτι

297 1147 432 1200 ποτέ
458 1147 798 1201 ἐστιδίκαιον
826 1150 919 1203 καὶ
937 1150 1169 1222 ἀρέσκον
1195 1152 1334 1223 Θεῷ,
1362 1153 1878 1227 πεπληροφορημαι,

294 1235 420 1293 οὔτε
447 1240 498 1290 εί
520 1240 554 1310 ἡ
586 1239 733 1310 ψυχὴ
765 1239 1053 1307 ἀθάνατος,
1082 1241 1116 1313 ἦ
1141 1241 1332 1315 θνητή.
1822 1261 1829 1268 ·

367 1523 430 1579 ν.
464 1524 682 1579 Τούτων
714 1521 807 1580 οὖν
840 1526 949 1581 τῶν
977 1527 1252 1599 λογισμῶν
1283 1528 1621 1600 στρεφόντων
1652 1546 1751 1601 μου
1775 1530 1875 1600 τὴν

288 1616 491 1689 ψυχὴν,
525 1619 607 1682 είς
630 1620 902 1689 Αἴγυπτον
924 1622 1285 1693 πορεύσομαι,
1311 1620 1485 1687 εἶπον,
1513 1623 1608 1677 καὶ
1632 1626 1747 1688 τοῖς
1767 1624 1877 1677 τῶν

291 1707 503 1771 ἀδύτων
528 1711 871 1781 ἱεροφάνταις
901 1714 996 1767 καὶ
1022 1715 1326 1786 προφήταις
1348 1714 1765 1793 φιλιωθήσομαι,
1785 1717 1877 1769 καὶ

292 1804 471 1879 μάγον
502 1804 742 1876 ζητήσας
775 1808 870 1860 xui.
893 1808 1096 1879 εὑρὼν,
1136 1809 1381 1881 χρήμασι
1424 1808 1597 1863 πείσω
1643 1808 1874 1870 πολλοῖς,

289 1894 471 1967 ψυχῆς
523 1896 855 1967 ἀναπομπὴν
912 1897 1012 1969 τὴν
1054 1897 1354 1971 λεγομένην
1408 1898 1801 1970 νεκρομαντίαν
1835 1898 1876 1929 ¹¹

288 1987 656 2059 ἐργάσασθαι,
699 1990 833 2062 ἐμοῦ
867 1990 1025 2063 δῆθεν
1057 1991 1133 2055 ὡς
1178 1993 1308 2064 περὶ
1357 1992 1684 2064 πράγματός
1731 2006 1877 2052 τινος

289 2080 660 2135 πυνθάνεσθαι
685 2080 1029 2152 βουλομένου·
1056 2084 1090 2153 ἡ
1119 2081 1174 2135 δέ
1202 2081 1396 2145 πεῦσις
1427 2081 1599 2145 ἔσται,
1626 2080 1755 2151 περὶ
1780 2079 1875 2133 τοῦ

291 2173 487 2245 μαθεῖν
516 2174 627 2246 ἄρα
653 2175 701 2227 εί
727 2173 1045 2244 ἀθάνατοςή
1068 2173 1232 2245 ψυχή.
1264 2174 1433 2229 Τοῦτο
1455 2174 1511 2227 δὲ
1538 2172 1754 2238 πάντως
1775 2174 1876 2228 οὐκ

288 2268 353 2321 ἐκ
377 2265 477 2320 τοῦ
506 2266 905 2339 ἀποκρίνασθαι
925 2267 1008 2319 ὅτι
1028 2266 1069 2298 ¹³
1097 2265 1362 2328 ἀθάνατός
1384 2267 1552 2328 ἐστιν,
1581 2264 1695 2318 ἐστι
1715 2265 1758 2297 ¹δ
1783 2282 1874 2336 μοι

287 2356 513 2425 γνῶναι,
543 2355 658 2409 ἀλλ’
690 2356 797 2409 ἀπὸ
822 2356 915 2409 τοῦ
951 2356 1183 2428 ὀφθῆναι
1220 2356 1385 2427 μόνον
1405 2357 1486 2409 ὅτι
1506 2357 1698 2409 ἐστίν.
1729 2356 1873 2410 Ἰδὼν

286 2449 396 2519 γάρ
419 2448 591 2519 αὐτὴν
614 2449 796 2511 αὐτοῖς
820 2448 1064 2518 ὄμμασιν
1081 2487 1094 2511 ,
1126 2447 1316 2518 ἱκανὴν
1342 2447 1449 2513 ἔξω
1476 2447 1870 2520 πληροφορίαν,

286 2542 382 2596 καὶ
438 2540 627 2594 οὐκέτι
689 2542 985 2612 πιστότερα
1041 2538 1336 2610 ὀφθαλμῶν
1390 2533 1504 2592 ὦτα
1551 2541 1870 2611 ποιήσομαι.

290 2633 480 2702 Ὅμως
518 2632 795 2703 φιλοσόφῳ
822 2632 928 2685 τινὶ
956 2631 1064 2685 τῶν
1098 2630 1361 2702 συνήθων,
1386 2632 1479 2684 xui.
1503 2630 1703 2702 ταύτην
1728 2632 1872 2685 ἐκοι-

286 2718 495 2789 νούμην
520 2719 617 2789 τὴν
658 2718 910 2791 γνώμην,
955 2721 983 2773 ό
1005 2720 1061 2773 δὲ
1109 2719 1457 2773 συνεϐούλευέ
1490 2737 1580 2791 μοι
1615 2722 1688 2794 μὴ
1724 2722 1873 2775 λυσι-

287 2810 439 2874 τελὲς
475 2806 616 2864 εἶναι
657 2810 814 2864 τοῦτο
848 2811 1117 2881 τολμῆσαι
1157 2812 1301 2865 δυοῖν
1330 2812 1513 2867 ἕνεκα,
1549 2813 1619 2867 Εἴ
1649 2831 1708 2866 τε
1739 2814 1869 2886 γάρ,

290 2902 413 2971 ἔφη,
450 2903 668 2964 πάντως
694 2904 791 2972 οὐχ
824 2903 1195 2958 ὑπακούσεται
1224 2907 1256 2975 ὴ
1283 2905 1427 2975 ψυχὴ
1456 2905 1534 2977 τῷ
1565 2905 1743 2978 μάγῳ,
1777 2908 1872 2961 καὶ

289 2995 349 3047 σὺ
376 2995 494 3055 τοῖς
533 2992 704 3046 ταῦτα
729 2996 901 3046 ποιεῖν
940 2993 1342 3065 ἀπαγορεύουσι
1386 2995 1570 3065 νόμοις
1602 2996 1677 3059 ὡς
1719 2997 1870 3049 όιντι⁴

1910 1761 1951 1816 Β

1988 512 2223 582 quippe:
2256 528 2324 568 ne
2360 514 2501 569 forte
2535 515 2609 570 ibi
2647 518 2832 587 pejora
2870 534 2935 573 eo
2969 522 3114 590 quod
3148 539 3293 578 nunc
3318 540 3405 581 me
3437 544 3564 582 cru-

1987 605 2096 659 ciat
2126 606 2327 675 patiar,
2361 607 2408 661 si
2454 624 2561 662 non
2607 609 2793 662 vixero
2823 610 2939 679 pie;
2976 627 3041 666 ac
3087 616 3390 671 secundum
3424 635 3566 689 quo-

1986 698 2237 751 rumdam
2272 699 2718 768 philos0phorum
2745 705 3041 758 sententias
3073 706 3258 760 tradar
3282 706 3563 779 Pyriphle-

1987 788 2230 858 gethonti
2276 799 2329 844 et
2355 790 2608 855 Tartaro,
2642 794 3102 860 quemadmodum
3158 796 3445 869 Sisyphus.
3476 803 3560 856 vel

1987 876 2213 950 Tityus,
2258 872 2341 935 vel
2374 883 2555 946 Ixion,
2588 884 2671 935 vel
2712 883 3007 949 Tantalus,
3042 899 3204 958 atque
3241 882 3293 944 in
3344 892 3559 948 inferno

1983 980 2246 1026 aeternum
2299 975 2533 1042 puniar?
2572 974 2787 1030 Rursus
2839 988 3019 1032 autem
3058 983 3430 1050 cxcipiebam,
3476 986 3561 1040 di-

1983 1078 2149 1119 cens:
2180 1065 2234 1119 in
2262 1082 2319 1120 re
2344 1082 2465 1135 quae
2492 1068 2697 1123 incerta
2722 1079 2825 1135 est,
2855 1071 3026 1125 tutius
3056 1074 3228 1127 multo
3250 1085 3331 1129 est
3358 1092 3444 1131 me
3470 1079 3559 1146 pie

1983 1155 2205 1223 vivere,
2248 1167 2301 1212 et
2349 1159 2653 1228 voluptates
2699 1164 2945 1231 corporis
2997 1164 3239 1227 vincere,
3302 1171 3557 1237 quamvis

1984 1247 2230 1303 absolute
2281 1259 2335 1304 et
2382 1260 2531 1304 certo
2568 1251 2834 1322 pleneque
2893 1269 3000 1307 non
3056 1256 3226 1310 sciam
3291 1259 3552 1328 quidnam

1980 1338 2186 1407 justum
2222 1340 2292 1395 sit
2321 1357 2386 1395 ac
2417 1341 2527 1396 Deo
2554 1351 2768 1412 gratum
2791 1383 2807 1410 ,
2850 1361 2949 1401 nec
2995 1356 3177 1401 utrum
3229 1350 3555 1408 immortalis

1981 1432 2053 1487 sit
2082 1434 2285 1499 anima,
2316 1450 2383 1488 an
2412 1437 2679 1490 mortalis.

2053 1522 2117 1579 ν.
2162 1523 2254 1580 His
2283 1525 2465 1594 itaque
2493 1528 2918 1598 cogitationibus
2948 1532 3193 1587 animum
3225 1549 3405 1589 meum
3432 1552 3555 1591 ver-

1980 1616 2261 1673 santibus:
2298 1615 2355 1671 In
2389 1617 2675 1689 Egyptum
2708 1623 3044 1689 proficiscar,
3078 1624 3189 1679 dixi
3214 1665 3229 1689 ,
3258 1638 3312 1681 et
3355 1627 3551 1699 adyto—

1982 1724 2102 1762 rum
2150 1709 2560 1780 hierophantis,
2620 1730 2685 1769 ac
2718 1718 2999 1785 prophetis
3045 1720 3257 1773 amicus
3304 1717 3549 1787 elliciar,

1980 1813 2246 1874 magoque
2266 1803 2496 1872 qumsito
2525 1805 2867 1879 ac_invcnto,
2901 1808 3068 1863 multa
3093 1810 3322 1878 pecunia
3348 1811 3398 1865 ci
3428 1826 3553 1880 per-

1978 1891 2238 1956 suadebo,
2270 1903 2329 1949 ut
2358 1895 2555 1951 anima:
2583 1898 2983 1964 evocationem,
3028 1917 3193 1969 quam
3226 1918 3552 1957 necroman-

1978 1980 2108 2035 tiam
2134 1993 2367 2051 vocant,
2400 1984 2596 2052 faciat,
2627 1996 2885 2058 tanquam
2938 1989 3190 2045 videlicet
3221 1992 3288 2045 de
3330 1993 3550 2062 negotio

1976 2073 2161 2143 aliquo
2190 2078 2495 2143 percontari
2524 2081 2684 2134 velim
2717 2064 2741 2135 ί
2765 2096 2930 2150 porro
2959 2082 3067 2136 erit
3095 2083 3457 2152 percontatio,
3490 2094 3551 2138 ut

1976 2164 2184 2220 discam
2219 2176 2398 2222 utrum
2426 2170 2607 2225 anima
2635 2172 2707 2227 sit
2736 2173 3078 2229 immortalis.
3106 2174 3158 2228 ld
3184 2183 3363 2229 autem
3394 2191 3551 2245 pror-

1976 2270 2072 2311 sus
2096 2270 2448 2327 cognoscam,
2474 2274 2579 2315 non
2610 2276 2675 2316 ex
2706 2278 2771 2317 eo
2796 2263 2941 2332 quod
2970 2264 3319 2333 respondebit
3342 2280 3401 2319 se
3426 2280 3550 2321 esse

1976 2346 2359 2417 immortalem,
2378 2351 2470 2405 sed
2493 2367 2558 2406 ex
2582 2368 2649 2407 eo
2678 2354 2944 2408 duntaxat
2971 2356 3116 2424 quod
3142 2355 3289 2425 illam
3316 2355 3549 2410 existere

1974 2438 2211 2495 videbo:
2247 2456 2372 2495 nam
2409 2443 2584 2498 oculis
2630 2445 2768 2499 meis
2804 2461 3037 2500 cernens
3077 2461 3233 2511 eam,
3268 2446 3403 2501 satis
3433 2462 3550 2501 ma-

1975 2546 2136 2601 gnam
2191 2532 2403 2587 habebo
2453 2535 2833 2589 certitudinem
2865 2578 2879 2602 ,
2919 2552 3020 2591 nec
3060 2538 3171 2607 jam
3210 2538 3331 2607 plus
3385 2538 3547 2594 fidam

1974 2623 2221 2687 auribus,
2246 2639 2411 2694 quam
2437 2626 2633 2680 oculis.
2653 2624 3043 2681 Verumtamen
3072 2643 3196 2682 cum
3223 2628 3548 2698 pllilOSOpltO

1971 2716 2210 2784 quodam
2251 2730 2319 2769 ex
2353 2714 2716 2772 familiaribus
2770 2719 2908 2772 meis
2942 2719 3046 2773 hoc
3090 2734 3313 2789 quoque
3363 2719 3548 2774 consi-

1974 2807 2108 2861 lium
2138 2808 2540 2862 communicavi
2570 2827 2582 2862 :
2621 2810 2667 2863 is
2703 2825 2832 2864 vero
2865 2811 3078 2864 monuit
3104 2827 3210 2876 me,
3247 2826 3355 2864 non
3381 2827 3548 2880 expe-

1973 2900 2089 2955 dire
2121 2909 2179 2954 ut
2211 2901 2264 2955 id
2292 2902 2571 2969 auderem,
2622 2904 2759 2958 duas
2796 2905 2866 2958 ob
2898 2920 3116 2960 causas.
3152 2906 3207 2959 Si
3243 2905 3410 2971 enim,
3459 2908 3543 2961 in»

1971 2994 2111 3063 quit,
2142 2996 2303 3065 plane
2348 3012 2508 3067 mago
2538 3014 2648 3052 non
2679 2999 2947 3054 obedierit
2979 3000 3183 3064 anima,
3215 3009 3270 3055 tu
3300 3017 3543 3070 quoque,

287 3085 522 3155 πράξας,
548 3085 974 3157 δυσσυνειδήτως
1006 3084 1239 3155 βιώσεις⁸
1266 3087 1392 3140 εἰδὲ
1423 3089 1516 3141 καὶ
1554 3088 1870 3142 είσακούσε-

1974 3095 2032 3138 ut
2055 3095 2180 3154 pote
2204 3087 2296 3155 qui
2322 3087 2534 3156 legibus
2560 3088 2676 3143 haec
2700 3104 2858 3158 agere
2884 3091 3196 3145 vetantibus
3223 3091 3545 3146 adversatus

284 3191 394 3236 ται,
434 3173 575 3244 μετά
612 3174 706 3227 τοῦ
748 3174 1171 3246 δυσσυνειδήτως
1196 3192 1254 3227 σε
1293 3175 1460 3245 βιοῦν,
1494 3173 1645 3247 οἶμαι
1682 3179 1777 3231 xui
1803 3179 1870 3232 τά

1973 3174 2176 3242 fueris,
2210 3178 2350 3231 male
2397 3177 2492 3231 tibi
2543 3179 2799 3233 conscius
2849 3180 3032 3245 vives;
3086 3180 3170 3233 sin
3215 3189 3393 3234 autem
3444 3196 3543 3249 pa-

283 3266 383 3335 τῆς
411 3267 698 3331 εὐσεϐείας
750 3267 945 3338 μηκέτι
989 3284 1071 3320 σοι
1114 3272 1436 3339 προχωρεῖν,
1479 3266 1539 3324 οὗ
1573 3271 1755 3324 ἕνεκεν
1800 3271 1870 3325 τὰ

1972 3267 2164 3332 ruerit,
2191 3277 2552 3337 praeterquam
2580 3268 2724 3336 quod
2764 3269 2914 3323 vives
2944 3266 3207 3324 maletihi
3265 3269 3543 3337 conscius,

284 3358 510 3411 τοιαῦτα
541 3358 789 3428 ἐτόλμας.
827 3357 1161 3429 Ἑχθραίνειν
1203 3358 1311 3429 γὰρ
1352 3360 1414 3412 τὸ
1451 3359 1589 3413 θεῖον
1621 3361 1867 3429 λέγουσιν

286 3449 375 3502 ἐπὶ
398 3454 513 3513 τοῖς
536 3450 824 3503 σκύλλουσι
854 3450 952 3513 τὰς
975 3450 1153 3520 ψυχὰς
1200 3451 1336 3521 μετά
1363 3451 1462 3522 τὴν
1491 3453 1598 3505 ἀπὸ
1633 3452 1727 3505 τοῦ
1766 3452 1870 3505 σώ-

288 3558 455 3611 ματος
488 3540 713 3594 ἐκείνων
758 3540 1023 3594 διάλυσιν.
1078 3540 1217 3609 Ἐγὼ
1266 3542 1323 3594 δὲ
1375 3542 1547 3595 ταῦτα
1594 3541 1865 3605 ἀκούσας,

282 3631 640 3703 ὀκνηρότερος
680 3633 779 3703 μὲν
820 3632 912 3685 ἐπὶ
952 3632 1011 3685 τὸ
1062 3633 1366 3704 ἐγχείρημα
1406 3632 1695 3705 ἐγενόμηνο
1732 3632 1869 3685 ἀλλά

282 3722 379 3791 τῆς
410 3721 687 3793 προτέρας
720 3721 930 3785 ἐννοίας
955 3722 1171 3792 ἐκείνης
1191 3722 1540 3776 παντάπασιν
1565 3722 1865 3794 ἀποστῆναι

284 3815 390 3867 οὐκ
416 3814 714 3885 ἠδυνάμην.

350 4012 443 4066 Vl.
477 4012 588 4065 Καὶ
610 4012 696 4064 ἴνα
733 4012 804 4083 μή
823 4029 905 4066 σοι
930 4011 1001 4065 τά
1018 4011 1239 4066 τοιαῦτα
1271 4014 1478 4086 μακρὸν
1496 4013 1763 4067 ἀποτείνω
1777 4014 1866 4067 λό⁴

280 4124 405 4178 γον,
452 4109 511 4163 ἐν
557 4106 831 4170 τοσούτοις
874 4106 1153 4177 λογισμοῖς
1201 4109 1294 4160 καὶ
1340 4108 1661 4179 πράγμασιν
1712 4107 1865 4170 ὄντος

286 4223 407 4275 μου,
450 4204 609 4275 φήμη
632 4217 715 4263 τις
761 4200 963 4271 ἠρέμα,
1007 4200 1256 4272 Τιϐερίου
1297 4200 1573 4272 Καίσαρος
1613 4200 1681 4253 τὰ
1730 4200 1863 4253 Ῥω-

285 4297 455 4367 μαῖκὰ
511 4296 789 4358 διέποντος
837 4292 1125 4363 σκῆπτρα,
1170 4291 1328 4363 ἔαρος
1372 4291 1473 4362 ἤδη
1534 4291 1859 4362 ἀρχομένου,

280 4390 510 4460 ηῦξανεν
533 4388 726 4440 ὁπόσαι
756 4387 978 4457 ἡμέραι,
1005 4384 1098 4438 καὶ
1128 4384 1204 4446 ὡς
1250 4383 1463 4454 ἀληθῶς
1503 4384 1677 4455 ἀγαθὴ
1724 4383 1857 4439 Θεοῦ

282 4451 508 4548 άγγελος
540 4477 677 4549 διῄει
697 4451 1047 4547 τδνοιόσμον,
1073 4476 1134 4528 τὸ
1159 4474 1253 4528 τοῦ
1285 4451 1420 4527 Θεοῦ
1452 4451 1579 4544 σιγῇ
1612 4451 1856 4543 βούλημα
1892 4451 1936 4507 Ῐ)

284 4571 492 4637 στέγειν
518 4569 579 4620 ού
605 4567 898 4636 ι’Ξυνξιιμένη⁹
946 4565 1143 4636 μᾶλλον
1170 4565 1224 4618 δὲ
1261 4566 1354 4617 xui.
1385 4564 1586 4618 πλείων
1619 4564 1857 4635 ἑκάστης

280 4660 492 4731 ἡμέρας
536 4659 628 4711 xui.
665 4659 865 4727 μείζων
908 4657 1146 4725 ἐγίνετο,
1193 4656 1425 4723 λέγουσα
1477 4653 1555 4720 ὣς
1592 4658 1677 4720 τίς
1726 4673 1857 4710 ποτε

281 4752 335 4803 ἐν
380 4750 612 4822 Ἰουδαίᾳ
658 4749 717 4815 ἐξ
765 4748 987 4819 ἐαρινῆς
1035 4748 1241 4819 τροπῆς
1290 4745 1467 4800 λαϐὼν
1507 4748 1606 4817 τὴν
1657 4748 1855 4818 ἀρχὴν,

292 4843 551 4895 Ἰουδαίαν
587 4842 629 4871 ⁸⁵
658 4841 755 4912 τὴν
785 4840 880 4893 τοῦ
903 4840 1072 4893 ἀϊδίου
1098 4838 1232 4891 Θεοῦ
1264 4838 1671 4907 εὐαγγελίζεται
1698 4839 1853 4908 βασι-

279 4933 442 4997 λείαν,
477 4928 547 5004 ἦς
568 4931 857 4985 ἀπολαύειν
888 4931 1067 5001 μέλλει
1098 4930 1163 4993 ¹⁶,
1198 4930 1291 4983 ἐάν
1314 4947 1400 4992 τις
1440 4928 1589 4999 αὐτῷ
1618 4930 1852 5001 ἀρίστην

277 5027 360 5079 διὰ
390 5027 611 5080 πάντων
631 5023 959 5094 ἐπιδείξηται
990 5022 1280 5075 πολιτείανο
1307 5020 1401 5074 τοῦ
1424 5021 1481 5074 δὲ
1500 5020 1852 5075 πιστεύεσθαι

280 5119 435 5170 αὑτὸν
491 5118 684 5188 χάριν,
732 5117 814 5168 ὅτι
866 5114 1116 5185 θεότητος
1166 5113 1350 5183 γέμων
1391 5110 1565 5166 ταῦτα
1586 5111 1851 5175 διδάσκει,

280 5208 448 5262 πολλά
492 5209 792 5278 θαυμάσια,
823 5206 1023 5277 τέρατά
1061 5223 1120 5258 τε
1161 5206 1255 5257 xui.
1298 5207 1500 5275 σημεῖα
1530 5204 1845 5275 ἐργάζεται,

282 5304 479 5373 ῥήματι
508 5302 654 5372 μόνῳ
693 5302 907 5369 κωφοὺς
944 5299 1159 5353 ἀκούειν
1203 5298 1373 5351 ποιῶν
1394 5337 1407 5360 ,
1434 5298 1665 5365 τυφλοὺς
1712 5298 1846 5350 ἀνα-

280 5394 515 5457 ϐλέπειν,
549 5394 753 5464 χωλοὺς
795 5396 1132 5463 περιπατεῖν,
1175 5392 1268 5445 xui.
1313 5392 1490 5445 πᾶσαν
1521 5389 1674 5443 νόσον
1708 5390 1849 5443 ἀπε-

1969 3358 2136 3413 etiam
2183 3373 2307 3427 qua:
2350 3359 2418 3413 ad
2461 3359 2608 3427 piutn
2644 3360 2849 3414 cultum
2899 3362 3174 3429 pertinent
3229 3360 3426 3431 (cujus
3464 3362 3545 3416 rei

1970 3452 2143 3521 gratia
2192 3452 2323 3507 talia
2375 3468 2664 3521 aggressus
2699 3452 2925 3524 fueris),
2959 3470 3067 3508 non
3093 3454 3207 3524 jam
3256 3455 3354 3509 tibi
3407 3456 3545 3511 bene

1970 3558 2197 3598 cessura
2228 3543 2502 3598 existimo.
2541 3540 2882 3597 Divinitatem
2917 3547 3061 3598 enim
3103 3546 3257 3599 aiunt
3287 3544 3541 3601 infestam

1970 3650 2091 3691 esse
2124 3636 2212 3701 iis,
2245 3636 2337 3705 qui
2373 3636 2621 3701 animas,
2664 3649 2954 3706 postquam
2997 3655 3026 3691 a
3059 3638 3385 3706 corporibus
3427 3642 3545 3696 suis

1968 3728 2251 3784 dissolutae
2278 3736 2427 3793 sunt,
2449 3737 2666 3781 vexant.
2687 3727 2799 3798 Ego
2820 3744 2944 3782 vero
2974 3731 3056 3784 his
3083 3730 3305 3793 auditis,
3324 3732 3540 3801 segnior

1969 3822 2187 3892 quidem
2220 3822 2286 3876 ad
2321 3823 2659 3891 propositum
2704 3823 2881 3879 factus
2925 3841 3072 3888 sum,
3116 3827 3208 3880 sed
3247 3826 3336 3880 illa
3374 3841 3545 3899 sape-2

1967 3914 2114 3969 riore
2142 3915 2474 3985 cogitatione
2524 3916 2747 3969 omnino
2776 3932 2884 3970 non
2913 3928 3158 3986 poteram
3197 3917 3486 3977 absistere.

2036 4004 2127 4061 Vl.
2166 4006 2246 4062 Ac
2270 4023 2337 4061 ne
2368 4007 2436 4063 de
2465 4008 2550 4063 his
2581 4008 2680 4062 tibi
2709 4009 2930 4078 longum
2962 4023 3271 4065 sermonem
3302 4010 3496 4068 faciam
3520 4056 3541 4081 ,

1966 4112 2089 4152 eum
2120 4099 2174 4153 in
2208 4099 2407 4154 talibus
2449 4099 2983 4157 eonsiderationibtts
3038 4118 3103 4157 ac
3135 4104 3369 4173 negotiis
3412 4120 3537 4159 ver-

1966 4205 2147 4257 sarer,
2184 4190 2403 4245 Tiberio
2444 4189 2662 4245 Caesare
2696 4190 2940 4247 Romana
2984 4203 3192 4263 sceptra
3249 4204 3537 4264 tractante,

1965 4294 2089 4352 post
2150 4283 2363 4337 initium
2419 4282 2587 4352 veris,
2631 4281 2777 4339 fama
2821 4286 3067 4354 quaedam
3110 4285 3312 4340 sensim
3345 4286 3539 4341 diebus

1966 4376 2195 4444 singulis
2238 4374 2566 4444 percrebuit,
2597 4386 2653 4432 et
2701 4391 2886 4431 revera
2940 4377 3116 4432 bonus
3164 4376 3257 4431 Dei
3311 4379 3538 4433 nuntius

1966 4464 2226 4521 mundun!
2266 4467 2524 4536 pervasit,
2564 4466 2655 4521 Dei
2700 4469 3037 4522 voluntatem
3089 4468 3309 4524 silentio
3358 4478 3539 4540 tegere

1966 4573 2071 4611 non
2120 4558 2308 4612 valens
2341 4559 2472 4612 :sed
2523 4566 2576 4611 et
2629 4573 2722 4627 per
2770 4559 3012 4625 singulos
3047 4559 3163 4613 dies
3210 4560 3443 4630 amplior
3484 4571 3540 4616 ct

1964 4649 2141 4719 major
2165 4650 2346 4714 fiebat,
2380 4650 2458 4703 sic
2486 4646 2726 4705 referens
2755 4649 3023 4716 :Quidam
3058 4651 3111 4705 in
3141 4651 3348 4717 Judtea,
3381 4654 3537 4709 initio

1964 4753 2181 4812 sumpto
2213 4758 2243 4796 a
2276 4758 2445 4796 verno
2472 4751 2737 4812 tempore,
2783 4744 2969 4798 τειρτηί
3015 4744 3107 4799 Dei
3154 4761 3377 4817 regnum
3402 4747 3535 4801 inibi

1961 4836 2239 4905 praedicat,
2286 4837 2438 4905 quod
2484 4848 2839 4906 percepturus
2872 4838 2965 4903 sit,
3006 4839 3098 4908 qui
3140 4840 3398 4909 optimam
3440 4856 3539 4911 per

1960 4930 2141 4982 omnia
2188 4929 2351 4981 vitam
2404 4927 2505 4996 ipsi
2551 4928 2826 4983 exhibebit
2858 4946 2871 4981 :
2900 4940 2961 4984 ut
3009 4939 3190 4984 autem
3248 4931 3531 4991 credatur,

1959 5034 2083 5073 eum
2109 5020 2411 5074 divinitatis
2438 5020 2658 5090 plenum
2683 5020 2879 5077 docere
2922 5021 3099 5096 ista,"
3168 5024 3339 5077 multa
3370 5023 3537 5075 mira-

1961 5110 2110 5172 bilia,
2138 5108 2383 5178 prodigia
2426 5117 2480 5161 et
2503 5108 2658 5178 signa
2698 5109 2829 5173 edit,
2863 5111 2983 5165 solo
3011 5112 3174 5167 verbo
3205 5112 3409 5167 faciens
3438 5127 3536 5165 au—

1958 5202 2073 5256 dire
2119 5202 2337 5265 surdos,
2386 5216 2557 5256 caecos
2600 5201 2804 5269 videre,
2847 5204 3073 5260 claudos
3115 5206 3430 5268 ambulare;
3480 5219 3536 5264 et

1957 5310 2176 5349 omnem
2226 5293 2476 5346 morbum
2530 5293 2782 5362 depellit,
2833 5310 3164 5365 omnemque
3228 5296 3529 5354 daemonem

1957 5384 2108 5455 fugat
2139 5401 2151 5437 :
2185 5383 2485 5453 quinetiam
2519 5383 2720 5453 leprosi
2761 5384 2977 5439 eminus
3013 5394 3221 5440 tantum
3259 5387 3532 5447 intuentes

1533 5506 1765 5561 VARle
1795 5500 2198 5558 LECTIONES.

353 5631 398 5663 "
424 5631 495 5683 al.
546 5630 947 5699 νεκυομαντίαν.
1028 5639 1071 5679 ιι
1105 5630 1169 5683 ul.
1210 5628 1375 5698 αὐτὴν
1399 5629 1495 5680 ὅτι.
1580 5630 1623 5665 ιδ
1658 5628 1726 5682 al.
1764 5626 1933 5679 ἔσται.

282 5717 329 5767 v,
364 5717 411 5755 c.
448 5702 532 5756 10.

2035 5622 2075 5655 ιδ
2112 5621 2181 5677 al.
2234 5616 2523 5680 Ἰουδαίοις.
2608 5619 2650 5650 ⁸⁸
2678 5617 2745 5679 al.
2786 5618 2959 5685 λέγει.
3045 5618 3086 5649 ¹⁷
3130 5618 3167 5675 1.
3230 5612 3445 5682 Recogn.
3485 5620 3528 5684 ι,
