4022 6336
313 344 413 398 ΠῚ

1122 343 1576 401 CLEMENTINA.
1614 376 1683 384 —
1720 342 2017 399 EPITOME
2054 345 2139 400 DE
2161 344 2402 402 GESTIS
2438 345 2494 400 S.
2527 344 2752 401 PETRI.

3449 348 3553 405 478

307 466 479 520 ἐλθών
504 483 565 519 τε
596 468 690 521 καὶ
709 466 981 540 ἀναχθεὶς,
1014 466 1228 538 ἀνέμων
1255 468 1607 531 ἀντιπνοίαις,
1645 468 1762 521 ἀντὶ
1782 466 1875 521 τοῦ

1980 468 2045 521 ad
2078 483 2226 524 mare
2270 469 2590 539 properavi;
2638 476 2692 523 et
2738 468 2792 522 in
2822 466 3054 524 Pontum
3091 484 3346 536 vemens,
3389 482 3551 541 atque

306 556 389 617 είς
433 554 694 611 Ἰουδαίαν
719 561 977 630 κατᾶραι,
1003 558 1344 631 προσώκειλα
1370 562 1438 630 τῇ
1486 557 1876 629 Ἀλεξανδρείᾳ.

317 642 470 698 Ἐκεῖ
507 646 566 701 δέ
615 649 941 717 συνεφοίτων
992 653 1105 712 τοῖς
1151 650 1460 721 φιλοσόφοις
1482 690 1499 716 ,
1556 649 1880 721 πνευμάτων

303 736 575 808 ἐπηρείας
598 738 696 809 ἤδη
729 756 818 817 μοι
853 739 945 793 τὸν
984 739 1151 793 πλοῦν
1181 740 1504 813 ἐπεχούσης,
1528 742 1622 795 καὶ
1655 740 1724 793 τά
1754 742 1881 812 περὶ

300 828 407 898 τῆς
436 830 647 900 φήμης,
674 830 739 901 ἣν
764 832 790 883 ἐ
824 831 1011 898 φανεὶς
1031 832 1089 883 ἐν
1122 830 1305 902 Ῥώμῃ
1330 832 1619 902 διήγγειλε,
1644 830 1739 885 καὶ
1759 830 1880 884 τίνα

299 937 365 988 γε
392 918 427 973 ἃ.
457 922 839 989 καταγγέλλοι,
882 922 1067 991 σαφῶς
1098 923 1305 977 ἕκαστα
1337 923 1653 991 καταλέγειν
1674 922 1872 993 ἠξίουν.

300 1012 366 1064 Ol
395 1011 473 1073 δέ,
514 1012 757 1065 Φανέντα
803 1014 921 1083 μὲν,
968 1010 1139 1081 εἷπον,
1186 1014 1243 1065 ἐν
1294 1013 1478 1085 Ῥώμῃ
1523 1014 1721 1067 τοιόνδε
1760 1014 1879 1068 τινὰ

297 1102 435 1165 δλως
473 1103 575 1155 οὐκ
611 1102 787 1174 ίσμεν⁸
820 1104 949 1175 περὶ
972 1104 1027 1157 δὲ
1055 1102 1149 1157 τοῦ
1193 1105 1253 1157 ἐν
1299 1104 1529 1179 Ἰουδαίᾳ
1561 1102 1875 1174 γενομένου,

300 1194 394 1244 καὶ
421 1192 554 1245 Υίοῦ
584 1192 718 1246 Θεοῦ
762 1194 865 1247 ὑπὸ
901 1195 1003 1265 τῆς
1030 1196 1218 1267 φήμης
1254 1194 1680 1266 κηρυττομένου,
1728 1191 1876 1263 παρά

298 1284 509 1337 πολλῶν
558 1285 667 1338 τῶν
720 1286 927 1340 ἐκεῖθεν
970 1286 1301 1357 ἐληλυθότων
1320 1325 1335 1350 ,
1388 1285 1720 1357 ἠκούσαμεν,
1779 1280 1897 1337 καῖ’

299 1376 428 1445 περὶ
462 1375 682 1430 πάντων
701 1370 776 1431 ὧν
807 1376 980 1430 ἐποίει
1015 1376 1109 1433 καὶ
1143 1376 1284 1450 ψιλῷ
1309 1377 1388 1450 τῷ
1428 1378 1631 1451 ῥήματι
1660 1374 1873 1446 θαυμα-

300 1465 431 1524 σίων
465 1466 765 1538 ἐμάθομεν.

365 1645 458 1702 ιΧ.
477 1647 644 1719 Ἑμοῦ
663 1649 719 1703 δέ
744 1650 1005 1714 είπόντος·
1022 1650 1322 1723 ἐϐουλόμην
1335 1650 1440 1704 τινὶ
1457 1650 1566 1705 τῶν
1579 1651 1625 1682 ’⁸
1637 1647 1875 1722 ἑωρακό-

295 1758 404 1793 των
436 1740 600 1794 αὑτὸν
624 1742 1003 1810 συγγενέσθαι,
1032 1742 1127 1796 καὶ
1146 1743 1247 1796 ὅσα
1267 1741 1418 1796 ποθῶ
1442 1741 1629 1812 μαθεῖν
1641 1739 1870 1795 ἀκοῦσαι

1982 559 2314 625 subvectus,
2362 560 2538 614 ventis
2586 559 3031 623 adversantibus,
3090 576 3191 631 pro
3243 559 3429 617 Judaaa
3481 577 3547 618 au

1980 666 2145 720 quam
2196 649 2393 706 deferri
2441 651 2755 719 cupiebam,
2798 652 3178 708 Alexandriam
3231 655 3433 724 appuli.
3473 655 3545 709 lbi

1980 752 2163 797 autem
2236 743 2302 797 ad
2380 742 2733 811 philosophos
2809 744 3135 800 ventilabam
3221 747 3546 816 (ventorum

1980 831 2177 902 quippe
2208 832 2290 885 vis
2313 830 2488 885 adhuc
2510 831 2905 900 navigationem
2933 831 3252 901 inhibebat),
3278 833 3548 903 petebam-

1978 938 2086 994 que
2120 930 2180 977 ut
2234 922 2448 992 singula
2499 923 2645 977 clare
2692 931 3013 977 enarrarent
3063 924 3130 977 de
3185 939 3250 978 eo
3304 941 3543 990 rumore,

1978 1031 2139 1086 quem
2172 1016 2218 1071 is
2248 1016 2341 1086 qui
2371 1014 2558 1071 Romae
2591 1025 2916 1087 conspectus
2938 1014 3114 1070 fuerat
3145 1017 3541 1082 annuntiasset,

1978 1121 2043 1162 ac
2073 1118 2319 1177 quzenam
2362 1108 2452 1161 ille
2489 1107 2840 1176 divulgasset.
2876 1106 2946 1160 At
2980 1108 3054 1160 illi
3099 1109 3496 1176 responderunt
3528 1126 3542 1162 :

1976 1198 2127 1255 Talis
2156 1198 2423 1270 quispiam
2456 1214 2523 1251 an
2551 1197 2736 1251 Romae
2774 1198 2925 1251 visus
2959 1195 3141 1262 fuerit,
3172 1198 3333 1267 plane
3363 1199 3544 1254 nesci-

1976 1306 2134 1357 mus;
2170 1290 2237 1345 de
2280 1304 2346 1344 eo
2392 1299 2572 1344 autem
2611 1289 2702 1358 qui
2745 1290 2797 1342 in
2839 1287 3023 1343 Iudaea
3068 1288 3249 1359 degit,
3294 1301 3347 1343 et
3374 1288 3545 1344 Filius

1976 1379 2069 1435 Dei
2100 1395 2220 1435 esse
2242 1395 2271 1433 a
2301 1378 2443 1433 fama
2475 1379 2821 1449 praadicatur,
2854 1378 3163 1434 audivimus
3190 1394 3219 1431 a
3242 1378 3428 1433 multis
3451 1379 3543 1451 qui

1976 1470 2123 1524 illinc
2154 1477 2439 1535 venerunt,
2474 1478 2526 1523 et
2567 1469 2932 1523 intelleximus
2967 1470 3033 1523 de
3062 1468 3404 1525 mirabilibus
3428 1484 3548 1525 om-

1974 1561 2137 1615 nibus
2163 1576 2283 1629 qure
2314 1560 2431 1614 solo
2452 1560 2613 1613 etiam
2641 1559 2805 1613 verbo
2835 1559 3023 1613 edidit.

2045 1647 2134 1701 IX.
2161 1648 2227 1702 Et
2254 1663 2377 1703 cum
2409 1648 2646 1702 dicerem
2668 1663 2865 1717 cupere
2895 1662 2980 1701 me
3011 1648 3065 1700 in
3090 1647 3423 1717 colloquium
3453 1664 3547 1704 ve-

1974 1741 2092 1795 nire
2119 1756 2243 1795 cum
2276 1740 2461 1810 aliquo
2492 1754 2685 1794 eorum
2730 1739 2824 1809 qui
2866 1739 3015 1793 illum
3061 1738 3345 1806 vidissent,
3381 1749 3544 1811 atque

296 1832 424 1901 περὶ
454 1832 641 1897 αὐτοῦ,
678 1832 1036 1896 ὑπολαϐόντες
1063 1834 1278 1897 ἐκεῖνοι,
1316 1834 1471 1886 Ἐστι
1502 1851 1588 1897 τις
1623 1833 1873 1893 ἐνταῦθα.

1976 1831 2044 1887 de
2070 1847 2135 1886 eo
2167 1832 2355 1886 audire
2377 1845 2714 1901 quzeeunque
2740 1831 2880 1885 scire
2903 1845 3187 1899 cuperem;
3214 1831 3545 1901 excipientes

294 1922 482 1990 φασιν,
514 1923 578 1976 οὐ
614 1924 770 1993 μόνον
797 1925 1088 1995 ἱστορήσας
1110 1924 1293 1985 αὑτὸν,
1326 1923 1460 1977 ἀλλά
1484 1926 1577 1977 καὶ
1605 1926 1703 1995 τῆς
1736 1926 1877 1977 ἐκεῖ·

292 2013 382 2067 θεν
415 2016 525 2085 γῆς
554 2015 836 2087 ὑπάρχων,
872 2016 1013 2087 ἀνὴρ
1034 2015 1215 2085 τίμιος
1238 2016 1459 2086 ὀνόματι
1482 2015 1785 2085 Βαρνάϐας,
1816 2016 1876 2079 ὃς

291 2104 385 2157 ἕνα
411 2108 511 2159 καὶ
539 2106 651 2158 τῶν
695 2105 859 2159 αὐτοῦ
894 2106 1149 2177 μαθητῶν
1180 2106 1369 2159 ἐαυτὸν
1396 2102 1536 2160 εἶναι
1574 2104 1743 2175 λέγει,
1780 2106 1874 2159 καὶ

290 2198 530 2251 ἐνταῦθά
575 2216 679 2251 που
726 2198 1104 2270 καθεζόμενος,
1136 2197 1206 2251 τά
1234 2200 1362 2268 παρ’
1385 2198 1590 2251 ἐκείνου
1632 2200 1873 2269 ὑπεσχη-

291 2288 430 2358 μένα
470 2291 583 2351 τοῖς
627 2288 737 2341 τῶν
772 2289 1029 2344 τοιούτων
1079 2290 1281 2357 ἀξίοις,
1312 2290 1543 2361 ἐτοίμως
1584 2289 1661 2361 τῷ
1691 2289 1875 2360 βουλο-

292 2380 440 2451 μένῳ
469 2378 711 2444 διέξεισι.
738 2381 848 2433 Καὶ
871 2380 1009 2450 δῆτα
1034 2381 1127 2434 τὸν
1154 2380 1317 2433 τόπον
1346 2380 1666 2434 καταλαϐὼν
1696 2383 1776 2445 είς
1812 2382 1871 2435 δν

286 2472 315 2528 ὁ
340 2470 485 2541 ἀνὴρ
523 2468 702 2523 είώθει
735 2470 1080 2535 καθέζεσθαι,
1120 2472 1215 2525 καὶ
1248 2470 1411 2542 μέρος
1455 2471 1548 2524 καὶ
1576 2470 1736 2533 αὐτὸς
1775 2471 1869 2524 τοῦ

289 2561 719 2632 πριεστηκότος
761 2563 998 2634 πλήθους
1031 2563 1342 2634 γενόμενος,
1386 2565 1551 2636 ἔστην
1584 2566 1870 2619 ἐπακούων

286 2654 396 2706 τῶν
428 2652 759 2723 λεγομένων,
790 2655 884 2707 καὶ
920 2655 1200 2708 συνενόουν
1235 2655 1444 2727 τάληθῆ
1469 2657 1529 2709 ού
1559 2656 1866 2731 διαλεκτικῇ

288 2745 397 2797 τιν)⁸
434 2744 599 2815 τέχνη
630 2744 948 2800 διδάσκοντα
975 2746 1185 2811 τοῦτον,
1217 2746 1330 2800 ἀλλ’
1361 2748 1869 2820 ἀπαρασκευάστως

286 2836 432 2890 οὕτω
452 2839 550 2890 καὶ
572 2836 758 2901 ἀπλῶς
784 2837 1161 2919 ἐκτιθέμενοι),
1177 2839 1211 2892 δι
1230 2857 1289 2891 τε
1313 2840 1513 2910 ἢκουσε
1540 2841 1632 2894 καὶ
1654 2840 1866 2912 ἐώρακε

286 2928 374 2981 τὸν
402 2927 500 2980 τοῦ
532 2927 667 2980 Θεοῦ
697 2928 932 2997 φανέντα
962 2930 1089 2983 Υίὸν
1114 2931 1471 3001 πεποιηκέναι
1499 2949 1559 2984 τε
1589 2933 1683 2985 καὶ
1717 2934 1869 3005 είρη-

286 3021 462 3091 κέναι.
494 3020 732 3085 Πολλοὺς
758 3021 815 3075 δὲ
860 3022 1142 3093 μάρτυρας
1170 3023 1278 3077 τῶν
1314 3024 1404 3076 ὑπ’
1435 3022 1599 3076 αὑτοῦ
1636 3024 1866 3095 λεγομέ-

1975 1923 2051 1978 illi
2085 1924 2341 1979 dixerunt
2370 1939 2384 1975 :
2418 1922 2515 1977 Est
2546 1923 2635 1976 hic
2662 1922 2905 1991 quidam,
2942 1922 3036 1992 qui
3067 1938 3176 1976 non
3206 1923 3381 1977 solum
3409 1924 3546 1978 vidit

1975 2031 2121 2081 eum,
2154 2016 2245 2070 sed
2282 2024 2337 2069 et
2378 2030 2445 2068 ex
2491 2026 2556 2068 ea
2592 2014 2814 2082 regione
2859 2014 3128 2068 oriundus
3150 2024 3254 2079 est,
3284 2014 3542 2080 eximius,

1974 2108 2195 2162 nomine
2236 2106 2538 2172 Barnabas,
2580 2106 2673 2176 qui
2721 2121 2781 2159 se
2825 2104 2988 2159 etiam
3018 2106 3091 2159 ait
3126 2122 3295 2160 unum
3324 2122 3447 2163 esse
3476 2124 3543 2163 ex

1973 2198 2256 2268 discipulis
2286 2198 2468 2263 illius;
2516 2205 2570 2252 et
2611 2197 2697 2252 hic
2727 2196 2928 2249 alicubi
2959 2197 3173 2263 sedens,
3201 2214 3322 2268 quae
3351 2200 3420 2253 ab
3449 2200 3545 2254 illo

1972 2293 2243 2364 promissa
2276 2300 2425 2358 sunt,-
2457 2290 2647 2345 talium
2696 2288 2900 2359 dignis,
2948 2289 2998 2342 ei
3046 2289 3139 2359 qui
3187 2290 3313 2344 velit
3358 2301 3544 2346 narrat

1973 2387 2134 2441 ultro.
2166 2384 2231 2440 Et
2258 2384 2476 2455 quidem
2506 2382 2574 2436 ad
2602 2382 2781 2435 locum
2809 2379 2864 2433 in
2885 2380 2996 2450 q'uo
3021 2382 3103 2434 vir
3134 2381 3324 2437 sedere
3346 2382 3543 2438 solitus

1971 2485 2090 2531 erat
2129 2476 2275 2540 veni,
2311 2484 2474 2543 atque
2494 2474 2611 2543 ipse
2639 2486 2856 2541 quoque
2882 2486 3009 2539 pars
3040 2470 3115 2526 fui
3138 2472 3543 2527 circumstantis

1970 2564 2356 2630 multitudinis,
2384 2564 2617 2633 stetique
2639 2563 2868 2620 audiens
2915 2580 3037 2636 quae
3074 2564 3287 2618 dicebat
3318 2580 3330 2615 :
3366 2580 3431 2618 ac
3458 2565 3543 2618 in-

1973 2656 2152 2711 tellexi
2182 2670 2308 2709 vera
2352 2670 2477 2709 eum
2527 2670 2634 2708 non
2683 2653 2967 2711 dialectica
3012 2656 3124 2711 ulla
3157 2664 3273 2708 arte
3320 2654 3539 2719 docere,

1970 2746 2066 2803 sed
2095 2746 2231 2800 adeo
2259 2745 2374 2799 sine
2406 2744 2868 2814 praemeditatione
2909 2763 2974 2803 ac
3015 2745 3335 2815 simpliciter
3375 2760 3543 2814 expo-

1970 2860 2100 2899 nere
2128 2858 2251 2914 quaz
2274 2842 2519 2897 audierat
2543 2851 2596 2897 et
2630 2844 2839 2899 viderat
2870 2844 2964 2899 Dei
2997 2843 3216 2907 Filium,
3250 2843 3344 2912 qui
3375 2857 3541 2912 appa-

1968 2937 2099 3002 ruit,
2131 2935 2327 2990 fecisse
2356 2949 2419 2989 ac
2446 2934 2677 2990 dixisse.
2711 2934 2912 2991 Multos
2940 2945 3119 2991 autem
3151 2944 3318 2989 testes
3355 2934 3543 2989 verbo-

1967 3044 2090 3083 rum
2122 3042 2186 3082 ac
2218 3026 2553 3081 mirabilium
2586 3043 2709 3098 quae
2755 3028 2824 3082 ah
2859 3029 2978 3098 ipso
3007 3026 3445 3099 proferebantur,
3471 3042 3540 3081 ex

288 3130 395 3167 νων
422 3112 743 3185 θαυμασίων
770 3131 826 3167 τε
856 3116 949 3169 καὶ
974 3114 1164 3183 λόγων,
1185 3114 1244 3182 ἐξ
1262 3114 1427 3169 αὑτοῦ
1459 3115 1553 3177 τοῦ
1585 3118 1867 3189 παρεστῶ-

1970 3121 2088 3192 ipsa
2118 3119 2407 3175 assistente
2438 3120 2591 3190 plebe
2616 3120 2972 3191 producebat.

283 3222 375 3269 τος
402 3205 567 3275 ὄχλου
598 3224 674 3259 πα
680 3207 907 3277 ρείχετο.

350 3296 423 3351 Χ.
473 3298 622 3351 Ἐπεὶ
642 3297 698 3350 δὲ
728 3298 865 3369 πρὸς
891 3297 958 3351 τά
979 3299 1108 3369 παρ’
1130 3296 1294 3352 αὐτοῦ
1330 3298 1691 3370 ἀπανούργως
1718 3300 1869 3369 λεγό-

290 3408 425 3462 μενα
458 3390 632 3461 ἡδέως
673 3391 722 3442 οἱ
751 3390 896 3460 ὄχλοι
922 3390 1213 3453 διέκειντο,
1249 3391 1300 3444 οἱ
1346 3392 1411 3443 ἐκ
1457 3391 1706 3455 παιδείας
1777 3411 1871 3448 κο·-

288 3482 491 3552 σμικῆς
535 3479 844 3552 ὁρμώμενοι
900 3480 1209 3551 φιλόσοφοι,
1256 3480 1532 3552 χλευάζειν
1560 3483 1722 3537 αὐτὸν
1776 3485 1870 3538 καὶ

285 3574 450 3644 γελᾷν
494 3573 829 3643 ἐπειρῶντο,
862 3572 1204 3637 σκώπτοντες
1244 3574 1467 3646 ἀμέτρῳ
1514 3574 1724 3646 θράσει,
1776 3577 1869 3630 καὶ

285 3665 651 3737 διασύροντες,
682 3666 775 3717 καὶ
804 3659 890 3717 οἷα
938 3665 1192 3736 μεγάλοις
1240 3665 1423 3729 ὅπλοις
1469 3669 1582 3729 τοῖς
1627 3652 1869 3736 συλλογι-

290 3760 449 3826 σμοῖς
478 3759 601 3810 κατ’
620 3756 783 3809 αὑτοῦ
812 3758 1099 3829 χρώμενοι.
1119 3758 1176 3811 Ὁ
1196 3758 1252 3811 δὲ
1278 3756 1663 3828 ἀπωθούμενος
1691 3759 1869 3813 αὐτῶν

286 3847 376 3901 τὸν
421 3849 609 3920 λῆρον,
647 3850 708 3902 ού
748 3850 1066 3923 συνέτρεχεν
1105 3849 1284 3903 αὐτῶν
1314 3852 1380 3921 τῇ
1412 3849 1703 3921 πανούργῳ
1738 3850 1869 3903 πεύ-

288 3956 390 4003 σει,
422 3940 559 3992 ἀλλά
580 3941 674 3993 καὶ
701 3940 1120 4012 ἀκατάπληκτος
1148 3941 1223 3993 ὣν
1243 3941 1420 4011 λέγειν
1450 3943 1549 3995 οὐκ
1579 3942 1864 4011 ἀφίστατο.

289 4032 395 4084 Καί
444 4032 581 4085 ποτέ
624 4049 707 4095 τις
745 4032 1044 4098 διαπαίζων
1090 4032 1248 4105 δῆθεν
1300 4032 1463 4086 αὑτὸν
1516 4032 1862 4087 ἐπυνθάνετο·

289 4126 382 4178 Διά
412 4126 487 4187 τί,
518 4118 565 4177 ὦ
590 4125 678 4177 νέε
698 4124 1004 4187 διδάσκαλε,
1035 4123 1235 4196 κώνωψ
1268 4125 1504 4193 ἐγένετο,
1539 4126 1633 4177 καὶ
1663 4123 1861 4197 βραχύ-

286 4233 447 4280 τατος
473 4217 573 4280 ὢν,
623 4216 684 4281 ἐξ
712 4217 877 4280 πόδας
908 4217 1044 4287 ἔχων
1090 4218 1185 4272 καὶ
1230 4216 1407 4288 πτερά
1452 4216 1639 4288 φέρειο
1670 4216 1867 4286 ἐλέφας

286 4308 339 4363 δέ
384 4310 447 4363 τὸ
492 4310 747 4381 μέγιστον
778 4310 914 4374 ζῶον
951 4310 1185 4380 ἄπτερος
1215 4308 1318 4373 ῶν,
1358 4308 1631 4381 τέσσαρας
1675 4308 1868 4380 μόνους

289 4401 396 4471 ἔχει
426 4402 626 4466 πόδας;
661 4401 717 4453 '0
745 4400 801 4454 δέ
822 4400 919 4472 τὴν
937 4400 1283 4454 διδασκαλίαν
1311 4400 1449 4471 πρὸς
1472 4400 1569 4471 τὴν
1599 4399 1865 4471 ἐρώτησιν

2039 3295 2109 3352 Χ.
2142 3294 2341 3351 Verum
2373 3298 2501 3369 quia
2526 3298 2593 3351 ad
2635 3313 2698 3353 ea
2731 3313 2853 3367 qua:
2884 3298 2952 3352 ab
2994 3296 3112 3368 ipso
3139 3297 3367 3353 candide
3393 3298 3542 3354 dice-

1969 3388 2192 3454 bantur,
2230 3389 2462 3444 libenter
2501 3389 2733 3459 populus
2763 3389 3172 3459 acquiescebat;
3204 3390 3539 3459 philosophi,

1970 3490 2158 3550 utpote
2187 3481 2280 3551 qui
2304 3497 2371 3536 ex
2406 3482 2633 3551 hujusce
2666 3482 2854 3535 mundi
2885 3481 3170 3551 disciplina
3203 3482 3539 3551 prodierant,

1972 3572 2238 3626 ludificari
2270 3586 2394 3626 eum
2418 3588 2480 3625 ac
2508 3572 2686 3627 ridere
2713 3572 3085 3639 ordiebantur,
3122 3572 3411 3626 immodica
3442 3587 3542 3626 au-

1969 3663 2124 3717 dacia
2171 3663 2485 3717 cavillantes
2525 3670 2687 3732 atque
2730 3663 2946 3732 probris
2976 3664 3329 3729 incessentes,
3361 3671 3415 3717 et
3443 3661 3544 3716 ad.

1968 3768 2158 3808 versus
2177 3770 2299 3808 eum
2328 3762 2538 3808 utentes
2568 3754 2897 3826 syllogismis
2930 3764 3191 3823 tanquam
3234 3756 3404 3808 armis
3441 3769 3541 3823 po-

1971 3846 2233 3900 tentibus.
2266 3844 2337 3899 At
2368 3845 2455 3899 ille
2494 3845 2727 3914 ineptias
2763 3860 2953 3899 eorum
3002 3846 3285 3915 repellens,
3320 3854 3539 3901 versute

1970 3937 2211 4007 ipsorum
2239 3936 2650 4007 interrogationi
2695 3952 2803 3990 non
2844 3938 3185 4003 occurrebat,
3212 3954 3401 3991 verum
3435 3938 3539 3999 im-

1967 4034 2289 4105 perterritus
2321 4046 2431 4085 non
2465 4029 2749 4085 desinebat
2779 4029 2952 4099 loqui.
2988 4028 3052 4083 Et
3090 4029 3386 4099 aliquando
3412 4029 3539 4099 qui-

1966 4126 2090 4180 dam
2127 4123 2472 4195 jocabumlus
2512 4122 2739 4193 rogabat
2767 4136 2891 4175 eum
2927 4137 2941 4173 :
2975 4120 3173 4186 Quare,
3206 4135 3240 4174 ο
3270 4136 3407 4175 nove
3434 4121 3537 4176 do-

1966 4226 2105 4282 ctor,
2132 4217 2206 4271 ita
2258 4215 2435 4270 factus
2484 4222 2568 4270 est
2594 4213 2773 4277 culex,
2813 4212 3153 4267 utminimus
3185 4211 3453 4277 existens,
3482 4221 3538 4268 et

1965 4323 2060 4363 sex
2092 4306 2254 4377 pedes
2298 4306 2526 4372 habens,
2567 4306 2897 4374 insuperque
2931 4303 3048 4358 alas
3087 4310 3274 4372 gerat;
3314 4300 3563 4372 elephas

1964 4416 2117 4465 vero,
2145 4399 2442 4454 maximum
2473 4397 2699 4462 animal,
2728 4412 2852 4451 cum
2898 4404 3081 4450 careat
3124 4395 3226 4451 alis
3250 4435 3265 4461 ,
3300 4403 3537 4465 quatuor

295 4495 481 4565 μικρὸν
511 4494 773 4563 ἐπισχὼν,
795 4493 1048 4565 οὐδεμιᾶς
1077 4494 1257 4564 μέντοι
1275 4493 1354 4563 τῷ
1371 4494 1706 4566 ἐρωτήσαντι
1735 4493 1869 4564 πρὸς

1973 4502 2182 4548 tantum
2220 4492 2384 4563 pedes
2408 4492 2637 4545 habeat?
2669 4488 2763 4545 llle
2794 4498 2975 4545 autem
2999 4489 3247 4543 doctrina
3271 4488 3338 4542 ad
3370 4488 3538 4542 inten-

290 4586 457 4638 ταῦτα
505 4586 767 4657 μεταδοὺς
815 4585 1187 4656 ἀποκρίσεως,
1234 4585 1326 4637 τὸν
1375 4586 1469 4638 ἀπ’
1496 4585 1673 4656 ἀρχῆς
1719 4584 1867 4655 αὐτῷ

291 4679 646 4748 προκείμενον
693 4674 850 4741 αὖθις
893 4677 1230 4748 ἀνελάμϐανε
1276 4676 1450 4745 λόγον·
1497 4676 1670 4746 τούτῳ
1726 4676 1868 4747 μόνῳ

287 4770 558 4840 προοιμίῳ
603 4769 725 4823 καθ’
763 4769 1001 4840 ἑκάστην
1029 4768 1268 4840 ἐγκοπὴν
1313 4766 1621 4839 χρώμενος’
1681 4768 1869 4837 Ἡμεῖς

286 4862 377 4915 τοῦ
408 4862 725 4933 πέμψαντος
743 4864 891 4933 ἡμᾶς
919 4862 1047 4931 τοὺς
1076 4860 1267 4929 λόγους
1295 4858 1501 4922 καὶτὰς
1534 4857 1869 4929 θαυμασίους

287 4956 517 5026 πράξεις
568 4957 743 5009 εἰπεῖν
773 4956 901 5025 ὑμῖν
935 4954 1095 5025 μόνον
1124 4952 1318 5023 ἔχομεν
1348 4951 1594 5020 ἐντολὴν,
1626 4951 1721 5004 καὶ
1748 4951 1867 5003 ἀντὶ

286 5048 385 5118 τῆς
416 5046 645 5116 λογικῆς
684 5044 1009 5109 ἀποδείξεως
1059 5044 1340 5116 μάρτυρας
1381 5042 1693 5114 παρέχομεν
1739 5042 1867 5111 ύμῖν

287 5139 660 5194 τῶν”ἐνταῦθα
707 5137 1072 5209 παρεστώτων
1100 5136 1344 5199 πολλούς’
1380 5133 1566 5187 λοιπὸν
1606 5133 1705 5203 τῆς
1734 5134 1868 5204 ὑμε-

287 5233 447 5303 τέρας
491 5232 641 5284 ἐστὶν
670 5217 956 5297 ἐξουσίας,
1008 5230 1248 5283 ὑπείκειν
1286 5229 1322 5299 ἢ
1368 5227 1633 5282 ἀπειθεῖν.
1662 5227 1769 5280 Τοῦ
1809 5229 1865 5283 δέ

288 5323 463 5392 λέγειν
492 5324 623 5394 ὑμῖν
650 5322 712 5374 τὸ
742 5322 1042 5393 συμφέρον,
1069 5323 1133 5375 ού
1160 5322 1474 5393 παύσομαι,
1504 5322 1585 5373 ὅτι
1614 5322 1739 5391 ἐμοὶ¹
1769 5323 1865 5392 μὲν

288 5415 459 5487 ζημία
488 5416 550 5469 τὸ
583 5418 820 5487 σιωπᾷν,
855 5416 981 5486 ὑμῖν
1014 5415 1070 5468 δέ
1103 5414 1164 5467 τὸ
1205 5414 1447 5467 ἀπειθεῖν
1479 5413 1671 5484 βλάϐη.
1714 5414 1862 5467 Ἐδυ-

289 5509 471 5580 νάμην,
500 5510 598 5581 μὲν
619 5504 713 5563 οὖν
742 5510 838 5562 καὶ
864 5507 1087 5563 είκαίων
1116 5507 1270 5578 ὑμῶν
1298 5506 1703 5578 προϐλημάτων
1732 5507 1865 5561 ἀπο-

289 5602 470 5655 δοῦναι
515 5603 614 5667 τὰς
656 5602 980 5673 ἀποδείξεις,
1008 5602 1121 5670 εἴγε
1159 5600 1467 5671 φιλαλήθως
1508 5599 1693 5671 ἐώρων
1722 5601 1863 5670 ὑμᾶς

291 5697 415 5765 περὶ
462 5695 665 5749 τούτων
712 5695 1171 5765 πυνθανομένους*
1222 5694 1476 5757 κώνωπος
1519 5694 1575 5746 δὲ
1615 5695 1706 5746 καὶ
1751 5693 1863 5745 ἐλέ-

293 5803 488 5857 φαντος
534 5790 634 5862 τὴν
679 5790 857 5843 αἰτίαν
901 5788 997 5859 τῆς
1047 5787 1301 5859 διαφόρου
1341 5786 1727 5861 δημιουργίας,
1768 5784 1861 5839 νῦν

1969 4589 2307 4657 rogationem
2340 4584 2616 4654 paulisper
2658 4581 2920 4647 cohibita,
2949 4581 3099 4635 nullo
3130 4592 3309 4635 tamen
3342 4579 3410 4634 de
3447 4579 3534 4635 bis

1966 4680 2093 4734 dato
2122 4691 2390 4747 responso
2435 4676 2503 4748 ad
2550 4690 2676 4730 eum
2708 4674 2801 4744 qui
2846 4674 3297 4741 interrogaverat,
3325 4686 3537 4727 sermo-

1966 4786 2090 4826 nem
2120 4785 2283 4840 quem
2328 4768 2398 4823 ab
2439 4768 2595 4822 initio
2643 4768 2749 4823 sibi
2793 4774 3156 4836 praposuerat
3202 4765 3531 4834 resumpsit;

1966 4862 2071 4917 hoc
2116 4862 2234 4916 solo
2279 4869 2438 4914 utens
2472 4859 2743 4929 prommio
2769 4858 2823 4911 in
2851 4871 3181 4926 unaquaque
3224 4855 3535 4925 interpella-

1966 4956 2114 5009 tione
2144 4952 2347 5007 :Nohis
2374 4952 2758 5007 demandatum
2791 4949 3132 5005 solummodo
3162 4956 3266 5013 est,
3294 4957 3355 5002 ut
3382 4946 3534 5001 vobis

1967 5060 2246 5102 sermones
2288 5060 2351 5099 ac
2398 5042 2669 5097 mirabilia
2719 5040 2861 5095 facta
2910 5040 3062 5093 illius
3106 5038 3201 5108 qui
3242 5036 3391 5092 misit
3432 5050 3535 5091 nos

1965 5152 2318 5202 enarremus;
2351 5150 2416 5189 ac
2462 5149 2559 5203 pro
2587 5132 3055 5187 demonstratione
3094 5130 3377 5184 dialectica
3401 5166 3417 5193 ,
3455 5135 3535 5181 te-

1966 5238 2074 5283 stes
2093 5227 2249 5281 vobis
2275 5226 2626 5295 producimus
2661 5238 2850 5277 eorum
2882 5222 2974 5292 qui
3008 5219 3098 5275 hic
3135 5220 3353 5274 adstant
3387 5218 3534 5271 mul-

1964 5328 2048 5373 tos
2089 5336 2102 5370 :
2133 5326 2385 5371 caeterum
2418 5316 2473 5371 in
2505 5324 2682 5369 vestra
2721 5321 2989 5383 potestate
3013 5320 3117 5375 est,
3156 5308 3408 5378 obsequi,
3444 5308 3533 5363 vel

1966 5410 2128 5465 tidem
2155 5424 2263 5464 non
2294 5407 2513 5462 habere.
2545 5405 2656 5475 Ego
2682 5413 2828 5459 certe
2857 5418 2965 5457 non
2994 5400 3222 5457 cessabo
3246 5400 3405 5455 vobis
3431 5416 3535 5454 ex-

1969 5514 2172 5565 ponere
2218 5498 2366 5569 quod
2423 5497 2554 5551 utile
2601 5504 2684 5549 est
2736 5511 2750 5547 :
2800 5493 3060 5562 quoniam
3118 5489 3251 5544 mihi
3310 5490 3532 5560 quidem

1965 5597 2223 5650 damnum
2278 5600 2395 5657 est,
2430 5599 2645 5652 tacere;
2694 5584 2848 5640 vobis
2886 5598 3013 5638 vere
3058 5596 3223 5647 noxa,
3259 5598 3368 5637 non
3412 5597 3533 5635 erc-

1965 5692 2110 5746 derc.
2140 5687 2403 5756 Equidem
2456 5696 2670 5753 possem
2725 5678 2948 5733 reddere
2996 5676 3235 5733 rationes
3293 5676 3531 5733 futilium

1966 5789 2269 5847 vestrarum
2327 5772 2721 5848 qumstionum,
2767 5769 2814 5825 si
2861 5768 3096 5824 viderem
3151 5787 3248 5830 vos
3291 5770 3359 5830 de
3412 5770 3532 5831 istis
