  <div class='ocr_page' id='page_1' title='image "/cluster/home/n/w/nwhite01/storage/ocr_20150623/2/hvd.32044073501249/245.png"; bbox 0 0 4022 6336; ppageno 0'>
   <div class='ocr_carea' id='block_1_1' title="bbox 448 267 2036 367">
    <p class='ocr_par' dir='ltr' id='par_1_1' title="bbox 448 267 2036 366">
     <span class='ocr_line' id='line_1_1' title="bbox 448 267 2036 366; baseline -0.004 0"><span class='ocrx_word' id='word_1_1' title='bbox 448 308 551 366; x_wconf 72' lang='grc' dir='ltr'><strong>ιτθ</strong></span> <span class='ocrx_word' id='word_1_2' title='bbox 815 267 836 284; x_wconf 62' lang='grc'><strong><em>⁸</em></strong></span> <span class='ocrx_word' id='word_1_3' title='bbox 1221 308 1281 366; x_wconf 93' lang='lat' dir='ltr'><strong>s.</strong></span> <span class='ocrx_word' id='word_1_4' title='bbox 1319 308 1708 366; x_wconf 73' lang='lat' dir='ltr'><strong>CLEMENTIS</strong></span> <span class='ocrx_word' id='word_1_5' title='bbox 1749 306 1769 361; x_wconf 96' lang='lat' dir='ltr'><strong>I</strong></span> <span class='ocrx_word' id='word_1_6' title='bbox 1808 307 1972 362; x_wconf 80' lang='lat' dir='ltr'><strong>nou.</strong></span> <span class='ocrx_word' id='word_1_7' title='bbox 2005 307 2036 360; x_wconf 65' lang='grc' dir='ltr'><strong>ιτ</strong></span> 
     </span>
    </p>
   </div>
   <div class='ocr_carea' id='block_1_2' title="bbox 2098 267 3686 367">
    <p class='ocr_par' dir='ltr' id='par_1_2' title="bbox 2098 305 3686 367">
     <span class='ocr_line' id='line_1_2' title="bbox 2098 305 3686 367; baseline 0.003 -7"><span class='ocrx_word' id='word_1_8' title='bbox 2098 305 2206 361; x_wconf 83' lang='grc' dir='ltr'><strong>ΝΤ.</strong></span> <span class='ocrx_word' id='word_1_9' title='bbox 2245 306 2472 361; x_wconf 82' lang='lat' dir='ltr'><strong>OPERA</strong></span> <span class='ocrx_word' id='word_1_10' title='bbox 2511 306 2738 367; x_wconf 74' lang='lat' dir='ltr'><strong>DUBIA.</strong></span> <span class='ocrx_word' id='word_1_11' title='bbox 3582 309 3686 366; x_wconf 62' lang='lat' dir='ltr'><strong>asc</strong></span> 
     </span>
    </p>
   </div>
   <div class='ocr_carea' id='block_1_3' title="bbox 449 425 2037 502">
    <p class='ocr_par' dir='ltr' id='par_1_3' title="bbox 449 429 2017 502">
     <span class='ocr_line' id='line_1_3' title="bbox 449 429 2017 502; baseline -0.003 -18"><span class='ocrx_word' id='word_1_12' title='bbox 449 429 696 486; x_wconf 75' lang='lat' dir='ltr'><strong>veritatis</strong></span> <span class='ocrx_word' id='word_1_13' title='bbox 725 429 906 486; x_wconf 89' lang='lat' dir='ltr'><strong>studio</strong></span> <span class='ocrx_word' id='word_1_14' title='bbox 927 431 1239 502; x_wconf 88' lang='lat' dir='ltr'><strong>percontari</strong></span> <span class='ocrx_word' id='word_1_15' title='bbox 1277 448 1292 485; x_wconf 87' lang='lat'><strong>:</strong></span> <span class='ocrx_word' id='word_1_16' title='bbox 1327 445 1516 485; x_wconf 88' lang='lat' dir='ltr'><strong>verum</strong></span> <span class='ocrx_word' id='word_1_17' title='bbox 1542 444 1766 485; x_wconf 85' lang='lat' dir='ltr'><strong>causam</strong></span> <span class='ocrx_word' id='word_1_18' title='bbox 1790 429 2017 484; x_wconf 80' lang='lat' dir='ltr'><strong>diversa:</strong></span> 
     </span>
    </p>
   </div>
   <div class='ocr_carea' id='block_1_4' title="bbox 2102 425 3690 502">
    <p class='ocr_par' dir='ltr' id='par_1_4' title="bbox 2124 425 3690 497">
     <span class='ocr_line' id='line_1_4' title="bbox 2124 425 3690 497; baseline 0.003 -19"><span class='ocrx_word' id='word_1_19' title='bbox 2124 426 2250 496; x_wconf 80' lang='grc' dir='ltr'><strong>ὑμῖν</strong></span> <span class='ocrx_word' id='word_1_20' title='bbox 2287 425 2386 478; x_wconf 80' lang='grc' dir='ltr'><strong>οὐκ</strong></span> <span class='ocrx_word' id='word_1_21' title='bbox 2423 425 2676 497; x_wconf 75' lang='grc' dir='ltr'><strong>εὔκαιρον</strong></span> <span class='ocrx_word' id='word_1_22' title='bbox 2713 428 2884 481; x_wconf 74' lang='grc' dir='ltr'><strong>εἰπεῖν</strong></span> <span class='ocrx_word' id='word_1_23' title='bbox 2919 427 3031 490; x_wconf 77' lang='grc' dir='ltr'><strong>τοῖς</strong></span> <span class='ocrx_word' id='word_1_24' title='bbox 3059 427 3106 458; x_wconf 80' lang='grc'><strong>⁸⁸</strong></span> <span class='ocrx_word' id='word_1_25' title='bbox 3133 428 3242 483; x_wconf 84' lang='grc' dir='ltr'><strong>τῶν</strong></span> <span class='ocrx_word' id='word_1_26' title='bbox 3265 430 3401 484; x_wconf 78' lang='grc' dir='ltr'><strong>ὅλων</strong></span> <span class='ocrx_word' id='word_1_27' title='bbox 3427 429 3690 496; x_wconf 87' lang='grc' dir='ltr'><strong>ἀγνοοῦσι</strong></span> 
     </span>
    </p>
   </div>
   <div class='ocr_carea' id='block_1_5' title="bbox 450 517 2273 592">
    <p class='ocr_par' dir='ltr' id='par_1_5' title="bbox 450 517 2273 592">
     <span class='ocr_line' id='line_1_5' title="bbox 450 517 2273 592; baseline -0.003 -17"><span class='ocrx_word' id='word_1_28' title='bbox 450 522 745 576; x_wconf 85' lang='lat' dir='ltr'><strong>creationis</strong></span> <span class='ocrx_word' id='word_1_29' title='bbox 779 523 970 577; x_wconf 91' lang='lat' dir='ltr'><strong>culicis</strong></span> <span class='ocrx_word' id='word_1_30' title='bbox 1007 531 1064 577; x_wconf 94' lang='lat' dir='ltr'><strong>et</strong></span> <span class='ocrx_word' id='word_1_31' title='bbox 1106 521 1399 592; x_wconf 94' lang='lat' dir='ltr'><strong>elephanti,</strong></span> <span class='ocrx_word' id='word_1_32' title='bbox 1431 537 1577 576; x_wconf 90' lang='lat' dir='ltr'><strong>nunc</strong></span> <span class='ocrx_word' id='word_1_33' title='bbox 1609 521 1764 576; x_wconf 84' lang='lat' dir='ltr'><strong>vobis</strong></span> <span class='ocrx_word' id='word_1_34' title='bbox 1807 521 2018 588; x_wconf 87' lang='lat' dir='ltr'><strong>aperire</strong></span> <span class='ocrx_word' id='word_1_35' title='bbox 2123 517 2273 571; x_wconf 85' lang='grc' dir='ltr'><strong>Θεόν.</strong></span> 
     </span>
    </p>
   </div>
   <div class='ocr_carea' id='block_1_6' title="bbox 454 609 2018 683">
    <p class='ocr_par' dir='ltr' id='par_1_6' title="bbox 454 609 2018 683">
     <span class='ocr_line' id='line_1_6' title="bbox 454 609 2018 683; baseline 0.001 -18"><span class='ocrx_word' id='word_1_36' title='bbox 454 609 894 680; x_wconf 85' lang='lat' dir='ltr'><strong>intempestivum</strong></span> <span class='ocrx_word' id='word_1_37' title='bbox 944 623 1127 680; x_wconf 86' lang='lat' dir='ltr'><strong>esset,</strong></span> <span class='ocrx_word' id='word_1_38' title='bbox 1173 614 1265 683; x_wconf 90' lang='lat' dir='ltr'><strong>qui</strong></span> <span class='ocrx_word' id='word_1_39' title='bbox 1316 612 1485 668; x_wconf 88' lang='lat' dir='ltr'><strong>Deum</strong></span> <span class='ocrx_word' id='word_1_40' title='bbox 1541 613 1784 667; x_wconf 89' lang='lat' dir='ltr'><strong>omnium</strong></span> <span class='ocrx_word' id='word_1_41' title='bbox 1837 628 2018 668; x_wconf 89' lang='lat' dir='ltr'><strong>rerum</strong></span> 
     </span>
    </p>
   </div>
   <div class='ocr_carea' id='block_1_7' title="bbox 457 704 741 776">
    <p class='ocr_par' dir='ltr' id='par_1_7' title="bbox 457 704 741 776">
     <span class='ocr_line' id='line_1_7' title="bbox 457 704 741 776; baseline 0.018 -21"><span class='ocrx_word' id='word_1_42' title='bbox 457 704 741 776; x_wconf 70' lang='lat' dir='ltr'><strong>ignoratis.</strong></span> 
     </span>
    </p>
   </div>
   <div class='ocr_carea' id='block_1_8' title="bbox 527 780 2115 864">
    <p class='ocr_par' dir='ltr' id='par_1_8' title="bbox 527 795 2020 864">
     <span class='ocr_line' id='line_1_8' title="bbox 527 795 2020 864; baseline 0 -16"><span class='ocrx_word' id='word_1_43' title='bbox 527 795 615 850; x_wconf 78' lang='lat' dir='ltr'><strong>XI.</strong></span> <span class='ocrx_word' id='word_1_44' title='bbox 677 795 800 851; x_wconf 69' lang='lat' dir='ltr'><strong>Ilzec</strong></span> <span class='ocrx_word' id='word_1_45' title='bbox 855 814 920 853; x_wconf 88' lang='lat' dir='ltr'><strong>eo</strong></span> <span class='ocrx_word' id='word_1_46' title='bbox 965 798 1212 864; x_wconf 89' lang='lat' dir='ltr'><strong>dicente,</strong></span> <span class='ocrx_word' id='word_1_47' title='bbox 1261 798 1339 852; x_wconf 85' lang='lat' dir='ltr'><strong>illi</strong></span> <span class='ocrx_word' id='word_1_48' title='bbox 1385 798 1666 853; x_wconf 86' lang='lat' dir='ltr'><strong>communi</strong></span> <span class='ocrx_word' id='word_1_49' title='bbox 1722 813 2020 861; x_wconf 84' lang='lat' dir='ltr'><strong>consensu,</strong></span> 
     </span>
    </p>
   </div>
   <div class='ocr_carea' id='block_1_9' title="bbox 2102 780 3690 864">
    <p class='ocr_par' dir='ltr' id='par_1_9' title="bbox 2197 780 3690 854">
     <span class='ocr_line' id='line_1_9' title="bbox 2197 780 3690 854; baseline 0.002 -20"><span class='ocrx_word' id='word_1_50' title='bbox 2197 780 2286 834; x_wconf 77' lang='lat' dir='ltr'><strong>XI.</strong></span> <span class='ocrx_word' id='word_1_51' title='bbox 2321 780 2506 835; x_wconf 90' lang='grc' dir='ltr'><strong>Ταῦτα</strong></span> <span class='ocrx_word' id='word_1_52' title='bbox 2536 781 2701 835; x_wconf 82' lang='grc' dir='ltr'><strong>αὑτοῦ</strong></span> <span class='ocrx_word' id='word_1_53' title='bbox 2735 781 3014 851; x_wconf 88' lang='grc' dir='ltr'><strong>λέγοντος,</strong></span> <span class='ocrx_word' id='word_1_54' title='bbox 3047 780 3112 835; x_wconf 83' lang='grc' dir='ltr'><strong>ἐκ</strong></span> <span class='ocrx_word' id='word_1_55' title='bbox 3146 783 3462 854; x_wconf 75' lang='grc' dir='ltr'><strong>συμφωνίας</strong></span> <span class='ocrx_word' id='word_1_56' title='bbox 3490 785 3690 837; x_wconf 80' lang='grc' dir='ltr'><strong>ἐκεῖνοι</strong></span> 
     </span>
    </p>
   </div>
   <div class='ocr_carea' id='block_1_10' title="bbox 456 873 2044 958">
    <p class='ocr_par' dir='ltr' id='par_1_10' title="bbox 456 885 2024 958">
     <span class='ocr_line' id='line_1_10' title="bbox 456 885 2024 958; baseline -0.001 -19"><span class='ocrx_word' id='word_1_57' title='bbox 456 885 688 940; x_wconf 88' lang='lat' dir='ltr'><strong>multum</strong></span> <span class='ocrx_word' id='word_1_58' title='bbox 721 904 784 942; x_wconf 89' lang='lat' dir='ltr'><strong>ac</strong></span> <span class='ocrx_word' id='word_1_59' title='bbox 813 891 1141 958; x_wconf 70' lang='lat' dir='ltr'><strong>petulantem</strong></span> <span class='ocrx_word' id='word_1_60' title='bbox 1176 891 1345 945; x_wconf 88' lang='lat' dir='ltr'><strong>risum</strong></span> <span class='ocrx_word' id='word_1_61' title='bbox 1377 893 1699 955; x_wconf 84' lang='lat' dir='ltr'><strong>emiserunt,</strong></span> <span class='ocrx_word' id='word_1_62' title='bbox 1731 890 1796 942; x_wconf 91' lang='lat' dir='ltr'><strong>ad</strong></span> <span class='ocrx_word' id='word_1_63' title='bbox 1837 899 2024 957; x_wconf 85' lang='lat' dir='ltr'><strong>stupo-</strong></span> 
     </span>
    </p>
   </div>
   <div class='ocr_carea' id='block_1_11' title="bbox 2101 873 3689 958">
    <p class='ocr_par' dir='ltr' id='par_1_11' title="bbox 2123 873 3689 946">
     <span class='ocr_line' id='line_1_11' title="bbox 2123 873 3689 946; baseline 0.003 -22"><span class='ocrx_word' id='word_1_64' title='bbox 2123 873 2290 927; x_wconf 80' lang='grc' dir='ltr'><strong>πολὺν</strong></span> <span class='ocrx_word' id='word_1_65' title='bbox 2333 874 2427 926; x_wconf 75' lang='grc' dir='ltr'><strong>καὶ</strong></span> <span class='ocrx_word' id='word_1_66' title='bbox 2463 874 2696 928; x_wconf 76' lang='grc' dir='ltr'><strong>ἄτακτον</strong></span> <span class='ocrx_word' id='word_1_67' title='bbox 2734 875 2964 943; x_wconf 81' lang='grc' dir='ltr'><strong>ἠφίεσαν</strong></span> <span class='ocrx_word' id='word_1_68' title='bbox 2999 874 3240 942; x_wconf 91' lang='grc' dir='ltr'><strong>γέλωτα,</strong></span> <span class='ocrx_word' id='word_1_69' title='bbox 3271 876 3351 939; x_wconf 85' lang='grc' dir='ltr'><strong>είς</strong></span> <span class='ocrx_word' id='word_1_70' title='bbox 3381 876 3689 946; x_wconf 79' lang='grc' dir='ltr'><strong>ἀμηχανίαν</strong></span> 
     </span>
    </p>
   </div>
   <div class='ocr_carea' id='block_1_12' title="bbox 460 965 2048 1052">
    <p class='ocr_par' dir='ltr' id='par_1_12' title="bbox 460 981 2020 1052">
     <span class='ocr_line' id='line_1_12' title="bbox 460 981 2020 1052; baseline 0.002 -20"><span class='ocrx_word' id='word_1_71' title='bbox 460 995 572 1032; x_wconf 84' lang='lat' dir='ltr'><strong>rem</strong></span> <span class='ocrx_word' id='word_1_72' title='bbox 620 995 684 1033; x_wconf 90' lang='lat' dir='ltr'><strong>ac</strong></span> <span class='ocrx_word' id='word_1_73' title='bbox 728 981 943 1034; x_wconf 90' lang='lat' dir='ltr'><strong>consilii</strong></span> <span class='ocrx_word' id='word_1_74' title='bbox 992 982 1230 1051; x_wconf 90' lang='lat' dir='ltr'><strong>inopiam</strong></span> <span class='ocrx_word' id='word_1_75' title='bbox 1283 983 1518 1038; x_wconf 77' lang='lat' dir='ltr'><strong>nitentes</strong></span> <span class='ocrx_word' id='word_1_76' title='bbox 1565 998 1692 1038; x_wconf 89' lang='lat' dir='ltr'><strong>eum</strong></span> <span class='ocrx_word' id='word_1_77' title='bbox 1747 983 2020 1052; x_wconf 80' lang='lat' dir='ltr'><strong>redigere.</strong></span> 
     </span>
    </p>
   </div>
   <div class='ocr_carea' id='block_1_13' title="bbox 2103 965 3691 1052">
    <p class='ocr_par' dir='ltr' id='par_1_13' title="bbox 2122 965 3691 1041">
     <span class='ocr_line' id='line_1_13' title="bbox 2122 965 3691 1041; baseline 0.002 -23"><span class='ocrx_word' id='word_1_78' title='bbox 2122 965 2284 1019; x_wconf 81' lang='grc' dir='ltr'><strong>αὑτὸν</strong></span> <span class='ocrx_word' id='word_1_79' title='bbox 2348 965 2632 1036; x_wconf 84' lang='grc' dir='ltr'><strong>ἐμϐάλλειν</strong></span> <span class='ocrx_word' id='word_1_80' title='bbox 2696 967 3054 1038; x_wconf 79' lang='grc' dir='ltr'><strong>πειρώμενοι,</strong></span> <span class='ocrx_word' id='word_1_81' title='bbox 3117 967 3361 1038; x_wconf 85' lang='grc' dir='ltr'><strong>καθάπερ</strong></span> <span class='ocrx_word' id='word_1_82' title='bbox 3418 967 3691 1041; x_wconf 86' lang='grc' dir='ltr'><strong>βάρϐαρόν</strong></span> 
     </span>
    </p>
   </div>
   <div class='ocr_carea' id='block_1_14' title="bbox 461 1055 2049 1137">
    <p class='ocr_par' dir='ltr' id='par_1_14' title="bbox 461 1056 2020 1137">
     <span class='ocr_line' id='line_1_14' title="bbox 461 1056 2020 1137; baseline -0.001 -17"><span class='ocrx_word' id='word_1_83' title='bbox 461 1067 624 1120; x_wconf 85' lang='lat' dir='ltr'><strong>veluti</strong></span> <span class='ocrx_word' id='word_1_84' title='bbox 660 1067 952 1121; x_wconf 87' lang='lat' dir='ltr'><strong>barbarum</strong></span> <span class='ocrx_word' id='word_1_85' title='bbox 983 1056 1270 1137; x_wconf 77' lang='lat' dir='ltr'><strong>quemdam</strong></span> <span class='ocrx_word' id='word_1_86' title='bbox 1313 1083 1374 1122; x_wconf 92' lang='lat' dir='ltr'><strong>ac</strong></span> <span class='ocrx_word' id='word_1_87' title='bbox 1417 1068 1692 1122; x_wconf 91' lang='lat' dir='ltr'><strong>insanum.</strong></span> <span class='ocrx_word' id='word_1_88' title='bbox 1740 1067 1872 1133; x_wconf 63' lang='lat' dir='ltr'><strong>Quae</strong></span> <span class='ocrx_word' id='word_1_89' title='bbox 1898 1082 2020 1120; x_wconf 88' lang='lat' dir='ltr'><strong>cum</strong></span> 
     </span>
    </p>
   </div>
   <div class='ocr_carea' id='block_1_15' title="bbox 2103 1055 3691 1137">
    <p class='ocr_par' dir='ltr' id='par_1_15' title="bbox 2124 1055 3691 1129">
     <span class='ocr_line' id='line_1_15' title="bbox 2124 1055 3691 1129; baseline 0.001 -21"><span class='ocrx_word' id='word_1_90' title='bbox 2124 1073 2247 1109; x_wconf 92' lang='grc' dir='ltr'><strong>τινα</strong></span> <span class='ocrx_word' id='word_1_91' title='bbox 2280 1057 2373 1110; x_wconf 74' lang='grc' dir='ltr'><strong>καὶ</strong></span> <span class='ocrx_word' id='word_1_92' title='bbox 2408 1056 2749 1127; x_wconf 90' lang='grc' dir='ltr'><strong>μαινόμενον.</strong></span> <span class='ocrx_word' id='word_1_93' title='bbox 2807 1055 2946 1126; x_wconf 85' lang='grc' dir='ltr'><strong>Ἐγὼ</strong></span> <span class='ocrx_word' id='word_1_94' title='bbox 2975 1056 3032 1109; x_wconf 84' lang='grc' dir='ltr'><strong>δὲ</strong></span> <span class='ocrx_word' id='word_1_95' title='bbox 3063 1056 3232 1110; x_wconf 90' lang='grc' dir='ltr'><strong>ταῦτα</strong></span> <span class='ocrx_word' id='word_1_96' title='bbox 3272 1057 3434 1128; x_wconf 85' lang='grc' dir='ltr'><strong>ὁρῶν,</strong></span> <span class='ocrx_word' id='word_1_97' title='bbox 3473 1057 3691 1129; x_wconf 83' lang='grc' dir='ltr'><strong>διαθερ-</strong></span> 
     </span>
    </p>
   </div>
   <div class='ocr_carea' id='block_1_16' title="bbox 460 1151 2048 1228">
    <p class='ocr_par' dir='ltr' id='par_1_16' title="bbox 460 1156 2026 1227">
     <span class='ocr_line' id='line_1_16' title="bbox 460 1156 2026 1227; baseline 0.002 -19"><span class='ocrx_word' id='word_1_98' title='bbox 460 1172 558 1226; x_wconf 73' lang='lat' dir='ltr'><strong>ego</strong></span> <span class='ocrx_word' id='word_1_99' title='bbox 590 1156 851 1222; x_wconf 82' lang='lat' dir='ltr'><strong>intuerer,</strong></span> <span class='ocrx_word' id='word_1_100' title='bbox 882 1157 1062 1211; x_wconf 91' lang='lat' dir='ltr'><strong>animo</strong></span> <span class='ocrx_word' id='word_1_101' title='bbox 1105 1157 1244 1227; x_wconf 76' lang='lat' dir='ltr'><strong>cmpi</strong></span> <span class='ocrx_word' id='word_1_102' title='bbox 1284 1158 1632 1221; x_wconf 90' lang='lat' dir='ltr'><strong>incalescere,</strong></span> <span class='ocrx_word' id='word_1_103' title='bbox 1670 1173 1734 1212; x_wconf 93' lang='lat' dir='ltr'><strong>ac</strong></span> <span class='ocrx_word' id='word_1_104' title='bbox 1773 1157 1890 1212; x_wconf 86' lang='lat' dir='ltr'><strong>zelo</strong></span> <span class='ocrx_word' id='word_1_105' title='bbox 1930 1173 2026 1211; x_wconf 83' lang='lat' dir='ltr'><strong>ne-</strong></span> 
     </span>
    </p>
   </div>
   <div class='ocr_carea' id='block_1_17' title="bbox 2155 1151 3743 1228">
    <p class='ocr_par' dir='ltr' id='par_1_17' title="bbox 2155 1151 3743 1228">
     <span class='ocr_line' id='line_1_17' title="bbox 2155 1151 3743 1228; baseline 0.001 -20"><span class='ocrx_word' id='word_1_106' title='bbox 2155 1156 2388 1226; x_wconf 84' lang='grc' dir='ltr'><strong>ιαίνομαι</strong></span> <span class='ocrx_word' id='word_1_107' title='bbox 2418 1155 2514 1226; x_wconf 81' lang='grc' dir='ltr'><strong>τὴν</strong></span> <span class='ocrx_word' id='word_1_108' title='bbox 2549 1156 2757 1226; x_wconf 74' lang='grc' dir='ltr'><strong>ψυχὴν,</strong></span> <span class='ocrx_word' id='word_1_109' title='bbox 2800 1156 2894 1208; x_wconf 82' lang='grc' dir='ltr'><strong>καὶ</strong></span> <span class='ocrx_word' id='word_1_110' title='bbox 2922 1156 3065 1227; x_wconf 78' lang='grc' dir='ltr'><strong>ζήλῳ</strong></span> <span class='ocrx_word' id='word_1_111' title='bbox 3105 1156 3205 1208; x_wconf 81' lang='grc' dir='ltr'><strong>οὐκ</strong></span> <span class='ocrx_word' id='word_1_112' title='bbox 3244 1151 3339 1209; x_wconf 79' lang='grc' dir='ltr'><strong>οἷδ’</strong></span> <span class='ocrx_word' id='word_1_113' title='bbox 3372 1157 3519 1220; x_wconf 82' lang='grc' dir='ltr'><strong>ὅπως</strong></span> <span class='ocrx_word' id='word_1_114' title='bbox 3549 1157 3692 1228; x_wconf 77' lang='grc' dir='ltr'><strong>ληφ-</strong></span> <span class='ocrx_word' id='word_1_115' title='bbox 3739 1153 3743 1158; x_wconf 73' lang='grc'><strong>’</strong></span> 
     </span>
    </p>
   </div>
   <div class='ocr_carea' id='block_1_18' title="bbox 461 1244 2049 1320">
    <p class='ocr_par' dir='ltr' id='par_1_18' title="bbox 461 1244 2024 1316">
     <span class='ocr_line' id='line_1_18' title="bbox 461 1244 2024 1316; baseline -0.002 -17"><span class='ocrx_word' id='word_1_116' title='bbox 461 1245 576 1299; x_wconf 88' lang='lat' dir='ltr'><strong>scio</strong></span> <span class='ocrx_word' id='word_1_117' title='bbox 602 1262 707 1314; x_wconf 90' lang='lat' dir='ltr'><strong>qua</strong></span> <span class='ocrx_word' id='word_1_118' title='bbox 751 1247 963 1300; x_wconf 90' lang='lat' dir='ltr'><strong>ratione</strong></span> <span class='ocrx_word' id='word_1_119' title='bbox 999 1256 1302 1315; x_wconf 87' lang='lat' dir='ltr'><strong>correptus,</strong></span> <span class='ocrx_word' id='word_1_120' title='bbox 1350 1256 1531 1300; x_wconf 89' lang='lat' dir='ltr'><strong>tacere</strong></span> <span class='ocrx_word' id='word_1_121' title='bbox 1577 1261 1685 1299; x_wconf 92' lang='lat' dir='ltr'><strong>non</strong></span> <span class='ocrx_word' id='word_1_122' title='bbox 1719 1244 1890 1316; x_wconf 89' lang='lat' dir='ltr'><strong>potui,</strong></span> <span class='ocrx_word' id='word_1_123' title='bbox 1930 1244 2024 1298; x_wconf 85' lang='lat' dir='ltr'><strong>scd</strong></span> 
     </span>
    </p>
   </div>
   <div class='ocr_carea' id='block_1_19' title="bbox 2104 1244 3692 1320">
    <p class='ocr_par' dir='ltr' id='par_1_19' title="bbox 2126 1247 3692 1320">
     <span class='ocr_line' id='line_1_19' title="bbox 2126 1247 3692 1320; baseline 0.003 -21"><span class='ocrx_word' id='word_1_124' title='bbox 2126 1247 2258 1309; x_wconf 72' lang='lat' dir='ltr'><strong>Oa‘tg,</strong></span> <span class='ocrx_word' id='word_1_125' title='bbox 2311 1249 2468 1319; x_wconf 79' lang='grc' dir='ltr'><strong>σιγᾷν</strong></span> <span class='ocrx_word' id='word_1_126' title='bbox 2513 1247 2612 1318; x_wconf 89' lang='grc' dir='ltr'><strong>ούχ</strong></span> <span class='ocrx_word' id='word_1_127' title='bbox 2659 1247 2949 1318; x_wconf 82' lang='grc' dir='ltr'><strong>ὑπέμενον,</strong></span> <span class='ocrx_word' id='word_1_128' title='bbox 2995 1248 3131 1301; x_wconf 85' lang='grc' dir='ltr'><strong>ἀλλά</strong></span> <span class='ocrx_word' id='word_1_129' title='bbox 3180 1248 3317 1319; x_wconf 84' lang='grc' dir='ltr'><strong>μετά</strong></span> <span class='ocrx_word' id='word_1_130' title='bbox 3357 1250 3692 1320; x_wconf 76' lang='grc' dir='ltr'><strong>παρρησίας,</strong></span> 
     </span>
    </p>
   </div>
   <div class='ocr_carea' id='block_1_20' title="bbox 459 1333 2047 1412">
    <p class='ocr_par' dir='ltr' id='par_1_20' title="bbox 459 1335 2027 1402">
     <span class='ocr_line' id='line_1_20' title="bbox 459 1335 2027 1402; baseline -0.004 -9"><span class='ocrx_word' id='word_1_131' title='bbox 459 1353 582 1393; x_wconf 90' lang='lat' dir='ltr'><strong>cum</strong></span> <span class='ocrx_word' id='word_1_132' title='bbox 613 1337 805 1392; x_wconf 76' lang='lat' dir='ltr'><strong>fiducia</strong></span> <span class='ocrx_word' id='word_1_133' title='bbox 833 1337 944 1390; x_wconf 73' lang='lat' dir='ltr'><strong>dixi</strong></span> <span class='ocrx_word' id='word_1_134' title='bbox 981 1354 994 1390; x_wconf 92' lang='lat'><strong>:</strong></span> <span class='ocrx_word' id='word_1_135' title='bbox 1029 1336 1160 1391; x_wconf 85' lang='lat' dir='ltr'><strong>Jure</strong></span> <span class='ocrx_word' id='word_1_136' title='bbox 1192 1335 1355 1402; x_wconf 87' lang='lat' dir='ltr'><strong>Deus,</strong></span> <span class='ocrx_word' id='word_1_137' title='bbox 1408 1353 1441 1390; x_wconf 90' lang='grc' dir='ltr'><strong>ο</strong></span> <span class='ocrx_word' id='word_1_138' title='bbox 1474 1337 1746 1402; x_wconf 87' lang='lat' dir='ltr'><strong>homines,</strong></span> <span class='ocrx_word' id='word_1_139' title='bbox 1777 1336 2027 1389; x_wconf 91' lang='lat' dir='ltr'><strong>volunta-</strong></span> 
     </span>
    </p>
   </div>
   <div class='ocr_carea' id='block_1_21' title="bbox 2110 1333 3698 1412">
    <p class='ocr_par' dir='ltr' id='par_1_21' title="bbox 2126 1333 3698 1412">
     <span class='ocr_line' id='line_1_21' title="bbox 2126 1333 3698 1412; baseline 0.003 -22"><span class='ocrx_word' id='word_1_140' title='bbox 2126 1338 2382 1406; x_wconf 82' lang='grc' dir='ltr'><strong>εὐλόγως,</strong></span> <span class='ocrx_word' id='word_1_141' title='bbox 2427 1333 2600 1400; x_wconf 75' lang='grc' dir='ltr'><strong>εἷπον,</strong></span> <span class='ocrx_word' id='word_1_142' title='bbox 2643 1339 2672 1390; x_wconf 87' lang='grc' dir='ltr'>ὁ</span> <span class='ocrx_word' id='word_1_143' title='bbox 2699 1338 2829 1402; x_wconf 77' lang='grc' dir='ltr'><strong>Θεὸς</strong></span> <span class='ocrx_word' id='word_1_144' title='bbox 2870 1339 3019 1409; x_wconf 86' lang='grc' dir='ltr'><strong>ὑμῖν,</strong></span> <span class='ocrx_word' id='word_1_145' title='bbox 3048 1333 3095 1392; x_wconf 81' lang='grc' dir='ltr'><strong>ὦ</strong></span> <span class='ocrx_word' id='word_1_146' title='bbox 3121 1333 3287 1402; x_wconf 72' lang='grc' dir='ltr'><strong>οὗτοι,</strong></span> <span class='ocrx_word' id='word_1_147' title='bbox 3311 1340 3698 1412; x_wconf 77' lang='grc' dir='ltr'><strong>ἀκατάληπτον</strong></span> 
     </span>
    </p>
   </div>
   <div class='ocr_carea' id='block_1_22' title="bbox 461 1427 2049 1503">
    <p class='ocr_par' dir='ltr' id='par_1_22' title="bbox 461 1427 2028 1498">
     <span class='ocr_line' id='line_1_22' title="bbox 461 1427 2028 1498; baseline -0.003 -15"><span class='ocrx_word' id='word_1_148' title='bbox 461 1440 567 1483; x_wconf 89' lang='lat' dir='ltr'><strong>tem</strong></span> <span class='ocrx_word' id='word_1_149' title='bbox 596 1445 748 1482; x_wconf 85' lang='lat' dir='ltr'><strong>suam</strong></span> <span class='ocrx_word' id='word_1_150' title='bbox 778 1429 1379 1498; x_wconf 86' lang='lat' dir='ltr'><strong>incomprehensihilem</strong></span> <span class='ocrx_word' id='word_1_151' title='bbox 1409 1429 1564 1483; x_wconf 83' lang='lat' dir='ltr'><strong>vobis</strong></span> <span class='ocrx_word' id='word_1_152' title='bbox 1591 1427 1738 1493; x_wconf 84' lang='lat' dir='ltr'><strong>fecit,</strong></span> <span class='ocrx_word' id='word_1_153' title='bbox 1775 1427 2028 1497; x_wconf 75' lang='lat' dir='ltr'><strong>indignos</strong></span> 
     </span>
    </p>
   </div>
   <div class='ocr_carea' id='block_1_23' title="bbox 2105 1427 3693 1503">
    <p class='ocr_par' dir='ltr' id='par_1_23' title="bbox 2125 1428 3693 1503">
     <span class='ocr_line' id='line_1_23' title="bbox 2125 1428 3693 1503; baseline 0.003 -22"><span class='ocrx_word' id='word_1_154' title='bbox 2125 1430 2224 1500; x_wconf 83' lang='grc' dir='ltr'><strong>τὴν</strong></span> <span class='ocrx_word' id='word_1_155' title='bbox 2261 1428 2424 1482; x_wconf 80' lang='grc' dir='ltr'><strong>αὑτοῦ</strong></span> <span class='ocrx_word' id='word_1_156' title='bbox 2457 1428 2707 1500; x_wconf 84' lang='grc' dir='ltr'><strong>βούλησιν</strong></span> <span class='ocrx_word' id='word_1_157' title='bbox 2750 1429 2921 1493; x_wconf 74' lang='grc' dir='ltr'><strong>ἔθετο,</strong></span> <span class='ocrx_word' id='word_1_158' title='bbox 2963 1430 3217 1499; x_wconf 74' lang='grc' dir='ltr'><strong>ἀναξίους</strong></span> <span class='ocrx_word' id='word_1_159' title='bbox 3256 1432 3400 1502; x_wconf 79' lang='grc' dir='ltr'><strong>ὑμᾶς</strong></span> <span class='ocrx_word' id='word_1_160' title='bbox 3435 1431 3693 1503; x_wconf 84' lang='grc' dir='ltr'><strong>προϊδὼν,</strong></span> 
     </span>
    </p>
   </div>
   <div class='ocr_carea' id='block_1_24' title="bbox 461 1511 2049 1593">
    <p class='ocr_par' dir='ltr' id='par_1_24' title="bbox 461 1520 2029 1590">
     <span class='ocr_line' id='line_1_24' title="bbox 461 1520 2029 1590; baseline 0.001 -18"><span class='ocrx_word' id='word_1_161' title='bbox 461 1536 559 1574; x_wconf 91' lang='lat' dir='ltr'><strong>vos</strong></span> <span class='ocrx_word' id='word_1_162' title='bbox 597 1521 910 1588; x_wconf 73' lang='lat' dir='ltr'><strong>przesciens,</strong></span> <span class='ocrx_word' id='word_1_163' title='bbox 939 1521 1080 1575; x_wconf 92' lang='lat' dir='ltr'><strong>sicut</strong></span> <span class='ocrx_word' id='word_1_164' title='bbox 1121 1522 1590 1590; x_wconf 77' lang='lat' dir='ltr'><strong>inpraesentiarum</strong></span> <span class='ocrx_word' id='word_1_165' title='bbox 1625 1521 1718 1575; x_wconf 88' lang='lat' dir='ltr'><strong>dat</strong></span> <span class='ocrx_word' id='word_1_166' title='bbox 1750 1521 1906 1590; x_wconf 88' lang='lat' dir='ltr'><strong>plene</strong></span> <span class='ocrx_word' id='word_1_167' title='bbox 1945 1520 2029 1573; x_wconf 82' lang='lat' dir='ltr'><strong>in-</strong></span> 
     </span>
    </p>
   </div>
   <div class='ocr_carea' id='block_1_25' title="bbox 2110 1511 3698 1593">
    <p class='ocr_par' dir='ltr' id='par_1_25' title="bbox 2128 1511 3698 1593">
     <span class='ocr_line' id='line_1_25' title="bbox 2128 1511 3698 1593; baseline 0.003 -23"><span class='ocrx_word' id='word_1_168' title='bbox 2128 1517 2188 1584; x_wconf 77' lang='grc' dir='ltr'><strong>ἐξ</strong></span> <span class='ocrx_word' id='word_1_169' title='bbox 2217 1511 2292 1572; x_wconf 84' lang='grc' dir='ltr'><strong>ὧν</strong></span> <span class='ocrx_word' id='word_1_170' title='bbox 2331 1517 2424 1571; x_wconf 91' lang='grc' dir='ltr'><strong>νῦν</strong></span> <span class='ocrx_word' id='word_1_171' title='bbox 2455 1517 2583 1581; x_wconf 78' lang='grc' dir='ltr'><strong>τοὺς</strong></span> <span class='ocrx_word' id='word_1_172' title='bbox 2624 1519 2867 1590; x_wconf 78' lang='grc' dir='ltr'><strong>κριτικὸν</strong></span> <span class='ocrx_word' id='word_1_173' title='bbox 2917 1519 3041 1572; x_wconf 89' lang='grc' dir='ltr'><strong>νοῦν</strong></span> <span class='ocrx_word' id='word_1_174' title='bbox 3080 1518 3298 1590; x_wconf 72' lang='grc' dir='ltr'><strong>ἔχοντας</strong></span> <span class='ocrx_word' id='word_1_175' title='bbox 3339 1521 3698 1593; x_wconf 84' lang='grc' dir='ltr'><strong>πληροφορῶν</strong></span> 
     </span>
    </p>
   </div>
   <div class='ocr_carea' id='block_1_26' title="bbox 463 1606 2051 1683">
    <p class='ocr_par' dir='ltr' id='par_1_26' title="bbox 463 1610 2031 1683">
     <span class='ocr_line' id='line_1_26' title="bbox 463 1610 2031 1683; baseline 0.001 -19"><span class='ocrx_word' id='word_1_176' title='bbox 463 1610 704 1680; x_wconf 85' lang='lat' dir='ltr'><strong>telligere</strong></span> <span class='ocrx_word' id='word_1_177' title='bbox 748 1611 814 1666; x_wconf 93' lang='lat' dir='ltr'><strong>iis</strong></span> <span class='ocrx_word' id='word_1_178' title='bbox 854 1611 948 1682; x_wconf 89' lang='lat' dir='ltr'><strong>qui</strong></span> <span class='ocrx_word' id='word_1_179' title='bbox 997 1613 1195 1667; x_wconf 91' lang='lat' dir='ltr'><strong>mentis</strong></span> <span class='ocrx_word' id='word_1_180' title='bbox 1230 1613 1437 1683; x_wconf 90' lang='lat' dir='ltr'><strong>judicio</strong></span> <span class='ocrx_word' id='word_1_181' title='bbox 1480 1620 1727 1668; x_wconf 93' lang='lat' dir='ltr'><strong>utuntur.</strong></span> <span class='ocrx_word' id='word_1_182' title='bbox 1774 1611 2031 1678; x_wconf 85' lang='lat' dir='ltr'><strong>Quando-</strong></span> 
     </span>
    </p>
   </div>
   <div class='ocr_carea' id='block_1_27' title="bbox 2110 1606 3698 1683">
    <p class='ocr_par' dir='ltr' id='par_1_27' title="bbox 2129 1606 3698 1682">
     <span class='ocr_line' id='line_1_27' title="bbox 2129 1606 3698 1682; baseline 0.003 -22"><span class='ocrx_word' id='word_1_183' title='bbox 2129 1607 2394 1677; x_wconf 82' lang='grc' dir='ltr'><strong>φαίνεται.</strong></span> <span class='ocrx_word' id='word_1_184' title='bbox 2439 1606 2590 1661; x_wconf 84' lang='grc' dir='ltr'><strong>Ἐπεὶ</strong></span> <span class='ocrx_word' id='word_1_185' title='bbox 2611 1608 2718 1680; x_wconf 85' lang='grc' dir='ltr'><strong>γὰρ</strong></span> <span class='ocrx_word' id='word_1_186' title='bbox 2743 1607 2839 1661; x_wconf 90' lang='grc' dir='ltr'><strong>νῦν</strong></span> <span class='ocrx_word' id='word_1_187' title='bbox 2863 1608 2963 1678; x_wconf 86' lang='grc' dir='ltr'><strong>τῆς</strong></span> <span class='ocrx_word' id='word_1_188' title='bbox 2993 1608 3156 1663; x_wconf 84' lang='grc' dir='ltr'><strong>αὐτοῦ</strong></span> <span class='ocrx_word' id='word_1_189' title='bbox 3188 1608 3492 1682; x_wconf 77' lang='grc' dir='ltr'><strong>βουλήσεως</strong></span> <span class='ocrx_word' id='word_1_190' title='bbox 3517 1612 3698 1682; x_wconf 76' lang='grc' dir='ltr'><strong>κήρυ-</strong></span> 
     </span>
    </p>
   </div>
   <div class='ocr_carea' id='block_1_28' title="bbox 351 1698 1939 1774">
    <p class='ocr_par' dir='ltr' id='par_1_28' title="bbox 351 1701 1939 1773">
     <span class='ocr_line' id='line_1_28' title="bbox 351 1701 1939 1773; baseline 0.001 -20"><span class='ocrx_word' id='word_1_191' title='bbox 351 1703 356 1708; x_wconf 74' lang='grc'><strong>“</strong></span> <span class='ocrx_word' id='word_1_192' title='bbox 461 1701 679 1770; x_wconf 90' lang='lat' dir='ltr'><strong>quidem</strong></span> <span class='ocrx_word' id='word_1_193' title='bbox 717 1703 862 1756; x_wconf 91' lang='lat' dir='ltr'><strong>enim</strong></span> <span class='ocrx_word' id='word_1_194' title='bbox 903 1718 1050 1756; x_wconf 91' lang='lat' dir='ltr'><strong>nunc</strong></span> <span class='ocrx_word' id='word_1_195' title='bbox 1095 1703 1217 1772; x_wconf 92' lang='lat' dir='ltr'><strong>ejus</strong></span> <span class='ocrx_word' id='word_1_196' title='bbox 1248 1704 1539 1759; x_wconf 85' lang='lat' dir='ltr'><strong>voluntatis</strong></span> <span class='ocrx_word' id='word_1_197' title='bbox 1569 1718 1846 1773; x_wconf 67' lang='lat' dir='ltr'><strong>praacones</strong></span> <span class='ocrx_word' id='word_1_198' title='bbox 1873 1702 1939 1756; x_wconf 86' lang='lat' dir='ltr'><strong>mi</strong></span> 
     </span>
    </p>
   </div>
   <div class='ocr_carea' id='block_1_29' title="bbox 2115 1698 3703 1774">
    <p class='ocr_par' dir='ltr' id='par_1_29' title="bbox 2131 1698 3703 1774">
     <span class='ocr_line' id='line_1_29' title="bbox 2131 1698 3703 1774; baseline 0.003 -24"><span class='ocrx_word' id='word_1_199' title='bbox 2131 1716 2223 1762; x_wconf 88' lang='grc' dir='ltr'><strong>κες</strong></span> <span class='ocrx_word' id='word_1_200' title='bbox 2267 1698 2745 1769; x_wconf 76' lang='grc' dir='ltr'><strong>ἐξαπεστάλησαν,</strong></span> <span class='ocrx_word' id='word_1_201' title='bbox 2797 1700 2859 1753; x_wconf 86' lang='grc' dir='ltr'><strong>ού</strong></span> <span class='ocrx_word' id='word_1_202' title='bbox 2913 1700 3077 1774; x_wconf 79' lang='grc' dir='ltr'><strong>τέχνῃ</strong></span> <span class='ocrx_word' id='word_1_203' title='bbox 3129 1700 3238 1753; x_wconf 77' lang='grc' dir='ltr'><strong>τινὶ</strong></span> <span class='ocrx_word' id='word_1_204' title='bbox 3296 1701 3390 1754; x_wconf 74' lang='grc' dir='ltr'><strong>καὶ</strong></span> <span class='ocrx_word' id='word_1_205' title='bbox 3441 1702 3703 1773; x_wconf 62' lang='grc' dir='ltr'><strong>ῥητορεία</strong></span> 
     </span>
    </p>
   </div>
   <div class='ocr_carea' id='block_1_30' title="bbox 462 1768 2050 1864">
    <p class='ocr_par' dir='ltr' id='par_1_30' title="bbox 462 1793 2029 1864">
     <span class='ocr_line' id='line_1_30' title="bbox 462 1793 2029 1864; baseline 0.002 -18"><span class='ocrx_word' id='word_1_206' title='bbox 462 1799 617 1855; x_wconf 87' lang='lat' dir='ltr'><strong>sunt,</strong></span> <span class='ocrx_word' id='word_1_207' title='bbox 659 1793 752 1862; x_wconf 89' lang='lat' dir='ltr'><strong>qui</strong></span> <span class='ocrx_word' id='word_1_208' title='bbox 802 1808 909 1846; x_wconf 90' lang='lat' dir='ltr'><strong>non</strong></span> <span class='ocrx_word' id='word_1_209' title='bbox 951 1803 1067 1848; x_wconf 82' lang='lat' dir='ltr'><strong>arte</strong></span> <span class='ocrx_word' id='word_1_210' title='bbox 1099 1794 1278 1864; x_wconf 88' lang='lat' dir='ltr'><strong>aliqua</strong></span> <span class='ocrx_word' id='word_1_211' title='bbox 1319 1804 1374 1850; x_wconf 91' lang='lat' dir='ltr'><strong>et</strong></span> <span class='ocrx_word' id='word_1_212' title='bbox 1416 1795 1705 1849; x_wconf 82' lang='lat' dir='ltr'><strong>verborum</strong></span> <span class='ocrx_word' id='word_1_213' title='bbox 1754 1795 2029 1850; x_wconf 85' lang='lat' dir='ltr'><strong>rhet0rico</strong></span> 
     </span>
    </p>
   </div>
   <div class='ocr_carea' id='block_1_31' title="bbox 2114 1768 3702 1864">
    <p class='ocr_par' dir='ltr' id='par_1_31' title="bbox 2129 1768 3702 1864">
     <span class='ocr_line' id='line_1_31' title="bbox 2129 1768 3702 1864; baseline 0.003 -23"><span class='ocrx_word' id='word_1_214' title='bbox 2129 1789 2320 1858; x_wconf 87' lang='grc' dir='ltr'><strong>λόγων,</strong></span> <span class='ocrx_word' id='word_1_215' title='bbox 2351 1789 2466 1842; x_wconf 83' lang='grc' dir='ltr'><strong>ἀλλ’</strong></span> <span class='ocrx_word' id='word_1_216' title='bbox 2489 1768 2676 1853; x_wconf 86' lang='grc' dir='ltr'><strong>ἀπλῶς</strong></span> <span class='ocrx_word' id='word_1_217' title='bbox 2721 1789 2864 1844; x_wconf 72' lang='grc' dir='ltr'><strong>οὕτω</strong></span> <span class='ocrx_word' id='word_1_218' title='bbox 2906 1768 3007 1844; x_wconf 28' lang='grc' dir='ltr'><strong>καλ.</strong></span> <span class='ocrx_word' id='word_1_219' title='bbox 3029 1768 3702 1864; x_wconf 39' lang='grc' dir='ltr'><strong>ἀττανουργεύτωςῖτ</strong></span> 
     </span>
    </p>
   </div>
   <div class='ocr_carea' id='block_1_32' title="bbox 463 1879 2051 1956">
    <p class='ocr_par' dir='ltr' id='par_1_32' title="bbox 463 1883 2030 1956">
     <span class='ocr_line' id='line_1_32' title="bbox 463 1883 2030 1956; baseline 0.003 -20"><span class='ocrx_word' id='word_1_220' title='bbox 463 1893 685 1948; x_wconf 87' lang='lat' dir='ltr'><strong>ornatu,</strong></span> <span class='ocrx_word' id='word_1_221' title='bbox 713 1883 806 1938; x_wconf 90' lang='lat' dir='ltr'><strong>sed</strong></span> <span class='ocrx_word' id='word_1_222' title='bbox 840 1883 1159 1954; x_wconf 88' lang='lat' dir='ltr'><strong>simpliciter</strong></span> <span class='ocrx_word' id='word_1_223' title='bbox 1186 1893 1398 1940; x_wconf 89' lang='lat' dir='ltr'><strong>tantum</strong></span> <span class='ocrx_word' id='word_1_224' title='bbox 1428 1895 1481 1940; x_wconf 92' lang='lat' dir='ltr'><strong>et</strong></span> <span class='ocrx_word' id='word_1_225' title='bbox 1509 1885 1715 1956; x_wconf 83' lang='lat' dir='ltr'><strong>absque</strong></span> <span class='ocrx_word' id='word_1_226' title='bbox 1736 1884 2030 1940; x_wconf 85' lang='lat' dir='ltr'><strong>calliditate</strong></span> 
     </span>
    </p>
   </div>
   <div class='ocr_carea' id='block_1_33' title="bbox 2117 1879 3705 1956">
    <p class='ocr_par' dir='ltr' id='par_1_33' title="bbox 2130 1879 3705 1952">
     <span class='ocr_line' id='line_1_33' title="bbox 2130 1879 3705 1952; baseline 0.002 -19"><span class='ocrx_word' id='word_1_227' title='bbox 2130 1881 2293 1934; x_wconf 86' lang='grc' dir='ltr'><strong>αὑτοῦ</strong></span> <span class='ocrx_word' id='word_1_228' title='bbox 2317 1879 2565 1952; x_wconf 86' lang='grc' dir='ltr'><strong>βούλησιν</strong></span> <span class='ocrx_word' id='word_1_229' title='bbox 2592 1880 2979 1952; x_wconf 83' lang='grc' dir='ltr'><strong>παριστῶντες,</strong></span> <span class='ocrx_word' id='word_1_230' title='bbox 3002 1881 3078 1944; x_wconf 83' lang='grc' dir='ltr'><strong>ὡς</strong></span> <span class='ocrx_word' id='word_1_231' title='bbox 3100 1881 3277 1935; x_wconf 85' lang='grc' dir='ltr'><strong>πάντα</strong></span> <span class='ocrx_word' id='word_1_232' title='bbox 3304 1881 3578 1936; x_wconf 76' lang='grc' dir='ltr'><strong>ὁντιναοῦν</strong></span> <span class='ocrx_word' id='word_1_233' title='bbox 3603 1883 3705 1936; x_wconf 76' lang='grc' dir='ltr'><strong>τὸν</strong></span> 
     </span>
    </p>
   </div>
   <div class='ocr_carea' id='block_1_34' title="bbox 463 1970 2051 2054">
    <p class='ocr_par' dir='ltr' id='par_1_34' title="bbox 463 1982 2027 2054">
     <span class='ocr_line' id='line_1_34' title="bbox 463 1982 2027 2054; baseline -0.001 -18"><span class='ocrx_word' id='word_1_234' title='bbox 463 1982 749 2036; x_wconf 88' lang='lat' dir='ltr'><strong>consilium</strong></span> <span class='ocrx_word' id='word_1_235' title='bbox 792 1983 910 2051; x_wconf 91' lang='lat' dir='ltr'><strong>ejus</strong></span> <span class='ocrx_word' id='word_1_236' title='bbox 953 1994 1376 2050; x_wconf 66' lang='lat' dir='ltr'><strong>repraesentant,</strong></span> <span class='ocrx_word' id='word_1_237' title='bbox 1417 1985 1554 2038; x_wconf 88' lang='lat' dir='ltr'><strong>adeo</strong></span> <span class='ocrx_word' id='word_1_238' title='bbox 1584 1992 1642 2037; x_wconf 93' lang='lat' dir='ltr'><strong>ut</strong></span> <span class='ocrx_word' id='word_1_239' title='bbox 1683 1983 1909 2053; x_wconf 90' lang='lat' dir='ltr'><strong>quilibet</strong></span> <span class='ocrx_word' id='word_1_240' title='bbox 1935 1982 2027 2054; x_wconf 88' lang='lat' dir='ltr'><strong>qui</strong></span> 
     </span>
    </p>
   </div>
   <div class='ocr_carea' id='block_1_35' title="bbox 2114 1970 3702 2054">
    <p class='ocr_par' dir='ltr' id='par_1_35' title="bbox 2130 1970 3702 2045">
     <span class='ocr_line' id='line_1_35' title="bbox 2130 1970 3702 2045; baseline 0.002 -21"><span class='ocrx_word' id='word_1_241' title='bbox 2130 1970 2436 2024; x_wconf 89' lang='grc' dir='ltr'><strong>ἀκούσαντα</strong></span> <span class='ocrx_word' id='word_1_242' title='bbox 2476 1974 2613 2024; x_wconf 85' lang='grc' dir='ltr'><strong>νοεῖν</strong></span> <span class='ocrx_word' id='word_1_243' title='bbox 2655 1971 2724 2024; x_wconf 83' lang='grc' dir='ltr'><strong>τὰ</strong></span> <span class='ocrx_word' id='word_1_244' title='bbox 2759 1972 3024 2042; x_wconf 83' lang='grc' dir='ltr'><strong>λεγόμενα</strong></span> <span class='ocrx_word' id='word_1_245' title='bbox 3045 2011 3060 2036; x_wconf 94' lang='grc'><strong>,</strong></span> <span class='ocrx_word' id='word_1_246' title='bbox 3107 1972 3343 2044; x_wconf 81' lang='grc' dir='ltr'><strong>πάρεστε</strong></span> <span class='ocrx_word' id='word_1_247' title='bbox 3401 1973 3496 2027; x_wconf 93' lang='grc' dir='ltr'><strong>νῦν</strong></span> <span class='ocrx_word' id='word_1_248' title='bbox 3542 1975 3702 2045; x_wconf 79' lang='grc' dir='ltr'><strong>ὑμεῖς</strong></span> 
     </span>
    </p>
   </div>
   <div class='ocr_carea' id='block_1_36' title="bbox 464 2061 2052 2142">
    <p class='ocr_par' dir='ltr' id='par_1_36' title="bbox 464 2071 2030 2142">
     <span class='ocr_line' id='line_1_36' title="bbox 464 2071 2030 2142; baseline 0.002 -20"><span class='ocrx_word' id='word_1_249' title='bbox 464 2071 726 2133; x_wconf 87' lang='lat' dir='ltr'><strong>audierit,</strong></span> <span class='ocrx_word' id='word_1_250' title='bbox 775 2071 1042 2142; x_wconf 82' lang='lat' dir='ltr'><strong>intelligat</strong></span> <span class='ocrx_word' id='word_1_251' title='bbox 1081 2087 1202 2140; x_wconf 69' lang='lat' dir='ltr'><strong>qum</strong></span> <span class='ocrx_word' id='word_1_252' title='bbox 1239 2073 1528 2139; x_wconf 90' lang='lat' dir='ltr'><strong>dicuntur;</strong></span> <span class='ocrx_word' id='word_1_253' title='bbox 1566 2073 1772 2129; x_wconf 86' lang='lat' dir='ltr'><strong>adestis</strong></span> <span class='ocrx_word' id='word_1_254' title='bbox 1815 2089 1932 2138; x_wconf 91' lang='lat' dir='ltr'><strong>vos,</strong></span> <span class='ocrx_word' id='word_1_255' title='bbox 1972 2081 2030 2126; x_wconf 92' lang='lat' dir='ltr'><strong>ut</strong></span> 
     </span>
    </p>
   </div>
   <div class='ocr_carea' id='block_1_37' title="bbox 2117 2061 3705 2142">
    <p class='ocr_par' dir='ltr' id='par_1_37' title="bbox 2131 2061 3705 2136">
     <span class='ocr_line' id='line_1_37' title="bbox 2131 2061 3705 2136; baseline 0.003 -23"><span class='ocrx_word' id='word_1_256' title='bbox 2131 2061 2267 2132; x_wconf 84' lang='grc' dir='ltr'><strong>πρὸς</strong></span> <span class='ocrx_word' id='word_1_257' title='bbox 2294 2061 2372 2132; x_wconf 81' lang='grc' dir='ltr'>τῷ</span> <span class='ocrx_word' id='word_1_258' title='bbox 2404 2063 2478 2133; x_wconf 77' lang='grc' dir='ltr'><strong>μὴ</strong></span> <span class='ocrx_word' id='word_1_259' title='bbox 2506 2066 2644 2116; x_wconf 86' lang='grc' dir='ltr'><strong>νοεῖν</strong></span> <span class='ocrx_word' id='word_1_260' title='bbox 2675 2063 2736 2115; x_wconf 86' lang='grc' dir='ltr'>τὸ</span> <span class='ocrx_word' id='word_1_261' title='bbox 2758 2063 2885 2133; x_wconf 85' lang='grc' dir='ltr'><strong>ύμῖν</strong></span> <span class='ocrx_word' id='word_1_262' title='bbox 2923 2063 3219 2134; x_wconf 74' lang='grc' dir='ltr'><strong>συμφέρον,</strong></span> <span class='ocrx_word' id='word_1_263' title='bbox 3247 2065 3339 2118; x_wconf 73' lang='grc' dir='ltr'><strong>ἐπὶ</strong></span> <span class='ocrx_word' id='word_1_264' title='bbox 3364 2067 3430 2136; x_wconf 77' lang='grc' dir='ltr'><strong>τῇ</strong></span> <span class='ocrx_word' id='word_1_265' title='bbox 3459 2065 3705 2136; x_wconf 74' lang='grc' dir='ltr'><strong>ὑμετέρᾳ</strong></span> 
     </span>
    </p>
   </div>
   <div class='ocr_carea' id='block_1_38' title="bbox 464 2149 2052 2234">
    <p class='ocr_par' dir='ltr' id='par_1_38' title="bbox 464 2161 2030 2234">
     <span class='ocr_line' id='line_1_38' title="bbox 464 2161 2030 2234; baseline 0.001 -20"><span class='ocrx_word' id='word_1_266' title='bbox 464 2165 570 2215; x_wconf 87' lang='lat' dir='ltr'><strong>non</strong></span> <span class='ocrx_word' id='word_1_267' title='bbox 606 2161 919 2232; x_wconf 82' lang='lat' dir='ltr'><strong>intelligatis</strong></span> <span class='ocrx_word' id='word_1_268' title='bbox 964 2162 1108 2231; x_wconf 88' lang='lat' dir='ltr'><strong>quod</strong></span> <span class='ocrx_word' id='word_1_269' title='bbox 1157 2163 1312 2218; x_wconf 88' lang='lat' dir='ltr'><strong>vobis</strong></span> <span class='ocrx_word' id='word_1_270' title='bbox 1362 2164 1602 2234; x_wconf 82' lang='lat' dir='ltr'><strong>expedit,</strong></span> <span class='ocrx_word' id='word_1_271' title='bbox 1631 2173 1797 2234; x_wconf 91' lang='lat' dir='ltr'><strong>utque</strong></span> <span class='ocrx_word' id='word_1_272' title='bbox 1829 2164 2030 2218; x_wconf 85' lang='lat' dir='ltr'><strong>damno</strong></span> 
     </span>
    </p>
   </div>
   <div class='ocr_carea' id='block_1_39' title="bbox 2115 2149 3703 2234">
    <p class='ocr_par' dir='ltr' id='par_1_39' title="bbox 2133 2149 3703 2226">
     <span class='ocr_line' id='line_1_39' title="bbox 2133 2149 3703 2226; baseline 0.002 -23"><span class='ocrx_word' id='word_1_273' title='bbox 2133 2149 2306 2224; x_wconf 83' lang='grc' dir='ltr'><strong>βλάϐῃ</strong></span> <span class='ocrx_word' id='word_1_274' title='bbox 2341 2152 2502 2222; x_wconf 83' lang='grc' dir='ltr'><strong>γελᾷν</strong></span> <span class='ocrx_word' id='word_1_275' title='bbox 2536 2153 2634 2224; x_wconf 76' lang='grc' dir='ltr'><strong>τῂν</strong></span> <span class='ocrx_word' id='word_1_276' title='bbox 2659 2153 2760 2224; x_wconf 24' lang='grc' dir='ltr'><strong>,ἐπὶ</strong></span> <span class='ocrx_word' id='word_1_277' title='bbox 2792 2155 2858 2223; x_wconf 84' lang='grc' dir='ltr'><strong>τῇ</strong></span> <span class='ocrx_word' id='word_1_278' title='bbox 2889 2153 3130 2224; x_wconf 79' lang='grc' dir='ltr'>ὑμετέρᾳ</span> <span class='ocrx_word' id='word_1_279' title='bbox 3162 2153 3426 2226; x_wconf 79' lang='grc' dir='ltr'><strong>καταδίκῃ</strong></span> <span class='ocrx_word' id='word_1_280' title='bbox 3454 2155 3703 2207; x_wconf 83' lang='grc' dir='ltr'><strong>πολιτευ-</strong></span> 
     </span>
    </p>
   </div>
   <div class='ocr_carea' id='block_1_40' title="bbox 463 2241 2051 2327">
    <p class='ocr_par' dir='ltr' id='par_1_40' title="bbox 463 2254 2030 2327">
     <span class='ocr_line' id='line_1_40' title="bbox 463 2254 2030 2327; baseline 0.001 -20"><span class='ocrx_word' id='word_1_281' title='bbox 463 2265 647 2310; x_wconf 88' lang='lat' dir='ltr'><strong>vestro</strong></span> <span class='ocrx_word' id='word_1_282' title='bbox 687 2254 911 2310; x_wconf 85' lang='lat' dir='ltr'><strong>rideatis</strong></span> <span class='ocrx_word' id='word_1_283' title='bbox 957 2256 1264 2323; x_wconf 86' lang='lat' dir='ltr'><strong>veritatem,</strong></span> <span class='ocrx_word' id='word_1_284' title='bbox 1307 2273 1429 2327; x_wconf 74' lang='lat' dir='ltr'><strong>qua:</strong></span> <span class='ocrx_word' id='word_1_285' title='bbox 1481 2259 1623 2312; x_wconf 88' lang='lat' dir='ltr'><strong>inter</strong></span> <span class='ocrx_word' id='word_1_286' title='bbox 1667 2258 1931 2311; x_wconf 89' lang='lat' dir='ltr'><strong>barbaros</strong></span> <span class='ocrx_word' id='word_1_287' title='bbox 1963 2256 2030 2310; x_wconf 91' lang='lat' dir='ltr'><strong>ad</strong></span> 
     </span>
    </p>
   </div>
   <div class='ocr_carea' id='block_1_41' title="bbox 2116 2241 3704 2327">
    <p class='ocr_par' dir='ltr' id='par_1_41' title="bbox 2133 2241 3704 2317">
     <span class='ocr_line' id='line_1_41' title="bbox 2133 2241 3704 2317; baseline 0.006 -26"><span class='ocrx_word' id='word_1_288' title='bbox 2133 2241 2373 2312; x_wconf 78' lang='grc' dir='ltr'><strong>σαμένην</strong></span> <span class='ocrx_word' id='word_1_289' title='bbox 2403 2243 2459 2295; x_wconf 88' lang='grc' dir='ltr'><strong>ἐν</strong></span> <span class='ocrx_word' id='word_1_290' title='bbox 2491 2242 2785 2314; x_wconf 82' lang='grc' dir='ltr'><strong>βαρϐάροις</strong></span> <span class='ocrx_word' id='word_1_291' title='bbox 2818 2243 3095 2314; x_wconf 71' lang='grc' dir='ltr'><strong>άλήοείαν,</strong></span> <span class='ocrx_word' id='word_1_292' title='bbox 3127 2245 3195 2314; x_wconf 82' lang='grc' dir='ltr'><strong>ἢν</strong></span> <span class='ocrx_word' id='word_1_293' title='bbox 3233 2247 3326 2299; x_wconf 77' lang='grc' dir='ltr'><strong>καὶ</strong></span> <span class='ocrx_word' id='word_1_294' title='bbox 3355 2247 3482 2317; x_wconf 80' lang='grc' dir='ltr'><strong>ὑμῖν</strong></span> <span class='ocrx_word' id='word_1_295' title='bbox 3512 2246 3704 2316; x_wconf 85' lang='grc' dir='ltr'><strong>ἐπιδη-</strong></span> 
     </span>
    </p>
   </div>
   <div class='ocr_carea' id='block_1_42' title="bbox 462 2333 2050 2418">
    <p class='ocr_par' dir='ltr' id='par_1_42' title="bbox 462 2345 2030 2418">
     <span class='ocr_line' id='line_1_42' title="bbox 462 2345 2030 2418; baseline 0 -18"><span class='ocrx_word' id='word_1_296' title='bbox 462 2359 702 2401; x_wconf 86' lang='lat' dir='ltr'><strong>vestram</strong></span> <span class='ocrx_word' id='word_1_297' title='bbox 753 2348 1257 2402; x_wconf 87' lang='lat' dir='ltr'><strong>condemnationem</strong></span> <span class='ocrx_word' id='word_1_298' title='bbox 1311 2359 1584 2412; x_wconf 86' lang='lat' dir='ltr'><strong>versatur,</strong></span> <span class='ocrx_word' id='word_1_299' title='bbox 1635 2363 1906 2418; x_wconf 89' lang='lat' dir='ltr'><strong>quamque</strong></span> <span class='ocrx_word' id='word_1_300' title='bbox 1961 2345 2030 2400; x_wconf 75' lang='lat' dir='ltr'><strong>ad</strong></span> 
     </span>
    </p>
   </div>
   <div class='ocr_carea' id='block_1_43' title="bbox 2117 2333 3705 2418">
    <p class='ocr_par' dir='ltr' id='par_1_43' title="bbox 2135 2333 3705 2406">
     <span class='ocr_line' id='line_1_43' title="bbox 2135 2333 3705 2406; baseline 0.004 -21"><span class='ocrx_word' id='word_1_301' title='bbox 2135 2333 2384 2404; x_wconf 87' lang='grc' dir='ltr'><strong>μήσασαν</strong></span> <span class='ocrx_word' id='word_1_302' title='bbox 2450 2333 2656 2400; x_wconf 80' lang='grc' dir='ltr'><strong>ξενίσαι</strong></span> <span class='ocrx_word' id='word_1_303' title='bbox 2709 2338 2770 2390; x_wconf 84' lang='grc' dir='ltr'><strong>οὐ</strong></span> <span class='ocrx_word' id='word_1_304' title='bbox 2820 2336 3094 2406; x_wconf 79' lang='grc' dir='ltr'><strong>βούλεσθε,</strong></span> <span class='ocrx_word' id='word_1_305' title='bbox 3151 2336 3242 2390; x_wconf 79' lang='grc' dir='ltr'><strong>διὰ</strong></span> <span class='ocrx_word' id='word_1_306' title='bbox 3285 2338 3384 2402; x_wconf 78' lang='grc' dir='ltr'><strong>τὰς</strong></span> <span class='ocrx_word' id='word_1_307' title='bbox 3417 2338 3705 2406; x_wconf 80' lang='grc' dir='ltr'><strong>ἀσελγείας</strong></span> 
     </span>
    </p>
   </div>
   <div class='ocr_carea' id='block_1_44' title="bbox 463 2425 2051 2510">
    <p class='ocr_par' dir='ltr' id='par_1_44' title="bbox 463 2439 2030 2510">
     <span class='ocr_line' id='line_1_44' title="bbox 463 2439 2030 2510; baseline -0.001 -19"><span class='ocrx_word' id='word_1_308' title='bbox 463 2454 563 2492; x_wconf 89' lang='lat' dir='ltr'><strong>vos</strong></span> <span class='ocrx_word' id='word_1_309' title='bbox 587 2439 959 2492; x_wconf 80' lang='lat' dir='ltr'><strong>advenientem</strong></span> <span class='ocrx_word' id='word_1_310' title='bbox 1004 2454 1109 2492; x_wconf 94' lang='lat' dir='ltr'><strong>non</strong></span> <span class='ocrx_word' id='word_1_311' title='bbox 1139 2439 1304 2495; x_wconf 89' lang='lat' dir='ltr'><strong>vultis</strong></span> <span class='ocrx_word' id='word_1_312' title='bbox 1337 2439 1578 2510; x_wconf 88' lang='lat' dir='ltr'><strong>hospitio</strong></span> <span class='ocrx_word' id='word_1_313' title='bbox 1605 2440 1865 2508; x_wconf 89' lang='lat' dir='ltr'><strong>recipere,</strong></span> <span class='ocrx_word' id='word_1_314' title='bbox 1900 2452 2030 2508; x_wconf 79' lang='lat' dir='ltr'><strong>pro-</strong></span> 
     </span>
    </p>
   </div>
   <div class='ocr_carea' id='block_1_45' title="bbox 2119 2425 3707 2510">
    <p class='ocr_par' dir='ltr' id='par_1_45' title="bbox 2133 2425 3707 2503">
     <span class='ocr_line' id='line_1_45' title="bbox 2133 2425 3707 2503; baseline 0.004 -25"><span class='ocrx_word' id='word_1_315' title='bbox 2133 2425 2308 2498; x_wconf 83' lang='grc' dir='ltr'><strong>ὑμῶν,</strong></span> <span class='ocrx_word' id='word_1_316' title='bbox 2369 2429 2463 2480; x_wconf 83' lang='grc' dir='ltr'><strong>καὶ</strong></span> <span class='ocrx_word' id='word_1_317' title='bbox 2511 2428 2572 2480; x_wconf 73' lang='grc' dir='ltr'>τὸ</span> <span class='ocrx_word' id='word_1_318' title='bbox 2628 2427 2772 2481; x_wconf 76' lang='grc' dir='ltr'><strong>λιτὸν</strong></span> <span class='ocrx_word' id='word_1_319' title='bbox 2822 2429 2929 2481; x_wconf 84' lang='grc' dir='ltr'><strong>τῶν</strong></span> <span class='ocrx_word' id='word_1_320' title='bbox 2981 2429 3154 2498; x_wconf 90' lang='grc' dir='ltr'><strong>λόγων</strong></span> <span class='ocrx_word' id='word_1_321' title='bbox 3213 2431 3381 2500; x_wconf 85' lang='grc' dir='ltr'><strong>αὐτῆς</strong></span> <span class='ocrx_word' id='word_1_322' title='bbox 3403 2469 3418 2492; x_wconf 97' lang='grc'><strong>,</strong></span> <span class='ocrx_word' id='word_1_323' title='bbox 3481 2432 3568 2485; x_wconf 80' lang='grc' dir='ltr'><strong>ἵνα</strong></span> <span class='ocrx_word' id='word_1_324' title='bbox 3624 2432 3707 2503; x_wconf 76' lang='grc' dir='ltr'><strong>μὴ</strong></span> 
     </span>
    </p>
   </div>
   <div class='ocr_carea' id='block_1_46' title="bbox 464 2515 2052 2596">
    <p class='ocr_par' dir='ltr' id='par_1_46' title="bbox 464 2527 2028 2596">
     <span class='ocr_line' id='line_1_46' title="bbox 464 2527 2028 2596; baseline 0.001 -18"><span class='ocrx_word' id='word_1_325' title='bbox 464 2534 585 2596; x_wconf 83' lang='lat' dir='ltr'><strong>pter</strong></span> <span class='ocrx_word' id='word_1_326' title='bbox 615 2527 865 2581; x_wconf 88' lang='lat' dir='ltr'><strong>libidines</strong></span> <span class='ocrx_word' id='word_1_327' title='bbox 892 2535 1122 2593; x_wconf 89' lang='lat' dir='ltr'><strong>vestras,</strong></span> <span class='ocrx_word' id='word_1_328' title='bbox 1156 2536 1210 2583; x_wconf 88' lang='lat' dir='ltr'><strong>et</strong></span> <span class='ocrx_word' id='word_1_329' title='bbox 1241 2529 1532 2584; x_wconf 83' lang='lat' dir='ltr'><strong>verborum</strong></span> <span class='ocrx_word' id='word_1_330' title='bbox 1571 2529 1718 2585; x_wconf 89' lang='lat' dir='ltr'><strong>illius</strong></span> <span class='ocrx_word' id='word_1_331' title='bbox 1748 2529 2028 2593; x_wconf 86' lang='lat' dir='ltr'><strong>vilitatem,</strong></span> 
     </span>
    </p>
   </div>
   <div class='ocr_carea' id='block_1_47' title="bbox 2119 2515 3707 2596">
    <p class='ocr_par' dir='ltr' id='par_1_47' title="bbox 2133 2515 3707 2592">
     <span class='ocr_line' id='line_1_47' title="bbox 2133 2515 3707 2592; baseline 0.005 -25"><span class='ocrx_word' id='word_1_332' title='bbox 2133 2515 2444 2587; x_wconf 84' lang='grc' dir='ltr'><strong>ἐλεγχθῆτε,</strong></span> <span class='ocrx_word' id='word_1_333' title='bbox 2481 2517 2565 2570; x_wconf 79' lang='grc' dir='ltr'><strong>ὅτι</strong></span> <span class='ocrx_word' id='word_1_334' title='bbox 2593 2519 2713 2589; x_wconf 86' lang='grc' dir='ltr'><strong>εἱκῆ</strong></span> <span class='ocrx_word' id='word_1_335' title='bbox 2744 2518 3010 2588; x_wconf 83' lang='grc' dir='ltr'><strong>φιλόλογοί</strong></span> <span class='ocrx_word' id='word_1_336' title='bbox 3044 2521 3189 2583; x_wconf 84' lang='grc' dir='ltr'><strong>ἐστε,</strong></span> <span class='ocrx_word' id='word_1_337' title='bbox 3225 2520 3321 2573; x_wconf 78' lang='grc' dir='ltr'><strong>καὶ</strong></span> <span class='ocrx_word' id='word_1_338' title='bbox 3347 2521 3448 2574; x_wconf 84' lang='grc' dir='ltr'><strong>οὐκ</strong></span> <span class='ocrx_word' id='word_1_339' title='bbox 3483 2521 3707 2592; x_wconf 79' lang='grc' dir='ltr'><strong>ἀληθεῖς</strong></span> 
     </span>
    </p>
   </div>
   <div class='ocr_carea' id='block_1_48' title="bbox 465 2605 2053 2691">
    <p class='ocr_par' dir='ltr' id='par_1_48' title="bbox 465 2617 2030 2691">
     <span class='ocr_line' id='line_1_48' title="bbox 465 2617 2030 2691; baseline 0.003 -19"><span class='ocrx_word' id='word_1_340' title='bbox 465 2635 533 2672; x_wconf 93' lang='lat' dir='ltr'><strong>ne</strong></span> <span class='ocrx_word' id='word_1_341' title='bbox 559 2617 883 2690; x_wconf 77' lang='lat' dir='ltr'><strong>arguamini,</strong></span> <span class='ocrx_word' id='word_1_342' title='bbox 935 2619 1244 2674; x_wconf 91' lang='lat' dir='ltr'><strong>inconsulto</strong></span> <span class='ocrx_word' id='word_1_343' title='bbox 1289 2620 1544 2691; x_wconf 76' lang='lat' dir='ltr'><strong>philologi</strong></span> <span class='ocrx_word' id='word_1_344' title='bbox 1575 2635 1716 2686; x_wconf 89' lang='lat' dir='ltr'><strong>esse,</strong></span> <span class='ocrx_word' id='word_1_345' title='bbox 1756 2630 2030 2676; x_wconf 86' lang='lat' dir='ltr'><strong>amatores</strong></span> 
     </span>
    </p>
   </div>
   <div class='ocr_carea' id='block_1_49' title="bbox 2121 2605 3709 2691">
    <p class='ocr_par' dir='ltr' id='par_1_49' title="bbox 2133 2605 3709 2682">
     <span class='ocr_line' id='line_1_49' title="bbox 2133 2605 3709 2682; baseline 0.005 -23"><span class='ocrx_word' id='word_1_346' title='bbox 2133 2606 2430 2677; x_wconf 80' lang='grc' dir='ltr'><strong>φιλόσοφοι.</strong></span> <span class='ocrx_word' id='word_1_347' title='bbox 2480 2609 2656 2680; x_wconf 82' lang='grc' dir='ltr'>Μέχρι</span> <span class='ocrx_word' id='word_1_348' title='bbox 2685 2610 2780 2680; x_wconf 86' lang='grc' dir='ltr'><strong>μὲν</strong></span> <span class='ocrx_word' id='word_1_349' title='bbox 2803 2605 2896 2664; x_wconf 83' lang='grc' dir='ltr'><strong>οὖν</strong></span> <span class='ocrx_word' id='word_1_350' title='bbox 2923 2628 3054 2664; x_wconf 87' lang='grc' dir='ltr'><strong>ποτε</strong></span> <span class='ocrx_word' id='word_1_351' title='bbox 3085 2611 3266 2665; x_wconf 86' lang='grc' dir='ltr'><strong>λαλεῖν</strong></span> <span class='ocrx_word' id='word_1_352' title='bbox 3301 2611 3619 2682; x_wconf 81' lang='grc' dir='ltr'><strong>μανθάνετε,</strong></span> <span class='ocrx_word' id='word_1_353' title='bbox 3652 2615 3709 2667; x_wconf 71' lang='grc' dir='ltr'><strong>οἱ</strong></span> 
     </span>
    </p>
   </div>
   <div class='ocr_carea' id='block_1_50' title="bbox 464 2700 2052 2779">
    <p class='ocr_par' dir='ltr' id='par_1_50' title="bbox 464 2710 2030 2779">
     <span class='ocr_line' id='line_1_50' title="bbox 464 2710 2030 2779; baseline 0 -14"><span class='ocrx_word' id='word_1_354' title='bbox 464 2723 803 2774; x_wconf 83' lang='lat' dir='ltr'><strong>sermonum,</strong></span> <span class='ocrx_word' id='word_1_355' title='bbox 857 2725 961 2762; x_wconf 92' lang='lat' dir='ltr'><strong>non</strong></span> <span class='ocrx_word' id='word_1_356' title='bbox 1003 2718 1181 2764; x_wconf 91' lang='lat' dir='ltr'><strong>autem</strong></span> <span class='ocrx_word' id='word_1_357' title='bbox 1225 2711 1338 2766; x_wconf 89' lang='lat' dir='ltr'><strong>veri</strong></span> <span class='ocrx_word' id='word_1_358' title='bbox 1380 2710 1708 2779; x_wconf 81' lang='lat' dir='ltr'><strong>philosophi,</strong></span> <span class='ocrx_word' id='word_1_359' title='bbox 1753 2711 2030 2779; x_wconf 68' lang='lat' dir='ltr'><strong>sapientia:</strong></span> 
     </span>
    </p>
   </div>
   <div class='ocr_carea' id='block_1_51' title="bbox 2118 2700 3706 2779">
    <p class='ocr_par' dir='ltr' id='par_1_51' title="bbox 2130 2700 3706 2778">
     <span class='ocr_line' id='line_1_51' title="bbox 2130 2700 3706 2778; baseline 0.004 -23"><span class='ocrx_word' id='word_1_360' title='bbox 2130 2700 2191 2755; x_wconf 71' lang='grc' dir='ltr'><strong>τὸ</strong></span> <span class='ocrx_word' id='word_1_361' title='bbox 2228 2700 2406 2763; x_wconf 83' lang='grc' dir='ltr'><strong>καλῶς</strong></span> <span class='ocrx_word' id='word_1_362' title='bbox 2451 2700 2626 2753; x_wconf 87' lang='grc' dir='ltr'><strong>λαλεῖν</strong></span> <span class='ocrx_word' id='word_1_363' title='bbox 2665 2702 2765 2753; x_wconf 76' lang='grc' dir='ltr'><strong>οὐκ</strong></span> <span class='ocrx_word' id='word_1_364' title='bbox 2808 2701 3022 2773; x_wconf 77' lang='grc' dir='ltr'><strong>ἔχοντες</strong></span> <span class='ocrx_word' id='word_1_365' title='bbox 3069 2702 3181 2773; x_wconf 72' lang='grc'><strong>(4);</strong></span> <span class='ocrx_word' id='word_1_366' title='bbox 3219 2704 3398 2758; x_wconf 87' lang='grc' dir='ltr'><strong>Πολλά</strong></span> <span class='ocrx_word' id='word_1_367' title='bbox 3437 2705 3546 2778; x_wconf 80' lang='grc' dir='ltr'><strong>γάρ</strong></span> <span class='ocrx_word' id='word_1_368' title='bbox 3571 2711 3706 2778; x_wconf 80' lang='grc' dir='ltr'><strong>παρ’</strong></span> 
     </span>
    </p>
   </div>
   <div class='ocr_carea' id='block_1_52' title="bbox 467 2792 2055 2870">
    <p class='ocr_par' dir='ltr' id='par_1_52' title="bbox 467 2795 2029 2870">
     <span class='ocr_line' id='line_1_52' title="bbox 467 2795 2029 2870; baseline 0.003 -17"><span class='ocrx_word' id='word_1_369' title='bbox 467 2799 720 2853; x_wconf 83' lang='lat' dir='ltr'><strong>studiosi.</strong></span> <span class='ocrx_word' id='word_1_370' title='bbox 776 2795 1071 2869; x_wconf 83' lang='lat' dir='ltr'><strong>Quousque</strong></span> <span class='ocrx_word' id='word_1_371' title='bbox 1123 2815 1255 2870; x_wconf 80' lang='lat' dir='ltr'><strong>ergo</strong></span> <span class='ocrx_word' id='word_1_372' title='bbox 1297 2799 1507 2870; x_wconf 82' lang='lat' dir='ltr'><strong>discitis</strong></span> <span class='ocrx_word' id='word_1_373' title='bbox 1551 2799 1719 2870; x_wconf 92' lang='lat' dir='ltr'><strong>loqui,</strong></span> <span class='ocrx_word' id='word_1_374' title='bbox 1761 2801 1855 2869; x_wconf 91' lang='lat' dir='ltr'><strong>qui</strong></span> <span class='ocrx_word' id='word_1_375' title='bbox 1894 2801 2029 2857; x_wconf 90' lang='lat' dir='ltr'><strong>bene</strong></span> 
     </span>
    </p>
   </div>
   <div class='ocr_carea' id='block_1_53' title="bbox 2121 2792 3709 2870">
    <p class='ocr_par' dir='ltr' id='par_1_53' title="bbox 2131 2792 3709 2868">
     <span class='ocr_line' id='line_1_53' title="bbox 2131 2792 3709 2868; baseline 0.005 -23"><span class='ocrx_word' id='word_1_376' title='bbox 2131 2792 2284 2862; x_wconf 85' lang='grc' dir='ltr'><strong>ὑμῶν</strong></span> <span class='ocrx_word' id='word_1_377' title='bbox 2323 2793 2562 2863; x_wconf 80' lang='grc' dir='ltr'><strong>ῥήματα.</strong></span> <span class='ocrx_word' id='word_1_378' title='bbox 2601 2793 2717 2856; x_wconf 83' lang='grc' dir='ltr'><strong>ἐνὸς</strong></span> <span class='ocrx_word' id='word_1_379' title='bbox 2754 2793 2852 2846; x_wconf 79' lang='grc' dir='ltr'><strong>οὑκ</strong></span> <span class='ocrx_word' id='word_1_380' title='bbox 2890 2792 3016 2859; x_wconf 78' lang='grc' dir='ltr'><strong>ἀξια</strong></span> <span class='ocrx_word' id='word_1_381' title='bbox 3051 2792 3229 2862; x_wconf 91' lang='grc' dir='ltr'><strong>λόγου.</strong></span> <span class='ocrx_word' id='word_1_382' title='bbox 3265 2795 3329 2847; x_wconf 93' lang='grc' dir='ltr'><strong>Τί</strong></span> <span class='ocrx_word' id='word_1_383' title='bbox 3361 2795 3418 2849; x_wconf 83' lang='grc' dir='ltr'><strong>δὲ</strong></span> <span class='ocrx_word' id='word_1_384' title='bbox 3459 2798 3565 2868; x_wconf 79' lang='grc' dir='ltr'><strong>ἄρα</strong></span> <span class='ocrx_word' id='word_1_385' title='bbox 3609 2800 3709 2853; x_wconf 72' lang='grc' dir='ltr'><strong>καὶ</strong></span> 
     </span>
    </p>
   </div>
   <div class='ocr_carea' id='block_1_54' title="bbox 466 2866 2054 2961">
    <p class='ocr_par' dir='ltr' id='par_1_54' title="bbox 466 2866 2026 2961">
     <span class='ocr_line' id='line_1_54' title="bbox 466 2866 2026 2961; baseline 0.001 -16"><span class='ocrx_word' id='word_1_386' title='bbox 466 2891 615 2961; x_wconf 88' lang='lat' dir='ltr'><strong>loqui</strong></span> <span class='ocrx_word' id='word_1_387' title='bbox 667 2891 930 2945; x_wconf 84' lang='lat' dir='ltr'><strong>nescitis?</strong></span> <span class='ocrx_word' id='word_1_388' title='bbox 976 2866 1141 2944; x_wconf 61' lang='lat' dir='ltr'><strong>hlulta</strong></span> <span class='ocrx_word' id='word_1_389' title='bbox 1191 2866 1335 2944; x_wconf 77' lang='lat' dir='ltr'><strong>enim</strong></span> <span class='ocrx_word' id='word_1_390' title='bbox 1375 2866 1538 2944; x_wconf 64' lang='lat' dir='ltr'><strong>verba</strong></span> <span class='ocrx_word' id='word_1_391' title='bbox 1584 2866 1706 2961; x_wconf 74' lang='lat' dir='ltr'><strong>qua:</strong></span> <span class='ocrx_word' id='word_1_392' title='bbox 1750 2866 2026 2961; x_wconf 74' lang='lat' dir='ltr'><strong>profertis,</strong></span> 
     </span>
    </p>
   </div>
   <div class='ocr_carea' id='block_1_55' title="bbox 2123 2866 3711 2961">
    <p class='ocr_par' dir='ltr' id='par_1_55' title="bbox 2131 2866 3711 2960">
     <span class='ocr_line' id='line_1_55' title="bbox 2131 2866 3711 2960; baseline 0.005 -26"><span class='ocrx_word' id='word_1_393' title='bbox 2131 2882 2246 2954; x_wconf 84' lang='grc' dir='ltr'><strong>ἐρεῖ</strong></span> <span class='ocrx_word' id='word_1_394' title='bbox 2273 2883 2400 2953; x_wconf 88' lang='grc' dir='ltr'><strong>ὑμῖν</strong></span> <span class='ocrx_word' id='word_1_395' title='bbox 2430 2883 2474 2913; x_wconf 80' lang='grc'><strong>’⁸</strong></span> <span class='ocrx_word' id='word_1_396' title='bbox 2487 2877 2547 2931; x_wconf 83' lang='grc' dir='ltr'><strong>τό</strong></span> <span class='ocrx_word' id='word_1_397' title='bbox 2575 2883 2870 2955; x_wconf 83' lang='grc' dir='ltr'><strong>Ελληνικὺν</strong></span> <span class='ocrx_word' id='word_1_398' title='bbox 2900 2884 3102 2956; x_wconf 80' lang='grc' dir='ltr'><strong>πλῆθος</strong></span> <span class='ocrx_word' id='word_1_399' title='bbox 3141 2888 3240 2958; x_wconf 86' lang='grc' dir='ltr'><strong>μία</strong></span> <span class='ocrx_word' id='word_1_400' title='bbox 3265 2887 3408 2960; x_wconf 76' lang='grc' dir='ltr'><strong>ψυχή</strong></span> <span class='ocrx_word' id='word_1_401' title='bbox 3452 2866 3583 2942; x_wconf 82' lang='grc' dir='ltr'><strong>ποτε</strong></span> <span class='ocrx_word' id='word_1_402' title='bbox 3613 2907 3711 2958; x_wconf 85' lang='grc' dir='ltr'><strong>γε-</strong></span> 
     </span>
    </p>
   </div>
   <div class='ocr_carea' id='block_1_56' title="bbox 469 2975 2057 3052">
    <p class='ocr_par' dir='ltr' id='par_1_56' title="bbox 469 2983 2027 3052">
     <span class='ocr_line' id='line_1_56' title="bbox 469 2983 2027 3052; baseline 0.005 -19"><span class='ocrx_word' id='word_1_403' title='bbox 469 2983 630 3036; x_wconf 89' lang='lat' dir='ltr'><strong>unius</strong></span> <span class='ocrx_word' id='word_1_404' title='bbox 685 2983 832 3036; x_wconf 84' lang='lat' dir='ltr'><strong>verbi</strong></span> <span class='ocrx_word' id='word_1_405' title='bbox 901 2983 1078 3051; x_wconf 86' lang='lat' dir='ltr'><strong>pretio</strong></span> <span class='ocrx_word' id='word_1_406' title='bbox 1144 2998 1250 3034; x_wconf 89' lang='lat' dir='ltr'><strong>non</strong></span> <span class='ocrx_word' id='word_1_407' title='bbox 1307 2989 1435 3036; x_wconf 91' lang='lat' dir='ltr'><strong>sunt</strong></span> <span class='ocrx_word' id='word_1_408' title='bbox 1480 2983 1816 3038; x_wconf 57' lang='lat' dir='ltr'><strong>aestimanda.</strong></span> <span class='ocrx_word' id='word_1_409' title='bbox 1888 2984 2027 3052; x_wconf 85' lang='lat' dir='ltr'><strong>Quid</strong></span> 
     </span>
    </p>
   </div>
   <div class='ocr_carea' id='block_1_57' title="bbox 2117 2975 3705 3052">
    <p class='ocr_par' dir='ltr' id='par_1_57' title="bbox 2130 2975 3705 3052">
     <span class='ocr_line' id='line_1_57' title="bbox 2130 2975 3705 3052; baseline 0.004 -22"><span class='ocrx_word' id='word_1_410' title='bbox 2130 2975 2374 3046; x_wconf 75' lang='grc' dir='ltr'><strong>νόμενον,</strong></span> <span class='ocrx_word' id='word_1_411' title='bbox 2408 2978 2564 3048; x_wconf 86' lang='grc' dir='ltr'><strong>εῐπερ</strong></span> <span class='ocrx_word' id='word_1_412' title='bbox 2591 2975 2744 3030; x_wconf 76' lang='grc' dir='ltr'><strong>ἔσται</strong></span> <span class='ocrx_word' id='word_1_413' title='bbox 2786 2977 2967 3049; x_wconf 81' lang='grc' dir='ltr'><strong>κρίσις</strong></span> <span class='ocrx_word' id='word_1_414' title='bbox 3003 2981 3078 3044; x_wconf 83' lang='grc' dir='ltr'><strong>ὡς</strong></span> <span class='ocrx_word' id='word_1_415' title='bbox 3106 2975 3260 3044; x_wconf 75' lang='grc' dir='ltr'><strong>οὗτός</strong></span> <span class='ocrx_word' id='word_1_416' title='bbox 3289 2998 3453 3052; x_wconf 79' lang='grc' dir='ltr'><strong>φησι;</strong></span> <span class='ocrx_word' id='word_1_417' title='bbox 3493 2981 3594 3035; x_wconf 84' lang='grc' dir='ltr'><strong>Διά</strong></span> <span class='ocrx_word' id='word_1_418' title='bbox 3625 2976 3705 3044; x_wconf 77' lang='grc' dir='ltr'><strong>τί,</strong></span> 
     </span>
    </p>
   </div>
   <div class='ocr_carea' id='block_1_58' title="bbox 467 3058 2055 3161">
    <p class='ocr_par' dir='ltr' id='par_1_58' title="bbox 467 3070 2030 3138">
     <span class='ocr_line' id='line_1_58' title="bbox 467 3070 2030 3138; baseline 0.003 -12"><span class='ocrx_word' id='word_1_419' title='bbox 467 3083 646 3127; x_wconf 84' lang='lat' dir='ltr'><strong>autem</strong></span> <span class='ocrx_word' id='word_1_420' title='bbox 692 3081 744 3124; x_wconf 89' lang='lat' dir='ltr'><strong>et</strong></span> <span class='ocrx_word' id='word_1_421' title='bbox 779 3071 922 3125; x_wconf 84' lang='lat' dir='ltr'><strong>dicet</strong></span> <span class='ocrx_word' id='word_1_422' title='bbox 951 3070 1132 3125; x_wconf 62' lang='lat' dir='ltr'><strong>Graeca</strong></span> <span class='ocrx_word' id='word_1_423' title='bbox 1167 3080 1349 3124; x_wconf 89' lang='lat' dir='ltr'><strong>vestra</strong></span> <span class='ocrx_word' id='word_1_424' title='bbox 1401 3072 1713 3138; x_wconf 89' lang='lat' dir='ltr'><strong>multitudo,</strong></span> <span class='ocrx_word' id='word_1_425' title='bbox 1757 3077 2030 3132; x_wconf 80' lang='lat' dir='ltr'><strong>unanimis</strong></span> 
     </span>
    </p>
   </div>
   <div class='ocr_carea' id='block_1_59' title="bbox 2127 3058 3715 3161">
    <p class='ocr_par' dir='ltr' id='par_1_59' title="bbox 2133 3058 3715 3145">
     <span class='ocr_line' id='line_1_59' title="bbox 2133 3058 3715 3145; baseline 0.006 -26"><span class='ocrx_word' id='word_1_426' title='bbox 2133 3058 2178 3118; x_wconf 80' lang='grc' dir='ltr'><strong>ὦ</strong></span> <span class='ocrx_word' id='word_1_427' title='bbox 2209 3065 2330 3130; x_wconf 79' lang='grc' dir='ltr'><strong>θεὲ,</strong></span> <span class='ocrx_word' id='word_1_428' title='bbox 2370 3066 2468 3138; x_wconf 80' lang='grc' dir='ltr'><strong>τὴν</strong></span> <span class='ocrx_word' id='word_1_429' title='bbox 2513 3067 2611 3138; x_wconf 81' lang='grc' dir='ltr'><strong>σὴν</strong></span> <span class='ocrx_word' id='word_1_430' title='bbox 2663 3068 2917 3140; x_wconf 87' lang='grc' dir='ltr'><strong>βούλησιν</strong></span> <span class='ocrx_word' id='word_1_431' title='bbox 2963 3072 3064 3125; x_wconf 82' lang='grc' dir='ltr'><strong>οὐκ</strong></span> <span class='ocrx_word' id='word_1_432' title='bbox 3106 3071 3378 3145; x_wconf 83' lang='grc' dir='ltr'><strong>ἐκήρυξας</strong></span> <span class='ocrx_word' id='word_1_433' title='bbox 3419 3074 3586 3145; x_wconf 87' lang='grc' dir='ltr'><strong>ήμῖν;</strong></span> <span class='ocrx_word' id='word_1_434' title='bbox 3631 3075 3715 3129; x_wconf 84' lang='grc' dir='ltr'><strong>Οὐ</strong></span> 
     </span>
    </p>
   </div>
   <div class='ocr_carea' id='block_1_60' title="bbox 467 3159 2055 3237">
    <p class='ocr_par' dir='ltr' id='par_1_60' title="bbox 467 3161 2031 3234">
     <span class='ocr_line' id='line_1_60' title="bbox 467 3161 2031 3234; baseline 0.001 -14"><span class='ocrx_word' id='word_1_435' title='bbox 467 3165 760 3234; x_wconf 79' lang='lat' dir='ltr'><strong>aliquando</strong></span> <span class='ocrx_word' id='word_1_436' title='bbox 806 3163 980 3225; x_wconf 79' lang='lat' dir='ltr'><strong>facta,</strong></span> <span class='ocrx_word' id='word_1_437' title='bbox 1024 3163 1068 3218; x_wconf 90' lang='lat' dir='ltr'><strong>si</strong></span> <span class='ocrx_word' id='word_1_438' title='bbox 1101 3161 1366 3231; x_wconf 87' lang='lat' dir='ltr'><strong>judicium</strong></span> <span class='ocrx_word' id='word_1_439' title='bbox 1419 3162 1664 3217; x_wconf 82' lang='lat' dir='ltr'><strong>futurum</strong></span> <span class='ocrx_word' id='word_1_440' title='bbox 1697 3176 1809 3231; x_wconf 87' lang='lat' dir='ltr'><strong>est,</strong></span> <span class='ocrx_word' id='word_1_441' title='bbox 1843 3176 1901 3220; x_wconf 92' lang='lat' dir='ltr'><strong>ut</strong></span> <span class='ocrx_word' id='word_1_442' title='bbox 1929 3167 2031 3222; x_wconf 89' lang='lat' dir='ltr'><strong>iste</strong></span> 
     </span>
    </p>
   </div>
   <div class='ocr_carea' id='block_1_61' title="bbox 2124 3159 3712 3237">
    <p class='ocr_par' dir='ltr' id='par_1_61' title="bbox 2137 3159 3712 3237">
     <span class='ocr_line' id='line_1_61' title="bbox 2137 3159 3712 3237; baseline 0.004 -25"><span class='ocrx_word' id='word_1_443' title='bbox 2137 3159 2353 3222; x_wconf 83' lang='grc' dir='ltr'><strong>πάντως</strong></span> <span class='ocrx_word' id='word_1_444' title='bbox 2379 3159 2707 3223; x_wconf 79' lang='grc' dir='ltr'><strong>ἀκούσεσθε,</strong></span> <span class='ocrx_word' id='word_1_445' title='bbox 2741 3161 2896 3232; x_wconf 75' lang='grc' dir='ltr'>εἴπερ</span> <span class='ocrx_word' id='word_1_446' title='bbox 2923 3162 3066 3226; x_wconf 82' lang='grc' dir='ltr'><strong>τινὸς</strong></span> <span class='ocrx_word' id='word_1_447' title='bbox 3095 3162 3203 3234; x_wconf 77' lang='grc' dir='ltr'><strong>ἄρα</strong></span> <span class='ocrx_word' id='word_1_448' title='bbox 3239 3163 3334 3218; x_wconf 81' lang='grc' dir='ltr'><strong>καὶ</strong></span> <span class='ocrx_word' id='word_1_449' title='bbox 3367 3165 3712 3237; x_wconf 85' lang='grc' dir='ltr'><strong>ἀποκρίσεως</strong></span> 
     </span>
    </p>
   </div>
   <div class='ocr_carea' id='block_1_62' title="bbox 468 3247 2056 3328">
    <p class='ocr_par' dir='ltr' id='par_1_62' title="bbox 468 3255 2032 3328">
     <span class='ocr_line' id='line_1_62' title="bbox 468 3255 2032 3328; baseline 0.003 -18"><span class='ocrx_word' id='word_1_450' title='bbox 468 3258 588 3310; x_wconf 87' lang='lat' dir='ltr'><strong>ait?</strong></span> <span class='ocrx_word' id='word_1_451' title='bbox 623 3257 823 3322; x_wconf 89' lang='lat' dir='ltr'><strong>Quare,</strong></span> <span class='ocrx_word' id='word_1_452' title='bbox 852 3255 1014 3321; x_wconf 89' lang='lat' dir='ltr'><strong>Deus,</strong></span> <span class='ocrx_word' id='word_1_453' title='bbox 1046 3256 1380 3310; x_wconf 86' lang='lat' dir='ltr'><strong>voluntatem</strong></span> <span class='ocrx_word' id='word_1_454' title='bbox 1408 3263 1554 3310; x_wconf 91' lang='lat' dir='ltr'><strong>tuam</strong></span> <span class='ocrx_word' id='word_1_455' title='bbox 1589 3274 1694 3312; x_wconf 86' lang='lat' dir='ltr'><strong>non</strong></span> <span class='ocrx_word' id='word_1_456' title='bbox 1727 3260 2032 3328; x_wconf 70' lang='lat' dir='ltr'><strong>pra3dicasti</strong></span> 
     </span>
    </p>
   </div>
   <div class='ocr_carea' id='block_1_63' title="bbox 2127 3247 3715 3328">
    <p class='ocr_par' dir='ltr' id='par_1_63' title="bbox 2137 3247 3715 3324">
     <span class='ocr_line' id='line_1_63' title="bbox 2137 3247 3715 3324; baseline 0.002 -20"><span class='ocrx_word' id='word_1_457' title='bbox 2137 3247 2635 3318; x_wconf 79' lang='grc' dir='ltr'><strong>καταξιωθήσεσοε,</strong></span> <span class='ocrx_word' id='word_1_458' title='bbox 2680 3249 2786 3313; x_wconf 81' lang='grc' dir='ltr'><strong>ὼς,</strong></span> <span class='ocrx_word' id='word_1_459' title='bbox 2828 3249 2938 3318; x_wconf 88' lang='grc' dir='ltr'><strong>ἐγὼ</strong></span> <span class='ocrx_word' id='word_1_460' title='bbox 2973 3251 3153 3315; x_wconf 87' lang='grc' dir='ltr'><strong>πάσας</strong></span> <span class='ocrx_word' id='word_1_461' title='bbox 3183 3251 3281 3314; x_wconf 81' lang='grc' dir='ltr'><strong>τὰς</strong></span> <span class='ocrx_word' id='word_1_462' title='bbox 3313 3253 3574 3323; x_wconf 77' lang='grc' dir='ltr'><strong>ἐσομένας</strong></span> <span class='ocrx_word' id='word_1_463' title='bbox 3605 3255 3715 3324; x_wconf 80' lang='grc' dir='ltr'><strong>πρὸ</strong></span> 
     </span>
    </p>
   </div>
   <div class='ocr_carea' id='block_1_64' title="bbox 473 3339 2061 3421">
    <p class='ocr_par' dir='ltr' id='par_1_64' title="bbox 473 3346 2032 3421">
     <span class='ocr_line' id='line_1_64' title="bbox 473 3346 2032 3421; baseline 0.002 -18"><span class='ocrx_word' id='word_1_464' title='bbox 473 3349 670 3403; x_wconf 85' lang='lat' dir='ltr'><strong>nobis?</strong></span> <span class='ocrx_word' id='word_1_465' title='bbox 718 3347 1038 3401; x_wconf 73' lang='lat' dir='ltr'><strong>Nullatcnus</strong></span> <span class='ocrx_word' id='word_1_466' title='bbox 1068 3346 1363 3400; x_wconf 87' lang='lat' dir='ltr'><strong>audiemini</strong></span> <span class='ocrx_word' id='word_1_467' title='bbox 1391 3364 1404 3399; x_wconf 90' lang='lat'><strong>:</strong></span> <span class='ocrx_word' id='word_1_468' title='bbox 1436 3349 1519 3401; x_wconf 88' lang='lat' dir='ltr'><strong>vel</strong></span> <span class='ocrx_word' id='word_1_469' title='bbox 1551 3347 1689 3404; x_wconf 81' lang='lat' dir='ltr'><strong>forte</strong></span> <span class='ocrx_word' id='word_1_470' title='bbox 1720 3359 1773 3404; x_wconf 91' lang='lat' dir='ltr'><strong>et</strong></span> <span class='ocrx_word' id='word_1_471' title='bbox 1795 3351 2032 3421; x_wconf 83' lang='lat' dir='ltr'><strong>aliquam</strong></span> 
     </span>
    </p>
   </div>
   <div class='ocr_carea' id='block_1_65' title="bbox 2127 3339 3715 3421">
    <p class='ocr_par' dir='ltr' id='par_1_65' title="bbox 2138 3339 3715 3417">
     <span class='ocr_line' id='line_1_65' title="bbox 2138 3339 3715 3417; baseline 0.004 -24"><span class='ocrx_word' id='word_1_472' title='bbox 2138 3339 2440 3410; x_wconf 81' lang='grc' dir='ltr'><strong>καταϐολῆς</strong></span> <span class='ocrx_word' id='word_1_473' title='bbox 2482 3339 2687 3411; x_wconf 83' lang='grc' dir='ltr'><strong>κόσμου</strong></span> <span class='ocrx_word' id='word_1_474' title='bbox 2731 3343 3080 3413; x_wconf 83' lang='grc' dir='ltr'><strong>προαιρέσεις</strong></span> <span class='ocrx_word' id='word_1_475' title='bbox 3123 3342 3297 3408; x_wconf 83' lang='grc' dir='ltr'><strong>εἰδὼς,</strong></span> <span class='ocrx_word' id='word_1_476' title='bbox 3331 3345 3545 3416; x_wconf 78' lang='grc' dir='ltr'><strong>ἑκάστῳ</strong></span> <span class='ocrx_word' id='word_1_477' title='bbox 3575 3346 3715 3417; x_wconf 81' lang='grc' dir='ltr'><strong>πρὸς</strong></span> 
     </span>
    </p>
   </div>
   <div class='ocr_carea' id='block_1_66' title="bbox 472 3427 2060 3511">
    <p class='ocr_par' dir='ltr' id='par_1_66' title="bbox 472 3438 2032 3511">
     <span class='ocr_line' id='line_1_66' title="bbox 472 3438 2032 3511; baseline 0 -15"><span class='ocrx_word' id='word_1_478' title='bbox 472 3439 886 3510; x_wconf 82' lang='lat' dir='ltr'><strong>responsionem</strong></span> <span class='ocrx_word' id='word_1_479' title='bbox 942 3438 1310 3508; x_wconf 85' lang='lat' dir='ltr'><strong>reportabitis,</strong></span> <span class='ocrx_word' id='word_1_480' title='bbox 1364 3439 1714 3509; x_wconf 90' lang='lat' dir='ltr'><strong>hujusmodi:</strong></span> <span class='ocrx_word' id='word_1_481' title='bbox 1764 3440 2032 3511; x_wconf 81' lang='lat' dir='ltr'><strong>Egocum</strong></span> 
     </span>
    </p>
   </div>
   <div class='ocr_carea' id='block_1_67' title="bbox 2128 3427 3716 3511">
    <p class='ocr_par' dir='ltr' id='par_1_67' title="bbox 2137 3427 3716 3504">
     <span class='ocr_line' id='line_1_67' title="bbox 2137 3427 3716 3504; baseline 0.004 -23"><span class='ocrx_word' id='word_1_482' title='bbox 2137 3429 2199 3482; x_wconf 81' lang='grc' dir='ltr'>τὸ</span> <span class='ocrx_word' id='word_1_483' title='bbox 2227 3427 2390 3482; x_wconf 80' lang='grc' dir='ltr'><strong>αὑτοῦ</strong></span> <span class='ocrx_word' id='word_1_484' title='bbox 2421 3427 2568 3492; x_wconf 77' lang='grc' dir='ltr'><strong>ἄξιον</strong></span> <span class='ocrx_word' id='word_1_485' title='bbox 2597 3428 2968 3494; x_wconf 87' lang='grc' dir='ltr'><strong>λανΟανόντως</strong></span> <span class='ocrx_word' id='word_1_486' title='bbox 2999 3433 3392 3504; x_wconf 76' lang='grc' dir='ltr'><strong>προαπήντησα</strong></span> <span class='ocrx_word' id='word_1_487' title='bbox 3414 3451 3427 3464; x_wconf 79' lang='grc'><em>’</em></span> <span class='ocrx_word' id='word_1_488' title='bbox 3461 3434 3622 3487; x_wconf 87' lang='grc' dir='ltr'><strong>τοῦτο</strong></span> <span class='ocrx_word' id='word_1_489' title='bbox 3651 3435 3716 3488; x_wconf 85' lang='grc' dir='ltr'><strong>δὲ</strong></span> 
     </span>
    </p>
   </div>
   <div class='ocr_carea' id='block_1_68' title="bbox 471 3519 2059 3613">
    <p class='ocr_par' dir='ltr' id='par_1_68' title="bbox 471 3535 2035 3598">
     <span class='ocr_line' id='line_1_68' title="bbox 471 3535 2035 3598; baseline -0.001 -4"><span class='ocrx_word' id='word_1_490' title='bbox 471 3553 662 3594; x_wconf 91' lang='lat' dir='ltr'><strong>omnes</strong></span> <span class='ocrx_word' id='word_1_491' title='bbox 726 3535 936 3597; x_wconf 74' lang='lat' dir='ltr'><strong>futuras</strong></span> <span class='ocrx_word' id='word_1_492' title='bbox 991 3535 1340 3598; x_wconf 86' lang='lat' dir='ltr'><strong>voluntates,</strong></span> <span class='ocrx_word' id='word_1_493' title='bbox 1412 3543 1536 3590; x_wconf 89' lang='lat' dir='ltr'><strong>ante</strong></span> <span class='ocrx_word' id='word_1_494' title='bbox 1591 3537 2035 3592; x_wconf 80' lang='lat' dir='ltr'><strong>constitutionem</strong></span> 
     </span>
    </p>
   </div>
   <div class='ocr_carea' id='block_1_69' title="bbox 2129 3519 3717 3613">
    <p class='ocr_par' dir='ltr' id='par_1_69' title="bbox 2142 3519 3717 3613">
     <span class='ocr_line' id='line_1_69' title="bbox 2142 3519 3717 3613; baseline 0.003 -40"><span class='ocrx_word' id='word_1_495' title='bbox 2142 3520 2273 3573; x_wconf 79' lang='grc' dir='ltr'><strong>αὐτὸ</strong></span> <span class='ocrx_word' id='word_1_496' title='bbox 2301 3521 2382 3574; x_wconf 83' lang='grc' dir='ltr'><strong>ὅτι</strong></span> <span class='ocrx_word' id='word_1_497' title='bbox 2413 3519 2583 3584; x_wconf 80' lang='grc' dir='ltr'><strong>οὕτως</strong></span> <span class='ocrx_word' id='word_1_498' title='bbox 2612 3519 2744 3591; x_wconf 72' lang='grc' dir='ltr'><strong>ἔχει,</strong></span> <span class='ocrx_word' id='word_1_499' title='bbox 2772 3521 3050 3593; x_wconf 76' lang='grc' dir='ltr'><strong>βουληθεὶς</strong></span> <span class='ocrx_word' id='word_1_500' title='bbox 3076 3523 3201 3586; x_wconf 82' lang='grc' dir='ltr'><strong>τοὺς</strong></span> <span class='ocrx_word' id='word_1_501' title='bbox 3231 3525 3717 3613; x_wconf 56' lang='grc' dir='ltr'><strong>προσπεφευγόῖας</strong></span> 
     </span>
    </p>
   </div>
   <div class='ocr_carea' id='block_1_70' title="bbox 473 3617 2061 3699">
    <p class='ocr_par' dir='ltr' id='par_1_70' title="bbox 473 3627 2036 3699">
     <span class='ocr_line' id='line_1_70' title="bbox 473 3627 2036 3699; baseline -0.003 -12"><span class='ocrx_word' id='word_1_502' title='bbox 473 3631 662 3688; x_wconf 90' lang='lat' dir='ltr'><strong>mundi</strong></span> <span class='ocrx_word' id='word_1_503' title='bbox 698 3629 1082 3699; x_wconf 82' lang='lat' dir='ltr'><strong>cognoscerem</strong></span> <span class='ocrx_word' id='word_1_504' title='bbox 1103 3669 1118 3693; x_wconf 93' lang='lat'><strong>,</strong></span> <span class='ocrx_word' id='word_1_505' title='bbox 1151 3627 1444 3698; x_wconf 89' lang='lat' dir='ltr'><strong>unicuique</strong></span> <span class='ocrx_word' id='word_1_506' title='bbox 1473 3645 1570 3698; x_wconf 87' lang='lat' dir='ltr'><strong>pro</strong></span> <span class='ocrx_word' id='word_1_507' title='bbox 1601 3632 1796 3684; x_wconf 84' lang='lat' dir='ltr'><strong>merito</strong></span> <span class='ocrx_word' id='word_1_508' title='bbox 1825 3645 1927 3686; x_wconf 85' lang='lat' dir='ltr'><strong>suo</strong></span> <span class='ocrx_word' id='word_1_509' title='bbox 1956 3631 2036 3684; x_wconf 85' lang='lat' dir='ltr'><strong>la-</strong></span> 
     </span>
    </p>
   </div>
   <div class='ocr_carea' id='block_1_71' title="bbox 2131 3617 3719 3699">
    <p class='ocr_par' dir='ltr' id='par_1_71' title="bbox 2145 3617 3719 3694">
     <span class='ocr_line' id='line_1_71' title="bbox 2145 3617 3719 3694; baseline 0.003 -24"><span class='ocrx_word' id='word_1_510' title='bbox 2145 3635 2233 3688; x_wconf 89' lang='grc' dir='ltr'><strong>μοι</strong></span> <span class='ocrx_word' id='word_1_511' title='bbox 2255 3617 2707 3690; x_wconf 55' lang='grc' dir='ltr'><strong>νπληροφορῆσαι,</strong></span> <span class='ocrx_word' id='word_1_512' title='bbox 2743 3619 2828 3672; x_wconf 84' lang='grc' dir='ltr'><strong>διά</strong></span> <span class='ocrx_word' id='word_1_513' title='bbox 2859 3621 2911 3672; x_wconf 87' lang='grc' dir='ltr'><strong>τί</strong></span> <span class='ocrx_word' id='word_1_514' title='bbox 2946 3621 3202 3692; x_wconf 85' lang='grc' dir='ltr'><strong>ἀπαρχῆς</strong></span> <span class='ocrx_word' id='word_1_515' title='bbox 3223 3622 3288 3674; x_wconf 88' lang='grc' dir='ltr'><strong>ἐκ</strong></span> <span class='ocrx_word' id='word_1_516' title='bbox 3317 3622 3594 3694; x_wconf 81' lang='grc' dir='ltr'><strong>προτέρων</strong></span> <span class='ocrx_word' id='word_1_517' title='bbox 3622 3639 3719 3691; x_wconf 89' lang='grc' dir='ltr'><strong>γε-</strong></span> 
     </span>
    </p>
   </div>
   <div class='ocr_carea' id='block_1_72' title="bbox 474 3709 2062 3790">
    <p class='ocr_par' dir='ltr' id='par_1_72' title="bbox 474 3718 2039 3790">
     <span class='ocr_line' id='line_1_72' title="bbox 474 3718 2039 3790; baseline -0.002 -13"><span class='ocrx_word' id='word_1_518' title='bbox 474 3733 650 3779; x_wconf 90' lang='lat' dir='ltr'><strong>tenter</strong></span> <span class='ocrx_word' id='word_1_519' title='bbox 682 3720 912 3790; x_wconf 64' lang='lat' dir='ltr'><strong>praevius</strong></span> <span class='ocrx_word' id='word_1_520' title='bbox 943 3719 1159 3775; x_wconf 86' lang='lat' dir='ltr'><strong>occurri</strong></span> <span class='ocrx_word' id='word_1_521' title='bbox 1194 3735 1206 3770; x_wconf 93' lang='lat'>:</span> <span class='ocrx_word' id='word_1_522' title='bbox 1245 3718 1392 3788; x_wconf 91' lang='lat' dir='ltr'><strong>quod</strong></span> <span class='ocrx_word' id='word_1_523' title='bbox 1436 3730 1615 3775; x_wconf 90' lang='lat' dir='ltr'><strong>autem</strong></span> <span class='ocrx_word' id='word_1_524' title='bbox 1659 3720 1712 3774; x_wconf 90' lang='lat' dir='ltr'><strong>id</strong></span> <span class='ocrx_word' id='word_1_525' title='bbox 1753 3720 1929 3789; x_wconf 90' lang='lat' dir='ltr'><strong>ipsum</strong></span> <span class='ocrx_word' id='word_1_526' title='bbox 1965 3723 2039 3775; x_wconf 85' lang='lat' dir='ltr'><strong>ita</strong></span> 
     </span>
    </p>
   </div>
   <div class='ocr_carea' id='block_1_73' title="bbox 2126 3709 3714 3790">
    <p class='ocr_par' dir='ltr' id='par_1_73' title="bbox 2141 3709 3714 3786">
     <span class='ocr_line' id='line_1_73' title="bbox 2141 3709 3714 3786; baseline 0.002 -22"><span class='ocrx_word' id='word_1_527' title='bbox 2141 3710 2275 3764; x_wconf 81' lang='grc' dir='ltr'><strong>νεῶν</strong></span> <span class='ocrx_word' id='word_1_528' title='bbox 2294 3709 2392 3781; x_wconf 79' lang='grc' dir='ltr'><strong>τὴν</strong></span> <span class='ocrx_word' id='word_1_529' title='bbox 2420 3709 2558 3782; x_wconf 79' lang='grc' dir='ltr'><strong>ἐμὴν</strong></span> <span class='ocrx_word' id='word_1_530' title='bbox 2589 3710 2838 3782; x_wconf 87' lang='grc' dir='ltr'><strong>βούλησιν</strong></span> <span class='ocrx_word' id='word_1_531' title='bbox 2861 3712 3094 3783; x_wconf 74' lang='grc' dir='ltr'><strong>δημοσία</strong></span> <span class='ocrx_word' id='word_1_532' title='bbox 3122 3713 3222 3766; x_wconf 77' lang='grc' dir='ltr'><strong>οὐκ</strong></span> <span class='ocrx_word' id='word_1_533' title='bbox 3250 3715 3406 3767; x_wconf 72' lang='grc' dir='ltr'><strong>εἴασα</strong></span> <span class='ocrx_word' id='word_1_534' title='bbox 3430 3714 3714 3786; x_wconf 82' lang='grc' dir='ltr'><strong>κηρυχθῆ-</strong></span> 
     </span>
    </p>
   </div>
   <div class='ocr_carea' id='block_1_74' title="bbox 473 3810 2061 3887">
    <p class='ocr_par' dir='ltr' id='par_1_74' title="bbox 473 3810 2041 3882">
     <span class='ocr_line' id='line_1_74' title="bbox 473 3810 2041 3882; baseline -0.001 -12"><span class='ocrx_word' id='word_1_535' title='bbox 473 3830 534 3872; x_wconf 84' lang='lat' dir='ltr'><strong>se</strong></span> <span class='ocrx_word' id='word_1_536' title='bbox 564 3813 779 3876; x_wconf 89' lang='lat' dir='ltr'><strong>haheat,</strong></span> <span class='ocrx_word' id='word_1_537' title='bbox 809 3811 994 3866; x_wconf 88' lang='lat' dir='ltr'><strong>volens</strong></span> <span class='ocrx_word' id='word_1_538' title='bbox 1025 3811 1091 3864; x_wconf 91' lang='lat' dir='ltr'><strong>iis</strong></span> <span class='ocrx_word' id='word_1_539' title='bbox 1121 3811 1213 3879; x_wconf 88' lang='lat' dir='ltr'><strong>qui</strong></span> <span class='ocrx_word' id='word_1_540' title='bbox 1253 3811 1319 3864; x_wconf 90' lang='lat' dir='ltr'><strong>ad</strong></span> <span class='ocrx_word' id='word_1_541' title='bbox 1357 3827 1442 3864; x_wconf 91' lang='lat' dir='ltr'><strong>me</strong></span> <span class='ocrx_word' id='word_1_542' title='bbox 1471 3810 1854 3878; x_wconf 72' lang='lat' dir='ltr'><strong>confugerunt,</strong></span> <span class='ocrx_word' id='word_1_543' title='bbox 1887 3812 2041 3882; x_wconf 85' lang='lat' dir='ltr'><strong>plene</strong></span> 
     </span>
    </p>
   </div>
   <div class='ocr_carea' id='block_1_75' title="bbox 2131 3810 3719 3887">
    <p class='ocr_par' dir='ltr' id='par_1_75' title="bbox 2142 3811 3719 3887">
     <span class='ocr_line' id='line_1_75' title="bbox 2142 3811 3719 3887; baseline 0.003 -23"><span class='ocrx_word' id='word_1_544' title='bbox 2142 3827 2254 3876; x_wconf 87' lang='grc' dir='ltr'><strong>ναι,</strong></span> <span class='ocrx_word' id='word_1_545' title='bbox 2298 3811 2391 3865; x_wconf 88' lang='grc' dir='ltr'><strong>νῦν</strong></span> <span class='ocrx_word' id='word_1_546' title='bbox 2436 3813 2574 3883; x_wconf 82' lang='grc' dir='ltr'><strong>πρὸς</strong></span> <span class='ocrx_word' id='word_1_547' title='bbox 2613 3812 2691 3883; x_wconf 82' lang='grc' dir='ltr'><strong>τῷ</strong></span> <span class='ocrx_word' id='word_1_548' title='bbox 2735 3813 2880 3866; x_wconf 85' lang='grc' dir='ltr'><strong>τέλει</strong></span> <span class='ocrx_word' id='word_1_549' title='bbox 2931 3813 3025 3866; x_wconf 86' lang='grc' dir='ltr'><strong>τοῦ</strong></span> <span class='ocrx_word' id='word_1_550' title='bbox 3071 3814 3186 3884; x_wconf 88' lang='grc' dir='ltr'><strong>βίου</strong></span> <span class='ocrx_word' id='word_1_551' title='bbox 3217 3815 3262 3846; x_wconf 80' lang='grc'>¹⁹</span> <span class='ocrx_word' id='word_1_552' title='bbox 3288 3816 3534 3887; x_wconf 87' lang='grc' dir='ltr'><strong>κήρυκας</strong></span> <span class='ocrx_word' id='word_1_553' title='bbox 3575 3816 3719 3886; x_wconf 82' lang='grc' dir='ltr'><strong>ἐμῆς</strong></span> 
     </span>
    </p>
   </div>
   <div class='ocr_carea' id='block_1_76' title="bbox 475 3899 2063 3978">
    <p class='ocr_par' dir='ltr' id='par_1_76' title="bbox 475 3899 2043 3970">
     <span class='ocr_line' id='line_1_76' title="bbox 475 3899 2043 3970; baseline -0.002 -11"><span class='ocrx_word' id='word_1_554' title='bbox 475 3903 846 3966; x_wconf 78' lang='lat' dir='ltr'><strong>manifestare,</strong></span> <span class='ocrx_word' id='word_1_555' title='bbox 873 3917 970 3956; x_wconf 90' lang='lat' dir='ltr'><strong>cur</strong></span> <span class='ocrx_word' id='word_1_556' title='bbox 1005 3899 1074 3953; x_wconf 87' lang='lat' dir='ltr'><strong>ab</strong></span> <span class='ocrx_word' id='word_1_557' title='bbox 1111 3899 1289 3963; x_wconf 90' lang='lat' dir='ltr'><strong>initio,</strong></span> <span class='ocrx_word' id='word_1_558' title='bbox 1327 3915 1357 3953; x_wconf 90' lang='lat' dir='ltr'><strong>a</strong></span> <span class='ocrx_word' id='word_1_559' title='bbox 1384 3900 1576 3968; x_wconf 89' lang='lat' dir='ltr'><strong>primis</strong></span> <span class='ocrx_word' id='word_1_560' title='bbox 1602 3901 2043 3970; x_wconf 78' lang='lat' dir='ltr'><strong>generationibus</strong></span> 
     </span>
    </p>
   </div>
   <div class='ocr_carea' id='block_1_77' title="bbox 2131 3899 3719 3978">
    <p class='ocr_par' dir='ltr' id='par_1_77' title="bbox 2145 3903 3719 3978">
     <span class='ocr_line' id='line_1_77' title="bbox 2145 3903 3719 3978; baseline 0.003 -22"><span class='ocrx_word' id='word_1_561' title='bbox 2145 3903 2344 3974; x_wconf 84' lang='grc' dir='ltr'><strong>βουλῆς</strong></span> <span class='ocrx_word' id='word_1_562' title='bbox 2375 3903 2668 3958; x_wconf 84' lang='grc' dir='ltr'><strong>ἀπέστειλα</strong></span> <span class='ocrx_word' id='word_1_563' title='bbox 2688 3943 2702 3967; x_wconf 92' lang='grc'><strong>,</strong></span> <span class='ocrx_word' id='word_1_564' title='bbox 2727 3905 2775 3957; x_wconf 82' lang='grc' dir='ltr'><strong>οἳ</strong></span> <span class='ocrx_word' id='word_1_565' title='bbox 2803 3904 2896 3957; x_wconf 74' lang='grc' dir='ltr'><strong>καὶ</strong></span> <span class='ocrx_word' id='word_1_566' title='bbox 2923 3903 3187 3973; x_wconf 83' lang='grc' dir='ltr'><strong>γελῶνται</strong></span> <span class='ocrx_word' id='word_1_567' title='bbox 3207 3945 3222 3969; x_wconf 96' lang='grc'><strong>,</strong></span> <span class='ocrx_word' id='word_1_568' title='bbox 3253 3906 3346 3961; x_wconf 73' lang='grc' dir='ltr'><strong>καὶ</strong></span> <span class='ocrx_word' id='word_1_569' title='bbox 3372 3905 3719 3978; x_wconf 80' lang='grc' dir='ltr'><strong>ὑϐριζόμενοι</strong></span> 
     </span>
    </p>
   </div>
   <div class='ocr_carea' id='block_1_78' title="bbox 473 3991 2061 4069">
    <p class='ocr_par' dir='ltr' id='par_1_78' title="bbox 473 3991 2040 4061">
     <span class='ocr_line' id='line_1_78' title="bbox 473 3991 2040 4061; baseline -0.006 -9"><span class='ocrx_word' id='word_1_570' title='bbox 473 3997 812 4052; x_wconf 89' lang='lat' dir='ltr'><strong>voluntatem</strong></span> <span class='ocrx_word' id='word_1_571' title='bbox 855 4007 1031 4046; x_wconf 88' lang='lat' dir='ltr'><strong>meam</strong></span> <span class='ocrx_word' id='word_1_572' title='bbox 1075 3993 1254 4060; x_wconf 89' lang='lat' dir='ltr'><strong>palam</strong></span> <span class='ocrx_word' id='word_1_573' title='bbox 1309 4007 1414 4045; x_wconf 92' lang='lat' dir='ltr'><strong>non</strong></span> <span class='ocrx_word' id='word_1_574' title='bbox 1458 3991 1678 4046; x_wconf 73' lang='lat' dir='ltr'><strong>siverint</strong></span> <span class='ocrx_word' id='word_1_575' title='bbox 1723 3992 2040 4061; x_wconf 60' lang='lat' dir='ltr'><strong>praedicari;</strong></span> 
     </span>
    </p>
   </div>
   <div class='ocr_carea' id='block_1_79' title="bbox 2130 3991 3718 4069">
    <p class='ocr_par' dir='ltr' id='par_1_79' title="bbox 2145 3993 3718 4069">
     <span class='ocr_line' id='line_1_79' title="bbox 2145 3993 3718 4069; baseline 0.002 -21"><span class='ocrx_word' id='word_1_576' title='bbox 2145 3993 2492 4065; x_wconf 75' lang='grc' dir='ltr'><strong>χλευάζονται</strong></span> <span class='ocrx_word' id='word_1_577' title='bbox 2523 3995 2627 4048; x_wconf 81' lang='grc' dir='ltr'>ὑπὸ</span> <span class='ocrx_word' id='word_1_578' title='bbox 2659 3994 2767 4047; x_wconf 84' lang='grc' dir='ltr'><strong>τῶν</strong></span> <span class='ocrx_word' id='word_1_579' title='bbox 2804 3994 2966 4065; x_wconf 84' lang='grc' dir='ltr'><strong>μηδὲν</strong></span> <span class='ocrx_word' id='word_1_580' title='bbox 2995 3996 3314 4064; x_wconf 80' lang='grc' dir='ltr'><strong>ὠφελεῖσθαι</strong></span> <span class='ocrx_word' id='word_1_581' title='bbox 3357 3998 3718 4069; x_wconf 82' lang='grc' dir='ltr'><strong>βουλομένων,</strong></span> 
     </span>
    </p>
   </div>
   <div class='ocr_carea' id='block_1_80' title="bbox 475 4083 2063 4160">
    <p class='ocr_par' dir='ltr' id='par_1_80' title="bbox 475 4083 2043 4153">
     <span class='ocr_line' id='line_1_80' title="bbox 475 4083 2043 4153; baseline -0.004 -9"><span class='ocrx_word' id='word_1_582' title='bbox 475 4104 622 4144; x_wconf 83' lang='lat' dir='ltr'><strong>nunc</strong></span> <span class='ocrx_word' id='word_1_583' title='bbox 670 4088 816 4140; x_wconf 85' lang='lat' dir='ltr'><strong>circa</strong></span> <span class='ocrx_word' id='word_1_584' title='bbox 872 4084 1030 4137; x_wconf 85' lang='lat' dir='ltr'><strong>linem</strong></span> <span class='ocrx_word' id='word_1_585' title='bbox 1083 4083 1296 4147; x_wconf 77' lang='lat' dir='ltr'><strong>saeculi,</strong></span> <span class='ocrx_word' id='word_1_586' title='bbox 1357 4099 1632 4153; x_wconf 61' lang='lat' dir='ltr'><strong>pra‘cones</strong></span> <span class='ocrx_word' id='word_1_587' title='bbox 1679 4085 1782 4137; x_wconf 89' lang='lat' dir='ltr'><strong>mei</strong></span> <span class='ocrx_word' id='word_1_588' title='bbox 1833 4085 2043 4139; x_wconf 89' lang='lat' dir='ltr'><strong>consilii</strong></span> 
     </span>
    </p>
   </div>
   <div class='ocr_carea' id='block_1_81' title="bbox 2127 4083 3715 4160">
    <p class='ocr_par' dir='ltr' id='par_1_81' title="bbox 2148 4085 3715 4160">
     <span class='ocr_line' id='line_1_81' title="bbox 2148 4085 3715 4160; baseline 0.004 -21"><span class='ocrx_word' id='word_1_589' title='bbox 2148 4087 2238 4139; x_wconf 73' lang='grc' dir='ltr'><strong>καὶ</strong></span> <span class='ocrx_word' id='word_1_590' title='bbox 2269 4087 2666 4156; x_wconf 79' lang='grc' dir='ltr'><strong>ἐπιτεταμένως</strong></span> <span class='ocrx_word' id='word_1_591' title='bbox 2697 4085 2792 4157; x_wconf 81' lang='grc' dir='ltr'><strong>τὴν</strong></span> <span class='ocrx_word' id='word_1_592' title='bbox 2827 4086 2964 4157; x_wconf 82' lang='grc' dir='ltr'><strong>ἐμὴν</strong></span> <span class='ocrx_word' id='word_1_593' title='bbox 2992 4087 3171 4156; x_wconf 81' lang='grc' dir='ltr'><strong>φιλίαν</strong></span> <span class='ocrx_word' id='word_1_594' title='bbox 3195 4091 3715 4160; x_wconf 71' lang='grc' dir='ltr'><strong>παραιτησαμένων.</strong></span> 
     </span>
    </p>
   </div>
   <div class='ocr_carea' id='block_1_82' title="bbox 475 4172 2063 4254">
    <p class='ocr_par' dir='ltr' id='par_1_82' title="bbox 475 4172 2045 4245">
     <span class='ocr_line' id='line_1_82' title="bbox 475 4172 2045 4245; baseline -0.006 -10"><span class='ocrx_word' id='word_1_595' title='bbox 475 4179 635 4245; x_wconf 83' lang='lat' dir='ltr'><strong>misi;</strong></span> <span class='ocrx_word' id='word_1_596' title='bbox 677 4179 750 4232; x_wconf 91' lang='lat' dir='ltr'><strong>illi</strong></span> <span class='ocrx_word' id='word_1_597' title='bbox 784 4191 913 4230; x_wconf 86' lang='lat' dir='ltr'><strong>vero</strong></span> <span class='ocrx_word' id='word_1_598' title='bbox 959 4187 1012 4229; x_wconf 90' lang='lat' dir='ltr'><strong>ct</strong></span> <span class='ocrx_word' id='word_1_599' title='bbox 1051 4175 1368 4236; x_wconf 85' lang='lat' dir='ltr'><strong>irridentur,</strong></span> <span class='ocrx_word' id='word_1_600' title='bbox 1400 4187 1451 4226; x_wconf 86' lang='lat' dir='ltr'><strong>et</strong></span> <span class='ocrx_word' id='word_1_601' title='bbox 1489 4172 1833 4227; x_wconf 90' lang='lat' dir='ltr'><strong>contumeliis</strong></span> <span class='ocrx_word' id='word_1_602' title='bbox 1871 4173 2045 4227; x_wconf 66' lang='lat' dir='ltr'><strong>allecti</strong></span> 
     </span>
    </p>
   </div>
   <div class='ocr_carea' id='block_1_83' title="bbox 2133 4172 3721 4254">
    <p class='ocr_par' dir='ltr' id='par_1_83' title="bbox 2147 4175 3721 4254">
     <span class='ocr_line' id='line_1_83' title="bbox 2147 4175 3721 4254; baseline 0.005 -23"><span class='ocrx_word' id='word_1_603' title='bbox 2147 4175 2218 4231; x_wconf 60' lang='grc' dir='ltr'><strong>*Ω</strong></span> <span class='ocrx_word' id='word_1_604' title='bbox 2243 4179 2483 4250; x_wconf 85' lang='grc' dir='ltr'><strong>μεγάλης</strong></span> <span class='ocrx_word' id='word_1_605' title='bbox 2506 4179 2736 4242; x_wconf 85' lang='grc' dir='ltr'><strong>ἀδικίας,</strong></span> <span class='ocrx_word' id='word_1_606' title='bbox 2760 4180 2840 4232; x_wconf 82' lang='grc' dir='ltr'><strong>ὅτι</strong></span> <span class='ocrx_word' id='word_1_607' title='bbox 2865 4179 3025 4254; x_wconf 86' lang='grc' dir='ltr'><strong>μέχρι</strong></span> <span class='ocrx_word' id='word_1_608' title='bbox 3049 4179 3241 4248; x_wconf 77' lang='grc' dir='ltr'><strong>φθόνου</strong></span> <span class='ocrx_word' id='word_1_609' title='bbox 3258 4182 3301 4213; x_wconf 89' lang='grc'><strong>³⁰</strong></span> <span class='ocrx_word' id='word_1_610' title='bbox 3321 4183 3721 4240; x_wconf 72' lang='grc' dir='ltr'><strong>κινδυνεύουσιν</strong></span> 
     </span>
    </p>
   </div>
   <div class='ocr_carea' id='block_1_84' title="bbox 477 4253 2065 4348">
    <p class='ocr_par' dir='ltr' id='par_1_84' title="bbox 477 4264 2044 4338">
     <span class='ocr_line' id='line_1_84' title="bbox 477 4264 2044 4338; baseline -0.005 -12"><span class='ocrx_word' id='word_1_611' title='bbox 477 4272 809 4328; x_wconf 84' lang='lat' dir='ltr'><strong>deluduntur</strong></span> <span class='ocrx_word' id='word_1_612' title='bbox 838 4272 906 4325; x_wconf 91' lang='lat' dir='ltr'><strong>ab</strong></span> <span class='ocrx_word' id='word_1_613' title='bbox 938 4270 1005 4324; x_wconf 90' lang='lat' dir='ltr'><strong>iis</strong></span> <span class='ocrx_word' id='word_1_614' title='bbox 1042 4271 1136 4338; x_wconf 88' lang='lat' dir='ltr'><strong>qui</strong></span> <span class='ocrx_word' id='word_1_615' title='bbox 1181 4281 1523 4336; x_wconf 88' lang='lat' dir='ltr'><strong>nequaquam</strong></span> <span class='ocrx_word' id='word_1_616' title='bbox 1557 4264 1744 4318; x_wconf 83' lang='lat' dir='ltr'><strong>volunt</strong></span> <span class='ocrx_word' id='word_1_617' title='bbox 1777 4264 2044 4334; x_wconf 83' lang='lat' dir='ltr'><strong>adjuvari,</strong></span> 
     </span>
    </p>
   </div>
   <div class='ocr_carea' id='block_1_85' title="bbox 2140 4253 3728 4348">
    <p class='ocr_par' dir='ltr' id='par_1_85' title="bbox 2149 4269 3728 4348">
     <span class='ocr_line' id='line_1_85' title="bbox 2149 4269 3728 4348; baseline 0.006 -27"><span class='ocrx_word' id='word_1_618' title='bbox 2149 4271 2198 4322; x_wconf 79' lang='lat' dir='ltr'><strong>oi</strong></span> <span class='ocrx_word' id='word_1_619' title='bbox 2221 4269 2313 4322; x_wconf 92' lang='grc' dir='ltr'><strong>τοῦ</strong></span> <span class='ocrx_word' id='word_1_620' title='bbox 2337 4271 2469 4324; x_wconf 84' lang='grc' dir='ltr'><strong>Θεοῦ</strong></span> <span class='ocrx_word' id='word_1_621' title='bbox 2493 4272 2749 4342; x_wconf 86' lang='grc' dir='ltr'><strong>κήρυκες,</strong></span> <span class='ocrx_word' id='word_1_622' title='bbox 2777 4272 2871 4325; x_wconf 81' lang='grc' dir='ltr'><strong>καὶ</strong></span> <span class='ocrx_word' id='word_1_623' title='bbox 2889 4271 3062 4325; x_wconf 88' lang='grc' dir='ltr'><strong>ταῦτα</strong></span> <span class='ocrx_word' id='word_1_624' title='bbox 3085 4272 3190 4327; x_wconf 81' lang='grc' dir='ltr'>ὑπὸ</span> <span class='ocrx_word' id='word_1_625' title='bbox 3215 4273 3323 4328; x_wconf 85' lang='grc' dir='ltr'><strong>τῶν</strong></span> <span class='ocrx_word' id='word_1_626' title='bbox 3339 4275 3419 4338; x_wconf 81' lang='grc' dir='ltr'><strong>είς</strong></span> <span class='ocrx_word' id='word_1_627' title='bbox 3445 4277 3728 4348; x_wconf 81' lang='grc' dir='ltr'><strong>σωτηρίαν</strong></span> 
     </span>
    </p>
   </div>
   <div class='ocr_carea' id='block_1_86' title="bbox 477 4355 2065 4434">
    <p class='ocr_par' dir='ltr' id='par_1_86' title="bbox 477 4355 2050 4434">
     <span class='ocr_line' id='line_1_86' title="bbox 477 4355 2050 4434; baseline -0.005 -16"><span class='ocrx_word' id='word_1_628' title='bbox 477 4381 761 4434; x_wconf 85' lang='lat' dir='ltr'><strong>meamque</strong></span> <span class='ocrx_word' id='word_1_629' title='bbox 785 4362 1080 4416; x_wconf 86' lang='lat' dir='ltr'><strong>amicitiam</strong></span> <span class='ocrx_word' id='word_1_630' title='bbox 1100 4360 1446 4413; x_wconf 81' lang='lat' dir='ltr'><strong>vehementer</strong></span> <span class='ocrx_word' id='word_1_631' title='bbox 1466 4355 1843 4424; x_wconf 88' lang='lat' dir='ltr'><strong>repudiarunt.</strong></span> <span class='ocrx_word' id='word_1_632' title='bbox 1866 4355 1908 4410; x_wconf 95' lang='grc' dir='ltr'><strong>Ο</strong></span> <span class='ocrx_word' id='word_1_633' title='bbox 1934 4373 2050 4410; x_wconf 90' lang='lat' dir='ltr'><strong>ma—</strong></span> 
     </span>
    </p>
   </div>
   <div class='ocr_carea' id='block_1_87' title="bbox 1172 4355 2760 4434">
    <p class='ocr_par' dir='ltr' id='par_1_87' title="bbox 1172 4355 2760 4432">
     <span class='ocr_line' id='line_1_87' title="bbox 1172 4355 2760 4432; baseline 0.002 -20"><span class='ocrx_word' id='word_1_634' title='bbox 1172 4360 1446 4412; x_wconf 83' lang='lat' dir='ltr'><strong>hemcnter</strong></span> <span class='ocrx_word' id='word_1_635' title='bbox 1466 4355 1843 4424; x_wconf 88' lang='lat' dir='ltr'><strong>repudiarunt.</strong></span> <span class='ocrx_word' id='word_1_636' title='bbox 1866 4355 1908 4410; x_wconf 95' lang='grc' dir='ltr'><strong>Ο</strong></span> <span class='ocrx_word' id='word_1_637' title='bbox 1934 4373 2050 4410; x_wconf 90' lang='lat' dir='ltr'><strong>ma—</strong></span> <span class='ocrx_word' id='word_1_638' title='bbox 2153 4359 2496 4431; x_wconf 89' lang='grc' dir='ltr'><strong>καλουμένων</strong></span> <span class='ocrx_word' id='word_1_639' title='bbox 2533 4361 2760 4432; x_wconf 77' lang='grc' dir='ltr'><strong>ἀνδρῶν.</strong></span> 
     </span>
    </p>
   </div>
   <div class='ocr_carea' id='block_1_88' title="bbox 481 4452 3726 4533">
    <p class='ocr_par' dir='ltr' id='par_1_88' title="bbox 481 4452 3726 4533">
     <span class='ocr_line' id='line_1_88' title="bbox 481 4452 3726 4533; baseline 0 -17"><span class='ocrx_word' id='word_1_640' title='bbox 481 4478 641 4533; x_wconf 74' lang='lat' dir='ltr'><strong>gnam</strong></span> <span class='ocrx_word' id='word_1_641' title='bbox 683 4459 972 4530; x_wconf 80' lang='lat' dir='ltr'><strong>injuriam!</strong></span> <span class='ocrx_word' id='word_1_642' title='bbox 1013 4456 1230 4510; x_wconf 72' lang='lat' dir='ltr'><strong>invidia:</strong></span> <span class='ocrx_word' id='word_1_643' title='bbox 1305 4453 1469 4509; x_wconf 87' lang='lat' dir='ltr'><strong>etiam</strong></span> <span class='ocrx_word' id='word_1_644' title='bbox 1533 4452 1836 4522; x_wconf 88' lang='lat' dir='ltr'><strong>periculum</strong></span> <span class='ocrx_word' id='word_1_645' title='bbox 1883 4454 2120 4509; x_wconf 89' lang='lat' dir='ltr'><strong>subeunt</strong></span> <span class='ocrx_word' id='word_1_646' title='bbox 2155 4457 2536 4526; x_wconf 77' lang='lat' dir='ltr'><strong>przedicatorcs</strong></span> <span class='ocrx_word' id='word_1_647' title='bbox 2571 4457 2688 4526; x_wconf 89' lang='lat' dir='ltr'><strong>Dei,</strong></span> <span class='ocrx_word' id='word_1_648' title='bbox 2737 4458 2900 4528; x_wconf 93' lang='lat' dir='ltr'><strong>idque</strong></span> <span class='ocrx_word' id='word_1_649' title='bbox 2945 4475 3038 4528; x_wconf 87' lang='lat' dir='ltr'><strong>per</strong></span> <span class='ocrx_word' id='word_1_650' title='bbox 3077 4474 3173 4515; x_wconf 89' lang='lat' dir='ltr'><strong>eos</strong></span> <span class='ocrx_word' id='word_1_651' title='bbox 3214 4459 3494 4527; x_wconf 88' lang='lat' dir='ltr'><strong>homines,</strong></span> <span class='ocrx_word' id='word_1_652' title='bbox 3527 4462 3622 4531; x_wconf 89' lang='lat' dir='ltr'><strong>qui</strong></span> <span class='ocrx_word' id='word_1_653' title='bbox 3649 4463 3726 4517; x_wconf 83' lang='lat' dir='ltr'><strong>ad</strong></span> 
     </span>
    </p>
   </div>
   <div class='ocr_carea' id='block_1_89' title="bbox 480 4559 1030 4615">
    <p class='ocr_par' dir='ltr' id='par_1_89' title="bbox 480 4559 1030 4615">
     <span class='ocr_line' id='line_1_89' title="bbox 480 4559 1030 4615; baseline -0.011 0"><span class='ocrx_word' id='word_1_654' title='bbox 480 4559 713 4615; x_wconf 72' lang='lat' dir='ltr'><strong>salutem</strong></span> <span class='ocrx_word' id='word_1_655' title='bbox 748 4564 1030 4612; x_wconf 81' lang='lat' dir='ltr'><strong>vocantur.</strong></span> 
     </span>
    </p>
   </div>
   <div class='ocr_carea' id='block_1_90' title="bbox 553 4652 2141 4741">
    <p class='ocr_par' dir='ltr' id='par_1_90' title="bbox 553 4652 2126 4741">
     <span class='ocr_line' id='line_1_90' title="bbox 553 4652 2126 4741; baseline -0.009 -10"><span class='ocrx_word' id='word_1_656' title='bbox 553 4677 668 4732; x_wconf 81' lang='lat' dir='ltr'><strong>XII.</strong></span> <span class='ocrx_word' id='word_1_657' title='bbox 701 4675 832 4741; x_wconf 76' lang='lat' dir='ltr'><strong>Qua:</strong></span> <span class='ocrx_word' id='word_1_658' title='bbox 854 4690 980 4729; x_wconf 91' lang='lat' dir='ltr'><strong>eum</strong></span> <span class='ocrx_word' id='word_1_659' title='bbox 1005 4674 1267 4735; x_wconf 90' lang='lat' dir='ltr'><strong>dicerem,</strong></span> <span class='ocrx_word' id='word_1_660' title='bbox 1298 4671 1514 4739; x_wconf 90' lang='lat' dir='ltr'><strong>aliaque</strong></span> <span class='ocrx_word' id='word_1_661' title='bbox 1545 4669 1630 4724; x_wconf 88' lang='lat' dir='ltr'><strong>his</strong></span> <span class='ocrx_word' id='word_1_662' title='bbox 1659 4676 2048 4728; x_wconf 87' lang='lat' dir='ltr'><strong>consentanea,</strong></span> <span class='ocrx_word' id='word_1_663' title='bbox 2081 4652 2126 4705; x_wconf 81' lang='grc' dir='ltr'><strong>Ῑ)</strong></span> 
     </span>
    </p>
   </div>
   <div class='ocr_carea' id='block_1_91' title="bbox 2141 4652 3729 4741">
    <p class='ocr_par' dir='ltr' id='par_1_91' title="bbox 2227 4661 3729 4738">
     <span class='ocr_line' id='line_1_91' title="bbox 2227 4661 3729 4738; baseline -0.001 -16"><span class='ocrx_word' id='word_1_664' title='bbox 2227 4666 2342 4722; x_wconf 76' lang='lat' dir='ltr'><strong>XII.</strong></span> <span class='ocrx_word' id='word_1_665' title='bbox 2376 4666 2563 4720; x_wconf 89' lang='grc' dir='ltr'><strong>Ταῦτά</strong></span> <span class='ocrx_word' id='word_1_666' title='bbox 2593 4686 2692 4738; x_wconf 89' lang='grc' dir='ltr'><strong>μου</strong></span> <span class='ocrx_word' id='word_1_667' title='bbox 2716 4668 2964 4737; x_wconf 86' lang='grc' dir='ltr'><strong>λέγοντος</strong></span> <span class='ocrx_word' id='word_1_668' title='bbox 2986 4669 3080 4722; x_wconf 71' lang='grc' dir='ltr'><strong>καὶ</strong></span> <span class='ocrx_word' id='word_1_669' title='bbox 3102 4668 3170 4722; x_wconf 83' lang='grc' dir='ltr'><strong>τά</strong></span> <span class='ocrx_word' id='word_1_670' title='bbox 3196 4667 3414 4731; x_wconf 82' lang='grc' dir='ltr'><strong>τούτοις</strong></span> <span class='ocrx_word' id='word_1_671' title='bbox 3434 4661 3729 4730; x_wconf 70' lang='grc' dir='ltr'><strong>ἀκόλουθα,</strong></span> 
     </span>
    </p>
   </div>
   <div class='ocr_carea' id='block_1_92' title="bbox 480 4759 2068 4837">
    <p class='ocr_par' dir='ltr' id='par_1_92' title="bbox 480 4762 2049 4837">
     <span class='ocr_line' id='line_1_92' title="bbox 480 4762 2049 4837; baseline -0.008 -10"><span class='ocrx_word' id='word_1_672' title='bbox 480 4772 713 4827; x_wconf 89' lang='lat' dir='ltr'><strong>multum</strong></span> <span class='ocrx_word' id='word_1_673' title='bbox 760 4771 812 4823; x_wconf 91' lang='lat' dir='ltr'><strong>in</strong></span> <span class='ocrx_word' id='word_1_674' title='bbox 857 4768 1013 4837; x_wconf 84' lang='lat' dir='ltr'><strong>plebe</strong></span> <span class='ocrx_word' id='word_1_675' title='bbox 1053 4777 1232 4819; x_wconf 87' lang='lat' dir='ltr'><strong>ortum</strong></span> <span class='ocrx_word' id='word_1_676' title='bbox 1273 4774 1356 4819; x_wconf 85' lang='lat' dir='ltr'><strong>est</strong></span> <span class='ocrx_word' id='word_1_677' title='bbox 1393 4779 1638 4816; x_wconf 86' lang='lat' dir='ltr'><strong>murmur</strong></span> <span class='ocrx_word' id='word_1_678' title='bbox 1679 4779 1692 4816; x_wconf 90' lang='lat'><strong>:</strong></span> <span class='ocrx_word' id='word_1_679' title='bbox 1740 4771 1903 4831; x_wconf 90' lang='lat' dir='ltr'><strong>atque</strong></span> <span class='ocrx_word' id='word_1_680' title='bbox 1957 4762 2049 4816; x_wconf 91' lang='lat' dir='ltr'><strong>alii</strong></span> 
     </span>
    </p>
   </div>
   <div class='ocr_carea' id='block_1_93' title="bbox 2143 4759 3731 4837">
    <p class='ocr_par' dir='ltr' id='par_1_93' title="bbox 2159 4759 3731 4834">
     <span class='ocr_line' id='line_1_93' title="bbox 2159 4759 3731 4834; baseline -0.001 -21"><span class='ocrx_word' id='word_1_681' title='bbox 2159 4761 2325 4823; x_wconf 81' lang='grc' dir='ltr'><strong>πολὺς</strong></span> <span class='ocrx_word' id='word_1_682' title='bbox 2366 4760 2474 4812; x_wconf 87' lang='grc' dir='ltr'><strong>τῶν</strong></span> <span class='ocrx_word' id='word_1_683' title='bbox 2515 4760 2690 4830; x_wconf 76' lang='grc' dir='ltr'><strong>ὄχλων</strong></span> <span class='ocrx_word' id='word_1_684' title='bbox 2740 4761 2955 4827; x_wconf 83' lang='grc' dir='ltr'><strong>ἐγένετο</strong></span> <span class='ocrx_word' id='word_1_685' title='bbox 3003 4760 3228 4834; x_wconf 87' lang='grc' dir='ltr'><strong>θρύλλος</strong></span> <span class='ocrx_word' id='word_1_686' title='bbox 3250 4779 3263 4792; x_wconf 88' lang='grc'><strong>·</strong></span> <span class='ocrx_word' id='word_1_687' title='bbox 3296 4762 3389 4814; x_wconf 73' lang='grc' dir='ltr'><strong>καὶ</strong></span> <span class='ocrx_word' id='word_1_688' title='bbox 3427 4761 3478 4813; x_wconf 84' lang='grc' dir='ltr'><strong>οἱ</strong></span> <span class='ocrx_word' id='word_1_689' title='bbox 3524 4761 3620 4831; x_wconf 83' lang='grc' dir='ltr'><strong>μὲν</strong></span> <span class='ocrx_word' id='word_1_690' title='bbox 3649 4759 3731 4823; x_wconf 85' lang='grc' dir='ltr'><strong>ὡς</strong></span> 
     </span>
    </p>
   </div>
   <div class='ocr_carea' id='block_1_94' title="bbox 485 4853 2073 4936">
    <p class='ocr_par' dir='ltr' id='par_1_94' title="bbox 485 4853 2046 4936">
     <span class='ocr_line' id='line_1_94' title="bbox 485 4853 2046 4936; baseline -0.008 -17"><span class='ocrx_word' id='word_1_691' title='bbox 485 4864 707 4936; x_wconf 88' lang='lat' dir='ltr'><strong>quidem</strong></span> <span class='ocrx_word' id='word_1_692' title='bbox 736 4859 1040 4914; x_wconf 87' lang='lat' dir='ltr'><strong>Barnaham</strong></span> <span class='ocrx_word' id='word_1_693' title='bbox 1073 4857 1417 4918; x_wconf 86' lang='lat' dir='ltr'><strong>miserantes,</strong></span> <span class='ocrx_word' id='word_1_694' title='bbox 1467 4854 1601 4907; x_wconf 91' lang='lat' dir='ltr'><strong>mihi</strong></span> <span class='ocrx_word' id='word_1_695' title='bbox 1635 4853 1921 4917; x_wconf 75' lang='lat' dir='ltr'><strong>favebant;</strong></span> <span class='ocrx_word' id='word_1_696' title='bbox 1956 4853 2046 4906; x_wconf 92' lang='lat' dir='ltr'><strong>alii</strong></span> 
     </span>
    </p>
   </div>
   <div class='ocr_carea' id='block_1_95' title="bbox 2147 4853 3735 4936">
    <p class='ocr_par' dir='ltr' id='par_1_95' title="bbox 2153 4853 3735 4926">
     <span class='ocr_line' id='line_1_95' title="bbox 2153 4853 3735 4926; baseline -0.001 -18"><span class='ocrx_word' id='word_1_697' title='bbox 2153 4855 2244 4908; x_wconf 80' lang='grc' dir='ltr'><strong>τὸν</strong></span> <span class='ocrx_word' id='word_1_698' title='bbox 2276 4854 2559 4925; x_wconf 84' lang='grc' dir='ltr'><strong>Βαρνάϐαν</strong></span> <span class='ocrx_word' id='word_1_699' title='bbox 2589 4853 2862 4917; x_wconf 83' lang='grc' dir='ltr'><strong>ἐλεοῦντες</strong></span> <span class='ocrx_word' id='word_1_700' title='bbox 2907 4855 3143 4926; x_wconf 80' lang='grc' dir='ltr'><strong>συνῇράν</strong></span> <span class='ocrx_word' id='word_1_701' title='bbox 3188 4871 3303 4926; x_wconf 88' lang='grc' dir='ltr'><strong>μοι·</strong></span> <span class='ocrx_word' id='word_1_702' title='bbox 3339 4855 3389 4906; x_wconf 76' lang='grc' dir='ltr'><strong>οἱ</strong></span> <span class='ocrx_word' id='word_1_703' title='bbox 3429 4853 3485 4906; x_wconf 82' lang='grc' dir='ltr'><strong>δὲ</strong></span> <span class='ocrx_word' id='word_1_704' title='bbox 3531 4853 3735 4923; x_wconf 74' lang='grc' dir='ltr'><strong>ἠλίθιοι</strong></span> 
     </span>
    </p>
   </div>
   <div class='ocr_carea' id='block_1_96' title="bbox 487 4941 2075 5022">
    <p class='ocr_par' dir='ltr' id='par_1_96' title="bbox 487 4942 2052 5022">
     <span class='ocr_line' id='line_1_96' title="bbox 487 4942 2052 5022; baseline -0.008 -12"><span class='ocrx_word' id='word_1_705' title='bbox 487 4970 634 5018; x_wconf 87' lang='lat' dir='ltr'><strong>vero,</strong></span> <span class='ocrx_word' id='word_1_706' title='bbox 674 4952 767 5022; x_wconf 89' lang='lat' dir='ltr'><strong>qui</strong></span> <span class='ocrx_word' id='word_1_707' title='bbox 808 4957 964 5004; x_wconf 88' lang='lat' dir='ltr'><strong>erant</strong></span> <span class='ocrx_word' id='word_1_708' title='bbox 1000 4947 1214 5011; x_wconf 89' lang='lat' dir='ltr'><strong>stolidi,</strong></span> <span class='ocrx_word' id='word_1_709' title='bbox 1241 4947 1476 5015; x_wconf 79' lang='lat' dir='ltr'><strong>graviter</strong></span> <span class='ocrx_word' id='word_1_710' title='bbox 1523 4944 1579 4996; x_wconf 89' lang='lat' dir='ltr'><strong>in</strong></span> <span class='ocrx_word' id='word_1_711' title='bbox 1618 4959 1704 4997; x_wconf 89' lang='lat' dir='ltr'><strong>me</strong></span> <span class='ocrx_word' id='word_1_712' title='bbox 1752 4942 2052 4997; x_wconf 87' lang='lat' dir='ltr'><strong>stridebant</strong></span> 
     </span>
    </p>
   </div>
   <div class='ocr_carea' id='block_1_97' title="bbox 2148 4941 3736 5022">
    <p class='ocr_par' dir='ltr' id='par_1_97' title="bbox 2159 4941 3736 5014">
     <span class='ocr_line' id='line_1_97' title="bbox 2159 4941 3736 5014; baseline 0 -19"><span class='ocrx_word' id='word_1_713' title='bbox 2159 4942 2331 5004; x_wconf 77' lang='grc' dir='ltr'><strong>ὄντες,</strong></span> <span class='ocrx_word' id='word_1_714' title='bbox 2356 4941 2540 5004; x_wconf 86' lang='grc' dir='ltr'><strong>δεινῶς</strong></span> <span class='ocrx_word' id='word_1_715' title='bbox 2579 4944 2696 4994; x_wconf 84' lang='grc' dir='ltr'><strong>κατ’</strong></span> <span class='ocrx_word' id='word_1_716' title='bbox 2730 4943 2861 5012; x_wconf 88' lang='grc' dir='ltr'><strong>ἐμοῦ</strong></span> <span class='ocrx_word' id='word_1_717' title='bbox 2895 4943 3122 5014; x_wconf 75' lang='grc' dir='ltr'><strong>ἔϐρυχον</strong></span> <span class='ocrx_word' id='word_1_718' title='bbox 3150 4945 3276 5004; x_wconf 81' lang='grc' dir='ltr'><strong>τοὺς</strong></span> <span class='ocrx_word' id='word_1_719' title='bbox 3299 4943 3532 5005; x_wconf 81' lang='grc' dir='ltr'><strong>ὀδόντας.</strong></span> <span class='ocrx_word' id='word_1_720' title='bbox 3578 4945 3736 4996; x_wconf 71' lang='grc' dir='ltr'>Ἐπεὶ</span> 
     </span>
    </p>
   </div>
   <div class='ocr_carea' id='block_1_98' title="bbox 483 5033 2071 5110">
    <p class='ocr_par' dir='ltr' id='par_1_98' title="bbox 483 5037 2050 5110">
     <span class='ocr_line' id='line_1_98' title="bbox 483 5037 2050 5110; baseline -0.01 -4"><span class='ocrx_word' id='word_1_721' title='bbox 483 5049 760 5107; x_wconf 88' lang='lat' dir='ltr'><strong>dentibus.</strong></span> <span class='ocrx_word' id='word_1_722' title='bbox 811 5044 982 5098; x_wconf 87' lang='lat' dir='ltr'><strong>Porro</strong></span> <span class='ocrx_word' id='word_1_723' title='bbox 1010 5057 1133 5097; x_wconf 90' lang='lat' dir='ltr'><strong>eum</strong></span> <span class='ocrx_word' id='word_1_724' title='bbox 1159 5041 1272 5110; x_wconf 90' lang='lat' dir='ltr'><strong>jam</strong></span> <span class='ocrx_word' id='word_1_725' title='bbox 1299 5054 1525 5108; x_wconf 88' lang='lat' dir='ltr'><strong>vespera</strong></span> <span class='ocrx_word' id='word_1_726' title='bbox 1555 5039 1884 5101; x_wconf 85' lang='lat' dir='ltr'><strong>advenisset,</strong></span> <span class='ocrx_word' id='word_1_727' title='bbox 1916 5037 2050 5090; x_wconf 85' lang='lat' dir='ltr'><strong>Bar-</strong></span> 
     </span>
    </p>
   </div>
   <div class='ocr_carea' id='block_1_99' title="bbox 2147 5033 3735 5110">
    <p class='ocr_par' dir='ltr' id='par_1_99' title="bbox 2158 5033 3735 5106">
     <span class='ocr_line' id='line_1_99' title="bbox 2158 5033 3735 5106; baseline -0.001 -19"><span class='ocrx_word' id='word_1_728' title='bbox 2158 5035 2215 5087; x_wconf 82' lang='grc' dir='ltr'><strong>δὲ</strong></span> <span class='ocrx_word' id='word_1_729' title='bbox 2245 5034 2345 5106; x_wconf 67' lang='grc' dir='ltr'><strong>ἢδη</strong></span> <span class='ocrx_word' id='word_1_730' title='bbox 2377 5036 2470 5088; x_wconf 73' lang='grc' dir='ltr'><strong>καὶ</strong></span> <span class='ocrx_word' id='word_1_731' title='bbox 2490 5037 2523 5105; x_wconf 83' lang='grc' dir='ltr'>ἡ</span> <span class='ocrx_word' id='word_1_732' title='bbox 2553 5035 2760 5105; x_wconf 85' lang='grc' dir='ltr'><strong>ἐσπέρα</strong></span> <span class='ocrx_word' id='word_1_733' title='bbox 2787 5036 3072 5098; x_wconf 85' lang='grc' dir='ltr'><strong>κατέλαϐε,</strong></span> <span class='ocrx_word' id='word_1_734' title='bbox 3098 5036 3196 5106; x_wconf 84' lang='grc' dir='ltr'><strong>τῆς</strong></span> <span class='ocrx_word' id='word_1_735' title='bbox 3230 5035 3410 5106; x_wconf 84' lang='grc' dir='ltr'><strong>χειρὸς</strong></span> <span class='ocrx_word' id='word_1_736' title='bbox 3439 5033 3617 5088; x_wconf 84' lang='grc' dir='ltr'><strong>λαϐὼν</strong></span> <span class='ocrx_word' id='word_1_737' title='bbox 3639 5034 3735 5087; x_wconf 72' lang='grc' dir='ltr'><strong>τὸν</strong></span> 
     </span>
    </p>
   </div>
   <div class='ocr_carea' id='block_1_100' title="bbox 1749 5179 2426 5236">
    <p class='ocr_par' dir='ltr' id='par_1_100' title="bbox 1749 5179 2426 5236">
     <span class='ocr_line' id='line_1_100' title="bbox 1749 5179 2426 5236; baseline -0.003 0"><span class='ocrx_word' id='word_1_738' title='bbox 1749 5180 1980 5236; x_wconf 77' lang='lat' dir='ltr'><strong>VARle</strong></span> <span class='ocrx_word' id='word_1_739' title='bbox 2022 5179 2426 5235; x_wconf 83' lang='lat' dir='ltr'><strong>LECTIONES.</strong></span> 
     </span>
    </p>
   </div>
   <div class='ocr_carea' id='block_1_101' title="bbox 566 5297 3738 5373">
    <p class='ocr_par' dir='ltr' id='par_1_101' title="bbox 566 5297 3738 5373">
     <span class='ocr_line' id='line_1_101' title="bbox 566 5297 3738 5373; baseline -0.007 -5"><span class='ocrx_word' id='word_1_740' title='bbox 566 5315 614 5348; x_wconf 77' lang='lat'>&quot;</span> <span class='ocrx_word' id='word_1_741' title='bbox 647 5313 719 5368; x_wconf 90' lang='lat' dir='ltr'><strong>al.</strong></span> <span class='ocrx_word' id='word_1_742' title='bbox 753 5309 876 5365; x_wconf 90' lang='lat' dir='ltr'><strong>add.</strong></span> <span class='ocrx_word' id='word_1_743' title='bbox 900 5307 1012 5360; x_wconf 87' lang='grc' dir='ltr'><strong>τόν.</strong></span> <span class='ocrx_word' id='word_1_744' title='bbox 1086 5309 1130 5340; x_wconf 75' lang='grc'><strong>⁸⁷</strong></span> <span class='ocrx_word' id='word_1_745' title='bbox 1171 5305 1243 5360; x_wconf 91' lang='lat' dir='ltr'><strong>al.</strong></span> <span class='ocrx_word' id='word_1_746' title='bbox 1283 5303 1658 5373; x_wconf 82' lang='grc' dir='ltr'><strong>ἀπανούργως.</strong></span> <span class='ocrx_word' id='word_1_747' title='bbox 1736 5302 1781 5333; x_wconf 78' lang='grc'><strong>²⁸</strong></span> <span class='ocrx_word' id='word_1_748' title='bbox 1821 5303 1855 5354; x_wconf 93' lang='grc'><strong>1.</strong></span> <span class='ocrx_word' id='word_1_749' title='bbox 1892 5299 2044 5373; x_wconf 75' lang='grc' dir='ltr'><strong>ὑμῶν</strong></span> <span class='ocrx_word' id='word_1_750' title='bbox 2070 5317 2134 5354; x_wconf 77' lang='lat' dir='ltr'><strong>ex</strong></span> <span class='ocrx_word' id='word_1_751' title='bbox 2165 5315 2298 5373; x_wconf 83' lang='lat' dir='ltr'><strong>mss.</strong></span> <span class='ocrx_word' id='word_1_752' title='bbox 2358 5299 2409 5373; x_wconf 58' lang='lat' dir='ltr'><strong>ff</strong></span> <span class='ocrx_word' id='word_1_753' title='bbox 2446 5298 2616 5373; x_wconf 80' lang='lat' dir='ltr'><strong>Vertit</strong></span> <span class='ocrx_word' id='word_1_754' title='bbox 2652 5299 2969 5373; x_wconf 86' lang='lat' dir='ltr'><strong>Cotelerins,</strong></span> <span class='ocrx_word' id='word_1_755' title='bbox 3007 5370 3020 5373; x_wconf 30' lang='grc' dir='ltr'><strong>Α</strong></span> <span class='ocrx_word' id='word_1_756' title='bbox 3031 5297 3190 5373; x_wconf 77' lang='lat' dir='ltr'><strong>quasi</strong></span> <span class='ocrx_word' id='word_1_757' title='bbox 3237 5297 3457 5373; x_wconf 79' lang='lat' dir='ltr'><strong>perinde</strong></span> <span class='ocrx_word' id='word_1_758' title='bbox 3501 5305 3643 5352; x_wconf 84' lang='lat' dir='ltr'><strong>esset</strong></span> <span class='ocrx_word' id='word_1_759' title='bbox 3667 5309 3738 5347; x_wconf 87' lang='lat' dir='ltr'><strong>ac</strong></span> 
     </span>
    </p>
   </div>
   <div class='ocr_carea' id='block_1_102' title="bbox 485 5368 3378 5446">
    <p class='ocr_par' dir='ltr' id='par_1_102' title="bbox 485 5368 3378 5446">
     <span class='ocr_line' id='line_1_102' title="bbox 485 5368 3378 5446; baseline -0.006 -7"><span class='ocrx_word' id='word_1_760' title='bbox 485 5385 582 5441; x_wconf 87' lang='grc' dir='ltr'><strong>τοῦ</strong></span> <span class='ocrx_word' id='word_1_761' title='bbox 615 5383 828 5446; x_wconf 78' lang='grc' dir='ltr'><strong>αἰῶνος,</strong></span> <span class='ocrx_word' id='word_1_762' title='bbox 863 5377 1132 5435; x_wconf 87' lang='lat' dir='ltr'><strong>sententia</strong></span> <span class='ocrx_word' id='word_1_763' title='bbox 1156 5374 1482 5446; x_wconf 88' lang='lat' dir='ltr'><strong>postulante,</strong></span> <span class='ocrx_word' id='word_1_764' title='bbox 1498 5368 1607 5428; x_wconf 71' lang='lat' dir='ltr'><strong>&#39;st</strong></span> <span class='ocrx_word' id='word_1_765' title='bbox 1639 5373 1755 5427; x_wconf 90' lang='lat' dir='ltr'><strong>sine</strong></span> <span class='ocrx_word' id='word_1_766' title='bbox 1785 5368 2052 5440; x_wconf 82' lang='lat' dir='ltr'><strong>exemplo,</strong></span> <span class='ocrx_word' id='word_1_767' title='bbox 2090 5370 2234 5440; x_wconf 89' lang='lat' dir='ltr'><strong>quod</strong></span> <span class='ocrx_word' id='word_1_768' title='bbox 2279 5369 2497 5439; x_wconf 90' lang='lat' dir='ltr'><strong>quidem</strong></span> <span class='ocrx_word' id='word_1_769' title='bbox 2528 5371 2715 5426; x_wconf 87' lang='lat' dir='ltr'><strong>sciam.</strong></span> <span class='ocrx_word' id='word_1_770' title='bbox 2758 5371 2924 5426; x_wconf 66' lang='lat' dir='ltr'><strong>(itan.</strong></span> <span class='ocrx_word' id='word_1_771' title='bbox 3004 5370 3048 5402; x_wconf 83' lang='grc' dir='ltr'><strong>³ο</strong></span> <span class='ocrx_word' id='word_1_772' title='bbox 3089 5369 3160 5422; x_wconf 89' lang='lat' dir='ltr'><strong>al.</strong></span> <span class='ocrx_word' id='word_1_773' title='bbox 3197 5368 3378 5438; x_wconf 77' lang='grc' dir='ltr'><strong>φόνου.</strong></span> 
     </span>
    </p>
   </div>
   <div class='ocr_carea' id='block_1_103' title="bbox 1763 5515 2401 5573">
    <p class='ocr_par' dir='ltr' id='par_1_103' title="bbox 1763 5515 2401 5573">
     <span class='ocr_line' id='line_1_103' title="bbox 1763 5515 2401 5573; baseline 0.005 -4"><span class='ocrx_word' id='word_1_774' title='bbox 1763 5515 2132 5573; x_wconf 75' lang='lat' dir='ltr'><strong>VARIORUM</strong></span> <span class='ocrx_word' id='word_1_775' title='bbox 2176 5516 2401 5573; x_wconf 64' lang='lat' dir='ltr'><strong>NOTAE.</strong></span> 
     </span>
    </p>
   </div>
   <div class='ocr_carea' id='block_1_104' title="bbox 564 5612 3734 5742">
    <p class='ocr_par' dir='ltr' id='par_1_104' title="bbox 564 5612 3734 5742">
     <span class='ocr_line' id='line_1_104' title="bbox 564 5612 3734 5742; baseline 0 -72"><span class='ocrx_word' id='word_1_776' title='bbox 564 5619 640 5686; x_wconf 76' lang='grc'><strong>(4)</strong></span> <span class='ocrx_word' id='word_1_777' title='bbox 665 5621 742 5742; x_wconf 66' lang='lat' dir='ltr'><strong>gl</strong></span> <span class='ocrx_word' id='word_1_778' title='bbox 787 5620 852 5673; x_wconf 78' lang='grc' dir='ltr'><strong>τὸ</strong></span> <span class='ocrx_word' id='word_1_779' title='bbox 901 5617 1096 5686; x_wconf 71' lang='grc' dir='ltr'><strong>καλῶς</strong></span> <span class='ocrx_word' id='word_1_780' title='bbox 1137 5615 1346 5672; x_wconf 68' lang='grc' dir='ltr'><strong>,καλεῖν</strong></span> <span class='ocrx_word' id='word_1_781' title='bbox 1390 5616 1497 5670; x_wconf 83' lang='grc' dir='ltr'><strong>οὐκ</strong></span> <span class='ocrx_word' id='word_1_782' title='bbox 1540 5614 1800 5683; x_wconf 82' lang='grc' dir='ltr'><strong>ἔχοντες.</strong></span> <span class='ocrx_word' id='word_1_783' title='bbox 1840 5612 1999 5671; x_wconf 78' lang='lat' dir='ltr'><strong>Verte</strong></span> <span class='ocrx_word' id='word_1_784' title='bbox 2033 5633 2043 5667; x_wconf 93' lang='lat'>:</span> <span class='ocrx_word' id='word_1_785' title='bbox 2081 5617 2181 5682; x_wconf 79' lang='lat' dir='ltr'><strong>Qui</strong></span> <span class='ocrx_word' id='word_1_786' title='bbox 2213 5617 2334 5672; x_wconf 77' lang='lat' dir='ltr'><strong>bene</strong></span> <span class='ocrx_word' id='word_1_787' title='bbox 2372 5618 2513 5688; x_wconf 84' lang='lat' dir='ltr'><strong>loqui</strong></span> <span class='ocrx_word' id='word_1_788' title='bbox 2548 5635 2648 5674; x_wconf 81' lang='lat' dir='ltr'><strong>non</strong></span> <span class='ocrx_word' id='word_1_789' title='bbox 2680 5627 2928 5684; x_wconf 76' lang='lat' dir='ltr'><strong>potestis;</strong></span> <span class='ocrx_word' id='word_1_790' title='bbox 2977 5619 3104 5688; x_wconf 76' lang='lat' dir='ltr'><strong>quia</strong></span> <span class='ocrx_word' id='word_1_791' title='bbox 3155 5616 3284 5672; x_wconf 81' lang='lat' dir='ltr'><strong>boni</strong></span> <span class='ocrx_word' id='word_1_792' title='bbox 3354 5615 3489 5673; x_wconf 87' lang='lat' dir='ltr'><strong>nihil</strong></span> <span class='ocrx_word' id='word_1_793' title='bbox 3532 5615 3734 5670; x_wconf 75' lang='lat' dir='ltr'><strong>didice~</strong></span> 
     </span>
     <span class='ocr_line' id='line_1_105' title="bbox 564 5700 829 5742; baseline 0.008 -2"><span class='ocrx_word' id='word_1_794' title='bbox 564 5700 634 5742; x_wconf 87' lang='lat' dir='ltr'><strong>nt.</strong></span> <span class='ocrx_word' id='word_1_795' title='bbox 709 5705 829 5742; x_wconf 76' lang='grc' dir='ltr'><strong>ιειι.</strong></span> 
     </span>
    </p>
   </div>
   <div class='ocr_carea' id='block_1_105' title="bbox 494 5700 829 5751">
    <p class='ocr_par' dir='ltr' id='par_1_105' title="bbox 494 5700 829 5751">
     <span class='ocr_line' id='line_1_106' title="bbox 494 5700 829 5751; baseline -0.006 -7"><span class='ocrx_word' id='word_1_796' title='bbox 494 5700 634 5748; x_wconf 70' lang='grc' dir='ltr'><strong>πςιιη.</strong></span> <span class='ocrx_word' id='word_1_797' title='bbox 665 5700 829 5751; x_wconf 71' lang='grc' dir='ltr'><strong>υιειι.</strong></span> 
     </span>
    </p>
   </div>
  </div>
