4022 6336
305 293 398 348 J8!

1027 296 1481 353 CLEMENTINA.
1519 327 1595 344 -—
1624 299 1921 355 EPITOME
1958 300 2044 354 DE
2077 300 2320 357 GESTIS
2356 304 2411 358 S.
2454 304 2674 364 PETRI.

3449 314 3554 370 482

303 412 611 485 Βαρνάϐαν,
648 416 738 467 καὶ
771 413 843 486 μὴ
870 412 1199 486 βουλόμενον
1226 417 1316 489 βίᾳ
1342 419 1425 481 εἰς
1452 418 1550 489 τὴν
1582 418 1719 490 ἐμὴν
1745 414 1854 490 ἧγο·

1941 448 1949 477 ι
1981 420 2134 474 natae
2169 436 2335 475 manu
2360 427 2726 495 appreh’cnsa,
2757 445 2881 485 eum
2914 431 3040 487 licet
3070 433 3368 499 nolentem,
3400 436 3451 489 vi
3484 436 3553 491 ad

299 506 495 567 οὶκίαν,
527 504 656 559 ἔνθα
692 506 786 559 καὶ
830 507 1010 577 μένειν
1058 509 1218 562 αὑτὸν
1261 508 1512 579 ἐποίησα,
1571 510 1656 563 ἵνα
1688 512 1760 582 μή
1790 528 1875 574 τις

297 598 442 669 αὸτῷ
473 600 663 669 χεῖρας
702 598 967 673 ἐπιϐάλλῃ
1007 600 1069 654 ⁸¹.
1128 601 1238 653 Καὶ
1285 600 1496 672 ἡμέρας
1542 602 1727 671 ὀλίγας
1777 605 1873 658 σὺν

295 693 414 761 ἐμοὶ
448 691 767 760 διατρίψας,
804 692 895 745 καὶ
931 692 1023 745 τοῦ
1069 692 1321 763 ἀληθινοῦ
1356 693 1512 762 λόγου
1565 693 1769 766 βραχέα
1805 713 1871 765 με

295 785 573 854 κατήχησε
606 785 679 814 δ”
720 784 967 837 σπεύδειν
1003 784 1048 816 ³³
1085 785 1194 856 γὰρ
1240 784 1421 853 ἔλεγεν
1476 788 1556 849 είς
1613 786 1870 841 Ἰουδαίαν

292 872 587 941 ἀφικέσθαι
630 874 729 943 τῆς
784 874 975 942 ἐορτῆς
1026 872 1205 944 χάριν,
1255 873 1331 936 ώς
1388 875 1480 927 καὶ
1529 872 1623 925 τοῦ
1681 873 1867 927 λοιποῦ

291 970 529 1018 συνεῖναι
557 969 670 1028 τοῖς
697 960 863 1019 αὐτοῦ
886 965 1197 1036 ὁμοεθνέσιν
1224 965 1441 1019 ἐθέλων.

357 1065 495 1120 XIII.
549 1065 715 1135 Ἐμοῦ
753 1064 808 1116 δὲ
837 1064 957 1117 λίαν
989 1064 1087 1135 τῆς
1123 1064 1331 1117 ἐκείνου
1375 1064 1619 1135 γλώττης
1656 1084 1866 1138 κρεμα-

289 1156 471 1226 μένου,
513 1156 609 1208 καὶ
658 1148 903 1225 σφοδρῶς
944 1155 1289 1225 ἐγκειμένου,
1338 1156 1431 1209 καὶ
1462 1156 1562 1209 οὑκ
1602 1158 1861 1221 ἀνιέντος,

286 1250 415 1302 ἀλλὰ
457 1250 563 1321 τὴν
607 1250 798 1321 λοιπὴν
846 1247 1201 1312 ἀπαιτοῦντος
1235 1250 1601 1314 διδασκαλίαν,
1645 1254 1739 1306 καὶ
1777 1252 1864 1305 λέ-

283 1358 501 1410 γοντος·
552 1343 618 1394 σὺ
668 1342 825 1411 μόνον
864 1341 957 1404 οὒς
1003 1341 1241 1411 ῆκουσας
1287 1342 1381 1394 τοῦ
1431 1344 1687 1412 φανέντος
1727 1346 1860 1398 Θεοῦ

283 1435 494 1487 ἐκτίθου
537 1452 625 1505 μοι
658 1434 876 1502 λόγους,
923 1434 1078 1502 κάγὼ
1112 1434 1189 1505 τῷ
1227 1434 1345 1505 ἐμῷ
1374 1434 1515 1506 λόγῳ
1556 1439 1857 1507 κοσμήσας,

280 1526 367 1578 τοῦ
392 1527 533 1579 Θεοῦ
560 1526 781 1597 κηρύξω
811 1526 907 1597 τὴν
944 1524 1213 1596 βούλησιν.
1238 1523 1350 1579 Εἶθ’
1375 1526 1546 1591 οὕτως
1585 1531 1677 1583 καὶ
1711 1530 1860 1594 ἐντὸς

281 1619 738 1690 ὁλίγων,ἡμερῶν
786 1618 1166 1670 συνεκπλεῦσω
1217 1636 1318 1671 σοι.
1382 1619 1516 1681 Λίαν
1553 1620 1661 1690 γὰρ
1708 1621 1858 1674 ποθῶ

280 1708 425 1780 παρὰ
450 1709 548 1761 τὸν
579 1711 678 1779 τῆς
724 1708 980 1770 Ἰουδαίας
1000 1707 1249 1775 γενέσθαι
1288 1708 1469 1759 τόπον.
1503 1708 1656 1777 Τάχα
1680 1709 1735 1760 δέ
1764 1709 1856 1762 καὶ

1976 526 2151 565 meam
2193 514 2416 568 domum
2465 517 2620 584 duxi,
2656 521 2747 575 ubi
2792 532 2845 576 et
2888 522 2990 578 feci
3032 541 3271 593 manere,
3320 544 3388 583 ne
3426 531 3554 599 quis

1973 603 2022 656 ei
2054 619 2250 660 manus
2289 607 2555 676 injiceret.
2607 610 2929 685 Paucosque
2958 617 3078 673 dies
3105 635 3318 674 mecum
3365 638 3569 676 mora—.

1974 696 2354 754 tus,nonnnlla
2385 714 2523 755 verae
2555 703 2829 771 religionis
2860 706 3163 763 rudimenta
3195 726 3281 764 me
3325 712 3543 770 docuit:

1971 782 2148 837 aiebat
2197 787 2341 840 enim
2391 791 2536 859 quod
2584 805 2900 862 properaret
2953 798 3136 853 venire
3184 801 3250 853 ad
3300 800 3566 859 Judzeanr

1972 887 2191 944 propter
2221 878 2442 943 festum,
2475 893 2534 936 ut
2565 886 2659 954 qui
2694 887 2852 941 vellet
2879 888 2933 942 in
2966 901 3240 959 posterum
3274 910 3396 948 cum
3426 899 3542 951 suis

1972 969 2325 1035 popularibus
2354 972 2572 1042 degere.

2041 1060 2176 1116 Xlll.
2218 1064 2333 1135 Ego
2370 1084 2504 1122 vero
2547 1086 2671 1125 cum
2702 1074 2861 1129 valde
2892 1077 2962 1130 ab
2995 1077 3143 1133 illius
3188 1081 3370 1151 lingua
3410 1099 3542 1153 pcn-

1966 1154 2169 1221 derem,
2222 1173 2285 1212 ac
2313 1161 2660 1218 vehementer
2711 1166 2995 1237 instarem,
3043 1186 3145 1225 nec
3198 1174 3543 1244 desisterem,

1966 1247 2059 1299 sed
2107 1250 2372 1318 reliquam
2410 1253 2713 1311 doctrinam
2761 1262 3122 1331 postularem,
3161 1281 3224 1319 ac
3264 1266 3540 1323 dicerem:

1964 1334 2043 1389 Tu
2075 1348 2283 1395 tantum
2320 1344 2453 1397 mihi
2480 1361 2691 1416 expone
2718 1349 2810 1405 Dei
2843 1353 2935 1421 qui
2971 1357 3242 1423 apparuit,
3274 1374 3413 1426 quos
3447 1376 3544 1413 au-

1963 1427 2122 1495 disti,
2166 1447 2487 1503 sermones;
2524 1448 2576 1491 ct
2622 1456 2723 1509 ego
2757 1445 3006 1499 oratione
3037 1463 3153 1501 mea
3186 1463 3281 1501 eos
3312 1464 3537 1516 ornans,

1962 1523 2296 1580 voluntatem
2352 1527 2444 1583 Dei
2502 1533 2853 1602 prmdieabo,
2906 1537 3092 1607 sicque
3141 1549 3327 1608 postea
3395 1543 3534 1598 intra

1964 1628 2163 1680 paucos
2194 1617 2311 1674 dies
2340 1623 2607 1693 navigabo
2632 1634 2808 1681 tecum
2837 1645 2850 1679 :
2879 1630 3172 1685 admodum
3200 1634 3343 1687 enim
3374 1636 3537 1704 cupio

1962 1707 2026 1759 ad
2049 1706 2249 1763 Iudaeae
2278 1714 2552 1782 regionem
2588 1721 2770 1774 venire
2797 1740 2809 1773 :
2840 1736 2903 1774 ac
2935 1720 3075 1777 forte
3105 1725 3386 1780 vobiscum
3421 1737 3539 1783 toto

279 1802 585 1871 συνοικήσω
633 1800 760 1869 ὑμῖν
779 1799 871 1850 τὸν
923 1798 1103 1850 πάντα
1151 1814 1251 1867 μου
1305 1797 1404 1866 τῆς
1447 1797 1591 1869 ζωῆς
1644 1797 1853 1869 χρόῦον.

1964 1799 2082 1852 vita?
2115 1818 2247 1856 mete
2276 1815 2526 1875 itempore
2560 1811 2848 1877 habitabo;
2898 1814 2985 1868 ille
3014 1816 3099 1870 bis
3136 1818 3358 1883 auditis,
3394 1820 3538 1875 illico

276 1891 440 1955 Αύτδς
462 1891 675 1945 τούτων
712 1891 971 1955 ἀκούσας,
1009 1889 1169 1953 εὐθὺς
1197 1888 1551 1959 ἀπεκρίνατοο
1574 1890 1644 1941 Σὺ
1678 1891 1725 1941 εἰ
1760 1890 1856 1960 μὲν

279 1984 559 2053 ἱστορῆσαι
592 1982 661 2035 τὰ
690 1982 935 2054 ἡμέτερα
981 1982 1073 2033 καὶ
1107 1980 1293 2051 μαθεῖν
1324 1978 1384 2031 τὸ
1422 1980 1700 2050 συμφέρον
1733 1980 1853 2032 ἐθέ-

276 2074 395 2138 λεις,
424 2075 666 2144 ἐξαυτῆς
698 2092 808 2146 μοι,
848 2073 1000 2143 φησι,
1038 2072 1399 2143 σύμπλευσον·
1430 2072 1476 2123 εί
1514 2071 1573 2124 δέ
1607 2071 1679 2143 μὴ
1725 2071 1850 2141 βού-

273 2165 367 2227 ὶει,
395 2164 538 2217 ἀλλὰ
568 2165 638 2217 τὰ
672 2167 871 2234 σημεῖα
898 2164 997 2235 τῆς
1017 2163 1283 2234 οἰκήσεώς
1308 2180 1429 2233 μου,
1462 2165 1553 2217 καὶ
1573 2158 1649 2216 ὧν
1678 2163 1850 2226 θέλεις

274 2256 375 2325 ἐγώ
411 2275 498 2309 σοι
542 2258 779 2327 μερον
810 2256 1055 2327 γνωριῶ,
1094 2256 1179 2308 ἵνα
1210 2256 1297 2307 ὅτε
1329 2257 1421 2309 καὶ
1454 2254 1631 2325 βούλει
1671 2273 1849 2326 παρα-

273 2348 555 2417 γενόμενος
584 2346 753 2419 εὕρῃς
786 2348 931 2416 ἡμᾶς
956 2363 970 2375 ·
996 2344 1104 2414 ἐγὼ
1127 2346 1236 2416 γὰρ
1260 2346 1445 2413 αῦριον
1468 2347 1558 2399 ἐπὶ
1580 2345 1648 2398 τὰ
1678 2347 1847 2417 ἐμαυ-

270 2440 357 2494 τοῦ
386 2439 747 2511 πορεύσομαι.
783 2440 891 2491 Καὶ
923 2437 984 2507 δὴ
1021 2436 1371 2507 ἀδυσώπητον
1407 2436 1579 2500 οὕτως
1608 2437 1729 2489 ἰδὼν
1756 2439 1846 2492 τὸν

272 2528 572 2601 Βαρναόαν,
615 2528 871 2599 συνῆλθον
934 2528 1083 2597 αὐτῷ
1132 2526 1293 2598 μέχρι
1337 2529 1429 2580 καὶ
1467 2526 1559 2579 τοῦ
1600 2526 1843 2597 λιμένος·

271 2622 360 2675 καὶ
394 2620 586 2693 μαθὼν
621 2622 751 2691 παρ’
770 2618 933 2671 αὐτοῦ
961 2620 1102 2689 ειπερ
1145 2618 1293 2687 ἔλεγε
1326 2622 1526 2689 σημεῖα
1554 2618 1663 2671 τῶν
1695 2620 1846 2691 οἰκή-

272 2728 419 2770 σεων,
468 2710 616 2780 φημὶ
662 2707 800 2779 πρὸς
830 2706 989 2760 αὐτόν
1014 2723 1027 2736 ·
1071 2707 1155 2769 Ὠς
1194 2708 1242 2758 εί
1288 2707 1361 2777 μὴ
1397 2706 1583 2779 αὔριον
1621 2706 1845 2777 ἔμελλον

269 2802 563 2873 ἀπαιτῆσαι
596 2818 650 2854 τι
688 2800 797 2852 τῶν
823 2799 1184 2869 ὀφειλομένων
1230 2815 1346 2868 μοι,
1384 2798 1612 2870 ἐξαυτῆς
1657 2798 1723 2852 ἂν
1751 2799 1844 2852 καὶ

271 2893 555 2949 συνέπλεόν
602 2909 717 2945 σοι·
760 2891 898 2962 πλὴν
947 2890 1080 2944 ἀλλὰ
1112 2890 1300 2960 τάχιόν
1340 2908 1398 2943 σε
1438 2890 1839 2962 καταλήψομαι.

266 2986 439 3040 Ταῦτα
463 2982 659 3047 εἰπὼν,
689 2984 783 3036 καὶ
804 2981 1180 3052 παραθέμενος
1205 2982 1365 3034 αὐτὸν
1391 2985 1504 3045 τοῖς
1531 2982 1624 3034 τοῦ
1654 2982 1839 3036 πλοίου

261 3081 601 3153 ἡγουμένοις,
623 3078 959 3150 ὑπέστρεφον
991 3076 1127 3147 μετὰ
1154 3076 1348 3148 λύπης,
1377 3076 1720 3148 μεμνημένος
1741 3076 1836 3131 τοῦ

260 3173 415 3228 καλοῦ
451 3173 551 3228 καὶ
586 3169 848 3243 συνήθους
877 3168 1052 3239 φίλου.

322 3268 464 3323 XIV.
518 3267 762 3339 Ἡμέρας
811 3264 867 3317 δέ
904 3262 1216 3334 διατρίψας,
1265 3263 1358 3315 κού⁹
1400 3262 1461 3314 τὸ
1501 3260 1661 3333 χρέος
1705 3262 1774 3316 δι’
1805 3262 1834 3316 δ

258 3362 345 3414 καὶ
382 3357 688 3428 ἐπεσχέθην
726 3356 826 3424 οὐχ
860 3353 979 3406 ὅλον
1016 3352 1201 3405 λαϐεῖν
1241 3352 1522 3423 δυνηθεὶς,
1554 3352 1833 3424 ἀμελήσας

256 3450 343 3503 τοῦ
380 3445 839 3520 περιλειπομένου
883 3443 971 3497 διὰ
1000 3443 1061 3495 τὸ
1096 3444 1232 3513 ταχὺ
1271 3442 1361 3496 τὸν
1391 3442 1560 3513 ἄνδρα
1597 3443 1831 3497 καταλα-

255 3541 385 3603 ϐεῖν,
438 3540 519 3601 ὼς
573 3536 831 3607 ἐμποδίου
885 3552 974 3606 μοι
1027 3534 1349 3605 γενομένου,
1398 3535 1491 3587 καὶ
1538 3535 1700 3599 αὐτὸς
1750 3537 1831 3599 είς

264 3631 519 3685 Ἰουδαίαν
547 3626 888 3692 ἀπέπλευσα,
925 3627 1018 3679 καὶ
1043 3624 1129 3678 διὰ
1155 3626 1545 3679 πεντεκαίδεκα
1580 3625 1824 3698 ἡμερῶν,

249 3726 314 3795 τῇ
350 3721 671 3791 Στράτωνος
726 3716 974 3787 ἐπιδημῶ
1016 3715 1341 3786 Καισαρείᾳ.
1408 3715 1723 3779 Ἐπιόἀντος
1771 3716 1828 3770 δέ

254 3828 350 3883 μου
386 3811 483 3880 τῆς
511 3808 639 3879 γῆς,
672 3808 767 3860 καὶ
793 3806 968 3871 ξενίαν
1003 3803 1403 3875 ἐπιζητοῦντος,
1437 3805 1692 3875 μανθάνω
1719 3806 1825 3858 Πέ-

248 3922 373 3976 τρον
403 3904 528 3958 τινὰ
553 3904 865 3974 λεγόμενον,
894 3902 987 3955 τοῦ
1012 3903 1069 3954 ἐν
1108 3900 1335 3971 Ἰουδαία
1362 3899 1617 3969 φανέντος
1652 3900 1826 3971 Ἰησοῦ

249 3996 483 4067 Χριστοῦ
527 3995 659 4048 Υἱοῦ
704 3992 799 4047 τοῦ
831 3993 965 4046 Θεοῦ
994 3992 1087 4047 τοῦ
1133 3996 1336 4065 σημεῖα
1363 3993 1457 4046 καὶ
1493 3990 1697 4064 τέρατα
1730 4011 1828 4046 ςτε-

250 4087 556 4157 ποιηκότος,
588 4086 680 4137 τὸν
706 4082 1077 4154 δοκιμώτατον
1108 4083 1375 4156 μαθητὴν,
1406 4083 1593 4155 αῦριον
1620 4084 1822 4156 Σίμωνι

246 4178 317 4248 τῷ
348 4177 458 4231 ἀπὸ
486 4176 693 4229 Γιτθῶν
724 4176 769 4207 ³⁸
796 4177 1060 4247 Σαμαρεῖ,
1099 4176 1313 4247 μέλλειν
1361 4175 1496 4229 ξέναι
1535 4174 1673 4247 πρὸς
1708 4176 1825 4230 δια-

246 4268 429 4334 λέξεις.
474 4267 617 4338 Ἐγὼ
645 4268 702 4320 δὲ
732 4267 905 4321 ταῦτα
946 4267 1205 4331 ἀκούσας,
1249 4268 1473 4338 ἐδεήθην
1500 4268 1602 4338 τὴν
1631 4267 1820 4321 τούτου

249 4380 332 4431 μοι
362 4361 668 4432 μηνυθῆναι
703 4361 887 4430 μονήν.
928 4359 1215 4430 Καὶζὸμῶς
1242 4359 1463 4430 ἔμαθον,
1487 4359 1582 4413 καὶ
1610 4359 1689 4430 τῷ
1720 4376 1822 4413 πυ-

1963 1896 2270 1961 respondit,
2312 1914 2376 1951 ac
2405 1900 2581 1954 dixit:
2609 1902 2712 1967 Tu,
2748 1907 2793 1959 si
2833 1908 3049 1976 quidem
3094 1910 3279 1965 videre
3320 1922 3534 1979 nostra,

1956 1990 2008 2034 et
2039 1986 2183 2052 quod
2219 1991 2437 2056 expedit
2477 1994 2633 2061 cupis
2665 1995 2905 2062 discere;
2939 2015 3150 2054 mecum
3200 2003 3386 2057 statim
3435 2020 3531 2057 na~

1956 2074 2136 2144 vigato
2165 2093 2177 2127 :
2207 2078 2289 2131 sin
2323 2097 2452 2135 vero
2486 2100 2591 2137 non
2627 2086 2708 2141 vis
2741 2089 3015 2159 navigare,
3047 2107 3146 2161 ego
3173 2093 3331 2148 hodie
3375 2096 3530 2165 signa

1955 2167 2219 2223 domicilii
2251 2172 2379 2237 mei,
2408 2189 2706 2245 eorumque
2738 2194 2877 2247 quos
2917 2183 3210 2238 convenire
3247 2185 3529 2243 desideras

1953 2257 2237 2329 indicabo;
2280 2276 2335 2317 ut
2360 2268 2581 2335 quando
2614 2271 2852 2327 volueris
2878 2274 3082 2341 venire,
3117 2292 3219 2330 nos
3256 2278 3525 2335 invenias:

1952 2366 2053 2421 ego
2095 2370 2333 2425 namque
2377 2376 2500 2414 cras
2542 2362 2608 2415 ad
2658 2380 2776 2418 mea
2820 2383 2907 2421 me
2944 2369 3243 2427 conferam.
3296 2373 3359 2427 Et
3400 2392 3526 2430 vero

1950 2454 2179 2498 cernens
2210 2444 2513 2503 Barnabam
2554 2452 2691 2506 adeo
2734 2470 2856 2509 esse
2902 2458 3315 2529 inexorabilem,
3353 2468 3525 2519 comi-

1950 2542 2094 2589 tatus
2131 2551 2251 2590 sum
2297 2555 2422 2592 eum
2466 2557 2640 2612 usque
2670 2547 2734 2599 ad
2770 2558 2986 2615 portum
3009 2592 3024 2616 ,
3072 2556 3421 2625 acceptisque
3455 2560 3524 2615 ab

1948 2641 2013 2679 eo
2042 2627 2214 2695 signis
2249 2646 2369 2698 qua:
2394 2631 2607 2687 dixerat
2656 2637 3080 2705 domiciliorum,
3109 2645 3198 2697 aio
3234 2646 3301 2699 ad
3333 2647 3518 2704 illum:

1946 2714 2060 2772 Nisi
2103 2734 2227 2774 cras
2317 2725 2666 2791 repetendum
2712 2729 2845 2783 mihi
2894 2741 3038 2786 esset
3077 2735 3279 2803 aliquid
3329 2754 3518 2794 eorum

1946 2825 2071 2879 quat
2121 2813 2260 2866 mihi
2309 2815 2598 2883 debentur,
2651 2820 2895 2889 proiecto
2928 2823 3154 2893 jamjam
3197 2836 3375 2882 tecum
3422 2847 3521 2883 na-

1944 2900 2227 2969 vigarem;
2293 2913 2530 2961 attamen
2591 2911 2700 2965 cito
2752 2921 2801 2966 te
2847 2929 3131 2983 assequar.
3188 2916 3282 2972 llis
3334 2920 3515 2987 dictis,

1943 2995 2442 3066 commendatoque
2504 3015 2569 3054 eo
2627 3004 2782 3057 navis
2843 3006 3198 3076 ductoribus,
3265 3025 3517 3070 rcversns

1943 3097 2063 3137 sum
2129 3100 2253 3140 cum
2315 3089 2575 3158 tristitia,
2659 3108 2869 3149 memor
2920 3096 3045 3151 boni
3104 3114 3169 3153 ac
3223 3104 3521 3159 concordis

1940 3172 2126 3230 amici.

2010 3262 2149 3321 XIV.
2190 3270 2415 3340 Aliquot
2449 3280 2630 3327 autem
2675 3274 2792 3331 dies
2835 3288 3083 3337 moratus
3107 3324 3121 3348 ,
3152 3293 3204 3338 et
3237 3284 3504 3351 debitum,

1936 3367 2158 3429 propter
2182 3362 2329 3430 quod
2364 3374 2610 3419 retentus
2643 3364 2875 3434 fueram,
2910 3386 3018 3425 nou
3052 3382 3226 3428 totum
3262 3377 3511 3448 accipere

1932 3451 2155 3518 valens;
2195 3462 2253 3506 ut
2286 3454 2533 3509 celeriter
2569 3456 2844 3513 hominem
2879 3463 3222 3534 attingerem,
3257 3470 3514 3538 neglecto

1932 3544 2078 3613 quod
2106 3555 2413 3615 supererat,
2442 3550 2571 3617 quia
2603 3551 2735 3604 mibi
2764 3562 2907 3607 esset
2936 3553 3359 3627 impedimento;
3393 3562 3511 3631 ipse
3536 3606 3547 3612 -

1931 3651 2152 3705 quoque
2183 3636 2235 3689 in
2263 3636 2507 3693 Judzeam
2537 3641 2843 3709 enavigavi,
2876 3653 2930 3697 et
2960 3647 3368 3713 quintodeeimo
3417 3651 3508 3707 die

1929 3727 2235 3781 Ctesaream
2271 3727 2544 3785 Stratonis
2580 3733 2833 3787 advenio.
2870 3735 3119 3805 Cumque
3149 3748 3348 3794 terram
3382 3745 3506 3797 teti-

1929 3817 2152 3886 gissem,
2193 3828 2247 3872 et
2282 3818 2577 3889 hospitium
2606 3837 2907 3891 quaererem
2929 3866 2945 3891 ,
3019 3828 3182 3882 audio
3212 3832 3504 3899 quemdam

1928 3908 2147 3963 nomine
2191 3908 2449 3978 Petrum,
2500 3911 2627 3967 Jesu
2684 3914 2888 3970 Christi
2942 3917 3034 3972 Dei
3081 3918 3243 3985 Filii,
3290 3923 3384 3992 qui
3445 3923 3503 3977 in

1926 3998 2111 4054 Judaza
2150 4015 2479 4073 apparuerat
2504 4014 2558 4059 et
2585 4006 2737 4077 signa
2765 4018 2930 4079 atque
2962 4012 3207 4082 prodigia
3235 4014 3501 4081 ediderat,

1926 4092 2369 4161 probatissimum
2421 4097 2773 4169 discipulum,
2825 4103 3066 4158 crastino
3111 4106 3200 4160 die
3245 4123 3369 4161 cum
3408 4109 3497 4162 Si-

1925 4199 2086 4239 mone
2114 4200 2180 4239 ex
2209 4185 2410 4243 Gittbis
2444 4188 2792 4247 Samaritana
2832 4206 3121 4250 venturum
3154 4198 3220 4252 ad
3251 4199 3497 4270 disputa-

1924 4279 2155 4334 tionem.
2186 4279 2317 4346 Quze
2339 4297 2440 4352 ego
2468 4282 2695 4340 audiens
2719 4288 2900 4356 rogavi
2928 4287 3155 4343 indicari
3189 4292 3499 4349 mibi'illius

1923 4372 2288 4427 mansionem.
2323 4373 2389 4428 Et
2417 4376 2600 4430 statim
2633 4393 2695 4431 ac
2722 4378 2911 4445 didici,
2944 4388 3141 4449 prmsto
3186 4382 3263 4437 fui
3299 4385 3365 4439 ad
3411 4386 3494 4440 fo-

245 4453 370 4507 λῶνι
411 4454 670 4523 ἐπέστην.
708 4452 1042 4521 Θεασάμενοι
1080 4451 1137 4503 δὲ
1178 4453 1227 4504 oi
1254 4453 1313 4503 ἐν
1348 4451 1428 4521 τῷ
1474 4452 1627 4521 οἴκῳ,
1670 4452 1819 4505 ἀντι·
1852 4483 1854 4531 λ

1941 4477 2033 4517 'es.
2098 4461 2283 4518 lntuiti
2335 4476 2519 4521 autem
2562 4470 2655 4538 qui
2704 4472 2756 4523 in
2801 4471 2967 4525 domo
3024 4484 3201 4542 erant,
3251 4476 3397 4533 inter
3433 4495 3498 4535 sc

245 4545 523 4609 ϐάλλοντες
550 4542 711 4616 ἦσαν,
734 4545 818 4608 τίς
836 4562 894 4597 τε
923 4544 1067 4615 εἰμὶ,
1088 4544 1184 4597 καὶ
1214 4543 1376 4597 πόθεν
1400 4545 1538 4614 ἥκω.
1565 4545 1673 4597 Kal
1707 4545 1814 4598 ἰδοὺ

243 4638 523 4709 Βαρνάϐας
555 4638 757 4700 ἐκϐὰς,
807 4638 923 4707 ἅμα
958 4636 1036 4706 τῷ
1070 4636 1114 4667 ³⁵
1147 4636 1272 4688 ἰδεῖν
1314 4636 1655 4707 περιεπλάκη
1700 4654 1812 4706 μοι,

244 4730 372 4784 πολὺ
410 4732 615 4801 χαίρων
657 4731 752 4784 καὶ
787 4728 1054 4799 δακρύων.
1099 4728 1212 4780 Kal
1243 4727 1539 4803 λαϐόμενός
1570 4746 1670 4798 μου
1713 4730 1811 4800 τῆς

242 4822 438 4893 χειρὸς,
470 4823 690 4894 εἰσῆγεν
716 4822 797 4882 είς
823 4821 925 4891 τὴν
961 4820 1154 4873 οἰκίαν.
1201 4816 1333 4872 Εἶτα
1371 4820 1465 4873 καὶ
1490 4820 1581 4873 τὸν
1608 4821 1811 4892 Πέτρον

243 4914 576 4977 ὑποδεικνὺς,
610 4909 763 4976 οὗτος
803 4914 969 4975 ἐστιν,
999 4911 1169 4979 ἔλεγε,
1204 4912 1424 4982 Πέτρος,
1460 4910 1520 4962 ὂν
1558 4911 1813 4980 μέγιστον

243 5004 327 5055 ἐπὶ
367 5007 434 5073 τῇ
477 5003 573 5055 τοῦ
612 5002 746 5056 Θεοῦ
790 5004 949 5073 σοφίᾳ
993 5001 1404 5073 ἐπηγγελλόμην
1453 5019 1557 5062 σοι,
1590 5002 1807 5073 Κλήμη,

240 5086 475 5159 ᾦπάντα
498 5112 558 5147 τε
583 5094 678 5147 καὶ
705 5094 772 5147 τὰ
798 5095 937 5147 κατὰ
973 5094 1032 5146 σὲ
1071 5092 1209 5146 καλὰ
1242 5093 1332 5144 καὶ⁵
1364 5092 1462 5162 τὴν
1493 5092 1807 5162 προαίρεσιν

242 5186 325 5237 ἀεὶ
350 5186 672 5258 διηγούμην,
703 5186 777 5249 ὡς
796 5185 1038 5239 ἐντεῦθεν
1068 5184 1343 5255 γλίχεσθαι
1374 5183 1467 5236 καὶ
1492 5182 1653 5235 αὐτὸν
1683 5182 1809 5235 ἰδεῖν

244 5294 320 5345 σε,
344 5282 436 5332 καί
464 5278 564 5350 τὴν
592 5278 690 5349 σὴν
718 5276 996 5330 ἐπιποθείν
1028 5275 1333 5345 συντυχίαν.
1366 5274 1524 5341 Μέγα
1541 5268 1633 5325 οῦν
1660 5271 1809 5342 αὑτῴ

242 5366 401 5440 δῶρόν
456 5387 513 5422 σε
562 5369 651 5422 διὰ
698 5369 805 5421 τῶν
868 5367 1015 5438 ἐμῶν
1079 5365 1373 5438 προσφέρω
1425 5364 1643 5435 χειρῶν.
1698 5365 1807 5417 Kal

240 5462 391 5515 τοῦτο
419 5462 609 5525 εἰπὼν,
643 5461 1027 5532 προσαγαγὼν,
1058 5459 1161 5529 ἔφη
1188 5476 1200 5488 ⁸
1230 5453 1382 5520 οὗτός
1415 5458 1526 5508 ἐστι
1551 5456 1805 5526 Κλήμης,

242 5554 427 5626 Εέτρε.

1920 4551 2275 4609 conferebant
2327 4557 2580 4624 quisnam
2613 4574 2811 4625 essem,
2841 4576 2904 4615 ac
2928 4564 3069 4617 unde
3097 4568 3489 4633 proﬁciscerer.

1921 4643 1989 4698 Et
2023 4661 2150 4701 ecce
2182 4647 2462 4702 Barnabas
2508 4665 2783 4718 egressus,
2840 4654 3025 4707 statim
3066 4664 3126 4709 ut
3155 4659 3287 4711 vidit
3338 4674 3493 4714 com-

1918 4737 2109 4804 plexus
2138 4749 2243 4804 est,
2275 4740 2503 4794 multum
2536 4742 2777 4812 gaudens
2814 4759 2878 4798 ac
2904 4746 3257 4816 'lacrymans;
3297 4766 3489 4819 appre-

1920 4830 2197 4900 hensaqne
2224 4847 2387 4886 manu
2422 4848 2561 4897 mea,
2589 4836 2642 4888 in
2673 4835 2893 4889 domum
2938 4837 3256 4893 introduxit.
3286 4839 3489 4896 Deinde

1919 4922 2139 4975 Petrum
2189 4924 2526 4979 ostendens:
2563 4925 2661 4980 llic
2691 4935 2795 4991 est,
2829 4929 3029 4998 inquit,
3062 4928 3275 4993 Petrus,
3323 4949 3482 5002 quem

1915 5014 2215 5066 maximum
2261 5015 2314 5067 in
2367 5014 2461 5068 Dei
2517 5017 2781 5084 sapientia
2833 5020 2930 5072 tibi
2988 5020 3398 5087 denuntiabant,
3449 5038 3487 5075 ο

1913 5104 2194 5169 Clemens,
2243 5107 2439 5175 cuique
2490 5123 2675 5162 omnia
2716 5126 2838 5179 quae
2890 5111 2942 5165 in
2992 5122 3044 5167 te
3091 5120 3221 5167 sunt
3256 5113 3395 5167 bona
3428 5123 3483 5168 et

1914 5196 2253 5263 propositum
2303 5205 2454 5251 tuum
2503 5215 2715 5269 semper
2746 5203 3057 5270 narrabam,
3086 5213 3144 5258 ut
3170 5220 3234 5258 ex
3265 5218 3334 5258 eo
3365 5205 3485 5275 ipse

1910 5287 2071 5340 etiam
2127 5289 2310 5356 cupiat
2356 5290 2538 5345 videre
2592 5303 2672 5358 te,
2728 5303 2987 5363 tuamque
3036 5296 3476 5364 congressionem

1909 5388 2144 5447 expetat.
2178 5379 2431 5450 Magnum
2471 5383 2636 5452 igitur
2672 5385 2720 5438 ei
2755 5401 2959 5439 munus
2990 5395 3039 5438 te
3067 5386 3318 5440 manibus
3345 5391 3482 5443 meis

1908 5468 2096 5523 offero.
2125 5468 2282 5534 Quod
2314 5486 2437 5525 cum
2464 5471 2718 5539 dixisset,
2747 5474 2943 5528 obtulit
2972 5491 3076 5529 me.
3105 5483 3158 5529 et
3183 5476 3347 5531 dixit:
3381 5477 3477 5535 llic

1906 5570 1988 5619 est
2009 5561 2281 5630 Clemens,
2316 5562 2494 5619 Petre.

1496 5664 1730 5721 VARle
1767 5665 2166 5724 LECTIONES.

304 5768 342 5797 "
386 5768 452 5819 al.
494 5766 733 5831 ἐπιϐάλῃ
826 5767 867 5799 ⁸³
909 5765 978 5819 al.
1021 5763 1354 5830 κατηχήσας.

1454 5760 1496 5791 ³³
1529 5759 1686 5813 Deest
1720 5760 1770 5812 in
1804 5760 1875 5814 al.

1954 5762 1997 5793 3“
2037 5764 2109 5817 al.
2146 5764 2383 5834 Γητθῶν.
2463 5766 2507 5800 ³³
2548 5768 2613 5822 ιιιι
2650 5766 2763 5822 τοῦ.
