4022 6336
445 288 553 346 483

1237 287 1294 344 S.
1336 287 1725 343 CLEMENTIS
1762 286 1781 340 l
1822 286 1987 344 ROM.
2027 286 2229 343 PONT.
2271 286 2499 342 OPEBA
2538 287 2748 345 DUBIA

3581 289 3687 347 484

532 407 628 463 XV
689 406 995 469 AtPetrus,
1046 414 1332 477 postquam
1382 422 1579 463 nomen
1625 408 1855 473 audivit,
1898 424 2011 464 me-

2184 407 2299 461 XV.
2350 410 2407 462 '0
2436 409 2492 462 δὲ
2525 409 2686 479 ἡνίκα
2719 408 2814 463 τοῦ
2850 409 3111 481 ὀνόματος
3138 411 3386 481 ἤκουσεν,
3418 408 3501 471 εἰς
3545 409 3690 478 μνή-

444 501 623 555 moria
671 508 916 570 repetens
966 499 1226 552 Barnabtc
1283 500 1646 565 narrationes,
1697 498 2008 566 confestim,

444 609 511 647 eo
544 593 728 646 habitu
779 607 889 661 quo
919 599 1057 653 erat,
1108 590 1372 660 prosiliit,
1425 606 1619 660 meque
1665 592 1899 662 benigne
1945 606 2010 646 ac

444 700 701 751 germane
731 684 1102 745 exosculatus,
1134 691 1299 753 atque
1313 683 1557 738 assidere
1582 682 1787 739 faciens
1812 683 2009 739 :Recte

444 775 643 843 fecisti,
689 775 886 845 inquit,
920 773 1015 843 qui
1063 774 1308 828 veritatis
1353 790 1659 843 praeconem
1702 776 2007 830 Barnabam

443 869 681 938 hospitio
708 868 989 937 exceperis
1028 867 1082 921 in
1115 867 1223 921 veri
1254 866 1347 921 Dei
1379 867 1678 934 honorem;
1713 870 2006 925 admodum

440 961 656 1015 excelso
696 969 748 1015 te
792 960 1005 1030 gessisti
1054 960 1259 1024 animo,
1302 959 1394 1029 qui
1428 960 1803 1029 imperitorum
1851 960 2004 1015 furo-

441 1070 554 1107 rem
589 1068 697 1107 non
728 1051 898 1107 fueris
921 1052 1149 1107 veritus.
1188 1052 1394 1107 Revera
1438 1052 1581 1105 enim
1614 1052 1806 1106 beatus
1832 1068 1892 1106 es
1924 1062 2002 1117 tu,

439 1144 582 1215 quod
613 1143 858 1198 veritatis
900 1143 1137 1213 legatum
1180 1143 1249 1196 ita
1298 1142 1446 1196 omni
1485 1158 1608 1196 cum
1642 1142 1848 1196 honore
1878 1158 2004 1197 sus-

437 1235 649 1305 ceperis
701 1232 967 1304 hospitem
998 1251 1011 1286 :
1040 1250 1139 1303 pro
1180 1235 1382 1304 quibus
1423 1232 1610 1299 factis,
1638 1233 1753 1303 ipsa
1787 1251 2004 1305 quoque

436 1329 637 1383 veritas
690 1336 742 1382 te
780 1328 875 1396 qui
919 1331 1120 1396 hospes
1159 1341 1239 1391 es,
1283 1341 1396 1380 suae
1440 1324 1591 1380 urbis
1632 1326 1804 1380 civem
1853 1326 2003 1380 desi-

435 1421 641 1489 gnabit,
672 1430 909 1489 tuncque
938 1434 1266 1489 magnopere
1296 1419 1601 1485 laetaberis;
1630 1421 1755 1489 quia
1782 1435 2002 1489 parvam

437 1512 665 1581 gratiam
705 1527 851 1565 nunc
897 1510 1217 1575 fmneratus,
1257 1510 1570 1579 bonamque
1607 1510 1868 1565 doctrina;
1905 1526 2003 1565 vo-

435 1605 727 1668 luntatem,
776 1604 885 1658 eris
938 1603 1110 1657 hmres
1168 1602 1580 1657 commodorum
1650 1612 1999 1668 aeternorum,

436 1698 817 1765 bonorumque
865 1710 986 1764 qua:
1042 1693 1245 1749 auferri
1290 1709 1399 1748 non
1431 1703 1684 1764 possunt.
1728 1694 1841 1750 Nec
1869 1711 1999 1751 vero

434 1788 675 1842 laborem
703 1787 900 1842 subeas
930 1784 1197 1840 referendi
1230 1787 1365 1840 mihi
1396 1802 1579 1841 mores
1610 1798 1733 1842 tuos
1761 1806 1774 1841 :
1814 1789 1997 1842 omnia

433 1880 578 1934 enim
617 1894 738 1949 qua:
790 1879 855 1932 ad
902 1887 952 1931 te
998 1878 1310 1947 pertinent,
1355 1887 1568 1932 amator
1613 1879 1717 1934 iste
1759 1880 2000 1935 veritatis

434 1972 709 2027 Barnabas
744 1970 1022 2035 indicavit,
1054 1968 1166 2023 fere
1204 1969 1449 2039 quotidie
1492 1970 1689 2024 bonam
1727 1970 1804 2024 tui
1850 1987 2001 2025 men-

432 2066 633 2119 tionem
678 2062 902 2117 faciens.
953 2061 1017 2115 Et
1056 2073 1116 2115 ut
1155 2062 1280 2126 tibi,
1327 2072 1585 2131 tanquam
1632 2062 1761 2116 vero
1802 2062 1998 2129 amico,

433 2154 671 2209 breviter
727 2170 842 2207 rem
892 2153 1169 2222 aperiam;
1220 2155 1326 2208 nisi
1371 2154 1469 2208 tibi
1514 2154 1719 2224 aliquid
1774 2155 2001 2225 impedi-

433 2256 618 2300 tnento
651 2254 755 2310 est,
792 2245 895 2299 iter
929 2245 1216 2299 nobiscum
1245 2244 1406 2311 habe,
1447 2260 1512 2300 ac
1539 2245 1754 2315 percipe
1794 2262 2001 2301 sermo-

431 2354 552 2391 nem
582 2334 844 2402 veritatis,
870 2351 1029 2405 quem
1056 2351 1151 2405 per
1175 2336 1417 2407 singulas
1446 2335 1692 2393 civitates
1716 2337 1998 2393 habiturus

431 2444 576 2495 sum,
608 2427 839 2483 Romam
865 2443 1039 2498 usque
1066 2428 1261 2496 ipsam.

499 2520 641 2575 XVI.
681 2521 793 2593 Ego
836 2538 964 2577 vero
1006 2524 1071 2578 ad
1112 2524 1261 2577 illum
1295 2542 1309 2577 :
1345 2522 1577 2578 Paratus
1619 2523 1836 2593 quidem
1874 2539 1993 2578 sum

429 2614 698 2684 proficisci
734 2626 934 2681 tecum,
968 2616 1187 2685 inquam
1217 2634 1230 2669 :
1258 2615 1359 2669 hoc
1405 2632 1642 2685 namque
1678 2616 1863 2670 nescio
1887 2629 1996 2684 quo

430 2708 590 2761 modo
631 2708 886 2762 constitui
939 2708 1093 2763 hctus
1129 2723 1359 2762 :verum
1410 2709 1569 2777 cupio
1606 2708 1757 2776 prius
1795 2707 1996 2762 certior

426 2799 493 2853 de
516 2798 740 2852 veritate
764 2799 908 2864 fieri;
936 2808 996 2852 ut
1019 2800 1214 2862 sciam,
1244 2807 1427 2852 utrum
1457 2798 1639 2851 anima
1669 2798 1993 2855 immortalis

428 2890 518 2955 sit,
552 2906 620 2944 an
653 2890 941 2955 mortalis;
976 2897 1030 2942 et
1066 2888 1113 2943 si
1152 2898 1233 2942 est
1263 2887 1624 2957 sempiterna,
1664 2903 1793 2941 num
1824 2889 1894 2942 ob
1929 2905 1991 2943 ea

424 2996 548 3049 qua:
575 2981 661 3035 hic
696 2980 880 3050 gessit,
918 2979 1151 3048 judicari
1183 2979 1412 3041 debeat;
1456 2978 1605 3044 item,
1634 2978 1891 3047 quidnam
1920 2979 1992 3032 sit

422 3070 629 3137 justum
680 3086 745 3123 ac
787 3069 897 3123 Deo
944 3078 1198 3138 gratum;
1259 3079 1555 3138 praeterea,
1615 3068 1864 3123 factusne
1918 3070 2054 3155 sitcl

427 3162 683 3227 mundus,
715 3168 769 3213 et
807 3176 976 3229 quare
1020 3160 1224 3226 factus;
1259 3169 1315 3214 et
1361 3175 1428 3213 an
1474 3160 1544 3214 sit
1581 3161 1982 3224 dissolvendns,

429 3267 617 3315 necne,
650 3266 716 3305 an
752 3252 940 3305 melior
980 3248 1217 3315 futurus,
1258 3265 1325 3303 an
1364 3266 1464 3306 nec
1499 3251 1714 3305 futurus
1741 3252 1986 3320 omnino,

425 3358 510 3408 ac,
554 3358 621 3396 ne
665 3342 875 3412 singula
918 3357 1242 3411 prosequar,
1283 3340 1399 3395 haec
1450 3351 1613 3412 atque
1660 3342 1745 3398 his
1789 3344 1986 3398 similia

424 3435 614 3488 vellem
658 3434 885 3487 discere.
941 3433 1033 3487 Ille
1077 3441 1291 3497 autem,
1334 3433 1519 3488 divino
1558 3434 1748 3503 spiritu
1785 3449 1985 3506 cogno-

378 3574 383 3577 _
423 3542 581 3582 secus
615 3526 745 3594 quid
782 3525 881 3580 sibi
906 3525 1105 3580 vellent
1139 3541 1201 3579 ea
1235 3527 1420 3593 verba,
1462 3528 1633 3581 citum
1665 3542 1986 3597 responsum

427 3618 598 3681 dedit,
633 3626 690 3669 ut
717 3627 771 3671 et
800 3619 909 3671 cito
941 3633 1026 3671 me
1055 3616 1122 3670 ad
1151 3618 1432 3671 veritatem
1466 3627 1764 3673 revocaret.
1813 3617 1988 3689 Atque

423 3726 543 3780 ego,
574 3708 769 3779 inquit,
803 3710 1038 3763 breviter
1067 3707 1187 3773 tibi,
1223 3723 1255 3761 ο
1280 3709 1552 3778 Clemens,
1588 3724 1769 3765 rerum
1810 3709 1989 3765 scien-

426 3803 555 3857 tiam
582 3800 847 3856 exbibebo
872 3818 886 3855 :
911 3808 965 3855 et
984 3800 1094 3870 jam
1120 3814 1263 3854 nunc
1291 3799 1441 3856 audi.

492 3978 655 4034 XVII.
692 3978 782 4032 Dei
814 3976 1069 4030 voluntas
1105 3975 1306 4031 multas
1354 3976 1426 4031 ob
1473 3978 1713 4033 rationes
1748 3978 1982 4033 homini-

421 4072 525 4125 bus
571 4071 785 4125 occulta
832 4069 952 4124 fuit.
994 4067 1181 4122 Primo
1219 4067 1437 4138 quidem
1468 4068 1615 4138 quod
1656 4069 1734 4123 illi
1769 4069 1983 4124 detine-

420 4172 609 4215 rentur
636 4176 801 4229 prava
830 4159 1194 4222 institutione,
1226 4158 1476 4212 convictu
1508 4158 1726 4222 vitioso,
1755 4175 1989 4215 consue-

420 4253 609 4307 tudine
664 4253 1011 4321 perniciosa,
1073 4251 1232 4305 malis
1281 4250 1609 4319 colloquiis,
1666 4266 1776 4304 non
1836 4261 1984 4307 recta

421 4345 741 4413 opinionum
776 4343 1167 4412 anticipatione
1188 4381 1202 4405 ,
1251 4352 1413 4411 atque
1442 4351 1729 4411 eapropter
1760 4358 1980 4409 errore;

421 4431 546 4490 dein
579 4445 887 4503 contemptu
910 4476 924 4500 ,
957 4433 1356 4500 incredulitate,
1386 4432 1769 4499 fornicatione,
1799 4435 1980 4489 avari-
2013 4430 2057 4483 D

423 4530 528 4592 tia,
573 4527 723 4581 inani
768 4526 963 4596 gloria,
989 4526 1224 4595 aliisque
1269 4525 1583 4591 similibus;
1610 4541 1731 4595 quae
1769 4541 1891 4580 cum
1928 4527 1983 4580 in

421 4619 705 4682 mundum,
747 4627 1007 4687 tanquam
1053 4617 1321 4687 plurimus
1355 4617 1538 4671 fumus
1568 4617 1624 4671 in
1674 4633 1838 4671 unam
1887 4617 1987 4672 do-

422 4728 593 4776 mum,
635 4709 989 4774 intraverint,
1023 4711 1279 4778 intusque
1311 4708 1669 4763 habitantium
1698 4709 1980 4762 hominum

418 4801 596 4857 visum
629 4799 947 4855 oﬂ‘uscarint
971 4841 986 4863 ,
1033 4814 1127 4854 eos
1159 4815 1265 4854 non
1302 4800 1488 4853 sinunt
1518 4800 1778 4867 aspicere,
1810 4816 1983 4869 neque

420 4892 608 4947 mundi
639 4900 940 4946 creatorem
972 4889 1140 4945 Deum
1178 4891 1475 4960 intelligere
1503 4906 1569 4943 ex
1606 4891 1672 4945 iis
1697 4892 1749 4944 in
1781 4892 1981 4961 quibus

419 4987 535 5056 ipse
556 5001 614 5041 se
640 4983 831 5053 pinxit,
857 4998 957 5037 nec
985 4997 1312 5051 cognoscere
1342 4982 1485 5052 quod
1515 4985 1561 5038 ei
1599 4984 1796 5054 placet.
1828 4983 1980 5051 Quo-

420 5079 567 5133 circa
621 5083 832 5145 oportet
889 5073 1135 5128 veritatis
1192 5074 1469 5140 studiosi,
1521 5075 1853 5131 intrinsecus
1910 5094 1973 5132 ex

419 5170 616 5224 anima:
656 5165 950 5235 profundo,
981 5163 1047 5217 ad
1081 5163 1345 5216 auxilium
1375 5180 1503 5219 vera
1540 5166 1757 5222 ratione
1784 5177 1979 5221 vocent

422 5259 590 5317 Deum
618 5258 797 5316 solum
819 5296 835 5324 ,
865 5255 1152 5311 Dominum
1196 5263 1379 5308 autem
1424 5265 1670 5311 nostrum
1697 5266 1750 5312 et
1780 5257 1976 5313 Salva-

2115 516 2221 571 μην
2244 492 2410 552 ἐλθὼν
2433 500 2543 553 τῶν
2576 500 2832 571 Βαρνάϐα
2859 492 3229 572 διηγημάτων,
3260 498 3483 571 ὲξήλατό
3515 515 3574 549 τε
3606 498 3689 560 ὡς

2108 588 2249 661 εἶχεν
2278 590 2457 654 εὐθὺς,
2497 591 2590 644 καὶ
2640 593 2925 662 προσηνῶς
2965 610 3031 662 με
3061 586 3153 645 καὶ
3180 591 3416 661 γνησίως
3447 596 3688 658 καταφι-

2108 681 2294 752 λήσας,
2326 682 2420 735 καὶ
2449 683 2981 753 παρακαθισάμενος·
3016 673 3212 746 Καλῶς
3240 680 3519 751 ἐποίησας,
3553 680 3685 749 ἔφη,

2105 770 2197 824 τδν
2223 771 2323 841 τῆς
2350 771 2606 842 ἀληθείας
2630 774 2846 844 κήρυκα
2870 766 3082 841 ξενίσας
3100 772 3385 845 Βαρνάϐαν
3409 773 3487 835 εἰς
3515 772 3685 842 τιμὴν

2104 862 2201 915 τοῦ
2230 862 2379 927 ὄντος
2401 864 2446 894 ³⁸
2469 864 2623 927 Θεοῦ,
2650 866 2744 918 καὶ
2774 865 2892 919 λίαν
2929 865 3363 936 μεγαλοφρόνως,
3408 864 3507 915 οὐκ
3534 863 3685 915 αἰδε-

2108 952 2255 1017 σθεὶς
2298 954 2388 1006 τὸν
2424 955 2465 985 ³⁷
2500 955 2608 1007 τῶν
2649 949 2989 1009 ἀπαιδεύτων
3035 955 3224 1026 θυμόν.
3255 954 3543 1023 Μακάριος
3571 952 3685 1023 γὰρ

2105 1044 2181 1107 ὡς
2208 1043 2424 1115 ἀληθῶς
2461 1045 2550 1110 σὺ,
2589 1045 2679 1098 τὸν
2723 1046 2823 1115 τῆς
2853 1045 3108 1116 ἀληθείας
3156 1045 3497 1117 πρεσϐευτὴν
3540 1043 3686 1097 οῦτω
3745 1071 3749 1074 ~

2105 1122 2319 1200 ξενίσας
2354 1134 2503 1208 πάσῃ
2539 1137 2705 1206 τιμῇ·
2748 1135 2862 1189 ἀνθ’
2886 1131 2961 1189 ὧν
2992 1137 3131 1208 αὑτὴ
3172 1135 3268 1191 καί
3298 1153 3356 1189 σε
3394 1134 3687 1207 ἡάλήθεια.

2104 1222 2252 1290 ξένον
2293 1224 2442 1290 ὄντα,
2475 1226 2576 1296 τῆς
2613 1220 2750 1289 ἰδίας
2791 1226 2998 1290 πόλεως
3045 1228 3374 1296 καταστήσει
3419 1225 3682 1296 πολίτην⁶

2104 1316 2196 1368 καὶ
2234 1314 2355 1370 τότε
2374 1320 2589 1390 χαρήσῃ
2647 1317 2915 1388 μεγάλως,
2952 1320 3033 1371 ὅτι
3082 1318 3339 1389 βραχεῖαν
3388 1316 3482 1371 νῦν
3518 1317 3685 1389 χάριν

2101 1408 2349 1473 δανείσας
2371 1410 2463 1463 καὶ
2483 1410 2693 1481 ἀγαθὴν
2719 1410 2890 1478 λέγων
2926 1412 3260 1482 προαίρεσιν,
3289 1408 3468 1462 καλῶν
3492 1410 3682 1462 ἀϊδίων

2102 1500 2196 1552 καὶ
2238 1502 2615 1572 ἀναφαιρέτων
2653 1498 2872 1570 ἀγαθῶν
2908 1501 3004 1575 ἔσῃ
3046 1501 3395 1573 κληρονόμος.
3445 1500 3555 1554 Καὶ
3602 1500 3680 1571 μὴ

2100 1590 2273 1661 κάμνε
2311 1587 2643 1645 ἀντιϐάλλων
2689 1610 2781 1663 μοι
2816 1592 2878 1645 τὸ
2928 1592 3017 1645 σὸν
3056 1588 3221 1663 ἦθος·
3254 1592 3431 1645 πάντα
3458 1591 3566 1663 γὰρ
3606 1590 3683 1644 τά

2099 1682 2239 1736 κατὰ
2271 1676 2329 1735 σὲ
2371 1686 2399 1736 ὁ
2429 1683 2726 1755 φιλαλήθης
2767 1678 2918 1747 οὗτος
2949 1685 3086 1756 ἀνὴρ
3128 1685 3156 1736 ὁ
3179 1682 3462 1755 Βαρνάϐας
3500 1683 3682 1754 ἀπήγά

2099 1773 2264 1841 γειλε,
2307 1775 2427 1828 καθ’
2474 1775 2686 1846 ἡμέραν
2717 1776 2901 1845 σχεδὸν
2932 1777 3028 1848 τὴν
3075 1775 3283 1847 ἀγαθήν
3328 1791 3421 1828 σου
3451 1774 3680 1845 μνήμην

2102 1866 2436 1937 ποιούμενος.
2468 1866 2576 1919 Καὶ
2621 1868 2706 1921 ἵνα
2753 1885 2853 1933 σοι,
2889 1869 2964 1932 ὼς
2994 1869 3199 1940 γνησίῳ
3244 1868 3404 1939 φίλῳ,
3450 1864 3679 1936 δηλώσω

2100 1959 2220 2013 κατ’
2266 1958 2529 2029 ἐπιτομὴν
2558 1957 2619 2011 τὸ
2662 1960 3038 2031 προκείμενον,
3082 1961 3129 2011 εί
3178 1960 3251 2030 μή
3291 1958 3372 2012 σοί
3403 1975 3458 2010 τι
3497 1958 3678 2027 ὲμπο⁸

2098 2050 2264 2114 atqu,
2327 2049 2636 2102 συνόδευσον
2687 2051 2838 2121 ἡμῖν,
2892 2050 3313 2122 μεταλαμϐάνων
3362 2045 3453 2102 τὸν
3491 2049 3536 2081 ⁸⁸
3572 2048 3678 2117 τῆς

2100 2136 2351 2209 ἀληθείας
2393 2138 2565 2207 λόγον,
2615 2138 2673 2191 ὃν
2705 2139 2749 2171 ⁸⁹
2790 2139 2929 2193 κατά
2977 2139 3129 2193 πόλιν
3168 2133 3438 2192 ποιεῖσθαι
3491 2136 3674 2209 μέλλω

2102 2228 2262 2304 μέχρι
2313 2229 2530 2302 Ῥώμης
2567 2229 2751 2303 αὐτῆς.

2167 2523 2305 2577 XVI.
2360 2523 2498 2593 Ἐγὼ
2536 2525 2594 2577 δὲ
2633 2525 2769 2597 πρὸς
2805 2525 2989 2590 αὐτόν,
3037 2520 3128 2580 Σοὶ
3167 2526 3265 2597 μὲν
3304 2525 3533 2597 ἑτοίμως
3562 2525 3674 2596 ἔχω

2098 2615 2420 2679 συνοδεύειν,
2464 2611 2617 2669 εἷπον
2638 2633 2650 2645 ·
2694 2615 2851 2669 τοῦτο
2875 2617 2983 2689 γάρ
3014 2618 3112 2671 οὐκ
3149 2614 3244 2670 οἷδ’
3269 2619 3416 2681 ὅπως
3463 2617 3673 2690 χαίρων

2097 2703 2447 2778 προῄρημαι”
2507 2704 2645 2777 πλὴν
2680 2706 2809 2775 περὶ
2857 2705 3114 2777 ἀληθείας
3161 2706 3421 2777 βούλομαι
3450 2706 3673 2777 πρῶτον

2095 2795 2605 2866 πληροφορηθῆναι,
2663 2796 2749 2848 ἵνα
2794 2796 2907 2864 γνῶ
2932 2837 2946 2861 ,
2996 2798 3045 2848 εί
3101 2798 3133 2867 ή
3178 2796 3325 2868 ψυχὴ
3379 2795 3671 2861 ἀθάνατος,

2099 2884 2344 2955 ῆθνητή·
2398 2886 2491 2939 καὶ
2516 2888 2562 2938 εί
2602 2886 2771 2950 ἀΐδιος
2819 2882 2975 2950 οὖσα,
3021 2889 3149 2957 περὶ
3190 2881 3265 2939 ὧν
3310 2886 3543 2959 ἔπραξεν
3583 2889 3674 2941 ἐνί

2090 2972 2283 3035 ταῦθα,
2315 2974 2426 3044 ἔχει
2449 2974 2724 3045 κριθῆναι⁸
2758 2976 2850 3029 καὶ
2871 2977 2923 3030 τί
2952 2978 3080 3030 ποτέ
3110 2980 3223 3031 ἐστι
3247 2978 3448 3031 δίκαιον
3480 2979 3511 3049 ἢ
3539 2977 3672 3049 ἀρέ-

2092 3082 2217 3119 σκον
2258 3065 2396 3136 Θεῷ,
2440 3067 2534 3120 καὶ
2558 3067 2814 3137 είγέγονε
2853 3070 3075 3140 κόσμος,
3102 3071 3195 3123 καὶ
3234 3070 3322 3123 διὰ
3360 3070 3413 3122 τί
3454 3069 3666 3138 γέγονε,

2090 3156 2184 3209 καὶ
2218 3156 2266 3208 εί
2293 3156 2618 3229 λυθήσεται·
2650 3160 2742 3211 καὶ
2764 3159 2811 3211 εἰ
2841 3160 2901 3212 οὐ
2922 3160 3235 3231 λυθήσεται,
3266 3162 3361 3215 καὶ
3401 3160 3447 3192 ⁸⁸
3480 3161 3668 3232 κρείτι-

2088 3264 2194 3301 των
2240 3247 2412 3312 ἔσται,
2448 3248 2481 3319 ἢ
2514 3249 2633 3302 οὐδὲ
2664 3250 2851 3303 ἔσται·
2896 3252 2991 3304 καὶ
3032 3253 3119 3305 ἵνα
3170 3252 3243 3323 μὴ
3276 3252 3333 3304 τὸ
3372 3254 3493 3304 κατ’
3524 3250 3668 3314 εἶδος

2087 3341 2260 3410 λέγω,
2307 3340 2481 3395 ταῦτά
2528 3358 2589 3395 τε
2650 3343 2744 3396 καὶ
2796 3343 2865 3396 τά
2911 3344 3119 3408 τούτοις
3175 3345 3415 3415 ἑπόμενα
3474 3337 3668 3415 μαθεῖν

2089 3432 2296 3503 ἤθελον.
2351 3433 2407 3485 '0
2453 3433 2545 3497 δὲ,
2588 3434 2631 3465 ⁸¹
2665 3435 2717 3487 τί
2760 3434 2917 3488 ταυτὶ
2952 3435 3196 3504 βούλεται
3225 3434 3292 3487 τά
3343 3437 3556 3506 ῥήματα
3584 3429 3666 3506 τῷ

2090 3524 2218 3596 θείῳ
2245 3524 2513 3595 πνεύματι
2534 3526 2714 3594 γνοὺς,
2738 3529 2957 3596 ταχεῖαν
2977 3528 3073 3597 τὴν
3094 3525 3382 3595 ἀπόκρισιν
3409 3529 3662 3587 ἐποιεῖτο,

2089 3615 2175 3668 ἵνα
2232 3616 2326 3668 καὶ
2368 3615 2504 3685 ταχύ
2560 3634 2625 3686 με
2676 3618 2811 3686 πρὸς
2851 3618 2948 3688 τὴν
3003 3618 3255 3688 ἀλήθειαν
3314 3619 3665 3689 ὲπαναγάγη-

2087 3722 2175 3757 ται
2205 3704 2268 3758 ⁸³.
2309 3706 2437 3768 Καί,
2487 3707 2771 3777 Συντόμως
2815 3706 2923 3777 ἐγώ
2970 3726 3077 3771 σοι,
3121 3709 3322 3777 ἔλεγεν,
3364 3704 3406 3762 ὦ
3440 3709 3661 3781 Κλήμη,

2088 3798 2182 3870 τὴν
2221 3799 2331 3853 τῶν
2364 3800 2530 3855 ὄντων
2582 3802 2777 3871 γνῶσιν
2808 3801 3131 3874 παρέξομαι·
3179 3803 3271 3857 κα).
3316 3802 3385 3858 τὰ
3423 3802 3519 3857 νῦν
3570 3803 3663 3871 ἐξ·

2086 3891 2256 3959 αυτῆς
2279 3892 2463 3946 ἄκουε.

2158 4000 2322 4055 XVII.
2359 4002 2421 4054 'H
2447 4002 2539 4055 τοῦ
2570 4002 2706 4056 Θεοῦ
2728 4003 2892 4075 βουλὴ
2923 4005 3064 4059 κατά
3091 4006 3317 4069 πολλοὺς
3337 4006 3570 4077 τρόπους
3600 4006 3659 4057 ἐν

2086 4091 2262 4162 ἀδήλῳ
2286 4092 2474 4161 γέγονε
2498 4096 2609 4155 τοῖς
2631 4093 2728 4146 ἀνθ
2738 4093 2959 4164 ρώποιςῖ
2983 4096 3181 4167 Πρῶτα
3205 4096 3302 4166 μὲν
3324 4094 3411 4148 διὰ
3432 4095 3491 4147 τὸ
3519 4113 3659 4165 κρα-

2085 4182 2312 4252 τηθῆναι
2351 4184 2547 4246 αὐτοὺς
2575 4186 2849 4256 εἰσαγωγῇ
2888 4190 3029 4258 κακῇ
3054 4228 3068 4251 ,
3100 4187 3389 4257 συντροφίᾳ
3421 4188 3656 4256 πονηρᾷ.

2088 4275 2345 4347 συνηθείᾳ
2370 4276 2538 4347 δεινῇ,
2571 4277 2758 4349 ὁμιλίᾳ
2790 4282 2935 4349 κακῇ
2972 4279 3037 4341 ⁸³,
3068 4278 3329 4350 προλήψει
3354 4279 3452 4331 οὐκ
3478 4278 3611 4349 ὀρθῇ
3639 4317 3657 4340 ,

2086 4364 2182 4417 καὶ
2204 4365 2290 4418 διὰ
2316 4366 2487 4420 ταῦτα
2515 4367 2690 4438 πλάνῃ
2710 4385 2724 4398 ’
2777 4368 2966 4422 ἔπειτα
2992 4368 3211 4439 ἀφοϐία,
3250 4368 3495 4438 ἀπιστίᾳ,
3523 4385 3658 4439 πορ-

2084 4456 2221 4528 νείᾳ,
2261 4459 2611 4531 φιλαργυρίᾳ,
2655 4460 2953 4532 κενοδοξία,
2981 4461 3076 4514 καὶ
3113 4460 3289 4523 ἄλλοις
3310 4460 3592 4523 τοιούτοις,
3619 4458 3657 4512 ἃ

2082 4548 2146 4618 δὴ
2187 4548 2437 4620 καθάπερ
2476 4552 2684 4605 καπνοῦ
2722 4552 2923 4621 πλῆθος
2963 4553 3044 4615 είς
3089 4552 3186 4607 ἕνα
3227 4548 3372 4605 οἶκον
3404 4553 3655 4606 ἐπεισελ-

2086 4636 2245 4690 θόντα
2270 4637 2359 4689 τὸν
2390 4638 2612 4710 κόσμον,
2637 4641 2729 4693 καὶ
2762 4640 2866 4693 τῶν
2894 4639 3102 4693 ἔνδοθεν
3127 4641 3414 4695 οἰκούντων
3442 4640 3655 4712 ἀνδρῶν

2084 4724 2483 4780 ἐπιθολώσαντα
2534 4727 2632 4791 τάς
2680 4728 2917 4798 ὁράσεις,
2968 4730 3257 4799 ἀναϐλέψαι
3307 4730 3503 4792 αὐτοὺς
3551 4731 3656 4784 οὐκ

2084 4817 2167 4886 ἐᾷ,
2198 4818 2290 4871 καὶ
2316 4822 2382 4890 τῇ
2414 4819 2685 4892 διαγραφῇ
2707 4823 2795 4875 τὸν
2821 4823 3294 4894 δημιουργήσαντα
3320 4823 3655 4894 κατανοῆσαι

2085 4908 2235 4973 Θεὸν,
2279 4913 2373 4964 καὶ
2406 4912 2467 4964 τὸ
2514 4913 2687 4985 τούτῳ
2710 4914 2898 4969 δοκοῦν
2941 4916 3222 4987 γνωρίσαι.
3269 4916 3361 4969 Διὸ
3386 4917 3491 4989 χρὴ
3521 4918 3654 4981 τοὺς

2084 5000 2393 5073 φιλαλήθεις
2437 5004 2636 5058 ἔσωθεν
2677 5008 2740 5060 ἐκ
2783 5007 2979 5078 βάθους
3020 5010 3197 5080 ψυχῆς
3246 5008 3650 5065 ἐκκαλέσασθαι

2082 5090 2218 5160 πρὸς
2258 5094 2571 5165 ἐπικουρίαν
2622 5096 2809 5167 ἀληθεῖ
2853 5100 3096 5171 λογισμῷ
3144 5101 3233 5154 τὸν
3283 5101 3442 5171 μόνον
3494 5102 3650 5166 Θεὸν,

2082 5180 2283 5252 Κύριον
2325 5184 2381 5237 δὲ
2410 5187 2563 5257 ήμῶν
2592 5189 2685 5242 καί¹
2728 5190 2954 5261 Σωτῆρα
3010 5192 3216 5261 Ἰησοῦν
3261 5192 3516 5264 Χριστὸν,
3552 5195 3652 5247 καὶ

2083 5272 2210 5340 παρ’
2253 5271 2416 5326 αὑτοῦ
2460 5274 2659 5343 γνῶσιν
2687 5277 2889 5344 λαϐεῖν,
2934 5281 3022 5335 ἵνα
3065 5298 3150 5344 τις
3191 5280 3338 5345 ἐντὸς
3369 5281 3444 5335 ὢν
3488 5284 3543 5370 ἐν
3568 5284 3651 5355 τῷ

1674 5390 1910 5446 VARI/E
1950 5395 2344 5460 LECTIONES.

491 5532 534 5623 se
574 5531 710 5614 Lege
740 5530 832 5623 te?
862 5531 1029 5623 6:178;
1051 5522 1212 5616 Θεοῦ,
1225 5527 1481 5623 ejus,‘qui
1503 5544 1676 5623 revera
1702 5526 1963 5623 Peits'est,
1992 5541 2050 5623 tt!
2073 5536 2252 5623 intra,
2282 5556 2433 5595 num,
2464 5560 2613 5598 χχιχ,
2648 5544 2810 5600 Cum.
2887 5548 2930 5583 ετ
2970 5551 3036 5604 αι·
3068 5550 3232 5607 inser.
3266 5554 3326 5605 οὐ
3364 5552 3643 5623 φοϐηθείς.

3574 5609 3613 5637 τ.

418 5608 460 5641 ι’
483 5602 550 5655 al.
585 5596 711 5654 τῶν.
786 5603 829 5634 ³³
856 5602 926 5655 al.
950 5600 1138 5667 λόγων,
1181 5596 1274 5653 ὢν.

417 5676 460 5709 ⁸⁸⁸
495 5673 564 5725 al.
606 5672 967 5744 ἐπαγάγηται.
1043 5670 1087 5702 ⁴³
1121 5673 1181 5724 οὐ
1220 5669 1378 5739 καλῇ.

1360 5598 1404 5631 ⁸³
1434 5599 1502 5652 ill-
1546 5599 1638 5651 κκὶ
1668 5600 1736 5650 εἰ.
1816 5602 1857 5640 δ¹
1895 5602 1965 5655 al.
2007 5606 2035 5656 ό
2066 5603 2121 5658 δὲ
2152 5598 2355 5682 Πέτρος
2381 5614 2516 5684 πρὸς
2546 5598 3637 5694 ταῦταἀπεκρίνατοίηξῦντῦμωῖνσοι-δί
