4066 6324
331 288 442 344 485

1069 282 1523 339 CLEMENTINA.
1567 314 1635 323 —
1674 281 1972 337 EPITOME
2009 283 2097 337 DE
2132 282 2379 338 GESTIS
2417 283 2475 339 S.
2516 282 2734 339 PETRI.

3481 285 3586 342 486

322 413 468 482 οἴκῳ
517 410 598 480 τῷ
640 404 1007 478 πεπλησμένῳ
1053 405 1263 461 καπνοῦ
1287 446 1302 470 ,
1345 406 1425 476 τῷ
1475 406 1667 477 κόσμῳ
1701 405 1915 477 τούτῳ,

2020 415 2191 461 torem
2217 405 2405 462 Iesum
2438 406 2744 472 Christum,
2768 414 2821 460 et
2844 404 2915 461 ab
2936 419 3003 460 eo
3035 405 3401 475 cognitionem
3438 420 3586 460 acet-

324 505 507 573 φημὶ,
562 501 801 573 προσιὼν
851 500 1059 565 ἀνοῖξαι
1104 498 1305 570 δυνηθῇ
1354 498 1548 570 θύραν,
1594 499 1672 561 ὡς
1708 497 1769 551 τὸ
1816 498 1913 568 μὲν

322 596 491 658 ἐκτὸς
534 594 637 646 τοῦ-
676 593 831 663 ἡλίου
882 591 998 661 φῶς
1038 590 1381 661 είσκριθῆναι
1422 590 1501 661 τῷ
1546 593 1699 660 οἴκῳ,
1732 591 1822 643 τὸν
1856 590 1914 643 δὲ

321 686 484 746 ἐντὸς
511 683 605 736 τοῦ
634 684 806 753 πυρὸς
834 681 968 735 ὄντα
996 680 1327 752 ἐκϐληθῆναι
1355 680 1559 736 καπνόν
1578 699 1591 712 ·
1623 683 1770 745 ὅπως
1796 683 1912 736 δια-

322 775 635 844 ϐλέψαντες
680 776 729 827 οί
784 774 1059 847 ἄνθρωποι
1116 773 1478 826 πιστεύσωσιν
1525 774 1606 835 εἰς
1646 772 1741 825 ἓνα
1781 772 1915 825 Θεὸν

320 869 557 939 Πατέρα
586 868 1017 937 παντοκράτορα,
1056 867 1150 918 καὶ
1188 866 1267 928 είς
1298 866 1389 917 τὸν
1440 864 1702 934 μονογενῆ
1748 863 1913 916 αὐτοῦ

322 959 461 1011 Υίὸν
488 959 579 1013 τὸν
613 958 719 1030 πρὸ
752 958 860 1011 τῶν
890 959 1100 1012 αἰώνων
1127 957 1186 1021 ἐξ
1212 956 1376 1010 αὐτοῦ
1401 956 1694 1025 ἀφράστως
1723 972 1917 1026 γεννη-

318 1050 516 1113 θέντα,
544 1053 637 1104 καὶ
666 1052 745 1114 είς
772 1052 833 1103 τὸ
862 1050 1090 1120 Πνεῦμα
1114 1048 1176 1101 τὸ
1201 1050 1351 1116 ἅγιον
1374 1048 1435 1100 τὸ
1462 1048 1519 1114 ἐξ
1542 1046 1706 1101 αὐτοῦ
1737 1049 1915 1120 ἀρρή-

314 1160 441 1205 τως
469 1143 926 1215 ἐκπορευόμενον,
966 1141 1062 1194 ἕνα
1089 1140 1222 1193 Θεὸν
1261 1140 1616 1213 γνωρίζοντες
1643 1142 1700 1193 ἐν
1738 1142 1916 1210 τρισὶν

331 1236 760 1300 ’Υποστάσεσιν,
791 1237 1043 1307 ἄναρχον.
1061 1234 1434 1306 ἀτελεύτητον,
1464 1233 1699 1298 αἰώνιον,
1724 1235 1914 1297 ἀίδιον,

316 1327 610 1390 ἆκτιστον,
638 1327 929 1398 ἄτρεπτον,
954 1326 1328 1389 ἀναλλοίωτον,
1353 1324 1579 1389 ἁπλοῦν,
1604 1326 1914 1390 ἀσύνθετον,

315 1416 644 1487 ἀσώματον,
701 1417 967 1489 ἀόρατον,
1015 1417 1220 1487 ἀναφῆ,
1260 1416 1691 1489 ἀπερίγραπτον,
1726 1418 1918 1489 ἀπερί-

317 1509 543 1580 ληπτον
580 1510 646 1572 ⁸⁸,
676 1509 902 1581 ἄπειρον
924 1548 939 1573 ,
982 1509 1352 1580 ἀκατανόητον
1374 1550 1388 1573 ,
1430 1509 1655 1578 ἀγαθὸν,
1688 1511 1913 1575 δίκαιον,

320 1602 764 1673 παντοδύναμον,
796 1603 1009 1657 πάντων
1041 1602 1355 1673 κτισμάτων
1381 1602 1734 1675 δημιουργὸν,
1751 1610 1764 1623 ⁵
1782 1621 1919 1657 παν-

317 1696 663 1767 τοκράτορα,
711 1697 1117 1767 παντεπόπτην,
1156 1696 1373 1750 πάντων
1406 1697 1729 1769 προνοητὴν,
1761 1697 1914 1764 ἐξου-

2018 502 2204 570 piant;
2240 509 2299 554 ut
2326 500 2525 569 aliquis
2553 501 2703 554 intus
2733 499 2946 568 positus
2973 499 3025 552 in
3052 499 3220 553 domo
3242 498 3376 552 fumi
3402 499 3585 568 plena,

2015 592 2071 646 in
2108 592 2209 647 hoc
2232 631 2247 654 ,
2298 592 2545 661 inquam,
2576 591 2783 645 mundo
2805 630 2820 653 ,
2872 590 3136 644 accedens
3167 591 3339 660 possit
3370 590 3587 658 aperire

2016 681 2194 747 fores;
2232 697 2343 752 quo
2385 681 2571 736 lumen
2621 682 2773 746 solis,
2805 681 2950 751 quod
2979 691 3131 735 extra
3180 692 3283 747 est,
3312 681 3588 735 intromit-

2015 783 2161 828 tatur
2197 773 2251 827 in
2299 772 2557 836 domum;
2602 773 2744 843 ignis
2791 788 2919 827 vero
2949 771 3153 837 fumus,
3186 773 3278 842 qui
3311 772 3454 826 intro
3480 784 3584 838 est,

2015 865 2265 932 ejiciatur
2304 864 2394 930 ἐς
2429 873 2489 917 ιιι
2532 864 2801 926 homines,
2841 879 2964 917 cum
3012 866 3417 933 perspexerint,
3466 880 3588 920 cre-

2016 955 2147 1011 dant
2183 957 2235 1010 in
2273 973 2442 1010 unum
2494 955 2660 1009 Deum
2698 954 2917 1010 Patrem
2956 956 3410 1025 omnipotentem,
3437 966 3490 1011 et
3530 958 3586 1011 in

2019 1049 2357 1119 unigenitum
2387 1049 2505 1117 ejus
2539 1048 2735 1102 Filium
2778 1063 2842 1101 ex
2873 1063 2938 1102 eo
2968 1056 3093 1101 ante
3145 1047 3343 1102 saecula
3369 1047 3587 1101 incuaré

2016 1141 2174 1195 rabili
2226 1141 2390 1194 modo
2429 1141 2695 1210 genitum,
2727 1149 2779 1193 et
2824 1139 2879 1193 in
2922 1137 3190 1209 Spiritum
3220 1146 3473 1193 sanctum
3519 1154 3583 1192 cx

2018 1236 2209 1290 eodem
2244 1235 2504 1289 incﬂabili
2538 1235 2749 1289 ratione
2779 1239 3159 1303 procedentem
3187 1251 3201 1299 ;
3226 1242 3387 1302 atque
3418 1249 3586 1287 unum

2018 1326 2191 1381 Deum
2248 1336 2583 1397 cognoscant
2644 1328 2696 1380 in
2756 1328 2934 1381 tribus
2980 1325 3267 1391 Personis,
3321 1325 3589 1395 principio

2017 1427 2315 1484 carentem,
2344 1418 2469 1473 linis
2496 1428 2794 1488 expertem,
2818 1429 3105 1481 azteruum.
3132 1427 3472 1488 perpetuum,
3504 1418 3588 1471 in-

2017 1520 2282 1575 creatum,
2332 1510 2751 1577 immutabilem,
2786 1510 3074 1565 variationi
3114 1526 3223 1565 non
3262 1511 3585 1573 obnoxium,

2018 1604 2345 1673 simplicem,
2390 1618 2497 1657 non
2542 1604 2930 1672 compositum,
2966 1604 3370 1673 incorporeum,
3401 1604 3586 1658 invisi-

2025 1697 2210 1759 bilem,
2244 1694 2560 1759 intactilem,
2586 1694 3140 1764 incircumscriptum,
3172 1696 3590 1765 incomprehen~

323 1788 583 1859 σιαστὴν,
620 1788 712 1841 καὶ
755 1790 977 1859 κριτήν’
1020 1786 1326 1851 καὶλοῦτως
1359 1767 1811 1859 ἀναγεννηθέντες
1846 1789 1913 1843 δι’

2020 1788 2254 1851 sibilem,
2302 1786 2603 1855 intinitumf,
2636 1802 2744 1840 non
2774 1787 3040 1841 valentem
3070 1788 3324 1858 perspici,
3358 1788 3589 1852 bonum,

320 1876 527 1941 ῦδατός
552 1895 612 1930 τε
643 1879 737 1931 καὶ
774 1878 1102 1949 πνεύματος,
1133 1878 1564 1950 συγκληρονόμοι
1595 1883 1908 1936 καταστῶσι

319 1970 441 2022 τῶν
470 1970 607 2040 πρὸς
636 1970 942 2041 ἀφθαρσίαν
969 1970 1443 2041 ἀναγεννηθέντων
1481 1972 1612 2025 υίῶν
1634 1973 1729 2025 τοῦ
1757 1974 1911 2029 Gabii.

2018 1882 2264 1952 justum,
2310 1890 2589 1950 potentem
2641 1880 2861 1946 omnia,
2908 1888 3287 1934 creaturarum
3338 1880 3588 1934 omnium

2024 1975 2306 2043 opiﬁcem,
2340 1972 2795 2041 omnipotentem,
2847 1971 3208 2041 inspectorem
3242 1982 3590 2038 cunctorum,

322 2062 670 2129 provisorem
720 2063 988 2126 omnium,
1038 2062 1465 2132 dominatorem,
1512 2081 1577 2121 ac
1618 2066 1902 2137 judicem;
1960 2078 2126 2138 atque
2165 2066 2239 2119 ita
2291 2080 2433 2138 aqua
2487 2074 2542 2119 et
2590 2064 2785 2134 spiritu
2830 2064 3005 2118 renati
3049 2065 3362 2119 colizeredes
3388 2066 3595 2120 consti-

321 2168 557 2213 tuantur
610 2158 847 2212 ﬁliorum
900 2158 995 2213 Dei
1054 2170 1369 2214 renatorum
1415 2163 1483 2217 ad
1532 2164 1999 2235 incorruptionem
2031 2164 2099 2217 ⁸⁸.

406 2273 598 2329 XVIII.
644 2276 739 2328 Διὸ
773 2276 878 2349 πρὸ
928 2277 1127 2341 παντὸς
1161 2276 1470 2349 ζητήματος
1514 2279 1607 2333 καὶ
1644 2280 1825 2344 αὐτὸς,
1872 2274 1919 2333 ὦ

324 2367 571 2437 Ὼήμη,
612 2366 841 2437 ἑτοίμως
875 2368 951 2431 ὡς
990 2369 1105 2431 υίὸς
1152 2371 1321 2440 πατρὶ
1366 2370 1648 2441 πρόσελθε,
1694 2373 1783 2426 ἵνα
1824 2374 1918 2427 καὶ

327 2458 454 2511 τῶν
492 2459 774 2529 ὁρωμένων
803 2460 896 2512 καὶ
921 2450 1027 2512 τῶν
1056 2460 1303 2531 ἀοράτων
1326 2462 1571 2531 άψευδῷς
1590 2464 1689 2535 τὴν
1716 2465 1918 2533 γνῶσιν

327 2552 474 2614 Θεὸς
502 2551 751 2624 παράσχῃ
792 2569 891 2604 σοι.
943 2554 1003 2605 El
1051 2553 1105 2605 δὲ
1151 2555 1244 2607 καὶ
1298 2554 1436 2625 μετὰ
1462 2555 1524 2607 τὸ
1565 2554 1828 2627 κληθῆναι
1857 2558 1919 2610 οὐ

326 2644 531 2706 θέλεις,
563 2643 595 2713 ἢ
626 2642 926 2713 βραδύνεις,
950 2644 1134 2715 δικαίᾳ.
1157 2646 1290 2698 Θεοῦ
1321 2647 1498 2717 κρίσει
1536 2648 1847 2722 ἀπόκληρος
1876 2652 1919 2683 ⁸⁷

326 2734 455 2807 ἔσῃ,
478 2735 554 2805 τῷ
582 2737 655 2807 μὴ
680 2735 905 2807 θελῆσαι
938 2737 1010 2808 μὴ
1041 2736 1304 2807 θεληθείς.
1341 2739 1450 2793 Καὶ
1481 2742 1555 2811 μή
1581 2758 1662 2793 τοι
1689 2743 1919 2816 νομίσῃς

326 2827 419 2878 ὅτι
444 2825 547 2880 κᾶν
588 2828 803 2880 πάντων
840 2828 949 2880 τῶν
989 2828 1119 2880 ποτὲ
1148 2830 1452 2900 γενομένων
1488 2832 1724 2885 εὐσεϐῶν
1763 2836 1919 2888 εὐσε-

327 2919 596 2984 ϐέστατος
625 2920 757 2994 γένῃ
787 2920 853 2984 ⁸⁸,
898 2921 972 2992 μὴ
1009 2921 1236 2990 φθάσεις
1276 2923 1320 2953 ⁸³
1358 2923 1412 2975 δὲ
1441 2924 1791 2997 τελειωθῆναι
1831 2928 1919 2981 διὰ

331 3012 732 3083 βαπτίσματος,
778 3013 989 3077 ἐλπίδος
1039 3014 1249 3084 ἀγαθῆς
1288 3020 1468 3086 τυχεῖν
1513 3017 1719 3091 δυνήσῃ
1763 3018 1916 3072 ποτέ.

329 3105 522 3177 Ταύτῃ
546 3104 655 3176 γὰρ
686 3105 904 3160 πλείονα
942 3106 1140 3176 μᾶλλον
1175 3106 1393 3176 ὑφέξεις
1428 3108 1527 3180 τὴν
1558 3109 1800 3174 κόλασιν,
1835 3109 1917 3162 ὅτι

2091 2278 2276 2333 XVIII.
2321 2278 2663 2349 Quapropter
2707 2287 2830 2333 ante
2879 2293 3094 2333 omnem
3138 2279 3490 2349 quaestionem
3530 2290 3588 2336 tu

2020 2388 2263 2442 quoque,
2309 2386 2343 2424 ο
2389 2370 2662 2433 Clemens,
2713 2380 2963 2439 prompte
3003 2380 3263 2439 lanquam
3325 2372 3471 2427 illius
3520 2373 3591 2428 ad

2020 2476 2227 2533 patrem
2262 2464 2477 2527 accede,
2511 2474 2567 2517 ut
2595 2474 2650 2516 et
2674 2462 2973 2516 visibilium
3000 2474 3053 2517 et
3078 2464 3437 2519 invisibilium
3495 2482 3589 2521 co-

2023 2556 2326 2626 gnitionem
2356 2570 2483 2609 vere
2505 2555 2600 2609 tibi
2626 2556 2865 2624 praebeat
2890 2554 3050 2609 Deus.
3067 2554 3219 2621 Quod
3236 2558 3279 2611 si
3303 2569 3588 2629 postquam

2022 2658 2249 2703 vocatus
2271 2664 2351 2713 es,
2376 2662 2483 2700 non
2510 2648 2612 2713 vis,
2641 2659 2736 2701 aut
2757 2650 3060 2715 cunctaris;
3081 2650 3234 2718 justo
3259 2650 3351 2704 Dei
3376 2652 3591 2721 judicio

2021 2740 2267 2793 exlizeres
2308 2739 2451 2803 eris;
2479 2745 2533 2791 et
2575 2738 2701 2807 quia
2734 2738 2982 2803 noluisti,
3016 2740 3161 2793 nolet
3194 2749 3245 2793 te
3276 2740 3440 2796 Deus.
3487 2740 3592 2798 Ne-

2022 2845 2129 2901 que
2155 2844 2285 2883 vero
2316 2828 2617 2891 existimes,
2650 2826 2794 2897 quod
2819 2827 2922 2881 etsi
2955 2828 3199 2880 omnium
3230 2828 3322 2897 qui
3349 2844 3586 2897 unquam

2021 2920 2245 2975 luerunt
2270 2919 2366 2989 pii,
2392 2917 2674 2987 piissimus
2698 2916 2795 2982 sis,
2828 2916 3082 2986 baptismi
3116 2927 3296 2971 autem
3325 2934 3587 2973 consumo

2024 3013 2317 3067 matiouem
2344 3026 2453 3063 non
2489 3008 2658 3062 fueris
2682 3018 3001 3073 assecutus,
3041 3010 3237 3063 bonam
3281 3026 3431 3080 spem
3470 3010 3590 3064 adi-

2025 3093 2160 3166 pisci
2204 3095 2498 3166 aliquando
2539 3096 2762 3167 poteris.
2804 3094 2882 3151 Eo
2928 3096 3075 3152 cnim
3129 3097 3364 3167 majores
3410 3111 3604 3167 poenas

328 3174 519 3259 καλοῖς
548 3174 728 3269 ἔργοις
752 3199 852 3251 οὐκ
898 3174 1114 3271 ἐχρήσω
1149 3174 1328 3264 καλῶς
1360 3202 1427 3253 ⁵ο.
1458 3174 1591 3255 osse
1620 3201 1729 3274 γὰρ
1754 3201 1919 3259 καλὸν

2024 3196 2201 3264 dabis,
2226 3197 2371 3268 quod
2402 3197 2562 3254 bonis
2596 3199 2851 3269 operibus
2874 3214 2980 3253 non
3006 3199 3143 3253 bene
3166 3214 3299 3254 usus
3322 3198 3416 3253 sis.
3442 3196 3600 3261 Nam,

328 3293 397 3346 τὸ
424 3291 610 3354 καλὸν,
653 3293 681 3345 ὅ
716 3310 879 3361 φασιν
922 3294 1019 3363 (5),
1068 3294 1193 3347 ὅταν
1236 3293 1310 3366 μὴ
1342 3294 1523 3359 καλῶς
1567 3295 1803 3367 γίνηται.
1845 3297 1915 3348 Σὺ
1952 3372 1955 3375 ἱ

329 3381 395 3433 δὲ
433 3384 481 3435 εί
509 3383 571 3434 οὐ
602 3382 776 3446 θέλεις
800 3384 875 3445 ὡς
915 3384 993 3454 τῷ
1032 3386 1152 3455 Θεῷ
1181 3384 1372 3438 δοκοῦν
1406 3384 1792 3457 βαπτισθῆναι,
1839 3387 1917 3458 τῷ

333 3475 419 3545 σῷ
462 3476 659 3545 μᾶλλον
702 3477 991 3549 ὑπηρετῶν
1019 3477 1317 3549 θελήματι,
1363 3479 1666 3551 ἐχθραίνεις
1701 3482 1919 3545 πάντως

331 3570 404 3639 τῇ
435 3569 645 3621 ἐκείνου
682 3569 864 3641 βουλῇ.
912 3570 1055 3622 Ἀλλ’
1088 3570 1217 3633 ἴσως
1245 3572 1407 3641 ἐρεῖς·
1444 3572 1553 3625 Καὶ
1589 3572 1643 3625 τί
1680 3573 1919 3644 συμϐάλ-

332 3658 491 3711 λεται
537 3660 673 3730 πρὸς
718 3661 1002 3715 εὐσέϐειαν
1050 3662 1110 3715 τὸ
1168 3661 1532 3733 βαπτισθῆναί
1592 3681 1657 3734 με
1720 3664 1914 3729 ῦδατι;

336 3750 564 3821 Πρῶτον
600 3752 697 3822 μέν
725 3753 807 3805 ὅτι
835 3753 895 3806 τὸ
914 3753 1071 3820 δόξαν
1100 3754 1220 3824 Θεῷ
1248 3756 1524 3826 πράττεις.
1552 3756 1810 3829 Δεύτερον
1839 3760 1915 3824 δὲ,

334 3839 423 3892 Et:
456 3841 523 3892 δι’
557 3841 749 3906 ὓδατος
788 3845 880 3897 καὶ
915 3846 1229 3915 πνεύματος
1278 3848 1639 3917 ἀναγεννᾶσαι
1687 3850 1759 3921 (6)
1801 3852 1919 3923 Θεῷ

337 3932 437 3983 καὶ
474 3931 571 4002 τὴν
600 3933 656 3998 ἐξ
687 3934 984 4005 ἐπιθυμίας
1015 3936 1236 4007 πρώτην
1266 3954 1347 3991 σοι
1373 3942 1669 4010 γενομένην
1716 3947 1917 3996 καταλ-

337 4019 562 4083 λάσσεις
588 4021 839 4093 γέννησιν
859 4040 871 4052 ·
906 4024 999 4077 καὶ
1023 4024 1165 4077 061m
1189 4028 1461 4098 σωτηρίας
1486 4033 1668 4098 τυχεῖν
1682 4030 1882 4105 δυνήσῃ
1901 4074 1915 4095 ,

339 4111 517 4173 ἄλλως
553 4111 609 4164 δὲ
648 4112 754 4181 ἀρα
783 4113 1058 4167 ἀδύνατον.
1107 4114 1263 4169 Οῦτω
1307 4117 1417 4190 γὰρ
1454 4121 1482 4170 ὁ
1526 4120 1619 4173 ἐπὶ
1669 4139 1919 4194 σωτηρνῃ

341 4203 437 4255 rat
463 4203 740 4277 ἀφθαρσίᾳ.
764 4205 857 4259 τοῦ
905 4208 1095 4275 γένους
1124 4208 1280 4279 ἡμῶν
1320 4212 1744 4284 ἐνανθρωπήσας
1787 4216 1921 4280 Θεὸς

344 4296 515 4363 Λόγος
549 4292 700 4351 εἶπεν
728 4300 888 4369 ἡμῖν·
928 4300 1116 4368 Ἀμὴν
1140 4300 1296 4370 λέγω
1322 4302 1488 4371 ὑμῖν,
1519 4303 1628 4357 ἐὰν
1654 4305 1740 4375 μὴ
1771 4308 1917 4360 ἁνα-

341 4387 671 4456 τεννηθῆτε
697 4389 770 4442 δι’
784 4390 998 4455 ὕδατος
1022 4390 1119 4444 καὶ
1141 4394 1496 4462 πνεύματος,
1514 4398 1585 4449 οὺ
1604 4398 1690 4465 μὴ
1720 4399 1918 4452 εἰσέλ-

2029 3308 2091 3357 ut
2118 3298 2291 3360 aiunt,
2322 3296 2522 3352 bonum
2558 3314 2663 3353 non
2694 3299 2897 3352 bonum
2943 3309 3043 3360 cst,
3077 3300 3296 3368 quando
3329 3315 3432 3351 non
3470 3299 3605 3352 bene

2017 3400 2217 3472 agitur.
2269 3396 2352 3452 Tu
2398 3413 2527 3451 vero
2576 3414 2659 3461 su,
2710 3398 3172 3468 quemadmodum
3224 3396 3333 3452 Deo
3389 3398 3586 3468 placet.

2019 3492 2159 3547 nolis
2186 3490 2473 3559 baptizari,
2500 3505 2563 3542 ac
2589 3498 2691 3542 ture
2722 3489 2902 3559 potius
2937 3490 3202 3542 voluntati
3231 3490 3589 3560 obsequeris;

2018 3582 2262 3654 profecto
2292 3580 2437 3634 illius
2476 3580 2709 3634 consilio
2750 3596 3038 3650 repugnas.
3076 3579 3179 3635 Sed
3210 3580 3350 3635 forte
3394 3582 3586 3637 dices:

2020 3671 2085 3727 Et
2127 3671 2257 3743 quid
2301 3670 2369 3724 ad
2414 3669 2667 3739 pietatem
2702 3668 2980 3733 conferet,
3030 3669 3072 3722 si
3119 3685 3259 3737 aqua
3309 3670 3593 3739 baptizch

2022 3763 2204 3819 Primo
2234 3762 2479 3834 quidem,
2515 3761 2643 3831 quia
2678 3760 2727 3813 id
2757 3766 2906 3829 quod
2931 3758 3041 3811 Deo
3070 3760 3273 3829 placuit
3302 3759 3455 3814 facis.
3492 3760 3590 3815 Se-

2020 3858 2202 3912 cundo
2230 3869 2358 3910 vero
2381 3896 2394 3919 ,
2428 3855 2556 3924 quia
2593 3868 2686 3922 per
2721 3868 2918 3922 aquam
2955 3864 3007 3906 ct
3041 3853 3293 3921 spiritum
3334 3868 3589 3907 renasce-

2021 3950 2098 4004 ris
2127 3949 2265 4013 Deo,
2296 3957 2457 4016 atque
2500 3945 2733 4015 primam
2783 3943 3120 3997 nativitatem
3156 3959 3318 4013 quam
3349 3959 3417 3997 ex
3452 3959 3591 3997 con-

2024 4039 2364 4111 cupiscentia
2429 4037 2642 4091 traxisti
2700 4045 2978 4106 permutas
3039 4054 3052 4089 :
3111 4037 3298 4105 sicque
3357 4036 3589 4089 salutent

2021 4132 2286 4202 consequi
2348 4130 2581 4200 poteris:
2632 4128 2790 4181 aliter
2851 4136 3030 4181 autem
3088 4126 3202 4180 fieri
3256 4127 3462 4195 nequit.
3512 4128 3590 4181 Ita

2020 4225 2187 4286 enim,
2215 4222 2310 4293 qui
2341 4230 2558 4290 propter
2585 4221 2816 4274 salutem
2843 4228 2897 4272 et
2924 4218 3389 4272 immortalitatem
3422 4234 3588 4288 gene-

2021 4316 2098 4369 ris
2128 4312 2300 4367 nostri
2336 4312 2654 4366 incarnatus
2684 4318 2763 4365 est
2804 4308 2946 4363 Deus
2977 4306 3189 4376 Sermo,
3222 4310 3359 4364 dixit
3386 4310 3544 4373 uobis
3570 4328 3584 4363 :

2020 4411 2207 4471 Amen,
2233 4406 2350 4458 dico
2374 4404 2552 4468 vobis;
2580 4404 2682 4456 nisi
2708 4403 2877 4455 renati
2903 4401 3113 4470 fueritis
3136 4419 3275 4471 aqua
3299 4413 3350 4457 et
3370 4404 3586 4473 spiritu,

342 4483 484 4544 θητε
503 4483 589 4545 εις
611 4481 724 4549 τὴν
736 4483 1065 4547 βασιλείαν
1085 4484 1203 4537 τῶν
1226 4488 1514 4553 οὐρανῶν.
1536 4490 1627 4541 Διὸ
1654 4490 1917 4562 πμὶσελθε

2021 4516 2123 4553 non
2154 4498 2444 4551 iutroibitis
2477 4496 2530 4547 in
2567 4510 2781 4566 regnum
2825 4509 3075 4545 carrorum
3107 4493 3176 4545 ".
3218 4492 3485 4560 Quocirca
3518 4495 3586 4549 ad

341 4570 424 4641 τῷ
466 4571 829 4644 βαπτίσματιν
874 4574 1035 4629 τοῦτο
1077 4576 1186 4648 γὰρ
1238 4577 1396 4647 μόνον
1441 4580 1539 4652 τὴν
1586 4584 1680 4636 τοῦ
1750 4585 1920 4657 πυρὸς

2028 4591 2359 4660 baptismum
2404 4585 2601 4641 accede
2634 4603 2647 4639 :
2676 4584 2942 4655 siquidem
2983 4585 3071 4639 hic
3116 4584 3266 4640 solus
3294 4586 3401 4639 vim
3446 4590 3587 4656 ignis

1612 4726 1845 4783 VARLE
1887 4728 2289 4787 LECTIONES.

496 4796 742 4898 ξῖεξξξθηοΔ
769 4806 965 4898 μοδελ
994 4806 1037 4838 ⁸⁸
1068 4809 1561 4898 ἀκατάληπτον.
1596 4819 1666 4898 al“.
1694 4820 2081 4898 ἀπερίληπτον,
2112 4820 2517 4898 ἀκατάληπτον.

658 4947 701 4977 ³.
718 4892 784 4977 c.I
802 4890 988 4961 aucte.
1041 4890 1109 4977 ‘1'
1126 4890 1509 4977 ἓποκληρώσῃ.
1573 4958 1583 4977 ρ
1614 4890 1659 4923 δη
1676 4890 1745 4943 al.
1761 4890 2143 4977 εὐσεϐέστερος
2164 4893 2314 4977 γένῃ,
2334 4890 2660 4977 ἀϐάπτιστός
2687 4890 2743 4977 δὲ
2758 4890 2791 4971 ‘1;

738 4946 1107 5034 abet-iacula
1138 4950 1275 5021 ἔργα
1318 4946 1417 5007 οὐκ
1464 4946 1724 5030 ἕποίησας
1764 4961 1963 5025 καλῶς.
2003 4946 2314 5034 Κξιλῆ’γᾶρ
2357 4959 2588 5021 εὐποιία,
2623 4946 2872 5008 όπότ’”ἂν
2903 4954 2932 5006 ὁ
2963 4954 3093 5016 Θεὸς
3141 4946 3232 5007 ἐκέ

355 4871 477 4956 “fc.
510 4878 546 4927 I.
580 4892 700 4956 Vl,“
718 4876 988 4956 c._8,_etc.
1041 4871 1509 4956 .f7énoxkqptbsn.

344 4946 579 5017 φθάσῃςο

347 5032 458 5068 ται.
500 5014 765 5069 ”⁸¹.1υ;ιιι.
802 5033 884 5083 ιιι,
918 5018 971 5071 5.

2627 4816 2672 4847 ιθ
2710 4804 2963 4867 Clement.
2996 4813 3144 4867 hom.
3174 4830 3233 4875 ιι,
3284 4829 3332 4867 c.
3362 4814 3451 4873 24.
3480 4826 3585 4869 etc.

2301 4882 2660 4953 ,ἀϐάπτιστός
2687 4885 2743 4937 δὲ
2775 4882 2860 4958 ᾖς,
2906 4884 3119 4946 ἐλπίδος
3150 4886 3351 4983 τυχεῖν.
3431 4886 3475 4925 δ⁹
3511 4887 3584 4939 al.

2301 4979 2314 5012 ι
2357 4959 2588 5021 εὐποιία,
2623 4955 2769 5008 ὁπότ’
2807 4955 2872 5007 ἂν
2903 4954 2932 5006 ὁ
2963 4954 3093 5016 Θεὸς
3141 4954 3391 5007 ἐκελευσε
3441 4956 3586 5023 γίνε-

1629 5115 1985 5173 VARIORUM
2014 5116 2243 5171 ΝΟΤλΕ.

425 5206 579 5272 (5)Ὂ
601 5222 808 5274 φασιν.
841 5206 1131 5279 Deuteron.
1154 5224 1243 5263 xvr
1272 5249 1286 5271 ,
1308 5206 1379 5261 20
1398 5226 1419 5279 ι
1443 5206 1595 5262 Iuste
1625 5211 1763 5278 quod
1786 5210 1879 5279 jus

352 5286 466 5347 tum
492 5285 568 5328 est
596 5278 936 5347 persequeris.
966 5276 1211 5347 Sapient.
1242 5293 1319 5341 Vl,
1351 5278 1410 5333 II
1443 5296 1455 5332 :
1485 5281 1546 5331 0i
1581 5276 1913 5346 φυλάξαντες

346 5344 513 5419 ῥσίως
550 5346 617 5398 τὰ
646 5344 786 5419 ,ὅσια
828 5344 1233 5419 ὁσιωθήσονται.
1277 5350 1357 5402 Ad
1406 5344 1629 5401 verbum
1682 5351 1734 5402 iu
1794 5349 1913 5403 Vita

348 5415 513 5500 Rufa:
534 5418 765 5500 iunioris
801 5426 948 5500 tome
970 5415 1039 5500 ιι.
1085 5419 1327 5500 ῥιιειιιτίἰ
1361 5419 1747 5500 portrlieﬁsiatii
1786 5436 1909 5500 pag.

347 5485 480 5561 oss,
509 5486 568 5537 τὸ
592 5486 699 5557 γὰρ
736 5488 917 5561 καλὸν,
945 5495 1005 5539 οὐ
1042 5489 1237 5561 καλὸν,
1262 5489 1443 5556 φασὶν,
1479 5489 1603 5540 ὅταν
1633 5490 1705 5561 μὴ
1734 5485 1914 5561 κάλῷς

349 5554 571 5627 γίνοιτο,
598 5566 651 5627 ct
670 5554 823 5627 apud
848 5558 1167 5627 Gregorium
1196 5554 1787 5627 Nasianzcnum,'orat.
1819 5560 1909 5621 '55,

351 5642 406 5699 υ.
441 5625 563 5699 551,
593 5626 653 5678 τὸ
696 5622 875 5699 me:
900 5622 1168 5691 οὗκαλὸν,
1205 5624 1335 5699 ὅταν
1374 5629 1445 5699 μὴ
1472 5628 1651 5699 καλῶς
1673 5630 1902 5699 γίνηται.

355 5695 591 5766 I’arique
635 5698 798 5751 modo
840 5696 1083 5754 Zonaras
1124 5700 1187 5753 ad
1222 5695 1500 5753 (lunonem
1532 5695 1902 5778 Gaug‘ren'sem

2021 5212 2109 5275 III,
2138 5219 2192 5263 ct
2236 5209 2523 5264 Balsamon
2556 5212 2607 5264 in
2640 5210 2938 5278 Ilesponsis
2960 5210 3026 5263 ad
3076 5209 3243 5262 Marci
3285 5210 3579 5276 interroga-

2020 5282 2195 5335 tiones
2217 5296 2338 5349 cap.
2374 5281 2429 5345 6,
2464 5297 2671 5335 necnon
2693 5280 2955 5350 Origenes
2986 5280 3037 5333 in
3071 5280 3271 5350 Catena
3299 5278 3456 5350 Luem
3479 5293 3582 5333 ms.

2018 5351 2084 5404 ad
2105 5366 2223 5418 cap.
2268 5371 2304 5409 ι.
2342 5367 2483 5405 vers.
2512 5352 2683 5412 6,ubi
2703 5349 2881 5403 tanien
2906 5349 2958 5402 in
2981 5351 3123 5403 edita
3154 5366 3180 5401 a
3200 5349 3460 5418 Corderio
3490 5363 3585 5399 no-

2021 5437 2141 5474 men
2176 5417 2447 5475 Simeonis
2474 5421 2782 5489 apponitur.
2816 5420 3000 5471 nescio
3037 5436 3104 5473 an
3146 5420 3215 5470 ob
3240 5417 3313 5487 Σή
3339 5419 3481 5489 quod
3515 5419 3581 5470 ad

2020 5492 2317 5613 Eiarginem
2347 5488 2557 5547 codicis
2586 5491 2731 5559 Itegii
2767 5498 3012 5559 apparet,
3036 5501 3225 5557 estque
3252 5488 3580 5558 σημείωσαι.

2066 5577 2154 5613 tt'l‘.

2066 5577 2154 5613 (ιτ.

2088 5630 2163 5693 (6)
2229 5630 2674 5701 Ἀναγεννᾶσαι.
2713 5629 2848 5699 Lege
2878 5628 3143 5699 ἀναγέννᾳ
3180 5628 3233 5684 in
3265 5628 3582 5684 lndicativo.

2016 5700 2181 5753 (Iun.
