4022 6336
518 315 620 371 487

1325 315 1382 370 S.
1417 313 1808 371 CLEMENTIS
1846 314 1865 368 1
1901 314 2070 372 ROM.
2116 317 2319 372 PONT.
2357 318 2585 375 OPERA
2617 315 2849 376 DUBIA.

3665 327 3760 384 488

522 445 703 506 potest
749 437 1118 509 exstinguere.
1161 435 1349 508 Neque
1379 436 1575 505 ditl‘er;
1619 439 1882 509 quoniam
1912 439 2104 494 dilatio

2209 441 2376 512 ὁρμὴν
2427 441 2617 495 σϐέσαι
2651 441 2875 496 δύναται
2897 481 2912 496 .
2966 440 3077 494 Καὶ
3125 441 3198 513 μὴ
3239 441 3568 499 ἀναϐάλλου’
3601 447 3677 501 ὅτι
3729 445 3762 521 ἡ

524 531 663 585 solet
699 530 894 587 all‘erre
928 533 1257 601 periculum,
1309 541 1600 602 prepterea
1637 535 1784 604 quod
1831 535 2100 590 incertum

524 626 595 680 sit
618 625 981 694 praestitutum
1013 625 1178 679 morti
1211 633 1413 680 nostrae
1445 635 1681 694 tempus.

591 717 733 772 XIX.
753 719 798 750 ⁸³
821 718 1113 789 Postquam
1145 719 1260 771 haec
1283 718 1530 783 dixisset,
1548 717 1832 787 Equidem,
1852 718 2098 788 inquam,

521 811 687 865 modo
724 812 929 882 gratias
960 826 1061 880 ago
1091 809 1199 863 Deo
1236 808 1409 874 Patri,
1441 818 1496 864 ct
1540 810 1822 888 unigenito
1857 810 1977 878 ejus
2007 809 2102 862 Fi-

519 903 615 970 lio,
645 915 698 959 et
731 915 923 958 sancto
948 903 1193 971 ejusdem
1223 901 1477 971 Spiritui,
1509 902 1638 971 quia
1670 913 1732 956 ut
1761 909 1948 956 certus
1983 900 2099 954 ﬁeri

519 995 693 1057 volui,
728 996 799 1049 ita
832 1002 885 1048 ct
918 992 1054 1047 mihi
1086 993 1295 1046 tribuit.
1326 992 1596 1047 Caeterum
1625 992 1693 1046 de
1726 1007 1812 1046 me
1839 991 2099 1060 deinceps

521 1102 750 1141 securus
781 1095 920 1142 esto.
967 1083 1258 1155 Nunquam
1287 1085 1431 1139 enim
1463 1082 1728 1136 dubitabo
1758 1082 1824 1136 de
1855 1081 1967 1137 ullo
2001 1098 2100 1137 eo-

517 1196 640 1234 rum
685 1196 808 1250 qua:
855 1195 882 1233 a
934 1191 986 1234 te
1017 1179 1235 1250 prolata
1281 1188 1431 1233 sunt.
1487 1175 1698 1246 Igitur,
1749 1175 1980 1232 Domine
2025 1177 2102 1230 mi

518 1266 698 1334 Petre,
751 1284 819 1323 nc
849 1269 1033 1323 animo
1066 1269 1231 1322 anxio
1276 1267 1377 1331 sis,
1406 1277 1666 1336 tanquam
1704 1281 1810 1320 non
1845 1266 2101 1320 sentienti

523 1359 730 1413 homini
778 1361 1017 1414 maxima
1053 1359 1195 1420 bona
1227 1359 1544 1413 donaveris.
1594 1355 1722 1410 Scio
1749 1357 1952 1426 quippe
1997 1358 2101 1411 hoc

521 1451 628 1504 tale
652 1458 706 1505 et
735 1449 872 1503 adeo
908 1465 1165 1520 magnum
1198 1465 1341 1515 esse,
1368 1459 1426 1503 ut
1457 1449 1688 1517 quilibet
1714 1449 1844 1502 illud
1873 1458 1928 1502 et
1953 1449 2101 1502 cele-

522 1543 652 1596 riter
678 1543 809 1596 velit
852 1541 1120 1611 accipere.
1155 1539 1345 1595 Sentio
1380 1542 1526 1595 enim
1557 1541 1692 1595 mihi
1719 1541 1978 1595 velociter
2004 1540 2106 1595 da-

522 1641 636 1686 tum
669 1633 968 1687 charisma.
999 1630 1124 1686 Ilzec
1155 1641 1444 1702 postquam
1477 1632 1694 1686 locutus
1729 1629 1875 1696 sum;
1902 1631 2102 1686 Petrus

519 1724 658 1778 dixit
693 1739 704 1774 :
737 1723 980 1778 Gratiam
1014 1724 1189 1777 habeo
1219 1721 1370 1788 Deo,
1415 1733 1469 1778 et
1509 1738 1609 1792 pro
1649 1724 1826 1778 salute
1875 1733 2003 1789 tua,
2047 1734 2102 1779 et

2201 531 2436 603 ἀναϐολὴ
2460 532 2700 586 κίνδυνον
2732 527 2841 586 οἶδε
2870 532 3078 603 φέρειν,
3106 531 3194 587 διὰ
3216 527 3276 586 τὸ
3298 534 3489 605 ἄδηλον
3517 531 3650 591 εἶναι
3676 539 3764 594 τοῦ

2202 623 2434 677 θανάτου
2459 625 2558 695 τὴν
2597 624 2954 706 προθεσμίαν.

2275 713 2415 767 XIX.
2451 712 2640 766 Ταῦτα
2695 712 2903 765 ἐκείνου
2957 712 3224 776 εἰπόντος,
3268 712 3408 780 Ἐγὼ
3452 712 3567 783 μὲν,
3613 715 3758 786 ἔφην,

2202 805 2304 878 ἢδη
2332 805 2636 876 εὐχαριστῶ
2662 805 2740 876 τῷ
2765 805 2883 877 Θεῷ
2919 807 3011 859 καὶ
3040 803 3214 876 Πατρὶ
3231 845 3246 870 ,
3281 805 3377 859 καὶ
3402 805 3480 876 τῶ
3513 810 3770 876 μονογενεῖ

2202 896 2367 951 αὐτοῦ
2395 896 2530 968 Υἱῷ,
2561 898 2656 952 καὶ
2683 898 2760 969 τῷ
2791 897 3072 970 Πνεύματι
3113 898 3275 952 αὑτοῦ
3299 898 3380 969 τῷ
3409 899 3568 970 ἁγίῳ,
3601 901 3679 952 ὅτι
3701 901 3772 964 ὡς

2203 989 2505 1060 ἐϐουλόμην
2551 990 3065 1062 πληροφορηθῆναι,
3102 991 3244 1044 οὕτω
3271 1008 3363 1063 μοι
3402 993 3495 1045 καὶ
3524 991 3765 1063 παρέσχε.

2203 1082 2352 1154 Πλὴν
2379 1083 2509 1155 περὶ⁹
2538 1082 2672 1155 ἐμοῦ
2714 1084 2775 1137 τὸ
2814 1083 2998 1136 λοιπὸν
3028 1085 3288 1155 ἄφροντις
3317 1084 3430 1137 ἕσο.
3481 1084 3614 1138 Ούδέ
3651 1102 3770 1138 ποτε

2203 1174 2312 1246 γὰρ
2345 1175 2586 1228 ὲνδυάσω
2629 1175 2674 1207 ⁵³
2705 1175 2840 1247 πρός
2879 1192 2933 1228 τι
2978 1175 3085 1228 τῶν
3126 1174 3232 1228 ὑπὸ
3282 1174 3378 1228 σοῦ
3430 1175 3769 1246 λαληθέντων⁴

2204 1266 2366 1329 ῶστε,
2401 1264 2556 1336 κύριέ
2606 1285 2707 1338 μου
2753 1268 2947 1340 Πέτρε,
2996 1269 3069 1340 μὴ
3113 1266 3334 1338 ἀθύμει,
3368 1269 3443 1331 ὡς
3482 1269 3774 1341 ἀναισθήτῳ

2208 1358 2443 1430 μέγιστα
2478 1358 2820 1431 δωρούμενος
2858 1358 3058 1428 ἀγαθά.
3105 1355 3236 1413 Οἶδα
3260 1359 3371 1432 γὰρ
3424 1361 3506 1414 ὅτι
3552 1361 3774 1415 τοιοῦτόν

2204 1451 2319 1505 ἐστι
2362 1451 2468 1505 καὶ
2500 1449 2643 1504 οὕτω
2697 1451 2991 1522 μέγιστον,
3041 1445 3156 1504 οἷον
3205 1450 3270 1504 ἄν
3315 1469 3401 1515 τις
3442 1451 3536 1506 καὶ
3579 1452 3775 1522 ταχέως

2203 1543 2394 1599 λαϐεῖν
2427 1545 2689 1616 βούλοιτο.
2743 1547 3082 1616 Αἱσθάνομαι
3125 1544 3233 1618 γὰρ
3289 1547 3386 1599 τοῦ
3421 1545 3658 1610 δοθέντος
3695 1564 3776 1617 μοι

2203 1638 2290 1692 διὰ
2313 1639 2512 1709 τάχους
2531 1637 2886 1710 χαρίσματος.
2911 1637 3097 1692 Ταῦτά
3119 1655 3220 1709 μου
3248 1637 3514 1703 εἰπόντος,
3539 1640 3566 1691 ὁ
3587 1637 3777 1710 Πέτρος

2205 1729 2308 1799 ἔφη
2330 1747 2344 1761 ο
2381 1730 2554 1802 Χάριν
2585 1729 2832 1801 ὁμολογῶ
2858 1729 2936 1800 τῷ
2971 1729 3236 1800 Θεῷ,καί
3264 1732 3396 1803 περὶ
3432 1731 3529 1801 τῆς
3565 1730 3657 1801 σῆς
3684 1747 3777 1783 σω·-

521 1828 620 1884 pro
649 1815 941 1868 commodo
971 1830 1112 1868 meo.
1139 1812 1329 1884 Itaque
1361 1830 1458 1884 per
1485 1815 1651 1868 trium
1680 1815 1951 1869 mensium
1981 1815 2099 1870 dies

2209 1791 2415 1893 τηρίας,
2439 1791 2532 1874 καὶ
2554 1791 2684 1893 περί
2705 1791 2804 1891 τῆς
2825 1791 2967 1893 sui};
2995 1791 3373 1885 ἀπολαύσεως.
3401 1791 3546 1893 Πλήν
3571 1791 3779 1892 νήστευι

522 1903 727 1974 jejuna,
775 1914 829 1958 et
877 1905 1213 1974 baptismum
1264 1905 1517 1974 accipies.
1569 1903 1750 1974 Incipe
1794 1920 1980 1975 ergoa
2015 1906 2102 1960 die

521 1999 785 2052 crastina.
833 1996 947 2051 Erit
979 2007 1159 2053 autem
1192 1999 1326 2053 mihi
1365 2014 1490 2053 cras
1527 2013 1652 2053 cum
1687 1997 1913 2053 Simone
1944 1999 2104 2068 Mago

522 2091 840 2160 disputatio.
891 2088 1078 2160 Neque
1107 2091 1372 2158 ambigas,
1415 2090 1548 2144 mihi
1584 2090 1778 2144 adesse
1819 2091 1873 2143 in
1910 2091 2104 2144 adver-

522 2183 761 2237 santium
795 2183 1206 2239 controversiis.
1247 2181 1341 2238 His
1363 2181 1542 2246 dictis,
1581 2181 1698 2251 ipse
1725 2182 1888 2236 etiam
1917 2182 2099 2237 cibum

523 2273 778 2342 sumpsit,
810 2289 1008 2344 meque
1047 2273 1215 2343 jussit
1244 2273 1496 2344 privatim
1542 2287 1779 2328 sumere.
1811 2272 2104 2328 Benedicto

525 2377 707 2422 autem
758 2366 903 2432 cibo,
953 2368 1204 2437 actisque
1252 2366 1462 2436 gratiis,
1515 2366 1828 2431 subjunxit,
1870 2366 2101 2420 dicens:

526 2458 628 2514 Det
655 2459 750 2512 tibi
779 2459 941 2521 Deus,
972 2470 1032 2513 ut
1062 2459 1115 2512 in
1149 2458 1407 2512 omnibus
1442 2458 1575 2511 mihi
1607 2458 1804 2512 similis
1828 2457 2104 2524 eﬂiciaris,

525 2561 695 2620 utque
741 2551 1087 2620 baptizatus,
1138 2551 1384 2621 ejusdem
1427 2565 1642 2604 mecum
1696 2551 1969 2619 particeps
2005 2551 2105 2606 tias

526 2657 748 2697 mensa.
784 2641 975 2712 quue
1000 2643 1370 2713 pronuntiato,
1395 2645 1676 2712 quiescere
1699 2657 1784 2696 me
1810 2644 2064 2714 praacepit
2089 2661 2103 2698 :

525 2734 634 2804 jam
667 2735 814 2790 enim
850 2744 905 2789 et
934 2744 1151 2805 tempus
1178 2734 1245 2788 ad
1280 2750 1537 2790 somnum
1567 2734 1819 2789 vocabat.

596 2914 720 2970 XX.
767 2915 814 2946 ⁸⁸
859 2914 1118 2984 Sequenti
1171 2929 1302 2984 ergo
1347 2913 1466 2979 die,
1509 2928 1610 2984 ego
1660 2911 1931 2975 Clemens,
1979 2929 2103 2969 cum

527 3007 709 3062 adhuc
737 3021 846 3062 uox
875 3016 1042 3069 esset,
1092 3023 1122 3060 e
1159 3020 1358 3061 somno
1393 3008 1682 3068 excitatus,
1723 3006 1817 3060 ubi
1861 3007 2103 3062 intellexi

2207 1932 2297 1967 σον
2353 1913 2514 1985 τριῶν
2589 1913 2776 1984 μηνῶν
2823 1914 3070 1985 ἡμέρας,
3118 1913 3213 1968 καὶ
3259 1913 3556 1985 λαμϐάνεις
3595 1912 3652 1964 τὸ
3693 1911 3778 1982 βά-

2205 2022 2436 2075 πτισμα.
2473 2005 2669 2076 ’Λρξαι
2721 2005 2901 2058 τοίνυν
2933 2002 3040 2058 ἀπὸ
3068 2005 3168 2075 τῆς
3191 2005 3416 2078 αὔριον.
3439 2006 3590 2058 Ἐστι
3614 2003 3668 2058 δέ
3697 2020 3776 2074 μοι

2205 2099 2238 2170 ἡ
2270 2097 2459 2170 αὔριον
2497 2099 2634 2169 πρὸς
2671 2098 2892 2168 Σίμωνα
2929 2095 3019 2152 τὸν
3067 2100 3239 2168 μάγον
3267 2098 3528 2165 διάλεξις.
3569 2099 3672 2152 Καὶ
3709 2099 3776 2172 μή

2205 2190 2445 2264 ὀκλάσῃς
2512 2191 2765 2261 παρεῖναί
2825 2207 2914 2261 μοι
2963 2192 3019 2243 ὲν
3065 2193 3189 2254 ταῖς
3241 2192 3358 2245 τῶν
3409 2192 3777 2262 ἀντικειμένων

2207 2283 2493 2354 ζητήσεσι.
2523 2281 2708 2336 Ταῦτα
2751 2279 2943 2342 είπὼν,
2985 2282 3080 2335 καὶ⁹
3112 2283 3328 2354 τροφῆς
3362 2283 3523 2347 αὐτὸς
3562 2282 3776 2354 μεταλαιδ

2207 2373 2337 2438 ϐὼν,
2373 2373 2480 2446 ἰδία
2509 2373 2656 2445 κάμὲ
2703 2372 3022 2444 μεταλαϐεῖν
3048 2374 3358 2428 ἐκέλευσεν.
3407 2374 3703 2446 Εὐλογήσας
3726 2374 3777 2428 δὲ

2218 2466 2311 2519 ἐπὶ
2337 2464 2440 2536 τῆς
2468 2465 2673 2536 τροφῆς
2708 2463 2800 2519 καὶ
2838 2467 3257 2537 εὐχαριστήσας,
3301 2468 3550 2538 ἐπήγαγε
3582 2466 3741 2535 λέγων
3761 2481 3775 2497 ⁶

2206 2557 2328 2627 Δῴη
2361 2573 2442 2610 σοι
2483 2558 2512 2610 ὁ
2557 2556 2689 2620 Θεὸς
2721 2555 2862 2610 κατὰ
2903 2557 3077 2611 πάντα
3107 2557 3507 2630 ὲξομοιωθῆναί
3553 2577 3657 2630 μοι,
3696 2553 3777 2612 καὶ

2210 2646 2558 2718 βαπτισθέντι
2601 2647 2648 2679 ⁸⁵
2674 2648 2774 2718 τῆς
2802 2647 2972 2717 αὐτῆς
3011 2664 3100 2718 μοι
3131 2649 3464 2719 κοινωνῆσαι
3501 2649 3772 2722 τραπέζης.

2209 2737 2396 2803 Οὕτως
2437 2737 2630 2803 εἰπὼν,
2662 2738 2957 2810 ἡσυχάζειν
3004 2756 3097 2811 μοι
3128 2740 3502 2811 προσέταξεν*
3543 2741 3638 2813 ἤδη
3678 2741 3775 2813 γάρ

2209 2845 2311 2885 που
2341 2831 2436 2886 καὶ
2460 2831 2488 2884 ὁ
2513 2831 2706 2904 καιρὸς
2738 2832 2874 2903 πρὸς
2905 2829 3071 2886 ὕπνον
3107 2831 3311 2886 ἐκάλει.

2278 2926 2395 2978 XX.
2442 2925 2520 2996 Τῇ
2575 2925 2674 2996 μὲν
2709 2920 2802 2978 οὖν
2851 2923 3082 2996 ἐπιούσῃ
3124 2919 3233 2995 ἐγὼ
3274 2927 3530 3000 Κλήμης,
3573 2926 3650 2980 ἔτι
3689 2925 3776 2997 τῆς

2209 3017 2402 3081 νυκτὸς
2428 3017 2681 3088 ἐχούσης,
2721 3016 3091 3082 διῦπνισθεὶς,
3125 3018 3218 3071 καὶ
3246 3017 3440 3088 μαθὼν
3469 3015 3556 3072 τὸν
3593 3017 3775 3089 Πέτρον

527 3097 750 3154 Petrum
783 3099 1033 3168 vigilare,
1062 3107 1116 3152 et
1145 3114 1272 3152 cum
1307 3098 1375 3153 iis
1403 3100 1496 3167 qui
1537 3114 1646 3152 una
1673 3108 1833 3153 erant
1859 3099 1927 3154 de
1953 3099 2104 3153 cultu

2209 3109 2569 3182 ἐγρηγορότα,
2616 3109 2711 3163 καὶ
2753 3111 2866 3172 τοῖς
2915 3108 3131 3162 συνοῦσι
3169 3110 3301 3181 περὶ
3351 3102 3648 3174 θεοσεϐείας
3675 3109 3776 3162 δια*

528 3191 624 3246 Dei
674 3192 944 3246 disserere
1000 3191 1176 3261 (erant
1250 3201 1430 3245 autem
1511 3205 1738 3246 numero
1786 3192 2100 3260 sexdecim;

527 3297 762 3352 quorum
812 3286 927 3336 lucc
969 3291 1096 3335 sunt
1147 3283 1416 3336 nomina:
1465 3279 1782 3348 Zacchzeus,
1833 3284 1928 3354 qui
1974 3284 2105 3339 olim

527 3373 887 3442 publicanus,
926 3382 979 3426 et
1033 3371 1343 3444 Sophonias
1393 3371 1564 3428 frater
1613 3374 1768 3443 ejus;
1806 3373 2103 3445 Josephus,

529 3462 786 3532 illiusque
835 3462 1037 3517 sodalis
1084 3461 1378 3529 Michazas;
1461 3473 1720 3534 praeterea
1769 3463 2012 3522 Thomas
2053 3475 2108 3521 et

532 3553 808 3608 Eliezerus
840 3559 1076 3625 genuini;
1111 3555 1287 3610 Encas
1323 3559 1618 3624 sacerdos;
1644 3555 1888 3613 Lazarus
1920 3573 2108 3614 sacer-

531 3647 653 3713 dos,
682 3663 843 3717 quem
876 3663 906 3702 ιι
949 3648 1182 3703 mortuis
1223 3649 1482 3704 excitavit
1517 3649 1950 3720 quatriduanum
1997 3649 2108 3707 Do-

529 3739 716 3794 minus
760 3750 946 3799 nostcr
987 3740 1146 3796 Jesus
1194 3742 1487 3807 Christus;
1539 3741 1794 3809 Elisaaus,
1824 3742 2110 3814 Bcnjamin

531 3832 678 3888 tilius
725 3831 972 3902 Saphrre,
1010 3833 1196 3888 itidem
1231 3831 1466 3890 Rubilus
1497 3842 1552 3888 et
1595 3832 1897 3888 Zacharias
1929 3835 2110 3890 archi-

533 3922 678 3989 tecti,
708 3922 945 3979 Auanias
980 3934 1034 3978 et
1054 3925 1279 3995 Aggaeas
1310 3923 1603 3992 Ammeni;
1636 3941 1853 3981 necnon
1888 3924 2110 3983 Nicetas

531 4025 587 4070 et
628 4017 823 4086 Aquila
864 4017 1033 4084 socii)
1075 4033 1088 4070 :
1143 4032 1243 4086 ego
1287 4032 1509 4088 quoque
1563 4017 1846 4088 ingressus
1881 4033 2028 4088 sum,
2059 4029 2114 4076 et

533 4117 824 4178 postquam
857 4108 1204 4171 salutassem,
1231 4107 1458 4178 jubente
1491 4123 1557 4163 eo
1579 4108 1826 4164 consedi.

609 4305 758 4359 XXI.
795 4305 888 4360 llle
910 4315 1093 4360 autem
1137 4305 1448 4361 institutum
1479 4320 1786 4360 sermonem
1819 4307 2115 4364 interrum-

534 4374 770 4466 pcns,et
797 4398 954 4467 quasi
989 4413 1047 4451 se
1091 4412 1354 4468 purgans,
1396 4397 1666 4451 rationem
1717 4400 1953 4455 reddidit
2014 4417 2114 4456 cur

2215 3203 2529 3273 λεγόμενον,
2573 3201 2623 3254 οἳ
2664 3196 2805 3272 ἦσαν
2854 3200 3146 3254 ἑκκαίδεκα
3173 3199 3263 3253 τὸν
3302 3199 3558 3272 ἀριθμὸν,
3582 3195 3652 3254 ὧν
3693 3199 3775 3256 καὶ

2206 3295 2279 3349 τὰ
2311 3293 2550 3365 ὀνόματά
2589 3293 2693 3346 εἰσι
2723 3291 2932 3356 ταῦτα,
2977 3294 3243 3362 Ζακχαῖος
3286 3293 3320 3346 ὃ
3364 3312 3500 3349 ποτε
3541 3291 3771 3364 τελώνης,

2209 3385 2305 3440 καὶ
2326 3383 2601 3453 Σοφωνίας
2628 3383 2675 3415 ⁵⁸
2701 3385 2729 3436 ὁ
2758 3382 2982 3452 ἀδελφὸς
3010 3382 3197 3447 αὐτοῦ,
3234 3382 3499 3456 ἰώσηςρὸς
3534 3402 3590 3439 τε
3633 3383 3717 3438 καὶ
3750 3384 3774 3436 ὁ

2208 3475 2397 3554 τούτου
2443 3474 2739 3547 σύντροφος
2779 3475 3042 3546 Μιχαίας,
3089 3475 3316 3546 προσέτι
3370 3476 3428 3530 δὲ
3469 3476 3661 3547 Θωμᾶς
3691 3473 3774 3528 καὶ

2222 3567 2520 3641 Ἐλιέξερος
2569 3569 2619 3622 οἱ
2665 3567 2912 3638 δίδυμοι,
2959 3567 3054 3620 καὶ
3125 3567 3318 3632 Ἐνέας
3366 3572 3394 3624 ὁ
3447 3570 3649 3642 ἱερεὺς,
3692 3564 3775 3620 καὶ

2210 3661 2458 3736 Λάζαρος
2475 3663 2504 3717 ὁ
2530 3663 2727 3734 ἱερεὺς,
2760 3661 2818 3716 ὃν
2840 3660 3134 3732 ἀνέστησεν
3169 3664 3233 3717 ὲκ
3253 3663 3467 3732 νεκρῶν
3492 3663 3773 3735 τετραήμε-

2215 3774 2304 3830 ρον
2326 3759 2354 3812 ὁ
2380 3757 2584 3830 Κύριος
2607 3755 2763 3827 ήμῶν
2797 3755 3004 3826 Ἰησοῦς
3028 3755 3283 3827 Χριστὸς,
3330 3756 3424 3810 καὶ
3473 3756 3770 3817 Ἐλισσαῖος.

2212 3848 2474 3920 Βενιαμὶν
2523 3849 2552 3902 ὁ
2603 3847 2697 3900 τοῦ
2750 3848 2958 3917 Σαφρᾶ,
3005 3845 3208 3916 ὁμοίως
3247 3864 3326 3916 ’γε
3382 3848 3649 3911 Ῥεύϐιλος
3693 3844 3774 3899 καὶ

2212 3941 2484 4013 Ζαχαρίας
2511 3941 2560 3994 οἱ
2587 3939 2880 4011 οἰκοδόμοι,
2919 3938 3167 4002 Ἀνανίας
3191 3939 3235 3971 ⁵⁷
3266 3957 3331 3993 τε
3354 3943 3449 3996 καὶ
3483 3936 3772 4009 Ἀγγαίας⁵⁸

2211 4035 2262 4086 οἱ
2288 4028 2532 4104 ἀμμηνοί
2565 4029 2630 4064 ⁸⁸·
2671 4031 2752 4086 ἔτι
2787 4049 2847 4085 τε
2885 4033 3131 4103 Νικήτης
3157 4029 3251 4087 καὶ
3301 4031 3532 4097 Ἀκύλας
3572 4033 3619 4085 οι
3644 4030 3772 4083 ἑταί-

2217 4141 2317 4196 ροι·
2373 4123 2620 4195 εἰσῆλθον
2660 4122 2814 4192 κάγώ
2835 4139 2850 4153 ·
2881 4124 2975 4178 καὶ
3003 4124 3450 4196 προσαγορεύσας
3476 4120 3771 4190 ὲκαθέσθηνο

2213 4217 2424 4271 ἐκείνου
2453 4215 2824 4280 κελεύσαντος.

2284 4308 2426 4362 XXI.
2465 4308 2523 4361 '0
2545 4305 2603 4360 δὲ
2629 4307 2721 4361 τὸν
2749 4306 3107 4380 προκείμενον
3138 4307 3380 4377 ἐκκόψας
3405 4307 3450 4341 ⁶⁰
3477 4307 3646 4377 λόγον,
3676 4305 3771 4358 ῶσ-

2214 4418 2320 4471 περ
2362 4398 2816 4470 ἀπολογούμενος,
2863 4399 3229 4472 ὲπληροφόρει
3273 4400 3422 4464 τίνος
3465 4401 3642 4454 ἕνεκεν
3685 4398 3772 4450 οὐκ

537 4506 644 4544 non
669 4491 1124 4561 cxpergefeeisset
1153 4507 1259 4556 tne,
1282 4507 1392 4561 quo
1416 4490 1705 4546 verborum
1733 4492 1903 4562 ipsius
1929 4509 2106 4550 essem

2213 4489 2484 4562 ἀφύπνισέ
2536 4509 2625 4562 με,
2680 4492 2827 4554 ὅπως
2873 4491 3149 4563 ἀκροατὴς
3183 4491 3292 4544 τῶν
3343 4492 3508 4546 αὐτοῦ
3547 4491 3771 4560 γένωμαι

535 4581 750 4635 auditor
785 4596 798 4632 :
831 4581 990 4651 cujus
1021 4582 1098 4636 rei
1130 4596 1378 4649 causam,
1409 4582 1773 4653 navigationis
1798 4585 2104 4640 molestiam

536 4671 850 4742 assignabat
877 4687 890 4724 :
921 4673 1068 4725 illam
1096 4673 1242 4727 enim
1271 4675 1540 4743 concoqui
1565 4674 1775 4742 volens,
1804 4693 1890 4730 me
1918 4679 2107 4746 quies-

537 4779 659 4819 cere
708 4764 973 4833 permisit.
1034 4763 1314 4835 Siquidem
1363 4767 1584 4836 quando
1632 4768 1839 4835 anima,
1893 4769 2106 4839 inquit,

537 4857 683 4913 circa
720 4856 770 4910 id
805 4858 949 4926 quod
989 4857 1206 4926 corpori
1252 4858 1405 4912 deest
1439 4867 1762 4928 occupatur,
1809 4861 1893 4915 vel
1926 4863 2108 4931 aliqua

539 4949 845 5005 calamitate
868 4951 1152 5019 premitur,
1179 4967 1285 5004 non
1317 4951 1484 5005 multa
1512 4967 1636 5006 cum
1663 4952 1943 5023 diligentia
1966 4957 2107 5010 solet

539 5042 816 5098 attendere
864 5042 931 5097 iis
974 5060 1096 5113 quae
1135 5044 1412 5098 dicuntur.
1459 5042 1527 5099 Et
1579 5055 1799 5115 propter
1846 5047 1949 5101 hoc
1980 5051 2108 5103 nolo

2213 4587 2418 4655 λόγων*
2450 4585 2544 4639 καὶ
2572 4583 2763 4638 τούτου
2801 4583 2979 4638 αἰτίαν
3005 4584 3095 4638 τὸν
3133 4586 3197 4638 ἐκ
3238 4584 3334 4638 τοῦ
3381 4584 3514 4640 πλοῦ
3554 4581 3771 4652 σκυλμὺν

2215 4679 2474 4730 ἐποιεῖτο·
2513 4678 2718 4730 ἐκεῖνον
2761 4675 2870 4748 γὰρ
2916 4676 3191 4747 πεφθῆναι
3231 4675 3402 4731 θέλων
3441 4679 3506 4742 ει,
3549 4677 3613 4748 μὲ
3653 4678 3770 4746 ησυ-

2214 4771 2401 4841 χάζειν
2448 4770 2678 4840 ἀφῆκεν.
2735 4769 2914 4821 Ὁπότ³
2952 4767 3017 4821 ἂν
3065 4769 3174 4841 γὰρ
3213 4768 3289 4840 (7)
3333 4770 3580 4842 ἡψυχὴ,
3625 4766 3767 4837 φησι,

2216 4865 2344 4936 περὶ
2382 4863 2442 4916 τὸ
2471 4862 2655 4915 λεῖπον
2684 4862 2979 4932 ἀσχολῆται
3007 4861 3084 4933 τῷ
3117 4861 3346 4933 σώματι,
3375 4862 3484 4916 εἴτε
3521 4861 3624 4915 τινί
3648 4875 3769 4927 συμ-

2218 4957 2362 5026 φορᾷ
2403 4954 2716 5025 συνέχεται,
2763 4953 2823 5006 ού
2869 4952 3006 5024 μετά
3053 4952 3252 5024 πολλῆς
3298 4953 3455 5007 εἴωθε
3504 4952 3768 5024 προσέχειν

2218 5047 2502 5120 ἀκριϐείας
2545 5049 2660 5110 τοῖς
2706 5046 3040 5117 λεγομένοις.
3068 5045 3271 5099 Τούτου
3309 5047 3366 5100 δὲ
3421 5047 3603 5101 ἕνεκεν
3660 5041 3764 5098 οὐδὲ

1809 5184 2044 5240 VARle
2084 5185 2487 5242 LECTIONES.

611 5319 655 5351 η
696 5308 952 5370 Clement.
985 5318 1133 5370 hom.
1177 5333 1212 5382 ι,
1251 5333 1300 5372 c.
1328 5317 1418 5389 ἐξῇ,
1450 5326 1553 5372 etc.
1605 5315 1820 5386 Recogn.
1852 5319 1890 5371 l.
1936 5335 1971 5383 ι,
1999 5335 2044 5371 c.
2082 5319 2168 5383 18,
2194 5330 2296 5373 etc.
2376 5319 2420 5350 ⁸³
2453 5319 2522 5371 al.
2564 5318 2853 5389 évBotdto-m.
2917 5317 2965 5349 ”
2998 5318 3080 5389 al,
3126 5316 3504 5389 ﬁatfuaﬂévza.
3536 5315 3624 5389 ηεξ
3649 5307 3759 5367 ϐιϐ-

552 5395 708 5438 tlcul.
743 5389 929 5441 ltomil.
958 5403 1016 5446 II.
1045 5404 1094 5442 c.
1128 5393 1171 5449 Ι,
1199 5399 1302 5443 etc.
1343 5383 1460 5440 Ilec.
1494 5389 1528 5441 I.
1563 5405 1623 5451 tt,
1657 5407 1705 5440 ιι.
1737 5383 1793 5449 ‘1,
1819 5397 1922 5441 etc.

541 5459 702 5512 Cum.
782 5459 828 5490 ⁵⁸
849 5461 918 5512 al.
963 5459 1229 5528 Ἀγγαῖος.

2004 5389 2051 5421 ⁵⁸
2086 5390 2362 5458 Σοφονίας.

1308 5460 1350 5497 ⁵³
1373 5468 1442 5512 al.
1483 5459 1743 5530 ἱαμμηνοί
1763 5468 1816 5511 ct
1843 5459 2040 5529 ἀμηνοί
2067 5470 2119 5513 ct
2151 5460 2415 5530 ίαμμινοί.

2459 5390 2502 5420 ⁸⁷
2545 5389 2680 5459 Lege
2710 5388 2943 5453 Αἰνείας,
2981 5397 3039 5441 ιιι
3065 5380 3138 5441 ad
3167 5380 3491 5459 Clementina
3519 5385 3754 5459 dirimus.

2497 5460 2542 5489 ⁸⁸³
2577 5453 2646 5513 aI.
2681 5460 2934 5529 ἐγκάψας.
2999 5461 3040 5490 ⁸⁸
3070 5459 3140 5512 al.
3173 5457 3445 5528 πεφθῆναι
3477 5473 3563 5527 μοι
3583 5453 3753 5507 θέλων.

1800 5574 2166 5631 VARIORUM
2207 5575 2438 5630 NOT/E.

723 5671 976 5754 ’ρπόταν
1003 5670 1130 5742 γάρ.
1169 5670 1487 5740 Excerplam
1539 5670 1862 5727 sententiam
1907 5671 2066 5734 hanc,
2108 5678 2165 5724 ut
2207 5671 2518 5743 Κλήμεντος
2555 5672 2708 5754 πάντα
2746 5669 2990 5740 Ῥώμης,
3021 5669 3196 5739 legere
3247 5679 3329 5725 est
3365 5667 3415 5720 in
3474 5677 3572 5723 ll'lS.
3606 5657 3752 5728 Regio

548 5737 706 5793 1500.
739 5742 903 5795 Cura.
