4022 6336
267 369 367 426 689

930 371 1384 428 CLEMENTINA.
1418 403 1486 411 ——
1516 370 1812 427 EPITOME
1849 372 1935 426 DE
1972 371 2214 429 GESTIS
2250 375 2311 428 S.
2350 373 2574 429 PETRI.
2612 372 2615 373 ⁷

3380 374 3484 434 490

268 491 526 565 βούλομαι
565 491 903 562 διαλέγεσθαι
940 495 1052 557 τοῖς
1093 496 1125 565 ἦ
1163 496 1306 568 λύπῃ
1343 494 1824 567 κατεχθμένοις’ῆ

1927 497 2277 551 sermocinari
2310 512 2433 551 cum
2464 495 2530 550 iis
2557 495 2648 565 qui
2680 504 2773 549 aut
2800 495 3117 564 aegritudine
3149 494 3483 563 detinentur,

265 582 517 654 ἀμέτρως
539 583 944 653 ὀργιζομένοις,
988 584 1022 655 ἢ
1066 585 1127 638 τὸ
1164 584 1323 655 σῶμα
1369 586 1749 656 πεπονηκόσιν,
1789 587 1823 659 ἢ

268 677 546 743 βιωτικαῖς
576 675 871 747 φροντίσιν,
904 675 936 748 ἢ
982 676 1153 749 ἑτέρῳ
1193 677 1354 732 πάθει
1381 679 1487 751 τιν)ἕ
1530 677 1828 751 διενοχλου-

268 764 463 835 μένοις.

330 879 498 931 XXII.
531 880 642 933 Καὶ
674 880 747 951 μὴ
770 879 974 950 λεγέτω
1004 901 1106 948 τις,
1138 884 1218 937 ὅτι
1250 883 1311 937 οὐ
1338 885 1442 955 χρὴ
1480 886 1826 958 παραμυθίας

264 971 353 1022 καὶ
384 970 666 1034 νουθεσίας
688 972 878 1041 λόγους
902 975 1195 1045 προσάγειν
1218 980 1329 1040 τοῖς
1357 978 1556 1047 φαῦλόν
1577 997 1628 1032 τι
1656 980 1827 1050 πράτ-

260 1079 426 1116 τουσι.
454 1063 601 1133 Φημὶ
627 1062 757 1134 γάρ,
804 1065 880 1127 ὼς
914 1066 961 1117 εἰ
997 1065 1095 1135 μὲν
1130 1066 1280 1120 ἀνύει
1323 1086 1426 1132 τις,
1468 1069 1786 1140 προφερὲτω
1808 1086 1821 1099 ⁸

261 1154 307 1204 εἰ
331 1152 384 1204 δὲ
415 1151 511 1223 μὴ,
547 1152 623 1222 τῷ
651 1154 830 1224 καιρῷ
856 1155 990 1218 τέως
1011 1160 1426 1228 παραχωρείτω.
1458 1160 1672 1227 Καιρὸς
1694 1160 1822 1232 γὰρ,

260 1244 332 1306 ὡς
364 1244 670 1315 Σολομῶντι
700 1246 864 1310 δοκεῖ,
891 1248 1068 1299 παντὶ
1099 1248 1409 1318 πράγματι.
1438 1250 1527 1302 Διὸ
1564 1251 1667 1322 χρὴ
1699 1253 1826 1314 τοὺς

259 1336 354 1406 τὴν
406 1336 586 1407 ψυχὴν
627 1337 931 1409 ρωννύντας
979 1339 1190 1409 λόγους,
1241 1342 1347 1413 πρὸ
1386 1342 1487 1412 τῆς
1531 1343 1825 1407 κακώσεως

258 1429 365 1489 τοῖς
381 1425 691 1498 ἀνθρώποις
713 1429 936 1498 ἐπάγειν
955 1447 967 1460 ·
985 1431 1069 1484 ἵνα
1102 1433 1297 1485 εἴποτέ
1318 1451 1369 1485 τι
1393 1434 1648 1503 ἐφαῦλον
1668 1435 1825 1489 ἐπέλ-

181 1522 192 1534 ⁶
259 1519 357 1583 θοι,
385 1521 829 1591 προωπλισμένος
854 1525 882 1575 6
900 1523 1042 1588 νοῦς,
1058 1524 1199 1595 ὀρθῷ
1217 1525 1294 1595 τῷ
1317 1526 1558 1597 λογισμῷ
1574 1527 1822 1598 δυνηθείη

257 1611 315 1663 τὸ
348 1612 636 1681 ὲπενεχθὲν
664 1613 977 1683 ὑποστῆναι.
1015 1616 1193 1680 Ὅθεν,
1229 1610 1272 1669 ὦ
1307 1617 1425 1686 φίλε
1450 1619 1669 1691 Κλήμη,
1708 1620 1823 1688 εἴγε

258 1704 323 1757 τὰ
363 1705 443 1775 τῷ
486 1705 605 1776 Θεῷ
657 1707 983 1777 διαφέροντα
1030 1710 1230 1777 γνῶναι
1279 1710 1499 1773 θέλεις,
1538 1711 1689 1783 παρὰ
1730 1711 1821 1765 τοῦ

258 1797 461 1867 Κυρίου
488 1799 582 1850 καὶ
613 1797 748 1850 Θεοῦ
777 1800 871 1852 καὶ
915 1800 1162 1870 Σωτῆρος
1195 1801 1348 1872 ἡμῶν
1387 1801 1559 1872 Ἰησοῦ
1588 1803 1822 1874 Χριστοῦ

149 1962 153 1969 ρ
255 1887 348 1940 τοῦ
390 1889 734 1955 διδάσκοντος
776 1892 819 1923 ⁸⁸
854 1890 1137 1964 ἄνθρωπον
1183 1894 1402 1962 γνῶσιν,
1438 1893 1589 1967 παρὰ
1628 1893 1818 1948 τούτου

259 1982 420 2053 μόνου
473 1982 669 2055 μαθεῖν
712 1983 873 2057 ἔχεις,
902 1986 981 2041 ὃτι
1026 1987 1182 2057 μόνος
1217 1980 1356 2039 οἶδεν
1393 1986 1665 2057 ἀλήθειαν.
1702 1983 1821 2038 Τῶν

255 2075 362 2146 γὰρ
385 2074 562 2129 ἄλλων
587 2076 738 2140 εἴτις
758 2078 1041 2131 ἐπίσταταί
1066 2096 1139 2141 τι,
1164 2078 1314 2149 παρά
1338 2077 1526 2131 τούτου
1560 2077 1604 2109 ⁸⁸
1638 2076 1819 2148 μόνου,

255 2165 287 2237 ἤ
320 2168 427 2222 τῶν
459 2168 650 2222 τούτου
679 2169 933 2241 μαθητῶν
974 2169 1151 2223 λαϐὼν
1178 2171 1307 2242 ἔχει.

324 2342 515 2397 XXIII.
549 2345 699 2398 Ἐστι
734 2361 791 2396 τε
825 2344 987 2415 αὐτοῦ
1014 2345 1075 2398 τὸ
1099 2346 1361 2416 βούλημα,
1392 2346 1473 2398 ὅτι
1500 2343 1581 2410 εἷς
1614 2346 1744 2411 Θεὸς
1765 2351 1822 2402 ὲν

254 2436 433 2505 τρισὶν
474 2437 854 2498 ὑποστάσεσιν.
882 2431 941 2490 οὗ
968 2437 995 2487 ὁ
1023 2436 1222 2507 κόσμος
1258 2436 1414 2507 ἔργον
1437 2438 1465 2489 ὁ
1501 2438 1627 2500 πᾶς,
1658 2438 1717 2501 ὃς
1748 2439 1824 2491 δί-

255 2543 409 2590 καιος
437 2527 536 2589 ὢν,
558 2528 774 2591 πάντως
794 2529 1006 2599 ἑκάστῳ
1032 2529 1167 2600 πρὸς
1192 2528 1291 2591 τὰς
1312 2529 1536 2600 πράξεις
1558 2530 1825 2585 ἀποδώσει

255 2619 407 2671 ποτέ.
448 2619 684 2691 Ἀνάγκη
714 2620 820 2692 γὰρ
847 2624 1013 2685 πᾶσα,
1037 2620 1194 2690 φύσει
1221 2622 1424 2673 δίκαιον
1444 2616 1581 2674 εἶναι
1602 2621 1824 2691 λέγοντα

256 2710 345 2763 τὸν
379 2710 533 2773 Θεὸν,
573 2711 787 2774 καὶτὰς
817 2712 1114 2783 ἀνθρώπων
1152 2712 1328 2782 ψυχὰς
1352 2712 1650 2776 ἀθανάτους
1684 2710 1823 2767 εἶναι

256 2802 553 2855 πιστεύειν.
610 2803 761 2855 Ἐπεὶ
801 2801 910 2856 ποῦ
949 2803 1009 2855 τὸ
1046 2804 1249 2856 δίκαιον
1279 2803 1481 2869 αὐτοῦ;
1516 2805 1649 2858 ὅπου
1684 2807 1825 2870 τινὲς

257 2894 497 2957 εὐσεϐῶς
546 2893 935 2965 βιοτεύσαντες,
980 2896 1073 2948 καὶ
1122 2895 1584 2965 κακουχηθέντες,
1636 2897 1825 2968 βιαίως

258 2987 630 3058 ἀνῃρέθησαν·
662 2987 791 3041 ἔνιοι
811 2988 866 3041 δὲ
885 2988 1100 3052 ἀσεϐεῖς
1120 2989 1269 3079 παρά
1295 2990 1426 3043 πολὺ
1451 2992 1822 3063 γεγενημένοι,

260 3077 317 3131 ὲν
346 3078 667 3151 πολυτελείᾳ
696 3078 809 3149 βίου
847 3077 1239 3152 τρυφήσαντες,
1270 3081 1359 3134 τὸν
1398 3083 1573 3136 κοινὸν
1615 3081 1824 3156 ἀνθρώ-

1927 596 2023 642 aut
2060 588 2412 644 immoderate
2441 588 2566 642 irati
2594 597 2742 649 sunt.
2781 596 2875 641 aut
2916 603 3147 658 corpore
3176 598 3481 659 aegrotant;

1925 686 2018 733 aut
2044 680 2393 734 saacularibus
2417 680 2588 746 curis,
2618 678 2701 733 vel
2732 676 2839 732 alio
2867 678 3123 749 quopiam
3159 678 3356 735 all'ectu
3383 681 3486 736 ob-

1924 771 2232 823 turbantur.

1990 880 2157 940 XXII.
2175 882 2218 914 ⁶²
2235 879 2423 952 Neque
2453 881 2598 937 dicat
2633 881 2851 951 aliquis,
2878 896 2984 935 non
3002 891 3254 951 oportere
3283 898 3485 939 conso-

1923 971 2142 1027 lationis
2184 982 2237 1027 et
2284 974 2673 1028 admonitionis
2725 973 2890 1026 verba
2936 973 3003 1025 iis
3045 972 3357 1040 admovere,
3390 972 3488 1044 qui

1924 1063 2053 1117 mali
2104 1064 2305 1133 aliquid
2356 1065 2555 1119 habent
2603 1080 2668 1119 ac
2714 1073 2929 1133 gerunt.
2980 1062 3079 1116 Aio
3120 1062 3290 1129 enim,
3342 1063 3488 1134 quod

1924 1156 1967 1210 si
1987 1157 2201 1224 quidem
2225 1160 2421 1229 aliquis
2449 1156 2682 1225 prolicit,
2713 1156 3003 1220 adhibeat;
3052 1155 3135 1210 sin
3161 1155 3364 1219 minus,
3398 1156 3488 1209 in-

1925 1247 2080 1299 terim
2127 1246 2355 1315 tempori
2395 1247 2567 1300 cedat.
2619 1245 2840 1314 Tempus
2890 1245 3035 1298 enim
3074 1253 3173 1311 est,
3225 1253 3287 1298 ut
3330 1242 3487 1299 Salo-

1922 1338 2072 1392 moni
2104 1338 2336 1418 videtqr,
2374 1339 2516 1391 omni
2542 1338 2615 1391 rei
2653 1338 2719 1391 ⁸³.
2759 1338 2936 1402 Quare
2962 1345 3175 1406 oportet
3206 1351 3489 1392 sermones

1922 1427 2014 1494 qui
2050 1428 2289 1481 animam
2338 1429 2684 1494 conﬁrmant,
2731 1428 3044 1482 hominibus
3075 1437 3200 1482 ante
3245 1427 3489 1483 vexatio-

1920 1535 2041 1573 nem
2073 1520 2311 1587 inl‘erre;
2342 1529 2401 1575 ut
2427 1522 2473 1576 si
2505 1522 2635 1591 quid
2661 1521 2799 1576 forte
2825 1522 2977 1591 pravi
3010 1523 3288 1585 acciderit.
3330 1538 3487 1578 mens

1923 1612 2075 1680 prius
2108 1622 2337 1670 armata.
2374 1623 2520 1668 recta
2554 1615 2766 1669 ratione
2794 1614 2969 1683 possit
3014 1614 3066 1667 id
3094 1614 3239 1684 quod
3272 1616 3485 1669 illatum

1922 1707 2025 1765 est,
2060 1698 2318 1769 perferre.
2357 1699 2529 1768 Unde,
2571 1703 2744 1757 amice
2772 1703 3045 1767 Clemens,
3087 1708 3133 1758 si
3166 1704 3321 1773 cupis
3363 1718 3486 1772 qua:

1926 1790 1993 1845 ad
2028 1790 2196 1846 Deum
2230 1793 2504 1862 pertinent
2549 1809 2881 1863 cognoscere
2906 1835 2922 1861 ,
2972 1812 3002 1849 a
3033 1794 3266 1849 Domino
3290 1804 3343 1851 et
3374 1795 3486 1851 Deo

1922 1893 1976 1938 et
2025 1882 2304 1940 Salvatore
2354 1896 2547 1941 nostro
2578 1885 2706 1941 Iesu
2755 1887 2996 1952 Christo,
3041 1889 3135 1958 qui
3184 1888 3487 1944 humanum

1922 1992 2093 2048 gemas
2134 1977 2292 2032 docet
2332 1978 2647 2045 scientiam;
2699 1980 2768 2034 ab
2801 1994 2867 2035 eo
2898 1982 3015 2036 solo
3047 1982 3259 2036 discere
3287 1992 3482 2051 potes;

1921 2069 2051 2140 quia
2091 2070 2243 2124 solus
2273 2070 2426 2124 novit
2460 2071 2769 2126 veritatem.
2811 2072 3057 2127 Aliorum
3091 2074 3239 2128 enim
3282 2075 3329 2129 si
3359 2078 3485 2145 quis

1922 2160 2127 2231 aliquid
2154 2161 2471 2231 cognoscit,
2508 2162 2576 2216 ab
2601 2177 2667 2217 eo
2701 2179 2833 2231 uno,
2868 2173 2963 2219 aut
2992 2164 3059 2219 ab
3094 2165 3213 2235 ejus
3241 2165 3486 2236 discipu-

1921 2250 1990 2307 lis
2020 2252 2277 2307 traditum
2314 2252 2542 2321 accepit.

1992 2343 2180 2398 XXIII.
2215 2345 2258 2374 ⁸⁷
2286 2344 2381 2398 Est
2403 2353 2583 2399 autem
2609 2346 2728 2417 ejus
2773 2350 3042 2405 sententia
3071 2369 3085 2405 :
3116 2350 3284 2408 Deum
3313 2369 3485 2409 unum

1923 2451 2046 2491 esse
2070 2436 2124 2490 in
2172 2436 2349 2491 tribus
2394 2438 2667 2507 personis,
2693 2439 2851 2508 cujus
2898 2448 3044 2497 totus
3080 2445 3316 2499 mundus
3345 2461 3485 2517 opus

1924 2534 2026 2593 est,
2058 2527 2261 2597 quique
2300 2528 2481 2596 justus
2505 2529 2797 2597 exsistens,
2834 2531 3126 2602 aliquando
3169 2545 3315 2591 certe
3359 2538 3483 2591 uni-

1924 2619 2122 2688 cuique
2174 2633 2274 2688 pro
2324 2619 2631 2675 actionibus
2682 2622 2965 2677 retribuet.
3017 2622 3250 2681 Necesse
3283 2628 3486 2699 quippe

1925 2710 2149 2765 omnino
2176 2719 2288 2775 est,
2332 2720 2393 2765 ut
2424 2711 2516 2781 qui
2555 2712 2752 2766 asserit
2792 2711 2961 2768 Deum
3012 2724 3206 2770 natura
3241 2731 3362 2773 esse
3396 2718 3479 2788 ju-

1924 2810 2096 2864 stum,
2119 2800 2279 2855 etiam
2308 2801 2491 2855 credat
2521 2800 2854 2856 immortales
2886 2816 3005 2857 esse
3035 2802 3316 2858 hominum
3361 2805 3482 2858 ani-

1924 2911 2065 2950 mas.
2098 2892 2365 2959 Quoniam
2406 2893 2497 2947 ubi
2539 2894 2642 2948 erit
2681 2893 2895 2964 justitia
2935 2894 3093 2964 ejus?
3136 2896 3355 2966 quando
3381 2896 3483 2950 ali-

1925 2987 2041 3057 qui,
2087 3000 2211 3040 cum
2264 2984 2351 3055 pie
2390 2984 2674 3050 vixissent,
2723 2995 2904 3040 tamen
2955 2985 3095 3041 male
3145 2987 3339 3053 habiti,
3390 3004 3485 3058 per

1927 3078 2037 3132 vim
2060 3092 2091 3133 e
2117 3077 2296 3131 medio
2328 3076 2524 3131 sublati
2558 3084 2686 3132 sunt
2715 3093 2729 3129 :
2768 3076 2987 3147 quidam
3017 3092 3167 3144 vero,
3197 3087 3483 3147 postquam

262 3186 376 3222 πων
416 3169 770 3239 ἐτελεύτησαν
799 3171 1038 3225 θάνατον.
1094 3172 1244 3226 Ἐπεὶ
1272 3170 1363 3226 οὖν
1398 3173 1565 3245 χωρὶς
1607 3173 1823 3244 ἁπάσης

1926 3169 2081 3223 valde
2106 3168 2253 3238 impii
2276 3169 2631 3231 exstitissent,
2664 3176 2826 3236 atque
2856 3168 2979 3221 vitae
3013 3167 3165 3221 luxui
3186 3182 3249 3221 ac
3277 3167 3486 3223 deliciis

259 3261 608 3328 ἀντιλογίαςό
624 3261 753 3325 Θεὸς
774 3262 973 3331 ἀγαθὸς
998 3263 1091 3327 ὢν,
1114 3264 1316 3328 δίκαιός
1332 3265 1498 3327 ἐστιν,
1523 3265 1623 3317 οὐκ
1649 3264 1821 3326 ἄλλως

259 3352 313 3405 δὲ
352 3352 563 3414 δίκαιος
598 3349 732 3405 εἶναι
773 3354 1161 3425 γνωσθήσεται,
1206 3355 1297 3407 ἐὰν
1328 3356 1400 3427 μὴ
1428 3358 1461 3426 ή
1507 3355 1652 3428 ψυχὴ
1688 3356 1821 3426 μετά

261 3445 346 3496 τὸν
388 3444 665 3513 χωρισμὸν
697 3444 791 3495 τοῦ
830 3444 1074 3515 σώματος
1114 3447 1374 3508 ἀθάνατος
1403 3444 1457 3519 ᾗ,
1490 3448 1575 3499 ἵνα
1602 3447 1736 3518 μετὰ
1763 3448 1823 3500 τὸ

260 3537 553 3591 ἀπολαϐεῖν
580 3535 639 3589 τὸ
670 3537 797 3590 ἴδιον
829 3538 984 3608 σῶμα
1014 3540 1069 3592 ὲν
1092 3541 1156 3610 τῇ
1189 3540 1497 3601 ἀναστάσει,
1527 3540 1555 3591 ὁ
1596 3540 1694 3610 μὲν
1722 3558 1822 3593 κα-

260 3630 371 3692 κὸς,
404 3629 482 3691 ὡς
512 3629 741 3681 ἐνταῦθα
770 3629 837 3682 τὰ
872 3629 1049 3699 ἀγαθὰ
1084 3631 1390 3694 ἀπολαϐὼν,
1444 3633 1560 3685 ἐκεῖ
1593 3632 1721 3703 περὶ
1749 3627 1823 3687 ὧν

258 3714 474 3784 ἥμαρτε
510 3712 774 3782 κολασθῇ’
817 3714 844 3765 6
877 3713 932 3766 δὲ
973 3715 1191 3783 ἀγαθὸς,
1234 3717 1463 3771 ἐνταῦθα
1493 3718 1620 3788 περὶ
1646 3710 1720 3769 ὧν
1758 3720 1823 3789 ἧ-

265 3821 439 3874 μαρτε
476 3804 778 3866 κολασθεὶς,
802 3806 918 3858 ἐκεῖ
936 3805 1010 3867 ὡς
1031 3807 1088 3857 ἐν
1115 3806 1332 3869 κόλποις
1366 3807 1606 3871 δικαίων,
1638 3808 1827 3880 κληρο⁴

262 3897 427 3966 νόμος
463 3896 571 3949 τῶν
608 3895 826 3964 ἀγαθῶν
855 3900 1126 3969 καταστῇ·
1156 3899 1278 3951 ἐπεὶ
1310 3900 1487 3952 τοίνυν
1519 3901 1547 3952 6
1578 3900 1709 3964 Θεὸς
1749 3901 1825 3953 δί-

262 4007 435 4053 καιος,
466 3989 733 4060 πρόδηλον
764 3992 895 4060 ἡμῖν
937 3991 1102 4053 ἐστιν,
1131 3991 1212 4043 ὅτι
1247 3992 1341 4045 καὶ
1374 3992 1552 4064 κρίσις
1596 3994 1821 4062 γίνεται,

262 4084 351 4135 καὶ
381 4082 439 4135 αί
463 4080 635 4150 ψυχαὶ
662 4080 913 4133 ἀθάνατοι
945 4080 1316 4151 τυγχάνουσιν.
1349 4083 1485 4136 Είδέ
1509 4101 1612 4147 τις,
1644 4084 1719 4146 ὼς
1746 4084 1825 4153 τῷ

265 4176 511 4245 Σαμαρεῖ
539 4175 686 4227 δοκεῖ
720 4175 943 4245 Σίμωνι,
982 4176 1075 4226 καὶ
1115 4175 1212 4245 οὐχ
1253 4176 1327 4237 ὡς
1367 4177 1396 4228 6
1436 4176 1533 4246 τῆς
1571 4176 1825 4246 ἀληθείας

266 4266 509 4337 βούλεται
525 4266 701 4335 λόγος,
728 4268 788 4319 τὸ
809 4266 1013 4319 δίκαιον
1042 4262 1179 4319 εἶναι
1211 4266 1283 4336 μὴ
1313 4266 1452 4320 θέλοι
1483 4267 1663 4321 δοῦναι
1685 4269 1823 4340 Θεῷ,

263 4360 362 4414 τίνι
387 4360 469 4413 ἔτι
499 4358 657 4411 τοῦτό
685 4375 768 4422 τις
793 4357 973 4412 δοῦναι
993 4356 1247 4424 δύναται;

335 4645 525 4701 XXIV.
550 4644 735 4699 Ταῦτα
781 4644 1017 4707 ἀκούσας
1050 4643 1161 4712 ἐγὼ
1199 4642 1448 4714 Κλήμης,
1479 4644 1572 4697 καὶ
1607 4644 1688 4707 τίς
1722 4645 1828 4716 ἄρα

264 4740 541 4811 τυγχάνει,
578 4740 732 4807 ἔφην,
772 4732 923 4799 οὗτος
951 4735 1007 4787 ὃν
1036 4735 1250 4804 λέγουσι
1297 4736 1516 4806 Σίμωνα.
1556 4737 1828 4807 Σαμαρεί-

262 4849 380 4903 την,
410 4831 601 4901 μαθεῖν
629 4828 833 4900 ἧθελον.
875 4828 932 4880 '0
969 4826 1024 4878 δὲ
1047 4826 1277 4897 Πέτρος’
1320 4827 1382 4878 Εἰ
1409 4825 1580 4888 θέλεις
1618 4825 1827 4895 μαθεῖν,

266 4924 389 4995 ἔφη,
418 4922 648 4994 πάρεστί
672 4937 752 4973 σοι
774 4917 867 4972 τοῦ
897 4916 1097 4986 γνῶναι
1127 4918 1255 4987 παρ’
1275 4909 1347 4969 ὧν
1378 4915 1532 4983 κάγὼ
1561 4917 1735 4969 πάντα
1764 4918 1831 4968 τὰ

266 5019 383 5069 κατ’
407 5015 569 5067 αὐτὸν
596 5013 892 5081 ἐπυθόμην.
913 5010 1022 5062 Καὶ
1041 5008 1528 5079 μεταπεμψάμενος
1550 5008 1831 5060 ἐκέλευσεν

280 5106 509 5159 Ἀκύλαν
542 5120 601 5155 τε
630 5102 723 5154 καὶ
745 5102 986 5168 Νικήτην
1021 5099 1193 5150 πάντα
1221 5116 1305 5168 μοι
1332 5096 1571 5168 ἀκριϐῶς
1594 5095 1660 5149 τὰ
1688 5095 1832 5148 κατά

265 5199 354 5250 τὸν
398 5198 619 5266 Σίμωνα
649 5189 1027 5262 διηγήσασθαι.
1061 5190 1123 5241 Oi
1152 5188 1209 5241 δὲ
1253 5188 1342 5239 τὸν
1385 5188 1514 5240 Θεὸν
1556 5187 1831 5259 μαρτυρά-

270 5308 417 5359 μενοι
447 5287 611 5358 μηδὲν
640 5281 995 5354 παρεκκλίναι
1025 5281 1121 5350 τῆς
1152 5277 1425 5347 ἀληθείας,
1454 5277 1593 5331 οὕτω
1618 5277 1686 5330 τὰ
1713 5278 1832 5329 κατ’

267 5382 427 5436 αὑτὸν
449 5379 761 5447 ὲξετίθεντο.
792 5376 898 5429 Καὶ
929 5373 1138 5445 πρῶτος
1180 5371 1407 5435 ’Λκὺλας
1434 5371 1633 5443 ἤρξατο
1659 5372 1834 5439 λέγειν

266 5474 468 5537 οὕτως’
506 5475 789 5531 Ἄκουσον,
813 5463 859 5520 ὦ
881 5468 1099 5537 φίλτατε
1133 5464 1349 5533 ἁδελφὲ,
1375 5466 1521 5528 ὅπως
1553 5466 1643 5518 καὶ
1674 5465 1833 5528 αὐτὸς

1927 3260 2328 3323 indulsissent,
2391 3260 2669 3313 communi
2727 3267 2911 3313 tamen
2974 3258 3255 3312 hominum
3311 3268 3486 3313 morte

1927 3350 2199 3404 obierunt.
2254 3348 2705 3417 Quandoquidem
2744 3347 2909 3418 igitur
2944 3348 3150 3417 absque
3193 3347 3301 3402 ulla
3347 3362 3485 3403 con-

1928 3439 2248 3493 tradictione
2274 3439 2437 3505 Deus,
2463 3440 2642 3494 bonus
2673 3454 2795 3494 cum
2837 3440 2927 3505 sit,
2953 3438 3138 3508 justus
3164 3439 3327 3492 etiam
3358 3447 3442 3495 est
3467 3456 3483 3504 ;

1926 3545 2025 3585 nec
2050 3530 2266 3584 aliunde
2289 3530 2469 3600 justus
2488 3545 2607 3586 esse
2629 3541 3007 3602 cognoscetur,
3028 3531 3132 3586 nisi
3154 3532 3335 3585 anima
3364 3541 3487 3600 post

1927 3623 2318 3692 separationem
2345 3638 2376 3676 a
2404 3636 2653 3691 corpore,
2686 3623 2757 3677 sit
2788 3623 3143 3689 immortalis;
3178 3632 3238 3678 ut
3267 3626 3487 3694 quando

1927 3714 1981 3768 in
2026 3713 2423 3769 resurrectione
2472 3729 2632 3769 suum
2656 3729 2857 3783 corpus
2894 3715 3266 3783 recuperarit,
3310 3716 3487 3770 malus

1926 3809 2166 3879 quidem,
2205 3817 2466 3877 tanquam
2514 3807 2607 3876 qui
2644 3806 2734 3861 hic
2777 3806 2919 3862 bona
2949 3811 3231 3877 receperit,
3272 3810 3347 3864 ibi
3387 3824 3487 3879 pro

1927 3901 1994 3956 iis
2038 3916 2157 3970 qua:
2186 3899 2413 3969 deliquit
2441 3899 2743 3969 puniatur;
2786 3898 2965 3956 bonus
3018 3910 3221 3965 autem,
3266 3901 3355 3955 hic
3386 3916 3486 3969 pro

1926 3992 2138 4048 delictis
2155 3992 2470 4061 castigatus,
2502 3991 2611 4045 illic
2633 3991 2791 4059 quasi
2827 3991 2879 4044 in
2913 3980 3034 4045 sinu
3055 3992 3345 4060 justorum.
3377 3993 3486 4045 hrc-

1929 4100 2016 4139 res
2063 4084 2333 4138 bonorum
2386 4084 2793 4138 constituatur:
2836 4084 3274 4153 quandoquidem
3323 4085 3487 4155 igitur

1933 4174 2072 4229 Deus
2096 4174 2277 4244 justus
2307 4182 2411 4239 est,
2455 4183 2669 4229 constat
2707 4174 2848 4227 inter
2880 4190 3000 4239 nos,
3040 4173 3305 4243 judicium
3345 4190 3484 4245 ouo-

1928 4281 2032 4336 que
2061 4266 2196 4331 fore,
2227 4276 2280 4321 et
2314 4266 2528 4320 animas
2554 4280 2676 4320 esse
2700 4264 3055 4321 immortales.
3088 4264 3147 4320 Si
3171 4267 3295 4336 quis
3319 4282 3445 4322 vero
3468 4307 3483 4331 ,

1928 4359 2383 4429 quemadmodum
2412 4358 2757 4412 Samaritano
2802 4357 3013 4411 Simoni
3060 4358 3258 4428 placet,
3288 4368 3343 4413 et
3377 4374 3483 4414 non

1930 4463 1989 4505 ut
2032 4450 2277 4504 veritatis
2328 4449 2576 4504 doctrina
2622 4450 2759 4514 vult,
2808 4448 2919 4504 Deo
2977 4449 3275 4505 concedere
3329 4450 3486 4518 nolit,

1861 4564 1903 4618 ι)
1929 4540 2133 4612 justum
2156 4554 2275 4594 esse
2294 4582 2309 4605 ,
2342 4540 2428 4593 cui
2456 4539 2569 4607 jam
2599 4539 2797 4609 aliquis
2824 4538 2877 4593 id
2910 4539 3147 4594 tribuere
3176 4540 3386 4610 potest?

2002 4649 2191 4703 XXIV.
2242 4649 2341 4705 llis
2393 4650 2618 4712 auditis,
2673 4665 2773 4721 ego
2822 4651 3097 4715 Clemens,
3139 4651 3205 4706 Et
3235 4654 3487 4723 quisnam

1930 4750 2035 4807 est,
2069 4740 2204 4804 dixi,
2254 4742 2354 4796 iste
2397 4757 2556 4811 quem
2597 4742 2785 4807 aiunt,
2840 4740 3029 4797 Simon
3077 4741 3488 4811 Samaritanus,

1931 4835 2075 4900 scire
2124 4835 2342 4889 vellem.
2396 4834 2696 4904 Respondit
2742 4843 2923 4890 autem
2966 4833 3202 4892 Petrus:
3238 4834 3296 4892 Si
3335 4839 3490 4907 cupis

1934 4923 2161 4988 discere,
2185 4925 2313 4978 licet
2339 4924 2434 4978 tibi
2460 4924 2529 4978 ab
2560 4923 2626 4978 iis
2651 4939 3002 4994 cognoscere,
3029 4941 3058 4980 a
3090 4927 3289 4996 quibus
3307 4936 3360 4981 et
3390 4942 3491 4996 ego

1935 5023 2130 5069 cuncta
2161 5014 2305 5068 illius
2333 5015 2594 5070 intellexi.
2632 5013 2959 5086 Vocatisque
3002 5018 3199 5087 Aquila
3244 5029 3299 5074 et
3328 5017 3489 5074 Nicc~

1936 5114 2012 5171 ta,
2054 5106 2307 5174 praecepit
2348 5106 2447 5168 eis,
2480 5116 2540 5160 ut
2576 5107 2710 5162 mihi
2753 5108 2931 5161 omnia
2958 5109 3023 5163 ad
3064 5108 3339 5166 Simonem
3376 5126 3492 5180 per-

1934 5196 2163 5250 tinentia
2198 5197 2483 5266 diligenter
2524 5209 2860 5254 enarrarent.
2902 5201 2972 5253 At
3003 5201 3101 5267 illi,
3151 5200 3318 5257 Deum
3352 5211 3490 5255 atte-

1934 5288 2057 5342 stati
2098 5304 2156 5343 se
2200 5290 2509 5344 nullatenus
2544 5306 2573 5344 a
2618 5289 2841 5346 veritate
2882 5292 3283 5353 deelinaturos,
3344 5292 3490 5345 hunc

1935 5378 1990 5431 in
2021 5379 2241 5433 modum
2275 5394 2359 5434 res
2386 5378 2504 5447 ejus
2544 5389 2930 5449 exposuerunt.
2981 5379 3060 5435 Ac
3107 5380 3253 5450 prior
3296 5380 3492 5449 Aquila

1939 5470 2103 5539 cmpit
2144 5470 2217 5523 ita
2247 5469 2469 5525 dicere:
2513 5470 2685 5533 Audi,
2722 5470 3041 5525 charissime
3077 5470 3264 5537 frater,
3315 5480 3376 5526 ut
3429 5480 3491 5525 tu

1533 5630 1764 5684 VARI/E
1804 5630 2199 5685 LECTIONES.

333 5752 377 5782 “
419 5749 674 5806 Clement.
702 5749 850 5802 hom.
882 5765 940 5812 ιι,
973 5765 1020 5803 c.
1050 5748 1136 5815 12,
1161 5758 1266 5804 etc.
1344 5747 1576 5804 “Em-lc.
1619 5766 1700 5814 ιιι,
1735 5749 1785 5803 l.

284 5842 432 5896 cogn.
454 5860 469 5883 ,
506 5823 539 5871 Ι.
564 5833 742 5884 vm,c.
773 5818 825 5872 6.

512 5916 785 5976 PATBOL.
831 5915 945 5977 Gn.
1001 5916 1079 5977 ll.

1865 5750 1998 5804 σηιι.
2034 5766 2173 5803 τινα.
2252 5751 2296 5783 ⁸⁸
2315 5751 2470 5806 Deest
2496 5753 2547 5804 in
2584 5753 2654 5806 al.

2738 5759 2782 5790 η
2821 5751 2978 5806 Deest
3003 5752 3056 5806 iu
3088 5751 3159 5806 al.
3266 5759 3310 5791 ⁶²
3338 5754 3371 5807 l.
3398 5751 3493 5824 Ite-

3178 5922 3252 5983 16
