4022 6336
481 347 578 405 691
1003 364 1007 365 ⁷
1327 343 1383 398 S.
1418 303 1804 397 CLEMENTIS
1844 339 1863 396 1
1902 337 2065 394 ROM.
2118 336 2316 393 PONT.
2355 336 2583 394 OPERA
2616 333 2862 396 DUBIA.‘
3605 341 3711 398 492

479 484 698 542 quoque
726 478 981 527 accurate
1009 483 1309 542 cognoscas
1337 467 1520 523 omnia
1563 467 1665 521 viri
1715 465 1898 531 illius;
1930 479 2023 519 cu-

2133 463 2373 536 ἀκριϐὦς
2401 463 2578 524 πάντα
2598 463 2667 517 τά
2685 465 2827 518 κατὰ
2847 465 2938 519 τὸν
2967 465 3134 537 ἀνδρα
3161 465 3327 536 εἰδῇς,
3354 463 3498 528 τίνος
3517 480 3577 519 τε
3606 462 3707 529 ὢν,

476 565 697 633 jusnam
725 563 815 630 sit,
852 571 907 618 et
943 563 1088 634 quis,
1117 571 1174 617 et
1207 559 1386 626 unde;
1424 569 1477 614 et
1505 574 1752 628 quaenam
1784 557 1894 613 sint
1919 572 2023 628 qua

2141 557 2234 609 καὶ
2266 555 2371 619 τίς,
2403 557 2497 609 καὶ
2539 557 2725 620 πόθεν,
2772 557 2867 612 καὶ
2897 556 3020 610 τίνα
3054 554 3202 610 ἐστὶν
3229 555 3266 610 ἃ.
3313 555 3562 627 πράττει,
3614 556 3709 611 καὶ

479 652 628 720 facit,
657 662 712 709 et
738 669 848 724 quo
877 653 1064 719 modo,
1094 666 1366 723 quamque
1397 651 1467 706 ob
1489 665 1733 705 causam.

549 745 720 802 XXV.
747 746 793 778 ⁸⁸
817 745 1004 801 Simon
1034 745 1196 817 igitur
1217 752 1371 814 patre
1401 742 1618 812 quidem
1642 740 1894 805 Antonio,
1925 755 2041 794 ma-

482 851 563 895 tre
587 853 714 895 vero
735 836 968 892 Rachele
995 844 1147 891 ortus
1167 843 1290 900 est;
1307 834 1528 888 natione
1555 831 1954 895 Samaritanus,
1972 845 2037 885 ex

480 931 702 995 Gitthis,
735 929 858 985 vico
881 929 974 1000 qui
1008 943 1116 983 non
1149 927 1330 982 minus
1359 941 1520 996 quam
1556 941 1646 980 sex
1698 923 1938 980 sclicenis
1968 923 2038 978 ab

479 1017 614 1072 urbe
649 1014 1117 1071 Samaritanorum
1144 1013 1328 1069 distat.
1376 1013 1472 1068 llic
1504 1013 1841 1068 Alexandriae
1872 1011 2038 1084 Egy-

478 1107 556 1177 pti
602 1114 992 1166 commoratus,
1027 1119 1090 1160 ac
1119 1103 1172 1157 in
1215 1103 1401 1158 Greca
1443 1102 1690 1158 doctrina
1741 1103 2034 1172 plurimum

477 1199 826 1264 exercitatus,
861 1206 913 1252 et
937 1206 1054 1252 arte
1082 1197 1291 1267 magica
1322 1197 1554 1267 pollens,
1599 1204 1764 1265 atque
1791 1196 2033 1250 insolen-

478 1288 551 1344 tia
581 1289 777 1352 elatus,
810 1304 868 1344 se
888 1288 1004 1343 vult
1042 1287 1340 1343 existimari
1366 1302 1486 1342 esse
1538 1287 1792 1341 virtutem
1846 1302 2037 1355 supre-

477 1396 664 1449 mam,
716 1381 836 1452 ipso
885 1394 1104 1450 quoque
1163 1379 1501 1448 superiorem
1561 1377 1804 1450 Deo'qui
1857 1387 2033 1433 totum

475 1473 659 1528 orbem
701 1472 978 1544 produxit.
1008 1470 1283 1526 Interdum
1315 1485 1445 1525 vero
1475 1485 1534 1526 se
1563 1470 1840 1524 Christum
1867 1468 2035 1540 signi-

473 1565 680 1630 ﬁcans,
726 1564 968 1620 Stantem
1013 1563 1264 1634 appellat.
1319 1561 1563 1632 Eamque
1617 1563 2032 1633 appellationem

473 1657 775 1728 usurparit,
823 1657 980 1727 quasi
1016 1656 1111 1724 qui
1154 1671 1369 1726 semper
1409 1657 1744 1711 constitui-us
1795 1656 1888 1720 sit,
1932 1670 2032 1710 nec

471 1747 668 1802 habeat
703 1745 1067 1815 corruptionis
1099 1759 1321 1800 causam
1350 1761 1456 1816 qua
1489 1760 1716 1814 corpore
1756 1746 2027 1801 concidat.

470 1836 580 1892 Nec
605 1850 734 1890 vero
762 1836 930 1891 Deum
963 1836 1151 1891 mundi
1173 1837 1532 1902 conditorem,
1563 1852 1876 1905 supremum
1909 1853 2030 1892 esse

462 1930 540 1984 'ait
573 1946 586 1981 :
619 1943 718 1984 nec
749 1938 993 1984 mortuos
1037 1930 1333 2000 aliquando
1383 1929 1682 1984 excitatum
1729 1929 1793 1982 iri
1829 1929 2022 1984 credit.

470 2019 896 2090 Hierosolymam
951 2028 1130 2090 negat,
1161 2027 1400 2073 montem
1438 2017 1774 2072 Garizimum
1823 2017 2030 2072 substi-

469 2112 592 2166 tuit.
629 2110 734 2165 Pro
756 2115 892 2164 'vcre
921 2109 1140 2166 Christo
1172 2109 1282 2165 Deo
1312 2118 1525 2174 nostro,
1559 2109 1797 2178 seipsum
1832 2107 2027 2178 przedi-

467 2215 575 2276 cgt.
608 2203 822 2273 Legem,
860 2204 1072 2273 propria
1105 2202 1531 2272 praesumptione
1572 2202 1726 2256 aliter
1761 2201 2029 2271 interpre-

469 2306 645 2362 tatur;
669 2302 720 2348 et
737 2293 1004 2364 judicium
1037 2291 1154 2349 fore
1175 2291 1395 2363 quidem
1418 2283 1569 2359 dicit,
1594 2306 1780 2346 verum
1807 2305 1913 2345 non
1934 2306 2030 2346 ex-

470 2395 702 2458 spectat.

537 2477 726 2535 X-XVI.
753 2477 824 2534 Ut
865 2486 1047 2533 autem
1096 2477 1209 2546 ipse
1256 2474 1534 2546 religionis
1580 2473 1893 2542 opinionem
1939 2471 2025 2526 iu-

464 2569 706 2634 vaderet,
767 2567 968 2625 factum
1019 2576 1102 2622 est
1153 2569 1248 2623 ita.
1283 2565 1520 2622 Joannes
1551 2567 1769 2636 quidam
1819 2565 2028 2620 exstitit

465 2659 559 2730 qui
607 2641 836 2728 singulis
880 2658 1072 2713 diebus
1116 2657 1454 2726 baptizaret:
1488 2666 1541 2711 et
1570 2654 2024 2726 quemadmodum

465 2752 696 2805 Domino
748 2749 970 2804 fuerunt
1023 2749 1314 2803 duodecim
1376 2747 1673 2816 discipuli,
1733 2743 2024 2800 duodecim

466 2843 734 2897 mensium
783 2842 916 2896 solis
968 2848 1214 2912 gerentes
1249 2853 1564 2902 numerum;
1612 2837 1692 2891 sic
1727 2837 1775 2890 ei
1807 2850 2024 2906 quoque

466 2931 685 2986 fuerunt
735 2933 952 3002 triginta
1001 2929 1101 2984 viri
1144 2929 1450 2998 principes,
1500 2938 1836 2984 menstruam
1882 2930 2024 2983 luna

464 3025 727 3079 rationem
783 3024 1112 3093 implentes;
1164 3021 1305 3076 inter
1345 3035 1484 3090 quos
1513 3029 1566 3076 et
1614 3035 1723 3074 una
1775 3021 2022 3091 quadam

2140 649 2307 710 ὅπως,
2340 647 2435 700 καὶ
2461 646 2551 700 διὰ
2570 647 2643 700 τί.

2208 737 2374 792 XXV.
2389 725 2569 810 Σίμων
2583 735 2675 793 οὖν
2689 739 2732 773 ⁸⁵
2763 740 2963 811 πατρὸς
2986 738 3085 810 μέν
3106 739 3251 792 ἐστιν
3275 736 3576 799 Ἀντωνίου,
3601 754 3708 808 μη-

2137 829 2262 901 τρὸς
2282 829 2338 883 δὲ
2375 829 2593 902 Ῥαχὴλ,
2623 831 2908 902 Σαμαρεὺς
2921 829 2981 882 τὸ
3001 829 3155 898 γένος
3179 829 3247 894 ⁷ο,
3279 827 3386 882 ἀπὸ
3423 826 3625 881 Γιτθῶν
3653 827 3704 862 ’⁸

2137 924 2238 994 τῆς
2302 921 2514 994 κώμης,
2567 922 2627 976 οὒ
2687 925 2832 994 μεῖον
2867 921 2900 993 ἢ
2931 920 3171 991 σχοίνους
3197 918 3254 986 ἒξ
3283 920 3379 990 τῆς
3407 917 3704 990 Σαμαρέων

2137 1011 2344 1077 πόλεως
2390 1011 2716 1085 ἀπεχούσης.
2742 1005 2906 1075 Οὗτος
2956 1011 3014 1063 έν
3075 1009 3447 1082 Ἀλεξανδρείᾳ
3473 1011 3539 1080 τῇ
3566 1007 3702 1081 πρὸς

2136 1103 2405 1172 Αἴγυπτον
2447 1103 2702 1173 γεγονὼς,
2747 1102 3029 1174 Ἑλληνικῇ
3059 1119 3118 1155 τε
3152 1102 3368 1173 παιδείᾳ
3397 1100 3537 1154 πάνυ
3576 1101 3702 1154 ἑαυ-

2134 1195 2224 1248 τὸν
2249 1196 2573 1266 ὲξασκήσας,
2612 1196 2706 1248 καὶ
2736 1198 2800 1267 τῇ
2835 1195 2993 1266 μάγῳ
3037 1195 3198 1267 τέχνη
3237 1193 3405 1247 πολλά
3430 1193 3698 1264 δυνηθεὶς,

2135 1287 2228 1339 καὶ
2254 1289 2332 1350 εἰς
2348 1287 2603 1341 ἀπόνοιαν
2635 1287 2912 1359 ἐπαρθεὶς,
2946 1287 3086 1340 Θέλει
3106 1285 3419 1357 νομίζεσθαί
3449 1302 3534 1348 τις
3561 1281 3700 1338 εἶναι

2133 1377 2356 1448 δύναμις
2400 1378 2656 1432 ἀνωτάτω
2687 1379 2767 1442 ⁷³,
2817 1379 2910 1431 καὶ
2957 1376 3120 1432 αὑτοῦ
3154 1377 3243 1430 τὸν
3274 1375 3476 1446 κόσμον
3523 1374 3701 1428 πάντα

2135 1473 2542 1544 παραγαγόντος
2589 1471 2742 1525 Θεοῦ.
2797 1471 2992 1524 Ἐνίοτε
3021 1470 3077 1524 δὲ
3109 1469 3202 1522 καὶ
3233 1469 3466 1540 Χριστὸν
3507 1466 3699 1521 ἑαυτὸν

2134 1565 2499 1636 αἰνιττόμενος
2532 1563 2578 1595 ⁷³
2610 1564 3002 1636 προσαγορεύει
3169 1563 3276 1616 Kal.
3303 1560 3474 1632 ταύτῃ
3522 1560 3586 1632 δὴ
3628 1564 3698 1634 τῇ

2137 1655 2471 1727 προσηγορίᾳ
2485 1655 2767 1727 κέχρηται,
2789 1656 2862 1719 ὡς
2883 1655 2945 1726 δὴ
2974 1653 3367 1724 συστησόμενός
3395 1669 3455 1704 τε
3477 1652 3582 1714 ἀεὶ,
3606 1653 3702 1706 καὶ

2134 1747 2337 1818 φθορᾶς
2365 1748 2565 1810 αἰτίαν,
2603 1746 2742 1800 ὥστε
2764 1747 2823 1799 τὸ
2851 1745 3008 1817 σῶμα
3046 1747 3251 1807 πεσεῖν,
3273 1744 3372 1796 οὐκ
3397 1743 3556 1814 ἔχων.
3587 1743 3701 1797 Καὶ

2131 1839 2251 1892 οὔτε
2283 1839 2412 1893 Θεὸν
2445 1841 2534 1893 τὸν
2563 1839 2819 1893 κτίσαντα
2856 1839 2946 1892 τὸν
2985 1838 3209 1910 κόσμον,
3241 1837 3511 1891 ἀνώτατον
3549 1837 3700 1905 λέγει

2131 1929 2296 1986 εἶναι·
2333 1931 2454 1986 οὔτε
2483 1933 2709 2003 νεκροὺς
2740 1931 3035 2004 ἐγηγέρθαι
3061 1933 3107 1965 ⁷³
3138 1931 3381 1983 πιστεύει
3407 1930 3557 1984 ποτέ.
3584 1931 3698 2002 Τὴν

2141 2022 2489 2095 Ἰερουσαλὴμ
2519 2022 2778 2094 ἀρνεῖται,
2808 2023 2868 2076 τὺ
2907 2021 3153 2094 Γαριζεὶν
3183 2022 3306 2093 ὅρος
3335 2021 3694 2092 ἀντεισφέρει.

2141 2111 2284 2168 Ἀντὶ
2304 2113 2397 2168 τοῦ
2424 2115 2590 2178 ὅντως
2618 2115 2850 2186 Χριστοῦ
2878 2114 2971 2168 τοῦ
2994 2113 3127 2167 Θεοῦ
3147 2113 3325 2185 ἡμῶν,
3353 2114 3542 2167 ἑαυτὸν
3564 2114 3699 2168 ἀνα-

2127 2205 2360 2278 γορεύει.
2393 2205 2474 2259 Τά
2515 2205 2572 2258 δὲ
2600 2204 2694 2259 τοῦ
2745 2205 2908 2276 νόμου
2952 2207 3079 2269 ἴδια,
3128 2205 3426 2277 προσλήψει
3457 2207 3500 2237 ⁷⁵
3533 2205 3698 2276 ἀλλη-

2127 2299 2298 2369 γορεῖ,
2332 2298 2425 2351 καὶ⁵
2458 2296 2635 2368 κρίσιν
2681 2297 2897 2352 ἔσεσθαι
2947 2297 3044 2369 μὲν
3090 2297 3257 2367 λέγει,
3309 2297 3370 2350 οὐ
3419 2297 3699 2370 προσδοκᾷ

2127 2388 2205 2443 δέ.
3627 2429 3629 2432 .

2197 2477 2383 2533 XXVI.
2420 2479 2492 2531 Τὸ
2516 2477 2572 2532 δὲ
2596 2478 2966 2550 παρεισελθεῖν
2997 2478 3154 2532 αὑτὸν
3180 2479 3278 2550 τῆς
3310 2479 3356 2511 ⁷⁸
3385 2478 3696 2544 Θεοσεϐεἰας

2126 2561 2300 2632 λόγον,
2340 2564 2558 2633 γέγονεν
2583 2564 2772 2630 οὕτως.
2823 2565 3073 2636 Ἰωάννης
3116 2583 3199 2629 τις
3251 2567 3468 2635 ἐγένετο
3491 2570 3696 2640 ἡμερο-

2126 2653 2453 2726 ϐαπτιστής·
2487 2657 2580 2710 καὶ
2615 2657 2805 2728 ὥσπερ
2840 2656 2917 2729 τῷ
2961 2657 3148 2730 Κυρίῳ
3177 2659 3432 2726 γεγόνασι
3481 2658 3693 2713 δώδεκα

2128 2747 2362 2818 μαθηταὶ
2375 2747 2464 2800 τὸν
2485 2746 2576 2800 τοῦ
2599 2747 2750 2818 ἡλίου
2773 2749 3146 2820 δωδεκάμηνον
3164 2749 3421 2820 φέροντες
3435 2750 3690 2821 ἀριθμὸν,

2123 2837 2263 2892 οὕτω
2291 2840 2383 2892 καλ⁹
2410 2839 2557 2910 αὑτῷ
2587 2839 2803 2912 ἔξαρχοι
2833 2840 3119 2908 γεγόνασιν
3149 2841 3342 2912 ἄνδρες
3373 2842 3690 2912 τριάκοντα,

2121 2926 2214 2980 τὸν
2235 2931 2483 2998 μηνιαῖον
2506 2929 2600 2999 τῆς
2625 2928 2852 3000 σελήνης
2864 2929 3018 2998 λόγον
3043 2931 3504 3002 ἀποπληροῦντες,
3536 2933 3593 2984 ὲν
3608 2928 3692 2995 οἷς

2124 3020 2213 3072 καὶ
2237 3019 2334 3089 μία
2360 3037 2442 3083 τις
2468 3017 2534 3092 ἦν
2556 3023 2690 3092 γυνὴ
2709 3023 3014 3093 καλουμένη
3046 3023 3251 3093 Ἑλένη,
3270 3024 3354 3076 ἵνα
3378 3024 3510 3094 μηδὲ
3530 3023 3692 3078 τοῦτο

464 3128 582 3174 erat
605 3117 820 3180 mulier,
843 3123 1030 3172 vocata
1065 3113 1303 3179 Helena;
1337 3123 1397 3168 ut
1423 3130 1490 3168 ne
1527 3115 1628 3169 hoc
1659 3116 1876 3185 quidem
1899 3118 2023 3174 abs-

2125 3111 2541 3184 ἀνοικονόμητον
2687 3115 2895 3185 Ἦμιαυ
2928 3113 3034 3185 γὰρ
3063 3115 3251 3185 ἀνδρὸς
3289 3112 3418 3168 οὖσα
3460 3117 3493 3185 ἡ
3526 3116 3688 3187 γυνὴ,

462 3227 568 3281 quc
595 3208 1055 3281 praemeditatione
1095 3214 1258 3260 esset.
1285 3206 1421 3260 Cum
1463 3207 1607 3260 enim
1638 3207 1836 3262 mulier
1861 3209 2024 3263 dimi-

462 3305 612 3358 dium
644 3303 714 3358 sit
737 3303 859 3366 Viri,
887 3300 1260 3370 imperfectum
1293 3298 1570 3354 tricenarii
1604 3301 1888 3360 constituit
1920 3318 2022 3356 nu-

462 3404 714 3454 merum;
773 3388 916 3442 sicut
964 3397 1017 3442 ct
1065 3388 1120 3441 in
1177 3387 1329 3454 luna,
1390 3387 1548 3456 cujus
1615 3388 1864 3444 incessus
1914 3405 2020 3444 non

461 3481 760 3553 perfectum
805 3481 1005 3535 mensis
1056 3495 1279 3536 cursum
1332 3479 1568 3534 coniicit.
1608 3479 1778 3534 Porro
1825 3481 2020 3538 horum

459 3575 704 3646 triginta,
743 3572 940 3628 Joanni
984 3574 1193 3644 primus
1231 3589 1296 3630 ac
1341 3574 1763 3644 probatissimos
1790 3585 1905 3630 erat
1934 3575 2021 3630 Si»

459 3685 609 3723 mon.

528 3756 739 3812 XXVII.
769 3758 816 3789 "
841 3756 970 3813 Post
998 3767 1231 3814 mortem
1267 3767 1448 3813 autem
1492 3757 1749 3824 Joannis,
1795 3759 2014 3827 Simon,

455 3860 731 3921 assumpta
764 3847 987 3914 Helena,
1022 3848 1262 3914 oberrat,
1307 3849 1514 3918 plebem
1554 3850 1908 3915 contui-bans,
1937 3851 2017 3904 di-

455 3958 692 4012 censque
716 3957 833 3996 eam
866 3938 1124 3995 Helenam
1157 3938 1223 3992 de
1260 3940 1531 4010 supremis
1561 3941 1714 3995 caelis
1755 3940 1808 3994 in
1845 3950 2015 3994 terras

453 4035 687 4088 delatam
711 4049 832 4088 esse
858 4051 872 4087 :
899 4033 1058 4101 cujus
1097 4032 1291 4097 gratia,
1339 4033 1537 4102 inquit,
1574 4031 1743 4086 Graeci
1787 4041 1839 4086 et
1890 4033 2016 4086 har-

456 4125 571 4179 bari
597 4124 796 4178 bellum
825 4132 1128 4194 gesserunt,
1164 4124 1442 4195 imaginati
1473 4125 1705 4192 speciem
1737 4127 2009 4180 veritatis:

451 4223 504 4269 et
534 4215 699 4268 edens
730 4215 896 4270 multa
922 4214 1232 4284 prodigiosa
1263 4213 1523 4268 miracula
1549 4231 1563 4280 ;
1597 4215 1667 4268 ita
1703 4223 1761 4267 ut
1783 4215 1888 4268 nisi
1920 4229 2013 4268 co-

452 4305 832 4375 gnovissemus
885 4319 1009 4359 eum
1057 4306 1149 4360 illa
1194 4320 1291 4375 per
1344 4306 1576 4376 magiam
1629 4306 1860 4372 ellicere,
1907 4305 2008 4375 ipsi

417 4401 421 4407 '
452 4409 669 4464 quoque
701 4392 998 4450 fuissemus
1024 4395 1256 4465 decepti.
1281 4393 1438 4449 Nunc
1463 4409 1642 4450 autem
1669 4397 1888 4466 quando
1919 4413 2010 4452 ve-

2124 3201 2287 3272 ἀτελῆ
2313 3202 2404 3256 τὸν
2433 3204 2531 3272 τῆς
2553 3204 2932 3275 τριακοντάδος
2965 3203 3176 3276 τίθησιν
3202 3206 3430 3278 ἀριθμόν
3448 3223 3461 3235 '
3498 3205 3692 3278 ὥσπερ

2121 3293 2227 3363 ἄρα
2263 3294 2356 3347 καὶ
2385 3296 2484 3367 τῆς
2513 3296 2761 3368 σελήνης,
2803 3293 2869 3366 ἧς
2897 3299 2928 3368 ὴ
2959 3297 3150 3369 πορεία
3192 3297 3284 3350 τοῦ
3321 3297 3486 3369 μηνὸς
3507 3298 3567 3352 οὐ
3598 3297 3692 3352 τὲ-

2119 3383 2258 3437 λειον
2292 3389 2520 3438 ποιεῖται
2552 3387 2640 3439 τὸν
2669 3386 2885 3458 δρόμον.
2918 3388 3129 3440 Τούτων
3168 3389 3224 3441 δὲ
3247 3389 3352 3441 τῶν
3371 3390 3686 3460 τριάκοντα,

2118 3477 2195 3548 τῷ
2237 3477 2456 3549 Ἰωάννῃ
2481 3477 2694 3550 πρῶτος
2723 3480 2815 3532 καὶ
2836 3479 3204 3550 δοκιμώτατος
3231 3476 3296 3553 ἦν
3314 3483 3342 3534 ό
3375 3482 3575 3552 Σίμων.

2197 3754 2409 3811 XXVII.
2474 3758 2630 3812 Μετά
2671 3759 2726 3813 δὲ
2783 3761 2882 3831 τὴν
2926 3762 3178 3836 τελευτὴν
3245 3765 3488 3820 Ἰωάννου
3513 3807 3526 3829 ,
3582 3769 3683 3840 τὴν

2129 3846 2341 3918 Ἑλένην
2356 3850 2382 3900 ὁ
2400 3849 2578 3921 Σίμων
2595 3850 2943 3922 παραλαϐὼν,
2966 3855 3328 3926 περιέρχεται,
3349 3858 3473 3920 τοὺς
3491 3856 3682 3929 ὄχλους

2113 3937 2448 4002 ἀναστατῶν,
2501 3941 2671 4012 αὐτήν
2712 3960 2771 3995 τε
2814 3944 2911 4015 τὴν
2950 3944 3164 4017 Ἑλένην
3215 3947 3386 4016 λέγων
3426 3949 3534 4002 ἀπὸ
3570 3953 3680 4002 τὶιν

2114 4030 2369 4083 ἀνωτάτω
2395 4032 2637 4102 οὐρανῶν
2667 4035 3048 4106 κατενεχθῆναι
3073 4036 3150 4106 τῷ
3185 4039 3400 4109 κόσμῳ·
3428 4035 3496 4110 ἦς
3517 4041 3684 4094 ἕνεκα.

2116 4121 2370 4191 Ἕλληνές
2391 4140 2471 4187 τε,
2510 4125 2661 4194 φησὶ,
2689 4127 2782 4179 καὶ
2821 4125 3456 4200 βάρϐαροιέμαχέσαντο,
3499 4131 3678 4185 εἰκόνα

2112 4212 2502 4279 φαντασθέντες
2528 4214 2778 4285 ἀληθείας
2796 4233 2809 4245 °
2841 4219 2932 4270 καὶ
2962 4218 3128 4272 πολλὰ
3161 4220 3436 4290 τερατώδη
3468 4220 3680 4292 θαυμά-

2113 4317 2202 4354 σια
2223 4303 2410 4366 ποιῶν,
2442 4304 2517 4366 ὡς
2543 4307 2589 4358 εί
2618 4305 2694 4375 μὴ
2727 4305 2944 4376 ᾔδειμεν
2968 4308 3047 4361 ὅτι
3084 4308 3279 4380 μαγείᾳ
3308 4310 3479 4364 ταῦτα
3513 4313 3677 4374 ποιεῖ,

2111 4395 2470 4466 ὴπατήθημεν
2497 4398 2562 4450 ἂν
2597 4400 2690 4450 καὶ
2729 4401 2902 4453 αὐτοί.
2934 4400 3044 4452 Νῦν
3075 4401 3131 4454 δὲ
3167 4403 3253 4455 ὅτε
3293 4403 3605 4475 πολυμανὴς
3629 4404 3679 4438 ⁷⁸

451 4502 620 4542 sanus
649 4486 738 4542 ille
768 4488 937 4542 voluit
973 4488 1137 4542 etiam
1175 4488 1456 4557 imponere
1507 4490 1822 4545 hominibus
1877 4491 2007 4546 reli-

2125 4489 2320 4559 ὶπατᾷν
2355 4490 2511 4560 ἤθελε
2549 4492 2641 4544 καὶ
2677 4493 2802 4555 τοὺς
2824 4495 2881 4544 ἐν
2911 4493 3207 4565 Θεοσεϐείᾳ,
3237 4468 3679 4566 ἀπέστημεν-ἀπ’

450 4577 636 4646 g‘iosis,
663 4577 732 4631 ab
759 4592 825 4632 eo
848 4580 1194 4633 secessimus.
1223 4577 1433 4633 Etenim
1465 4582 1609 4634 caede
1630 4596 1686 4635 se
1723 4583 2008 4652 inquinare

450 4678 720 4737 ccepcrat;
754 4669 894 4722 sicut
920 4671 1076 4725 nobis
1098 4671 1277 4725 adhuc
1300 4672 1491 4727 amicis
1521 4671 1665 4726 velut
1688 4675 1896 4728 amicus
1922 4691 2011 4743 pa-

452 4755 669 4821 tefecit;
701 4757 846 4826 quod
868 4773 992 4812 cum
1025 4759 1178 4828 pueri
1216 4760 1453 4814 animam
1486 4777 1516 4814 a
1545 4777 1646 4814 suo
1669 4778 1894 4831 corpore
1924 4780 2009 4818 se-

2111 4579 2293 4632 αῦτοῦ.
2315 4581 2422 4634 Καὶ
2443 4579 2550 4653 γὰρ
2574 4586 2870 4653 μιαιφονεῖν
2889 4583 3109 4655 ἢρξατο,
3130 4586 3204 4648 ὼς
3223 4578 3380 4650 αὐτὸς
3410 4588 3489 4640 ἔτι
3502 4588 3677 4656 φίλοις

2112 4673 2261 4729 οὖσιν
2290 4678 2419 4748 ἡμῖν
2443 4673 2530 4732 οἷα
2564 4679 2713 4748 φίλος
2732 4679 3009 4749 ἐξέφανεν,
3035 4685 3115 4735 ὅτι
3142 4683 3350 4736 παιδίου
3373 4685 3549 4756 ψυχὴν
3579 4686 3675 4739 τοῦ

2117 4763 2244 4815 ἰδίου
2277 4763 2794 4838 σώματοςχωρίσας,
2820 4768 3152 4842 ἀπορρήτοις
3183 4771 3364 4842 ὅρκοις
3385 4771 3517 4832 τισὶ,
3549 4790 3675 4825 συνο

449 4855 718 4920 parasset,
742 4846 979 4903 infandis
1003 4850 1328 4919 quibusdam
1358 4851 1746 4920 adjuramentis
1771 4853 2015 4908 fulturam‘

2125 4859 2272 4928 ῑργὺν
2310 4859 2444 4930 πρὸς
2464 4862 2562 4931 τὴν
2594 4861 2702 4914 τῶν
2727 4861 2873 4932 αὐτῷ
2904 4863 3198 4917 δοκούντων
3228 4866 3550 4933 φαντασίαν,
3581 4866 3673 4920 τὸν

448 4937 772 5009 adiutricem
803 4939 872 4993 ad
897 4952 1086 4994 eorum
1113 4954 1234 5010 quae
1261 4941 1374 5011 ipse
1399 4942 1558 4997 vellet
1578 4945 2008 5012 repraesentatio-

2112 4948 2276 5002 παῖδα
2288 4949 2588 5022 διαγράψας
2599 4953 2692 5004 ἐπὶ
2701 4970 2726 5005 ε
2734 4953 2988 5019 ῑκόνος,ἑν
2999 4973 3026 5008 τ
3035 4973 3104 5010 ινι
3113 4956 3287 5033 ὲνδοτέ
3292 4974 3324 5028 ρ
3333 4975 3377 5028 ῳ
3389 4959 3669 5028 οἵκῳ,καθ’

1704 5085 1935 5138 νΑΒΙᾸΞ
1975 5086 2377 5147 LECTIONES.

485 5173 533 5205 ⁸⁸
556 5171 807 5229 Clement.
835 5171 1008 5224 hom?
1029 5187 1089 5231 ιι,
1118 5184 1219 5234 cap
1277 5168 1363 5227 18.
1390 5168 1480 5235 21,
1505 5180 1610 5225 etc.
1709 5171 1752 5203 "
1777 5171 1837 5224 Σί

415 5243 585 5308 ἔθνος.
683 5243 728 5276 ⁹¹
757 5243 826 5298 al.
859 5240 1078 5314 Γητθῶν
1109 5248 1162 5314 et
1182 5237 1470 5314 ΓητθώνἈ
1514 5242 1559 5314 ⁷ῗ
1587 5239 1658 5314 al.
1687 5237 1961 5314 det&_m.

414 5386 461 5417 ’⁸
492 5386 562 5441 al.
594 5373 728 5441 πολὺ
763 5373 952 5459 μανείς
979 5393 1032 5439 et
1054 5380 1401 5453 πολυμανείς.

1931 5188 1958 5223 ν
1989 5164 2101 5224 οὖν.
2129 5171 2200 5224 al.
2231 5171 2289 5224 Σί

2061 5240 2107 5272 ⁷³
2140 5241 2210 5294 al.
2249 5237 2500 5294 Clement.
2537 5237 2706 5294 inser.
2739 5238 2967 5293 ἑστῶτα.

414 5315 463 5387 τε
491 5316 561 5370 al.
591 5315 697 5387 ἰδίᾳ
721 5308 984 5387 προλήψει
1016 5322 1072 5367 ut
1098 5308 1352 5387 Qlemeitt.
1427 5312 1473 5343 "
1505 5313 1575 5368 al.
1603 5312 1683 5376 είς
1705 5314 1798 5365 τὸν
1829 5308 1947 5385 τῆς.
2021 5310 2065 5342 ⁷⁷
2094 5309 2349 5365 Clamant.
2386 5311 2530 5364 hom.
2572 5323 2632 5374 ll,
2670 5325 2720 5364 c.
2753 5309 2843 5362 25.
2882 5308 3146 5379 Recognit.
3183 5309 3218 5363 l.
3254 5325 3314 5374 tt,
3339 5308 3388 5364 ε.

2382 5187 2410 5221 ν
2437 5163 2609 5231 οὗτος,
2637 5177 2696 5222 ut
2726 5166 3036 5223 Clementia.
3069 5185 3128 5230 ll,
3159 5167 3250 5222 22.
3281 5166 3419 5234 Co'r.
3516 5169 3564 5201 '°
3599 5169 3672 5227 al.

2382 5247 2500 5293 teut.
2537 5237 2706 5293 inser.
2739 5238 2967 5293 ἑστῶτα.
3070 5241 3115 5270 ⁷⁸⁵
3141 5239 3208 5291 al.
3251 5238 3669 5293 ἐγερθήσεσθαι.

3141 5255 3208 5291 at.
3251 5255 3669 5296 εγεουησεσυαι.

3280 5254 3669 5364 γερυησεσυαι.

3280 5326 3388 5369 t,c.
3459 5309 3514 5369 9..
3561 5321 3669 5366 etc.

1710 5488 2071 5547 VARIORUM
2101 5489 2331 5546 ΝΟΤᾸΞ.

518 5615 608 5697 ,(8)
635 5615 888 5697 Χριστὸς
908 5614 1122 5668 ἑαυτὸν
1142 5615 1540 5697 μίκιττόμνος
1565 5617 2004 5697 ,προσαγομεύειε

463 5685 656 5740 Mirum
683 5687 746 5755 lin
779 5686 926 5739 nullo
949 5685 1244 5755 exemplari
1286 5693 1408 5737 ante
1435 5685 1829 5755 προσαγορεύει
1881 5685 2006 5755 poni

440 5749 692 5817 ’Ἐστῶταξ
720 5755 863 5824 quod
895 5749 964 5809 et
995 5749 1320 5812 Clearcnliom
1360 5749 1577 5809 habent.
1623 5749 1692 5808 et-
1725 5749 2006 5812 scauéntiu

2116 5627 2410 5690 postulant.
2454 5618 2538 5690 _At_i
2569 5629 2754 5690 vocem
2788 5615 3195 5690 non‘intellexit
3229 5618 3627 5690 metaphrastet
3651 5627 3680 5679 τ

2117 5681 2246 5740 Vide
2271 5702 2370 5741 nos
2401 5687 2466 5741 ad
2501 5686 2765 5755 Recognit.
2795 5686 2830 5740 l.
2858 5701 3026 5740 Lxxn.
3057 5685 3194 5743 Cor.
