  <div class='ocr_page' id='page_1' title='image "/cluster/home/n/w/nwhite01/storage/ocr_20150623/2/hvd.32044073501249/252.png"; bbox 0 0 4022 6336; ppageno 0'>
   <div class='ocr_carea' id='block_1_1' title="bbox 286 356 395 416">
    <p class='ocr_par' dir='ltr' id='par_1_1' title="bbox 286 356 395 416">
     <span class='ocr_line' id='line_1_1' title="bbox 286 356 395 416; baseline 0.009 -1"><span class='ocrx_word' id='word_1_1' title='bbox 286 356 395 416; x_wconf 62' lang='lat'><strong>493</strong></span> 
     </span>
    </p>
   </div>
   <div class='ocr_carea' id='block_1_2' title="bbox 1084 343 2752 410">
    <p class='ocr_par' dir='ltr' id='par_1_2' title="bbox 1084 343 2752 410">
     <span class='ocr_line' id='line_1_2' title="bbox 1084 343 2752 410; baseline -0.005 -1"><span class='ocrx_word' id='word_1_2' title='bbox 1084 353 1547 410; x_wconf 74' lang='lat' dir='ltr'><strong>CLEMENTINA.</strong></span> <span class='ocrx_word' id='word_1_3' title='bbox 1589 382 1655 392; x_wconf 92' lang='lat'><strong>—</strong></span> <span class='ocrx_word' id='word_1_4' title='bbox 1694 348 1991 406; x_wconf 78' lang='lat' dir='ltr'><strong>EPITOME</strong></span> <span class='ocrx_word' id='word_1_5' title='bbox 2032 349 2116 402; x_wconf 82' lang='lat' dir='ltr'><strong>DF.</strong></span> <span class='ocrx_word' id='word_1_6' title='bbox 2153 345 2396 403; x_wconf 78' lang='lat' dir='ltr'><strong>CESTIS</strong></span> <span class='ocrx_word' id='word_1_7' title='bbox 2432 346 2489 399; x_wconf 85' lang='lat' dir='ltr'><strong>S.</strong></span> <span class='ocrx_word' id='word_1_8' title='bbox 2528 343 2752 400; x_wconf 83' lang='lat' dir='ltr'><strong>PETRI.</strong></span> 
     </span>
    </p>
   </div>
   <div class='ocr_carea' id='block_1_3' title="bbox 3423 335 3524 402">
    <p class='ocr_par' dir='ltr' id='par_1_3' title="bbox 3423 335 3524 402">
     <span class='ocr_line' id='line_1_3' title="bbox 3423 335 3524 402; baseline 0 0"><span class='ocrx_word' id='word_1_9' title='bbox 3423 335 3524 402; x_wconf 61' lang='lat' dir='ltr'><strong>{at</strong></span> 
     </span>
    </p>
   </div>
   <div class='ocr_carea' id='block_1_4' title="bbox 282 462 1878 547">
    <p class='ocr_par' dir='ltr' id='par_1_4' title="bbox 282 466 1863 547">
     <span class='ocr_line' id='line_1_4' title="bbox 282 466 1863 547; baseline -0.011 -10"><span class='ocrx_word' id='word_1_10' title='bbox 282 483 347 537; x_wconf 77' lang='grc' dir='ltr'><strong>ὃν</strong></span> <span class='ocrx_word' id='word_1_11' title='bbox 362 482 523 545; x_wconf 73' lang='grc' dir='ltr'><strong>αὐτὸς</strong></span> <span class='ocrx_word' id='word_1_12' title='bbox 542 479 721 541; x_wconf 74' lang='grc' dir='ltr'><strong>ὑπνοῖ,</strong></span> <span class='ocrx_word' id='word_1_13' title='bbox 748 474 1169 547; x_wconf 76' lang='grc' dir='ltr'><strong>ἀνατεθειμένην</strong></span> <span class='ocrx_word' id='word_1_14' title='bbox 1199 471 1329 543; x_wconf 76' lang='grc' dir='ltr'><strong>ἔχει.</strong></span> <span class='ocrx_word' id='word_1_15' title='bbox 1359 470 1468 535; x_wconf 84' lang='grc' dir='ltr'><strong>Διδ,</strong></span> <span class='ocrx_word' id='word_1_16' title='bbox 1494 466 1747 523; x_wconf 74' lang='grc' dir='ltr'><strong>ἀσέϐειάν</strong></span> <span class='ocrx_word' id='word_1_17' title='bbox 1767 468 1863 520; x_wconf 77' lang='grc' dir='ltr'><strong>αύ-</strong></span> 
     </span>
    </p>
   </div>
   <div class='ocr_carea' id='block_1_5' title="bbox 1959 462 3526 547">
    <p class='ocr_par' dir='ltr' id='par_1_5' title="bbox 1968 462 3526 536">
     <span class='ocr_line' id='line_1_5' title="bbox 1968 462 3526 536; baseline 0.003 -18"><span class='ocrx_word' id='word_1_18' title='bbox 1968 481 2125 531; x_wconf 89' lang='lat' dir='ltr'><strong>nem;</strong></span> <span class='ocrx_word' id='word_1_19' title='bbox 2150 479 2319 536; x_wconf 90' lang='lat' dir='ltr'><strong>puero</strong></span> <span class='ocrx_word' id='word_1_20' title='bbox 2343 465 2394 517; x_wconf 91' lang='lat' dir='ltr'><strong>in</strong></span> <span class='ocrx_word' id='word_1_21' title='bbox 2425 463 2661 534; x_wconf 83' lang='lat' dir='ltr'><strong>imagine</strong></span> <span class='ocrx_word' id='word_1_22' title='bbox 2691 462 2983 525; x_wconf 85' lang='lat' dir='ltr'><strong>deliueato.</strong></span> <span class='ocrx_word' id='word_1_23' title='bbox 3018 475 3394 520; x_wconf 74' lang='lat' dir='ltr'><strong>consecratam</strong></span> <span class='ocrx_word' id='word_1_24' title='bbox 3429 468 3526 522; x_wconf 84' lang='lat' dir='ltr'><strong>ba—</strong></span> 
     </span>
    </p>
   </div>
   <div class='ocr_carea' id='block_1_6' title="bbox 281 549 1471 640">
    <p class='ocr_par' dir='ltr' id='par_1_6' title="bbox 281 549 1471 640">
     <span class='ocr_line' id='line_1_6' title="bbox 281 549 1471 640; baseline -0.012 -13"><span class='ocrx_word' id='word_1_25' title='bbox 281 574 381 627; x_wconf 80' lang='grc' dir='ltr'><strong>τοῦ</strong></span> <span class='ocrx_word' id='word_1_26' title='bbox 410 570 794 640; x_wconf 75' lang='grc' dir='ltr'><strong>καταγνόντες,</strong></span> <span class='ocrx_word' id='word_1_27' title='bbox 820 549 1137 637; x_wconf 76' lang='grc' dir='ltr'><strong>ἀπέστημεν</strong></span> <span class='ocrx_word' id='word_1_28' title='bbox 1157 565 1251 617; x_wconf 80' lang='grc' dir='ltr'><strong>ἀπ’</strong></span> <span class='ocrx_word' id='word_1_29' title='bbox 1287 560 1471 615; x_wconf 73' lang='grc' dir='ltr'><strong>αὐτοῦ,</strong></span> 
     </span>
    </p>
   </div>
   <div class='ocr_carea' id='block_1_7' title="bbox 357 818 1860 895">
    <p class='ocr_par' dir='ltr' id='par_1_7' title="bbox 357 818 1860 895">
     <span class='ocr_line' id='line_1_7' title="bbox 357 818 1860 895; baseline -0.008 -7"><span class='ocrx_word' id='word_1_30' title='bbox 357 833 449 889; x_wconf 82' lang='lat' dir='ltr'><strong>XX</strong></span> <span class='ocrx_word' id='word_1_31' title='bbox 460 830 595 886; x_wconf 68' lang='lat' dir='ltr'><strong>VIII.</strong></span> <span class='ocrx_word' id='word_1_32' title='bbox 633 830 814 885; x_wconf 81' lang='grc' dir='ltr'><strong>Ταῦτα</strong></span> <span class='ocrx_word' id='word_1_33' title='bbox 836 828 929 882; x_wconf 78' lang='grc' dir='ltr'><strong>τοῦ</strong></span> <span class='ocrx_word' id='word_1_34' title='bbox 965 828 1162 881; x_wconf 82' lang='grc' dir='ltr'><strong>Ἀκύλα</strong></span> <span class='ocrx_word' id='word_1_35' title='bbox 1192 826 1453 889; x_wconf 85' lang='grc' dir='ltr'><strong>εἰπόντος,</strong></span> <span class='ocrx_word' id='word_1_36' title='bbox 1476 824 1504 877; x_wconf 88' lang='grc' dir='ltr'><strong>ό</strong></span> <span class='ocrx_word' id='word_1_37' title='bbox 1522 818 1746 895; x_wconf 84' lang='grc' dir='ltr'><strong>ἀδελφὸς</strong></span> <span class='ocrx_word' id='word_1_38' title='bbox 1770 824 1860 877; x_wconf 83' lang='grc' dir='ltr'><strong>αύ-</strong></span> 
     </span>
    </p>
   </div>
   <div class='ocr_carea' id='block_1_8' title="bbox 274 915 1858 996">
    <p class='ocr_par' dir='ltr' id='par_1_8' title="bbox 274 915 1858 996">
     <span class='ocr_line' id='line_1_8' title="bbox 274 915 1858 996; baseline -0.008 -14"><span class='ocrx_word' id='word_1_39' title='bbox 274 928 379 982; x_wconf 67' lang='grc' dir='ltr'>τοῦ</span> <span class='ocrx_word' id='word_1_40' title='bbox 424 924 692 996; x_wconf 76' lang='grc' dir='ltr'><strong>Νικήτης·</strong></span> <span class='ocrx_word' id='word_1_41' title='bbox 750 923 1088 990; x_wconf 70' lang='grc' dir='ltr'><strong>Ἀναγκαῖον,</strong></span> <span class='ocrx_word' id='word_1_42' title='bbox 1130 915 1325 990; x_wconf 81' lang='grc' dir='ltr'><strong>ἀδελφέ</strong></span> <span class='ocrx_word' id='word_1_43' title='bbox 1356 915 1578 990; x_wconf 81' lang='grc' dir='ltr'><strong>Κλήμη,</strong></span> <span class='ocrx_word' id='word_1_44' title='bbox 1619 918 1744 988; x_wconf 76' lang='grc' dir='ltr'><strong>ἔφη,</strong></span> <span class='ocrx_word' id='word_1_45' title='bbox 1790 916 1858 970; x_wconf 84' lang='grc' dir='ltr'><strong>τὰ</strong></span> 
     </span>
    </p>
   </div>
   <div class='ocr_carea' id='block_1_9' title="bbox 278 1010 1857 1090">
    <p class='ocr_par' dir='ltr' id='par_1_9' title="bbox 278 1010 1857 1090">
     <span class='ocr_line' id='line_1_9' title="bbox 278 1010 1857 1090; baseline -0.006 -18"><span class='ocrx_word' id='word_1_46' title='bbox 278 1015 721 1090; x_wconf 73' lang='grc' dir='ltr'><strong>παραλειφθέντα</strong></span> <span class='ocrx_word' id='word_1_47' title='bbox 760 1013 838 1085; x_wconf 84' lang='grc' dir='ltr'><strong>τῷ</strong></span> <span class='ocrx_word' id='word_1_48' title='bbox 877 1013 1075 1085; x_wconf 78' lang='grc' dir='ltr'><strong>Ἀκύλᾳ</strong></span> <span class='ocrx_word' id='word_1_49' title='bbox 1119 1012 1215 1083; x_wconf 79' lang='grc' dir='ltr'><strong>ἐμὲ</strong></span> <span class='ocrx_word' id='word_1_50' title='bbox 1259 1011 1590 1083; x_wconf 78' lang='grc' dir='ltr'><strong>ὑπομνῆσαι.</strong></span> <span class='ocrx_word' id='word_1_51' title='bbox 1635 1010 1857 1082; x_wconf 85' lang='grc' dir='ltr'><strong>Πρῶτον</strong></span> 
     </span>
    </p>
   </div>
   <div class='ocr_carea' id='block_1_10' title="bbox 279 1098 1860 1180">
    <p class='ocr_par' dir='ltr' id='par_1_10' title="bbox 279 1098 1860 1180">
     <span class='ocr_line' id='line_1_10' title="bbox 279 1098 1860 1180; baseline -0.005 -17"><span class='ocrx_word' id='word_1_52' title='bbox 279 1111 387 1180; x_wconf 77' lang='grc' dir='ltr'><strong>μὲν</strong></span> <span class='ocrx_word' id='word_1_53' title='bbox 412 1109 522 1180; x_wconf 80' lang='grc' dir='ltr'><strong>γὰρ</strong></span> <span class='ocrx_word' id='word_1_54' title='bbox 540 1110 569 1161; x_wconf 86' lang='grc' dir='ltr'><strong>ὁ</strong></span> <span class='ocrx_word' id='word_1_55' title='bbox 596 1106 727 1171; x_wconf 80' lang='grc' dir='ltr'><strong>Θεὸς</strong></span> <span class='ocrx_word' id='word_1_56' title='bbox 758 1106 985 1178; x_wconf 83' lang='grc' dir='ltr'><strong>μάρτυς,</strong></span> <span class='ocrx_word' id='word_1_57' title='bbox 1012 1098 1086 1168; x_wconf 79' lang='grc' dir='ltr'><strong>ὼς</strong></span> <span class='ocrx_word' id='word_1_58' title='bbox 1108 1104 1257 1158; x_wconf 79' lang='grc' dir='ltr'><strong>οὐδὲν</strong></span> <span class='ocrx_word' id='word_1_59' title='bbox 1278 1103 1440 1158; x_wconf 79' lang='grc' dir='ltr'><strong>αὐτοῦ</strong></span> <span class='ocrx_word' id='word_1_60' title='bbox 1460 1105 1621 1175; x_wconf 78' lang='grc' dir='ltr'><strong>ἡμεῖς</strong></span> <span class='ocrx_word' id='word_1_61' title='bbox 1651 1118 1860 1174; x_wconf 86' lang='grc' dir='ltr'><strong>συνειρ-</strong></span> 
     </span>
    </p>
   </div>
   <div class='ocr_carea' id='block_1_11' title="bbox 273 1188 1857 1271">
    <p class='ocr_par' dir='ltr' id='par_1_11' title="bbox 273 1188 1857 1271">
     <span class='ocr_line' id='line_1_11' title="bbox 273 1188 1857 1271; baseline -0.008 -16"><span class='ocrx_word' id='word_1_62' title='bbox 273 1199 572 1271; x_wconf 84' lang='grc' dir='ltr'><strong>γασάμεθα</strong></span> <span class='ocrx_word' id='word_1_63' title='bbox 594 1197 806 1262; x_wconf 77' lang='grc' dir='ltr'><strong>ἀσεϐὲς,</strong></span> <span class='ocrx_word' id='word_1_64' title='bbox 841 1196 952 1251; x_wconf 78' lang='grc' dir='ltr'><strong>ἀλλ’</strong></span> <span class='ocrx_word' id='word_1_65' title='bbox 979 1197 1060 1249; x_wconf 84' lang='grc' dir='ltr'><strong>ὅτι</strong></span> <span class='ocrx_word' id='word_1_66' title='bbox 1084 1193 1248 1248; x_wconf 81' lang='grc' dir='ltr'><strong>αὐτοῦ</strong></span> <span class='ocrx_word' id='word_1_67' title='bbox 1280 1194 1618 1265; x_wconf 78' lang='grc' dir='ltr'><strong>πράσσοντος</strong></span> <span class='ocrx_word' id='word_1_68' title='bbox 1640 1188 1857 1263; x_wconf 82' lang='grc' dir='ltr'><strong>ἱστορή-</strong></span> 
     </span>
    </p>
   </div>
   <div class='ocr_carea' id='block_1_12' title="bbox 274 1283 1855 1365">
    <p class='ocr_par' dir='ltr' id='par_1_12' title="bbox 274 1283 1855 1365">
     <span class='ocr_line' id='line_1_12' title="bbox 274 1283 1855 1365; baseline -0.006 -19"><span class='ocrx_word' id='word_1_69' title='bbox 274 1311 477 1365; x_wconf 80' lang='grc' dir='ltr'><strong>σαμεν.</strong></span> <span class='ocrx_word' id='word_1_70' title='bbox 517 1293 629 1347; x_wconf 71' lang='grc' dir='ltr'><strong>Καὶ</strong></span> <span class='ocrx_word' id='word_1_71' title='bbox 672 1285 864 1363; x_wconf 74' lang='grc' dir='ltr'><strong>μέχρις</strong></span> <span class='ocrx_word' id='word_1_72' title='bbox 905 1291 992 1343; x_wconf 81' lang='grc' dir='ltr'><strong>ὅτε</strong></span> <span class='ocrx_word' id='word_1_73' title='bbox 1025 1283 1236 1359; x_wconf 73' lang='grc' dir='ltr'><strong>ἀϐλαϐῆ</strong></span> <span class='ocrx_word' id='word_1_74' title='bbox 1282 1288 1447 1341; x_wconf 80' lang='grc' dir='ltr'><strong>ποιῶν</strong></span> <span class='ocrx_word' id='word_1_75' title='bbox 1480 1287 1855 1348; x_wconf 82' lang='grc' dir='ltr'><strong>ἐπεδείκνυτο,</strong></span> 
     </span>
    </p>
   </div>
   <div class='ocr_carea' id='block_1_13' title="bbox 275 1376 1856 1457">
    <p class='ocr_par' dir='ltr' id='par_1_13' title="bbox 275 1376 1856 1457">
     <span class='ocr_line' id='line_1_13' title="bbox 275 1376 1856 1457; baseline -0.006 -18"><span class='ocrx_word' id='word_1_76' title='bbox 275 1384 657 1457; x_wconf 79' lang='grc' dir='ltr'><strong>ἐτερπόμεθα·</strong></span> <span class='ocrx_word' id='word_1_77' title='bbox 685 1384 772 1436; x_wconf 85' lang='grc' dir='ltr'><strong>ὅτε</strong></span> <span class='ocrx_word' id='word_1_78' title='bbox 798 1381 855 1436; x_wconf 82' lang='grc' dir='ltr'><strong>δὲ</strong></span> <span class='ocrx_word' id='word_1_79' title='bbox 886 1381 954 1435; x_wconf 78' lang='grc' dir='ltr'><strong>τὰ</strong></span> <span class='ocrx_word' id='word_1_80' title='bbox 973 1381 1173 1452; x_wconf 78' lang='grc' dir='ltr'><strong>μαγείᾳ</strong></span> <span class='ocrx_word' id='word_1_81' title='bbox 1205 1378 1311 1433; x_wconf 64' lang='lat' dir='ltr'><strong>nvi.</strong></span> <span class='ocrx_word' id='word_1_82' title='bbox 1342 1378 1618 1450; x_wconf 84' lang='grc' dir='ltr'><strong>γινόμενα,</strong></span> <span class='ocrx_word' id='word_1_83' title='bbox 1647 1376 1856 1448; x_wconf 85' lang='grc' dir='ltr'><strong>θεότητι</strong></span> 
     </span>
    </p>
   </div>
   <div class='ocr_carea' id='block_1_14' title="bbox 276 1466 1856 1548">
    <p class='ocr_par' dir='ltr' id='par_1_14' title="bbox 276 1466 1856 1548">
     <span class='ocr_line' id='line_1_14' title="bbox 276 1466 1856 1548; baseline -0.004 -18"><span class='ocrx_word' id='word_1_84' title='bbox 276 1477 457 1531; x_wconf 79' lang='grc' dir='ltr'><strong>ποιεῖν</strong></span> <span class='ocrx_word' id='word_1_85' title='bbox 491 1477 631 1548; x_wconf 78' lang='grc' dir='ltr'><strong>πρὸς</strong></span> <span class='ocrx_word' id='word_1_86' title='bbox 656 1474 873 1546; x_wconf 82' lang='grc' dir='ltr'><strong>ἀπάτην</strong></span> <span class='ocrx_word' id='word_1_87' title='bbox 909 1472 1175 1527; x_wconf 78' lang='grc' dir='ltr'><strong>θεοσεϐὦν</strong></span> <span class='ocrx_word' id='word_1_88' title='bbox 1209 1472 1414 1541; x_wconf 81' lang='grc' dir='ltr'><strong>ἔλεγεν,</strong></span> <span class='ocrx_word' id='word_1_89' title='bbox 1452 1466 1552 1524; x_wconf 78' lang='grc' dir='ltr'><strong>οὐκ</strong></span> <span class='ocrx_word' id='word_1_90' title='bbox 1586 1470 1664 1523; x_wconf 78' lang='grc' dir='ltr'><strong>ἐτι</strong></span> <span class='ocrx_word' id='word_1_91' title='bbox 1693 1468 1856 1524; x_wconf 76' lang='grc' dir='ltr'><strong>αὑτοῦ</strong></span> 
     </span>
    </p>
   </div>
   <div class='ocr_carea' id='block_1_15' title="bbox 275 1558 1852 1638">
    <p class='ocr_par' dir='ltr' id='par_1_15' title="bbox 275 1558 1852 1638">
     <span class='ocr_line' id='line_1_15' title="bbox 275 1558 1852 1638; baseline -0.005 -18"><span class='ocrx_word' id='word_1_92' title='bbox 275 1567 661 1638; x_wconf 74' lang='grc' dir='ltr'><strong>ἠνεσχόμεθα,</strong></span> <span class='ocrx_word' id='word_1_93' title='bbox 722 1566 898 1618; x_wconf 85' lang='grc' dir='ltr'><strong>καίτοι</strong></span> <span class='ocrx_word' id='word_1_94' title='bbox 945 1563 1116 1616; x_wconf 79' lang='grc' dir='ltr'><strong>πολλὰ</strong></span> <span class='ocrx_word' id='word_1_95' title='bbox 1170 1565 1299 1633; x_wconf 82' lang='grc' dir='ltr'><strong>ἡμῖν</strong></span> <span class='ocrx_word' id='word_1_96' title='bbox 1353 1558 1852 1631; x_wconf 78' lang='grc' dir='ltr'><strong>ἐπαγγελλομένου·</strong></span> 
     </span>
    </p>
   </div>
   <div class='ocr_carea' id='block_1_16' title="bbox 276 1652 1854 1729">
    <p class='ocr_par' dir='ltr' id='par_1_16' title="bbox 276 1652 1854 1729">
     <span class='ocr_line' id='line_1_16' title="bbox 276 1652 1854 1729; baseline -0.002 -21"><span class='ocrx_word' id='word_1_97' title='bbox 276 1658 494 1729; x_wconf 77' lang='grc' dir='ltr'><strong>πρῶτον</strong></span> <span class='ocrx_word' id='word_1_98' title='bbox 524 1657 624 1727; x_wconf 82' lang='grc' dir='ltr'><strong>μὲν</strong></span> <span class='ocrx_word' id='word_1_99' title='bbox 668 1657 794 1712; x_wconf 74' lang='grc' dir='ltr'><strong>ναὸν</strong></span> <span class='ocrx_word' id='word_1_100' title='bbox 837 1656 930 1709; x_wconf 81' lang='grc' dir='ltr'><strong>καὶ</strong></span> <span class='ocrx_word' id='word_1_101' title='bbox 969 1655 1294 1726; x_wconf 81' lang='grc' dir='ltr'><strong>ἀνδριάντας</strong></span> <span class='ocrx_word' id='word_1_102' title='bbox 1325 1652 1480 1724; x_wconf 81' lang='grc' dir='ltr'><strong>ἡμῶν</strong></span> <span class='ocrx_word' id='word_1_103' title='bbox 1509 1664 1854 1705; x_wconf 85' lang='grc' dir='ltr'><strong>κατασκευα-</strong></span> 
     </span>
    </p>
   </div>
   <div class='ocr_carea' id='block_1_17' title="bbox 278 1740 1852 1819">
    <p class='ocr_par' dir='ltr' id='par_1_17' title="bbox 278 1740 1852 1819">
     <span class='ocr_line' id='line_1_17' title="bbox 278 1740 1852 1819; baseline -0.005 -16"><span class='ocrx_word' id='word_1_104' title='bbox 278 1749 495 1819; x_wconf 79' lang='grc' dir='ltr'><strong>σθῆναι,</strong></span> <span class='ocrx_word' id='word_1_105' title='bbox 532 1748 626 1801; x_wconf 73' lang='grc' dir='ltr'><strong>καὶ</strong></span> <span class='ocrx_word' id='word_1_106' title='bbox 658 1747 810 1810; x_wconf 70' lang='grc' dir='ltr'><strong>θεοὺς</strong></span> <span class='ocrx_word' id='word_1_107' title='bbox 830 1746 1150 1817; x_wconf 83' lang='grc' dir='ltr'><strong>νομισθῆναι</strong></span> <span class='ocrx_word' id='word_1_108' title='bbox 1184 1745 1253 1811; x_wconf 76' lang='grc' dir='ltr'><strong>⁸ο,</strong></span> <span class='ocrx_word' id='word_1_109' title='bbox 1281 1746 1374 1799; x_wconf 71' lang='grc' dir='ltr'><strong>καὶ</strong></span> <span class='ocrx_word' id='word_1_110' title='bbox 1399 1744 1505 1798; x_wconf 79' lang='grc' dir='ltr'><strong>ὑπὸ</strong></span> <span class='ocrx_word' id='word_1_111' title='bbox 1528 1740 1790 1814; x_wconf 82' lang='grc' dir='ltr'><strong>βασιλέων</strong></span> <span class='ocrx_word' id='word_1_112' title='bbox 1810 1743 1852 1774; x_wconf 80' lang='grc'><strong>⁸¹</strong></span> 
     </span>
    </p>
   </div>
   <div class='ocr_carea' id='block_1_18' title="bbox 274 1811 1930 1910">
    <p class='ocr_par' dir='ltr' id='par_1_18' title="bbox 274 1811 1930 1910">
     <span class='ocr_line' id='line_1_18' title="bbox 274 1811 1930 1910; baseline -0.003 -17"><span class='ocrx_word' id='word_1_113' title='bbox 274 1811 626 1909; x_wconf 71' lang='grc' dir='ltr'><strong>δοξάσθῆναι,</strong></span> <span class='ocrx_word' id='word_1_114' title='bbox 655 1840 746 1892; x_wconf 69' lang='grc' dir='ltr'><strong>καὶ</strong></span> <span class='ocrx_word' id='word_1_115' title='bbox 778 1811 1059 1908; x_wconf 29' lang='grc' dir='ltr'><strong>δημοσίων,</strong></span> <span class='ocrx_word' id='word_1_116' title='bbox 1089 1835 1264 1910; x_wconf 85' lang='grc' dir='ltr'><strong>τιμῶν</strong></span> <span class='ocrx_word' id='word_1_117' title='bbox 1304 1811 1728 1906; x_wconf 81' lang='grc' dir='ltr'><strong>καταξιωθῆναι,</strong></span> <span class='ocrx_word' id='word_1_118' title='bbox 1763 1830 1858 1889; x_wconf 68' lang='grc' dir='ltr'><strong>καὶ</strong></span> <span class='ocrx_word' id='word_1_119' title='bbox 1889 1811 1930 1865; x_wconf 75' lang='grc' dir='ltr'><strong>Β</strong></span> 
     </span>
    </p>
   </div>
   <div class='ocr_carea' id='block_1_19' title="bbox 276 1924 1331 2003">
    <p class='ocr_par' dir='ltr' id='par_1_19' title="bbox 276 1924 1331 2003">
     <span class='ocr_line' id='line_1_19' title="bbox 276 1924 1331 2003; baseline -0.004 -19"><span class='ocrx_word' id='word_1_120' title='bbox 276 1933 556 2003; x_wconf 80' lang='grc' dir='ltr'><strong>χρήμασιν</strong></span> <span class='ocrx_word' id='word_1_121' title='bbox 582 1924 984 2001; x_wconf 85' lang='grc' dir='ltr'><strong>ἀπεριορίστοις</strong></span> <span class='ocrx_word' id='word_1_122' title='bbox 1011 1928 1331 1998; x_wconf 79' lang='grc' dir='ltr'><strong>πλουτῆσαι.</strong></span> 
     </span>
    </p>
   </div>
   <div class='ocr_carea' id='block_1_20' title="bbox 352 2119 1863 2192">
    <p class='ocr_par' dir='ltr' id='par_1_20' title="bbox 352 2119 1863 2192">
     <span class='ocr_line' id='line_1_20' title="bbox 352 2119 1863 2192; baseline -0.003 -15"><span class='ocrx_word' id='word_1_123' title='bbox 352 2122 546 2177; x_wconf 82' lang='lat' dir='ltr'><strong>XXIX.</strong></span> <span class='ocrx_word' id='word_1_124' title='bbox 575 2121 760 2174; x_wconf 82' lang='grc' dir='ltr'><strong>Ταῦτά</strong></span> <span class='ocrx_word' id='word_1_125' title='bbox 793 2135 852 2174; x_wconf 83' lang='grc' dir='ltr'><strong>τε</strong></span> <span class='ocrx_word' id='word_1_126' title='bbox 880 2122 974 2175; x_wconf 79' lang='grc' dir='ltr'><strong>καὶ</strong></span> <span class='ocrx_word' id='word_1_127' title='bbox 1003 2120 1071 2173; x_wconf 81' lang='grc' dir='ltr'><strong>τά</strong></span> <span class='ocrx_word' id='word_1_128' title='bbox 1094 2121 1302 2183; x_wconf 81' lang='grc' dir='ltr'><strong>τούτοις</strong></span> <span class='ocrx_word' id='word_1_129' title='bbox 1329 2119 1549 2192; x_wconf 81' lang='grc' dir='ltr'><strong>μείζονα</strong></span> <span class='ocrx_word' id='word_1_130' title='bbox 1580 2119 1863 2191; x_wconf 68' lang='grc' dir='ltr'><strong>νομιζξόμε⁵</strong></span> 
     </span>
    </p>
   </div>
   <div class='ocr_carea' id='block_1_21' title="bbox 277 2211 1861 2285">
    <p class='ocr_par' dir='ltr' id='par_1_21' title="bbox 277 2211 1861 2285">
     <span class='ocr_line' id='line_1_21' title="bbox 277 2211 1861 2285; baseline -0.004 -16"><span class='ocrx_word' id='word_1_131' title='bbox 277 2232 364 2279; x_wconf 83' lang='grc' dir='ltr'><strong>να,</strong></span> <span class='ocrx_word' id='word_1_132' title='bbox 402 2217 537 2285; x_wconf 82' lang='grc' dir='ltr'><strong>ἡμῖν</strong></span> <span class='ocrx_word' id='word_1_133' title='bbox 581 2213 869 2283; x_wconf 80' lang='grc' dir='ltr'><strong>ὑπέσχετο,</strong></span> <span class='ocrx_word' id='word_1_134' title='bbox 910 2212 1071 2283; x_wconf 90' lang='grc' dir='ltr'><strong>μόνον</strong></span> <span class='ocrx_word' id='word_1_135' title='bbox 1109 2214 1196 2266; x_wconf 80' lang='grc' dir='ltr'><strong>ἵνα</strong></span> <span class='ocrx_word' id='word_1_136' title='bbox 1234 2213 1481 2276; x_wconf 86' lang='grc' dir='ltr'><strong>συνόντες</strong></span> <span class='ocrx_word' id='word_1_137' title='bbox 1508 2212 1655 2283; x_wconf 83' lang='grc' dir='ltr'><strong>αύτῷ</strong></span> <span class='ocrx_word' id='word_1_138' title='bbox 1678 2211 1739 2266; x_wconf 81' lang='grc' dir='ltr'><strong>τὸ</strong></span> <span class='ocrx_word' id='word_1_139' title='bbox 1761 2212 1861 2284; x_wconf 82' lang='grc' dir='ltr'><strong>τῆς</strong></span> 
     </span>
    </p>
   </div>
   <div class='ocr_carea' id='block_1_22' title="bbox 278 2303 1860 2379">
    <p class='ocr_par' dir='ltr' id='par_1_22' title="bbox 278 2303 1860 2379">
     <span class='ocr_line' id='line_1_22' title="bbox 278 2303 1860 2379; baseline 0.014 -23"><span class='ocrx_word' id='word_1_140' title='bbox 278 2309 648 2379; x_wconf 67' lang='grc' dir='ltr'><strong>ἐγχειρήσεως</strong></span> <span class='ocrx_word' id='word_1_141' title='bbox 695 2303 864 2361; x_wconf 84' lang='grc' dir='ltr'><strong>κακὸν</strong></span> <span class='ocrx_word' id='word_1_142' title='bbox 913 2305 1223 2375; x_wconf 74' lang='grc' dir='ltr'><strong>σιωπῶμεν.</strong></span> <span class='ocrx_word' id='word_1_143' title='bbox 1273 2306 1421 2369; x_wconf 82' lang='grc' dir='ltr'><strong>ὅπως</strong></span> <span class='ocrx_word' id='word_1_144' title='bbox 1466 2304 1614 2376; x_wconf 72' lang='grc' dir='ltr'><strong>αὗτῷ</strong></span> <span class='ocrx_word' id='word_1_145' title='bbox 1648 2303 1717 2358; x_wconf 71' lang='grc' dir='ltr'><strong>τὰ</strong></span> <span class='ocrx_word' id='word_1_146' title='bbox 1759 2303 1860 2375; x_wconf 72' lang='grc' dir='ltr'><strong>τῆς</strong></span> 
     </span>
    </p>
   </div>
   <div class='ocr_carea' id='block_1_23' title="bbox 279 2390 1859 2468">
    <p class='ocr_par' dir='ltr' id='par_1_23' title="bbox 279 2390 1859 2468">
     <span class='ocr_line' id='line_1_23' title="bbox 279 2390 1859 2468; baseline -0.003 -17"><span class='ocrx_word' id='word_1_147' title='bbox 279 2398 496 2466; x_wconf 80' lang='grc' dir='ltr'><strong>ἀπάτης</strong></span> <span class='ocrx_word' id='word_1_148' title='bbox 546 2395 849 2468; x_wconf 80' lang='grc' dir='ltr'><strong>προκόπτῃ.</strong></span> <span class='ocrx_word' id='word_1_149' title='bbox 895 2395 1003 2448; x_wconf 76' lang='grc' dir='ltr'><strong>Καὶ</strong></span> <span class='ocrx_word' id='word_1_150' title='bbox 1049 2394 1197 2464; x_wconf 83' lang='grc' dir='ltr'><strong>ὅμως</strong></span> <span class='ocrx_word' id='word_1_151' title='bbox 1230 2394 1292 2446; x_wconf 86' lang='grc' dir='ltr'><strong>ού</strong></span> <span class='ocrx_word' id='word_1_152' title='bbox 1327 2390 1684 2465; x_wconf 81' lang='grc' dir='ltr'><strong>συνεθέμεθα’</strong></span> <span class='ocrx_word' id='word_1_153' title='bbox 1725 2393 1859 2447; x_wconf 86' lang='grc' dir='ltr'><strong>ἀλλά</strong></span> 
     </span>
    </p>
   </div>
   <div class='ocr_carea' id='block_1_24' title="bbox 280 2482 1859 2556">
    <p class='ocr_par' dir='ltr' id='par_1_24' title="bbox 280 2482 1859 2556">
     <span class='ocr_line' id='line_1_24' title="bbox 280 2482 1859 2556; baseline -0.004 -15"><span class='ocrx_word' id='word_1_154' title='bbox 280 2490 372 2542; x_wconf 65' lang='grc' dir='ltr'><strong>καὶ</strong></span> <span class='ocrx_word' id='word_1_155' title='bbox 408 2487 573 2540; x_wconf 79' lang='grc' dir='ltr'><strong>αὑτὸν</strong></span> <span class='ocrx_word' id='word_1_156' title='bbox 597 2485 699 2556; x_wconf 79' lang='grc' dir='ltr'><strong>τῆς</strong></span> <span class='ocrx_word' id='word_1_157' title='bbox 721 2484 975 2553; x_wconf 76' lang='grc' dir='ltr'><strong>τοιαύτης</strong></span> <span class='ocrx_word' id='word_1_158' title='bbox 1000 2483 1258 2547; x_wconf 80' lang='grc' dir='ltr'><strong>ἀπονοίας</strong></span> <span class='ocrx_word' id='word_1_159' title='bbox 1280 2483 1590 2537; x_wconf 81' lang='grc' dir='ltr'><strong>παύσασθαι</strong></span> <span class='ocrx_word' id='word_1_160' title='bbox 1617 2482 1859 2536; x_wconf 80' lang='grc' dir='ltr'><strong>συνεϐου-</strong></span> 
     </span>
    </p>
   </div>
   <div class='ocr_carea' id='block_1_25' title="bbox 276 2572 1855 2651">
    <p class='ocr_par' dir='ltr' id='par_1_25' title="bbox 276 2572 1855 2651">
     <span class='ocr_line' id='line_1_25' title="bbox 276 2572 1855 2651; baseline -0.005 -17"><span class='ocrx_word' id='word_1_161' title='bbox 276 2580 572 2651; x_wconf 84' lang='grc' dir='ltr'><strong>λεύσαμεν,</strong></span> <span class='ocrx_word' id='word_1_162' title='bbox 606 2577 854 2646; x_wconf 83' lang='grc' dir='ltr'><strong>λέγοντες</strong></span> <span class='ocrx_word' id='word_1_163' title='bbox 874 2575 1022 2647; x_wconf 82' lang='grc' dir='ltr'><strong>αὐτῷ</strong></span> <span class='ocrx_word' id='word_1_164' title='bbox 1040 2593 1054 2605; x_wconf 74' lang='grc' dir='ltr'><strong>ο</strong></span> <span class='ocrx_word' id='word_1_165' title='bbox 1093 2574 1308 2629; x_wconf 75' lang='grc' dir='ltr'><strong>Παῦσαι</strong></span> <span class='ocrx_word' id='word_1_166' title='bbox 1332 2575 1433 2644; x_wconf 84' lang='grc' dir='ltr'><strong>τῆς</strong></span> <span class='ocrx_word' id='word_1_167' title='bbox 1456 2574 1710 2646; x_wconf 85' lang='grc' dir='ltr'><strong>τοιαύτης</strong></span> <span class='ocrx_word' id='word_1_168' title='bbox 1733 2572 1855 2627; x_wconf 79' lang='grc' dir='ltr'><strong>τόλ-</strong></span> 
     </span>
    </p>
   </div>
   <div class='ocr_carea' id='block_1_26' title="bbox 282 2664 1853 2743">
    <p class='ocr_par' dir='ltr' id='par_1_26' title="bbox 282 2664 1853 2743">
     <span class='ocr_line' id='line_1_26' title="bbox 282 2664 1853 2743; baseline -0.004 -19"><span class='ocrx_word' id='word_1_169' title='bbox 282 2688 388 2743; x_wconf 81' lang='grc' dir='ltr'><strong>μης</strong></span> <span class='ocrx_word' id='word_1_170' title='bbox 404 2688 420 2702; x_wconf 73' lang='grc'><strong><em>⁸</em></strong></span> <span class='ocrx_word' id='word_1_171' title='bbox 448 2671 584 2733; x_wconf 80' lang='grc' dir='ltr'><strong>Θεὸς</strong></span> <span class='ocrx_word' id='word_1_172' title='bbox 601 2664 739 2723; x_wconf 73' lang='grc' dir='ltr'><strong>εἶναι</strong></span> <span class='ocrx_word' id='word_1_173' title='bbox 758 2669 819 2721; x_wconf 82' lang='grc' dir='ltr'><strong>ού</strong></span> <span class='ocrx_word' id='word_1_174' title='bbox 834 2667 1077 2722; x_wconf 82' lang='grc' dir='ltr'><strong>δύνασαι’</strong></span> <span class='ocrx_word' id='word_1_175' title='bbox 1107 2666 1370 2738; x_wconf 78' lang='grc' dir='ltr'><strong>φοϐήθητι</strong></span> <span class='ocrx_word' id='word_1_176' title='bbox 1396 2665 1486 2720; x_wconf 81' lang='grc' dir='ltr'><strong>τὸν</strong></span> <span class='ocrx_word' id='word_1_177' title='bbox 1510 2666 1681 2729; x_wconf 79' lang='grc' dir='ltr'><strong>ὅντως</strong></span> <span class='ocrx_word' id='word_1_178' title='bbox 1700 2665 1853 2718; x_wconf 83' lang='grc' dir='ltr'><strong>Θεόν·</strong></span> 
     </span>
    </p>
   </div>
   <div class='ocr_carea' id='block_1_27' title="bbox 278 2754 1858 2835">
    <p class='ocr_par' dir='ltr' id='par_1_27' title="bbox 278 2754 1858 2835">
     <span class='ocr_line' id='line_1_27' title="bbox 278 2754 1858 2835; baseline -0.004 -18"><span class='ocrx_word' id='word_1_179' title='bbox 278 2764 447 2835; x_wconf 79' lang='grc' dir='ltr'><strong>γνῶθι</strong></span> <span class='ocrx_word' id='word_1_180' title='bbox 479 2764 564 2816; x_wconf 81' lang='grc' dir='ltr'><strong>ὅτι</strong></span> <span class='ocrx_word' id='word_1_181' title='bbox 589 2761 876 2833; x_wconf 81' lang='grc' dir='ltr'><strong>ἄνθρωπος</strong></span> <span class='ocrx_word' id='word_1_182' title='bbox 898 2757 966 2826; x_wconf 74' lang='grc' dir='ltr'><strong>εἴ,</strong></span> <span class='ocrx_word' id='word_1_183' title='bbox 989 2758 1083 2814; x_wconf 71' lang='grc' dir='ltr'><strong>καὶ</strong></span> <span class='ocrx_word' id='word_1_184' title='bbox 1096 2761 1176 2813; x_wconf 81' lang='grc' dir='ltr'><strong>ὅτι</strong></span> <span class='ocrx_word' id='word_1_185' title='bbox 1201 2772 1293 2813; x_wconf 81' lang='grc' dir='ltr'><strong>σου</strong></span> <span class='ocrx_word' id='word_1_186' title='bbox 1323 2758 1517 2831; x_wconf 86' lang='grc' dir='ltr'><strong>μικρός</strong></span> <span class='ocrx_word' id='word_1_187' title='bbox 1544 2760 1692 2812; x_wconf 87' lang='grc' dir='ltr'><strong>ἐστιν</strong></span> <span class='ocrx_word' id='word_1_188' title='bbox 1712 2763 1740 2812; x_wconf 85' lang='grc' dir='ltr'><strong>ό</strong></span> <span class='ocrx_word' id='word_1_189' title='bbox 1756 2754 1858 2829; x_wconf 82' lang='grc' dir='ltr'><strong>τῆς</strong></span> 
     </span>
    </p>
   </div>
   <div class='ocr_carea' id='block_1_28' title="bbox 278 2847 1855 2927">
    <p class='ocr_par' dir='ltr' id='par_1_28' title="bbox 278 2847 1855 2927">
     <span class='ocr_line' id='line_1_28' title="bbox 278 2847 1855 2927; baseline -0.006 -18"><span class='ocrx_word' id='word_1_190' title='bbox 278 2856 425 2927; x_wconf 80' lang='grc' dir='ltr'><strong>ζωῆς</strong></span> <span class='ocrx_word' id='word_1_191' title='bbox 449 2853 661 2926; x_wconf 88' lang='grc' dir='ltr'><strong>χρόνος.</strong></span> <span class='ocrx_word' id='word_1_192' title='bbox 683 2851 801 2906; x_wconf 82' lang='grc' dir='ltr'><strong>Κᾶν</strong></span> <span class='ocrx_word' id='word_1_193' title='bbox 822 2851 964 2923; x_wconf 86' lang='grc' dir='ltr'><strong>μέγα</strong></span> <span class='ocrx_word' id='word_1_194' title='bbox 985 2850 1360 2924; x_wconf 73' lang='grc' dir='ltr'><strong>πλουτήσῃς-,ἢ</strong></span> <span class='ocrx_word' id='word_1_195' title='bbox 1388 2847 1482 2903; x_wconf 72' lang='grc' dir='ltr'><strong>καὶ</strong></span> <span class='ocrx_word' id='word_1_196' title='bbox 1515 2847 1855 2922; x_wconf 80' lang='grc' dir='ltr'><strong>βασιλεύσῃς,</strong></span> 
     </span>
    </p>
   </div>
   <div class='ocr_carea' id='block_1_29' title="bbox 276 2939 1857 3018">
    <p class='ocr_par' dir='ltr' id='par_1_29' title="bbox 276 2939 1857 3018">
     <span class='ocr_line' id='line_1_29' title="bbox 276 2939 1857 3018; baseline -0.006 -18"><span class='ocrx_word' id='word_1_197' title='bbox 276 2947 351 3017; x_wconf 79' lang='grc' dir='ltr'><strong>τῷ</strong></span> <span class='ocrx_word' id='word_1_198' title='bbox 384 2946 572 3018; x_wconf 80' lang='grc' dir='ltr'><strong>μικρῷ</strong></span> <span class='ocrx_word' id='word_1_199' title='bbox 599 2960 693 2998; x_wconf 87' lang='grc' dir='ltr'><strong>σου</strong></span> <span class='ocrx_word' id='word_1_200' title='bbox 724 2944 899 3015; x_wconf 81' lang='grc' dir='ltr'><strong>χρόνῳ</strong></span> <span class='ocrx_word' id='word_1_201' title='bbox 928 2944 1030 3014; x_wconf 82' lang='grc' dir='ltr'><strong>τῆς</strong></span> <span class='ocrx_word' id='word_1_202' title='bbox 1062 2943 1205 3013; x_wconf 79' lang='grc' dir='ltr'><strong>ζωῆς</strong></span> <span class='ocrx_word' id='word_1_203' title='bbox 1228 2941 1383 3010; x_wconf 81' lang='grc' dir='ltr'><strong>ὀλίγα</strong></span> <span class='ocrx_word' id='word_1_204' title='bbox 1419 2941 1676 3011; x_wconf 83' lang='grc' dir='ltr'><strong>τυγχάνει</strong></span> <span class='ocrx_word' id='word_1_205' title='bbox 1722 2939 1857 3011; x_wconf 70' lang='grc' dir='ltr'><strong>πρὸς</strong></span> 
     </span>
    </p>
   </div>
   <div class='ocr_carea' id='block_1_30' title="bbox 275 3022 1857 3107">
    <p class='ocr_par' dir='ltr' id='par_1_30' title="bbox 275 3022 1857 3107">
     <span class='ocr_line' id='line_1_30' title="bbox 275 3022 1857 3107; baseline -0.006 -13"><span class='ocrx_word' id='word_1_206' title='bbox 275 3040 613 3107; x_wconf 63' lang='grc' dir='ltr'><strong>ἁπόλαυσινξ</strong></span> <span class='ocrx_word' id='word_1_207' title='bbox 649 3038 745 3091; x_wconf 75' lang='grc' dir='ltr'><strong>καὶ</strong></span> <span class='ocrx_word' id='word_1_208' title='bbox 776 3022 988 3099; x_wconf 77' lang='grc' dir='ltr'><strong>ἀσεϐῶς</strong></span> <span class='ocrx_word' id='word_1_209' title='bbox 1011 3035 1251 3107; x_wconf 82' lang='grc' dir='ltr'><strong>ζήσαντα</strong></span> <span class='ocrx_word' id='word_1_210' title='bbox 1278 3034 1471 3087; x_wconf 83' lang='grc' dir='ltr'><strong>αἰωνία</strong></span> <span class='ocrx_word' id='word_1_211' title='bbox 1514 3035 1735 3098; x_wconf 82' lang='grc' dir='ltr'><strong>κόλασις</strong></span> <span class='ocrx_word' id='word_1_212' title='bbox 1760 3050 1857 3086; x_wconf 87' lang='grc' dir='ltr'><strong>πε-</strong></span> 
     </span>
    </p>
   </div>
   <div class='ocr_carea' id='block_1_31' title="bbox 280 3104 1852 3200">
    <p class='ocr_par' dir='ltr' id='par_1_31' title="bbox 280 3104 1852 3200">
     <span class='ocr_line' id='line_1_31' title="bbox 280 3104 1852 3200; baseline -0.003 -18"><span class='ocrx_word' id='word_1_213' title='bbox 280 3128 509 3200; x_wconf 81' lang='grc' dir='ltr'><strong>ριμένει.</strong></span> <span class='ocrx_word' id='word_1_214' title='bbox 547 3104 640 3180; x_wconf 60' lang='lat' dir='ltr'><strong>ait</strong></span> <span class='ocrx_word' id='word_1_215' title='bbox 675 3125 956 3195; x_wconf 75' lang='grc' dir='ltr'><strong>φοϐεῖσθαι</strong></span> <span class='ocrx_word' id='word_1_216' title='bbox 997 3125 1043 3158; x_wconf 73' lang='grc'>⁸³</span> <span class='ocrx_word' id='word_1_217' title='bbox 1066 3104 1176 3178; x_wconf 68' lang='grc' dir='ltr'><strong>⁷’τὸν</strong></span> <span class='ocrx_word' id='word_1_218' title='bbox 1215 3124 1345 3177; x_wconf 82' lang='grc' dir='ltr'><strong>Θεὸν</strong></span> <span class='ocrx_word' id='word_1_219' title='bbox 1381 3124 1852 3197; x_wconf 76' lang='grc' dir='ltr'><strong>συμϐουλεύομεν,</strong></span> 
     </span>
    </p>
   </div>
   <div class='ocr_carea' id='block_1_32' title="bbox 278 3206 1855 3289">
    <p class='ocr_par' dir='ltr' id='par_1_32' title="bbox 278 3206 1855 3289">
     <span class='ocr_line' id='line_1_32' title="bbox 278 3206 1855 3289; baseline -0.003 -16"><span class='ocrx_word' id='word_1_220' title='bbox 278 3220 365 3289; x_wconf 76' lang='grc' dir='ltr'><strong>ὑφ’</strong></span> <span class='ocrx_word' id='word_1_221' title='bbox 385 3214 448 3272; x_wconf 68' lang='grc' dir='ltr'><strong>οὗ</strong></span> <span class='ocrx_word' id='word_1_222' title='bbox 471 3215 859 3289; x_wconf 76' lang='grc' dir='ltr'><strong>κριθῆναιέχει</strong></span> <span class='ocrx_word' id='word_1_223' title='bbox 881 3217 915 3286; x_wconf 83' lang='grc' dir='ltr'><strong>ή</strong></span> <span class='ocrx_word' id='word_1_224' title='bbox 939 3213 1169 3269; x_wconf 76' lang='grc' dir='ltr'><strong>ἑκάστου</strong></span> <span class='ocrx_word' id='word_1_225' title='bbox 1190 3214 1336 3286; x_wconf 79' lang='grc' dir='ltr'><strong>ψυχὴ</strong></span> <span class='ocrx_word' id='word_1_226' title='bbox 1370 3215 1498 3285; x_wconf 73' lang='grc' dir='ltr'><strong>περὶ</strong></span> <span class='ocrx_word' id='word_1_227' title='bbox 1522 3206 1598 3268; x_wconf 83' lang='grc' dir='ltr'><strong>ὧν</strong></span> <span class='ocrx_word' id='word_1_228' title='bbox 1623 3214 1855 3286; x_wconf 76' lang='grc' dir='ltr'><strong>ἔπραξεν</strong></span> 
     </span>
    </p>
   </div>
   <div class='ocr_carea' id='block_1_33' title="bbox 278 3309 537 3365">
    <p class='ocr_par' dir='ltr' id='par_1_33' title="bbox 278 3309 537 3365">
     <span class='ocr_line' id='line_1_33' title="bbox 278 3309 537 3365; baseline -0.008 -2"><span class='ocrx_word' id='word_1_229' title='bbox 278 3309 537 3365; x_wconf 79' lang='grc' dir='ltr'><strong>ἐνταῦθα.</strong></span> 
     </span>
    </p>
   </div>
   <div class='ocr_carea' id='block_1_34' title="bbox 344 3397 1855 3470">
    <p class='ocr_par' dir='ltr' id='par_1_34' title="bbox 344 3397 1855 3470">
     <span class='ocr_line' id='line_1_34' title="bbox 344 3397 1855 3470; baseline -0.003 -14"><span class='ocrx_word' id='word_1_230' title='bbox 344 3401 517 3456; x_wconf 76' lang='lat' dir='ltr'><strong>XXX.</strong></span> <span class='ocrx_word' id='word_1_231' title='bbox 575 3401 634 3455; x_wconf 85' lang='grc' dir='ltr'><strong>Ὀ</strong></span> <span class='ocrx_word' id='word_1_232' title='bbox 670 3401 729 3454; x_wconf 81' lang='grc' dir='ltr'><strong>δὲ</strong></span> <span class='ocrx_word' id='word_1_233' title='bbox 758 3400 931 3453; x_wconf 80' lang='grc' dir='ltr'><strong>ταῦτα</strong></span> <span class='ocrx_word' id='word_1_234' title='bbox 959 3399 1220 3463; x_wconf 85' lang='grc' dir='ltr'><strong>ἀκούσας,</strong></span> <span class='ocrx_word' id='word_1_235' title='bbox 1262 3398 1536 3468; x_wconf 75' lang='grc' dir='ltr'><strong>ἐγέλασεν.</strong></span> <span class='ocrx_word' id='word_1_236' title='bbox 1581 3397 1767 3470; x_wconf 85' lang='grc' dir='ltr'><strong>Ἦμῶν</strong></span> <span class='ocrx_word' id='word_1_237' title='bbox 1797 3398 1855 3454; x_wconf 70' lang='grc' dir='ltr'><strong>δὲ</strong></span> 
     </span>
    </p>
   </div>
   <div class='ocr_carea' id='block_1_35' title="bbox 276 3488 1858 3562">
    <p class='ocr_par' dir='ltr' id='par_1_35' title="bbox 276 3488 1858 3562">
     <span class='ocr_line' id='line_1_35' title="bbox 276 3488 1858 3562; baseline -0.003 -15"><span class='ocrx_word' id='word_1_238' title='bbox 276 3494 544 3548; x_wconf 77' lang='grc' dir='ltr'><strong>εἰπόντων</strong></span> <span class='ocrx_word' id='word_1_239' title='bbox 562 3509 577 3523; x_wconf 65' lang='grc' dir='ltr'><strong>ι</strong></span> <span class='ocrx_word' id='word_1_240' title='bbox 602 3490 666 3543; x_wconf 84' lang='grc' dir='ltr'><strong>Τί</strong></span> <span class='ocrx_word' id='word_1_241' title='bbox 692 3491 800 3545; x_wconf 83' lang='grc' dir='ltr'><strong>τῶν</strong></span> <span class='ocrx_word' id='word_1_242' title='bbox 828 3491 873 3523; x_wconf 81' lang='grc'><strong>⁸³</strong></span> <span class='ocrx_word' id='word_1_243' title='bbox 893 3491 963 3544; x_wconf 87' lang='grc' dir='ltr'><strong>τά</strong></span> <span class='ocrx_word' id='word_1_244' title='bbox 991 3507 1074 3543; x_wconf 89' lang='grc' dir='ltr'><strong>σοι</strong></span> <span class='ocrx_word' id='word_1_245' title='bbox 1100 3490 1447 3562; x_wconf 81' lang='grc' dir='ltr'><strong>συμφέροντα</strong></span> <span class='ocrx_word' id='word_1_246' title='bbox 1474 3488 1858 3560; x_wconf 76' lang='grc' dir='ltr'><strong>συμϐουλευόν·</strong></span> 
     </span>
    </p>
   </div>
   <div class='ocr_carea' id='block_1_36' title="bbox 275 3580 1858 3654">
    <p class='ocr_par' dir='ltr' id='par_1_36' title="bbox 275 3580 1858 3654">
     <span class='ocr_line' id='line_1_36' title="bbox 275 3580 1858 3654; baseline -0.004 -14"><span class='ocrx_word' id='word_1_247' title='bbox 275 3604 381 3640; x_wconf 79' lang='grc' dir='ltr'><strong>των</strong></span> <span class='ocrx_word' id='word_1_248' title='bbox 406 3582 752 3654; x_wconf 82' lang='grc' dir='ltr'><strong>καταγελᾷς;</strong></span> <span class='ocrx_word' id='word_1_249' title='bbox 810 3584 1049 3645; x_wconf 73' lang='grc' dir='ltr'><strong>ἐκεῖνος’</strong></span> <span class='ocrx_word' id='word_1_250' title='bbox 1089 3580 1237 3634; x_wconf 84' lang='grc' dir='ltr'><strong>Γελῶ</strong></span> <span class='ocrx_word' id='word_1_251' title='bbox 1264 3583 1293 3634; x_wconf 79' lang='grc' dir='ltr'>ὑ</span> <span class='ocrx_word' id='word_1_252' title='bbox 1303 3580 1437 3653; x_wconf 83' lang='grc' dir='ltr'><strong>μῶν,</strong></span> <span class='ocrx_word' id='word_1_253' title='bbox 1465 3580 1589 3651; x_wconf 73' lang='grc' dir='ltr'><strong>ἔφη,</strong></span> <span class='ocrx_word' id='word_1_254' title='bbox 1621 3580 1719 3652; x_wconf 79' lang='grc' dir='ltr'><strong>τήν</strong></span> <span class='ocrx_word' id='word_1_255' title='bbox 1747 3598 1858 3651; x_wconf 84' lang='grc' dir='ltr'><strong>μω-</strong></span> 
     </span>
    </p>
   </div>
   <div class='ocr_carea' id='block_1_37' title="bbox 279 3669 1853 3749">
    <p class='ocr_par' dir='ltr' id='par_1_37' title="bbox 279 3669 1853 3749">
     <span class='ocr_line' id='line_1_37' title="bbox 279 3669 1853 3749; baseline -0.004 -18"><span class='ocrx_word' id='word_1_256' title='bbox 279 3678 376 3749; x_wconf 80' lang='grc' dir='ltr'><strong>ρὰν</strong></span> <span class='ocrx_word' id='word_1_257' title='bbox 406 3675 699 3745; x_wconf 66' lang='grc' dir='ltr'><strong>ὑπόληψιν,</strong></span> <span class='ocrx_word' id='word_1_258' title='bbox 728 3674 810 3728; x_wconf 83' lang='grc' dir='ltr'><strong>ὃτι</strong></span> <span class='ocrx_word' id='word_1_259' title='bbox 848 3672 1133 3727; x_wconf 86' lang='grc' dir='ltr'><strong>πιστεύετε</strong></span> <span class='ocrx_word' id='word_1_260' title='bbox 1167 3673 1431 3727; x_wconf 85' lang='grc' dir='ltr'><strong>ἀθάνατον</strong></span> <span class='ocrx_word' id='word_1_261' title='bbox 1459 3669 1598 3725; x_wconf 77' lang='grc' dir='ltr'><strong>εἶναι</strong></span> <span class='ocrx_word' id='word_1_262' title='bbox 1640 3672 1737 3744; x_wconf 84' lang='grc' dir='ltr'><strong>τήν</strong></span> <span class='ocrx_word' id='word_1_263' title='bbox 1760 3673 1853 3725; x_wconf 80' lang='grc' dir='ltr'><strong>τοῦ</strong></span> 
     </span>
    </p>
   </div>
   <div class='ocr_carea' id='block_1_38' title="bbox 275 3759 1857 3839">
    <p class='ocr_par' dir='ltr' id='par_1_38' title="bbox 275 3759 1857 3839">
     <span class='ocr_line' id='line_1_38' title="bbox 275 3759 1857 3839; baseline -0.001 -18"><span class='ocrx_word' id='word_1_264' title='bbox 275 3767 572 3839; x_wconf 79' lang='grc' dir='ltr'><strong>ἀνθρώπου</strong></span> <span class='ocrx_word' id='word_1_265' title='bbox 617 3766 812 3837; x_wconf 69' lang='grc' dir='ltr'><strong>ψυχήν.</strong></span> <span class='ocrx_word' id='word_1_266' title='bbox 859 3762 1031 3833; x_wconf 85' lang='grc' dir='ltr'><strong>Κάγὼ</strong></span> <span class='ocrx_word' id='word_1_267' title='bbox 1075 3765 1237 3835; x_wconf 75' lang='grc' dir='ltr'><strong>ἔφην·</strong></span> <span class='ocrx_word' id='word_1_268' title='bbox 1283 3764 1357 3818; x_wconf 83' lang='grc' dir='ltr'><strong>Ού</strong></span> <span class='ocrx_word' id='word_1_269' title='bbox 1403 3764 1772 3836; x_wconf 78' lang='grc' dir='ltr'><strong>θαυμάζομεν,</strong></span> <span class='ocrx_word' id='word_1_270' title='bbox 1811 3759 1857 3820; x_wconf 80' lang='grc' dir='ltr'><strong>ὦ</strong></span> 
     </span>
    </p>
   </div>
   <div class='ocr_carea' id='block_1_39' title="bbox 277 3849 1858 3930">
    <p class='ocr_par' dir='ltr' id='par_1_39' title="bbox 277 3849 1858 3930">
     <span class='ocr_line' id='line_1_39' title="bbox 277 3849 1858 3930; baseline -0.002 -18"><span class='ocrx_word' id='word_1_271' title='bbox 277 3858 477 3930; x_wconf 77' lang='grc' dir='ltr'><strong>Σίμων,</strong></span> <span class='ocrx_word' id='word_1_272' title='bbox 548 3859 595 3910; x_wconf 74' lang='grc' dir='ltr'><strong>εί</strong></span> <span class='ocrx_word' id='word_1_273' title='bbox 640 3858 856 3927; x_wconf 85' lang='grc' dir='ltr'><strong>ἀπατᾷν</strong></span> <span class='ocrx_word' id='word_1_274' title='bbox 894 3857 1040 3927; x_wconf 80' lang='grc' dir='ltr'><strong>ἡμᾶς</strong></span> <span class='ocrx_word' id='word_1_275' title='bbox 1081 3849 1397 3925; x_wconf 81' lang='grc' dir='ltr'><strong>ἐπιχειρεῖς,</strong></span> <span class='ocrx_word' id='word_1_276' title='bbox 1427 3855 1540 3908; x_wconf 82' lang='grc' dir='ltr'><strong>ἀλλ’</strong></span> <span class='ocrx_word' id='word_1_277' title='bbox 1564 3855 1858 3926; x_wconf 84' lang='grc' dir='ltr'><strong>ἐκπληττό-</strong></span> 
     </span>
    </p>
   </div>
   <div class='ocr_carea' id='block_1_40' title="bbox 281 3940 1852 4021">
    <p class='ocr_par' dir='ltr' id='par_1_40' title="bbox 281 3940 1852 4021">
     <span class='ocr_line' id='line_1_40' title="bbox 281 3940 1852 4021; baseline -0.003 -18"><span class='ocrx_word' id='word_1_278' title='bbox 281 3951 418 4021; x_wconf 84' lang='grc' dir='ltr'><strong>μεθα</strong></span> <span class='ocrx_word' id='word_1_279' title='bbox 447 3949 495 3981; x_wconf 64' lang='grc'><strong>³³</strong></span> <span class='ocrx_word' id='word_1_280' title='bbox 509 3948 614 4002; x_wconf 84' lang='grc' dir='ltr'><strong>τίνι</strong></span> <span class='ocrx_word' id='word_1_281' title='bbox 636 3948 778 4017; x_wconf 82' lang='grc' dir='ltr'><strong>λόγῳ</strong></span> <span class='ocrx_word' id='word_1_282' title='bbox 799 3948 893 4001; x_wconf 75' lang='grc' dir='ltr'><strong>καὶ</strong></span> <span class='ocrx_word' id='word_1_283' title='bbox 909 3944 1134 4000; x_wconf 82' lang='grc' dir='ltr'><strong>σεαυτὸν</strong></span> <span class='ocrx_word' id='word_1_284' title='bbox 1160 3946 1394 4016; x_wconf 73' lang='grc' dir='ltr'><strong>ἀπατᾷς.</strong></span> <span class='ocrx_word' id='word_1_285' title='bbox 1422 3940 1561 4014; x_wconf 87' lang='grc' dir='ltr'><strong>Λέγε</strong></span> <span class='ocrx_word' id='word_1_286' title='bbox 1579 3940 1671 3999; x_wconf 78' lang='grc' dir='ltr'><strong>οὖν</strong></span> <span class='ocrx_word' id='word_1_287' title='bbox 1702 3946 1852 4017; x_wconf 79' lang='grc' dir='ltr'><strong>ἡμῖν,</strong></span> 
     </span>
    </p>
   </div>
   <div class='ocr_carea' id='block_1_41' title="bbox 277 4032 1855 4111">
    <p class='ocr_par' dir='ltr' id='par_1_41' title="bbox 277 4032 1855 4111">
     <span class='ocr_line' id='line_1_41' title="bbox 277 4032 1855 4111; baseline -0.003 -18"><span class='ocrx_word' id='word_1_288' title='bbox 277 4035 320 4093; x_wconf 80' lang='grc' dir='ltr'>ὧ</span> <span class='ocrx_word' id='word_1_289' title='bbox 340 4040 530 4111; x_wconf 73' lang='grc' dir='ltr'><strong>Σίμων</strong></span> <span class='ocrx_word' id='word_1_290' title='bbox 548 4079 563 4103; x_wconf 94' lang='grc'><strong>,</strong></span> <span class='ocrx_word' id='word_1_291' title='bbox 592 4041 642 4091; x_wconf 83' lang='grc' dir='ltr'><strong>εί</strong></span> <span class='ocrx_word' id='word_1_292' title='bbox 677 4040 771 4092; x_wconf 74' lang='grc' dir='ltr'><strong>καὶ</strong></span> <span class='ocrx_word' id='word_1_293' title='bbox 798 4038 906 4091; x_wconf 85' lang='grc' dir='ltr'><strong>τῶν</strong></span> <span class='ocrx_word' id='word_1_294' title='bbox 946 4038 1119 4092; x_wconf 80' lang='grc' dir='ltr'><strong>ἄλλων</strong></span> <span class='ocrx_word' id='word_1_295' title='bbox 1159 4032 1335 4099; x_wconf 71' lang='grc' dir='ltr'><strong>οὐδεὶς</strong></span> <span class='ocrx_word' id='word_1_296' title='bbox 1376 4036 1855 4108; x_wconf 80' lang='grc' dir='ltr'><strong>πεπληροφόρηται</strong></span> 
     </span>
    </p>
   </div>
   <div class='ocr_carea' id='block_1_42' title="bbox 280 4121 1851 4201">
    <p class='ocr_par' dir='ltr' id='par_1_42' title="bbox 280 4121 1851 4201">
     <span class='ocr_line' id='line_1_42' title="bbox 280 4121 1851 4201; baseline -0.006 -15"><span class='ocrx_word' id='word_1_297' title='bbox 280 4130 551 4186; x_wconf 80' lang='grc' dir='ltr'><strong>ἀθάνατον</strong></span> <span class='ocrx_word' id='word_1_298' title='bbox 583 4125 721 4182; x_wconf 75' lang='grc' dir='ltr'><strong>εἶναι</strong></span> <span class='ocrx_word' id='word_1_299' title='bbox 743 4129 841 4201; x_wconf 83' lang='grc' dir='ltr'><strong>τὴν</strong></span> <span class='ocrx_word' id='word_1_300' title='bbox 864 4128 1060 4200; x_wconf 79' lang='grc' dir='ltr'><strong>ψυχὴν,</strong></span> <span class='ocrx_word' id='word_1_301' title='bbox 1097 4127 1210 4180; x_wconf 87' lang='grc' dir='ltr'><strong>ἀλλ’</strong></span> <span class='ocrx_word' id='word_1_302' title='bbox 1233 4121 1326 4180; x_wconf 80' lang='grc' dir='ltr'><strong>οὖν</strong></span> <span class='ocrx_word' id='word_1_303' title='bbox 1349 4144 1412 4195; x_wconf 88' lang='grc' dir='ltr'><strong>γε</strong></span> <span class='ocrx_word' id='word_1_304' title='bbox 1447 4128 1511 4181; x_wconf 77' lang='grc' dir='ltr'><strong>σὺ</strong></span> <span class='ocrx_word' id='word_1_305' title='bbox 1539 4128 1632 4181; x_wconf 72' lang='grc' dir='ltr'><strong>καὶ</strong></span> <span class='ocrx_word' id='word_1_306' title='bbox 1660 4130 1851 4199; x_wconf 82' lang='grc' dir='ltr'><strong>ήμεῖς;</strong></span> 
     </span>
    </p>
   </div>
   <div class='ocr_carea' id='block_1_43' title="bbox 281 4216 1855 4295">
    <p class='ocr_par' dir='ltr' id='par_1_43' title="bbox 281 4216 1855 4295">
     <span class='ocr_line' id='line_1_43' title="bbox 281 4216 1855 4295; baseline -0.003 -17"><span class='ocrx_word' id='word_1_307' title='bbox 281 4226 344 4278; x_wconf 83' lang='grc' dir='ltr'><strong>σὺ</strong></span> <span class='ocrx_word' id='word_1_308' title='bbox 381 4224 504 4295; x_wconf 85' lang='grc' dir='ltr'><strong>μὲν,</strong></span> <span class='ocrx_word' id='word_1_309' title='bbox 534 4219 611 4285; x_wconf 83' lang='grc' dir='ltr'><strong>ὡς</strong></span> <span class='ocrx_word' id='word_1_310' title='bbox 636 4220 973 4292; x_wconf 79' lang='grc' dir='ltr'><strong>ἀνθρωπείου</strong></span> <span class='ocrx_word' id='word_1_311' title='bbox 1010 4218 1257 4291; x_wconf 86' lang='grc' dir='ltr'><strong>σώματος</strong></span> <span class='ocrx_word' id='word_1_312' title='bbox 1287 4216 1527 4291; x_wconf 82' lang='grc' dir='ltr'><strong>χωρίσας</strong></span> <span class='ocrx_word' id='word_1_313' title='bbox 1551 4220 1739 4292; x_wconf 77' lang='grc' dir='ltr'><strong>αὐτὴν,</strong></span> <span class='ocrx_word' id='word_1_314' title='bbox 1763 4218 1855 4273; x_wconf 69' lang='grc' dir='ltr'><strong>καὶ</strong></span> 
     </span>
    </p>
   </div>
   <div class='ocr_carea' id='block_1_44' title="bbox 281 4310 1853 4386">
    <p class='ocr_par' dir='ltr' id='par_1_44' title="bbox 281 4310 1853 4386">
     <span class='ocr_line' id='line_1_44' title="bbox 281 4310 1853 4386; baseline -0.002 -19"><span class='ocrx_word' id='word_1_315' title='bbox 281 4312 695 4386; x_wconf 84' lang='grc' dir='ltr'><strong>προσομιλήσας</strong></span> <span class='ocrx_word' id='word_1_316' title='bbox 718 4313 810 4366; x_wconf 78' lang='grc' dir='ltr'><strong>καὶ</strong></span> <span class='ocrx_word' id='word_1_317' title='bbox 834 4310 1094 4377; x_wconf 77' lang='grc' dir='ltr'><strong>ἐπιτάξας</strong></span> <span class='ocrx_word' id='word_1_318' title='bbox 1117 4329 1130 4342; x_wconf 88' lang='grc'><strong>·</strong></span> <span class='ocrx_word' id='word_1_319' title='bbox 1162 4314 1320 4383; x_wconf 77' lang='grc' dir='ltr'><strong>ἡμεῖς</strong></span> <span class='ocrx_word' id='word_1_320' title='bbox 1343 4311 1421 4374; x_wconf 82' lang='grc' dir='ltr'><strong>δὲ,</strong></span> <span class='ocrx_word' id='word_1_321' title='bbox 1447 4311 1523 4376; x_wconf 83' lang='grc' dir='ltr'><strong>ὡς</strong></span> <span class='ocrx_word' id='word_1_322' title='bbox 1538 4312 1853 4383; x_wconf 84' lang='grc' dir='ltr'><strong>συμπαρόν-</strong></span> 
     </span>
    </p>
   </div>
   <div class='ocr_carea' id='block_1_45' title="bbox 280 4399 1855 4474">
    <p class='ocr_par' dir='ltr' id='par_1_45' title="bbox 280 4399 1855 4474">
     <span class='ocr_line' id='line_1_45' title="bbox 280 4399 1855 4474; baseline -0.001 -18"><span class='ocrx_word' id='word_1_323' title='bbox 280 4421 388 4468; x_wconf 87' lang='grc' dir='ltr'><strong>τες,</strong></span> <span class='ocrx_word' id='word_1_324' title='bbox 424 4404 523 4469; x_wconf 76' lang='grc' dir='ltr'><strong>καὶ</strong></span> <span class='ocrx_word' id='word_1_325' title='bbox 543 4403 643 4474; x_wconf 83' lang='grc' dir='ltr'><strong>τὴν</strong></span> <span class='ocrx_word' id='word_1_326' title='bbox 671 4403 935 4472; x_wconf 81' lang='grc' dir='ltr'><strong>ἐπιταγὴν</strong></span> <span class='ocrx_word' id='word_1_327' title='bbox 959 4402 1310 4467; x_wconf 86' lang='grc' dir='ltr'><strong>ἀκούσαντες,</strong></span> <span class='ocrx_word' id='word_1_328' title='bbox 1333 4404 1426 4455; x_wconf 75' lang='grc' dir='ltr'><strong>καὶ</strong></span> <span class='ocrx_word' id='word_1_329' title='bbox 1450 4401 1510 4455; x_wconf 79' lang='grc' dir='ltr'><strong>τὸ</strong></span> <span class='ocrx_word' id='word_1_330' title='bbox 1530 4403 1782 4456; x_wconf 83' lang='grc' dir='ltr'><strong>κελευθέν</strong></span> <span class='ocrx_word' id='word_1_331' title='bbox 1807 4399 1855 4438; x_wconf 80' lang='grc'><strong>⁸⁵</strong></span> 
     </span>
    </p>
   </div>
   <div class='ocr_carea' id='block_1_46' title="bbox 1962 552 3526 629">
    <p class='ocr_par' dir='ltr' id='par_1_46' title="bbox 1962 552 3526 629">
     <span class='ocr_line' id='line_1_46' title="bbox 1962 552 3526 629; baseline 0.003 -18"><span class='ocrx_word' id='word_1_332' title='bbox 1962 557 2111 612; x_wconf 89' lang='lat' dir='ltr'><strong>beret</strong></span> <span class='ocrx_word' id='word_1_333' title='bbox 2130 556 2419 626; x_wconf 82' lang='lat' dir='ltr'><strong>imaginem</strong></span> <span class='ocrx_word' id='word_1_334' title='bbox 2442 555 2495 608; x_wconf 93' lang='lat' dir='ltr'><strong>in</strong></span> <span class='ocrx_word' id='word_1_335' title='bbox 2518 552 2752 624; x_wconf 87' lang='lat' dir='ltr'><strong>quadam</strong></span> <span class='ocrx_word' id='word_1_336' title='bbox 2776 553 3018 609; x_wconf 88' lang='lat' dir='ltr'><strong>interiori</strong></span> <span class='ocrx_word' id='word_1_337' title='bbox 3041 556 3175 622; x_wconf 68' lang='lat' dir='ltr'><strong>atde,</strong></span> <span class='ocrx_word' id='word_1_338' title='bbox 3194 557 3245 610; x_wconf 91' lang='lat' dir='ltr'><strong>in</strong></span> <span class='ocrx_word' id='word_1_339' title='bbox 3271 572 3377 629; x_wconf 91' lang='lat' dir='ltr'><strong>qua</strong></span> <span class='ocrx_word' id='word_1_340' title='bbox 3408 558 3526 628; x_wconf 83' lang='lat' dir='ltr'><strong>ipse</strong></span> 
     </span>
    </p>
   </div>
   <div class='ocr_carea' id='block_1_47' title="bbox 1960 643 3526 718">
    <p class='ocr_par' dir='ltr' id='par_1_47' title="bbox 1960 643 3526 718">
     <span class='ocr_line' id='line_1_47' title="bbox 1960 643 3526 718; baseline 0 -15"><span class='ocrx_word' id='word_1_341' title='bbox 1960 658 2174 717; x_wconf 86' lang='lat' dir='ltr'><strong>caperet</strong></span> <span class='ocrx_word' id='word_1_342' title='bbox 2205 662 2486 702; x_wconf 84' lang='lat' dir='ltr'><strong>somnum.</strong></span> <span class='ocrx_word' id='word_1_343' title='bbox 2514 643 2880 716; x_wconf 69' lang='lat' dir='ltr'><strong>Quapropter,</strong></span> <span class='ocrx_word' id='word_1_344' title='bbox 2910 644 3167 701; x_wconf 88' lang='lat' dir='ltr'><strong>damnata</strong></span> <span class='ocrx_word' id='word_1_345' title='bbox 3191 646 3311 717; x_wconf 86' lang='lat' dir='ltr'><strong>ejus</strong></span> <span class='ocrx_word' id='word_1_346' title='bbox 3333 647 3526 718; x_wconf 87' lang='lat' dir='ltr'><strong>impie-</strong></span> 
     </span>
    </p>
   </div>
   <div class='ocr_carea' id='block_1_48' title="bbox 1961 736 2683 801">
    <p class='ocr_par' dir='ltr' id='par_1_48' title="bbox 1961 736 2683 801">
     <span class='ocr_line' id='line_1_48' title="bbox 1961 736 2683 801; baseline -0.003 -9"><span class='ocrx_word' id='word_1_347' title='bbox 1961 748 2085 801; x_wconf 60' lang='lat' dir='ltr'><strong>tate,</strong></span> <span class='ocrx_word' id='word_1_348' title='bbox 2119 736 2482 791; x_wconf 87' lang='lat' dir='ltr'><strong>abscessimus</strong></span> <span class='ocrx_word' id='word_1_349' title='bbox 2510 736 2579 790; x_wconf 90' lang='lat' dir='ltr'><strong>ab</strong></span> <span class='ocrx_word' id='word_1_350' title='bbox 2598 749 2683 791; x_wconf 91' lang='lat' dir='ltr'><strong>eo.</strong></span> 
     </span>
    </p>
   </div>
   <div class='ocr_carea' id='block_1_49' title="bbox 2031 826 3523 900">
    <p class='ocr_par' dir='ltr' id='par_1_49' title="bbox 2031 826 3523 900">
     <span class='ocr_line' id='line_1_49' title="bbox 2031 826 3523 900; baseline 0.002 -18"><span class='ocrx_word' id='word_1_351' title='bbox 2031 828 2268 883; x_wconf 81' lang='lat' dir='ltr'><strong>XXVIII.</strong></span> <span class='ocrx_word' id='word_1_352' title='bbox 2299 830 2344 861; x_wconf 80' lang='grc'><strong>⁷³</strong></span> <span class='ocrx_word' id='word_1_353' title='bbox 2372 826 2498 883; x_wconf 59' lang='lat' dir='ltr'><strong>Haec</strong></span> <span class='ocrx_word' id='word_1_354' title='bbox 2536 843 2661 883; x_wconf 86' lang='lat' dir='ltr'><strong>cum</strong></span> <span class='ocrx_word' id='word_1_355' title='bbox 2700 827 2901 898; x_wconf 83' lang='lat' dir='ltr'><strong>Aquila</strong></span> <span class='ocrx_word' id='word_1_356' title='bbox 2928 827 3176 893; x_wconf 74' lang='lat' dir='ltr'><strong>dixisset,</strong></span> <span class='ocrx_word' id='word_1_357' title='bbox 3203 826 3372 884; x_wconf 79' lang='lat' dir='ltr'><strong>frater</strong></span> <span class='ocrx_word' id='word_1_358' title='bbox 3403 829 3523 900; x_wconf 83' lang='lat' dir='ltr'><strong>ejus</strong></span> 
     </span>
    </p>
   </div>
   <div class='ocr_carea' id='block_1_50' title="bbox 1959 918 3523 991">
    <p class='ocr_par' dir='ltr' id='par_1_50' title="bbox 1959 918 3523 991">
     <span class='ocr_line' id='line_1_50' title="bbox 1959 918 3523 991; baseline 0.001 -16"><span class='ocrx_word' id='word_1_359' title='bbox 1959 920 2175 976; x_wconf 83' lang='lat' dir='ltr'><strong>Nicetas</strong></span> <span class='ocrx_word' id='word_1_360' title='bbox 2202 939 2214 974; x_wconf 88' lang='lat'><strong>:</strong></span> <span class='ocrx_word' id='word_1_361' title='bbox 2241 918 2473 975; x_wconf 85' lang='lat' dir='ltr'><strong>Necesse</strong></span> <span class='ocrx_word' id='word_1_362' title='bbox 2497 928 2601 983; x_wconf 89' lang='lat' dir='ltr'><strong>est,</strong></span> <span class='ocrx_word' id='word_1_363' title='bbox 2629 918 2793 974; x_wconf 82' lang='lat' dir='ltr'><strong>frater</strong></span> <span class='ocrx_word' id='word_1_364' title='bbox 2807 918 3081 985; x_wconf 87' lang='lat' dir='ltr'><strong>Clemens,</strong></span> <span class='ocrx_word' id='word_1_365' title='bbox 3107 920 3303 991; x_wconf 85' lang='lat' dir='ltr'><strong>inquit,</strong></span> <span class='ocrx_word' id='word_1_366' title='bbox 3339 936 3401 976; x_wconf 90' lang='lat' dir='ltr'><strong>ea</strong></span> <span class='ocrx_word' id='word_1_367' title='bbox 3435 936 3523 978; x_wconf 84' lang='lat' dir='ltr'><strong>tne</strong></span> 
     </span>
    </p>
   </div>
   <div class='ocr_carea' id='block_1_51' title="bbox 1958 1011 3517 1082">
    <p class='ocr_par' dir='ltr' id='par_1_51' title="bbox 1958 1011 3517 1082">
     <span class='ocr_line' id='line_1_51' title="bbox 1958 1011 3517 1082; baseline 0.001 -14"><span class='ocrx_word' id='word_1_368' title='bbox 1958 1027 2409 1077; x_wconf 84' lang='lat' dir='ltr'><strong>commemorare,</strong></span> <span class='ocrx_word' id='word_1_369' title='bbox 2442 1027 2563 1082; x_wconf 72' lang='lat' dir='ltr'><strong>quae</strong></span> <span class='ocrx_word' id='word_1_370' title='bbox 2594 1011 2664 1066; x_wconf 89' lang='lat' dir='ltr'><strong>ab</strong></span> <span class='ocrx_word' id='word_1_371' title='bbox 2715 1011 2910 1082; x_wconf 84' lang='lat' dir='ltr'><strong>Aquila</strong></span> <span class='ocrx_word' id='word_1_372' title='bbox 2954 1013 3317 1082; x_wconf 60' lang='lat' dir='ltr'><strong>praetermissa</strong></span> <span class='ocrx_word' id='word_1_373' title='bbox 3369 1022 3517 1069; x_wconf 90' lang='lat' dir='ltr'><strong>sunt.</strong></span> 
     </span>
    </p>
   </div>
   <div class='ocr_carea' id='block_1_52' title="bbox 1959 1101 3525 1175">
    <p class='ocr_par' dir='ltr' id='par_1_52' title="bbox 1959 1101 3525 1175">
     <span class='ocr_line' id='line_1_52' title="bbox 1959 1101 3525 1175; baseline 0.001 -18"><span class='ocrx_word' id='word_1_374' title='bbox 1959 1103 2201 1158; x_wconf 84' lang='lat' dir='ltr'><strong>Primum</strong></span> <span class='ocrx_word' id='word_1_375' title='bbox 2231 1103 2478 1173; x_wconf 87' lang='lat' dir='ltr'><strong>equidem</strong></span> <span class='ocrx_word' id='word_1_376' title='bbox 2510 1102 2653 1157; x_wconf 89' lang='lat' dir='ltr'><strong>Deus</strong></span> <span class='ocrx_word' id='word_1_377' title='bbox 2681 1101 2834 1157; x_wconf 88' lang='lat' dir='ltr'><strong>testis</strong></span> <span class='ocrx_word' id='word_1_378' title='bbox 2850 1110 2953 1168; x_wconf 91' lang='lat' dir='ltr'><strong>est,</strong></span> <span class='ocrx_word' id='word_1_379' title='bbox 2978 1116 3079 1158; x_wconf 90' lang='lat' dir='ltr'><strong>nos</strong></span> <span class='ocrx_word' id='word_1_380' title='bbox 3107 1102 3158 1155; x_wconf 87' lang='lat' dir='ltr'><strong>in</strong></span> <span class='ocrx_word' id='word_1_381' title='bbox 3183 1102 3334 1156; x_wconf 91' lang='lat' dir='ltr'><strong>nullo</strong></span> <span class='ocrx_word' id='word_1_382' title='bbox 3360 1117 3525 1175; x_wconf 88' lang='lat' dir='ltr'><strong>opere</strong></span> 
     </span>
    </p>
   </div>
   <div class='ocr_carea' id='block_1_53' title="bbox 1960 1192 3524 1266">
    <p class='ocr_par' dir='ltr' id='par_1_53' title="bbox 1960 1192 3524 1266">
     <span class='ocr_line' id='line_1_53' title="bbox 1960 1192 3524 1266; baseline 0.001 -18"><span class='ocrx_word' id='word_1_383' title='bbox 1960 1196 2128 1266; x_wconf 89' lang='lat' dir='ltr'><strong>impio</strong></span> <span class='ocrx_word' id='word_1_384' title='bbox 2159 1195 2433 1265; x_wconf 73' lang='lat' dir='ltr'><strong>adiuvisse</strong></span> <span class='ocrx_word' id='word_1_385' title='bbox 2458 1210 2614 1259; x_wconf 89' lang='lat' dir='ltr'><strong>eum;</strong></span> <span class='ocrx_word' id='word_1_386' title='bbox 2644 1193 2736 1248; x_wconf 89' lang='lat' dir='ltr'><strong>sed</strong></span> <span class='ocrx_word' id='word_1_387' title='bbox 2769 1194 2860 1249; x_wconf 91' lang='lat' dir='ltr'><strong>illo</strong></span> <span class='ocrx_word' id='word_1_388' title='bbox 2886 1192 3135 1258; x_wconf 80' lang='lat' dir='ltr'><strong>faciente,</strong></span> <span class='ocrx_word' id='word_1_389' title='bbox 3162 1200 3371 1248; x_wconf 90' lang='lat' dir='ltr'><strong>tantum</strong></span> <span class='ocrx_word' id='word_1_390' title='bbox 3401 1208 3524 1263; x_wconf 84' lang='lat' dir='ltr'><strong>spe-</strong></span> 
     </span>
    </p>
   </div>
   <div class='ocr_carea' id='block_1_54' title="bbox 1958 1286 3524 1358">
    <p class='ocr_par' dir='ltr' id='par_1_54' title="bbox 1958 1286 3524 1358">
     <span class='ocr_line' id='line_1_54' title="bbox 1958 1286 3524 1358; baseline -0.001 -16"><span class='ocrx_word' id='word_1_391' title='bbox 1958 1298 2155 1343; x_wconf 83' lang='lat' dir='ltr'><strong>ctasse.</strong></span> <span class='ocrx_word' id='word_1_392' title='bbox 2183 1286 2247 1341; x_wconf 86' lang='lat' dir='ltr'><strong>Et</strong></span> <span class='ocrx_word' id='word_1_393' title='bbox 2269 1287 2509 1358; x_wconf 89' lang='lat' dir='ltr'><strong>quandiu</strong></span> <span class='ocrx_word' id='word_1_394' title='bbox 2537 1301 2702 1356; x_wconf 83' lang='lat' dir='ltr'><strong>opera</strong></span> <span class='ocrx_word' id='word_1_395' title='bbox 2725 1286 2946 1341; x_wconf 84' lang='lat' dir='ltr'><strong>innoxia</strong></span> <span class='ocrx_word' id='word_1_396' title='bbox 2978 1287 3191 1354; x_wconf 82' lang='lat' dir='ltr'><strong>edebat,</strong></span> <span class='ocrx_word' id='word_1_397' title='bbox 3217 1286 3524 1342; x_wconf 53' lang='lat' dir='ltr'><strong>delectabar</strong></span> 
     </span>
    </p>
   </div>
   <div class='ocr_carea' id='block_1_55' title="bbox 1961 1380 3524 1450">
    <p class='ocr_par' dir='ltr' id='par_1_55' title="bbox 1961 1380 3524 1450">
     <span class='ocr_line' id='line_1_55' title="bbox 1961 1380 3524 1450; baseline -0.001 -16"><span class='ocrx_word' id='word_1_398' title='bbox 1961 1397 2121 1435; x_wconf 88' lang='lat' dir='ltr'><strong>mur:</strong></span> <span class='ocrx_word' id='word_1_399' title='bbox 2154 1380 2373 1450; x_wconf 83' lang='lat' dir='ltr'><strong>quando</strong></span> <span class='ocrx_word' id='word_1_400' title='bbox 2403 1389 2586 1434; x_wconf 89' lang='lat' dir='ltr'><strong>autem</strong></span> <span class='ocrx_word' id='word_1_401' title='bbox 2630 1394 2752 1449; x_wconf 76' lang='lat' dir='ltr'><strong>quae</strong></span> <span class='ocrx_word' id='word_1_402' title='bbox 2790 1395 2886 1450; x_wconf 92' lang='lat' dir='ltr'><strong>per</strong></span> <span class='ocrx_word' id='word_1_403' title='bbox 2915 1381 3144 1449; x_wconf 82' lang='lat' dir='ltr'><strong>magiam</strong></span> <span class='ocrx_word' id='word_1_404' title='bbox 3178 1381 3397 1445; x_wconf 76' lang='lat' dir='ltr'><strong>fiebant,</strong></span> <span class='ocrx_word' id='word_1_405' title='bbox 3427 1394 3524 1450; x_wconf 90' lang='lat' dir='ltr'><strong>per</strong></span> 
     </span>
    </p>
   </div>
   <div class='ocr_carea' id='block_1_56' title="bbox 1958 1468 3519 1541">
    <p class='ocr_par' dir='ltr' id='par_1_56' title="bbox 1958 1468 3519 1541">
     <span class='ocr_line' id='line_1_56' title="bbox 1958 1468 3519 1541; baseline 0.001 -15"><span class='ocrx_word' id='word_1_406' title='bbox 1958 1471 2295 1526; x_wconf 82' lang='lat' dir='ltr'><strong>divinitatem</strong></span> <span class='ocrx_word' id='word_1_407' title='bbox 2330 1486 2388 1526; x_wconf 91' lang='lat' dir='ltr'><strong>se</strong></span> <span class='ocrx_word' id='word_1_408' title='bbox 2411 1468 2610 1537; x_wconf 88' lang='lat' dir='ltr'><strong>facere,</strong></span> <span class='ocrx_word' id='word_1_409' title='bbox 2635 1471 2702 1525; x_wconf 90' lang='lat' dir='ltr'><strong>ad</strong></span> <span class='ocrx_word' id='word_1_410' title='bbox 2719 1472 2839 1541; x_wconf 88' lang='lat' dir='ltr'><strong>pios</strong></span> <span class='ocrx_word' id='word_1_411' title='bbox 2870 1471 3118 1526; x_wconf 90' lang='lat' dir='ltr'><strong>homines</strong></span> <span class='ocrx_word' id='word_1_412' title='bbox 3149 1472 3519 1541; x_wconf 84' lang='lat' dir='ltr'><strong>decipiendos.</strong></span> 
     </span>
    </p>
   </div>
   <div class='ocr_carea' id='block_1_57' title="bbox 1958 1562 3521 1633">
    <p class='ocr_par' dir='ltr' id='par_1_57' title="bbox 1958 1562 3521 1633">
     <span class='ocr_line' id='line_1_57' title="bbox 1958 1562 3521 1633; baseline 0.001 -16"><span class='ocrx_word' id='word_1_413' title='bbox 1958 1563 2113 1627; x_wconf 84' lang='lat' dir='ltr'><strong>dixit,</strong></span> <span class='ocrx_word' id='word_1_414' title='bbox 2136 1578 2244 1617; x_wconf 89' lang='lat' dir='ltr'><strong>non</strong></span> <span class='ocrx_word' id='word_1_415' title='bbox 2262 1562 2496 1631; x_wconf 87' lang='lat' dir='ltr'><strong>amplius</strong></span> <span class='ocrx_word' id='word_1_416' title='bbox 2519 1578 2641 1617; x_wconf 90' lang='lat' dir='ltr'><strong>eum</strong></span> <span class='ocrx_word' id='word_1_417' title='bbox 2671 1563 2818 1633; x_wconf 87' lang='lat' dir='ltr'><strong>passi</strong></span> <span class='ocrx_word' id='word_1_418' title='bbox 2850 1578 3062 1629; x_wconf 90' lang='lat' dir='ltr'><strong>sumus,</strong></span> <span class='ocrx_word' id='word_1_419' title='bbox 3080 1564 3330 1633; x_wconf 83' lang='lat' dir='ltr'><strong>quamvis</strong></span> <span class='ocrx_word' id='word_1_420' title='bbox 3352 1565 3521 1622; x_wconf 88' lang='lat' dir='ltr'><strong>multa</strong></span> 
     </span>
    </p>
   </div>
   <div class='ocr_carea' id='block_1_58' title="bbox 1960 1653 3519 1726">
    <p class='ocr_par' dir='ltr' id='par_1_58' title="bbox 1960 1653 3519 1726">
     <span class='ocr_line' id='line_1_58' title="bbox 1960 1653 3519 1726; baseline 0 -17"><span class='ocrx_word' id='word_1_421' title='bbox 1960 1655 2116 1710; x_wconf 90' lang='lat' dir='ltr'><strong>nobis</strong></span> <span class='ocrx_word' id='word_1_422' title='bbox 2156 1655 2529 1724; x_wconf 84' lang='lat' dir='ltr'><strong>promitteret;</strong></span> <span class='ocrx_word' id='word_1_423' title='bbox 2583 1655 2820 1724; x_wconf 81' lang='lat' dir='ltr'><strong>primum</strong></span> <span class='ocrx_word' id='word_1_424' title='bbox 2854 1654 3097 1726; x_wconf 91' lang='lat' dir='ltr'><strong>quidem,</strong></span> <span class='ocrx_word' id='word_1_425' title='bbox 3132 1653 3249 1709; x_wconf 86' lang='lat' dir='ltr'><strong>fore</strong></span> <span class='ocrx_word' id='word_1_426' title='bbox 3293 1662 3353 1709; x_wconf 90' lang='lat' dir='ltr'><strong>ut</strong></span> <span class='ocrx_word' id='word_1_427' title='bbox 3377 1664 3519 1709; x_wconf 87' lang='lat' dir='ltr'><strong>tem-</strong></span> 
     </span>
    </p>
   </div>
   <div class='ocr_carea' id='block_1_59' title="bbox 1959 1746 3525 1817">
    <p class='ocr_par' dir='ltr' id='par_1_59' title="bbox 1959 1746 3525 1817">
     <span class='ocr_line' id='line_1_59' title="bbox 1959 1746 3525 1817; baseline 0.001 -16"><span class='ocrx_word' id='word_1_428' title='bbox 1959 1747 2105 1816; x_wconf 90' lang='lat' dir='ltr'><strong>plum</strong></span> <span class='ocrx_word' id='word_1_429' title='bbox 2148 1756 2202 1802; x_wconf 90' lang='lat' dir='ltr'><strong>et</strong></span> <span class='ocrx_word' id='word_1_430' title='bbox 2232 1756 2424 1803; x_wconf 82' lang='lat' dir='ltr'><strong>statuae</strong></span> <span class='ocrx_word' id='word_1_431' title='bbox 2449 1749 2610 1804; x_wconf 86' lang='lat' dir='ltr'><strong>nobis</strong></span> <span class='ocrx_word' id='word_1_432' title='bbox 2646 1755 3079 1813; x_wconf 81' lang='lat' dir='ltr'><strong>exstruerentur,</strong></span> <span class='ocrx_word' id='word_1_433' title='bbox 3124 1746 3308 1817; x_wconf 90' lang='lat' dir='ltr'><strong>diique</strong></span> <span class='ocrx_word' id='word_1_434' title='bbox 3333 1748 3525 1803; x_wconf 55' lang='lat' dir='ltr'><strong>existi‘</strong></span> 
     </span>
    </p>
   </div>
   <div class='ocr_carea' id='block_1_60' title="bbox 1963 1832 3523 1911">
    <p class='ocr_par' dir='ltr' id='par_1_60' title="bbox 1963 1832 3523 1911">
     <span class='ocr_line' id='line_1_60' title="bbox 1963 1832 3523 1911; baseline 0 -16"><span class='ocrx_word' id='word_1_435' title='bbox 1963 1832 2278 1907; x_wconf 76' lang='lat' dir='ltr'><strong>maremur;</strong></span> <span class='ocrx_word' id='word_1_436' title='bbox 2327 1842 2455 1896; x_wconf 89' lang='lat' dir='ltr'><strong>item</strong></span> <span class='ocrx_word' id='word_1_437' title='bbox 2489 1856 2520 1896; x_wconf 90' lang='lat' dir='ltr'><strong>a</strong></span> <span class='ocrx_word' id='word_1_438' title='bbox 2558 1838 2778 1911; x_wconf 82' lang='lat' dir='ltr'><strong>regibus</strong></span> <span class='ocrx_word' id='word_1_439' title='bbox 2828 1841 3304 1911; x_wconf 78' lang='lat' dir='ltr'><strong>magnilicareniur</strong></span> <span class='ocrx_word' id='word_1_440' title='bbox 3358 1850 3523 1911; x_wconf 88' lang='lat' dir='ltr'><strong>atque</strong></span> 
     </span>
    </p>
   </div>
   <div class='ocr_carea' id='block_1_61' title="bbox 1960 1932 3522 2004">
    <p class='ocr_par' dir='ltr' id='par_1_61' title="bbox 1960 1932 3522 2004">
     <span class='ocr_line' id='line_1_61' title="bbox 1960 1932 3522 2004; baseline -0.001 -16"><span class='ocrx_word' id='word_1_441' title='bbox 1960 1934 2290 1988; x_wconf 90' lang='lat' dir='ltr'><strong>donaremur</strong></span> <span class='ocrx_word' id='word_1_442' title='bbox 2327 1934 2561 2004; x_wconf 86' lang='lat' dir='ltr'><strong>publicis</strong></span> <span class='ocrx_word' id='word_1_443' title='bbox 2590 1934 2917 1999; x_wconf 86' lang='lat' dir='ltr'><strong>honoribus;</strong></span> <span class='ocrx_word' id='word_1_444' title='bbox 2950 1950 3049 1990; x_wconf 90' lang='lat' dir='ltr'><strong>nec</strong></span> <span class='ocrx_word' id='word_1_445' title='bbox 3080 1950 3200 1989; x_wconf 84' lang='lat' dir='ltr'><strong>non</strong></span> <span class='ocrx_word' id='word_1_446' title='bbox 3234 1934 3442 1990; x_wconf 79' lang='lat' dir='ltr'><strong>infinita</strong></span> <span class='ocrx_word' id='word_1_447' title='bbox 3470 1932 3522 1987; x_wconf 79' lang='lat' dir='ltr'><strong>vi</strong></span> 
     </span>
    </p>
   </div>
   <div class='ocr_carea' id='block_1_62' title="bbox 1960 2027 2643 2095">
    <p class='ocr_par' dir='ltr' id='par_1_62' title="bbox 1960 2027 2643 2095">
     <span class='ocr_line' id='line_1_62' title="bbox 1960 2027 2643 2095; baseline 0.004 -15"><span class='ocrx_word' id='word_1_448' title='bbox 1960 2027 2202 2095; x_wconf 68' lang='lat' dir='ltr'><strong>pecuniae</strong></span> <span class='ocrx_word' id='word_1_449' title='bbox 2230 2027 2643 2083; x_wconf 85' lang='lat' dir='ltr'><strong>ditesceremus.</strong></span> 
     </span>
    </p>
   </div>
   <div class='ocr_carea' id='block_1_63' title="bbox 2028 2115 3522 2191">
    <p class='ocr_par' dir='ltr' id='par_1_63' title="bbox 2028 2115 3522 2191">
     <span class='ocr_line' id='line_1_63' title="bbox 2028 2115 3522 2191; baseline 0.006 -22"><span class='ocrx_word' id='word_1_450' title='bbox 2028 2116 2220 2172; x_wconf 82' lang='lat' dir='ltr'><strong>XXIX.</strong></span> <span class='ocrx_word' id='word_1_451' title='bbox 2262 2115 2408 2184; x_wconf 75' lang='lat' dir='ltr'><strong>Hzec,</strong></span> <span class='ocrx_word' id='word_1_452' title='bbox 2436 2126 2489 2173; x_wconf 88' lang='lat' dir='ltr'><strong>et</strong></span> <span class='ocrx_word' id='word_1_453' title='bbox 2515 2118 2620 2173; x_wconf 88' lang='lat' dir='ltr'><strong>alia</strong></span> <span class='ocrx_word' id='word_1_454' title='bbox 2666 2134 2788 2189; x_wconf 64' lang='lat' dir='ltr'><strong>quae</strong></span> <span class='ocrx_word' id='word_1_455' title='bbox 2815 2129 3077 2189; x_wconf 83' lang='lat' dir='ltr'><strong>putantur</strong></span> <span class='ocrx_word' id='word_1_456' title='bbox 3102 2120 3330 2191; x_wconf 77' lang='lat' dir='ltr'><strong>majora,</strong></span> <span class='ocrx_word' id='word_1_457' title='bbox 3362 2119 3522 2178; x_wconf 87' lang='lat' dir='ltr'><strong>nobis</strong></span> 
     </span>
    </p>
   </div>
   <div class='ocr_carea' id='block_1_64' title="bbox 1959 2210 3523 2287">
    <p class='ocr_par' dir='ltr' id='par_1_64' title="bbox 1959 2210 3523 2287">
     <span class='ocr_line' id='line_1_64' title="bbox 1959 2210 3523 2287; baseline 0.004 -23"><span class='ocrx_word' id='word_1_458' title='bbox 1959 2210 2338 2279; x_wconf 85' lang='lat' dir='ltr'><strong>pollicebatur,</strong></span> <span class='ocrx_word' id='word_1_459' title='bbox 2356 2211 2520 2266; x_wconf 90' lang='lat' dir='ltr'><strong>modo</strong></span> <span class='ocrx_word' id='word_1_460' title='bbox 2546 2222 2605 2266; x_wconf 89' lang='lat' dir='ltr'><strong>ut</strong></span> <span class='ocrx_word' id='word_1_461' title='bbox 2631 2228 2755 2266; x_wconf 90' lang='lat' dir='ltr'><strong>cum</strong></span> <span class='ocrx_word' id='word_1_462' title='bbox 2779 2227 2844 2267; x_wconf 90' lang='lat' dir='ltr'><strong>eo</strong></span> <span class='ocrx_word' id='word_1_463' title='bbox 2872 2214 3136 2277; x_wconf 75' lang='lat' dir='ltr'><strong>virentes,</strong></span> <span class='ocrx_word' id='word_1_464' title='bbox 3159 2230 3383 2283; x_wconf 79' lang='lat' dir='ltr'><strong>pravum</strong></span> <span class='ocrx_word' id='word_1_465' title='bbox 3404 2217 3523 2287; x_wconf 84' lang='lat' dir='ltr'><strong>ejus</strong></span> 
     </span>
    </p>
   </div>
   <div class='ocr_carea' id='block_1_65' title="bbox 1961 2302 3523 2373">
    <p class='ocr_par' dir='ltr' id='par_1_65' title="bbox 1961 2302 3523 2373">
     <span class='ocr_line' id='line_1_65' title="bbox 1961 2302 3523 2373; baseline 0.005 -18"><span class='ocrx_word' id='word_1_466' title='bbox 1961 2302 2219 2356; x_wconf 89' lang='lat' dir='ltr'><strong>molimen</strong></span> <span class='ocrx_word' id='word_1_467' title='bbox 2251 2313 2579 2366; x_wconf 82' lang='lat' dir='ltr'><strong>taceremus,</strong></span> <span class='ocrx_word' id='word_1_468' title='bbox 2613 2319 2721 2373; x_wconf 90' lang='lat' dir='ltr'><strong>quo</strong></span> <span class='ocrx_word' id='word_1_469' title='bbox 2743 2302 2895 2359; x_wconf 77' lang='lat' dir='ltr'><strong>fraus</strong></span> <span class='ocrx_word' id='word_1_470' title='bbox 2931 2306 2979 2358; x_wconf 82' lang='lat' dir='ltr'><strong>ei</strong></span> <span class='ocrx_word' id='word_1_471' title='bbox 3008 2308 3342 2363; x_wconf 87' lang='lat' dir='ltr'><strong>succederet.</strong></span> <span class='ocrx_word' id='word_1_472' title='bbox 3368 2307 3523 2363; x_wconf 80' lang='lat' dir='ltr'><strong>Atta-</strong></span> 
     </span>
    </p>
   </div>
   <div class='ocr_carea' id='block_1_66' title="bbox 1960 2395 3525 2467">
    <p class='ocr_par' dir='ltr' id='par_1_66' title="bbox 1960 2395 3525 2467">
     <span class='ocr_line' id='line_1_66' title="bbox 1960 2395 3525 2467; baseline 0.004 -19"><span class='ocrx_word' id='word_1_473' title='bbox 1960 2410 2083 2448; x_wconf 87' lang='lat' dir='ltr'><strong>men</strong></span> <span class='ocrx_word' id='word_1_474' title='bbox 2114 2395 2323 2449; x_wconf 84' lang='lat' dir='ltr'><strong>assensi</strong></span> <span class='ocrx_word' id='word_1_475' title='bbox 2360 2409 2465 2449; x_wconf 90' lang='lat' dir='ltr'><strong>non</strong></span> <span class='ocrx_word' id='word_1_476' title='bbox 2506 2410 2698 2451; x_wconf 84' lang='lat' dir='ltr'><strong>smnus</strong></span> <span class='ocrx_word' id='word_1_477' title='bbox 2726 2415 2739 2450; x_wconf 87' lang='lat'><strong>:</strong></span> <span class='ocrx_word' id='word_1_478' title='bbox 2774 2397 3024 2467; x_wconf 91' lang='lat' dir='ltr'><strong>quinimo</strong></span> <span class='ocrx_word' id='word_1_479' title='bbox 3051 2398 3338 2453; x_wconf 79' lang='lat' dir='ltr'><strong>consilium</strong></span> <span class='ocrx_word' id='word_1_480' title='bbox 3372 2399 3525 2454; x_wconf 82' lang='lat' dir='ltr'><strong>dedi-</strong></span> 
     </span>
    </p>
   </div>
   <div class='ocr_carea' id='block_1_67' title="bbox 1961 2486 3515 2555">
    <p class='ocr_par' dir='ltr' id='par_1_67' title="bbox 1961 2486 3515 2555">
     <span class='ocr_line' id='line_1_67' title="bbox 1961 2486 3515 2555; baseline 0.003 -14"><span class='ocrx_word' id='word_1_481' title='bbox 1961 2503 2103 2550; x_wconf 89' lang='lat' dir='ltr'><strong>mus,</strong></span> <span class='ocrx_word' id='word_1_482' title='bbox 2130 2494 2188 2540; x_wconf 89' lang='lat' dir='ltr'><strong>ut</strong></span> <span class='ocrx_word' id='word_1_483' title='bbox 2225 2487 2292 2540; x_wconf 89' lang='lat' dir='ltr'><strong>ab</strong></span> <span class='ocrx_word' id='word_1_484' title='bbox 2335 2486 2433 2541; x_wconf 86' lang='lat' dir='ltr'><strong>ista</strong></span> <span class='ocrx_word' id='word_1_485' title='bbox 2472 2487 2723 2541; x_wconf 68' lang='lat' dir='ltr'><strong>vecordia</strong></span> <span class='ocrx_word' id='word_1_486' title='bbox 2773 2488 3093 2555; x_wconf 85' lang='lat' dir='ltr'><strong>desisteret;</strong></span> <span class='ocrx_word' id='word_1_487' title='bbox 3137 2491 3378 2549; x_wconf 86' lang='lat' dir='ltr'><strong>dicentes</strong></span> <span class='ocrx_word' id='word_1_488' title='bbox 3407 2493 3456 2547; x_wconf 89' lang='lat' dir='ltr'><strong>ei</strong></span> <span class='ocrx_word' id='word_1_489' title='bbox 3502 2505 3515 2545; x_wconf 86' lang='lat' dir='ltr'><strong>t</strong></span> 
     </span>
    </p>
   </div>
   <div class='ocr_carea' id='block_1_68' title="bbox 1958 2573 3519 2647">
    <p class='ocr_par' dir='ltr' id='par_1_68' title="bbox 1958 2573 3519 2647">
     <span class='ocr_line' id='line_1_68' title="bbox 1958 2573 3519 2647; baseline 0.004 -15"><span class='ocrx_word' id='word_1_490' title='bbox 1958 2573 2125 2634; x_wconf 85' lang='lat' dir='ltr'><strong>Cessa</strong></span> <span class='ocrx_word' id='word_1_491' title='bbox 2152 2578 2220 2633; x_wconf 69' lang='lat' dir='ltr'><strong>ab</strong></span> <span class='ocrx_word' id='word_1_492' title='bbox 2249 2577 2565 2647; x_wconf 86' lang='lat' dir='ltr'><strong>bujusmodi</strong></span> <span class='ocrx_word' id='word_1_493' title='bbox 2586 2577 2778 2633; x_wconf 87' lang='lat' dir='ltr'><strong>audaci</strong></span> <span class='ocrx_word' id='word_1_494' title='bbox 2810 2577 3074 2635; x_wconf 88' lang='lat' dir='ltr'><strong>facinore.</strong></span> <span class='ocrx_word' id='word_1_495' title='bbox 3094 2579 3239 2637; x_wconf 86' lang='lat' dir='ltr'><strong>Deus</strong></span> <span class='ocrx_word' id='word_1_496' title='bbox 3268 2598 3387 2639; x_wconf 87' lang='lat' dir='ltr'><strong>esse</strong></span> <span class='ocrx_word' id='word_1_497' title='bbox 3411 2600 3519 2640; x_wconf 91' lang='lat' dir='ltr'><strong>non</strong></span> 
     </span>
    </p>
   </div>
   <div class='ocr_carea' id='block_1_69' title="bbox 1957 2668 3523 2744">
    <p class='ocr_par' dir='ltr' id='par_1_69' title="bbox 1957 2668 3523 2744">
     <span class='ocr_line' id='line_1_69' title="bbox 1957 2668 3523 2744; baseline 0.005 -21"><span class='ocrx_word' id='word_1_498' title='bbox 1957 2677 2114 2740; x_wconf 90' lang='lat' dir='ltr'><strong>potes</strong></span> <span class='ocrx_word' id='word_1_499' title='bbox 2151 2690 2164 2726; x_wconf 92' lang='lat'><strong>:</strong></span> <span class='ocrx_word' id='word_1_500' title='bbox 2206 2670 2337 2724; x_wconf 90' lang='lat' dir='ltr'><strong>time</strong></span> <span class='ocrx_word' id='word_1_501' title='bbox 2369 2685 2492 2723; x_wconf 91' lang='lat' dir='ltr'><strong>eum</strong></span> <span class='ocrx_word' id='word_1_502' title='bbox 2520 2669 2613 2739; x_wconf 89' lang='lat' dir='ltr'><strong>q’ui</strong></span> <span class='ocrx_word' id='word_1_503' title='bbox 2644 2684 2771 2724; x_wconf 73' lang='lat' dir='ltr'><strong>vere</strong></span> <span class='ocrx_word' id='word_1_504' title='bbox 2820 2668 2964 2725; x_wconf 87' lang='lat' dir='ltr'><strong>Deus</strong></span> <span class='ocrx_word' id='word_1_505' title='bbox 3002 2681 3115 2739; x_wconf 86' lang='lat' dir='ltr'><strong>est;</strong></span> <span class='ocrx_word' id='word_1_506' title='bbox 3151 2688 3420 2744; x_wconf 79' lang='lat' dir='ltr'><strong>cognosce</strong></span> <span class='ocrx_word' id='word_1_507' title='bbox 3472 2685 3523 2731; x_wconf 86' lang='lat' dir='ltr'><strong>te</strong></span> 
     </span>
    </p>
   </div>
   <div class='ocr_carea' id='block_1_70' title="bbox 1957 2760 3518 2832">
    <p class='ocr_par' dir='ltr' id='par_1_70' title="bbox 1957 2760 3518 2832">
     <span class='ocr_line' id='line_1_70' title="bbox 1957 2760 3518 2832; baseline 0.004 -18"><span class='ocrx_word' id='word_1_508' title='bbox 1957 2775 2079 2815; x_wconf 85' lang='lat' dir='ltr'><strong>esse</strong></span> <span class='ocrx_word' id='word_1_509' title='bbox 2129 2760 2437 2826; x_wconf 89' lang='lat' dir='ltr'><strong>hominem,</strong></span> <span class='ocrx_word' id='word_1_510' title='bbox 2485 2762 2753 2828; x_wconf 83' lang='lat' dir='ltr'><strong>breveque</strong></span> <span class='ocrx_word' id='word_1_511' title='bbox 2791 2775 2913 2817; x_wconf 88' lang='lat' dir='ltr'><strong>esse</strong></span> <span class='ocrx_word' id='word_1_512' title='bbox 2952 2770 3166 2832; x_wconf 84' lang='lat' dir='ltr'><strong>tempus</strong></span> <span class='ocrx_word' id='word_1_513' title='bbox 3217 2766 3338 2818; x_wconf 76' lang='lat' dir='ltr'><strong>vitze</strong></span> <span class='ocrx_word' id='word_1_514' title='bbox 3393 2776 3518 2821; x_wconf 68' lang='lat' dir='ltr'><strong>tute.</strong></span> 
     </span>
    </p>
   </div>
   <div class='ocr_carea' id='block_1_71' title="bbox 1957 2850 3524 2923">
    <p class='ocr_par' dir='ltr' id='par_1_71' title="bbox 1957 2850 3524 2923">
     <span class='ocr_line' id='line_1_71' title="bbox 1957 2850 3524 2923; baseline 0.004 -18"><span class='ocrx_word' id='word_1_515' title='bbox 1957 2850 2283 2923; x_wconf 85' lang='lat' dir='ltr'><strong>Quanquam</strong></span> <span class='ocrx_word' id='word_1_516' title='bbox 2322 2852 2613 2907; x_wconf 76' lang='lat' dir='ltr'><strong>admodum</strong></span> <span class='ocrx_word' id='word_1_517' title='bbox 2644 2853 2910 2923; x_wconf 89' lang='lat' dir='ltr'><strong>locuples,</strong></span> <span class='ocrx_word' id='word_1_518' title='bbox 2936 2854 3018 2909; x_wconf 85' lang='lat' dir='ltr'><strong>vel</strong></span> <span class='ocrx_word' id='word_1_519' title='bbox 3062 2856 3227 2910; x_wconf 83' lang='lat' dir='ltr'><strong>etiam</strong></span> <span class='ocrx_word' id='word_1_520' title='bbox 3271 2870 3377 2911; x_wconf 65' lang='lat' dir='ltr'><strong>rer</strong></span> <span class='ocrx_word' id='word_1_521' title='bbox 3396 2872 3524 2912; x_wconf 57' lang='lat' dir='ltr'><strong>evan</strong></span> 
     </span>
    </p>
   </div>
   <div class='ocr_carea' id='block_1_72' title="bbox 1960 2943 3520 3018">
    <p class='ocr_par' dir='ltr' id='par_1_72' title="bbox 1960 2943 3520 3018">
     <span class='ocr_line' id='line_1_72' title="bbox 1960 2943 3520 3018; baseline 0.003 -20"><span class='ocrx_word' id='word_1_522' title='bbox 1960 2944 2098 2998; x_wconf 89' lang='lat' dir='ltr'><strong>seris</strong></span> <span class='ocrx_word' id='word_1_523' title='bbox 2128 2982 2143 3009; x_wconf 92' lang='lat'><strong>,</strong></span> <span class='ocrx_word' id='word_1_524' title='bbox 2177 2945 2374 3013; x_wconf 75' lang='lat' dir='ltr'><strong>exiguo</strong></span> <span class='ocrx_word' id='word_1_525' title='bbox 2424 2943 2547 2998; x_wconf 77' lang='lat' dir='ltr'><strong>vitae</strong></span> <span class='ocrx_word' id='word_1_526' title='bbox 2575 2950 2683 2997; x_wconf 69' lang='lat' dir='ltr'><strong>tua:</strong></span> <span class='ocrx_word' id='word_1_527' title='bbox 2712 2944 2889 3013; x_wconf 83' lang='lat' dir='ltr'><strong>spatio</strong></span> <span class='ocrx_word' id='word_1_528' title='bbox 2929 2960 3095 3014; x_wconf 78' lang='lat' dir='ltr'><strong>pauca</strong></span> <span class='ocrx_word' id='word_1_529' title='bbox 3148 2956 3275 3001; x_wconf 88' lang='lat' dir='ltr'><strong>sunt</strong></span> <span class='ocrx_word' id='word_1_530' title='bbox 3322 2949 3520 3018; x_wconf 84' lang='lat' dir='ltr'><strong>quibus</strong></span> 
     </span>
    </p>
   </div>
   <div class='ocr_carea' id='block_1_73' title="bbox 1960 3033 3520 3108">
    <p class='ocr_par' dir='ltr' id='par_1_73' title="bbox 1960 3033 3520 3108">
     <span class='ocr_line' id='line_1_73' title="bbox 1960 3033 3520 3108; baseline 0.005 -21"><span class='ocrx_word' id='word_1_531' title='bbox 1960 3033 2203 3089; x_wconf 88' lang='lat' dir='ltr'><strong>frueris:</strong></span> <span class='ocrx_word' id='word_1_532' title='bbox 2246 3043 2299 3091; x_wconf 89' lang='lat' dir='ltr'><strong>et</strong></span> <span class='ocrx_word' id='word_1_533' title='bbox 2347 3035 2616 3089; x_wconf 76' lang='lat' dir='ltr'><strong>virentem</strong></span> <span class='ocrx_word' id='word_1_534' title='bbox 2647 3035 2830 3105; x_wconf 88' lang='lat' dir='ltr'><strong>impie,</strong></span> <span class='ocrx_word' id='word_1_535' title='bbox 2863 3044 3062 3091; x_wconf 78' lang='lat' dir='ltr'><strong>:rterua</strong></span> <span class='ocrx_word' id='word_1_536' title='bbox 3108 3053 3268 3108; x_wconf 82' lang='lat' dir='ltr'><strong>poena</strong></span> <span class='ocrx_word' id='word_1_537' title='bbox 3316 3048 3520 3096; x_wconf 88' lang='lat' dir='ltr'><strong>manet.</strong></span> 
     </span>
    </p>
   </div>
   <div class='ocr_carea' id='block_1_74' title="bbox 1961 3129 3522 3203">
    <p class='ocr_par' dir='ltr' id='par_1_74' title="bbox 1961 3129 3522 3203">
     <span class='ocr_line' id='line_1_74' title="bbox 1961 3129 3522 3203; baseline 0.001 -19"><span class='ocrx_word' id='word_1_538' title='bbox 1961 3131 2140 3196; x_wconf 87' lang='lat' dir='ltr'><strong>Quare</strong></span> <span class='ocrx_word' id='word_1_539' title='bbox 2164 3136 2414 3183; x_wconf 85' lang='lat' dir='ltr'><strong>auctores</strong></span> <span class='ocrx_word' id='word_1_540' title='bbox 2439 3144 2654 3197; x_wconf 87' lang='lat' dir='ltr'><strong>sumus,</strong></span> <span class='ocrx_word' id='word_1_541' title='bbox 2697 3129 2864 3182; x_wconf 88' lang='lat' dir='ltr'><strong>Deum</strong></span> <span class='ocrx_word' id='word_1_542' title='bbox 2896 3131 3157 3193; x_wconf 83' lang='lat' dir='ltr'><strong>verearis,</strong></span> <span class='ocrx_word' id='word_1_543' title='bbox 3191 3147 3220 3187; x_wconf 86' lang='lat' dir='ltr'><strong>a</strong></span> <span class='ocrx_word' id='word_1_544' title='bbox 3248 3147 3356 3202; x_wconf 90' lang='lat' dir='ltr'><strong>quo</strong></span> <span class='ocrx_word' id='word_1_545' title='bbox 3375 3131 3522 3203; x_wconf 80' lang='lat' dir='ltr'><strong>judi-</strong></span> 
     </span>
    </p>
   </div>
   <div class='ocr_carea' id='block_1_75' title="bbox 1960 3218 3525 3293">
    <p class='ocr_par' dir='ltr' id='par_1_75' title="bbox 1960 3218 3525 3293">
     <span class='ocr_line' id='line_1_75' title="bbox 1960 3218 3525 3293; baseline 0.001 -16"><span class='ocrx_word' id='word_1_546' title='bbox 1960 3221 2069 3277; x_wconf 85' lang='lat' dir='ltr'><strong>cari</strong></span> <span class='ocrx_word' id='word_1_547' title='bbox 2119 3220 2278 3276; x_wconf 83' lang='lat' dir='ltr'><strong>debet</strong></span> <span class='ocrx_word' id='word_1_548' title='bbox 2318 3218 2754 3291; x_wconf 85' lang='lat' dir='ltr'><strong>uniuscujusque</strong></span> <span class='ocrx_word' id='word_1_549' title='bbox 2783 3222 2987 3288; x_wconf 90' lang='lat' dir='ltr'><strong>anima,</strong></span> <span class='ocrx_word' id='word_1_550' title='bbox 3018 3236 3118 3292; x_wconf 89' lang='lat' dir='ltr'><strong>pro</strong></span> <span class='ocrx_word' id='word_1_551' title='bbox 3150 3223 3215 3278; x_wconf 83' lang='lat' dir='ltr'><strong>iis</strong></span> <span class='ocrx_word' id='word_1_552' title='bbox 3266 3238 3388 3293; x_wconf 63' lang='lat' dir='ltr'><strong>quae</strong></span> <span class='ocrx_word' id='word_1_553' title='bbox 3436 3226 3525 3279; x_wconf 80' lang='lat' dir='ltr'><strong>hic</strong></span> 
     </span>
    </p>
   </div>
   <div class='ocr_carea' id='block_1_76' title="bbox 1958 3314 2175 3384">
    <p class='ocr_par' dir='ltr' id='par_1_76' title="bbox 1958 3314 2175 3384">
     <span class='ocr_line' id='line_1_76' title="bbox 1958 3314 2175 3384; baseline 0 -15"><span class='ocrx_word' id='word_1_554' title='bbox 1958 3314 2144 3384; x_wconf 76' lang='lat' dir='ltr'><strong>gessit.</strong></span> <span class='ocrx_word' id='word_1_555' title='bbox 2169 3320 2175 3329; x_wconf 87' lang='grc'><em>’</em></span> 
     </span>
    </p>
   </div>
   <div class='ocr_carea' id='block_1_77' title="bbox 2026 3400 3526 3473">
    <p class='ocr_par' dir='ltr' id='par_1_77' title="bbox 2026 3400 3526 3473">
     <span class='ocr_line' id='line_1_77' title="bbox 2026 3400 3526 3473; baseline 0.003 -17"><span class='ocrx_word' id='word_1_556' title='bbox 2026 3402 2193 3457; x_wconf 83' lang='lat' dir='ltr'><strong>XXX.</strong></span> <span class='ocrx_word' id='word_1_557' title='bbox 2228 3400 2353 3457; x_wconf 79' lang='lat' dir='ltr'><strong>Haec</strong></span> <span class='ocrx_word' id='word_1_558' title='bbox 2398 3402 2487 3456; x_wconf 88' lang='lat' dir='ltr'><strong>ille</strong></span> <span class='ocrx_word' id='word_1_559' title='bbox 2536 3401 2787 3464; x_wconf 86' lang='lat' dir='ltr'><strong>audiens,</strong></span> <span class='ocrx_word' id='word_1_560' title='bbox 2844 3400 2986 3456; x_wconf 88' lang='lat' dir='ltr'><strong>risit.</strong></span> <span class='ocrx_word' id='word_1_561' title='bbox 3035 3400 3282 3473; x_wconf 86' lang='lat' dir='ltr'><strong>Cumque</strong></span> <span class='ocrx_word' id='word_1_562' title='bbox 3317 3403 3526 3460; x_wconf 77' lang='lat' dir='ltr'><strong>dicere-</strong></span> 
     </span>
    </p>
   </div>
   <div class='ocr_carea' id='block_1_78' title="bbox 1956 3493 3518 3563">
    <p class='ocr_par' dir='ltr' id='par_1_78' title="bbox 1956 3493 3518 3563">
     <span class='ocr_line' id='line_1_78' title="bbox 1956 3493 3518 3563; baseline 0.001 -14"><span class='ocrx_word' id='word_1_563' title='bbox 1956 3510 2079 3551; x_wconf 91' lang='lat' dir='ltr'><strong>mus</strong></span> <span class='ocrx_word' id='word_1_564' title='bbox 2103 3512 2115 3546; x_wconf 88' lang='lat'><strong>:</strong></span> <span class='ocrx_word' id='word_1_565' title='bbox 2150 3493 2261 3549; x_wconf 93' lang='lat' dir='ltr'><strong>Cur</strong></span> <span class='ocrx_word' id='word_1_566' title='bbox 2289 3509 2383 3548; x_wconf 91' lang='lat' dir='ltr'><strong>eos</strong></span> <span class='ocrx_word' id='word_1_567' title='bbox 2410 3493 2627 3555; x_wconf 88' lang='lat' dir='ltr'><strong>irrides,</strong></span> <span class='ocrx_word' id='word_1_568' title='bbox 2654 3493 2749 3563; x_wconf 92' lang='lat' dir='ltr'><strong>qui</strong></span> <span class='ocrx_word' id='word_1_569' title='bbox 2785 3493 2882 3548; x_wconf 91' lang='lat' dir='ltr'><strong>tibi</strong></span> <span class='ocrx_word' id='word_1_570' title='bbox 2903 3493 3056 3548; x_wconf 90' lang='lat' dir='ltr'><strong>utilia</strong></span> <span class='ocrx_word' id='word_1_571' title='bbox 3085 3493 3356 3550; x_wconf 77' lang='lat' dir='ltr'><strong>suadent?</strong></span> <span class='ocrx_word' id='word_1_572' title='bbox 3378 3494 3474 3549; x_wconf 91' lang='lat' dir='ltr'><strong>llle</strong></span> <span class='ocrx_word' id='word_1_573' title='bbox 3502 3510 3518 3550; x_wconf 85' lang='lat'><strong>:</strong></span> 
     </span>
    </p>
   </div>
   <div class='ocr_carea' id='block_1_79' title="bbox 1961 3585 3524 3657">
    <p class='ocr_par' dir='ltr' id='par_1_79' title="bbox 1961 3585 3524 3657">
     <span class='ocr_line' id='line_1_79' title="bbox 1961 3585 3524 3657; baseline 0 -16"><span class='ocrx_word' id='word_1_574' title='bbox 1961 3588 2149 3649; x_wconf 83' lang='lat' dir='ltr'><strong>Rideo,</strong></span> <span class='ocrx_word' id='word_1_575' title='bbox 2198 3587 2406 3656; x_wconf 88' lang='lat' dir='ltr'><strong>inquit,</strong></span> <span class='ocrx_word' id='word_1_576' title='bbox 2454 3585 2676 3639; x_wconf 88' lang='lat' dir='ltr'><strong>stultam</strong></span> <span class='ocrx_word' id='word_1_577' title='bbox 2708 3585 3021 3654; x_wconf 91' lang='lat' dir='ltr'><strong>opinionem</strong></span> <span class='ocrx_word' id='word_1_578' title='bbox 3068 3595 3329 3651; x_wconf 82' lang='lat' dir='ltr'><strong>vestram,</strong></span> <span class='ocrx_word' id='word_1_579' title='bbox 3377 3586 3524 3657; x_wconf 79' lang='lat' dir='ltr'><strong>quod</strong></span> 
     </span>
    </p>
   </div>
   <div class='ocr_carea' id='block_1_80' title="bbox 1957 3675 3525 3752">
    <p class='ocr_par' dir='ltr' id='par_1_80' title="bbox 1957 3675 3525 3752">
     <span class='ocr_line' id='line_1_80' title="bbox 1957 3675 3525 3752; baseline 0 -17"><span class='ocrx_word' id='word_1_580' title='bbox 1957 3680 2179 3735; x_wconf 80' lang='lat' dir='ltr'><strong>creditis</strong></span> <span class='ocrx_word' id='word_1_581' title='bbox 2213 3678 2573 3733; x_wconf 89' lang='lat' dir='ltr'><strong>immortalem</strong></span> <span class='ocrx_word' id='word_1_582' title='bbox 2603 3693 2725 3733; x_wconf 86' lang='lat' dir='ltr'><strong>esse</strong></span> <span class='ocrx_word' id='word_1_583' title='bbox 2754 3678 2993 3732; x_wconf 80' lang='lat' dir='ltr'><strong>hominis</strong></span> <span class='ocrx_word' id='word_1_584' title='bbox 3020 3677 3282 3731; x_wconf 87' lang='lat' dir='ltr'><strong>animam.</strong></span> <span class='ocrx_word' id='word_1_585' title='bbox 3311 3675 3377 3733; x_wconf 85' lang='lat' dir='ltr'><strong>Et</strong></span> <span class='ocrx_word' id='word_1_586' title='bbox 3425 3695 3525 3752; x_wconf 76' lang='lat' dir='ltr'><strong>ego</strong></span> 
     </span>
    </p>
   </div>
   <div class='ocr_carea' id='block_1_81' title="bbox 1959 3768 3516 3843">
    <p class='ocr_par' dir='ltr' id='par_1_81' title="bbox 1959 3768 3516 3843">
     <span class='ocr_line' id='line_1_81' title="bbox 1959 3768 3516 3843; baseline 0 -15"><span class='ocrx_word' id='word_1_587' title='bbox 1959 3774 2212 3843; x_wconf 76' lang='lat' dir='ltr'><strong>respondi</strong></span> <span class='ocrx_word' id='word_1_588' title='bbox 2248 3789 2262 3825; x_wconf 91' lang='lat'><strong>:</strong></span> <span class='ocrx_word' id='word_1_589' title='bbox 2294 3770 2414 3825; x_wconf 86' lang='lat' dir='ltr'><strong>Non</strong></span> <span class='ocrx_word' id='word_1_590' title='bbox 2462 3771 2750 3833; x_wconf 86' lang='lat' dir='ltr'><strong>miramur,</strong></span> <span class='ocrx_word' id='word_1_591' title='bbox 2780 3786 2813 3824; x_wconf 89' lang='grc' dir='ltr'><strong>ο</strong></span> <span class='ocrx_word' id='word_1_592' title='bbox 2844 3769 3056 3837; x_wconf 88' lang='lat' dir='ltr'><strong>Simon,</strong></span> <span class='ocrx_word' id='word_1_593' title='bbox 3103 3772 3147 3825; x_wconf 91' lang='lat' dir='ltr'><strong>si</strong></span> <span class='ocrx_word' id='word_1_594' title='bbox 3186 3768 3372 3826; x_wconf 86' lang='lat' dir='ltr'><strong>fallere</strong></span> <span class='ocrx_word' id='word_1_595' title='bbox 3414 3786 3516 3829; x_wconf 67' lang='lat' dir='ltr'><strong>n03</strong></span> 
     </span>
    </p>
   </div>
   <div class='ocr_carea' id='block_1_82' title="bbox 1958 3862 3518 3932">
    <p class='ocr_par' dir='ltr' id='par_1_82' title="bbox 1958 3862 3518 3932">
     <span class='ocr_line' id='line_1_82' title="bbox 1958 3862 3518 3932; baseline -0.002 -12"><span class='ocrx_word' id='word_1_596' title='bbox 1958 3868 2194 3925; x_wconf 77' lang='lat' dir='ltr'><strong>conaris,</strong></span> <span class='ocrx_word' id='word_1_597' title='bbox 2241 3868 2331 3917; x_wconf 88' lang='lat' dir='ltr'><strong>sed</strong></span> <span class='ocrx_word' id='word_1_598' title='bbox 2364 3863 2825 3932; x_wconf 87' lang='lat' dir='ltr'><strong>obstupescimus,</strong></span> <span class='ocrx_word' id='word_1_599' title='bbox 2877 3877 2985 3932; x_wconf 88' lang='lat' dir='ltr'><strong>qua</strong></span> <span class='ocrx_word' id='word_1_600' title='bbox 3022 3862 3233 3917; x_wconf 88' lang='lat' dir='ltr'><strong>ratione</strong></span> <span class='ocrx_word' id='word_1_601' title='bbox 3261 3863 3429 3917; x_wconf 89' lang='lat' dir='ltr'><strong>etiam</strong></span> <span class='ocrx_word' id='word_1_602' title='bbox 3463 3872 3518 3918; x_wconf 84' lang='lat' dir='ltr'><strong>te</strong></span> 
     </span>
    </p>
   </div>
   <div class='ocr_carea' id='block_1_83' title="bbox 1959 3949 3524 4026">
    <p class='ocr_par' dir='ltr' id='par_1_83' title="bbox 1959 3949 3524 4026">
     <span class='ocr_line' id='line_1_83' title="bbox 1959 3949 3524 4026; baseline -0.002 -16"><span class='ocrx_word' id='word_1_603' title='bbox 1959 3959 2072 4026; x_wconf 90' lang='lat' dir='ltr'><strong>ipse</strong></span> <span class='ocrx_word' id='word_1_604' title='bbox 2099 3955 2359 4024; x_wconf 75' lang='lat' dir='ltr'><strong>decipias.</strong></span> <span class='ocrx_word' id='word_1_605' title='bbox 2390 3952 2567 4007; x_wconf 79' lang='lat' dir='ltr'><strong>Effare</strong></span> <span class='ocrx_word' id='word_1_606' title='bbox 2591 3953 2756 4023; x_wconf 80' lang='lat' dir='ltr'><strong>igitur</strong></span> <span class='ocrx_word' id='word_1_607' title='bbox 2778 3952 2958 4017; x_wconf 89' lang='lat' dir='ltr'><strong>nobis,</strong></span> <span class='ocrx_word' id='word_1_608' title='bbox 2994 3949 3215 4016; x_wconf 89' lang='lat' dir='ltr'><strong>Simon;</strong></span> <span class='ocrx_word' id='word_1_609' title='bbox 3249 3952 3371 4007; x_wconf 86' lang='lat' dir='ltr'><strong>licet</strong></span> <span class='ocrx_word' id='word_1_610' title='bbox 3394 3953 3524 4007; x_wconf 51' lang='lat' dir='ltr'><strong>alio.</strong></span> 
     </span>
    </p>
   </div>
   <div class='ocr_carea' id='block_1_84' title="bbox 1958 4045 3523 4117">
    <p class='ocr_par' dir='ltr' id='par_1_84' title="bbox 1958 4045 3523 4117">
     <span class='ocr_line' id='line_1_84' title="bbox 1958 4045 3523 4117; baseline -0.002 -16"><span class='ocrx_word' id='word_1_611' title='bbox 1958 4065 2076 4101; x_wconf 88' lang='lat' dir='ltr'><strong>rum</strong></span> <span class='ocrx_word' id='word_1_612' title='bbox 2119 4062 2278 4101; x_wconf 91' lang='lat' dir='ltr'><strong>nemo</strong></span> <span class='ocrx_word' id='word_1_613' title='bbox 2313 4056 2652 4117; x_wconf 91' lang='lat' dir='ltr'><strong>compertum</strong></span> <span class='ocrx_word' id='word_1_614' title='bbox 2693 4047 2940 4111; x_wconf 88' lang='lat' dir='ltr'><strong>haberet,</strong></span> <span class='ocrx_word' id='word_1_615' title='bbox 2980 4045 3219 4101; x_wconf 84' lang='lat' dir='ltr'><strong>animam</strong></span> <span class='ocrx_word' id='word_1_616' title='bbox 3262 4061 3383 4101; x_wconf 89' lang='lat' dir='ltr'><strong>esse</strong></span> <span class='ocrx_word' id='word_1_617' title='bbox 3419 4047 3523 4099; x_wconf 86' lang='lat' dir='ltr'><strong>im-</strong></span> 
     </span>
    </p>
   </div>
   <div class='ocr_carea' id='block_1_85' title="bbox 1959 4136 3517 4205">
    <p class='ocr_par' dir='ltr' id='par_1_85' title="bbox 1959 4136 3517 4205">
     <span class='ocr_line' id='line_1_85' title="bbox 1959 4136 3517 4205; baseline -0.001 -15"><span class='ocrx_word' id='word_1_618' title='bbox 1959 4138 2275 4203; x_wconf 84' lang='lat' dir='ltr'><strong>mortalem;</strong></span> <span class='ocrx_word' id='word_1_619' title='bbox 2327 4147 2386 4193; x_wconf 88' lang='lat' dir='ltr'><strong>ttt</strong></span> <span class='ocrx_word' id='word_1_620' title='bbox 2427 4149 2609 4191; x_wconf 89' lang='lat' dir='ltr'><strong>tamen</strong></span> <span class='ocrx_word' id='word_1_621' title='bbox 2638 4146 2690 4191; x_wconf 91' lang='lat' dir='ltr'><strong>et</strong></span> <span class='ocrx_word' id='word_1_622' title='bbox 2715 4151 2816 4191; x_wconf 91' lang='lat' dir='ltr'><strong>nos</strong></span> <span class='ocrx_word' id='word_1_623' title='bbox 2843 4137 3106 4191; x_wconf 85' lang='lat' dir='ltr'><strong>habemus</strong></span> <span class='ocrx_word' id='word_1_624' title='bbox 3136 4150 3148 4187; x_wconf 89' lang='lat'><strong>:</strong></span> <span class='ocrx_word' id='word_1_625' title='bbox 3184 4147 3239 4190; x_wconf 89' lang='lat' dir='ltr'><strong>tu</strong></span> <span class='ocrx_word' id='word_1_626' title='bbox 3271 4136 3517 4205; x_wconf 82' lang='lat' dir='ltr'><strong>quidem,</strong></span> 
     </span>
    </p>
   </div>
   <div class='ocr_carea' id='block_1_86' title="bbox 1959 4226 3522 4298">
    <p class='ocr_par' dir='ltr' id='par_1_86' title="bbox 1959 4226 3522 4298">
     <span class='ocr_line' id='line_1_86' title="bbox 1959 4226 3522 4298; baseline -0.001 -17"><span class='ocrx_word' id='word_1_627' title='bbox 1959 4237 2017 4281; x_wconf 92' lang='lat' dir='ltr'><strong>ut</strong></span> <span class='ocrx_word' id='word_1_628' title='bbox 2046 4230 2137 4298; x_wconf 91' lang='lat' dir='ltr'><strong>qui</strong></span> <span class='ocrx_word' id='word_1_629' title='bbox 2164 4243 2283 4281; x_wconf 91' lang='lat' dir='ltr'><strong>eam</strong></span> <span class='ocrx_word' id='word_1_630' title='bbox 2310 4244 2340 4283; x_wconf 89' lang='lat' dir='ltr'><strong>a</strong></span> <span class='ocrx_word' id='word_1_631' title='bbox 2377 4242 2607 4297; x_wconf 86' lang='lat' dir='ltr'><strong>corpore</strong></span> <span class='ocrx_word' id='word_1_632' title='bbox 2641 4231 2883 4282; x_wconf 90' lang='lat' dir='ltr'><strong>humano</strong></span> <span class='ocrx_word' id='word_1_633' title='bbox 2908 4226 3196 4292; x_wconf 88' lang='lat' dir='ltr'><strong>diremisti,</strong></span> <span class='ocrx_word' id='word_1_634' title='bbox 3235 4227 3329 4297; x_wconf 91' lang='lat' dir='ltr'><strong>qui</strong></span> <span class='ocrx_word' id='word_1_635' title='bbox 3358 4226 3522 4280; x_wconf 58' lang='lat' dir='ltr'><strong>collo.</strong></span> 
     </span>
    </p>
   </div>
   <div class='ocr_carea' id='block_1_87' title="bbox 1956 4317 3520 4389">
    <p class='ocr_par' dir='ltr' id='par_1_87' title="bbox 1956 4317 3520 4389">
     <span class='ocr_line' id='line_1_87' title="bbox 1956 4317 3520 4389; baseline -0.001 -14"><span class='ocrx_word' id='word_1_636' title='bbox 1956 4328 2119 4375; x_wconf 90' lang='lat' dir='ltr'><strong>cutus</strong></span> <span class='ocrx_word' id='word_1_637' title='bbox 2147 4334 2228 4385; x_wconf 88' lang='lat' dir='ltr'><strong>es,</strong></span> <span class='ocrx_word' id='word_1_638' title='bbox 2254 4319 2348 4389; x_wconf 89' lang='lat' dir='ltr'><strong>qui</strong></span> <span class='ocrx_word' id='word_1_639' title='bbox 2381 4320 2693 4388; x_wconf 89' lang='lat' dir='ltr'><strong>imperasti:</strong></span> <span class='ocrx_word' id='word_1_640' title='bbox 2718 4334 2818 4374; x_wconf 91' lang='lat' dir='ltr'><strong>nos</strong></span> <span class='ocrx_word' id='word_1_641' title='bbox 2843 4334 2994 4383; x_wconf 76' lang='lat' dir='ltr'><strong>vero,</strong></span> <span class='ocrx_word' id='word_1_642' title='bbox 3014 4327 3073 4372; x_wconf 90' lang='lat' dir='ltr'><strong>ut</strong></span> <span class='ocrx_word' id='word_1_643' title='bbox 3102 4319 3194 4388; x_wconf 90' lang='lat' dir='ltr'><strong>qui</strong></span> <span class='ocrx_word' id='word_1_644' title='bbox 3222 4317 3520 4382; x_wconf 86' lang='lat' dir='ltr'><strong>adfuimus,</strong></span> 
     </span>
    </p>
   </div>
   <div class='ocr_carea' id='block_1_88' title="bbox 1956 4410 3520 4482">
    <p class='ocr_par' dir='ltr' id='par_1_88' title="bbox 1956 4410 3520 4482">
     <span class='ocr_line' id='line_1_88' title="bbox 1956 4410 3520 4482; baseline -0.003 -14"><span class='ocrx_word' id='word_1_645' title='bbox 1956 4421 2010 4468; x_wconf 91' lang='lat' dir='ltr'><strong>et</strong></span> <span class='ocrx_word' id='word_1_646' title='bbox 2056 4412 2348 4482; x_wconf 85' lang='lat' dir='ltr'><strong>imperium</strong></span> <span class='ocrx_word' id='word_1_647' title='bbox 2384 4410 2714 4477; x_wconf 80' lang='lat' dir='ltr'><strong>audivimus,</strong></span> <span class='ocrx_word' id='word_1_648' title='bbox 2745 4419 2801 4464; x_wconf 92' lang='lat' dir='ltr'><strong>et</strong></span> <span class='ocrx_word' id='word_1_649' title='bbox 2834 4411 2979 4480; x_wconf 91' lang='lat' dir='ltr'><strong>quod</strong></span> <span class='ocrx_word' id='word_1_650' title='bbox 3024 4410 3237 4481; x_wconf 88' lang='lat' dir='ltr'><strong>jussum</strong></span> <span class='ocrx_word' id='word_1_651' title='bbox 3268 4419 3351 4467; x_wconf 90' lang='lat' dir='ltr'><strong>est</strong></span> <span class='ocrx_word' id='word_1_652' title='bbox 3378 4410 3520 4465; x_wconf 81' lang='lat' dir='ltr'><strong>vidi-</strong></span> 
     </span>
    </p>
   </div>
   <div class='ocr_carea' id='block_1_89' title="bbox 282 4487 1878 4574">
    <p class='ocr_par' dir='ltr' id='par_1_89' title="bbox 282 4487 1867 4567">
     <span class='ocr_line' id='line_1_89' title="bbox 282 4487 1867 4567; baseline -0.002 -17"><span class='ocrx_word' id='word_1_653' title='bbox 282 4495 530 4567; x_wconf 79' lang='grc' dir='ltr'><strong>ὲναργῶς</strong></span> <span class='ocrx_word' id='word_1_654' title='bbox 550 4495 950 4565; x_wconf 81' lang='grc' dir='ltr'><strong>ἱστορήσαντες.</strong></span> <span class='ocrx_word' id='word_1_655' title='bbox 970 4494 1079 4547; x_wconf 81' lang='grc' dir='ltr'><strong>Καὶ</strong></span> <span class='ocrx_word' id='word_1_656' title='bbox 1102 4494 1130 4545; x_wconf 91' lang='grc' dir='ltr'><strong>ό</strong></span> <span class='ocrx_word' id='word_1_657' title='bbox 1157 4493 1355 4563; x_wconf 88' lang='grc' dir='ltr'><strong>Σίμων·</strong></span> <span class='ocrx_word' id='word_1_658' title='bbox 1388 4492 1527 4561; x_wconf 86' lang='grc' dir='ltr'><strong>Ἐγὼ</strong></span> <span class='ocrx_word' id='word_1_659' title='bbox 1553 4492 1651 4564; x_wconf 84' lang='grc' dir='ltr'><strong>μὲν</strong></span> <span class='ocrx_word' id='word_1_660' title='bbox 1673 4487 1787 4547; x_wconf 72' lang='grc' dir='ltr'><strong>οἶδα</strong></span> <span class='ocrx_word' id='word_1_661' title='bbox 1811 4498 1867 4553; x_wconf 77' lang='grc' dir='ltr'><strong>τι</strong></span> 
     </span>
    </p>
   </div>
   <div class='ocr_carea' id='block_1_90' title="bbox 1959 4487 3521 4574">
    <p class='ocr_par' dir='ltr' id='par_1_90' title="bbox 1968 4501 3521 4574">
     <span class='ocr_line' id='line_1_90' title="bbox 1968 4501 3521 4574; baseline -0.001 -15"><span class='ocrx_word' id='word_1_662' title='bbox 1968 4520 2091 4561; x_wconf 91' lang='lat' dir='ltr'><strong>mus</strong></span> <span class='ocrx_word' id='word_1_663' title='bbox 2132 4505 2295 4560; x_wconf 83' lang='lat' dir='ltr'><strong>clare.</strong></span> <span class='ocrx_word' id='word_1_664' title='bbox 2328 4504 2404 4556; x_wconf 85' lang='lat' dir='ltr'><strong>Ad</strong></span> <span class='ocrx_word' id='word_1_665' title='bbox 2432 4503 2546 4557; x_wconf 76' lang='lat' dir='ltr'><strong>haec</strong></span> <span class='ocrx_word' id='word_1_666' title='bbox 2589 4501 2779 4558; x_wconf 89' lang='lat' dir='ltr'><strong>Simon</strong></span> <span class='ocrx_word' id='word_1_667' title='bbox 2813 4520 2827 4558; x_wconf 90' lang='lat'><strong>:</strong></span> <span class='ocrx_word' id='word_1_668' title='bbox 2858 4501 2971 4574; x_wconf 80' lang='lat' dir='ltr'><strong>Ego</strong></span> <span class='ocrx_word' id='word_1_669' title='bbox 3002 4501 3223 4574; x_wconf 91' lang='lat' dir='ltr'><strong>quidem</strong></span> <span class='ocrx_word' id='word_1_670' title='bbox 3249 4502 3364 4558; x_wconf 90' lang='lat' dir='ltr'><strong>scio</strong></span> <span class='ocrx_word' id='word_1_671' title='bbox 3390 4503 3521 4573; x_wconf 91' lang='lat' dir='ltr'><strong>quid</strong></span> 
     </span>
    </p>
   </div>
   <div class='ocr_carea' id='block_1_91' title="bbox 282 4581 1850 4654">
    <p class='ocr_par' dir='ltr' id='par_1_91' title="bbox 282 4581 1850 4654">
     <span class='ocr_line' id='line_1_91' title="bbox 282 4581 1850 4654; baseline 0.001 -16"><span class='ocrx_word' id='word_1_672' title='bbox 282 4585 469 4653; x_wconf 83' lang='grc' dir='ltr'><strong>λέγετε</strong></span> <span class='ocrx_word' id='word_1_673' title='bbox 489 4601 502 4614; x_wconf 91' lang='grc'><strong>·</strong></span> <span class='ocrx_word' id='word_1_674' title='bbox 535 4585 693 4654; x_wconf 83' lang='grc' dir='ltr'><strong>ὑμεῖς</strong></span> <span class='ocrx_word' id='word_1_675' title='bbox 716 4583 773 4635; x_wconf 80' lang='grc' dir='ltr'><strong>δὲ</strong></span> <span class='ocrx_word' id='word_1_676' title='bbox 799 4583 898 4636; x_wconf 75' lang='grc' dir='ltr'><strong>οὐκ</strong></span> <span class='ocrx_word' id='word_1_677' title='bbox 930 4582 1107 4636; x_wconf 76' lang='grc' dir='ltr'><strong>οἴδατε</strong></span> <span class='ocrx_word' id='word_1_678' title='bbox 1134 4581 1259 4653; x_wconf 74' lang='grc' dir='ltr'><strong>περὶ</strong></span> <span class='ocrx_word' id='word_1_679' title='bbox 1282 4582 1424 4645; x_wconf 88' lang='grc' dir='ltr'><strong>τίνος</strong></span> <span class='ocrx_word' id='word_1_680' title='bbox 1450 4582 1496 4613; x_wconf 74' lang='grc'><strong>⁸⁸</strong></span> <span class='ocrx_word' id='word_1_681' title='bbox 1521 4581 1850 4651; x_wconf 84' lang='grc' dir='ltr'><strong>διαλέγεσθε.</strong></span> 
     </span>
    </p>
   </div>
   <div class='ocr_carea' id='block_1_92' title="bbox 284 4668 1853 4748">
    <p class='ocr_par' dir='ltr' id='par_1_92' title="bbox 284 4668 1853 4748">
     <span class='ocr_line' id='line_1_92' title="bbox 284 4668 1853 4748; baseline -0.002 -18"><span class='ocrx_word' id='word_1_682' title='bbox 284 4677 393 4730; x_wconf 73' lang='grc' dir='ltr'><strong>Καὶ</strong></span> <span class='ocrx_word' id='word_1_683' title='bbox 427 4672 539 4744; x_wconf 80' lang='grc' dir='ltr'><strong>ἐγὼ</strong></span> <span class='ocrx_word' id='word_1_684' title='bbox 576 4674 821 4745; x_wconf 81' lang='grc' dir='ltr'><strong>Νικήτης</strong></span> <span class='ocrx_word' id='word_1_685' title='bbox 845 4673 977 4745; x_wconf 77' lang='grc' dir='ltr'><strong>ἔφην</strong></span> <span class='ocrx_word' id='word_1_686' title='bbox 1000 4690 1013 4704; x_wconf 88' lang='grc'><strong>·</strong></span> <span class='ocrx_word' id='word_1_687' title='bbox 1062 4673 1211 4726; x_wconf 75' lang='grc' dir='ltr'><strong>Ἐπεὶ</strong></span> <span class='ocrx_word' id='word_1_688' title='bbox 1232 4668 1395 4736; x_wconf 79' lang='grc' dir='ltr'><strong>οἶδας,</strong></span> <span class='ocrx_word' id='word_1_689' title='bbox 1429 4671 1584 4741; x_wconf 80' lang='grc' dir='ltr'><strong>λέγε·</strong></span> <span class='ocrx_word' id='word_1_690' title='bbox 1611 4675 1660 4726; x_wconf 85' lang='grc' dir='ltr'><strong>εί</strong></span> <span class='ocrx_word' id='word_1_691' title='bbox 1699 4674 1755 4727; x_wconf 83' lang='grc' dir='ltr'><strong>δὲ</strong></span> <span class='ocrx_word' id='word_1_692' title='bbox 1780 4675 1853 4748; x_wconf 82' lang='grc' dir='ltr'><strong>μὴ</strong></span> 
     </span>
    </p>
   </div>
   <div class='ocr_carea' id='block_1_93' title="bbox 282 4762 1855 4843">
    <p class='ocr_par' dir='ltr' id='par_1_93' title="bbox 282 4762 1855 4843">
     <span class='ocr_line' id='line_1_93' title="bbox 282 4762 1855 4843; baseline -0.006 -21"><span class='ocrx_word' id='word_1_693' title='bbox 282 4763 450 4831; x_wconf 82' lang='grc' dir='ltr'><strong>οἶδας,</strong></span> <span class='ocrx_word' id='word_1_694' title='bbox 486 4768 561 4839; x_wconf 83' lang='grc' dir='ltr'><strong>μὴ</strong></span> <span class='ocrx_word' id='word_1_695' title='bbox 585 4766 729 4820; x_wconf 85' lang='grc' dir='ltr'><strong>δόκει</strong></span> <span class='ocrx_word' id='word_1_696' title='bbox 754 4767 899 4835; x_wconf 78' lang='grc' dir='ltr'><strong>ἡμᾶς</strong></span> <span class='ocrx_word' id='word_1_697' title='bbox 923 4764 1000 4836; x_wconf 80' lang='grc' dir='ltr'><strong>τῷ</strong></span> <span class='ocrx_word' id='word_1_698' title='bbox 1023 4764 1200 4833; x_wconf 83' lang='grc' dir='ltr'><strong>λέγειν</strong></span> <span class='ocrx_word' id='word_1_699' title='bbox 1227 4763 1286 4817; x_wconf 77' lang='grc' dir='ltr'><strong>σὲ</strong></span> <span class='ocrx_word' id='word_1_700' title='bbox 1332 4763 1431 4835; x_wconf 81' lang='grc' dir='ltr'><strong>μὲν</strong></span> <span class='ocrx_word' id='word_1_701' title='bbox 1457 4762 1674 4829; x_wconf 75' lang='grc' dir='ltr'><strong>εἰδέναι,</strong></span> <span class='ocrx_word' id='word_1_702' title='bbox 1708 4764 1855 4843; x_wconf 70' lang='grc' dir='ltr'><strong>ἡμᾶς</strong></span> 
     </span>
    </p>
   </div>
   <div class='ocr_carea' id='block_1_94' title="bbox 284 4854 1853 4932">
    <p class='ocr_par' dir='ltr' id='par_1_94' title="bbox 284 4854 1853 4932">
     <span class='ocr_line' id='line_1_94' title="bbox 284 4854 1853 4932; baseline -0.003 -17"><span class='ocrx_word' id='word_1_703' title='bbox 284 4860 339 4915; x_wconf 67' lang='grc' dir='ltr'><strong>δὲ</strong></span> <span class='ocrx_word' id='word_1_704' title='bbox 364 4861 462 4932; x_wconf 81' lang='grc' dir='ltr'><strong>μὴ,</strong></span> <span class='ocrx_word' id='word_1_705' title='bbox 478 4858 791 4913; x_wconf 79' lang='grc' dir='ltr'><strong>ἀπατᾶσθαι</strong></span> <span class='ocrx_word' id='word_1_706' title='bbox 812 4854 1085 4912; x_wconf 84' lang='grc' dir='ltr'><strong>δύνασθαι.</strong></span> <span class='ocrx_word' id='word_1_707' title='bbox 1104 4858 1178 4911; x_wconf 85' lang='grc' dir='ltr'><strong>Ού</strong></span> <span class='ocrx_word' id='word_1_708' title='bbox 1189 4858 1297 4928; x_wconf 90' lang='grc' dir='ltr'><strong>γάρ</strong></span> <span class='ocrx_word' id='word_1_709' title='bbox 1317 4858 1479 4927; x_wconf 84' lang='grc' dir='ltr'><strong>ἐσμεν</strong></span> <span class='ocrx_word' id='word_1_710' title='bbox 1498 4855 1638 4910; x_wconf 76' lang='grc' dir='ltr'><strong>οὕτω</strong></span> <span class='ocrx_word' id='word_1_711' title='bbox 1652 4857 1853 4929; x_wconf 80' lang='grc' dir='ltr'><strong>νήπιοι,</strong></span> 
     </span>
    </p>
   </div>
   <div class='ocr_carea' id='block_1_95' title="bbox 287 4947 1857 5024">
    <p class='ocr_par' dir='ltr' id='par_1_95' title="bbox 287 4947 1857 5024">
     <span class='ocr_line' id='line_1_95' title="bbox 287 4947 1857 5024; baseline 0 -19"><span class='ocrx_word' id='word_1_712' title='bbox 287 4953 371 5005; x_wconf 78' lang='grc' dir='ltr'><strong>ἵνα</strong></span> <span class='ocrx_word' id='word_1_713' title='bbox 395 4948 704 5024; x_wconf 78' lang='grc' dir='ltr'><strong>πανοῦργον</strong></span> <span class='ocrx_word' id='word_1_714' title='bbox 727 4950 1019 5024; x_wconf 79' lang='grc' dir='ltr'><strong>ἐνσπείρῃς</strong></span> <span class='ocrx_word' id='word_1_715' title='bbox 1042 4952 1174 5021; x_wconf 77' lang='grc' dir='ltr'><strong>ἡμῖν</strong></span> <span class='ocrx_word' id='word_1_716' title='bbox 1196 4948 1451 5018; x_wconf 78' lang='grc' dir='ltr'><strong>ὑποψίαν,</strong></span> <span class='ocrx_word' id='word_1_717' title='bbox 1479 4948 1575 5003; x_wconf 74' lang='grc' dir='ltr'><strong>καὶ</strong></span> <span class='ocrx_word' id='word_1_718' title='bbox 1597 4948 1676 5020; x_wconf 82' lang='grc' dir='ltr'><strong>τῷ</strong></span> <span class='ocrx_word' id='word_1_719' title='bbox 1696 4947 1742 4982; x_wconf 67' lang='grc' dir='ltr'><strong>’τ</strong></span> <span class='ocrx_word' id='word_1_720' title='bbox 1768 4968 1857 5005; x_wconf 88' lang='grc' dir='ltr'><strong>νο-</strong></span> 
     </span>
    </p>
   </div>
   <div class='ocr_carea' id='block_1_96' title="bbox 292 5030 1873 5115">
    <p class='ocr_par' dir='ltr' id='par_1_96' title="bbox 292 5030 1873 5115">
     <span class='ocr_line' id='line_1_96' title="bbox 292 5030 1873 5115; baseline 0 -19"><span class='ocrx_word' id='word_1_721' title='bbox 292 5045 465 5114; x_wconf 79' lang='grc' dir='ltr'><strong>μίζειν</strong></span> <span class='ocrx_word' id='word_1_722' title='bbox 506 5043 565 5098; x_wconf 88' lang='grc' dir='ltr'><strong>σέ</strong></span> <span class='ocrx_word' id='word_1_723' title='bbox 601 5044 784 5097; x_wconf 84' lang='grc' dir='ltr'><strong>τιτῶν</strong></span> <span class='ocrx_word' id='word_1_724' title='bbox 825 5043 1148 5115; x_wconf 78' lang='grc' dir='ltr'><strong>ἀπορρήτων</strong></span> <span class='ocrx_word' id='word_1_725' title='bbox 1189 5038 1401 5106; x_wconf 81' lang='grc' dir='ltr'><strong>ειδέναι,</strong></span> <span class='ocrx_word' id='word_1_726' title='bbox 1428 5041 1473 5074; x_wconf 82' lang='grc'><strong>⁸⁸</strong></span> <span class='ocrx_word' id='word_1_727' title='bbox 1512 5030 1873 5113; x_wconf 59' lang='grc' dir='ltr'><strong>ὑποχειρίους</strong></span> 
     </span>
    </p>
   </div>
   <div class='ocr_carea' id='block_1_97' title="bbox 287 5133 543 5209">
    <p class='ocr_par' dir='ltr' id='par_1_97' title="bbox 287 5133 543 5209">
     <span class='ocr_line' id='line_1_97' title="bbox 287 5133 543 5209; baseline 0 0"><span class='ocrx_word' id='word_1_728' title='bbox 287 5134 457 5209; x_wconf 68' lang='grc' dir='ltr'><strong>λάδος</strong></span> <span class='ocrx_word' id='word_1_729' title='bbox 477 5133 543 5189; x_wconf 83' lang='grc'><strong>⁸⁸-</strong></span> 
     </span>
    </p>
   </div>
   <div class='ocr_carea' id='block_1_98' title="bbox 354 5258 1857 5337">
    <p class='ocr_par' dir='ltr' id='par_1_98' title="bbox 354 5258 1857 5337">
     <span class='ocr_line' id='line_1_98' title="bbox 354 5258 1857 5337; baseline -0.002 -16"><span class='ocrx_word' id='word_1_730' title='bbox 354 5265 550 5322; x_wconf 79' lang='lat' dir='ltr'><strong>XXXI.</strong></span> <span class='ocrx_word' id='word_1_731' title='bbox 579 5266 690 5319; x_wconf 76' lang='grc' dir='ltr'><strong>Καὶ</strong></span> <span class='ocrx_word' id='word_1_732' title='bbox 718 5268 747 5320; x_wconf 86' lang='grc' dir='ltr'><strong>ό</strong></span> <span class='ocrx_word' id='word_1_733' title='bbox 775 5261 957 5337; x_wconf 88' lang='grc' dir='ltr'><strong>Σίμων</strong></span> <span class='ocrx_word' id='word_1_734' title='bbox 988 5264 1120 5335; x_wconf 71' lang='grc' dir='ltr'><strong>ἔφη⁸</strong></span> <span class='ocrx_word' id='word_1_735' title='bbox 1154 5262 1276 5318; x_wconf 86' lang='grc' dir='ltr'><strong>Ὅτι</strong></span> <span class='ocrx_word' id='word_1_736' title='bbox 1305 5262 1403 5335; x_wconf 87' lang='grc' dir='ltr'><strong>μὲν</strong></span> <span class='ocrx_word' id='word_1_737' title='bbox 1423 5258 1660 5334; x_wconf 83' lang='grc' dir='ltr'><strong>ἐχώρισα</strong></span> <span class='ocrx_word' id='word_1_738' title='bbox 1680 5262 1857 5335; x_wconf 82' lang='grc' dir='ltr'><strong>ψυχήν</strong></span> 
     </span>
    </p>
   </div>
   <div class='ocr_carea' id='block_1_99' title="bbox 291 5350 1857 5433">
    <p class='ocr_par' dir='ltr' id='par_1_99' title="bbox 291 5350 1857 5433">
     <span class='ocr_line' id='line_1_99' title="bbox 291 5350 1857 5433; baseline -0.003 -20"><span class='ocrx_word' id='word_1_739' title='bbox 291 5354 625 5433; x_wconf 83' lang='grc' dir='ltr'><strong>ἀνθρωπείου</strong></span> <span class='ocrx_word' id='word_1_740' title='bbox 658 5357 929 5429; x_wconf 79' lang='grc' dir='ltr'><strong>σώματος,</strong></span> <span class='ocrx_word' id='word_1_741' title='bbox 977 5353 1095 5411; x_wconf 79' lang='grc' dir='ltr'><strong>οἶδα</strong></span> <span class='ocrx_word' id='word_1_742' title='bbox 1146 5352 1290 5428; x_wconf 73' lang='grc' dir='ltr'><strong>ὑμᾶς</strong></span> <span class='ocrx_word' id='word_1_743' title='bbox 1309 5350 1542 5419; x_wconf 70' lang='grc' dir='ltr'><strong>εἰδόταςι</strong></span> <span class='ocrx_word' id='word_1_744' title='bbox 1573 5356 1656 5409; x_wconf 84' lang='grc' dir='ltr'><strong>ὅτι</strong></span> <span class='ocrx_word' id='word_1_745' title='bbox 1681 5355 1736 5410; x_wconf 85' lang='grc' dir='ltr'><strong>δὲ</strong></span> <span class='ocrx_word' id='word_1_746' title='bbox 1759 5355 1857 5427; x_wconf 84' lang='grc' dir='ltr'><strong>οὐχ</strong></span> 
     </span>
    </p>
   </div>
   <div class='ocr_carea' id='block_1_100' title="bbox 1962 4594 3524 4666">
    <p class='ocr_par' dir='ltr' id='par_1_100' title="bbox 1962 4594 3524 4666">
     <span class='ocr_line' id='line_1_100' title="bbox 1962 4594 3524 4666; baseline -0.001 -15"><span class='ocrx_word' id='word_1_747' title='bbox 1962 4597 2190 4661; x_wconf 87' lang='lat' dir='ltr'><strong>dicatis;</strong></span> <span class='ocrx_word' id='word_1_748' title='bbox 2217 4612 2313 4650; x_wconf 72' lang='lat' dir='ltr'><strong>vos</strong></span> <span class='ocrx_word' id='word_1_749' title='bbox 2337 4605 2516 4650; x_wconf 89' lang='lat' dir='ltr'><strong>autem</strong></span> <span class='ocrx_word' id='word_1_750' title='bbox 2541 4594 2763 4651; x_wconf 88' lang='lat' dir='ltr'><strong>nescitis</strong></span> <span class='ocrx_word' id='word_1_751' title='bbox 2791 4610 2899 4666; x_wconf 89' lang='lat' dir='ltr'><strong>qua</strong></span> <span class='ocrx_word' id='word_1_752' title='bbox 2929 4596 2994 4650; x_wconf 90' lang='lat' dir='ltr'><strong>de</strong></span> <span class='ocrx_word' id='word_1_753' title='bbox 3018 4609 3077 4651; x_wconf 89' lang='lat' dir='ltr'><strong>re</strong></span> <span class='ocrx_word' id='word_1_754' title='bbox 3102 4595 3422 4666; x_wconf 86' lang='lat' dir='ltr'><strong>loquamini.</strong></span> <span class='ocrx_word' id='word_1_755' title='bbox 3446 4595 3524 4650; x_wconf 82' lang='lat' dir='ltr'><strong>Ac</strong></span> 
     </span>
    </p>
   </div>
   <div class='ocr_carea' id='block_1_101' title="bbox 1960 4686 3516 4760">
    <p class='ocr_par' dir='ltr' id='par_1_101' title="bbox 1960 4686 3516 4760">
     <span class='ocr_line' id='line_1_101' title="bbox 1960 4686 3516 4760; baseline 0 -21"><span class='ocrx_word' id='word_1_756' title='bbox 1960 4702 2061 4760; x_wconf 77' lang='lat' dir='ltr'><strong>ego</strong></span> <span class='ocrx_word' id='word_1_757' title='bbox 2097 4688 2309 4742; x_wconf 71' lang='lat' dir='ltr'><strong>Nicetes</strong></span> <span class='ocrx_word' id='word_1_758' title='bbox 2356 4687 2509 4743; x_wconf 87' lang='lat' dir='ltr'><strong>dixi:</strong></span> <span class='ocrx_word' id='word_1_759' title='bbox 2551 4686 3009 4758; x_wconf 84' lang='lat' dir='ltr'><strong>Quandoquidem</strong></span> <span class='ocrx_word' id='word_1_760' title='bbox 3058 4686 3188 4755; x_wconf 89' lang='lat' dir='ltr'><strong>scis,</strong></span> <span class='ocrx_word' id='word_1_761' title='bbox 3234 4687 3516 4743; x_wconf 85' lang='lat' dir='ltr'><strong>edissere:</strong></span> 
     </span>
    </p>
   </div>
   <div class='ocr_carea' id='block_1_102' title="bbox 1961 4778 3539 4850">
    <p class='ocr_par' dir='ltr' id='par_1_102' title="bbox 1961 4778 3539 4850">
     <span class='ocr_line' id='line_1_102' title="bbox 1961 4778 3539 4850; baseline -0.002 -17"><span class='ocrx_word' id='word_1_762' title='bbox 1961 4778 2105 4850; x_wconf 89' lang='lat' dir='ltr'><strong>quod</strong></span> <span class='ocrx_word' id='word_1_763' title='bbox 2131 4780 2174 4835; x_wconf 90' lang='lat' dir='ltr'><strong>si</strong></span> <span class='ocrx_word' id='word_1_764' title='bbox 2208 4780 2444 4843; x_wconf 85' lang='lat' dir='ltr'><strong>nescias,</strong></span> <span class='ocrx_word' id='word_1_765' title='bbox 2465 4795 2532 4835; x_wconf 90' lang='lat' dir='ltr'><strong>ne</strong></span> <span class='ocrx_word' id='word_1_766' title='bbox 2553 4778 2835 4835; x_wconf 81' lang='lat' dir='ltr'><strong>existimes</strong></span> <span class='ocrx_word' id='word_1_767' title='bbox 2858 4779 3033 4849; x_wconf 85' lang='lat' dir='ltr'><strong>decipi</strong></span> <span class='ocrx_word' id='word_1_768' title='bbox 3061 4794 3163 4835; x_wconf 89' lang='lat' dir='ltr'><strong>nos</strong></span> <span class='ocrx_word' id='word_1_769' title='bbox 3189 4793 3372 4849; x_wconf 80' lang='lat' dir='ltr'><strong>posse,</strong></span> <span class='ocrx_word' id='word_1_770' title='bbox 3391 4779 3539 4832; x_wconf 87' lang='lat' dir='ltr'><strong>dum.</strong></span> 
     </span>
    </p>
   </div>
   <div class='ocr_carea' id='block_1_103' title="bbox 1960 4869 3520 4942">
    <p class='ocr_par' dir='ltr' id='par_1_103' title="bbox 1960 4869 3520 4942">
     <span class='ocr_line' id='line_1_103' title="bbox 1960 4869 3520 4942; baseline -0.001 -17"><span class='ocrx_word' id='word_1_771' title='bbox 1960 4871 2061 4936; x_wconf 87' lang='lat' dir='ltr'><strong>ais,</strong></span> <span class='ocrx_word' id='word_1_772' title='bbox 2095 4879 2147 4925; x_wconf 89' lang='lat' dir='ltr'><strong>te</strong></span> <span class='ocrx_word' id='word_1_773' title='bbox 2173 4872 2395 4942; x_wconf 87' lang='lat' dir='ltr'><strong>quidem</strong></span> <span class='ocrx_word' id='word_1_774' title='bbox 2440 4872 2603 4935; x_wconf 85' lang='lat' dir='ltr'><strong>scire,</strong></span> <span class='ocrx_word' id='word_1_775' title='bbox 2633 4886 2735 4926; x_wconf 89' lang='lat' dir='ltr'><strong>nos</strong></span> <span class='ocrx_word' id='word_1_776' title='bbox 2759 4884 2939 4926; x_wconf 90' lang='lat' dir='ltr'><strong>autem</strong></span> <span class='ocrx_word' id='word_1_777' title='bbox 2978 4886 3344 4942; x_wconf 89' lang='lat' dir='ltr'><strong>nequaquam.</strong></span> <span class='ocrx_word' id='word_1_778' title='bbox 3371 4869 3520 4925; x_wconf 82' lang='lat' dir='ltr'><strong>Adeo</strong></span> 
     </span>
    </p>
   </div>
   <div class='ocr_carea' id='block_1_104' title="bbox 1959 4961 3520 5025">
    <p class='ocr_par' dir='ltr' id='par_1_104' title="bbox 1959 4961 3520 5025">
     <span class='ocr_line' id='line_1_104' title="bbox 1959 4961 3520 5025; baseline -0.002 -8"><span class='ocrx_word' id='word_1_779' title='bbox 1959 4962 2106 5017; x_wconf 87' lang='lat' dir='ltr'><strong>enim</strong></span> <span class='ocrx_word' id='word_1_780' title='bbox 2134 4964 2315 5018; x_wconf 86' lang='lat' dir='ltr'><strong>stolidi</strong></span> <span class='ocrx_word' id='word_1_781' title='bbox 2347 4978 2453 5018; x_wconf 89' lang='lat' dir='ltr'><strong>non</strong></span> <span class='ocrx_word' id='word_1_782' title='bbox 2493 4979 2686 5019; x_wconf 88' lang='lat' dir='ltr'><strong>sumus</strong></span> <span class='ocrx_word' id='word_1_783' title='bbox 2708 5005 2723 5025; x_wconf 89' lang='lat'><strong>.</strong></span> <span class='ocrx_word' id='word_1_784' title='bbox 2753 4971 2813 5017; x_wconf 90' lang='lat' dir='ltr'><strong>ut</strong></span> <span class='ocrx_word' id='word_1_785' title='bbox 2843 4963 3003 5018; x_wconf 91' lang='lat' dir='ltr'><strong>nobis</strong></span> <span class='ocrx_word' id='word_1_786' title='bbox 3057 4961 3264 5017; x_wconf 88' lang='lat' dir='ltr'><strong>vafram</strong></span> <span class='ocrx_word' id='word_1_787' title='bbox 3310 4962 3520 5017; x_wconf 82' lang='lat' dir='ltr'><strong>inseras</strong></span> 
     </span>
    </p>
   </div>
   <div class='ocr_carea' id='block_1_105' title="bbox 1958 5057 3517 5127">
    <p class='ocr_par' dir='ltr' id='par_1_105' title="bbox 1958 5057 3517 5127">
     <span class='ocr_line' id='line_1_105' title="bbox 1958 5057 3517 5127; baseline -0.003 -15"><span class='ocrx_word' id='word_1_788' title='bbox 1958 5057 2366 5126; x_wconf 76' lang='lat' dir='ltr'><strong>snspiciouem;</strong></span> <span class='ocrx_word' id='word_1_789' title='bbox 2405 5057 2725 5127; x_wconf 81' lang='lat' dir='ltr'><strong>redigasque</strong></span> <span class='ocrx_word' id='word_1_790' title='bbox 2761 5073 2861 5113; x_wconf 90' lang='lat' dir='ltr'><strong>nos</strong></span> <span class='ocrx_word' id='word_1_791' title='bbox 2891 5058 2944 5112; x_wconf 93' lang='lat' dir='ltr'><strong>in</strong></span> <span class='ocrx_word' id='word_1_792' title='bbox 2991 5066 3139 5112; x_wconf 89' lang='lat' dir='ltr'><strong>tuam</strong></span> <span class='ocrx_word' id='word_1_793' title='bbox 3176 5064 3517 5125; x_wconf 85' lang='lat' dir='ltr'><strong>potestatem,</strong></span> 
     </span>
    </p>
   </div>
   <div class='ocr_carea' id='block_1_106' title="bbox 1961 5148 3388 5221">
    <p class='ocr_par' dir='ltr' id='par_1_106' title="bbox 1961 5148 3388 5221">
     <span class='ocr_line' id='line_1_106' title="bbox 1961 5148 3388 5221; baseline -0.001 -16"><span class='ocrx_word' id='word_1_794' title='bbox 1961 5149 2335 5206; x_wconf 78' lang='lat' dir='ltr'><strong>existimantes</strong></span> <span class='ocrx_word' id='word_1_795' title='bbox 2356 5148 2556 5221; x_wconf 89' lang='lat' dir='ltr'><strong>aliquid</strong></span> <span class='ocrx_word' id='word_1_796' title='bbox 2582 5151 2934 5206; x_wconf 77' lang='lat' dir='ltr'><strong>inetfabilium</strong></span> <span class='ocrx_word' id='word_1_797' title='bbox 2965 5150 3222 5221; x_wconf 77' lang='lat' dir='ltr'><strong>cOgnosci</strong></span> <span class='ocrx_word' id='word_1_798' title='bbox 3254 5164 3285 5206; x_wconf 88' lang='lat' dir='ltr'><strong>a</strong></span> <span class='ocrx_word' id='word_1_799' title='bbox 3316 5158 3388 5203; x_wconf 90' lang='lat' dir='ltr'><strong>te.</strong></span> 
     </span>
    </p>
   </div>
   <div class='ocr_carea' id='block_1_107' title="bbox 2034 5257 3519 5335">
    <p class='ocr_par' dir='ltr' id='par_1_107' title="bbox 2034 5257 3519 5335">
     <span class='ocr_line' id='line_1_107' title="bbox 2034 5257 3519 5335; baseline -0.005 -19"><span class='ocrx_word' id='word_1_800' title='bbox 2034 5261 2225 5317; x_wconf 84' lang='lat' dir='ltr'><strong>XXXI.</strong></span> <span class='ocrx_word' id='word_1_801' title='bbox 2267 5262 2562 5335; x_wconf 81' lang='lat' dir='ltr'><strong>Respondit</strong></span> <span class='ocrx_word' id='word_1_802' title='bbox 2611 5263 2833 5319; x_wconf 86' lang='lat' dir='ltr'><strong>Simon:</strong></span> <span class='ocrx_word' id='word_1_803' title='bbox 2866 5263 3019 5330; x_wconf 85' lang='lat' dir='ltr'><strong>Quod</strong></span> <span class='ocrx_word' id='word_1_804' title='bbox 3064 5262 3280 5333; x_wconf 90' lang='lat' dir='ltr'><strong>quidem</strong></span> <span class='ocrx_word' id='word_1_805' title='bbox 3311 5257 3519 5327; x_wconf 80' lang='lat' dir='ltr'><strong>disjun-</strong></span> 
     </span>
    </p>
   </div>
   <div class='ocr_carea' id='block_1_108' title="bbox 1963 5349 3517 5425">
    <p class='ocr_par' dir='ltr' id='par_1_108' title="bbox 1963 5349 3517 5425">
     <span class='ocr_line' id='line_1_108' title="bbox 1963 5349 3517 5425; baseline -0.003 -17"><span class='ocrx_word' id='word_1_806' title='bbox 1963 5356 2133 5410; x_wconf 77' lang='lat' dir='ltr'><strong>xerim</strong></span> <span class='ocrx_word' id='word_1_807' title='bbox 2165 5356 2401 5411; x_wconf 88' lang='lat' dir='ltr'><strong>animam</strong></span> <span class='ocrx_word' id='word_1_808' title='bbox 2436 5359 2504 5412; x_wconf 84' lang='lat' dir='ltr'><strong>ab</strong></span> <span class='ocrx_word' id='word_1_809' title='bbox 2526 5358 2765 5412; x_wconf 87' lang='lat' dir='ltr'><strong>humano</strong></span> <span class='ocrx_word' id='word_1_810' title='bbox 2791 5371 3037 5425; x_wconf 91' lang='lat' dir='ltr'><strong>corpore,</strong></span> <span class='ocrx_word' id='word_1_811' title='bbox 3066 5355 3190 5413; x_wconf 80' lang='lat' dir='ltr'><strong>novi</strong></span> <span class='ocrx_word' id='word_1_812' title='bbox 3212 5366 3307 5409; x_wconf 83' lang='lat' dir='ltr'><strong>vos</strong></span> <span class='ocrx_word' id='word_1_813' title='bbox 3341 5349 3517 5408; x_wconf 80' lang='lat' dir='ltr'><strong>sciret</strong></span> 
     </span>
    </p>
   </div>
   <div class='ocr_carea' id='block_1_109' title="bbox 1555 5465 2227 5525">
    <p class='ocr_par' dir='ltr' id='par_1_109' title="bbox 1555 5465 2227 5525">
     <span class='ocr_line' id='line_1_109' title="bbox 1555 5465 2227 5525; baseline -0.001 -1"><span class='ocrx_word' id='word_1_814' title='bbox 1555 5467 1791 5524; x_wconf 65' lang='lat' dir='ltr'><strong>VARUS</strong></span> <span class='ocrx_word' id='word_1_815' title='bbox 1830 5465 2227 5525; x_wconf 81' lang='lat' dir='ltr'><strong>LECTIONES.</strong></span> 
     </span>
    </p>
   </div>
   <div class='ocr_carea' id='block_1_110' title="bbox 352 5561 3519 5648">
    <p class='ocr_par' dir='ltr' id='par_1_110' title="bbox 352 5561 3519 5648">
     <span class='ocr_line' id='line_1_110' title="bbox 352 5561 3519 5648; baseline -0.002 -23"><span class='ocrx_word' id='word_1_816' title='bbox 352 5568 417 5648; x_wconf 76' lang='lat'><strong>&#39;_’_</strong></span> <span class='ocrx_word' id='word_1_817' title='bbox 439 5568 698 5648; x_wconf 65' lang='lat' dir='ltr'><strong>Clamant.</strong></span> <span class='ocrx_word' id='word_1_818' title='bbox 729 5568 965 5648; x_wconf 85' lang='lat' dir='ltr'><strong>ho_m._n,</strong></span> <span class='ocrx_word' id='word_1_819' title='bbox 990 5583 1038 5623; x_wconf 91' lang='lat' dir='ltr'><strong>c.</strong></span> <span class='ocrx_word' id='word_1_820' title='bbox 1066 5566 1158 5631; x_wconf 68' lang='lat'><strong>27,</strong></span> <span class='ocrx_word' id='word_1_821' title='bbox 1183 5572 1285 5648; x_wconf 67' lang='lat' dir='ltr'><strong>etc.</strong></span> <span class='ocrx_word' id='word_1_822' title='bbox 1362 5561 1827 5648; x_wconf 37' lang='lat' dir='ltr'><strong>&#39;:_al._inset;.‘xc§1</strong></span> <span class='ocrx_word' id='word_1_823' title='bbox 1850 5562 1959 5648; x_wconf 66' lang='grc' dir='ltr'><strong>ρτιδ</strong></span> <span class='ocrx_word' id='word_1_824' title='bbox 1979 5564 2149 5648; x_wconf 77' lang='grc' dir='ltr'><strong>ὄχλων</strong></span> <span class='ocrx_word' id='word_1_825' title='bbox 2180 5566 2637 5648; x_wconf 64' lang='grc' dir='ltr'><strong>προσκυνηθῆναι.</strong></span> <span class='ocrx_word' id='word_1_826' title='bbox 2676 5565 2758 5648; x_wconf 45' lang='grc' dir='ltr'><strong>μυ</strong></span> <span class='ocrx_word' id='word_1_827' title='bbox 2786 5565 2867 5648; x_wconf 78' lang='lat' dir='ltr'><strong>al._</strong></span> <span class='ocrx_word' id='word_1_828' title='bbox 2889 5562 3170 5648; x_wconf 72' lang='grc' dir='ltr'><strong>βασιλέως.</strong></span> <span class='ocrx_word' id='word_1_829' title='bbox 3206 5562 3519 5648; x_wconf 61' lang='lat' dir='ltr'><strong>l’aiilo_post</strong></span> 
     </span>
    </p>
   </div>
   <div class='ocr_carea' id='block_1_111' title="bbox 299 5634 3514 5708">
    <p class='ocr_par' dir='ltr' id='par_1_111' title="bbox 299 5634 3514 5708">
     <span class='ocr_line' id='line_1_111' title="bbox 299 5634 3514 5708; baseline -0.001 -15"><span class='ocrx_word' id='word_1_830' title='bbox 299 5639 515 5708; x_wconf 77' lang='grc' dir='ltr'><strong>μείζονα</strong></span> <span class='ocrx_word' id='word_1_831' title='bbox 546 5643 704 5694; x_wconf 88' lang='lat' dir='ltr'><strong>abest</strong></span> <span class='ocrx_word' id='word_1_832' title='bbox 730 5653 758 5692; x_wconf 84' lang='lat' dir='ltr'><strong>a</strong></span> <span class='ocrx_word' id='word_1_833' title='bbox 780 5638 992 5708; x_wconf 85' lang='lat' dir='ltr'><strong>duobus</strong></span> <span class='ocrx_word' id='word_1_834' title='bbox 1019 5654 1161 5708; x_wconf 91' lang='lat' dir='ltr'><strong>mss._</strong></span> <span class='ocrx_word' id='word_1_835' title='bbox 1182 5638 1316 5693; x_wconf 71' lang='lat' dir='ltr'><strong>Cor.</strong></span> <span class='ocrx_word' id='word_1_836' title='bbox 1389 5636 1434 5708; x_wconf 60' lang='grc' dir='ltr'><strong>ξ’</strong></span> <span class='ocrx_word' id='word_1_837' title='bbox 1471 5636 1541 5691; x_wconf 91' lang='lat' dir='ltr'><strong>al.</strong></span> <span class='ocrx_word' id='word_1_838' title='bbox 1583 5634 1873 5708; x_wconf 65' lang='grc' dir='ltr'><strong>φοϐεῖσθαί</strong></span> <span class='ocrx_word' id='word_1_839' title='bbox 1885 5651 1964 5687; x_wconf 90' lang='grc' dir='ltr'><strong>σοι</strong></span> <span class='ocrx_word' id='word_1_840' title='bbox 1997 5646 2050 5690; x_wconf 91' lang='lat' dir='ltr'><strong>et</strong></span> <span class='ocrx_word' id='word_1_841' title='bbox 2080 5652 2156 5690; x_wconf 87' lang='grc' dir='ltr'><strong>σε.</strong></span> <span class='ocrx_word' id='word_1_842' title='bbox 2228 5634 2282 5669; x_wconf 81' lang='grc'><strong>’⁸⁸</strong></span> <span class='ocrx_word' id='word_1_843' title='bbox 2313 5638 2381 5691; x_wconf 91' lang='lat' dir='ltr'><strong>al.</strong></span> <span class='ocrx_word' id='word_1_844' title='bbox 2422 5634 2599 5708; x_wconf 75' lang='grc' dir='ltr'><strong>ἡμῶν.</strong></span> <span class='ocrx_word' id='word_1_845' title='bbox 2641 5636 2727 5708; x_wconf 12' lang='lat' dir='ltr'><strong>ﬁ”</strong></span> <span class='ocrx_word' id='word_1_846' title='bbox 2755 5637 2825 5690; x_wconf 85' lang='lat' dir='ltr'><strong>al.</strong></span> <span class='ocrx_word' id='word_1_847' title='bbox 2852 5635 3293 5708; x_wconf 78' lang='grc' dir='ltr'><strong>ἐκπεπλήγμεθα.</strong></span> <span class='ocrx_word' id='word_1_848' title='bbox 3374 5634 3419 5708; x_wconf 56' lang='grc' dir='ltr'><strong>ξ’</strong></span> <span class='ocrx_word' id='word_1_849' title='bbox 3442 5637 3514 5691; x_wconf 87' lang='lat' dir='ltr'><strong>al.</strong></span> 
     </span>
    </p>
   </div>
   <div class='ocr_carea' id='block_1_112' title="bbox 294 5709 601 5763">
    <p class='ocr_par' dir='ltr' id='par_1_112' title="bbox 294 5709 601 5763">
     <span class='ocr_line' id='line_1_112' title="bbox 294 5709 601 5763; baseline 0.003 -2"><span class='ocrx_word' id='word_1_850' title='bbox 294 5709 601 5763; x_wconf 81' lang='grc' dir='ltr'><strong>κελευσθέν.</strong></span> 
     </span>
    </p>
   </div>
   <div class='ocr_carea' id='block_1_113' title="bbox 291 5778 1044 5853">
    <p class='ocr_par' dir='ltr' id='par_1_113' title="bbox 291 5778 1044 5853">
     <span class='ocr_line' id='line_1_113' title="bbox 291 5778 1044 5853; baseline -0.003 -21"><span class='ocrx_word' id='word_1_851' title='bbox 291 5780 452 5849; x_wconf 69' lang='grc' dir='ltr'><strong>ἡμᾶς.</strong></span> <span class='ocrx_word' id='word_1_852' title='bbox 535 5780 584 5814; x_wconf 79' lang='grc'><strong>⁸⁸</strong></span> <span class='ocrx_word' id='word_1_853' title='bbox 612 5779 681 5833; x_wconf 86' lang='lat' dir='ltr'><strong>al.</strong></span> <span class='ocrx_word' id='word_1_854' title='bbox 709 5778 885 5832; x_wconf 78' lang='grc' dir='ltr'><strong>λαϐὼν</strong></span> <span class='ocrx_word' id='word_1_855' title='bbox 916 5778 1044 5853; x_wconf 80' lang='grc' dir='ltr'><strong>ἔχῃς</strong></span> 
     </span>
    </p>
   </div>
   <div class='ocr_carea' id='block_1_114' title="bbox 679 5704 3515 5777">
    <p class='ocr_par' dir='ltr' id='par_1_114' title="bbox 679 5704 3515 5777">
     <span class='ocr_line' id='line_1_114' title="bbox 679 5704 3515 5777; baseline -0.001 -15"><span class='ocrx_word' id='word_1_856' title='bbox 679 5709 726 5740; x_wconf 79' lang='grc'><strong>⁸⁸</strong></span> <span class='ocrx_word' id='word_1_857' title='bbox 758 5708 824 5762; x_wconf 86' lang='lat' dir='ltr'><strong>al.</strong></span> <span class='ocrx_word' id='word_1_858' title='bbox 868 5706 1044 5762; x_wconf 84' lang='grc' dir='ltr'><strong>τίνων.</strong></span> <span class='ocrx_word' id='word_1_859' title='bbox 1123 5706 1167 5742; x_wconf 82' lang='grc'><strong>¹¹⁴¹</strong></span> <span class='ocrx_word' id='word_1_860' title='bbox 1201 5708 1271 5763; x_wconf 89' lang='lat' dir='ltr'><strong>al.</strong></span> <span class='ocrx_word' id='word_1_861' title='bbox 1325 5704 1438 5761; x_wconf 76' lang='grc' dir='ltr'><strong>τοῦ.</strong></span> <span class='ocrx_word' id='word_1_862' title='bbox 1476 5708 1546 5764; x_wconf 82' lang='lat' dir='ltr'><strong>al.</strong></span> <span class='ocrx_word' id='word_1_863' title='bbox 1589 5704 1653 5760; x_wconf 74' lang='grc' dir='ltr'><strong>ἐκ</strong></span> <span class='ocrx_word' id='word_1_864' title='bbox 1684 5705 1797 5760; x_wconf 76' lang='grc' dir='ltr'><strong>τοῦ.</strong></span> <span class='ocrx_word' id='word_1_865' title='bbox 1835 5704 1966 5761; x_wconf 71' lang='lat' dir='ltr'><strong>Cor.</strong></span> <span class='ocrx_word' id='word_1_866' title='bbox 2045 5708 2090 5739; x_wconf 81' lang='grc'><strong>⁸⁸</strong></span> <span class='ocrx_word' id='word_1_867' title='bbox 2110 5708 2179 5762; x_wconf 87' lang='lat' dir='ltr'><strong>al.</strong></span> <span class='ocrx_word' id='word_1_868' title='bbox 2207 5704 2579 5777; x_wconf 43' lang='lat' dir='ltr'><strong>przeponfxa‘t</strong></span> <span class='ocrx_word' id='word_1_869' title='bbox 2605 5705 2776 5769; x_wconf 74' lang='grc' dir='ltr'><strong>οὕτως</strong></span> <span class='ocrx_word' id='word_1_870' title='bbox 2810 5704 3091 5777; x_wconf 67' lang='grc' dir='ltr'><strong>ἐπιθυμία</strong></span> <span class='ocrx_word' id='word_1_871' title='bbox 3122 5704 3515 5777; x_wconf 74' lang='grc' dir='ltr'><strong>κολαζομένους</strong></span> 
     </span>
    </p>
   </div>
  </div>
