4022 6336
429 298 540 361 495

1272 291 1329 345 S.
1367 286 1810 345 CLEMENTIS-I
1845 285 2009 342 ROM.
2050 284 2249 340 PONT.
2290 284 2517 341 OPEBA
2548 284 2777 341 DUBIA.

3551 284 3660 339 496

429 423 572 493 quod
617 436 746 476 vero
796 435 904 475 non
929 418 1109 472 anima
1148 414 1392 471 defuncti
1436 416 1729 482 ministret,
1777 413 1870 469 sed
1895 411 1993 466 ali-

2103 409 2254 480 ήτοῦ
2303 407 2597 469 τεθνεῶτος
2636 405 2781 476 ψυχὴ
2848 404 3127 472 ὑπουργεῖ,
3163 402 3297 456 ἀλλὰ
3337 402 3545 473 δαίμων
3576 419 3665 469 τις

428 517 552 585 quis
581 515 813 581 daemon,
868 512 962 583 qui
1002 528 1061 569 se
1113 512 1352 566 animam
1391 526 1513 565 esse
1566 508 1809 571 simulat,
1865 505 1989 560 novi

429 623 527 662 vos
558 608 828 676 ignorare.
864 605 929 660 Et
961 621 1062 677 ego
1087 605 1305 660 Nieetas
1344 602 1529 670 excepi
1556 621 1567 655 :
1604 599 1661 653 In
1693 600 1799 653 vita
1821 598 1990 652 multa

432 699 768 755 incredibilia
798 698 1106 753 audivimus
1133 716 1145 752 :
1173 698 1276 752 hoc
1303 706 1481 750 tamen
1522 706 1772 748 sermone
1802 706 1990 745 amen—

430 791 620 844 tiorem
646 803 744 843 nos
772 802 1012 857 unquam
1038 788 1321 840 audituros
1351 800 1458 839 non
1482 784 1837 853 speravimus.
1857 780 1989 834 Nam

429 883 475 936 si
509 882 721 935 dazmon
757 880 907 950 ﬁngit
954 895 1013 935 se
1056 879 1289 933 animam
1336 877 1535 931 mortui
1579 890 1720 941 esse,
1771 874 1991 944 quinam

431 982 547 1028 erat
569 973 766 1027 anima:
796 987 951 1038 usus,
983 977 1042 1024 ut
1065 985 1095 1024 a
1120 983 1354 1040 corpore
1398 967 1775 1037 separaretur?
1802 964 1994 1020 Nonne

431 1064 534 1133 ipsi
574 1072 868 1133 prmeentcs
917 1063 1228 1118 audivimus
1278 1069 1348 1127 te,
1390 1076 1512 1115 eum
1546 1059 1785 1113 animam
1812 1075 1842 1114 e
1869 1073 1992 1113 cor-

433 1170 560 1222 pore
592 1152 893 1222 adjurando
931 1152 1223 1208 evocares?
1256 1151 1322 1205 Et
1346 1166 1452 1220 qua
1480 1150 1718 1214 ratione,
1757 1165 1869 1204 uno
1894 1149 1990 1204 ad-

425 1247 630 1316 jurato,
661 1245 797 1302 alter
832 1260 939 1299 non
986 1244 1293 1313 adjuratus,
1324 1238 1600 1311 \lanquam
1626 1241 1832 1296 veritus
1866 1240 1995 1294 obe-

430 1336 541 1389 dit?
571 1332 761 1389 Nonne
809 1336 974 1388 etiam
1029 1343 1085 1388 tu
1118 1333 1413 1403 aliquando
1464 1347 1494 1385 a
1543 1332 1700 1386 nobis
1750 1342 1993 1402 rogatus,

431 1443 595 1497 quam
627 1427 696 1482 ob
724 1444 942 1482 causam
1000 1426 1271 1483 interdum
1307 1434 1587 1480 cessarent
1634 1424 1993 1489 assessiones,

430 1520 755 1591 rcSpondisti
791 1518 971 1587 :Quia
1019 1519 1222 1584 anima,
1266 1518 1532 1586 completo
1581 1532 1743 1586 super
1796 1526 1993 1570 terram

430 1622 673 1683 tempore
731 1611 877 1682 quod
927 1612 981 1665 in
1019 1625 1245 1680 corpore
1299 1618 1584 1679 peractura
1624 1616 1780 1669 erat,
1813 1608 1880 1661 ad
1912 1608 1995 1661 in-

433 1705 577 1761 feros
609 1704 797 1759 vadit:
854 1718 918 1758 ac
968 1703 1321 1771 subjunxisti,
1359 1702 1573 1756 animas
1625 1715 1838 1767 eorum,
1901 1700 1994 1770 qui

432 1799 651 1867 prepria
707 1805 881 1851 morte
923 1797 1197 1859 obierunt,
1249 1794 1508 1865 quoniam
1547 1792 1601 1847 in
1635 1792 1824 1847 inferis
1871 1792 1997 1847 hinc

433 1890 744 1944 sccedcntes
783 1888 1185 1949 custodiuntur,
1242 1902 1349 1942 non
1411 1885 1569 1941 facile
1621 1885 1857 1956 permitti
1907 1900 1998 1939 ve-

436 1982 583 2034 nire?

505 2072 720 2127 XXXll.
773 2073 898 2129 Haec
932 2072 1151 2128 Nicetas
1218 2088 1344 2128 cum
1391 2071 1747 2141 protulisset,
1803 2070 1999 2140 Aquila

436 2166 633 2220 iterum
666 2165 843 2219 dixit:
889 2164 1154 2233 Cuperem
1203 2178 1234 2217 a
1264 2174 1312 2219 te
1339 2163 1393 2218 id
1422 2179 1590 2217 unum
1634 2162 1861 2227 discere,
1915 2162 2003 2215 Si-

436 2272 597 2322 mon;
625 2255 739 2311 sive
766 2255 947 2309 anima
974 2256 1064 2321 sit,
1098 2253 1213 2309 sive
1261 2254 1493 2320 daemon,
1519 2253 1570 2307 id
1600 2252 1744 2322 quod
1792 2252 2003 2322 adjura—

434 2355 559 2412 tur;
586 2345 870 2415 cujusnam
902 2344 1117 2398 tandem
1144 2352 1310 2409 metu,
1336 2343 1703 2413 adjurationes
1740 2358 1846 2397 non
1870 2358 2002 2397 con-

437 2436 666 2490 temnit?
696 2434 761 2489 Et
791 2433 980 2489 Simon
1012 2452 1025 2489 z
1086 2432 1304 2500 Pinnas,
1365 2434 1563 2503 inquit,
1605 2432 2000 2501 persoluturum

437 2544 497 2586 se
528 2528 781 2597 intelligit
810 2526 1076 2591 anima,si
1107 2542 1215 2581 non
1240 2527 1593 2597 obtemperet.
1620 2526 1810 2595 Aquila
1839 2541 1997 2581 vero:

436 2621 624 2692 Itaque
670 2622 716 2676 si
767 2621 949 2675 anima
994 2620 1243 2691 adjurata
1286 2620 1455 2685 venit,
1531 2618 1691 2673 etiam
1736 2618 1999 2688 judicium

436 2716 547 2769 ﬁet.
585 2712 641 2767 Si
667 2730 797 2785 ergo
846 2714 1040 2769 animae
1094 2719 1221 2768 sunt
1273 2711 1629 2777 immortales,
1680 2711 1904 2764 omnino
1952 2720 2005 2764 et

433 2805 697 2874 judicium
748 2804 871 2859 erit.
925 2802 1291 2869 Quamobrem
1338 2802 1383 2857 si
1406 2816 1501 2855 eos
1560 2816 1774 2869 quoque
1825 2801 2001 2869 quiin

437 2898 637 2951 malam
661 2897 927 2951 actionem
965 2904 1093 2950 sunt
1119 2894 1375 2964 adjurati,
1406 2902 1629 2961 tumque
1648 2906 1755 2946 non
1792 2892 2001 2946 obtem—

438 2998 716 3059 perarunt,
763 2986 1207 3043 condemnandos
1257 2985 1379 3051 ais;
1435 2999 1544 3053 quo
1592 2983 1755 3037 modo
1806 2992 1858 3037 tu
1895 2998 2000 3036 non

440 3079 689 3145 timuisti,
740 3094 835 3133 eos
891 3091 1084 3147 cogere
1108 3115 1124 3141 ,
1178 3090 1303 3129 cum
1341 3074 1436 3144 qui
1471 3082 1756 3144 coguntur,
1786 3082 2003 3144 propter

440 3168 838 3227 contumaciam
888 3166 1228 3238 puniantur?
1272 3162 1407 3218 Nam
1466 3174 1518 3219 te
1563 3165 1677 3234 jam
1731 3180 1839 3219 non
1887 3180 2005 3219 esse

440 3264 757 3317 mulctatum
790 3274 888 3329 pro
919 3259 988 3313 iis
1021 3273 1142 3327 quae
1166 3256 1481 3328 designasti,
1522 3257 1719 3310 mirum
1751 3271 1858 3310 non
1882 3265 2003 3310 est:

440 3368 562 3407 cum
582 3351 847 3420 judicium
875 3348 1117 3404 nondum
1141 3348 1231 3415 sit,
1257 3358 1317 3403 ut
1346 3356 1405 3402 tu
1433 3346 1661 3415 quidem
1683 3362 1871 3417 poenas
1911 3347 2006 3401 des

440 3460 627 3498 eorum
656 3443 723 3497 ad
751 3457 872 3512 qua:
902 3440 1162 3510 coegisti;
1193 3440 1339 3510 quod
1392 3449 1573 3494 autem
1604 3451 1855 3495 coactum
1899 3448 2004 3503 est,

440 3538 652 3592 veniam
682 3540 937 3610 accipiat,
974 3540 1103 3608 quia
1141 3539 1284 3593 malo
1313 3537 1541 3594 facinori
1572 3537 2006 3606 adjuramentum

440 3630 758 3701 praetulerit.
830 3630 1022 3685 Simon
1092 3639 1301 3697 autem,
1333 3629 1421 3685 bis
1474 3629 1706 3694 auditis,
1760 3630 1839 3684 ira
1892 3644 2012 3699 per-

442 3723 620 3788 citus,
667 3731 939 3790 mortem,
988 3721 1098 3779 nisi
1172 3730 1514 3788 taceremus,
1560 3720 1717 3777 nobis
1770 3720 2009 3776 minatus

440 3823 544 3868 08L

514 3898 755 3957 XXXIII.
806 3902 1104 3973 Postquam
1135 3903 1329 3971 Aquila
1390 3903 1506 3958 haec
1546 3902 1702 3967 dixit,
1762 3915 1862 3971 ego
1891 3899 2011 3954 Cle-

446 4012 601 4051 mens
648 3995 1001 4066 interrogavi,
1062 4011 1313 4065 quaenam
1362 4006 1545 4050 essent
1583 3994 1844 4048 miracula
1889 4007 2011 4063 qua:

444 4088 662 4142 faceret.
690 4086 767 4141 Illi
816 4104 945 4143 vero
994 4087 1395 4157 responderunt
1422 4105 1435 4141 :
1461 4087 1505 4118 ⁸⁵
1554 4086 1707 4141 Facit
1731 4095 1793 4141 ut
1820 4094 2011 4141 statua:

445 4177 744 4239 ambulent,
770 4179 825 4232 in
853 4177 975 4248 igne
1005 4178 1256 4232 volutans
1275 4192 1351 4242 se,
1378 4192 1483 4231 non
1516 4179 1712 4243 uritur,
1740 4176 2007 4232 interdum

445 4268 610 4333 volat,
634 4284 700 4322 ex
726 4269 997 4338 lapidibus
1025 4284 1193 4338 panes
1239 4269 1386 4331 facit,
1450 4284 1673 4340 serpens
1718 4270 1808 4337 fit,
1841 4270 1894 4340 in
1921 4285 2011 4325 ea-

446 4372 596 4426 pram
623 4356 1069 4420 transformatur,
1101 4358 1239 4411 duas
1269 4355 1438 4411 facies
1462 4358 1718 4425 ostendit,
1734 4359 1787 4412 in
1817 4338 2009 4413 aurum

2093 500 2513 571 ὑποκρινόμενος
2539 498 2585 529 ’°
2609 493 2748 550 εἶναι
2775 496 2919 567 ψυχὴ
2968 497 3029 562 ιη,
3085 491 3199 547 οἶδα
3230 496 3372 564 ὑμᾶς
3405 495 3664 563 ἀγνοούν-

2091 608 2213 655 τας·
2278 591 2387 643 Καὶ
2429 588 2542 659 ἐγὼ
2583 590 2829 658 Νικήτης
2874 588 3044 657 ἔφην’
3108 586 3284 639 Πολλὰ
3329 588 3387 639 ὲν
3429 586 3509 656 τῷ
3560 586 3665 660 βίῳ

2092 682 2405 752 ἠκούσαμεν
2422 682 2626 736 ἄπιστα
2646 698 2658 710 ο
2685 680 2778 732 τοῦ
2796 680 2851 732 δὲ
2867 679 3101 732 τοιούτου
3128 678 3284 746 λόγου
3315 679 3666 750 ἀνοητότερον

2093 774 2153 826 οὐ
2180 773 2653 845 προσεδοκήσαμεν
2695 772 2926 826 ἀκοῦσαί
2974 788 3124 824 ποτε.
3170 772 3232 823 Εἰ
3287 770 3396 841 γὰρ
3450 770 3661 840 δαίμων

2096 869 2505 938 ὐποκρίνεταιή
2540 867 2634 921 τοῦ
2686 865 2980 927 τεθνεῶτος
3024 859 3163 915 εἶναι
3215 861 3383 933 ψυχὴ,
3428 862 3511 924 τίς
3551 863 3662 933 ἄρα

2093 962 2192 1031 τῆς
2248 959 2423 1030 ψυχῆς
2457 958 2635 1029 χρεία,
2686 958 2779 1010 τοῦ
2838 955 3174 1027 χωρισθῆναι
3238 953 3331 1006 τοῦ
3384 952 3658 1023 σώματος;

2097 1054 2209 1106 Οὐκ
2234 1053 2386 1106 αὐτοὶ
2423 1052 2479 1105 δὲ
2521 1051 2785 1123 παρόντες
2825 1049 3137 1120 ἠκούσαμέν
3178 1064 3291 1109 σου,
3317 1046 3410 1100 τοῦ
3435 1048 3663 1117 σκήνους

2095 1144 2191 1215 τὴν
2218 1143 2394 1214 ψυχὴν
2440 1143 2843 1213 ὲξορκίζοντος;
2885 1141 3003 1204 πῶς
3036 1140 3093 1193 δὲ
3139 1140 3230 1192 καὶ
3274 1138 3429 1193 ἄλλου
3452 1136 3663 1209 όρκιζο-

2100 1236 2282 1305 μένου,
2320 1236 2505 1306 ἕτερος
2546 1235 2618 1305 μὴ
2652 1235 2696 1265 ⁹²
2749 1234 3042 1306 όρκισθεὶς,
3093 1233 3183 1295 ὡς’
3216 1231 3489 1301 φοϐηθεὶς,
3520 1232 3661 1284 ima-

2097 1329 2282 1395 κούει;
2343 1330 2457 1381 Οὐκ
2506 1320 2611 1399 ἆρα
2656 1327 2711 1379 δὲ
2755 1327 2847 1380 καὶ
2894 1325 3056 1388 αὐτὸς
3107 1323 3487 1394 ὲξεταζόμενός
3532 1336 3665 1376 ποτε

2097 1421 2233 1492 πρὸς
2281 1420 2469 1491 ἡμῶν,
2528 1419 2672 1482 τίνος
2734 1418 2891 1489 χάριν
2941 1418 3111 1471 ἐνίοτε
3167 1417 3261 1470 καὶ
3303 1417 3560 1470 παύονται
3605 1417 3664 1469 αἱ

2098 1513 2458 1583 προσεδρεῖαι,
2492 1510 2735 1581 εἴρηκας,
2771 1511 2852 1563 ὅτι
3054 1507 3383 1580 πληρώσασα
3411 1508 3500 1561 τὸν
3524 1508 3666 1580 ὑπὲρ

2098 1607 2198 1676 γῆς
2249 1605 2438 1675 χρόνον
2492 1603 2548 1657 ὃν
2597 1602 2820 1673 ἔμελλεν
2880 1604 2936 1654 ὲν
2984 1600 3197 1671 σώματι
3252 1600 3547 1665 διατελεῖν,
3584 1601 3667 1664 εἰς

2098 1697 2229 1768 ᾅδην
2275 1696 2569 1767 πορεύεται
2589 1713 2601 1725 ο
2635 1695 2976 1765 προσετίθεις
3003 1694 3059 1747 δὲ
3084 1694 3275 1762 λέγων,
3307 1694 3387 1746 ὅτι
3412 1694 3520 1746 τῶν
3550 1692 3671 1764 ἰδίῳ

2099 1788 2311 1857 Θανάτῳ
2344 1787 2781 1857 τελευτησάντων
2810 1788 2866 1840 αἱ
2894 1786 3086 1856 ψυχαὶ,
3134 1784 3320 1855 ἐπειδὴ
3371 1786 3506 1855 πρὸς
3532 1784 3670 1855 ᾅδην

2100 1880 2281 1933 αὐτόθι
2344 1880 2659 1951 χωρήσασαι
2705 1878 3081 1950 φρουροῦνται,
3133 1877 3378 1941 εὐκόπως
3406 1878 3451 1909 ⁵³
3495 1876 3670 1932 ἐλθεῖν

2100 1972 2345 2041 ἀφίενται
2365 1989 2379 2036 ;
3496 1964 3503 1977 ’

2172 2062 2385 2117 XXXII.
2434 2062 2619 2117 Ταῦτα
2667 2062 2761 2116 τοῦ
2802 2064 3040 2135 Νικήτου
3106 2063 3373 2126 εἰπόντος,
3438 2062 3674 2125 Ἀκύλας

2103 2157 2261 2220 αὐτὸς
2293 2156 2452 2210 πάλιν
2501 2156 2637 2228 ἔφη’
2669 2153 2993 2228 Ἐϐουλόμην
3035 2155 3185 2227 παρὰ
3228 2155 3319 2208 σοῦ
3370 2155 3525 2208 τοῦτο
3574 2154 3675 2225 μό-

2103 2266 2191 2301 νον
2235 2248 2443 2319 μαθεῖν,
2495 2248 2697 2318 Σὶμων,
2735 2247 2843 2300 εἴτε
2876 2248 3041 2319 ψυχὴ,
3082 2248 3190 2299 εἴτε
3226 2246 3431 2319 δαίμων
3462 2247 3576 2299 ἐστὶ
3608 2245 3675 2298 τὸ

2102 2344 2471 2415 όρκιζόμενον,
2498 2342 2550 2394 τί
2585 2342 2640 2395 δὲ
2668 2340 2763 2393 καὶ¹
2787 2340 3115 2411 φοϐούμενον
3151 2338 3211 2391 οὐ
3241 2339 3672 2409 παραπέμπεται

2103 2438 2227 2498 τοὺς
2256 2436 2489 2507 ὃρκους;
2544 2434 2654 2486 Καὶ
2689 2434 2717 2484 ό
2746 2434 2961 2503 Σίμων’
3005 2431 3260 2495 Κόλασιν,
3290 2430 3442 2501 φησι,
3487 2447 3672 2499 παρα-

2104 2529 2347 2583 κούσασα
2406 2522 2513 2579 οἶδε
2595 2525 2810 2596 μέλλειν
2864 2523 3077 2577 παθεῖν.
3142 2524 3252 2577 Καὶ
3312 2525 3341 2575 ό
3409 2522 3671 2586 Ἀκύλας·

2106 2618 2311 2672 Οὐκοῦν
2343 2620 2393 2672 εί
2427 2618 2473 2649 ⁸⁸
2526 2616 2851 2688 όρκιξομένη
2893 2615 3037 2687 ψυχὴ
3069 2615 3308 2686 ἔρχεται,
3357 2616 3450 2668 καὶ
3492 2615 3677 2685 κρίσις

2104 2712 2211 2782 ἄρα
2269 2711 2495 2778 γίνεται.
2540 2710 2602 2761 El
2661 2705 2752 2762 οὖν
2787 2710 2844 2763 αἱ
2898 2708 3067 2779 ψυχαὶ
3110 2708 3397 2770 ἀθάνατοι,
3454 2707 3677 2769 πάντως

2104 2803 2220 2855 ἐστὶ
2252 2802 2346 2855 καὶ
2380 2802 2579 2872 κρίσις.
2613 2801 2773 2853 Ὥστε
2801 2803 2849 2852 εἰ
2870 2802 2962 2853 καὶ
2999 2800 3127 2863 τοὺς
3161 2800 3254 2852 ἐπὶ
3298 2800 3439 2867 κακῇ
3477 2796 3677 2867 πράξει

2103 2893 2476 2965 ὁρκισθέντας,
2514 2887 2633 2947 εἶτα
2660 2894 2755 2945 καὶ
2785 2891 3237 2964 παρακούσαντας
3277 2890 3679 2960 καταδικασθῆ-

2107 3002 2194 3038 ναι
2242 2986 2383 3056 φῂς,
2435 2984 2551 3047 πῶς
2617 2984 2678 3037 οὐ
2747 2983 3051 3053 πεφόϐησαι
3126 2983 3189 3035 σύ
3258 2982 3478 3044 τούτους
3537 2998 3677 3034 κατ-

2060 3124 2072 3137 ,
2107 3074 2564 3144 αναγκάζειν,τῶν
2587 3074 3043 3146 ἀναγκαζομένων
3070 3075 3161 3128 ἐπὶ
3180 3076 3429 3145 παρακοῇ
3461 3073 3681 3136 κολαζο-

2111 3169 2317 3239 μένων;
2366 3168 2427 3221 τὸ
2449 3166 2557 3237 γὰρ
2588 3168 2689 3237 ήδη
2723 3184 2782 3220 σε
2826 3167 2899 3238 μὴ
2952 3166 3140 3221 παθεῖν
3171 3167 3253 3234 ἐφ’
3307 3160 3386 3229 οἷς
3422 3165 3675 3235 ἔδρασας,

2106 3260 2166 3311 οὐ
2198 3258 2407 3330 θαῦμα·
2439 3259 2562 3311 ἐπεὶ
2593 3261 2756 3331 μήπω
2788 3260 2968 3331 κρίσις
3019 3259 3184 3319 ἐστὶν,
3237 3258 3323 3310 ἵνα
3353 3259 3415 3311 σὺ
3471 3256 3566 3327 μὲν
3593 3256 3679 3307 δί-

2108 3369 2208 3421 κην
2231 3351 2336 3421 δῷς
2364 3351 2493 3423 περὶ
2541 3343 2615 3403 ὧν
2669 3351 3003 3420 ἠνάγκασας,
3035 3351 3096 3403 τὸ
3121 3349 3178 3401 δὲ
3204 3349 3543 3418 ἀναγκασθὲν
3567 3346 3678 3403 ὐπὸ

2110 3442 2433 3514 συγγνώμην
2455 3443 2702 3514 γένηται,
2728 3443 2803 3506 ὡς
2828 3443 2927 3513 τῆς
2944 3442 3121 3512 κακῆς
3147 3441 3396 3511 πράξεως
3410 3439 3499 3491 τὸν
3514 3438 3677 3508 ὁρκον

2108 3536 2472 3607 προτιμῆσαν.
2516 3536 2572 3588 ὐ
2616 3534 2673 3588 δὲ
2708 3534 2915 3587 τούτων
2941 3534 3179 3598 ἀκούσας
3207 3534 3473 3606 ὠργίσθη,
3505 3532 3675 3586 θάνα-

2108 3629 2283 3693 τον,εἰ
2315 3628 2389 3699 μὴ
2418 3627 2735 3699 σιωπῶμεν,
2760 3629 2889 3699 ήμῖν
2919 3627 3239 3699 ἀπειλήσας.

2180 3894 2417 3950 XXXIII.
2447 3896 2629 3950 Ταῦτα
2654 3896 2748 3952 τοῦ
2789 3897 2988 3951 Ἀκύλα
3018 3898 3281 3964 εἰπόντος,
3317 3898 3425 3968 ἐγὼ
3446 3899 3679 3971 Κλήμης

2111 3990 2413 4061 ἐπυθόμην·
2466 3989 2519 4043 τί
2561 3990 2603 4042 δ’
2634 3990 2744 4061 ἄρα
2795 3990 2941 4045 ἐστὶν
2987 3990 3023 4044 ὃ.
3084 3994 3226 4045 ποιεῖ
3274 3991 3566 4061 θαυμάσια.
3612 3993 3679 4044 0i

2109 4083 2193 4136 δέ’
2239 4081 2600 4153 Ἀνδριάντας,
2652 4075 2827 4146 εἷπον,
2857 4086 3003 4135 ποιεῖ
3039 4087 3389 4155 περιπατεῖν·
3447 4087 3539 4138 καὶ
3579 4102 3686 4137 κυς

2108 4176 2351 4246 λιόμενος
2397 4174 2489 4227 ἐπὶ
2520 4174 2632 4247 πῦρ
2673 4174 2733 4227 οὐ
2755 4174 2995 4228 καίεταιο
3024 4176 3191 4229 ἐνίοτε
3220 4177 3277 4229 δὲ
3307 4178 3399 4231 καὶ
3428 4178 3678 4241 πέταται,

2111 4269 2288 4321 καὶὲκ
2333 4266 2495 4319 λίθων
2538 4268 2737 4339 ἄρτους
2766 4271 2945 4334 ποιεῖ,
2984 4269 3105 4338 ὄφις
3160 4270 3390 4339 γίνεται,
3442 4274 3521 4335 εἰς
3546 4266 3682 4341 αἶγα

2117 4360 2590 4433 μεταμορφοῖηαι,
2648 4361 2992 4431 διπρόσωπος
3053 4363 3289 4431 γίνεται,
3332 4365 3413 4427 εἰς
3469 4365 3681 4436 χρυσὸν

445 4453 800 4516 convertitur,
848 4461 1033 4519 portas
1062 4451 1311 4506 occlusas
1366 4451 1559 4520 aperit,
1590 4449 1794 4505 ferrum
1825 4451 2001 4519 solvit,

2115 4452 2532 4523 μεταϐάλλεται·
2568 4451 2737 4522 θύρας
2780 4452 3171 4523 κεκλεισμένας
3211 4455 3435 4522 ἀνοίγει,
3465 4456 3681 4527 σίδηρον

447 4541 501 4594 in
538 4542 801 4596 conviviis
829 4544 1118 4598 simulacra
1155 4542 1458 4597 formarum
1488 4543 1834 4613 omnigenum
1857 4544 2010 4599 exhi-

448 4633 557 4699 bet,
592 4632 720 4688 facit
749 4636 887 4688 utin
939 4636 1103 4690 domo
1128 4652 1257 4692 vasa
1284 4648 1477 4706 sponte
1503 4636 1630 4692 ferri
1655 4638 1719 4692 ad
1766 4639 2012 4693 ministe-

450 4726 593 4780 rium
622 4726 928 4793 videantur,
966 4744 1065 4784 nec
1094 4739 1385 4783 cernantur
1410 4732 1504 4799 qui
1534 4728 1732 4783 ferunt.
1763 4727 1866 4784 Ista
1898 4745 2012 4784 me-

450 4828 725 4873 morantes
772 4820 1019 4882 audiens,
1078 4820 1357 4875 mirabar:
1431 4822 1766 4876 testabantur
1831 4832 2008 4877 autem

452 4910 553 4978 ipsi
585 4909 708 4963 talia
738 4925 795 4965 se
818 4909 1039 4966 vidisse.

522 5081 760 5138 XXXIV.
796 5084 839 5115 "
891 5084 985 5139 His
1036 5086 1108 5140 ita
1153 5090 1440 5154 enarratis,
1493 5091 1639 5144 venit
1696 5091 2008 5159 Zacclueus,

452 5181 504 5228 et
536 5174 636 5228 ista
688 5172 846 5228 Petro
872 5176 1228 5245 significavit:
1260 5178 1379 5233 Jam
1403 5196 1568 5243 nunc,
1598 5180 1773 5245 Petro,
1801 5190 2013 5252 tempus

452 5276 555 5332 est,
583 5276 641 5321 ut
669 5284 830 5323 exeas
856 5275 919 5323 ad
959 5270 1335 5325 disserendum
1368 5289 1492 5328 cum
1526 5275 1591 5328 iis
1620 5275 1709 5343 qui
1745 5290 2013 5331 convene-

453 5367 599 5413 runt.
624 5361 789 5417 Multa
815 5363 961 5417 enim
1007 5364 1166 5420 turba
1198 5364 1251 5418 in
1284 5366 1422 5421 atrio
1467 5374 1790 5437 congregata
1819 5375 1871 5422 te
1917 5384 2012 5439 op-

2112 4543 2247 4609 λύει,
2300 4544 2355 4595 ὲν
2400 4542 2636 4606 δείπνοις
2680 4543 2871 4596 εἴδωλα
2929 4546 3280 4599 παντοδαπῶν
3334 4546 3483 4599 ίδεῶν
3532 4564 3680 4618 παρ-

2114 4636 2289 4706 ίστησι
2308 4652 2322 4665 ·
2358 4635 2425 4687 τὰ
2455 4636 2510 4687 ἐν
2541 4639 2607 4706 τῇ
2640 4636 2785 4707 οἰκίᾳ
2810 4636 2974 4708 σκεύη
3010 4638 3084 4701 ὡς
3107 4638 3385 4715 αὐτόματα
3407 4638 3683 4711 φερόμενα

2114 4729 2249 4801 πρὸς
2279 4729 2578 4800 ὑπηρεσίαν
2634 4728 2862 4799 ὁρᾶσθαι
2910 4732 3072 4795 ποιεῖ,
3132 4729 3240 4784 τῶν
3290 4730 3562 4801 φερόντων
3618 4732 3682 4784 οὐ

2116 4823 2477 4894 βλεπομένων.
2524 4820 2712 4876 Ταῦτα
2758 4821 3041 4889 λεγόντων,
3095 4822 3306 4875 ἀκούων
3356 4823 3401 4853 ⁸⁸
3438 4822 3682 4893 ἐθαύμα-

2115 4914 2231 4980 ζοψ
2291 4913 2632 4986 ἐμαρτύρουν
2693 4913 2749 4966 δὲ
2782 4912 2851 4966 τὰ
2897 4912 3120 4968 τοιαῦτα
3180 4914 3332 4967 αὐτοὶ
3394 4916 3682 4987 ἱστορηκέ-

2101 5000 2201 5060 ’ναι
2228 5008 2295 5059 ⁸⁷.

2185 5096 2422 5151 XXXIV.
2467 5097 2681 5149 Τούτων
2729 5096 2871 5149 οὕτω
2928 5097 3221 5167 ῥηθέντων,
3263 5093 3365 5170 ἧκε
3416 5102 3683 5171 Ζακχαῖος

2112 5188 2332 5241 τοιαῦτα
2352 5186 2430 5257 τῷ
2446 5189 2635 5260 Πέτρῳ
2666 5188 2939 5258 διασαφῶν
2956 5207 2968 5218 ·
3005 5189 3140 5260 Ἤδη
3188 5190 3391 5256 λοιπὸν,
3416 5188 3461 5245 ὦ
3484 5195 3676 5265 Πέτρε,

2117 5280 2304 5350 καιρὸς
2359 5280 2493 5351 πρὸς
2535 5280 2594 5332 τὸ
2623 5281 2858 5334 ἐκϐάντα
2887 5298 2943 5333 σε
2977 5280 3320 5352 διαλεχθῆναι
3346 5288 3457 5348 τοῖς
3496 5287 3681 5339 συνελ-

2120 5371 2286 5424 θοῦσι.
2322 5371 2493 5434 Πολὺς
2516 5371 2622 5444 γὰρ
2662 5374 2753 5425 ἐπὶ
2785 5374 2881 5444 τῆς
2924 5373 3091 5443 αὐλῆς
3118 5374 3521 5446 συναθροισθεὶς
3550 5378 3683 5431 ἁνα-

1724 5518 1959 5572 νΑιιιΑς
2014 5519 2417 5575 LECTIONES.

503 5626 549 5660 ὀ
579 5629 649 5681 al.
681 5630 845 5685 inser.
874 5629 995 5681 ἐπεὶ
1022 5628 1092 5697 μὴ
1121 5628 1373 5697 tia-dtpo
1403 5626 1481 5679 vel
1507 5625 1629 5677 ἐπεὶ
1657 5627 1787 5697 μηδὲ
1820 5627 2072 5696 ὑπάρχει.
2145 5627 2187 5659 ⁹¹
2216 5626 2498 5697 οι.Αἰηςέτι·.
2544 5624 2737 5697 αὐτός.
2760 5625 2841 5678 Al.
2876 5624 3000 5697 add.
3050 5624 3295 5697 ἐνεργεῇ
3358 5626 3401 5657 ’⁸
3432 5628 3503 5679 al.
3533 5626 3627 5697 6pr

436 5698 481 5728 ⁸³
508 5698 577 5751 al.
608 5700 708 5750 οὐκ
738 5699 992 5763 εὐκόλως.
1024 5698 1276 5751 Clement.
1302 5698 1399 5749 οὐκ
1430 5698 1695 5761 εὐκόπως.

1771 5697 1817 5729 ’⁵
1847 5701 1918 5752 al.
1948 5699 1999 5752 ἡ.

438 5714 481 5728 ὀ
508 5714 577 5751 at.
608 5714 708 5750 ουκ
738 5714 992 5763 ευκολως.
1024 5714 1276 5751 uenient.
1302 5714 1399 5749 ουκ
1430 5714 1695 5761 εὐκόπως.
1773 5714 1817 5729 ν*
1847 5714 1918 5752 al.
1948 5714 1978 5768 η

438 5769 562 5823 add.
598 5769 795 5823 αὐτῶν.
872 5771 913 5802 9⁷
948 5769 1017 5824 al.
1046 5770 1206 5825 inser.
1237 5768 1522 5840 παρόντες.
1601 5770 1642 5800 ³³
1675 5769 1926 5824 Clement.
1966 5769 1978 5822 l

2145 5628 2187 5659 ⁹¹
2216 5628 2285 5680 al.
2335 5628 2498 5685 inser.
2544 5628 2722 5690 αὐτός.
2760 5628 2841 5678 Al.
2876 5628 3000 5679 add.
3050 5628 3276 5695 ἐνεργεῖ.
3358 5628 3401 5657 ⁹¹
3432 5628 3503 5679 al.
3533 5628 3559 5678 ό
3590 5628 3686 5751 μή.

2075 5699 2121 5729 ³⁵
2148 5699 2181 5751 l.
2216 5712 2261 5751 s.
2291 5695 2515 5764 Recogn.
2552 5714 2609 5758 ιι,
2634 5698 2687 5752 9.
2718 5696 2927 5759 Anast.,
2956 5694 3208 5757 Cedren.,
3240 5693 3460 5765 Nicepli.
3540 5696 3584 5727 ⁹⁶
3613 5713 3643 5751 a
3669 5736 3685 5753 .

1601 5770 1642 5800 ³³
1675 5769 1926 5824 Clement.
1966 5767 2111 5823 ὶιοιιι.
2149 5785 2228 5835 ιιι,
2258 5783 2376 5837 cap.
2404 5770 2492 5833 2⁸),
2517 5779 2621 5823 etc.
2651 5767 2873 5837 Rccogu.
2905 5770 2940 5821 ι.
2970 5781 3031 5832 ιι,
3055 5781 3103 5821 c.
3135 5767 3224 5831 19,
3249 5776 3351 5821 etc.
