4022 6336
317 281 425 337 897

1095 281 1554 338 CLEMENTINA.
1597 316 1665 325 —
1704 282 2003 339 EPITOME
2041 284 2128 339 DE
2166 284 2410 341 GESTIS
2446 284 2503 341 S.
2545 284 2766 339 PETRI.
3468 285 3566 340 198

322 401 477 473 μένει
517 417 580 457 σε
604 401 778 472 ὄχλος,
807 397 868 458 οὖ
909 404 969 456 ὲν
1019 401 1169 475 μέσῳ
1208 404 1457 477 καθάπερ
1500 422 1584 469 τις
1625 404 1897 477 πολέμαρ·

2006 409 2246 479 peritur;
2278 410 2333 463 in
2362 422 2595 478 quorum
2649 406 2828 461 medio
2878 415 3133 474 tanquam
3189 404 3388 475 aliquis
3438 404 3564 461 belli

321 517 419 570 λος
448 500 494 532 ’³
532 499 626 553 ὑπ’
664 498 842 552 αὐτῶν
868 497 1331 571 δορυφορούμενος
1360 499 1558 571 ἕστηκε
1593 498 1793 569 Σίμων.
1842 499 1899 551 '0

315 591 378 644 δὲ
408 592 617 663 Πέτρος
657 590 911 655 ἀκούσας,
948 592 1112 662 εὐχῆς
1136 591 1295 662 χάριν
1325 590 1672 662 ὑποχωρῆσαί
1704 609 1792 662 μοι
1811 609 1901 645 κε-

316 682 518 746 λεύσας
560 684 626 715 ¹⁰⁹
666 683 829 754 μήπω
860 682 921 735 τὸ
968 686 1233 755 σωτήριον
1273 683 1555 753 βάπτισμα
1601 683 1895 755 δεξαμένῳ,

312 777 433 838 τοῖς
455 775 556 846 ήδη
584 774 829 838 τελείοις·
876 774 1248 839 Ἀναστάντες,
1294 775 1395 847 ἔφη
1423 814 1437 838 ,
1485 774 1785 846 εὐξώμεθα,
1813 776 1899 829 ἴνα

313 866 453 929 Θεὸς
482 869 596 930 τοῖς
624 866 995 931 ἀνεκλείπτοις
1041 867 1206 921 αὑτοῦ
1249 870 1553 940 οίκτιρμοῖς
1591 869 1896 940 συνεργήση

317 976 412 1029 μοι
434 957 678 1030 όρμῶντι
707 959 843 1029 πρὸς
866 959 1137 1031 σωτηρίαν
1159 959 1269 1014 τῶν
1298 961 1389 1014 ὑπ’
1443 960 1608 1013 αὑτοῦ
1656 959 1898 1013 κτισθέν-

310 1068 428 1104 των
461 1050 786 1122 ἀνθρώπων.
835 1050 943 1105 Kal
967 1052 1126 1106 τοῦτο
1173 1052 1365 1116 εἰπὼν,
1412 1052 1704 1123 εὐξάμενος
1749 1050 1896 1122 ἐξῄει

310 1144 399 1205 είς
418 1142 513 1195 τὸν
538 1142 810 1214 ὕπαιθρον
829 1144 927 1215 τῆς
976 1145 1145 1216 αὐλῆς
1185 1145 1351 1199 τόπον
1381 1146 1552 1216 μέγαν
1583 1145 1731 1211 ὄντα,
1767 1144 1897 1199 ἔνθα

313 1234 739 1304 συνεληλυθότες
764 1230 904 1305 ἦσαν
938 1236 1141 1303 πολλοὶ,
1204 1238 1269 1291 ἶν’
1312 1236 1574 1291 ἀκουσταί¹
1635 1236 1895 1303 γένωνται

312 1325 429 1378 τῶν
454 1326 890 1397 λεχθησομένων.
948 1328 1088 1392 Στάς
1124 1324 1216 1383 οὖν
1258 1331 1353 1383 καὶ
1385 1328 1504 1383 ἰδὼν
1552 1329 1688 1399 μετά
1716 1329 1895 1399 πάσης

314 1419 554 1490 ἡσυχίας
600 1420 692 1471 τὸν
737 1419 913 1472 πάντα
939 1419 1066 1474 λαὸν
1108 1422 1189 1484 εἰς
1238 1421 1400 1475 αὐτὸν
1441 1419 1773 1486 ἀτενίζοντα,
1805 1420 1893 1473 Σί-

318 1530 477 1584 μωνα
502 1513 563 1567 δὲ
607 1512 702 1566 τὸν
726 1512 915 1581 Μάγον
963 1513 1045 1575 είς
1106 1512 1268 1567 μέσον
1311 1512 1520 1567 ἑστῶτα
1582 1512 1675 1567 τοῦ
1716 1511 1894 1582 λέγειν

310 1604 521 1676 ἤρξατο
566 1602 763 1669 οὕτως’

388 1717 625 1822 ΧΧΧῨἰ
660 1720 881 1822 ,Εἰρήνη
943 1718 1032 1791 εἴη
1095 1721 1262 1805 πᾶριν
1289 1720 1460 1822 ’ὑμῖν
1507 1720 1891 1791 τοῖς.ὲτοίμως
1918 1765 1967 1822 Β

316 1811 504 1882 ἔχουσι
533 1809 716 1877 δεξιὰς
742 1811 938 1865 διδόναι
963 1815 1031 1883 τῇ
1056 1812 1149 1865 τοῦ
1184 1811 1318 1866 Θεοῦ
1362 1812 1608 1885 ἀληθείᾳ,
1638 1814 1707 1885 ἢν
1729 1814 1892 1869 αὐτοῦ

315 1903 568 1975 μεγάλην
590 1921 650 1957 τε
681 1904 779 1957 καὶ
818 1905 1147 1975 ἀσύγκριτον
1189 1906 1247 1957 ὲν
1269 1904 1347 1975 τῷ
1373 1903 1466 1958 νῦν
1496 1905 1682 1976 κόσμῳ
1720 1906 1896 1976 ὑπάρ-

313 2012 522 2066 χουσαν
551 1995 784 2067 δωρεὰν,
811 1997 839 2050 ὁ
890 1995 1219 2059 ἀποστείλας
1252 1998 1401 2067 ἡμᾶς
1432 1995 1637 2067 Κύριος
1692 1996 1896 2068 Ἰησοῦς

312 2088 555 2161 Χριστὸς
585 2089 613 2141 ό
662 2088 791 2151 Υἱὸς
808 2087 904 2141 τοῦ
934 2086 1138 2153 ζῶντος
1186 2087 1342 2155 Θεοῦ,
1392 2087 1595 2160 ταύτην
1623 2090 1752 2159 ἡμῖν
1781 2090 1893 2141 ἐνε-

311 2181 536 2234 τείλατο
555 2181 654 2251 τὴν
688 2181 1083 2253 προσηγορίαν,
1116 2180 1224 2253 πρὸ
1273 2180 1382 2234 τῶν
1413 2181 1511 2253 τῆς
1554 2180 1897 2246 διδασκαλίας

314 2272 497 2341 λόγων
529 2273 658 2343 ὑμῖν
708 2271 1169 2342 ἐπιφθέγγεσθαι·
1214 2273 1300 2325 ἵνα
1343 2273 1435 2326 ὲάν
1482 2290 1565 2337 τις
1690 2274 1748 2326 ὲν
1770 2274 1896 2345 ὑμῖν

314 2364 547 2435 εἰρήνης
579 2363 791 2429 τέκνον,
816 2363 904 2418 διὰ
929 2364 1029 2435 τῆς
1051 2363 1397 2427 διδασκαλίας
1438 2363 1593 2435 ημῶν
1616 2364 1895 2437 καταλάϐῃ

316 2456 491 2511 αὑτὸν
537 2457 571 2527 ἡ
598 2456 820 2528 εἰρήνη·
850 2457 900 2509 εἰ
928 2456 985 2509 δὲ
1020 2456 1223 2528 ταύτην
1268 2456 1451 2510 λαθεῖν
1501 2456 1654 2528 ὑμῶν
1707 2474 1787 2521 τίς
1822 2457 1896 2531 μὴ

315 2548 489 2613 θέλοι,
514 2547 637 2600 τότε
667 2548 760 2601 καὶ
811 2549 973 2618 ἡμεῖς
1010 2548 1466 2621 ἀποτιναξάμενοι
1504 2548 1595 2602 τὸν
1626 2550 1897 2621 κονιορτὸν

310 2642 429 2693 τῶν
479 2640 652 2693 ποδῶν
699 2640 855 2712 ἡμῶν
904 2641 984 2704 εἰς
1040 2640 1354 2713 μαρτύριον,
1390 2641 1470 2705 εἰς
1495 2641 1695 2711 ἑτέρων
1726 2642 1897 2695 ἀπίω-

319 2750 425 2804 μεν
449 2733 471 2763 ³
490 2732 664 2795 οἰκίας
704 2732 800 2786 καὶ
840 2732 1043 2797 πόλεις.
1068 2734 1179 2787 Kal
1221 2733 1433 2805 ἀληθῶς
1482 2735 1608 2804 ὑμῖν
1632 2732 1893 2805 λέγομεν

332 2824 711 2896 ’Δνεκτότερον
739 2823 893 2879 ἔσται
932 2828 1004 2897 γῇ
1055 2825 1306 2897 Σοδόμων
1360 2826 1452 2879 καὶ
1522 2826 1806 2899 Γομόρρας
1842 2827 1898 2879 ὲν

322 2917 512 2988 ήμέρᾳ
533 2917 787 2989 κρίσεως,
819 2916 853 2988 ἢ
907 2917 987 2987 τῷ
1018 2917 1117 2988 τῆς
1159 2916 1440 2981 ἀπειθείας
1462 2917 1613 2988 τόπῳ
1638 2917 1899 2988 ἐνδιατρί-

318 3007 472 3061 ϐειν
506 3007 724 3079 πρῶτον
775 3008 893 3079 μὲν,
938 3009 1021 3062 ὅτι
1059 3009 1154 3078 ἀφ’
1183 3008 1389 3063 ἑαυτῶν
1426 3009 1527 3080 οὐχ
1566 3002 1666 3062 οἶοί
1705 3026 1766 3061 τε
1807 3026 1898 3079 γε·

2000 500 2111 555 dux
2138 502 2206 555 ab
2249 501 2317 555 iis
2373 509 2649 571 protectus
2678 514 2745 562 ac
2776 498 3005 566 stipatus
3054 498 3301 553 constitit
3350 496 3562 554 Simon.

1999 592 2115 649 Hoc
2141 594 2328 648 audito
2362 592 2556 648 Petrus
2578 632 2593 656 ,
2642 608 2764 646 cum
2804 591 3067 646 orationis
3093 590 3262 660 gratia
3316 590 3569 647 secedere

2000 705 2087 742 me
2111 688 2388 758 jussisset,
2421 687 2514 757 qui
2544 686 2785 741 nondum
2812 696 3138 741 consecutus
3172 686 3379 740 fueram
3414 689 3564 741 salu-

2001 788 2116 835 tare
2152 781 2454 850 baptisma;
2510 780 2577 834 ad
2626 778 2736 849 jam
2796 777 3068 847 perfectos
3116 793 3178 831 ac
3235 778 3561 847 baptizatos,

2001 872 2318 943 Surgentes,
2356 872 2555 942 inquit,
2617 886 2835 925 oremus
2856 913 2868 936 ,
2905 879 2963 923 ut
2997 869 3137 924 Deus
3162 885 3259 938 pro
3293 872 3407 930 suis
3437 890 3564 943 per—

1998 966 2174 1036 petuis
2202 966 2645 1021 miserationibus
2669 966 2963 1035 Opituletur
3004 966 3138 1021 mihi
3179 967 3466 1037 prodeunti
3494 968 3565 1021 ob

1997 1060 2225 1115 salutem
2260 1060 2542 1113 hominum
2594 1060 2661 1113 ab
2696 1060 2814 1129 ipso
2866 1070 3195 1115 creatorum.
3239 1059 3416 1131 thue
3462 1062 3565 1118 hoc

1996 1150 2156 1217 dixit,
2209 1151 2458 1206 oratione
2496 1150 2659 1216 facta,
2686 1152 2819 1206 exiit
2846 1152 2899 1204 in
2948 1152 3071 1205 atrii
3117 1152 3297 1206 locum
3344 1153 3581 1219 ειιὶιιιὶει-⁸

1996 1243 2098 1295 lem
2134 1250 2186 1295 et
2213 1258 2492 1312 magnum,
2523 1258 2631 1312 quo
2657 1244 2813 1296 multi
2862 1256 3249 1310 convenerant,
3290 1254 3349 1299 ut
3375 1245 3566 1299 ﬁerent

1996 1334 2273 1387 auditores
2301 1348 2490 1386 eorum
2537 1349 2659 1402 quae
2686 1333 2912 1388 dicentia
2944 1342 3146 1388 essent.
3187 1333 3350 1387 Stans
3410 1348 3561 1402 ergo,

1994 1440 2329 1493 cernensque
2354 1425 2666 1477 universum
2697 1426 2952 1494 populum
2999 1441 3213 1479 summo
3248 1440 3371 1479 cum
3401 1424 3566 1480 silen-

1994 1519 2070 1573 tio
2094 1517 2284 1573 oculos
2329 1517 2380 1571 in
2409 1518 2585 1587 ipsum
2613 1517 2905 1587 conjicere,
2949 1533 3012 1572 ac
3042 1516 3319 1573 Simonem
3350 1517 3563 1590 Magum

1995 1609 2048 1663 in
2081 1608 2257 1663 medio
2281 1618 2445 1675 stare,
2474 1609 2623 1664 hunc
2648 1609 2698 1663 in
2733 1608 2953 1663 modum
2982 1608 3131 1679 loqui
3154 1611 3348 1679 etepit:

2062 1718 2281 1776 XXXV.
2316 1722 2332 1753 ί
2382 1720 2495 1777 Pax
2523 1722 2594 1777 sit
2620 1722 2877 1778 omnibus
2902 1722 3073 1789 vobis,
3105 1723 3197 1794 qui
3232 1724 3403 1793 parati
3431 1726 3565 1781 estis

1995 1811 2249 1868 dexteras
2284 1814 2415 1868 dare
2448 1814 2662 1870 veritati
2685 1814 2812 1881 Dei;
2867 1830 3055 1884 quam,
3080 1831 3337 1886 magnum
3369 1832 3565 1885 nempe

1993 1921 2059 1961 ac
2093 1906 2518 1976 incomparabile
2539 1907 2657 1976 ejus
2694 1921 2895 1961 munus
2921 1907 2975 1961 in
3008 1908 3112 1963 hoc
3163 1908 3367 1963 mundo
3410 1917 3467 1963 ut
3508 1908 3564 1963 in

1994 1997 2377 2053 salutationem
2408 1998 2562 2053 vobis
2583 2008 2706 2053 ante
2752 2014 3031 2055 sermones
3082 1999 3345 2055 doctrina:
3388 2000 3565 2055 accla-

1994 2105 2209 2145 memus
2256 2091 2511 2161 przecepit
2563 2090 2721 2145 nobis
2777 2090 2872 2162 qui
2945 2091 3096 2146 misit
3155 2108 3254 2147 nos
3300 2090 3564 2147 Dominus

1993 2179 2155 2238 Iesus
2177 2181 2454 2250 Christus,
2482 2183 2654 2239 Filius
2680 2183 2775 2239 Dei
2798 2184 2907 2239 vivi
2932 2202 2947 2251 ;
2971 2201 3081 2254 quo
3117 2184 3162 2241 si
3194 2184 3392 2255 aliquis
3422 2185 3565 2239 inter

1994 2290 2093 2330 vos
2118 2276 2191 2331 sit
2235 2274 2379 2330 illius
2412 2275 2583 2344 pacis,
2640 2290 2735 2345 per
2798 2276 3103 2332 doctrinam
3164 2286 3407 2331 nostram
3457 2292 3564 2346 pax

1994 2380 2120 2420 eum
2166 2364 2589 2435 complectatur;
2639 2367 2684 2419 si
2740 2364 2866 2435 quis
2917 2376 3097 2422 autem
3150 2376 3392 2423 vestrum
3442 2383 3563 2422 eam

1996 2456 2241 2525 accipere
2268 2455 2423 2520 nolit,
2457 2464 2587 2509 tunc
2616 2464 2671 2509 et
2724 2470 2825 2512 nos
2853 2472 3085 2511 excusso
3116 2458 3314 2527 pedum
3346 2466 3565 2513 nostro-

1994 2562 2116 2602 rum
2145 2546 2366 2617 pulvere
2396 2546 2449 2600 in
2474 2547 2867 2615 testimonium,
2891 2549 2957 2602 ad
2998 2548 3229 2603 aliorum
3283 2548 3473 2604 domos
3500 2564 3565 2604 ac

1996 2638 2242 2694 civitates
2266 2638 2527 2693 abeamus
2554 2640 2593 2692 ².
2643 2638 2720 2692 Ac
2742 2653 2869 2693 vere
2902 2638 3137 2694 dicimus
3168 2638 3354 2693 vobis:
3412 2634 3565 2692 Tole-

1996 2731 2225 2786 rabilius
2248 2731 2351 2785 erit
2376 2729 2431 2785 in
2457 2729 2780 2799 diejudieii,
2817 2729 2988 2786 fuisse
3030 2730 3084 2783 in
3115 2738 3261 2785 terra
3295 2728 3563 2783 Sodomo-

1996 2838 2117 2878 rum
2142 2831 2197 2877 et
2226 2822 2567 2889 Gomorrhte,
2619 2838 2781 2893 quam
2836 2823 2890 2877 in
2947 2823 3066 2877 loco
3120 2821 3559 2876 incredulitatis:

1996 2917 2174 2986 primo
2199 2916 2440 2987 quidem,
2479 2916 2608 2985 quia
2661 2931 2769 2970 non
2814 2915 3070 2986 potuistis
3110 2931 3177 2971 ex
3208 2914 3365 2970 vobis
3391 2928 3562 2985 agno-

1998 3023 2152 3064 scere
2189 3008 2509 3063 veritatem:
2544 3007 2809 3071 secundo,
2836 3008 3093 3076 quoniam
3125 3008 3193 3062 de
3214 3006 3415 3063 nostris
3437 3022 3561 3060 cum

317 3100 515 3167 γόνατε
565 3098 664 3171 τὴν
716 3099 971 3172 ἀλήθειαν
1020 3101 1346 3169 ἐπιγνῶναιο
1385 3100 1660 3172 δεύτερον,
1723 3099 1897 3153 δτιτά

2001 3099 2303 3163 audieritis,
2334 3116 2440 3154 non
2468 3098 2698 3153 venistis
2726 3114 2901 3168 usque
2929 3098 2993 3154 ad
3040 3114 3140 3154 nos
3168 3117 3181 3153 :
3212 3100 3393 3163 tertio,
3434 3099 3564 3169 quia

318 3192 446 3247 καθ’
470 3193 616 3263 ἡμᾶς
669 3192 1021 3260 ἀκούσαντες,
1069 3193 1171 3246 οὐκ
1220 3193 1410 3264 ήλθετε
1455 3192 1650 3264 μέχρις
1704 3191 1891 3263 ἡμῶν·

319 3284 528 3356 τρίτον,
580 3284 664 3337 ὅτι
729 3284 825 3337 καὶ
877 3283 1123 3338 ἐλθοῦσιν
1170 3286 1302 3356 ἡμῖν
1373 3284 1728 3357 ἠπειθήσατε.
1808 3287 1898 3340 Διὸ

320 3376 629 3446 φειδόμενοι
659 3374 836 3446 ὑμῶν,
873 3379 1074 3448 προῖκα
1127 3376 1398 3448 εὐχόμεθα
1446 3375 1543 3448 τὴν
1590 3378 1809 3449 εἰρήνην
1831 3380 1896 3449 ἡ-

324 3469 443 3539 μῶν
468 3468 639 3521 ἐλθεῖν
663 3468 750 3536 ἐφ’
793 3469 956 3540 ὑμᾶς.
1015 3469 1079 3522 Et
1104 3461 1197 3521 οὖν
1240 3467 1443 3537 ταύτην
1491 3468 1632 3540 ἔχειν
1665 3468 1894 3535 ἐθέλετε,

319 3560 404 3613 δεῖ
430 3561 577 3631 ὑμᾶς
598 3560 892 3632 προθύμως
914 3562 1040 3627 τοὺς
1061 3561 1189 3634 περὶ
1215 3560 1316 3631 τῆς
1344 3560 1621 3625 εὐσεϐείας
1647 3561 1897 3628 δέξασθαι

321 3653 535 3721 λόγους,
568 3654 660 3706 καὶ
693 3654 790 3725 τὴν
840 3653 957 3724 Θεῷ
1004 3654 1344 3726 ἀρέσκουσαν
1388 3653 1662 3707 πολιτείαν
1701 3656 1895 3708 ἐπανε-

320 3744 547 3813 λέσθαι,
595 3745 660 3798 ἵν’
713 3745 951 3809 εὐσεϐῶς
1018 3747 1111 3799 καί⁸
1160 3746 1383 3809 δικαίως
1424 3744 1716 3817 ζήσαντες,
1790 3749 1896 3801 τῶν

321 3838 558 3891 αἰωνίων
580 3836 794 3907 ἀγαθῶν
820 3836 1044 3908 γένησθε
1075 3837 1419 3910 κληρονόμοι.

392 3928 639 3985 XXXVI.
697 3930 809 3983 Kal
861 3929 955 3983 τοῦ
1011 3930 1217 4002 Πέτρου
1266 3930 1439 3985 ταῦτα
1496 3932 1759 3996 εἰπόντος,
1804 3934 1898 3986 καί¹

324 4023 454 4094 περὶ
482 4021 592 4076 τῶν
613 4021 787 4094 ἔργων
810 4022 903 4076 τοῦ
929 4021 1062 4077 Θεοῦ
1101 4022 1428 4090 διδάξαντος,
1451 4026 1544 4078 καὶ
1585 4025 1723 4078 πόσα
1750 4026 1898 4096 παρά

324 4114 418 4168 τοῦ
442 4113 579 4167 Θεοῦ
613 4113 692 4184 τῷ
722 4113 994 4187 ἀνθρώπῳ
1019 4114 1087 4169 τὰ
1121 4115 1301 4184 ἀγαθὰ
1331 4116 1597 4188 ἐδωρήθη,
1627 4117 1721 4170 καὶ
1753 4135 1895 4188 παρ-

325 4208 636 4271 αινέσαντος
673 4207 842 4261 πολλὰ
886 4210 1014 4279 περί
1064 4210 1379 4281 μοναρχίας,
1412 4211 1440 4262 ὁ
1472 4210 1650 4280 Σίμων
1679 4209 1781 4275 ἔξω
1804 4210 1897 4264 τοῦ

324 4298 480 4369 ὄχλου
510 4298 608 4370 βοῇ
635 4299 841 4370 μεγάλη
866 4299 966 4371 ἔφη
989 4318 1003 4331 ο
1033 4301 1098 4353 Τί
1138 4301 1469 4371 ψευδόμενος,
1492 4302 1704 4373 ἀπατᾷν
1727 4302 1900 4368 θέλεις

322 4392 414 4444 τὸν
435 4391 763 4463 παρεστᾶηά
798 4409 880 4445 σοι
932 4392 1142 4465 ἰδιώτην
1196 4394 1371 4465 ὄχλον,
1429 4394 1628 4448 πείθων
1680 4396 1893 4461 αὐτοὺς,

325 4483 481 4547 θεοὺς
512 4485 648 4555 μήτε
674 4484 979 4555 ὀνομάζειν,
1021 4486 1157 4557 μήτε
1187 4486 1365 4555 λέγειν
1412 4486 1531 4552 ὲξδν
1585 4482 1757 4554 εἶναι;
1787 4490 1895 4543 τῶν

325 4574 478 4646 παρὰ
546 4576 821 4641 Ἰουδαίοις
876 4577 1148 4648 δημοσίων
1197 4578 1393 4648 βίϐλων
1454 4579 1681 4643 πολλοὺς
1741 4580 1896 4645 θεοὺς

322 4666 625 4736 λεγουσῶν.
650 4670 759 4722 Καὶ
787 4670 881 4723 νῦν
931 4670 987 4722 δὲ
1016 4672 1153 4741 μετά
1208 4673 1422 4726 πάντων
1468 4674 1560 4726 ἀπ’
1590 4672 1765 4726 αὐτῶν
1814 4692 1895 4727 σοι

323 4760 431 4814 τῶν
456 4760 675 4831 βιϐλίων
696 4764 822 4833 περί
855 4762 947 4815 τοῦ
985 4762 1095 4816 δεῖν
1125 4763 1277 4828 θεοὺς
1310 4766 1569 4836 νομίζειν,
1599 4764 1895 4837 συζητῆσαι

329 4853 621 4926 βούλομαν
682 4856 943 4927 πρότερον
974 4856 1100 4926 περὶ
1146 4851 1206 4911 οὗ
1252 4857 1387 4928 ἔφης
1414 4856 1570 4920 Θεοῦ,
1614 4856 1789 4920 δείξας
1821 4857 1895 4929 μὴ

326 4946 485 5001 αὑτὸν
515 4948 616 5018 τὴν
646 4948 904 5001 ἀνωτάτω
928 4950 1020 5001 καὶ
1050 4948 1226 5001 πάντα
1275 4949 1575 5020 δυναμένην
1607 4949 1893 5020 Πρόνοιαν,

329 5039 449 5091 καθ’
477 5040 504 5092 ὃ
531 5040 913 5110 ἀπρόγνωστός
940 5042 1108 5103 ἐστιν,
1139 5040 1351 5111 ἀτελὴς,
1403 5041 1605 5112 ἐνδεὴς,
1636 5042 1730 5093 καὶ
1762 5040 1898 5104 ὅλως

329 5134 427 5187 οὐκ
452 5133 674 5203 ἀγαθός.
719 5134 932 5203 Ἀμέλει
962 5134 1057 5186 καὶ
1088 5133 1277 5185 τούτου
1307 5133 1605 5201 δειχθέντος
1654 5132 1763 5185 ἀπὸ
1789 5132 1897 5185 τῶν

331 5226 581 5297 Γραφῶν,
609 5226 685 5290 ὡς
714 5226 821 5295 ἐγὼ
849 5227 1009 5295 λέγω,
1033 5228 1217 5298 ἕτερος
1243 5226 1505 5297 ἀγράφως
1531 5225 1898 5296 περιλείπεται

335 5311 477 5374 εἶναι
504 5318 656 5383 Θεὸς,
688 5318 1111 5391 προγνωστικὸς,
1139 5318 1359 5382 τέλειος,
1385 5318 1651 5389 ἀνενδεὴς,
1672 5317 1894 5386 ἀγαθὸς,

1996 3192 2161 3247 etiam
2192 3194 2353 3248 nobis
2376 3192 2443 3247 ad
2472 3208 2570 3247 vos
2618 3191 2875 3262 profectis
2909 3207 3015 3247 non
3040 3190 3565 3257 credidistis.Quare

1998 3284 2364 3355 gratiﬁcantes
2412 3283 2589 3350 vobis,
2637 3282 2782 3338 ultro
2838 3299 3081 3348 oramus,
3117 3292 3177 3338 ut
3220 3300 3322 3355 pax
3375 3292 3561 3339 nostra

1996 3376 2180 3432 veniat
2216 3390 2381 3446 super
2414 3390 2534 3430 vos.
2568 3374 2627 3429 Si
2656 3390 2787 3445 ergo
2808 3390 2926 3429 eam
2960 3375 3157 3431 habere
3187 3376 3369 3441 vultis,
3402 3390 3565 3444 Opor-

1998 3478 2075 3524 tet
2107 3484 2206 3524 vos
2234 3468 2401 3524 alacri
2452 3467 2639 3523 animo
2695 3469 2971 3537 suscipere
3026 3467 3243 3522 habitos
3271 3467 3336 3523 de
3367 3468 3565 3538 pietate

1997 3576 2299 3627 sermones,
2348 3568 2509 3629 atque
2540 3560 2649 3614 Deo
2680 3560 2930 3628 placitam
2960 3559 3209 3629 amplecti
3242 3558 3437 3624 vitam;
3481 3568 3561 3621 ut,

1995 3654 2086 3724 pia
2128 3653 2385 3723 iustaque
2442 3654 2549 3707 vita
2576 3662 2870 3715 transacta,
2923 3664 3247 3707 aeternorum
3297 3651 3564 3705 bonorum

1997 3744 2239 3800 haeredes
2267 3745 2405 3800 sitis.

2065 3924 2307 3979 XXXVI.
2338 3926 2360 3957 ⁸
2392 3924 2523 3991 Quae
2558 3941 2679 3981 cum
2711 3924 2904 3979 Petrus
2939 3924 3167 3979 dixisset
3193 3966 3208 3990 ,
3242 3938 3308 3978 ac
3338 3924 3403 3977 de
3430 3937 3561 3991 ope-

1999 4019 2153 4075 ribus
2177 4018 2271 4073 Dei
2310 4018 2608 4083 doeuisset,
2632 4028 2944 4089 quantaque
2965 4018 3106 4073 bona
3148 4032 3178 4072 a
3210 4016 3320 4071 Deo
3351 4018 3561 4072 homini

1999 4113 2111 4167 sint
2133 4111 2365 4177 donata;
2404 4119 2566 4181 atque
2596 4112 2765 4165 multa
2796 4111 3097 4166 monuisset
3122 4110 3187 4164 de
3217 4109 3556 4172 monarchia,

1999 4203 2050 4258 id
2072 4212 2157 4258 est
2183 4204 2347 4259 unius
2370 4202 2464 4258 Dei
2509 4203 2810 4274 principatu
2839 4246 2853 4269 ,
2914 4201 3102 4256 Simon
3150 4212 3302 4255 extra
3347 4201 3558 4255 turbam

1997 4310 2130 4351 voce
2160 4311 2354 4366 magna
2406 4295 2557 4350 iniit:
2605 4294 2744 4361 Quid
2801 4300 3069 4350 astantem
3098 4294 3195 4348 tibi
3252 4294 3557 4363 imperitam

2000 4387 2403 4444 multitudinem
2456 4388 2539 4444 vis
2564 4387 2872 4443 mentiendo
2912 4386 3194 4455 decipere,
3252 4385 3382 4440 dum
3432 4401 3558 4455 per-

2000 4480 2197 4535 suades
2222 4479 2324 4546 eis,
2356 4480 2487 4535 deos
2537 4494 2639 4534 nec
2668 4478 2953 4533 nominare
3004 4478 3214 4534 licitum
3265 4492 3407 4545 esse,
3459 4494 3561 4533 nec

2000 4573 2221 4627 dicere?
2256 4587 2381 4627 cum
2422 4570 2623 4639 publici
2652 4568 2963 4624 Judaaorum
3012 4569 3133 4622 libri
3180 4568 3385 4623 multos
3427 4568 3561 4623 deos

2002 4662 2352 4717 asseverent?
2387 4661 2450 4715 Et
2473 4677 2602 4716 vero
2625 4675 2773 4714 nunc
2822 4673 3004 4713 coram
3064 4659 3340 4723 omnibus,
3374 4674 3441 4713 cx
3491 4660 3559 4715 iis

1998 4754 2153 4810 libris
2183 4762 2362 4809 tecum
2393 4754 2669 4823 disputare
2692 4752 2814 4806 volo
2848 4750 2915 4805 de
2941 4766 3030 4815 eo,
3070 4750 3214 4819 quod
3238 4751 3371 4807 deos
3412 4751 3555 4806 exsi-

1999 4854 2142 4902 stere
2172 4846 2243 4900 sit
2262 4844 2680 4901 existimandum
2713 4862 2727 4898 :
2760 4853 2813 4897 et
2840 4844 2994 4913 prius
3018 4844 3085 4898 de
3132 4858 3199 4897 eo
3245 4842 3357 4898 Deo
3395 4860 3558 4913 quem

2003 4939 2309 5010 protulisti,
2328 4938 2556 4994 ostendo
2578 4953 2699 4991 eum
2734 4952 2843 4991 non
2872 4951 2993 4991 esse
3018 4950 3328 5005 supremam
3358 4951 3423 4991 ae
3444 4952 3564 4989 om-

2000 5033 2331 5101 nipotentem
2354 5029 2751 5084 Providentiam
2775 5048 2789 5094 ;
2822 5028 2949 5097 quia
2977 5026 3311 5098 improvidus
3341 5026 3557 5082 futuro-

2000 5140 2123 5178 rum
2166 5131 2264 5186 est,
2334 5122 2702 5191 imperfectus,
2756 5121 3026 5191 indigens,
3067 5136 3133 5174 ac
3180 5120 3405 5174 omnino
3448 5136 3555 5173 non

1998 5218 2194 5271 bonus.
2242 5214 2382 5281 Quo,
2417 5215 2695 5277 nimirum,
2729 5213 3101 5267 demonstrato
3142 5226 3207 5265 ex
3238 5210 3556 5278 Scripturis,

1998 5306 2455 5380 quemadmodum
2476 5321 2575 5376 ego
2601 5320 2810 5371 assero,
2840 5312 3005 5359 restat
3038 5311 3097 5356 ut
3139 5304 3209 5357 sit
3255 5300 3394 5357 alius
3419 5300 3559 5355 Deus

1592 5475 1824 5533 VARle
1866 5472 2262 5529 LECTIONES.

486 5618 532 5650 "
577 5616 651 5670 al.
704 5614 1072 5686 πολεμάρχης.
1111 5616 1183 5668 al.
1224 5614 1527 5686 ταξίαρχος.
1581 5680 1592 5686 ﬁ
1638 5613 1704 5643 ¹⁰⁰
1756 5612 1826 5665 al.
1870 5614 2034 5668 inser.
2090 5612 2301 5685 μικρόν.
2407 5616 2421 5645 ¹
2479 5608 3035 5686 Βεεοθη.ἰ.“ιι,ε-5οε
3112 5606 3345 5686 ’biatth.
3378 5627 3431 5676 ι,

342 5685 496 5741 Mare.
555 5704 633 5752 vn,
698 5687 755 5740 ll
788 5704 802 5753 ;
842 5680 1022 5739 'LucL'
1047 5703 1102 5751 x,
1136 5686 1188 5740 5.
1288 5684 1309 5715 ³
1348 5680 1779 5752 ειΙξάπιώμενοι.

342 5756 557 5814 Gedren.

1889 5687 1911 5718 ‘
1950 5679 2206 5749 Clem-ent.-
2264 5686 2411 5739 hom.
2475 5701 2535 5739 ιιι
2581 5725 2595 5748 ,
2626 5702 2674 5737 c.
2724 5680 2812 5746 58,
2860 5688 2960 5735 etc.
3015 5679 3049 5733 Ι.
3098 5694 3142 5733 s.
3187 5681 3305 5737 llec.
3354 5697 3412 5748 ιι,
3463 5682 3549 5737 ‘57.
