4022 6336
451 234 557 294 499

1296 228 1351 285 S.
1391 226 1774 284 CLEMENTIS
1811 228 1830 281 I
1867 226 2031 285 ROM.
2072 224 2272 281 ΡΟΝΤ.
2312 224 2539 281 OPERA
2578 222 2803 281 DUBIA.

3586 216 3689 273 500

454 352 509 410 in
543 350 825 424 Scriptura
845 369 955 411 non
984 361 1469 419 commemoratus,
1511 352 1774 423 praescius
1806 348 2017 405 futuro-

2125 349 2334 401 πάντων
2390 346 2807 417 ἀπηλλαγμένος
2856 341 3073 399 κακῶνο
3126 342 3184 396 δν
3240 339 3297 395 δὲ
3340 340 3406 393 σὺ
3464 339 3572 411 φῂς
3596 337 3691 408 δη-

454 463 599 515 rnm,
624 447 919 518 perfectus,
954 464 1061 504 non
1107 446 1384 518 indigens,
1417 446 1615 509 bonus,
1658 444 1726 499 ab
1767 442 2023 498 omnibus

455 542 613 597 malis
645 540 780 596 liber
809 560 823 596 :
855 542 944 596 ille
990 549 1170 599 autem
1196 554 1357 610 quem
1388 538 1648 609 loqueris,
1682 534 1870 591 mundi
1899 534 2021 605 opi-

455 631 565 699 fex,
597 634 889 688 contrariis
927 633 1209 704 Oppositus
1237 640 1340 687 est.

524 723 788 780 XXXVII.
820 726 1013 779 Statim
1038 741 1188 795 ergo,
1237 724 1330 795 qui
1361 723 1428 778 ad
1457 723 1577 794 ejus
1610 722 2019 777 similitudinem

454 814 631 873 factus
660 826 763 880 est,
797 818 1056 883 Adamus,
1090 818 1253 873 etiam
1310 833 1487 873 caecus
1535 825 1770 883 creatur,
1801 822 2020 884 propter

454 908 599 977 quod
629 920 679 965 et
713 919 1087 980 tz'ansgressor
1110 911 1405 975 invenitur,
1446 923 1607 980 atque
1638 925 1669 962 a
1714 908 1824 962 Deo
1867 906 2020 978 ejici-

454 1012 561 1068 tur,
596 1013 878 1071 morteque
913 1004 1225 1059 mulctatur.
1265 1002 1439 1057 Simili
1468 1018 1685 1072 quoque
1711 998 1893 1064 modo,
1925 998 2018 1068 qui

455 1088 606 1145 tinxit
658 1091 831 1157 illum,
865 1092 1301 1162 quandoquidem
1342 1101 1534 1147 cuncta
1580 1106 1686 1144 non
1740 1089 1906 1152 videt,
1962 1089 2016 1142 in

453 1180 815 1237 Sodomorum
847 1184 1034 1251 exitio,
1078 1183 1279 1248 Venite,
1328 1183 1525 1254 inquit,
1554 1192 1603 1238 et
1649 1181 2016 1235 descendentes

451 1275 738 1339 rideamus,
768 1294 835 1329 an
883 1277 1166 1330 secundum
1198 1276 1481 1331 clamorem
1530 1277 1784 1345 ipsorum,
1832 1274 1921 1343 qui
1947 1272 2016 1325 ad

452 1382 532 1419 me
564 1367 719 1430 venit,
752 1368 1069 1436 perﬁciant;
1101 1368 1180 1423 sin
1213 1368 1406 1433 minus,
1437 1375 1493 1423 ut
1518 1368 1684 1421 sciam
1718 1365 1758 1432 ⁸,
1782 1373 1835 1418 et
1862 1368 2016 1433 igna-

450 1472 571 1510 rum
616 1474 671 1511 se
695 1459 953 1513 ostendit.
983 1457 1212 1524 Quando
1246 1468 1427 1513 autem
1469 1458 1601 1512 dicit
1647 1457 1714 1513 de
1764 1455 2014 1509 Adamo:

452 1550 748 1623 Ejiciamus
779 1568 917 1616 eum,
947 1568 1007 1605 ne
1045 1552 1186 1621 forte
1230 1561 1445 1606 extensa
1474 1567 1633 1604 manu
1663 1567 1759 1603 sua
1790 1550 2018 1618 attingat

451 1643 650 1712 lignum
682 1643 821 1709 vita},
846 1655 893 1697 et
923 1643 1182 1707 comedat,
1221 1654 1268 1697 et
1297 1643 1427 1697 vivet
1466 1642 1521 1695 in
1566 1650 1818 1695 internum
1846 1638 1901 1701 ’ς
1934 1638 2020 1691 in-

449 1735 617 1788 videt.
648 1732 893 1803 Cumque
918 1735 1180 1803 scriptum
1212 1742 1297 1789 est
1322 1752 1335 1787 :
1364 1732 1551 1788 Secum
1574 1731 1831 1799 reputavit
1856 1728 2017 1794 Deus,
2048 1715 2091 1771 Β

450 1827 590 1896 quod
612 1826 819 1896 fecisset
846 1827 1108 1881 hominem
1142 1825 1221 1893 ";
1259 1835 1314 1881 et
1352 1824 1672 1895 pmnitentia
1703 1822 1939 1885 ducitur,
1966 1830 2021 1876 et

451 1917 705 1986 ignorat:
736 1932 859 1971 nam
904 1916 1061 1983 illud,
1099 1932 1275 1971 secum
1326 1916 1608 1986 reputavit,
1656 1911 2021 1968 consideratio

450 2018 555 2075 est,
582 2024 689 2078 qua
716 2009 914 2080 aliquis
943 2010 1014 2065 ob
1044 2024 1233 2064 eorum
1261 2024 1383 2079 qua:
1411 2007 1559 2077 cupit
1594 2006 2017 2077 ignorationem,

453 2099 614 2154 finem
646 2098 935 2170 diligenter
960 2100 1247 2169 explorare
1277 2100 1421 2166 vult;
1467 2106 1561 2152 aut
1586 2104 1669 2152 est
1708 2093 2022 2166 paenitentis

456 2193 524 2248 de
550 2210 608 2249 re
648 2210 767 2264 qua:
798 2204 991 2264 praeter
1020 2194 1345 2250 sententiam
1389 2192 1637 2261 contigit.
1676 2189 1831 2257 Quod
1855 2188 2020 2243 etiam

455 2285 721 2355 scriptum
751 2294 834 2340 est
861 2304 874 2341 :
904 2285 1169 2341 Oderatus
1205 2295 1283 2340 est
1320 2284 1580 2339 Dominus
1605 2284 1817 2337 odorem
1848 2280 2024 2337 suavi-

454 2379 580 2433 tatis
609 2379 686 2444 ";
718 2378 1009 2448 indigentis
1034 2386 1151 2440 est,
1182 2386 1237 2432 et
1288 2375 1479 2431 nidore
1511 2376 1757 2431 carnium
1789 2374 2023 2429 delecta-

454 2480 570 2527 tum
595 2472 784 2537 fuisse,
804 2487 910 2526 non
938 2471 1087 2529 boni.
1112 2471 1347 2541 Tentare
1364 2478 1572 2535 autem,
1596 2467 2020 2539 sicutscriptum

453 2571 541 2623 est
575 2585 588 2621 :
659 2563 900 2619 Tentavit
954 2562 1209 2617 Dominus
1236 2564 1597 2619 Abrahamum
1628 2561 1699 2628 ";
1754 2560 1885 2615 mali
1914 2566 2020 2624 est,

454 2673 519 2715 ac
547 2658 665 2728 ejus
688 2658 781 2728 qui
812 2657 1024 2728 ignoret
1046 2656 1250 2712 exitum
1280 2655 1575 2726 patientiae.

525 2791 815 2849 XXXVIII.
843 2791 1042 2863 Sicque
1065 2791 1272 2855 Simon,
1306 2788 1491 2843 multis
1520 2787 1818 2857 Scriptura:
1838 2786 2023 2854 dictis,

457 2888 604 2942 male
631 2886 929 2957 assumptis
956 2884 1191 2956 probare
1217 2882 1493 2935 nitebatur
1522 2879 1691 2935 Deum
1717 2880 1938 2950 perinde
1960 2895 2025 2935 ac

457 2980 710 3036 homines
731 2978 880 3034 omni
903 2975 1242 3048 perpessioni
1265 2973 1563 3029 obnoxium
1594 2986 1735 3028 esse.
1761 2971 1901 3027 Tum
1921 2971 2025 3028 Pe-

2124 442 2402 515 μιουργὸν,
2438 443 2550 504 τοῖς
2589 437 2854 502 ἐναντίοις
2880 434 3249 507 ἀντικείμενος
3274 431 3551 505 τυγχάνει.

2192 723 2455 783 XXXVII.
2491 724 2699 779 Αὐτίκα
2728 721 2859 791 γοῦν
2903 722 2933 775 6
2980 719 3103 775 καθ’
3129 717 3387 791 ὁμοίωσιν
3412 714 3579 770 αὐτοῦ
3601 731 3693 784 γε·

2120 818 2295 890 γονὼς
2339 818 2527 888 Ἀδὰμ,
2558 817 2651 871 καὶ
2677 814 2876 884 τυφλὸς
2909 814 3151 879 κτίζεται
3172 812 3215 875 ⁵,
3254 811 3338 880 ἐφ’
3376 802 3421 877 ᾧ
3452 808 3545 862 καὶ
3586 824 3693 861 πα-

2122 911 2363 983 ραϐάτης
2399 909 2733 979 εὑρίσκεται,
2784 907 2878 960 καὶ
2911 904 3007 959 τοῦ
3065 905 3087 936 ⁸
3128 903 3262 957 Θεοῦ
3289 902 3311 935 '
3354 900 3692 962 ἐκϐάλλεται,

2119 1006 2212 1058 καὶ
2242 1003 2453 1074 θανάτῳ
2477 1005 2817 1072 τιμωρεῖται.
2885 997 3115 1070 Ὁμοίως
3162 1013 3223 1049 τε
3264 994 3359 1049 καὶ
3407 994 3434 1046 ὁ
3482 991 3695 1054 πλάσας

2118 1098 2300 1160 αὑτὸν,
2325 1096 2447 1149 ἐπεὶ
2505 1096 2578 1166 μὴ
2609 1094 2677 1147 τά
2727 1094 2904 1147 πάντα
2930 1093 3052 1163 δρᾷ,
3079 1091 3171 1142 ἐπὶ
3206 1092 3274 1160 τῇ
3316 1086 3563 1157 Σοδόμων
3594 1102 3697 1137 κα-

2117 1192 2415 1260 ταστροφῇ’
2462 1187 2661 1249 Δεῦτε,
2690 1185 2857 1253 λέγει,
2908 1183 3007 1237 καὶ
3042 1180 3409 1246 καταϐάντες
3456 1178 3695 1245 ἴδωμεν,

2090 1284 2169 1334 ei
2219 1280 2369 1334 κατὰ
2424 1279 2537 1347 τὴν
2604 1276 2874 1346 κραυγὴν
2928 1274 3127 1329 αὐτῶν
3187 1273 3301 1341 τὴν
3364 1268 3701 1339 ἐρχομένην

2117 1371 2266 1439 πρὸς
2288 1369 2362 1439 μὲ
2394 1369 2862 1432 συντελοῦνται,
2892 1368 2945 1421 εὶ
2988 1365 3057 1419 δὲ
3098 1364 3207 1435 μὴ,
3252 1365 3353 1417 ἵνα
3405 1359 3559 1431 γνῶν
3599 1362 3698 1415 καὶ

2118 1462 2418 1531 ἀγνοοῦντα
2451 1462 2642 1515 ἑαυτὸν
2692 1459 2950 1514 δείκνυσι.
3002 1457 3091 1527 Τῷ
3118 1457 3173 1510 δὲ
3203 1457 3378 1510 εἰπεῖν
3428 1452 3556 1524 περὶ
3600 1450 3699 1503 τοῦ

2132 1555 2299 1624 Ἀδάμ
2320 1570 2332 1583 '
2381 1552 2758 1623 Ἐκϐάλωμεγ
2784 1550 2991 1613 αὐτὸν,
3029 1548 3112 1619 μή
3144 1565 3269 1613 πως
3294 1547 3563 1610 ἐκτείνας
3582 1542 3704 1610 τὴν

2120 1645 2289 1714 χεῖρα
2343 1644 2530 1699 αὑτοῦ
2593 1644 2819 1712 ἅψηται
2873 1641 2978 1696 τοῦ
3019 1641 3210 1705 ξύλου
3269 1636 3380 1705 τῆς
3424 1634 3573 1703 ζωῆς
3600 1633 3703 1687 καὶ

2119 1736 2299 1807 φάγῃ,
2336 1736 2434 1790 καὶ
2473 1734 2637 1803 ζήσει
2670 1736 2707 1767 ¹¹
2741 1737 2829 1801 εἰς
2885 1733 2992 1788 τὸν
3038 1730 3251 1795 αἰῶνα,
3282 1728 3466 1799 φθονεῖ
3492 1728 3557 1781 ⁸⁸.
3587 1726 3705 1781 Kal

2120 1829 2197 1899 τῷ
2254 1828 2603 1900 γεγράφθαι,
2683 1828 2795 1881 ὅτιο
2882 1824 3249 1895 Ἐνεθυμήθη
3322 1825 3353 1877 ό
3412 1820 3555 1888 Θεὸς
3609 1819 3706 1874 ὅτι

2120 1920 2370 1988 ἐποίησε
2400 1921 2505 1974 τὸν
2532 1920 2870 1987 ἄνθρωπον·
2927 1918 3022 1972 καὶ
3055 1918 3323 1988 μετανοεῖ,
3360 1916 3452 1969 καὶ
3480 1915 3667 1983 ἀγνοεῖ
3685 1929 3701 1942 ·

2121 2012 2183 2065 τὸ
2214 2012 2321 2085 γὰρ
2372 2010 2728 2081 ἐνεθυμήθη,
2787 2010 2978 2080 σκέψις
3028 2002 3337 2082 ὲστὶ,ᾖτις
3386 2005 3453 2060 δι’
3477 2006 3705 2074 ἄγνοιαν

2121 2098 2196 2159 ὧν
2230 2103 2497 2173 βούλεται,
2546 2103 2608 2156 τὸ
2646 2101 2803 2165 τέλος
2857 2100 3161 2172 ἁκριϐὦσαι
3210 2100 3374 2165 θέλει,
3418 2099 3452 2170 ἦ
3490 2100 3584 2151 ἐπὶ
3620 2099 3707 2169 τῷ

2122 2196 2273 2268 παρά
2307 2195 2349 2230 ⁸³
2390 2193 2613 2265 γνώμην
2668 2194 2933 2248 ἀποϐάντι
2992 2192 3463 2265 μεταμελουμένου
3500 2193 3561 2247 ⁸⁵.
3591 2194 3709 2247 Καὶ

2120 2288 2181 2341 τὸ
2202 2287 2509 2359 γεγράφθαι
2567 2286 2651 2340 ὅτι
2695 2287 2771 2319 ⁸⁵⁸
2846 2284 3184 2355 Ὡσφράνθη
3228 2286 3447 2353 Κύριος
3500 2284 3711 2353 ὀσμήν

2121 2382 2391 2447 εὐωδίας,
2438 2379 2651 2443 ἐνδεοῦς
2700 2380 2838 2444 ἐστι,
2866 2380 2960 2433 καὶ
3007 2379 3068 2432 τὸ
3114 2380 3206 2432 έπὶ
3247 2377 3439 2449 κνίσσῃ
3483 2375 3714 2447 σαρκῶν

2122 2474 2374 2546 ἡσθῆναι,
2433 2473 2533 2527 οὐκ
2595 2471 2820 2542 ἀγαθοῦ.
2874 2471 2951 2524 Τὸ
3009 2470 3066 2525 δὲ
3125 2469 3430 2543 πειράζειν,
3489 2469 3563 2532 ὡς
3605 2468 3711 2538 γέ-

2121 2582 2366 2637 γραπται
2422 2565 2504 2618 ὅτι
2556 2564 2630 2595 ’⁷⁸
2688 2562 2984 2632 Ἐπείραζε
3010 2564 3228 2631 Κύριος
3277 2561 3385 2616 τὸν
3424 2559 3712 2631 Ἀϐραὰμ,

2123 2659 2315 2722 κακοῦ,
2336 2659 2432 2712 καὶ⁵
2467 2657 2529 2711 τὸ
2557 2657 2709 2721 τέλος
2743 2657 2840 2728 τῆς
2872 2656 3146 2727 ὑπομονῆς
3173 2653 3508 2723 ἀγνοοῦντος.

2195 2769 2488 2824 XXXVIII.
2540 2769 2719 2841 Ὀμῶς
2743 2771 2772 2825 6
2797 2770 2978 2840 Σίμων
3003 2766 3176 2823 πολλὰ
3214 2768 3314 2840 τῆς
3354 2766 3577 2837 Γραφῆς
3599 2782 3716 2819 κσ-

2124 2862 2234 2926 κῶς
2263 2861 2640 2932 ἐκλαμϐάνων,
2662 2860 2926 2915 δεικνύειν
2954 2858 3181 2913 ἔσπευδε
3204 2856 3368 2912 παντὶ
3410 2857 3571 2912 πάθει
3591 2859 3715 2921 τοῖς

2125 2953 2430 3027 ἀνθρώποις
2444 2953 2645 3024 ὁμοίως
2674 2954 2766 3008 τὸν
2805 2952 2939 3007 Θεὸν
2985 2950 3362 3023 ὑποκείμενον.
3401 2950 3511 3002 Kal
3539 2950 3567 3000 6
3595 2947 3715 2999 Πέ-

455 3082 605 3127 trus:
634 3069 738 3135 An,
773 3038 975 3136 inquit,
1002 3038 1099 3136 qui
1129 3065 1306 3121 malus
1328 3080 1391 3121 ac
1428 3064 1584 3133 plane
1605 3062 1887 3133 improbus
1915 3070 2020 3131 est,

2125 3060 2285 3116 τροςθ
2317 3046 2383 3099 Εἰ
2406 3045 2570 3117 μηδὲν
2608 3044 2651 3077 ⁸⁹
2675 3045 2885 3115 ἀγαπᾷ,
2940 3043 3128 3116 φησὶν,
3158 3045 3187 3096 6
3229 3041 3399 3104 κακὸς
3432 3040 3524 3094 καὶ
3558 3038 3714 3093 πάνυ

456 3163 770 3219 nullatenus
791 3160 918 3213 velit
944 3173 1004 3212 se
1034 3158 1150 3226 ipse
1194 3170 1426 3226 arguere
1453 3155 1508 3209 in
1564 3154 1631 3209 iis
1665 3170 1786 3225 quae
1809 3163 2019 3224 peccat,

459 3251 730 3321 responde
755 3249 909 3305 mihi.
949 3246 1136 3300 Simon
1176 3243 1490 3313 respondit:
1525 3242 1748 3297 Minime
1778 3242 1929 3297 velit.
1958 3240 2024 3295 Et

456 3339 830 3405 PetruszQuo
858 3338 1020 3393 modo
1045 3337 1210 3407 igitur
1249 3334 1427 3390 malus
1466 3349 1531 3389 ac
1576 3334 1858 3403 improbus
1900 3348 2024 3393 esse

458 3440 637 3503 potest
680 3430 863 3495 Deus,
919 3443 1043 3482 cum
1077 3427 1248 3496 ipsius
1299 3424 1580 3478 voluntate
1628 3420 1919 3492 opprobria
1966 3419 2023 3474 in

458 3527 610 3581 illum
642 3520 969 3589 conscripta,
994 3518 1208 3588 publice
1232 3515 1511 3587 proposita
1526 3514 1675 3571 sint?
1701 3513 1780 3568 Ac
1809 3510 2023 3569 Simon:

459 3617 603 3673 Fieri
629 3625 823 3685 potest,
858 3620 917 3666 ut
947 3611 1096 3666 illius
1124 3608 1477 3679 reprehensio
1529 3608 1665 3663 citra
1690 3606 1865 3676 ipsius
1900 3619 2026 3661 sen-

457 3707 683 3763 tentiam
727 3704 795 3759 ab
825 3704 937 3759 alia
976 3701 1189 3756 Virtute
1240 3701 1312 3756 sit
1355 3702 1577 3767 scripta.
1622 3697 1767 3752 Dixit
1793 3697 2021 3753 Petrus:

458 3799 702 3855 Primum
737 3810 866 3864 ergo
905 3795 1007 3848 hoc
1041 3808 1371 3862 quaeramus.
1406 3790 1463 3844 Si
1507 3804 1609 3844 suo
1642 3790 1861 3861 quidem
1894 3804 2027 3842 con-

460 3890 585 3948 silio
615 3904 672 3943 se
702 3886 1067 3957 reprehendit,
1103 3892 1163 3940 ut
1194 3892 1251 3938 tu
1284 3883 1437 3952 prius
1464 3882 1605 3936 ultro
1635 3880 1921 3937 confessus
1944 3895 2025 3945 es,

462 3982 745 4054 improbus
770 3995 877 4035 non
899 3990 1015 4034 est:
1046 3977 1131 4032 sin
1159 3991 1287 4031 vero
1313 3975 1417 4030 alia
1469 3974 1677 4031 Virtute
1699 4015 1715 4041 ,
1748 3973 2029 4043 inquiren-

461 4076 591 4133 dum
614 4068 813 4132 est'ac
857 4071 1114 4127 omnibus
1160 4068 1369 4125 viribus
1400 4066 1850 4131 examinandum,
1894 4081 2026 4120 num

461 4166 587 4239 quis
616 4164 863 4236 eumqui
900 4163 1051 4217 solus
1083 4161 1260 4217 bonus
1303 4160 1521 4224 exismt,
1560 4157 1818 4215 omnibus
1869 4157 2029 4212 malis

462 4257 774 4329 subiecerit.

2127 3137 2419 3209 μοχθηρὸς,
2455 3137 2543 3207 ἐφ’
2570 3130 2652 3200 οἷς
2687 3136 2992 3209 ἁμαρτάνει
3021 3134 3209 3188 ἑαυτὸν
3252 3132 3494 3202 ἐλέγχειν
3515 3172 3529 3196 ,
3569 3129 3717 3184 ἀπό-

2124 3228 2304 3294 κριναί
2334 3245 2442 3299 μοι.
2470 3227 2580 3281 Καὶ
2601 3228 2629 3279 ὁ
2657 3226 2873 3297 Σίμων’
2916 3227 3029 3280 Οὐκ
3070 3225 3280 3295 ἀγαπᾷ,
3314 3223 3419 3293 ἔφη
3442 3239 3457 3256 ο
3514 3220 3624 3274 Kal
3680 3221 3716 3274 δ

2126 3321 2362 3391 Πέτροςθ
2392 3317 2516 3382 Πῶς
2541 3313 2634 3371 οὖν
2678 3316 2846 3380 κακὸς
2884 3316 2977 3370 καὶ
3021 3314 3289 3386 μοχθηρὸς
3316 3309 3455 3366 εἶναι
3481 3311 3715 3367 δύναται

2125 3414 2151 3463 6
2175 3410 2323 3475 Θεὸς,
2347 3409 2505 3481 εἴπερ
2534 3407 2702 3462 αὐτοῦ
2728 3407 2996 3477 θελήματι
3023 3405 3091 3461 τὰ
3139 3407 3259 3459 κατ’
3286 3402 3453 3458 αὑτοῦ
3490 3401 3639 3455 δεινά
3661 3402 3715 3435 ³⁸

2124 3498 2356 3571 δημοσίᾳ
2384 3497 2664 3570 γραφέντα
2690 3495 2955 3569 προετέθη
2977 3512 2993 3560 ;
3026 3495 3138 3547 Kal
3159 3497 3187 3548 6
3205 3494 3406 3564 Σίμων’
3462 3491 3715 3562 Ἐνδέχε-

2126 3607 2216 3644 ται
2241 3588 2315 3661 μὴ
2348 3587 2490 3642 κατὰ
2516 3586 2835 3659 προαίρεσιν
2870 3582 3034 3638 αὐτοῦ
3061 3584 3149 3654 ὑφ’
3196 3582 3387 3655 ἑτέρας
3410 3581 3717 3653 Δυνάμεως

2128 3676 2217 3730 τὸν
2242 3677 2362 3730 κατ’
2383 3674 2561 3728 αὐτῶν
2584 3674 2859 3747 γραφῆναι
2881 3672 3122 3742 ἔλεγχον.
3159 3673 3271 3724 Kal
3288 3675 3316 3724 6
3334 3671 3538 3742 Πέτρος
3567 3670 3710 3743 ἔφη·

2128 3767 2351 3838 Πρῶτον
2371 3761 2462 3819 οὖν
2481 3764 2639 3819 τοῦτο
2660 3765 3001 3838 ζητήσωμεν.
3027 3764 3089 3817 Et
3118 3763 3213 3834 μὲν
3257 3762 3361 3815 ὑπὸ
3387 3762 3485 3833 τῆς
3508 3761 3714 3816 ἑαυτοῦ

2130 3859 2322 3931 βουλῆς
2341 3857 2535 3911 ἑαυτοῦ
2566 3856 2809 3928 ἤλεγξεν,
2838 3857 2914 3919 ὡς
2949 3855 3158 3926 φθάσας
3183 3855 3245 3907 σὺ
3271 3855 3533 3925 πρότερον
3555 3855 3715 3925 ὡμο-

2127 3950 2384 4020 λόγησας,
2421 3946 2692 4019 μοχθηρὸς
2716 3947 2816 3999 οὐκ
2846 3946 3021 4000 ἔστιν·
3072 3947 3121 3998 εί
3149 3945 3204 3999 δὲ
3243 3946 3338 3999 καὶ
3381 3946 3470 4015 ὑφ’
3515 3945 3715 4017 ἑτέρας

2111 4040 2426 4111 Δυνάμεως,
2465 4037 2725 4110 ζητητέον
2754 4036 2849 4090 καὶ
2884 4037 3047 4091 παντὶ
3063 4036 3237 4093 σθένει
3261 4036 3591 4103 ἐξεταστέον,
3629 4038 3712 4108 μή

2126 4144 2210 4190 τις
2228 4125 2389 4178 αὑτὸν
2441 4125 2597 4197 μόνον
2634 4124 2836 4194 ἀγαθὸν
2874 4125 3024 4191 ὄντα,
3071 4126 3165 4179 ἐπὶ
3210 4127 3470 4190 πᾶσιτοῖς
3518 4130 3714 4192 κακοῖς

2131 4219 2365 4273 ὑπέλαϐε
2395 4220 2438 4251 ²¹
2450 4258 2463 4273 .

532 4370 777 4426 XXXIX.
819 4369 886 4423 Et
916 4367 1138 4423 Simon:
1166 4366 1513 4422 Manifestum
1552 4375 1636 4421 est
1664 4373 1717 4420 te
1741 4365 1884 4419 nolle
1933 4379 2024 4418 au-

2205 4376 2445 4435 XXXIX.
2480 4377 2590 4432 Kal
2626 4380 2655 4433 6
2703 4378 2916 4449 Σίμων·
2962 4376 3233 4449 Πρόδηλος
3277 4373 3329 4430 εἴ
3353 4377 3568 4448 φεύγων
3598 4377 3713 4431 ἀπὸ

462 4464 582 4521 dire
606 4478 674 4518 ex
707 4460 1005 4531 Scripturis
1028 4459 1508 4530 reprehensionem
1542 4457 1636 4512 Dei
1664 4456 1767 4513 tui.
1814 4456 1893 4512 Ac
1927 4456 2030 4511 Pe-

465 4564 612 4610 trus:
642 4555 766 4623 Ipse
786 4551 839 4606 id
862 4550 1046 4606 facere
1071 4550 1204 4604 mihi
1234 4550 1468 4615 videris;
1501 4548 1596 4619 qui
1618 4547 1763 4603 enim
1780 4547 2027 4603 ordinem

465 4646 786 4717 quaestionis
840 4645 996 4708 vitat,
1048 4657 1281 4698 examen
1322 4658 1510 4698 verum
1563 4641 1680 4696 ﬁeri
1731 4655 1841 4695 non
1893 4641 2027 4696 vult.

467 4736 623 4793 Unde
642 4752 742 4808 ego
769 4736 863 4807 qui
887 4736 1077 4791 ordine
1102 4745 1247 4799 utor,
1276 4744 1331 4790 et
1350 4736 1471 4790 volo
1506 4736 1745 4805 primum
1791 4733 2027 4810 scripto-

466 4843 582 4886 rem
629 4826 1003 4892 considerari;
1037 4825 1324 4882 manifeste
1371 4828 1534 4897 cupio
1562 4836 1710 4882 recta
1758 4828 1846 4881 via
1878 4826 2030 4881 ince-

2131 4470 2240 4524 τῶν
2254 4470 2486 4542 Γραφῶν
2511 4468 2740 4523 ἀκοῦσαι
2756 4468 2845 4523 τὸν
2884 4470 3025 4523 κατά
3042 4469 3136 4523 τοῦ
3163 4468 3295 4522 Θεοῦ
3331 4486 3422 4522 σου
3466 4469 3708 4538 ἔλεγχον.

2133 4561 2245 4617 Καὶ
2272 4563 2301 4615 6
2333 4561 2565 4632 Πέτροςο
2596 4560 2768 4623 Αὐτός
2794 4577 2882 4631 μοι
2931 4559 3095 4633 φαίνῃ
3123 4560 3279 4613 τοῦτο
3304 4560 3499 4614 ποιῶν·
3542 4561 3570 4612 ὁ
3600 4561 3713 4632 γὰρ

2130 4654 2284 4719 τάξιν
2310 4652 2591 4725 ζητήσεως
2622 4652 2859 4723 φεύγων,
2897 4651 3139 4717 ἐξέτασιν
3171 4653 3343 4725 ἁληθῆ
3374 4653 3625 4723 γενέσθαι
3646 4653 3713 4706 ού

2136 4746 2400 4819 βούλεται.
2444 4744 2606 4798 Ὅθεν
2645 4743 2755 4813 ἐγὼ
2788 4746 2854 4815 τῇ
2886 4744 3035 4810 τάξει
3065 4744 3364 4821 χρώμενος,
3397 4747 3488 4799 καὶ
3521 4746 3712 4817 βουλό-

2140 4856 2297 4910 μενος
2322 4837 2534 4907 πρῶτον
2551 4836 2640 4889 τὸν
2664 4834 2984 4906 συγγραφέα
3009 4836 3280 4907 νοηθῆναι,
3312 4838 3574 4909 πρόδηλός
3594 4840 3711 4908 εἰμι

470 4921 616 4977 dere.
647 4917 784 4973 Tum
815 4918 1039 4973 Simon:
1072 4917 1257 4973 Primo
1285 4918 1473 4983 fatere,
1501 4934 1569 4974 an
1598 4934 1722 4974 vera
1754 4920 1865 4975 sint
1911 4933 2024 4988 quae

2135 4925 2231 4997 τὴν
2254 4926 2466 4979 εὐθεῖαν
2492 4924 2693 4978 ὁδεύειν
2720 4926 2908 4979 θέλων.
2932 4926 3082 4979 Καὶὸ
3106 4927 3283 4998 Σίμων
3299 4944 3312 4957 °
3350 4927 3714 5000 Ὀμολόγησον

472 5011 673 5084 scripta
696 5018 826 5065 sunt
850 5010 1117 5064 inmundi
1147 5010 1428 5079 opiﬁcem;
1456 5026 1553 5065 nec
1576 5011 1647 5066 sit
1672 5011 1917 5066 omnium
1946 5028 2056 5087 suc.

2138 5019 2372 5089 πρῶτον,
2402 5017 2455 5070 el’
2474 5034 2536 5086 γε
2561 5016 2629 5070 τὰ
2668 5016 2809 5069 κατά
2846 5015 2940 5070 τοῦ
2983 5017 3311 5090 δημιουργοῦ
3349 5019 3712 5091 γεγραμμένα

472 5119 714 5174 premus,
748 5117 871 5157 cum
922 5101 1078 5172 juxta
1110 5101 1422 5172 Scripturas
1456 5105 1606 5159 omni
1658 5106 1915 5175 nequitia:
1962 5106 2024 5160 sit

2139 5109 2315 5180 ἀληθῆ
2332 5112 2467 5173 ἐστι,
2499 5109 2706 5162 καίούκ
2728 5107 2874 5161 ἐστιν
2897 5109 2925 5161 6
2951 5108 3058 5163 τῶν
3085 5108 3218 5162 ὅλων
3252 5109 3539 5182 ἁνὼτερος,
3567 5112 3711 5165 κατὰ

474 5198 785 5263 obnoxius;
821 5204 873 5249 et
900 5204 1083 5265 postea
1117 5196 1431 5261 scriptorem
1470 5215 1797 5254 attmremus.
1840 5198 2024 5254 Petrus

2136 5202 2235 5267 τὰς
2275 5202 2498 5274 Γραφὰς
2526 5202 2675 5277 πάσῃ
2696 5201 3051 5272 ὑποκείμενος
3084 5200 3373 5273 μοχθηρίᾳ,
3426 5203 3520 5255 καὶ
3548 5202 3709 5257 ὓστε-

1747 5319 1978 5381 ΥΑΙὶΙᾹΞ
2019 5320 2353 5376 LECTIONE
2363 5319 2420 5375 S.

546 5433 675 5515 '.a_l.
749 5432 882 5489 add.
916 5434 1038 5515 ’καὶ
1087 5434 1286 5503 γνῶσιν
1327 5434 1529 5503 ἀγαθοῦ
1563 5454 1624 5487 τυ
1661 5441 1720 5488 δν
1765 5436 1797 5506 ἦ
1838 5436 2008 5490 κακοῦ
2066 5435 2139 5508 μὴ
2172 5438 2310 5507 ἔχων
2332 5436 2673 5509 γνωρίζεται.

546 5503 706 5557 hvmo
736 5501 1184 5562 paradisoﬁsen.
1263 5509 1283 5540 ⁷
1319 5507 1390 5559 al.
1433 5455 1777 5562 παραδεξσου.
1884 5508 1905 5537 ⁸
1944 5507 2078 5561 Gen.
2108 5523 2260 5562 xvm.
2297 5507 2384 5561 9L
2464 5509 2483 5539 ⁸
2518 5507 2653 5562 Gen.

476 5501 1184 5578 {.divino‘paradisoﬁsen.
1263 5509 1283 5540 ⁷
1319 5501 1390 5578 al.
1430 5501 1777 5578 παραδείσου.

720 5575 873 5647 ηομ
905 5577 999 5647 καὶ
1030 5575 1230 5647 φθονεῖ.
1310 5576 1354 5606 ¹⁸
1393 5576 1464 5630 al,

480 5574 638 5645 ζήσῃ.
720 5575 761 5605 ¹¹
793 5576 863 5627 aI.
905 5577 999 5628 καὶ
1030 5575 1230 5644 φθονεῖ.
1310 5576 1354 5606 ¹³
1393 5576 1464 5630 al.
1617 5577 1776 5631 κατά.
1817 5578 1887 5631 al.
1928 5595 2024 5630 κατ

479 5639 568 5702 ει.
648 5646 689 5683 ¹⁷
730 5646 799 5698 al.
839 5646 964 5699 Καί.
1045 5646 1087 5678 ’⁸
1121 5644 1254 5702 Gen.
1293 5662 1423 5702 xm.
1458 5648 1506 5700 ί.
1587 5646 1631 5679 ¹⁹
1662 5648 1733 5701 al.
1777 5649 1869 5702 μή.
1951 5650 1993 5681 ²⁰

2167 5578 2212 5610 ³⁸
2250 5578 2320 5631 al.
2370 5578 2636 5648 μεταμελο

2141 5648 2301 5702 κακά.
2379 5651 2419 5683 ³³
2476 5648 2636 5702 ὑπέϐη

556 5682 568 5702 .
648 5648 689 5683 ιν
730 5648 799 5698 al.
839 5648 964 5699 Καί.
1045 5648 1087 5678 ιε
1121 5648 1254 5702 Gen.
1293 5662 1423 5713 xm,
1458 5648 1506 5700 t.
1587 5648 1631 5679 ιο
1662 5648 1733 5701 al.
1777 5649 1869 5718 μή.
1951 5650 1993 5681 =0

2141 5648 2301 5703 κακά.
2379 5651 2419 5683 ³⁸
2476 5648 2709 5721 ὑπέϐαλε
2778 5651 3031 5711 Clement.

2464 5436 2673 5501 ιίζεται.
2790 5444 2811 5475 ο
2848 5433 3011 5490 Forte
3042 5435 3136 5490 τοῦ
3184 5436 3325 5491 θείου
3357 5437 3702 5510 παραδείσου,

2464 5509 2483 5539 ⁸
2518 5507 2653 5562 Gen.
2692 5522 2775 5562 ιιι.
2810 5506 2901 5561 22.
2990 5508 3034 5539 ¹⁰
3067 5506 3204 5562 Gen.
3254 5524 3331 5562 γι.
3388 5510 3441 5562 6.
3539 5509 3581 5541 ¹¹
3629 5507 3702 5562 aI.

2565 5524 2653 5562 en.
2692 5522 2775 5571 ιιι,
2810 5506 2901 5561 22.
2990 5508 3034 5539 ¹⁰
3067 5506 3204 5562 Gen.
3254 5524 3331 5573 γι,
3388 5506 3451 5564 ϐξ
3539 5509 3581 5541 ¹¹
3629 5507 3702 5562 aI.

2565 5577 2823 5644 ελομένου.
2902 5577 2947 5608 ¹¹¹
2976 5578 3042 5631 al.
3082 5579 3207 5632 Kal.
3330 5578 3375 5613 "
3411 5581 3545 5635 Gen.
3572 5590 3700 5644 VIII.
