4022 6336
338 239 442 300 σοι

1139 212 1599 294 (summa.
1633 262 1701 275 .-
1739 230 2162 289 Εριτοιιειιιι
2197 229 2443 290 casus
2475 231 2534 286 s.
2573 230 2795 288 parm.

3475 226 3579 289 εἴξθὲ

341 381 434 438 ρον
453 361 761 433 ζητήσομεν
794 362 841 395 ⁸⁸
873 361 965 417 τδν
1007 361 1414 434 συγγράψαντα.
1471 361 1581 417 Kal
1607 363 1636 415 6
1673 360 1902 432 Πέτρος·

1982 414 1984 420 ,
2014 366 2226 414 autem:
2258 357 2335 412 Ne
2368 357 2424 412 id
2443 357 2511 414 de
2549 372 2637 413 me
2667 355 2941 419 videatur,
2968 349 3295 425 respondeo.
3322 349 3436 421 Ego
3465 350 3577 412 aio.

339 458 462 511 Ἵνα
490 454 565 526 μὴ
611 454 745 521 δόξω
780 454 864 519 ⁸³,
894 454 1277 526 ἀποκρίνομαι.
1339 452 1478 521 Ἐγώ
1532 471 1671 525 φημι
1720 454 1803 508 ὅτι
1843 453 1913 507 τὰ

334 546 599 602 δοκοῦντά
628 563 709 599 σοι
745 545 920 601 ταῦτα
947 545 1091 599 κατὰ
1114 544 1248 599 Θεοῦ
1266 545 1597 617 γεγράφθαι,
1614 545 1787 618 ἀληθῆ
1812 545 1911 617 μέν

258 700 267 705 ς
335 643 517 695 ἐστιν·
552 636 687 692 ἀλλὰ
716 637 810 691 καὶ
835 637 1028 700 οὕτως,
1049 636 1202 691 οῦπω
1227 638 1319 691 τὸν
1340 637 1470 691 Θεὸν
1496 637 1735 691 δείκνυσι
1778 656 1909 709 μοχ-

336 730 526 802 θηρόν.
546 733 653 784 Kal
689 730 717 783 6
747 730 947 802 Σίμων·
991 729 1118 793 Πῶς
1150 725 1263 793 οὖν,
1294 729 1419 801 ἔφη,
1451 731 1609 784 τοῦτο
1647 732 1909 804 συστῆσαι

330 822 559 879 δύνασαι
580 839 595 888 ;
1896 826 1906 838 '

406 915 524 970 XL.
551 915 661 969 Kal
687 917 715 970 6
735 914 966 988 Πέτροςο
1001 915 1106 969 Τὸν
1146 914 1316 989 Ἀδὰμ
1356 916 1555 989 τυφλὸν
1582 915 1762 984 λέγεις
1786 933 1908 985 γεν-

328 1006 581 1077 νηθῆναι,
613 1007 750 1077 ὅπερ
769 1008 869 1061 οὐκ
896 1001 983 1078 ἦν.
1026 1007 1101 1061 Οὐ
1128 1008 1237 1079 γὰρ
1266 1007 1331 1062 ἂν
1374 1008 1559 1079 τυφλῷ
1597 1008 1908 1080 ἐντελλόμε-

326 1114 420 1159 νος
440 1096 681 1150 ἐδείκνυε
710 1096 911 1165 λέγων·
971 1096 1099 1151 Ἀπὸ
1130 1096 1198 1149 δὲ
1230 1097 1333 1151 τοῦ
1362 1097 1553 1162 ξύλου
1599 1097 1704 1152 τοῦ
1736 1099 1905 1167 γινώ-

323 1204 503 1242 σκειν
523 1188 712 1241 καλὸν
740 1188 838 1241 καὶ
867 1188 1151 1257 πονηρὸν,
1177 1188 1263 1258 μὴ
1290 1190 1609 1257 γεύσησθε.
1645 1192 1754 1244 Kal
1772 1193 1799 1244 6
1821 1192 1905 1243 Σί-

327 1296 447 1349 μων
476 1277 813 1351 μεταὸαλών·
850 1277 1060 1349 Τυφλὸν
1089 1278 1285 1347 ἔλεγει
1328 1280 1419 1334 τὸν
1444 1281 1568 1333 νοῦν
1596 1279 1905 1337 αὐτοῦ.Καὶ

321 1372 354 1423 6
374 1370 601 1443 Πέτρος·
628 1370 753 1435 Πῶς
780 1370 873 1425 καὶ
903 1370 994 1423 τὸν
1037 1369 1163 1423 νοῦν
1197 1370 1396 1439 τυφλὸς
1436 1372 1665 1442 ἠδύνατο
1688 1370 1846 1436 εἶναι,
1874 1375 1903 1427 6

320 1459 432 1530 πρὸ
458 1459 553 1513 τοῦ
579 1458 876 1528 γεύσασθαι
902 1457 996 1511 τοῦ
1027 1458 1215 1528 φυτοῦ,
1244 1459 1549 1531 συμφώνως
1561 1461 1639 1533 τῷ
1658 1462 1900 1515 κτίσαντι

320 1549 486 1602 αὑτὸν
503 1552 678 1603 οἰκεῖα
704 1552 867 1606 πᾶσιν
893 1548 1102 1612 ἐπιθεὶς
1142 1552 1255 1614 τοῖς
1298 1550 1458 1616 ζώοις
1490 1552 1760 1623 ὁνόματας
1792 1553 1901 1605 Kal

318 1641 349 1693 6
369 1640 582 1712 Σίμων·
610 1643 673 1696 Ei
706 1641 1012 1712 πρόγνωσιν
1044 1638 1188 1715 εἶχεν
1232 1643 1432 1715 Ἀδὰμ,
1462 1643 1617 1697 διὰτί
1649 1645 1710 1696 οὐ
1740 1644 1899 1715 προέ-

2011 450 2136 518 ista,
2189 465 2310 520 quae
2354 450 2449 504 tibi
2498 458 2788 504 censentur
2819 448 3080 501 adversus
3122 446 3290 500 Deum
3349 442 3572 512 scripta,

2008 558 2136 598 vera
2171 542 2387 612 quidem
2412 557 2570 608 esse;
2603 556 2793 594 verum
2827 540 2989 595 etiam
3019 540 3119 606 sic,
3140 552 3249 593 non
3288 537 3575 591 ostendere

2010 635 2177 689 Deum
2206 649 2328 689 esse
2366 633 2695 703 improbum.
2716 631 2819 699 Qui
2844 647 2994 702 ergo,
3025 630 3201 700 inquit
3231 626 3444 695 Simon,
3469 624 3574 679 hoc

2006 737 2164 799 potes
2193 727 2506 782 astruere?‘

2077 908 2191 965 XL.
2229 910 2275 941 "
2306 911 2373 963 At
2406 908 2638 965 Petrus:
2683 909 2950 963 Adamum
2976 907 3114 962 dicis
3137 920 3338 960 czecnm
3369 902 3571 969 forma-

2008 1014 2120 1058 tum
2150 1018 2305 1070 esse;
2330 1001 2474 1073 quod
2502 1012 2681 1056 tamen
2707 1002 2795 1057 ille
2823 1016 2927 1055 non
2956 1010 3091 1055 erat.
3116 996 3234 1053 Non
3258 997 3401 1052 enim
3426 1012 3570 1051 caeco

2005 1095 2324 1166 praecipiens
2352 1094 2699 1159 ostendisset,
2727 1109 2791 1149 ac
2820 1095 3045 1148 dixisset
3069 1112 3081 1147 :
3120 1092 3203 1145 De
3231 1092 3372 1159 ligno
3396 1098 3569 1143 autem

2004 1186 2237 1241 scientia:
2265 1186 2385 1238 boni
2408 1194 2459 1237 et
2489 1185 2618 1237 mali
2652 1202 2714 1239 ne
2740 1186 2955 1256 gustetis
2982 1185 3049 1239 ".
3085 1182 3145 1238 Et
3176 1181 3365 1237 Simon
3391 1182 3567 1235 inver-

2005 1288 2123 1332 tens
2154 1276 2465 1344 reslionilit:
2518 1276 2730 1330 Caecam
2776 1277 2912 1331 dixit
2966 1286 3199 1332 mentem
3242 1274 3433 1345 ipsius.
3491 1271 3570 1325 Ac

2001 1364 2227 1422 Petrus:
2276 1366 2393 1433 Qua
2433 1367 2648 1422 ratione
2702 1376 2883 1422 mente
2938 1383 3116 1423 caecus
3165 1381 3286 1421 esse
3334 1371 3565 1434 poterat,

2000 1459 2093 1528 qui
2114 1469 2402 1527 antequam
2430 1468 2700 1529 gustasset
2722 1457 2984 1524 fructum,
3006 1459 3388 1514 convenienter
3412 1470 3568 1510 crea-

2001 1550 2106 1606 tori
2136 1551 2330 1620 ipsius,
2384 1550 2599 1621 propria
2631 1550 2885 1606 omnibus
2928 1551 3255 1605 animalibus
3308 1548 3565 1618 imposuit

2002 1643 2262 1698 nomina?
2294 1642 2481 1698 Simon
2510 1658 2671 1698 vero:
2700 1642 2757 1697 Si
2790 1643 3031 1698 Adamns
3057 1642 3441 1712 praenotionem
3469 1642 3567 1695 lia-

317 1748 434 1799 γνω
462 1733 557 1785 τὸν
584 1732 683 1797 τὴν
713 1738 944 1802 γυναῖκα
970 1734 1134 1789 αὐτοῦ
1162 1737 1515 1807 ἀπατήσαντα
1542 1736 1697 1804 δφιν;
1737 1737 1844 1789 Kal
1865 1739 1892 1790 6

1997 1734 2137 1798 buit,
2169 1750 2341 1805 quare
2379 1749 2484 1787 non
2520 1735 2787 1803 pra‘novit
2816 1744 3121 1804 serpentem
3153 1737 3245 1803 qui
3269 1734 3387 1803 ejus
3424 1749 3562 1789 uxo-

318 1823 558 1894 Πέτρος·
608 1823 672 1877 Ει
699 1824 1004 1895 πρόγνωσιν
1056 1825 1130 1897 μὴ
1175 1819 1319 1895 εἶχεν
1378 1826 1583 1896 Ἀδὰμ,
1623 1825 1740 1888 πῶς
1782 1828 1893 1889 τοῖς

318 1916 455 1979 υἱοῖς
476 1914 643 1968 αὑτοῦ
670 1916 805 1987 πρὸς
827 1916 925 1981 τὰς
940 1917 1199 1989 ἐσομένας
1224 1918 1452 1991 πράξεις
1468 1919 1582 1991 ἅμα
1612 1919 1688 1991 τῷ
1703 1936 1893 1991 γεννη-

316 2005 498 2076 θῆναι,
526 2008 621 2060 καὶ
647 2006 716 2060 τὰ
741 2007 977 2079 ὀνόματα
1024 2010 1361 2077 ὲπιτέθεικε;
1395 2011 1489 2064 τὸν
1543 2012 1640 2083 μὲν
1677 2012 1891 2083 πρῶτον

313 2099 555 2162 καλέσας
578 2100 738 2164 Κάῖν,
760 2099 788 2153 ὃ
811 2101 1174 2173 ἑρμηνεύεται
1203 2101 1400 2171 ζῆλος,
1426 2104 1485 2167 ὃς
1519 2104 1614 2156 καὶ
1643 2100 1891 2175 ζηλώσας

312 2193 493 2247 ἀνεῖλε
517 2195 611 2247 τὸν
652 2193 877 2264 ἀδελφὸν
922 2196 1088 2250 αὐτοῦ
1135 2196 1225 2251 τὸν
1257 2196 1440 2261 Ἅϐελ,
1478 2197 1507 2251 6
1533 2198 1889 2270 ἑρμηνεύεται

312 2284 534 2353 πένθος
551 2303 565 2319 ο
602 2286 687 2340 ἐπ’
714 2287 862 2359 αύτῷ
911 2287 1021 2360 γὰρ
1042 2287 1241 2361 πρώτῳ
1259 2290 1565 2359 φονευθέντι
1584 2290 1887 2364 ἐπένθησαν

310 2378 362 2431 οἱ
386 2382 582 2447 γονεῖς.
615 2381 676 2432 Ei
701 2374 767 2434 δὲ’
792 2381 959 2454 Ἀδὰμ
982 2382 1140 2453 ἔργον
1165 2380 1298 2435 Θεοῦ
1333 2383 1627 2456 ύπάρρχων
1644 2385 1888 2456 πρόγνω-

313 2484 395 2522 σιν
430 2464 567 2539 εῐχε,
591 2469 770 2542 πολλῷ
806 2471 1004 2543 μᾶλλον
1026 2473 1055 2525 6
1078 2472 1486 2545 δημιουργήσας
1524 2474 1685 2529 αὐτὸν
1732 2476 1883 2542 Θεός.

311 2559 383 2613 Σὺ
407 2558 484 2623 δὲ,
508 2554 556 2613 ὧ
576 2559 777 2633 Σίμων,
806 2561 993 2627 κακῶς
1020 2562 1155 2618 νοῶν
1184 2563 1286 2629 τὰς
1329 2564 1476 2629 θείας
1500 2565 1722 2637 Γραφάς
1740 2607 1755 2631 ,
1795 2586 1883 2637 φι-

312 2650 546 2723 μώθητι.

376 2822 514 2879 XLI.
548 2824 622 2879 T6
650 2826 707 2881 δὲ
735 2828 1076 2900 γεγράφθαι·
1138 2831 1495 2904 Ἐνεθυμήθη
1519 2839 1553 2891 ό
1598 2839 1741 2905 Θεὸς
1760 2880 1777 2906 ,
1806 2838 1883 2903 ὡς

306 2913 554 2987 λογισμῷ
573 2920 919 2990 χρησαμένου
950 2921 1039 2975 διὰ
1066 2923 1166 2994 τὴν
1213 2924 1463 2994 ἄγνοιαν·
1488 2926 1569 2981 ἔτι
1612 2928 1718 3002 μὴν
1753 2931 1877 2985 xai‘

318 3002 611 3074 Ἐπείραζε
639 3010 854 3077 Κύριος
905 3011 1012 3065 τὸν
1053 3014 1329 3086 Ἀϐραὰμ,
1362 3018 1448 3069 ἵνα
1490 3019 1602 3090 γνῷ
1652 3022 1702 3074 εἰ
1745 3022 1878 3076 ὑπε-

305 3096 505 3171 νέγκῃ·
554 3102 648 3154 καὶ
689 3102 774 3154 τό·
822 3103 1195 3171 Καταϐάντες
1230 3105 1446 3176 ἴδωμεν
1484 3110 1537 3161 εὶ
1579 3111 1728 3165 κατὰ
1762 3110 1878 3181 τὴν

303 3189 577 3259 κραυγὴν
623 3192 821 3247 αὐτῶν
876 3193 991 3263 τὴν
1016 3194 1348 3265 ἐρχομένην
1372 3199 1521 3268 πρὸς
1570 3201 1879 3271 μὲσυντε-

300 3282 581 3336 λοῦνταιο
612 3285 666 3337 εὶ
695 3283 762 3337 δὲ
783 3284 1003 3354 μὴ,ῖνα
1017 3284 1165 3355 τνῶο
1195 3290 1287 3343 καὶ
1313 3289 1399 3345 ῐνα
1422 3291 1495 3363 μὴ
1513 3294 1592 3357 εἰς
1616 3293 1751 3349 πολὺ
1774 3313 1878 3367 μη-

301 3373 448 3429 κύνω
472 3374 568 3427 τὸν
596 3374 750 3444 λόγον
770 3416 784 3439 ,
818 3378 959 3448 σαφῆ
983 3378 1079 3448 τὴν
1100 3378 1337 3435 διάνοιαν
1374 3384 1468 3436 καὶ
1494 3383 1780 3453 διάγνωσιν
1817 3390 1874 3443 ai

301 3469 488 3539 ῥήσεις
512 3468 725 3539 ἔχουσιν
750 3465 925 3534 αὗται,
966 3470 1039 3542 μὴ
1066 3473 1565 3542 καταγινώσκουσαι
1613 3477 1707 3531 τοῦ
1737 3478 1872 3534 Θεοῦ

297 3557 541 3625 ἄγνοιαν,
581 3560 685 3613 κᾶν
703 3559 799 3632 τὴν
828 3560 926 3635 σὴν
949 3562 1105 3617 τοῦτο
1129 3564 1395 3639 διαφεύγῃ
1420 3566 1651 3622 διάνοιαν
1676 3571 1719 3604 ’⁸
1738 3587 1751 3600 ·
1792 3570 1872 3625 ὅτι

296 3650 350 3705 δὲ
368 3652 540 3715 ὅντως
563 3653 947 3723 προγινώσκει,
975 3655 1121 3725 λέγει
1141 3658 1218 3729 τῷ
1250 3659 1523 3730 Ἀϐραάμ·
1550 3660 1872 3717 Γινώσκων

296 3742 500 3811 γνώσῃ
531 3742 619 3797 ὅτι
646 3744 932 3813 πάροικον
958 3748 1129 3803 ἔσται
1160 3750 1224 3804 τὸ
1267 3751 1504 3821 σπέρμα
1543 3769 1659 3807 σου
1690 3754 1760 3807 ἐν
1791 3754 1869 3825 γῇ

294 3834 407 3886 οὐκ
437 3833 581 3900 Mler
605 3834 703 3889 καὶ
729 3835 1145 3894 δουλώσουσιν
1171 3841 1339 3909 αὐτὸ,
1376 3843 1740 3913 κακώσουσι,
1770 3845 1869 3900 καὶ

292 3924 775 3982 ταετεινώσουσιν
817 3930 1035 3997 αὐτοὺς
1094 3933 1197 4001 ἐτη
1251 3936 1627 4002 τετρακόσια·
1686 3937 1751 3992 τὸ
1799 3936 1867 3991 δὲ

294 4016 466 4082 ἔθνος
480 4016 528 4082 ᾧ
548 4017 657 4071 ἐὰν
676 4018 1048 4076 ϐουλεύσωσι
1071 4024 1249 4092 κρινῶ
1263 4024 1376 4094 ἐγώ
1394 4043 1407 4057 ·
1425 4028 1577 4096 μετὰ
1590 4028 1657 4081 δὲ
1683 4030 1867 4085 ταῦτα

293 4108 717 4172 ἐξελεύσονται
740 4112 853 4167 ὧδε
866 4116 1015 4183 μετὰ
1037 4118 1384 4187 ἀποσκευῆς
1412 4121 1648 4192 πολλῆς
1667 4140 1680 4154 υ
1703 4120 1785 4176 σὺ
1798 4123 1866 4177 δὲ

292 4200 603 4271 ἀπελεύσῃ
632 4203 780 4272 πρὸς
808 4205 947 4272 τοὺς
981 4208 1238 4275 πατέρας
1277 4226 1391 4264 σου
1431 4212 1557 4281 μετ’
1599 4213 1862 4283 εἰρήνης,

292 4292 620 4361 τραφεὶς-’ἐν
659 4294 811 4364 γήρᾳ
850 4298 1046 4363 καλῷ·
1094 4301 1340 4370 τετάρτῃ
1380 4302 1448 4356 δὲ
1489 4306 1668 4374 γενεᾷ
1710 4308 1859 4362 ἁπο-

1994 1840 2106 1879 rem
2138 1826 2387 1895 decepit?
2413 1826 2648 1880 Rursum
2678 1825 2871 1881 Petrus
2898 1844 2910 1878 :
2961 1827 3016 1880 Si
3044 1828 3429 1897 praenotionem
3453 1842 3562 1881 non

1993 1916 2186 1971 habuit
2217 1916 2481 1982 Adamus,
2517 1932 2628 1986 quo
2660 1919 2821 1972 modo
2853 1918 2980 1972 [iliis
3010 1916 3146 1981 suis,
3170 1918 3332 1971 simul
3360 1934 3421 1971 ac
3451 1918 3561 1973 nati

1991 2018 2154 2075 sunt,
2199 2009 2364 2064 etiam
2414 2011 2637 2065 nomina
2696 2010 2956 2079 imposuit
3006 2010 3304 2065 secundum
3349 2010 3563 2064 futuras

1990 2102 2275 2158 actiones?
2297 2102 2534 2172 primum
2558 2118 2780 2167 vocans,
2810 2102 2968 2169 Cain,
2999 2102 3144 2172 quod
3177 2103 3562 2172 interpretatur

1989 2193 2301 2260 wmulatio;
2330 2194 2423 2265 qui
2448 2194 2634 2259 etiam,
2656 2193 3005 2248 aemulatione
3053 2192 3250 2247 ductus
3282 2191 3558 2247 interiecit

1988 2286 2212 2341 fratrem
2253 2302 2411 2341 suum
2436 2285 2592 2353 Abel,
2620 2285 2765 2356 quod
2795 2285 3179 2354 interpretatur
3205 2285 3415 2349 luctus;
3459 2300 3558 2339 su-

1986 2394 2083 2450 per
2110 2393 2177 2434 eo
2206 2377 2475 2448 siquidem
2513 2377 2692 2447 primo
2719 2378 2939 2444 occiso,
2984 2387 3237 2447 parentes
3275 2377 3555 2432 luxerunt.

1987 2469 2142 2538 Quod
2174 2470 2220 2525 si
2244 2469 2506 2536 Adamus,
2557 2469 2652 2539 qui
2703 2467 2795 2522 Dei
2827 2483 2966 2538 opus
3022 2478 3161 2534 erat,
3217 2468 3555 2539 prmnotione

1986 2558 2244 2631 przeditus
2273 2557 2409 2626 fuit;
2459 2559 2631 2613 multo
2654 2560 2829 2628 magis
2855 2560 2948 2628 qui
2972 2560 3215 2615 condidit
3236 2576 3360 2615 eum
3386 2560 3551 2616 Deus.

1985 2648 2066 2705 Tu
2101 2658 2305 2717 autem,
2340 2665 2374 2705 o
2412 2647 2623 2713 Simon,
2648 2664 2773 2703 cum
2822 2649 2963 2704 male
3020 2650 3292 2722 intelligas
3340 2653 3553 2708 divinas

1988 2744 2322 2814 Scripturas,
2347 2743 2601 2798 obturato
2624 2756 2719 2797 ore
2748 2750 2883 2798 tace.

2053 2833 2191 2892 XLI.
2225 2834 2398 2888 Porro
2431 2832 2580 2904 quod
2620 2832 2885 2902 scriptum
2914 2840 3030 2887 cst:
3061 2830 3251 2887 Secum
3292 2842 3550 2902 reputavit

1983 2926 2125 2981 Deus
2152 2927 2218 2992 “,
2249 2926 2408 2997 quasi
2443 2934 2631 2980 utatur
2661 2925 3080 2980 ratiocinatione
3125 2936 3345 2995 propter
3390 2926 3548 2995 igno-

1981 3016 2249 3083 rantiam;
2275 3026 2327 3070 et
2343 3016 2550 3071 adhuc:
2578 3014 2813 3069 Tentavit
2838 3014 3089 3067 Dominus
3110 3015 3466 3068 Abraliamum
3482 3018 3549 3083 ",

1982 3116 2043 3162 ut
2065 3116 2419 3178 cognosceret
2442 3123 2511 3162 an
2546 3108 2594 3164 is
2621 3108 2785 3162 ferret
2817 3108 3114 3176 patienter:
3164 3106 3296 3161 illud
3345 3106 3547 3162 etiam:

1982 3197 2365 3252 Descendentes
2386 3198 2678 3265 videamus,
2708 3215 2777 3252 an
2799 3198 3087 3252 secundum
3110 3196 3390 3250 clamorem
3407 3197 3549 3266 ipso-

1979 3306 2137 3358 rum,
2187 3292 2276 3361 qui
2331 3292 2467 3346 venit
2519 3292 2587 3344 ad
2640 3308 2739 3359 me,
2794 3291 3100 3361 perﬁciant;
3132 3290 3215 3343 sin
3268 3290 3461 3357 minus,
3487 3300 3546 3343 ut

1974 3386 2143 3441 sciam
2172 3383 2253 3437 ’δε
2286 3399 2350 3438 ac
2376 3398 2444 3439 ne
2473 3399 2778 3439 sermonem
2804 3382 3021 3453 longius
3059 3383 3400 3453 protraham,
3430 3384 3544 3438 cla-

1975 3491 2097 3532 rum
2130 3491 2352 3531 sensum
2393 3490 2457 3530 ac
2480 3475 2810 3530 intellectum
2856 3475 3057 3529 habent
3100 3489 3164 3529 ea
3212 3476 3542 3542 testimonia,

1975 3583 2075 3623 uec
2097 3566 2267 3621 Deum
2302 3566 2370 3621 de
2401 3566 2705 3636 ignorantia
2732 3576 2996 3635 arguunt;
3031 3565 3157 3620 licet
3188 3565 3237 3620 id
3264 3576 3412 3621 tuam
3450 3566 3540 3621 fu-

1972 3662 2083 3733 giat
2122 3660 2553 3729 intelligentiam.
2605 3658 2762 3725 Quod
2812 3667 2994 3713 autem
3034 3674 3221 3713 revera
3270 3661 3541 3727 praesciat,

1970 3753 2091 3808 ideo
2115 3752 2243 3807 dicit
2261 3752 2607 3806 Abrahamo:
2636 3749 2861 3806 Sciendo
2880 3752 3033 3813 scies,
3057 3751 3195 3820 quod
3210 3754 3537 3822 peregrinum

1966 3846 2067 3900 erit
2098 3861 2269 3899 semen
2294 3853 2440 3897 tuum
2463 3847 2518 3897 in
2552 3854 2691 3897 terra
2723 3859 2826 3896 non
2860 3860 2991 3908 sua;
3035 3852 3083 3898 et
3132 3844 3185 3897 in
3244 3845 3541 3899 servitutem

1967 3936 2201 4007 redigent
2228 3936 2384 4002 illud,
2418 3946 2466 3989 et
2493 3935 2741 4005 aﬂligent,
2769 3945 2819 3988 et
2851 3935 3141 4005 deprimat
3162 3951 3248 3990 eos
3277 3936 3536 4004 quadrin-

1968 4029 2135 4099 gentis
2164 4029 2348 4081 annis:
2400 4037 2603 4096 gentem
2649 4034 2823 4079 autem
2856 4027 2941 4079 cui
2968 4027 3210 4091 servient,
3270 4042 3361 4095 ego
3382 4026 3534 4094 judi-

1965 4118 2094 4175 cabo
2112 4135 2131 4173 :
2163 4128 2278 4189 post
2302 4118 2411 4173 lure
2433 4133 2550 4172 vero
2570 4116 2783 4171 exibunt
2808 4117 2907 4170 huc
2928 4133 3044 4171 cum
3067 4117 3230 4170 multo
3248 4128 3531 4187 apparatu:

1969 4221 2026 4265 tu
2057 4220 2231 4264 autem
2266 4209 2432 4263 abibis
2458 4209 2527 4262 ad
2561 4217 2735 4278 patres
2759 4217 2875 4261 tuos
2904 4225 3022 4261 cum
3039 4225 3185 4277 pace,
3216 4211 3448 4264 nutritus
3476 4212 3533 4263 in

1966 4314 2229 4359 senectute
2255 4304 2421 4358 bona:
2445 4310 2640 4374 quarta
2679 4318 2795 4355 vero
2834 4301 3166 4371 generatione
3214 4310 3531 4355 revertentur

290 4385 740 4454 στραφήσονται
775 4388 906 4444 ὦδε.
937 4391 1121 4447 Ταῦτα
1167 4394 1224 4447 δὲ
1275 4397 1491 4461 πάντως
1541 4399 1676 4469 μετὰ
1730 4400 1857 4454 πολ·
1888 4414 1902 4471 ι

1982 4397 2149 4450 inc”.
2190 4395 2256 4450 Et
2282 4411 2415 4450 sane
2441 4396 2545 4449 ista
2588 4410 2711 4464 qua:
2738 4403 2861 4464 post
2910 4392 3109 4447 multas
3154 4392 3530 4461 generationes

291 4474 385 4539 λὰς
407 4477 450 4508 ⁸¹
482 4478 593 4549 ἄρα
614 4480 981 4552 συμϐήσεσθαι
1009 4484 1265 4555 μέλλοντα
1293 4490 1484 4557 γενεὰς
1504 4493 1570 4555 ³²,
1588 4496 1856 4564 προγινώο

293 4571 511 4633 σκοντός
536 4573 653 4625 ἐστι
677 4574 770 4627 καὶ
796 4575 1103 4643 σαφέστατα
1128 4577 1347 4642 εἰδότος.

357 4661 517 4716 XLII.
561 4664 623 4716 'H
646 4666 742 4735 μὲν
774 4662 867 4719 οὖν
888 4668 1233 4739 περὶτούτων
1263 4670 1507 4742 ζήτησις,
1539 4676 1631 4727 καὶ
1648 4677 1727 4739 εἰς
1740 4677 1857 4747 τρί-

286 4771 382 4825 την
416 4758 763 4827 παρετείνετο
796 4759 892 4831 τὴν
929 4762 1161 4833 ἡμέραν,
1216 4765 1629 4838 ὲπιφωσκούσης
1674 4768 1730 4822 δὲ
1757 4770 1854 4840 τῆς

284 4849 574 4920 τετάρτης,
607 4852 782 4920 φυγὰς
805 4855 833 4905 6
858 4854 1035 4923 Σίμων
1076 4859 1155 4920 εἰς
1191 4858 1364 4929 Τύρον
1409 4857 1597 4929 ᾤχετο.
1654 4861 1763 4914 Kal
1791 4861 1851 4914 οὐ

288 4941 423 5011 μετὰ
451 4942 653 5006 πολλὰς
685 4944 898 5015 ἡμέρας
948 4946 1202 5015 ἀφίκοντό
1246 4966 1388 5012 τινες
1430 4949 1636 5004 ἐκεῖθεν
1683 4952 1853 5020 ἐπαγ-ι

284 5032 563 5100 γέλλοντες
594 5034 641 5066 ³⁸
668 5036 746 5106 τῷ
786 5038 995 5111 Πέτρῳ,
1021 5040 1099 5091 ὃτι
1140 5040 1317 5109 Σίμων
1343 5042 1553 5112 μεγάλα
1575 5042 1851 5114 θαυμάσια

287 5121 341 5177 iv
362 5125 523 5197 Τύρῳ
552 5127 739 5191 ποιῶν,
764 5128 989 5193 πολλοὺς
1021 5130 1127 5185 τῶν
1155 5133 1271 5185 ἐκεῖ
1297 5133 1618 5204 κατέπληξε,
1664 5134 1755 5188 καὶ
1789 5134 1850 5189 σὲ

357 5241 608 5298 IMallem
632 5244 810 5315 legere
832 5245 1033 5314 ἔλεγον,
1066 5245 1275 5315 Latine,
1304 5249 1438 5305 dixi.
1472 5248 1631 5306 Eutr.
1662 5251 1899 5309 Pnn0L.

1961 4498 2223 4547 eventura
2251 4496 2426 4554 erant,
2447 4487 2738 4541 ostendunt
2782 4486 2926 4555 quod
2958 4493 3279 4555 prmuoscat,
3312 4494 3366 4539 et
3411 4501 3519 4540 tna~

1964 4580 2318 4637 nifestissime
2340 4595 2405 4635 ac
2434 4580 2735 4634 certissime
2763 4578 2919 4634 sciat.

2033 4670 2193 4726 XLII.
2220 4671 2265 4702 ³⁸
2300 4672 2487 4740 Itaque
2509 4670 2575 4725 de
2606 4670 2725 4725 istis
2767 4670 2931 4725 rebus
2970 4668 3253 4739 inquisitio
3304 4668 3372 4723 ad
3417 4677 3525 4724 ter-

1961 4764 2095 4820 tium
2128 4779 2345 4835 quoque
2367 4764 2508 4818 diem
2543 4764 2804 4833 producta
2830 4770 2933 4818 est.
2960 4761 3164 4830 Quarto
3188 4771 3365 4819 autem
3400 4763 3529 4817 illu-.

1954 4855 2200 4915 cesce'nte
2225 4900 2239 4923 ,
2274 4857 2462 4911 Simon
2514 4856 2567 4911 in
2614 4856 2816 4927 Tyrum
2848 4855 2975 4928 fuga
3025 4872 3083 4913 se
3122 4856 3379 4927 abripuit.
3410 4854 3521 4910 Nec

1954 4950 2141 5005 multis
2174 4957 2297 5018 post
2324 4948 2515 5003 diebus
2541 4947 2763 5017 quidam
2812 4947 2961 5003 illinc
2988 4958 3273 5015 venerunt,
3326 4950 3401 5003 ita
3429 4964 3517 5002 re-

1952 5042 2265 5096 nuntiantes
2300 5038 2494 5095 Petro:
2532 5038 2743 5107 Simon,
2773 5054 2996 5109 magnas
3036 5040 3335 5111 prastigias
3390 5038 3515 5116 Tyri

1950 5132 2180 5199 edendo,
2212 5133 2413 5188 multos
2435 5132 2737 5187 incolarum
2769 5132 3032 5202 perculit;
3074 5142 3233 5201 teque
3264 5131 3514 5201 pluribus

1539 5364 1771 5419 VARLE
1807 5364 2208 5422 LECTIONES.

346 5452 500 5527 ’13].
562 5451 909 5527 ζητήσωμεν.

273 5530 327 5593 9.
358 5523 449 5593 42,
482 5532 587 5579 etc.
619 5523 622 5524 ⁷
670 5523 716 5558 ³³
756 5523 889 5581 Gen.
929 5542 988 5590 ιι,
1022 5526 1109 5581 17.
1188 5530 1234 5561 ²⁶
1274 5528 1407 5584 Gen.
1433 5546 1507 5593 vr,
1544 5523 1597 5585 ϐ’.

275 5590 322 5664 ξ’
359 5592 495 5649 Gen.
526 5611 614 5659 xv,
644 5596 728 5651 l3.
840 5596 881 5628 ⁸⁸
924 5596 993 5651 al.
1038 5599 1132 5651 καὶ
1177 5598 1247 5651 τὰ
1300 5590 1539 5664 πολλαῖς.

270 5662 719 5734 ἀπαγγέλλοντες.

1021 5454 1065 5486 ’³
1103 5456 1173 5510 al.
1217 5458 1339 5513 add.
1382 5459 1679 5529 ἀντιλέγειν
1740 5480 1832 5515 σου
1870 5464 1937 5534 τῇ
1982 5461 2194 5534 ἀταξία,
2247 5466 2319 5536 μὴ
2368 5464 2534 5518 θέλων
2573 5464 2771 5536 ζητεῖν.
2852 5466 2897 5498 ³⁸
2944 5464 3197 5519 Clement.
3240 5466 3382 5519 hom.
3418 5480 3502 5528 ιιι,

1022 5526 1109 5581 17.
1188 5530 1234 5561 ’⁸
1274 5528 1507 5588 Gen.vn.
1544 5531 1597 5585 6.
1676 5533 1721 5567 "
1761 5534 1896 5588 Gen.
1937 5550 2072 5588 χχιι.
2117 5535 2168 5588 1.
2246 5537 2291 5567 ³⁸
2336 5536 2468 5588 Gen.
2527 5537 2803 5588 xvm.2l.
2887 5538 2931 5569 ’⁸
2970 5539 3038 5588 al.
3093 5534 3502 5588 ἀμβλυώττων.-

1772 5549 1896 5589 ben.
1937 5550 2072 5589 XXII.
2117 5549 2168 5589 1.

1678 5549 1718 5567 δ’
1761 5549 1896 5589 ben.
1937 5550 2072 5597 χχιι,

1648 5601 1691 5635 ³²
1732 5604 1801 5659 al.
1848 5608 2075 5673 γενεαῖς.

2246 5534 2468 5606 ζθξϐειι.
2527 5534 2803 5599 ινιιι,21.
2887 5538 2931 5569 ’⁸
2970 5539 3038 5590 al.
3093 5534 3503 5606 ἀμσλυωπίαν.ο

2154 5606 2199 5637 ³³
2234 5594 2486 5663 Clement.
2540 5594 2687 5662 hom.
2739 5623 2822 5671 ιιι,
2882 5622 2929 5661 c.
2982 5606 3070 5671 ὅθ,
3128 5594 3230 5662 etc.
3341 5604 3388 5646 "
3428 5606 3513 5669 διο,
