4022 6336
439 214 543 274 503

1282 215 1341 271 S.
1382 204 1775 273 CLEMENTIS
1810 218 1831 273 ι
1870 216 2256 277 ΚΟΜΡΟΝΤ.
2297 222 2529 291 OPEHA
2565 225 2793 283 DUBIA.

3570 231 3677 288 506

437 329 727 387 calumniis
750 332 1002 390 odiosum
1043 334 1241 393 effecit.
1290 335 1423 404 Qua:
1468 348 1753 410 postquam
1807 342 2014 397 audivit

2112 348 2329 414 πολλαῖς
2351 350 2621 416 διαϐολαῖς
2650 351 2874 422 μισητὸν
2910 350 3153 422 ἐποίησε.
3182 350 3367 404 Ταῦτα
3390 347 3624 410 ἀκούσα,
3646 349 3676 401 6

438 417 662 486 Petrus,
692 423 999 494 insequenti
1031 436 1211 493 nocte,
1245 431 1395 483 omni
1422 432 1622 499 populo
1646 446 2005 504 congregato:

438 511 481 541 ³⁸
514 512 987 585 Quandoquidem,
1022 519 1221 589 inquit,
1264 535 1389 575 cum
1416 538 1516 592 ego
1548 540 1895 593 properarem
1937 526 2004 579 ad

438 613 646 671 gentes,
678 622 798 674 quae
825 609 1026 664 multos
1058 611 1193 666 deos
1243 621 1519 678 asserunt,
1558 624 1615 669 ut
1655 615 2005 684 praedicarem

437 710 502 748 ac
541 696 793 773 docerem
837 716 1008 754 unum
1030 716 1153 757 esse
1184 701 1353 757 Deum
1389 703 1440 757 in
1497 706 1671 760 tribus
1717 708 1963 776 personis
1987 749 2002 774 ,

436 797 739 843 creatorem
767 793 889 846 εαξη
918 801 971 847 et
990 802 1167 862 terra,
1187 796 1542 866 omniumque
1566 814 1687 867 quae
1708 799 1759 852 in
1793 798 2006 853 iiscon-

438 878 697 949 tinentur,
731 898 841 951 quo
872 884 1141 952 homines,
1173 886 1371 942 dilecto
1393 902 1482 952 eo,
1509 896 1731 957 possent
1773 887 2004 943 salutem

437 976 695 1044 consequi
720 994 733 1041 ;
760 979 1095 1045 praeveniens
1124 978 1396 1043 diabolus,
1420 980 1696 1034 Simonem
1720 981 2003 1050 prtemisit,

437 1076 499 1120 ut
521 1069 878 1136 persuaderet
914 1070 1231 1125 hominibus
1262 1072 1498 1133 cunctis,
1546 1072 1724 1126 colere
1752 1074 1881 1127 deos
1912 1073 2003 1140 qui

438 1174 547 1213 non
578 1173 729 1224 sunt,
760 1171 925 1229 utque
957 1170 1273 1216 recusarent
1300 1162 1519 1218 credere
1548 1164 1600 1217 in
1626 1180 1796 1219 unum
1834 1162 2005 1219 Deum

438 1253 531 1321 qui
566 1254 815 1308 universa
841 1254 1106 1320 condidit,
1135 1263 1245 1308 tum
1277 1255 1534 1319 visibilia,
1555 1265 1667 1309 tum
1692 1256 2003 1323 invisibilia;

438 1343 647 1399 idcirco
673 1354 885 1413 oportet
916 1360 1002 1399 me
1046 1346 1159 1401 cito
1211 1346 1428 1416 assequi
1460 1362 1607 1414 cum,
1656 1364 1723 1402 ne
1758 1347 2007 1402 doctrina

440 1432 704 1500 Simonis,
731 1436 1265 1504 diutiusimmorata,
1286 1453 1477 1493 omnes
1498 1439 1718 1509 penitus
1738 1439 1977 1493 invadat.

505 1547 687 1602 XLIII.
730 1547 907 1614 Quare
956 1563 1179 1604 necesse
1206 1558 1288 1604 est
1338 1549 1537 1620 aliquis
1562 1566 1661 1619 pro
1706 1566 1791 1604 me
1823 1550 2004 1604 locum

435 1653 616 1692 meum
641 1640 907 1709 suppleat.
935 1638 1113 1709 Atque
1134 1641 1318 1695 cuncti
1342 1639 1510 1694 Deum
1535 1640 1737 1695 intente
1760 1656 2002 1707 oremus,

2107 441 2331 512 Πέτρος,
2348 447 2414 515 τῇ
2434 445 2663 518 ἐπιούσῃ
2678 445 2833 498 νυκτὶ
2847 443 3023 497 πάντα
3042 442 3133 496 τὸν
3155 441 3277 495 λαὸν
3296 440 3459 494 συναθ
3468 438 3671 511 ροίσαςο

2118 532 2351 604 Ἐπειδὴ,
2398 535 2581 603 φησὶν,
2623 534 2898 605 ὁρμῶντός
2935 550 3034 604 μου
3061 534 3140 596 εἰς
3176 531 3245 584 τὰ
3282 530 3409 601 ἔθνη
3440 529 3510 583 τά
3547 530 3676 583 πολ-

2105 624 2231 688 λοὺς
2258 624 2415 688 θεοὺς
2446 624 2691 693 λέγοντα,
2718 624 2950 696 κηρύξαι
2972 626 3065 678 καὶ
3095 622 3304 689 διδάξαι
3335 624 3419 676 ὃτι
3456 618 3535 685 εἷς
3558 622 3674 674 ἔστι

2105 716 2237 780 Θεὸς
2264 718 2322 770 ἐν
2341 718 2517 789 τρισὶν
2541 718 2920 784 ὑποστάσεσιν,
2975 716 3035 780 ὃς
3068 717 3293 789 οὐρανὸν
3323 716 3501 769 ἔκτισε
3520 756 3537 781 ,
3577 715 3674 768 καὶ
3744 702 3749 707 ’

2103 808 2201 880 τὴν
2225 808 2350 879 γῆν,
2374 808 2469 862 καὶ
2498 809 2565 862 τὰ
2608 810 2664 861 ἐν
2694 809 2875 873 αὐτοῖς
2901 809 3095 873 πάντα,
3123 810 3270 872 ὅπως
3295 809 3673 879 ἀγαπήσαντες

2106 901 2266 954 αὐτὸν
2298 902 2348 953 οἰ
2391 901 2661 973 ἄνθρωποι
2699 901 2931 972 σωθῆναι
2979 900 3277 972 δυνηθῶσιο
3317 898 3607 971 προλαϐὼν
3643 899 3673 951 6

2105 993 2366 1057 διάϐολος,
2411 992 2629 1065 Σίμωνα
2665 994 3109 1064 προαπέστειλεν,
3157 994 3244 1046 ἴνα
3283 993 3447 1065 πείσῃ
3496 992 3672 1045 πάντα

2106 1086 2389 1157 ἄνθρωπον
2416 1085 2696 1157 λατρεύειν
2718 1090 2831 1150 τοῖς
2861 1087 2934 1158 μὴ
2978 1082 3096 1139 οὖσι
3130 1086 3305 1150 θεοῖς,
3360 1085 3457 1138 καὶ
3507 1085 3675 1154 ἀρνή-

2108 1196 2301 1231 σωνται
2329 1180 2598 1233 πιστεύειν
2632 1182 2709 1242 εἰς
2740 1181 2833 1232 ἕνα
2858 1179 2988 1232 Θεὸν
3021 1179 3112 1232 τὸν
3147 1179 3446 1250 ποιήσαντα
3473 1179 3668 1239 πάντα,

2104 1270 2173 1322 τά
2203 1288 2260 1322 τε
2285 1270 2455 1341 ὁρατά
2478 1272 2568 1323 καὶ
2590 1270 2656 1323 τὰ
2676 1269 2906 1340 ἀόρατα·
2933 1269 3038 1341 χρή
3066 1286 3132 1341 με
3158 1269 3369 1339 ταχέως
3388 1267 3549 1321 αὑτὸν
3573 1283 3673 1319 κα-

2104 1362 2376 1427 ταλαϐεῖν,
2419 1364 2506 1417 ἵνα
2530 1364 2602 1435 μὴ
2630 1365 2664 1433 ἡ
2688 1363 2997 1416 διδασκαλία
3030 1361 3123 1415 τοῦ
3156 1362 3394 1434 Σίμωνος
3424 1359 3672 1431 ἐγχρονί-

2108 1470 2265 1515 σασα,
2296 1454 2571 1518 παντελῶς
2599 1455 2814 1509 πάντων
2853 1455 3216 1525 ἐπικρατήσῃ.

2178 1546 2362 1600 XLIII.
2397 1548 2488 1599 Δεῖ
2517 1543 2607 1600 οὖν
2636 1547 2751 1599 ἀντ’
2783 1546 2916 1617 ἐμοῦ
2937 1546 3058 1599 τινά
3105 1545 3197 1598 τὸν
3247 1544 3380 1615 ἐμὸν
3432 1540 3676 1612 ἀναπλη-

2110 1639 2279 1708 ρῶσαι
2297 1638 2481 1693 τόπον.
2500 1639 2611 1694 Καὶ
2635 1639 2835 1703 πάντες
2854 1638 2946 1692 τοῦ
2970 1637 3104 1691 Θεοῦ
3126 1636 3357 1699 ἐκτενῶς
3370 1636 3673 1707 δεηθῶμεν,

434 1740 496 1785 ut
530 1747 652 1786 eum
708 1732 802 1801 qui
855 1732 1055 1802 dignus
1095 1732 1187 1797 sit,
1236 1732 1379 1788 Deus
1423 1733 1687 1803 designet.
1722 1734 1765 1764 ³⁸
1793 1733 2004 1798 Quibus

2107 1731 2254 1795 ὅπως
2284 1732 2375 1784 τὸν
2395 1732 2522 1785 ὄντα
2549 1731 2698 1797 ἀξιον
2726 1732 2754 1784 ὁ
2773 1730 2903 1794 Θεὸς
2934 1729 3200 1801 ἀναδείξῃ.
3232 1728 3341 1782 Καὶ
3386 1727 3558 1782 ταῦτα
3594 1729 3673 1782 εἰσ

434 1822 595 1878 dictis
618 1865 633 1889 ,
662 1822 925 1892 imposuit
944 1838 1138 1879 manus
1165 1822 1445 1891 Zacchaeo,
1478 1834 1532 1879 et
1566 1825 1643 1878 ait
1670 1843 1683 1879 :
1722 1823 1861 1880 Here
1892 1824 2001 1879 Do-

435 1914 606 1978 mine,
656 1912 816 1967 Pater
866 1912 1083 1968 Domini
1133 1912 1339 1984 Deique
1368 1929 1434 1969 ac
1471 1914 1771 1970 Salvatoris
1827 1916 2003 1971 nostri

432 2002 562 2059 Jesu
599 2004 831 2072 Christi;
864 2021 960 2075 per
1001 2004 1266 2076 Spiritum
1324 2014 1480 2061 tuum
1507 2017 1754 2063 sanctum
1784 2022 1847 2062 ac
1871 2008 2004 2063 ado-

433 2095 682 2163 rabilem,
720 2107 775 2151 tu
804 2097 950 2153 hunc
979 2107 1150 2164 tuere,
1183 2100 1276 2169 qui
1305 2110 1495 2170 pastor
1546 2101 1621 2156 s'it
1670 2101 1854 2172 populi
1898 2101 1999 2168 tui,

430 2205 594 2261 quem
635 2190 870 2261 elegisti.
912 2190 1038 2247 Haec
1069 2194 1161 2248 ubi
1182 2192 1433 2258 dixisset,
1458 2193 1523 2248 ad
1548 2194 1807 2263 populum
1840 2195 1999 2250 iniit:

433 2285 760 2356 Quicunque
785 2287 1047 2357 baptizari
1077 2288 1261 2354 vultis,
1287 2304 1351 2343 ex
1375 2287 1617 2343 crastino
1644 2288 1730 2342 die
1753 2289 2003 2358 jejunare

436 2377 676 2447 incipite.
706 2377 837 2433 Post
861 2388 971 2435 tres
993 2387 1172 2434 autem
1192 2380 1327 2445 dies,
1347 2395 1471 2434 cum
1504 2380 1777 2449 baptizare
1803 2381 2003 2450 coepis-

434 2478 550 2537 set,
590 2470 801 2524 vocavit
828 2486 917 2526 me
942 2471 1299 2539 Clementem,
1331 2469 1596 2535 Nicetam,
1627 2483 1681 2526 et
1700 2472 1951 2542 Aquilam
1980 2511 1997 2538 ,

431 2577 499 2617 ac
523 2560 695 2616 dixit:

502 2650 691 2707 XLIV.
718 2651 921 2724 Tyrum
949 2652 1296 2723 profecturus
1317 2661 1440 2723 post
1464 2662 1667 2722 septem
1692 2654 1808 2709 dies
1831 2697 1845 2720 ,
1877 2653 2002 2708 volo

434 2744 513 2798 uti
545 2759 644 2799 vos
691 2745 938 2800 celeriter
986 2760 1052 2800 eo
1103 2747 1473 2813 advenientes,
1506 2756 1561 2801 et
1612 2744 1755 2815 apud
1782 2745 1999 2799 Chana-

434 2852 606 2892 nteam
634 2838 982 2906 Berenicen,t
1002 2837 1173 2894 Iusta:
1197 2840 1362 2894 filiam
1387 2840 1524 2894 clam
1559 2839 1839 2910 bospitati,
1884 2855 2002 2894 om-

432 2927 527 2983 nia
557 2943 680 2999 quaa
699 2928 764 2982 ad
792 2926 1069 2983 Simonem
1102 2930 1376 2998 pertinent
1403 2930 1756 3001 investigatis,
1787 2945 1851 2985 ac
1879 2930 2002 2985 dili-

433 3030 621 3094 genter
642 3022 773 3075 mibi
806 3021 1178 3091 perscribatis.
1208 3021 1555 3092 Quapropter
1601 3023 1827 3092 jamjam
1875 3038 1997 3077 cum

432 3126 567 3182 pace
600 3112 826 3181 pergite.
859 3112 1026 3181 Igitur
1055 3112 1426 3183 relinquentes
1455 3130 1576 3167 eum
1615 3115 1999 3183 baptizantem,

434 3203 490 3258 in
522 3201 726 3273 Tyrum
752 3201 1044 3259 thniciae
1062 3202 1286 3274 profecti
1311 3221 1531 3260 sumus:
1560 3207 1604 3238 ³⁸
1621 3215 1672 3260 et
1699 3208 1838 3274 apud
1867 3222 2003 3276 prae-

434 3292 634 3347 dictam
684 3291 1049 3348 Chananazam
1105 3294 1363 3349 diversati
1394 3337 1409 3362 ,
1458 3298 1771 3366 acceptique
1818 3298 1886 3351 ab
1938 3314 2000 3352 ea

436 3381 717 3451 splendide
746 3397 811 3437 ac
860 3383 1181 3453 honorifice,
1212 3387 1394 3440 statim
1443 3388 1510 3442 de
1558 3386 1781 3444 Simone
1836 3388 2001 3444 locuti

435 3488 647 3541 sumus,
671 3473 757 3529 his
790 3474 998 3529 verbis:
1037 3474 1225 3530 Simon
1277 3477 1377 3532 iste
1412 3477 1621 3548 Magus,
1660 3480 1713 3533 in
1756 3479 2002 3550 disputa-

435 3563 614 3629 tione,
662 3580 826 3635 quam
864 3582 987 3620 cum
1016 3566 1240 3623 domino
1298 3577 1486 3623 nostro
1542 3568 1703 3624 Petro
1742 3569 2003 3627 Ctesarea:

436 3653 645 3720 habuit,
670 3667 978 3725 superatus,
1006 3658 1188 3713 statim
1227 3673 1291 3712 eo
1321 3659 1508 3714 habitu
1549 3676 1658 3723 quo
1708 3670 1845 3731 erat,
1893 3662 2002 3717 huc

433 3758 493 3799 se
524 3745 786 3815 profugus
820 3748 1083 3811 contulit;
1113 3756 1274 3817 atque
1303 3748 1357 3801 in
1385 3764 1509 3802 eum
1561 3750 1843 3804 maledicta
1872 3766 2002 3805 con-

430 3834 627 3905 jiciens
676 3837 1069 3906 simpliciorum
1106 3840 1317 3894 animas
1349 3840 1578 3910 abripit:
1623 3857 1855 3912 cumque
1885 3842 2002 3913 ipse

436 3944 627 4000 magus
656 3932 745 3995 sit,
775 3931 925 3985 illum
958 3947 1178 4001 magum
1209 3932 1475 4002 appellat;
1501 3942 1553 3991 et
1582 3948 1704 3988 cum
1730 3935 1800 3989 sit
1826 3936 2001 4005 impo~

435 4029 571 4084 stor,
598 4022 899 4089 apostolum
924 4024 1275 4090 impostorem
1326 4022 1659 4091 proclamat;
1706 4025 1912 4095 quique
1944 4027 1997 4080 in

434 4114 692 4167 omnibus
716 4114 962 4168 devictus
1018 4113 1161 4178 fuit,
1220 4128 1389 4183 seque
1438 4114 1493 4168 in
1540 4114 1723 4184 fugam
1771 4115 2000 4185 turpiter

435 4206 689 4275 conjecit,
719 4206 921 4266 vicisse
940 4221 998 4260 se
1025 4208 1331 4275 profitetur.

503 4296 668 4353 XLV.
701 4298 958 4352 Berenice
988 4308 1167 4351 autem
1190 4339 1205 4362 ,
1238 4300 1354 4368 ipsa
1403 4314 1619 4369 quoque
1653 4299 1727 4353 ita
1759 4314 1869 4354 rem
1900 4301 1998 4354 ha-

2106 1822 2242 1886 πὼν,
2274 1823 2504 1893 ἐπέθηκε
2525 1827 2709 1893 χεῖρας
2732 1821 2808 1893 τῷ
2830 1822 3100 1892 Ζακχαίῳ,
3127 1820 3220 1875 καί
3242 1838 3373 1892 φησι
3389 1837 3400 1850 ο
3428 1819 3673 1872 Δέσποτα

2104 1915 2275 1987 Κύριε
2294 1917 2322 1968 6
2343 1914 2531 1986 Πατὴρ
2546 1914 2639 1966 τοῦ
2662 1913 2867 1985 Κυρίου
2890 1914 2984 1966 καὶ
3001 1912 3135 1966 Θεοῦ
3148 1914 3240 1965 καὶ
3255 1913 3501 1984 Σωτῆρος
3516 1912 3673 1983 ἡμῶν

2115 2007 2288 2078 Ἰησοῦ
2320 2006 2578 2078 Χριστοῦ,
2598 2005 2685 2058 διά
2706 2004 2799 2058 τοῦ
2826 2004 3139 2076 Πνεύματός
3162 2022 3254 2058 σου
3280 2003 3373 2057 τοῦ
3401 2004 3556 2072 ἁγίου
3578 2014 3675 2056 κα.

2103 2097 2498 2169 προσκυνητοῦ,
2532 2099 2594 2151 σὺ
2639 2095 2959 2167 διαφύλαξον
2993 2097 3202 2160 τοῦτον,
3246 2096 3553 2167 ποιμαίνειν
3579 2094 3673 2148 τὸν

2102 2191 2227 2244 λαόν
2268 2207 2362 2244 σου
2387 2230 2403 2256 ,
2461 2190 2520 2243 ὃν
2554 2189 2800 2255 ἐξελέξω.
2830 2190 2942 2243 Καὶ
2990 2188 3165 2243 ταῦτα
3194 2186 3383 2255 εἰπὼν,
3405 2188 3542 2259 πρὸς
3578 2188 3673 2243 τὸν

2101 2282 2228 2337 λαὸν
2251 2282 2351 2355 ἔφη
2372 2300 2386 2312 ·
2427 2283 2579 2335 Ὅσοι
2615 2280 2966 2350 βαπτισθῆναι
2995 2280 3195 2347 θέλετε,
3220 2279 3327 2333 ἀπὸ
3359 2279 3458 2349 τῆς
3483 2279 3674 2353 αῠριον

2102 2371 2381 2446 νηστεύειν
2417 2370 2671 2442 ἀρξασθε.
2706 2370 2857 2424 Μετά
2880 2370 2936 2423 δὲ
2964 2373 3112 2441 τρεῖς
3145 2369 3359 2442 ἡμέρας
3389 2367 3673 2439 βαπτίζειν

2102 2464 2422 2536 ἀρξάμενος,
2454 2463 2553 2535 ἐμὲ
2583 2462 2875 2535 Κλήμεντά
2910 2463 3161 2534 φωνήσας
3182 2463 3274 2517 καὶ
3296 2463 3541 2534 Νικήτην
3577 2462 3674 2515 καὶ

2115 2555 2363 2617 Ἀκύλαν,
2397 2553 2521 2624 ἔφη’

2168 2647 2354 2703 XLIV.
2390 2645 2649 2701 Μέλλοντί
2694 2663 2784 2717 μοι
2825 2646 2961 2716 πρὸς
2996 2646 3095 2717 τὴν
3124 2646 3297 2717 Τύρον
3343 2647 3521 2717 ὀρμᾷν
3551 2646 3675 2717 μεθ’

2101 2743 2314 2816 ἡμέρας
2337 2739 2495 2803 ἐπτά,
2530 2739 2783 2811 βούλομαι
2825 2739 2886 2792 τὸ
2914 2739 3072 2809 τάχος
3106 2740 3250 2810 ὑμᾶς
3292 2741 3408 2793 ἐκεῖ
3444 2738 3672 2812 γενομέ-

2101 2852 2244 2899 νους,
2275 2835 2369 2888 καὶ
2392 2832 2544 2904 παρὰ
2589 2835 2655 2903 τῇ
2679 2831 3025 2886 Χαναανίτιδι
3049 2833 3090 2864 ³⁷
3122 2831 3356 2905 Βερνίκῃ
3376 2872 3390 2897 ,
3435 2831 3673 2901 ’ἰούστης

2104 2925 2332 2996 θυγατρὶ
2351 2922 2720 2986 λανθανόντως
2741 2920 3180 2988 ἐπιξενωθέντας,
3212 2921 3279 2976 τὰ
3302 2921 3440 2975 κατὰ
3462 2921 3553 2975 τὸν
3584 2921 3674 2972 Σί-

2106 3034 2259 3088 μωνα
2283 3017 2460 3071 πάντα
2480 3015 3013 3087 διερευνησαμένους,
3046 3014 3287 3087 ἀκριϐῶς
3316 3016 3521 3087 γράψαι
3558 3028 3670 3087 μοι.

2101 3108 2192 3162 Διὸ
2231 3108 2459 3179 ἐξαυτῆς
2498 3106 2795 3179 πορεύεσθε
2828 3107 2942 3177 μετ’
2972 3108 3210 3179 εἰρήνης.
3232 3108 3343 3162 Καὶ
3385 3106 3448 3178 δὴ
3479 3107 3674 3177 βαπτί-

2102 3202 2261 3267 ζοντα
2308 3199 2697 3264 καταλιπόντες
2731 3201 2910 3265 αὑτὸν,
2942 3203 3023 3265 εἰς
3063 3200 3235 3273 Τύρον
3284 3200 3385 3270 τῆς
3419 3200 3674 3271 Φοινίκης

2101 3292 2503 3366 ἐπορευόμεθα·
2542 3294 2637 3346 καὶ
2688 3293 2839 3366 παρά
2877 3295 2943 3365 τῇ
2988 3292 3361 3366 προειρημένῃ
3401 3293 3674 3347 Χαναανί-

2099 3388 2202 3441 τιδι
2260 3387 2302 3419 ³³
2338 3386 2716 3456 καταχθέντες,
2764 3388 2856 3440 καὶ
2895 3384 3148 3455 δαψιλοῦς
3176 3386 3222 3418 ⁸ο
3250 3384 3381 3455 παρ’
3418 3386 3554 3455 αὐτῇ
3586 3384 3672 3451 ξε-

2102 3487 2221 3550 νίας
2253 3484 2296 3518 δ¹
2327 3485 2421 3537 καὶ
2447 3485 2729 3555 φιλοτίμου
2750 3484 3025 3554 τυχόντες,
3052 3481 3289 3554 περὶτοῦ
3310 3482 3552 3553 Σίμωνος
3575 3480 3674 3533 αύ-

2100 3580 2226 3631 τίκα
2282 3577 2627 3647 διελεγόμεθα
2646 3593 2658 3606 ·
2689 3576 2870 3647 Σίμων
2896 3569 3049 3638 οὗτος
3089 3575 3117 3627 ὁ
3143 3573 3332 3641 Μάγος
3350 3614 3366 3640 ,
3404 3572 3669 3635 εἰπόντες,

2101 3672 2195 3725 ἐπὶ
2212 3673 2312 3743 τῆς
2343 3672 2400 3724 ἐν
2428 3669 2733 3740 Καισαρείᾳ
2771 3668 2906 3739 πρὸς
2925 3668 3015 3720 τὸν
3055 3665 3241 3737 κύριον
3278 3664 3433 3736 ἡμῶν
3468 3664 3672 3735 Πέτρον

2101 3761 2381 3835 ζητήσεως
2414 3762 2685 3831 ἡττηθεὶς,
2737 3760 2913 3829 φυγὰς
2944 3758 3177 3813 ἐνταῦθα
3204 3759 3281 3822 ὡς
3328 3754 3472 3827 εἶχεν
3513 3757 3675 3822 εὐθὺς

2099 3855 2324 3926 ἀπέδρα,
2360 3856 2453 3908 καὶ
2476 3853 2874 3925 λοιδορούμενος
2899 3853 3062 3923 αὐτῷ,
3100 3851 3547 3923 συναρπάζειτάς
3565 3850 3675 3906 τῶν

2099 3947 2479 4017 ἁπλουστέρων
2503 3946 2698 4016 ψυχάς·
2719 3948 2810 3999 καὶ
2831 3947 3003 4017 μάγος
3026 3946 3100 3999 ὢν
3124 3945 3305 4008 αὐτὸς,
3332 3945 3502 4015 μάγον
3531 3946 3675 3997 ἐκεῖ·

2099 4057 2185 4093 νον
2213 4038 2498 4092 ἀποκαλεῖυ
2527 4039 2618 4091 καὶ
2640 4037 2837 4100 πλάνος
2853 4036 2927 4090 ῶν
2946 4034 3099 4100 οὗτος
3121 4037 3210 4091 τὸν
3229 4034 3524 4089 ἀπόστολον
3543 4034 3675 4089 πλά-

2098 4147 2185 4182 νον
2204 4128 2567 4199 ἀποκηρύττει
2584 4131 2649 4161 ⁸¹ο
2673 4131 2765 4183 καί
2781 4129 2867 4183 διὰ
2879 4129 3090 4182 πάντων
3103 4129 3262 4191 αὐτὸς
3288 4128 3558 4199 ἡττηθεὶς,
3579 4126 3673 4179 καὶ

2099 4223 2240 4291 φυγῇ
2269 4219 2505 4290 αἰσχρῶς
2529 4220 2716 4273 ἐαυτὸν
2746 4221 3062 4292 ἐπιτρέψας,
3095 4220 3289 4290 φάσκει
3309 4218 3671 4290 νενικηκέναι.

2166 4311 2326 4364 XLV.
2378 4313 2441 4364 Ἥ
2462 4313 2693 4384 Βερνίκη
2740 4313 2837 4384 μὲν
2875 4308 2987 4375 οὖν,
3016 4312 3157 4365 οὕτω
3196 4312 3290 4365 καὶ
3320 4311 3456 4381 αὑτὴ
3501 4309 3674 4363 ταῦτα

436 4388 564 4442 bere
614 4397 809 4442 testata
868 4397 981 4453 est;
1010 4398 1064 4443 et
1115 4390 1323 4460 reliqua
1358 4391 1465 4445 alia
1516 4407 1611 4459 per
1667 4406 1727 4445 se
1770 4393 2036 4472 addidit.]

2104 4404 2243 4475 ἔχειν
2290 4401 2408 4457 εἷπε
2436 4406 2529 4458 καὶ
2569 4405 2733 4458 τᾶλλα
2773 4405 2827 4458 δὲ
2876 4406 3004 4476 παρ’
3031 4405 3227 4476 ἑαυτῆς
3270 4403 3338 4456 τά
3382 4402 3673 4472 λειπόμενα

438 4478 824 4533 Phantasmata
856 4479 1025 4546 enim,
1065 4482 1261 4550 inquit,
1302 4492 1591 4553 postquam
1642 4483 1690 4537 is
1734 4483 1843 4539 huc
1900 4487 1999 4539 ad-

437 4571 605 4637 venit,
628 4578 682 4625 et
704 4581 915 4640 spectra
940 4588 1003 4627 ac
1026 4575 1317 4629 simulacra
1342 4577 1583 4645 quotidie
1605 4577 1657 4630 in
1680 4578 1857 4631 medio
1883 4577 2001 4634 foro

438 4660 667 4727 faciens,
694 4670 862 4715 totam
894 4664 1256 4733 obstupefacit
1289 4666 1600 4721 civitatem:
1640 4667 1688 4699 ⁸⁸
1714 4684 1839 4722 nam
1888 4678 2001 4724 sta-

439 4764 546 4808 tua:
591 4754 809 4823 quidem
866 4765 1156 4810 moventur
1176 4758 1397 4825 quando
1443 4759 1559 4827 ipse
1589 4760 1913 4828 pertransit;
1946 4769 2001 4814 et

438 4863 572 4903 vero
602 4862 743 4917 saepe
780 4848 986 4903 umbrae
1013 4851 1061 4903 ei
1095 4862 1357 4919 praeeunt,
1384 4868 1521 4922 quas
1546 4864 1600 4906 et
1620 4853 1999 4911 defunctorum

440 4940 654 4995 animas
685 4940 948 4994 nominat.
982 4940 1181 4997 Multos
1212 4957 1375 5011 porro
1408 4944 1502 5012 qui
1535 4959 1657 4997 eum
1702 4946 2003 5017 praestigia-

442 5046 612 5091 torem
639 5035 920 5102 dicebant,
947 5051 1070 5090 cum
1095 5046 1281 5105 postea
1306 5038 1371 5091 ad
1397 5039 1701 5093 convivium
1733 5049 2000 5104 vocasset,

438 5136 494 5182 et
519 5128 711 5181 bovem
758 5137 1081 5193 mactasset,
1136 5129 1377 5198 ipsisque
1432 5130 1485 5183 in
1512 5146 1693 5185 escam
1721 5132 1955 5187 dedisset
1985 5151 1999 5199 ;

440 5219 609 5274 variis
641 5219 846 5275 morbis
870 5220 1170 5288 implicuit;
1216 5230 1378 5290 atque
1410 5208 1685 5277 daemones
1712 5223 1792 5277 eis
1823 5223 2004 5277 immi-

437 5311 542 5365 sit:
577 5311 631 5365 in
656 5326 890 5379 summa,
926 5311 1125 5368 multos
1161 5312 1465 5383 afﬂigendo,
1504 5312 1638 5368 deus
1668 5329 1787 5370 esse
1815 5316 2003 5371 existi-

2105 4496 2431 4567 προσετίθει.
2472 4496 2831 4568 Φαντάσματα
2858 4496 2985 4567 γὰρ,
3021 4495 3145 4565 ἔφη,
3191 4495 3325 4567 μετά
3350 4492 3412 4547 τὸ
3432 4492 3557 4564 τῇδε
3579 4492 3675 4545 αὺ-

2102 4588 2194 4642 τὸν
2220 4588 2521 4658 ἐπιστῆναι,
2559 4587 2654 4639 καὶ
2686 4587 2977 4658 ἰνδάλματα
3010 4587 3131 4639 καθ’
3166 4586 3402 4657 ἑκάστην
3433 4587 3492 4638 ὲν
3534 4585 3675 4658 μέσῃ

2104 4684 2169 4752 τῇ
2206 4681 2379 4752 ἀγορᾷ
2403 4680 2589 4745 ποιῶν,
2619 4681 2798 4732 πᾶσαν
2822 4679 3109 4750 ἐκπλήττει
3141 4679 3239 4750 τὴν
3272 4677 3427 4731 πόλιν
3446 4695 3459 4707 ·
3484 4677 3561 4741 ὡς
3583 4680 3675 4731 ἀν·-

2103 4772 2352 4843 δριάντας
2385 4772 2480 4843 μὲν
2504 4771 2666 4824 αὑτοῦ
2698 4770 3042 4843 διερχομένου
3086 4768 3366 4833 κινεῖσθαι,
3394 4769 3487 4821 καί⁵
3517 4768 3675 4831 σκιὰς

2105 4866 2363 4929 πολλάκις
2388 4865 2436 4895 ’⁵⁵
2469 4864 2631 4917 αὐτοῦ
2701 4863 3080 4936 προηγεῖσθαι,
3143 4861 3209 4925 ἃς
3274 4862 3368 4914 καὶ
3421 4860 3530 4914 τῶν
3583 4878 3674 4914 τε-

2104 4958 2376 5030 θνηκότων
2425 4957 2602 5028 ψυχὰς
2644 4957 2805 5019 αὐτὸς
2845 4957 3116 5027 ὀνομάζει.
3149 4953 3381 5017 Πολλοὺς
3425 4953 3483 5007 δὲ
3513 4952 3673 5007 αὐτὸν

2104 5052 2197 5102 καὶ
2229 5051 2396 5119 γόητα
2425 5050 2698 5117 λέγοντας,
2722 5048 2946 5118 ὕστερον
2973 5049 3051 5110 εἰς
3078 5046 3308 5115 εὐωχίαν
3324 5044 3481 5115 δῆθεν
3510 5044 3672 5097 καλέ-

2106 5156 2222 5203 σας,
2250 5138 2375 5209 βοῦν
2405 5157 2463 5192 τε
2504 5139 2688 5201 θύσας,
2718 5140 2811 5192 καὶ
2839 5139 3030 5200 αὐτοὺς
3076 5137 3350 5201 ἑστιάσας,
3397 5136 3673 5205 διαφόροις

2104 5231 2391 5303 περιέϐαλε
2414 5231 2605 5294 νόσοις.
2631 5232 2742 5286 Καὶ
2770 5232 3025 5301 δαίμονας
3047 5230 3102 5282 δὲ
3128 5230 3310 5293 αὐτοῖς
3338 5230 3498 5300 ἐνῆκε
3518 5246 3531 5258 ·
3581 5226 3670 5280 κά

2102 5323 2239 5387 ὅλως
2270 5324 2498 5387 πολλοὺς
2525 5323 2798 5389 κακώσας,
2839 5323 2957 5387 θεὸς
2988 5317 3127 5378 εἶναι
3154 5322 3479 5394 νενόμισται.
3515 5320 3669 5374 Ὅθεν

1698 5434 1930 5488 ἾΑΗΙᾹΞ
1970 5437 2094 5497 LEC
2103 5438 2371 5497 TIO‘JES.

510 5524 555 5555 ³⁸
594 5522 715 5579 Rec.
769 5527 802 5579 Ι.
864 5545 944 5592 III,
1004 5529 1175 5591 0.65,
1214 5538 1317 5583 etc.

441 5606 490 5669 ο.
527 5595 736 5669 I,etc.__
783 5598 823 5630 ³⁸
865 5600 933 5653 al.
974 5600 1300 5653 Χανανίτιδι.
1379 5601 1423 5638 ιο
1466 5599 1533 5652 aI.
1574 5599 1836 5669 δαψιλῶς.

449 5664 660 5731 irenus,
694 5665 1048 5739 Nicepliorus.
1098 5674 1143 5707 “
1182 5672 1250 5725 al.
1288 5670 1505 5735 πολλὰςο

1421 5530 1465 5562 ³⁸
1506 5524 1748 5583 Clement.
1780 5532 1925 5585 hom.
1957 5548 2099 5597 Iu,c.
2124 5535 2210 5597 72.
2244 5548 2343 5592 etc.
2421 5539 2465 5571 ³⁷
2505 5539 2574 5593 al.
2616 5539 2938 5593 Χανανίτιδι.

3043 5540 3087 5571 ³⁸
3135 5532 3385 5593 Clement.
3419 5538 3563 5591 hom.
3596 5553 3662 5601 IV,

1932 5604 1975 5633 “
2031 5604 2189 5667 Deest
2215 5608 2266 5664 in
2300 5609 2371 5663 al.
2461 5610 2504 5642 ⁸³
2533 5610 2602 5663 al.
2645 5610 3028 5681 ἀνακηρύττει.
3117 5610 3162 5649 ⁸³
3200 5609 3539 5673 Anastasius,
3574 5608 3665 5661 (Συ-
