4022 6336
323 299 428 358 505

1107 289 1568 350 CLEMENTINA.
1606 319 1675 330 —-
1708 285 2014 345 ΕΡΙἸὈΜΕ
2048 286 2139 342 DE
2175 285 2419 344 GESTIS
2447 286 2504 342 S.
2544 286 2769 343 PETRI.

3454 289 3559 347 506

319 416 419 475 οὐκ
438 418 622 489 οῐομαι
668 415 987 489 δυνήσεσθαί
1023 434 1167 482 τινα,
1196 415 1447 471 τοσοῦτον
1488 413 1600 487 π’ύρ
1656 412 1894 483 ἀναφθὲν

1996 419 2178 468 matus
2213 419 2317 469 est.
2359 410 2628 479 Quocirca
2662 426 2771 468 non
2798 419 2931 481 puto
2976 421 3307 482 quemquam
3359 406 3562 463 valitu-

319 508 677 566 κατασϐέσαι.
724 509 815 564 Διὸ
856 510 952 564 τοῦ
995 511 1070 583 μὴ
1111 509 1441 564 κινδυνεύειν
1489 508 1633 578 ὑμᾶς
1661 507 1706 539 ⁸⁸
1734 505 1895 576 χάριν

320 602 643 676 παρακαλῶ,
677 602 840 674 μηδὲν
883 604 1240 675 ἐγχειρήσητε
1264 600 1401 674 πρὸς
1444 600 1626 666 αὐτὸν,
1672 598 1802 671 πρὶν
1828 598 1893 653 ἂν

314 699 348 751 δ
397 696 695 759 ἀπόστολος
744 696 950 768 Πέτρος
997 695 1282 767 ἀφίκηται,
1319 695 1379 759 ὃς
1407 695 1502 749 τοῦ
1545 692 1754 765 Κυρίου
1800 695 1894 748 καὶ

314 786 453 843 Θεοῦ
476 788 631 860 ἡμῶν
669 786 841 860 Ἰησοὸ
863 787 1098 859 Χριστοῦ
1123 787 1488 858 δοκιμώτατος
1512 785 1771 859 ὑπάρχων
1792 804 1895 857 μα-

315 880 507 951 θητὴς,
557 881 841 952 δυνήσεται
882 879 1041 952 μόνος
1089 878 1224 952 πρὸς
1265 879 1532 950 τοσαύτην
1579 877 1893 931 δυναστείαν

311 971 806 1040 ἀνταγωνίσασθαι.

383 1061 570 1118 XLVI.
597 1062 780 1117 Ταῦτα
805 1063 908 1134 τῆς
933 1063 1197 1135 Βερνίκης
1232 1061 1511 1134 εἰπούσης,
1535 1064 1697 1134 ἡμεῖς
1724 1060 1892 1116 ἐωθεν

309 1154 493 1209 πάντα
512 1153 582 1207 τά
605 1153 745 1207 κατά
768 1154 861 1207 τὸν
889 1154 1106 1226 Σίμωνα
1136 1154 1463 1226 γράψαντες,
1486 1155 1567 1218 είς
1594 1152 1895 1225 περίπατον

308 1245 683 1318 ἐτραπόμεθα.
705 1246 813 1300 Kal
825 1246 888 1318 δὴ
900 1246 994 1300 καὶ
1008 1246 1251 1301 Ἀππίων
1266 1247 1479 1319 ὑπαντᾷ
1491 1249 1523 1319 ή
1531 1249 1620 1319 μῖν
1638 1246 1756 1319 μεθ’
1774 1246 1893 1300 ἐτέ-

310 1355 426 1410 ρων
438 1337 748 1405 τριάκοντα,
768 1337 1011 1391 Ἀππίων
1040 1339 1263 1404 ἐκεῖνος,
1278 1332 1338 1393 οὐ
1365 1337 1599 1410 πρόσθεν
1625 1337 1896 1409 ἐμνήσθη-

311 1446 437 1499 μεν.
473 1429 584 1481 Kal
597 1428 714 1499 ἀμα
724 1428 801 1499 τῷ
818 1428 941 1483 ἰδεῖν
962 1446 1050 1500 με,
1067 1428 1509 1503 προσαγορεύσας
1525 1446 1587 1483 τε
1612 1430 1705 1483 καὶ
1728 1447 1894 1483 κατα-

309 1516 680 1588 σπασάμενος·
710 1512 875 1582 Οὐτός
896 1520 1014 1573 ἐστι
1036 1521 1281 1593 Κλήμης,
1311 1519 1413 1591 ἔφη
1433 1521 1545 1583 τοῖς
1570 1520 1686 1589 μετ’
1707 1518 1891 1585 αὐτοῦ,

308 1608 441 1678 περὶ
455 1607 549 1662 τοῦ
579 1620 605 1649 ι
638 1608 802 1664 πολὺν
831 1610 889 1663 ἐν
917 1610 1167 1683 εὐγενείᾳ
1190 1628 1251 1665 τε
1271 1611 1364 1665 καὶ
1388 1609 1893 1683 τρόπωνῦευθερίᾳ

307 1698 450 1771 πρὸς
472 1700 617 1770 ὑμᾶς
644 1700 940 1774 ἐποιούμην
966 1701 1124 1771 λόγον
1142 1718 1157 1733 ο
1179 1703 1259 1756 ὅτι
1278 1701 1417 1774 ἀνὴρ
1442 1702 1599 1772 γένος
1610 1720 1671 1756 τε
1687 1703 1761 1757 ὢν
1783 1703 1892 1757 ἀπὸ

305 1790 591 1862 Καίσαρος
634 1791 908 1863 Τιϐερίου,
945 1795 1039 1847 xal
1075 1795 1255 1847 πᾶσαν
1288 1793 1602 1867 Ἑλληνικὴν
1643 1794 1889 1850 παιδείαν

304 1881 701 1953 ἐξησκημένος,
742 1883 846 1937 ὐπὸ
878 1883 1153 1957 βαρϐάρου
1194 1884 1339 1949 τινὸς
1378 1885 1477 1957 τὴν
1516 1886 1888 1959 προσηγορίαν

305 1971 542 2045 Πέτρου,
570 1974 638 2027 τὰ
666 1974 1005 2047 Χριστιανῶν
1034 1979 1204 2031 ποιεῖν
1242 1977 1336 2030 καὶ
1374 1976 1551 2046 λέγειν
1590 1978 1885 2049 ήπάτηται.

308 2064 469 2120 Ὅθεν
499 2066 657 2133 ἀξιῶ,
684 2070 1121 2139 συναγωνίσασθέ
1150 2088 1237 2141 μοι
1258 2068 1393 2142 πρὸς
1413 2070 1511 2143 τὴν
1531 2070 1717 2125 τούτου
1747 2071 1890 2145 διόρ-

305 2155 490 2211 θωσιν.
510 2157 626 2228 Ἐφ’
654 2158 808 2231 ὑμῶν
843 2160 949 2232 γὰρ
976 2161 1138 2215 αὐτοῦ
1171 2161 1530 2232 πυνθάνομαι,
1561 2163 1655 2217 καὶ
1682 2162 1888 2232 λεγέτω

306 2262 399 2317 μοι
427 2262 439 2274 '
475 2246 663 2318 ἐπειδὴ
709 2246 847 2319 πρὸς
888 2248 949 2300 τὸ
990 2248 1233 2302 εὐσεϐεῖν
1275 2250 1465 2304 ἐαυτὸν
1495 2251 1887 2305 ἀποδεδωκέναι

304 2335 538 2409 νομίζει,
574 2338 691 2402 πῶς
718 2338 839 2409 οὐχὶ
873 2339 967 2393 καλ⁵
1002 2339 1071 2393 τὰ
1101 2340 1330 2412 μέγιστα
1360 2341 1563 2407 ἀσεϐεῖ,
1587 2342 1656 2397 τά
1682 2343 1888 2415 πάτρια

306 2430 407 2501 μὲν
446 2429 781 2497 καταλιπὼν,
809 2431 1105 2497 ἀποκλίνας
1146 2432 1202 2488 δέ
1238 2435 1317 2498 είς
1356 2432 1457 2506 ἔθη
1499 2434 1749 2507 βάρϐαρα
1792 2436 1886 2491 καὶ

304 2521 591 2577 ἀλλόκοτα.

375 2691 585 2748 XLVII.
600 2691 772 2763 Κάγὼ
786 2692 922 2765 πρὸς
937 2692 1117 2749 αὐτόν’
1134 2694 1245 2767 Τὴν
1262 2695 1358 2766 μὲν
1374 2696 1509 2768 πρὸς
1521 2696 1621 2769 ἐμέ
1639 2716 1753 2763 σου,
1780 2718 1885 2773 φη..

305 2787 388 2859 μὶ,
420 2787 632 2860 ἀγαθὴν
660 2788 975 2860 προαίρεσιν
1008 2788 1338 2859 ἀποδέχομαι
1356 2805 1370 2819 ’
1391 2788 1490 2860 τὴν
1525 2790 1581 2844 δὲ
1609 2792 1884 2861 ἀγνωσίαν

303 2881 653 2952 ἀποσείομαι.
672 2882 736 2935 Ἦ
752 2882 849 2954 μὲν
871 2880 980 2953 γὰρ
995 2880 1310 2952 προαίρεσις
1322 2881 1519 2952 ἀγαθή,
1533 2883 1721 2958 ὅτιπερ
1734 2887 1789 2939 ἐν
1801 2881 1884 2952 οἷς

301 2974 478 3038 δοκεῖς
506 2972 711 3038 καλοῖς,
740 2974 797 3027 ἐν
828 2971 1037 3036 τούτοις
1062 2967 1199 3025 εἷναί
1229 2990 1295 3045 με
1322 2972 1494 3039 θέλεις
1510 2990 1524 3006 ⁶
1545 2977 1579 3046 ἡ
1600 2974 1656 3030 δὲ
1681 2976 1883 3046 γνῶσις

303 3066 402 3119 οὐκ
450 3063 631 3137 ὀρθῶς
682 3063 901 3134 ἔχουσα,
936 3063 1208 3134 προφάσει
1240 3063 1348 3135 γάρ
1387 3065 1566 3135 φιλίας
1602 3066 1884 3133 λανθάνεις

1996 518 2118 560 rum
2143 504 2483 574 exstinguere
2499 511 2709 557 tantum
2733 502 2907 573 ignem
2929 516 3241 558 accensum.
3265 498 3465 565 Quare,
3495 513 3559 553 ea

1994 595 2169 669 gratia
2198 604 2259 651 ut
2297 610 2398 650 vos
2426 594 2483 649 in
2519 593 2822 665 periculum
2849 608 2956 646 non
2988 593 3239 655 veniatis,
3279 592 3468 646 hortor
3490 603 3561 643 ne

1992 685 2292 756 quidquam
2335 686 2599 741 adversus
2630 698 2754 739 eum
2797 683 3046 750 tentetis,
3084 693 3377 752 antequam
3422 694 3557 750 apo-

1993 778 2169 834 stolus
2198 776 2391 834 Petrus
2412 776 2640 843 venerit,
2655 775 2771 846 qui,
2798 773 3011 829 Domini
3029 790 3094 830 ac
3119 773 3213 829 Dei
3239 772 3408 829 nostri
3430 771 3561 827 Jesu

1993 868 2197 925 Christi
2228 867 2647 939 probatissimus
2675 866 2999 936 discipulus,
3027 866 3226 937 poterit
3250 865 3401 921 solus
3425 880 3561 920 con-

1992 971 2076 1018 tra
2101 970 2307 1016 tantam
2340 959 2637 1030 potentiam
2665 958 2949 1015 dimicare.

2063 1051 2248 1108 XLVI.
2289 1054 2385 1107 uis
2432 1066 2462 1106 a
2510 1050 2770 1106 Berenice
2801 1050 2982 1118 dictis,
3027 1063 3132 1104 nos
3162 1061 3321 1103 mane
3367 1056 3563 1101 cuncta

1994 1143 2063 1200 de
2113 1142 2339 1201 Simone
2381 1157 2505 1197 cum
2550 1141 2987 1212 scripsissemus,
3024 1139 3094 1195 ad
3135 1137 3561 1193 ambulationem

1995 1234 2363 1292 convertimus
2391 1232 2643 1305 gradum.
2673 1231 2741 1287 Et
2771 1232 3035 1287 continuo
3052 1230 3262 1301 Appion
3288 1244 3411 1283 cum
3440 1228 3564 1284 aliis

1992 1326 2216 1397 triginta
2240 1324 2486 1381 occurrit
2514 1310 2695 1389 nobis,
2724 1320 2940 1392 Appion
2977 1320 3045 1387 is,
3074 1319 3233 1389 cujus
3262 1328 3388 1374 ante
3410 1332 3565 1372 men-

1994 1419 2197 1473 tionem
2229 1416 2480 1473 fecimus.
2505 1415 2586 1471 Ac
2606 1413 2773 1470 simul
2808 1422 2970 1483 atque
2995 1428 3081 1467 me
3114 1412 3269 1478 vidit,
3315 1410 3565 1466 salutans

1994 1526 2060 1567 ac
2102 1510 2403 1577 osculatus,
2444 1508 2542 1564 llic
2575 1516 2679 1575 est,
2710 1506 2787 1561 ait
2831 1503 2942 1559 illis
2991 1503 3084 1573 qui
3132 1518 3257 1558 cum
3291 1516 3358 1557 eo
3384 1509 3560 1566 erant,

1993 1602 2267 1668 Clemens,
2296 1600 2363 1655 de
2403 1614 2513 1669 quo
2544 1598 2781 1652 multum
2810 1596 2876 1651 ad
2904 1610 2999 1650 vos
3031 1607 3338 1649 sermonem
3370 1590 3560 1657 habui,

1995 1694 2061 1749 de
2093 1693 2243 1747 illius
2289 1691 2569 1746 nobilitate
2612 1703 2677 1743 ac
2724 1686 2969 1742 moribus
3017 1682 3370 1751 liberalibus;
3412 1679 3560 1752 quod

1922 1766 1966 1826 Β
1993 1784 2098 1851 vir,
2127 1800 2195 1839 ex
2211 1798 2407 1855 genere
2428 1780 2631 1835 Tiberii
2651 1779 2903 1841 Caesaris.
2920 1786 2973 1832 et
2990 1776 3045 1831 in
3075 1774 3225 1831 omni
3257 1773 3443 1830 Graeca
3472 1773 3560 1829 di-

1992 1872 2221 1942 sciplina
2262 1870 2611 1936 exercitatus,
2659 1884 2689 1923 a
2740 1866 2975 1922 barbaro
3010 1865 3246 1936 quodam
3274 1863 3368 1934 qui
3396 1878 3562 1919 voca-

1993 1970 2082 2018 tur
2111 1962 2325 2029 Petrus,
2354 1961 2547 2016 fraude
2569 1959 2881 2029 compulsus
2915 1966 3061 2013 esset
3107 1957 3173 2011 ad
3223 1955 3560 2027 peragendos

1991 2068 2057 2109 ac
2087 2053 2463 2123 praedicandos
2492 2051 2935 2107 Christianorum
2984 2051 3141 2104 ritus.
3180 2046 3358 2115 Quare
3403 2061 3560 2117 rogo,

1991 2146 2243 2217 adjuvate
2272 2160 2360 2201 me
2403 2145 2457 2200 in
2504 2145 2597 2200 illo
2643 2142 2987 2212 corrigendo.
3018 2140 3153 2195 Nam
3190 2154 3376 2195 coram
3406 2140 3563 2194 vobis

1989 2246 2113 2289 eum
2149 2233 2458 2303 interrogo;
2485 2248 2551 2288 ac
2581 2233 2905 2303 respondeat
2933 2231 3090 2298 mihi,
3116 2229 3559 2301 quandoquidem

1990 2323 2288 2378 arbitratur
2318 2324 2467 2393 quod
2497 2339 2556 2379 se
2597 2333 2657 2377 ut
2703 2324 2954 2392 pietatem
2992 2321 3217 2390 coleret,
3247 2320 3557 2389 dediderit,

1988 2430 2099 2486 quo
2128 2415 2290 2471 modo
2334 2430 2443 2470 non
2483 2424 2539 2471 et
2582 2415 2819 2470 maxime
2861 2414 3064 2485 impius
3103 2413 3197 2481 sit,
3224 2414 3318 2484 qui
3353 2413 3563 2485 patrios

1985 2506 2357 2579 dereliquerit,
2402 2507 2755 2562 declinaverit
2799 2520 2927 2561 vero
2970 2506 3037 2560 ad
3081 2505 3346 2562 barbaros
3394 2515 3575 2576 atque-

1986 2598 2197 2654 alienos
2226 2606 2281 2653 et
2310 2607 2653 2654 monstrosos
2683 2612 2885 2654 mores.

2054 2688 2265 2745 XLVII.
2303 2689 2371 2745 Et
2397 2706 2499 2759 ego
2527 2690 2595 2745 ad
2624 2689 2777 2745 illurn
2813 2688 3029 2745 :Tuam
3073 2682 3295 2759 quidem
3341 2688 3394 2743 in
3447 2704 3556 2752 tne.

1985 2781 2233 2851 inquam,
2264 2783 2583 2852 praeclaram
2615 2782 2974 2849 voluntatem,
3022 2788 3301 2850 acceptam
3341 2781 3556 2849 habeo;

1985 2882 2042 2928 at
2072 2874 2471 2945 ignorationem
2499 2874 2752 2928 amolior.
2789 2871 3011 2929 Scilicet
3044 2873 3306 2943 praeclara
3333 2873 3556 2944 quidem

1984 2968 2237 3022 voluntas
2284 2975 2388 3033 est,
2420 2966 2551 3021 dum
2595 2967 2650 3020 in
2680 2966 2770 3033 iis,
2794 2981 2916 3036 quae
2954 2966 3052 3020 tibi
3096 2965 3239 3020 bona
3280 2965 3556 3032 videntur,

1986 3073 2074 3112 me
2096 3057 2301 3112 versari
2331 3057 2486 3127 cupis
2512 3073 2526 3109 :
2559 3072 2747 3111 verum
2778 3057 3016 3127 cognitio
3049 3072 3158 3111 non
3202 3066 3346 3113 recte
3371 3057 3555 3128 habet;

302 3157 437 3230 πρὸς
486 3136 704 3227 ἀπάτην
745 3157 893 3227 ἡμᾶς
930 3154 1341 3227 ἐκκαλούμενος.
1387 3157 1498 3211 Kal
1546 3158 1574 3212 ὁ
1619 3159 1880 3215 Ἀππίων·

1986 3146 2205 3218 ignoras
2234 3148 2378 3203 enim
2416 3148 2558 3219 quod
2583 3157 2845 3219 praetextu
2881 3148 3157 3215 amicitiae,
3186 3164 3288 3205 nos
3316 3149 3372 3204 in
3403 3149 3555 3207 frau-

301 3250 515 3304 Οὐκοῦν
544 3250 789 3319 ἀγνωσία
827 3266 909 3302 σοι
936 3250 1081 3303 δοκεῖ
1111 3248 1179 3302 τά
1201 3249 1425 3321 πάτρια,
1458 3250 1560 3323 ἔφη
1582 3251 1646 3317 ⁸⁸,
1685 3252 1885 3322 φυλάτ-

298 3357 482 3405 τοντα,
531 3342 603 3394 τὰ
640 3340 906 3411 Ἑλλήνων
948 3343 1200 3411 φρονεῖν;
1246 3340 1451 3409 Κάγώο
1496 3342 1601 3396 Τδν
1644 3342 1884 3399 εὐσεϐεῖν

301 3432 704 3505 προῃρημένον,
734 3430 1135 3503 ἀπεκρινάμην,
1168 3432 1228 3485 οὐ
1258 3433 1475 3496 πάντως
1500 3433 1789 3504 φυλάσσειν
1816 3436 1886 3491 τὰ

299 3524 506 3595 πάτρια
539 3524 650 3577 δεῖ·
693 3522 827 3577 ἀλλά
855 3522 1149 3593 φυλάσσειν
1179 3524 1407 3595 μὲν,ἐάν
1502 3524 1716 3597 εὐσεϐῆ,
1745 3527 1886 3580 ἀπο-

299 3617 544 3670 σείεσθαι
580 3616 656 3681 δέ,
696 3616 771 3687 μὴ
810 3615 981 3681 οὕτως
1024 3616 1232 3687 ἔχοντα.
1267 3618 1566 3689 Ἐνδέχεται
1618 3620 1726 3691 γάρ
1764 3638 1885 3675 τινα

298 3708 507 3780 πατρὸς
531 3706 757 3772 ἀσεϐοῦς
770 3707 813 3740 ⁸⁷
847 3708 996 3771 ὄντα,
1028 3709 1121 3761 καὶ
1160 3708 1480 3781 βουλόμενον
1514 3711 1776 3777 εὐσεϐεῖν,
1809 3713 1885 3785 μὴ

295 3800 363 3855 τὰ
391 3800 490 3854 τοῦ
513 3800 720 3872 πατρὸς
736 3799 938 3853 ἐθέλειν
962 3801 1262 3871 μιμεῖσθαι,
1286 3803 1380 3854 καὶ
1400 3805 1520 3856 κατ’
1539 3802 1683 3873 ῖχνος
1704 3804 1885 3869 αὐτοῖς

296 3890 545 3943 ἕπεσθαι.
569 3889 678 3943 Kal
705 3890 733 3941 ὁ
760 3889 1005 3943 ’Δππίων
1025 3908 1036 3920 ο
1058 3888 1121 3943 Τί
1148 3886 1269 3955 οὖν;
1294 3891 1385 3944 τὸν
1414 3892 1505 3946 σὺν
1534 3894 1747 3966 πατέρα
1777 3896 1885 3965 φῂς

295 3981 393 4034 οὐκ
419 3978 631 4047 ἀγαθοῦ
656 3979 936 4048 γεγονέναι
966 3979 1116 4050 βίου;
1159 3980 1329 4049 Κάγὼ
1363 3982 1517 4054 ἔφην,
1548 3985 1629 4037 ὅτι
1651 4002 1664 4015 '
1696 3985 1883 4040 Κακοῦ

301 4074 392 4142 μὲν
420 4072 586 4125 αὐτὸν
618 4072 717 4125 οὐκ
744 4070 810 4124 ἀν
844 4071 1075 4141 εἴποιμι,
1106 4072 1245 4145 πλὴν
1282 4074 1362 4127 ὅτι
1394 4078 1506 4139 τοῖς
1535 4076 1754 4145 ψευδέσι
1792 4080 1885 4133 καὶ

296 4167 483 4226 κακοῖς
522 4162 630 4214 τῶν
667 4161 928 4232 Ἑλλήνων
955 4164 1204 4217 ἐπίστευε
1230 4165 1437 4236 μύθοις.
1474 4169 1583 4221 Kal
1617 4171 1695 4233 ὅς’
1729 4171 1885 4235 Τίνες

293 4254 340 4305 οἱ
374 4253 537 4325 μῦθοι
568 4247 747 4317 οὐτοι;
775 4255 956 4325 φησίν.
988 4254 1126 4324 Ἐγὼ
1156 4256 1212 4309 δὲ
1240 4256 1542 4313 ὑπολαϐών·
1571 4262 1634 4314 Ἠ
1647 4264 1773 4334 περὶ
1793 4264 1884 4318 τὸν

294 4342 439 4408 Θεὸν,
479 4338 654 4407 εἷπον,
696 4343 791 4397 οὐκ
828 4344 962 4416 ὀρθὴ
993 4346 1228 4418 δόκησις,
1258 4348 1324 4419 ἢν
1364 4349 1459 4403 ἐὰν
1504 4354 1881 4427 μκροθυμῇς,

296 4436 429 4505 μετά
453 4434 567 4488 τῶν
595 4433 770 4489 ἄλλων
801 4437 1009 4511 ἀκούσῃ
1033 4438 1341 4511 φιλομαθῶν
1355 4442 1420 4497 ⁸⁸.

343 4623 577 4680 XLVIII.
595 4626 683 4678 Διὸ
696 4626 803 4697 πρὸ
814 4626 922 4679 τῶν
942 4626 1221 4696 διαλόγων,
1236 4631 1313 4694 είς
1333 4632 1455 4684 τινὰ
1468 4631 1688 4687 πλείονα
1702 4653 1869 4706 παρε-

289 4713 517 4784 χόμενον
532 4713 759 4785 ἡσυχίαν
775 4716 1031 4788 ὐποχωρή
1041 4735 1219 4790 σωμεν
1239 4720 1421 4776 τόπον.
1445 4724 1554 4776 Kal
1572 4724 1635 4795 δὴ
1651 4727 1867 4797 προῖόν-

287 4824 375 4869 τες
408 4806 542 4860 ἔνθα
577 4807 833 4876 ναμάτων
859 4804 926 4879 ἦν
957 4808 1180 4880 ψυχρῶν
1224 4812 1437 4885 καθαρὰ
1473 4815 1738 4887 ῥεύματα,
1774 4819 1867 4872 καὶ

288 4893 520 4965 δένδρων
555 4897 822 4950 παντοίων
864 4898 1103 4970 χλοερῶν
1150 4900 1338 4972 τέρψις
1367 4903 1432 4966 ⁸9,
1476 4905 1864 4977 ἐκαθεζόμεθα.

302 4987 452 5039 Ἐπεὶ
486 4987 543 5040 δὲ
583 4989 779 5053 πάντες
809 4985 948 5061 ἦσαν
981 4991 1215 5063 δρῶντες
1236 4995 1440 5060 ἀτενῶς
1470 4998 1550 5061 εἰς
1584 4998 1862 5069 ἐμὲ,ούτω

287 5077 380 5129 τοῦ
412 5078 550 5149 πρὸς
582 5080 776 5143 αὐτοὺς
806 5079 1048 5152 ἄρχομαι
1081 5082 1260 5151 λόγου.

344 5168 733 5243 ’Χι1Χ.Πολ).ή
763 5190 864 5236 τις,
892 5166 937 5226 ὧ
956 5172 1167 5245 ἄνδρες,
1194 5176 1424 5251 διαφορά
1445 5179 1700 5251 τυγχάνει
1730 5182 1863 5255 άλη-

292 5260 439 5326 θείας
468 5280 528 5315 τε
556 5264 650 5316 καὶ
676 5263 1185 5347 συνηθείαςηΟἱμὲν
1203 5269 1310 5341 γὰρ
1321 5270 1428 5324 τῶν
1459 5271 1724 5344 Ἑλλήνων
1735 5275 1863 5329 πολ-

291 5354 413 5417 λοὺς
450 5355 607 5418 θεοὺς
649 5357 850 5420 κακοὺς
890 5360 982 5411 καὶ
1014 5360 1339 5426 πολυπαθεῖς
1371 5367 1659 5438 ἡγήσαντο,
1694 5369 1780 5422 ἵνα
1811 5370 1862 5424 οἱ

301 5445 357 5498 ιὰ
380 5448 537 5515 ὅμοια
555 5447 811 5517 πράττειν
828 5447 1089 5515 θέλοντες,
1103 5451 1338 5518 ἐκείνους
1369 5456 1532 5525 ἔχωσι
1562 5458 1656 5512 τοῦ
1689 5460 1862 5514 κακοῦ

368 5546 395 5575 ι
419 5535 560 5609 Lege
589 5540 715 5610 περὶ
732 5537 815 5591 οὗ.
847 5538 1004 5596 Ευιτ.
1033 5541 1277 5604 Parnm.

1982 3240 2104 3296 dem
2128 3255 2309 3296 voces.
2336 3239 2401 3296 Et
2424 3241 2637 3311 Appion
2670 3258 2683 3294 :
2711 3238 2851 3295 Num
2881 3256 3012 3311 ergo
3042 3241 3311 3313 ignoratio
3339 3241 3437 3296 tibi
3468 3242 3554 3297 vi-

1982 3331 2160 3400 detur,
2192 3333 2391 3402 inquit,
2423 3333 2629 3403 patrios
2673 3333 2812 3390 ritus
2851 3334 3144 3399 servando,
3176 3349 3307 3391 cum
3346 3333 3552 3393 Graecis

1981 3424 2315 3481 sentire?Ad
2344 3441 2466 3495 quae
2493 3440 2595 3497 ego
2626 3425 2885 3495 respondi
2919 3423 3056 3492 :Qui
3081 3426 3242 3482 vitam
3274 3426 3361 3497 pie
3392 3443 3555 3498 agere

1980 3519 2192 3585 statuit,
2223 3533 2330 3572 non
2362 3518 2693 3575 omnimodis
2722 3519 2882 3574 debet
2922 3520 3096 3588 patria
3144 3519 3393 3576 instituta
3434 3537 3557 3577 ser-

1981 3624 2145 3677 vare;
2180 3610 2273 3666 sed
2304 3624 2524 3664 servare
2544 3609 2788 3678 quidem,
2806 3610 2853 3665 si
2880 3611 2968 3679 pia
2998 3610 3386 3680 sint,abjicere
3403 3628 3554 3681 vero,

1982 3701 2032 3758 si
2075 3702 2151 3757 ita
2200 3717 2259 3757 se
2308 3717 2416 3756 non
2452 3701 2708 3756 habeant.
2742 3699 2861 3757 Usu
2901 3702 3046 3756 enim
3090 3702 3277 3757 venire
3308 3704 3464 3771 solet,
3495 3714 3556 3760 ut

1983 3792 2183 3863 aliquis
2208 3801 2359 3863 patre
2388 3791 2557 3862 impio
2594 3798 2781 3860 natus,
2808 3800 2863 3847 et
2891 3793 3080 3849 volens
3107 3794 3289 3849 vivere
3310 3795 3416 3864 pie,
3448 3810 3554 3849 no-

1982 3886 2047 3939 lit
2070 3884 2240 3954 patris
2270 3899 2452 3939 mores
2490 3883 2714 3951 imitari,
2743 3899 2949 3954 eosque
2979 3885 3046 3939 ad
3076 3885 3364 3956 vestigium
3412 3901 3551 3942 con-

1983 3974 2203 4032 sectari.
2239 3974 2321 4029 Ad
2348 3974 2464 4029 haec
2494 3974 2708 4044 Appion
2736 3998 2749 4032 :
2776 3973 2917 4042 Quid
2962 3976 3128 4046 ergo?
3156 3986 3364 4046 patrem
3397 3987 3549 4034 tuum

1983 4066 2066 4121 ais
2093 4081 2200 4121 non
2230 4066 2372 4121 bona
2404 4066 2514 4121 vita
2542 4065 2733 4123 fuisse.
2778 4066 3051 4138 Respondi
3083 4084 3182 4139 ego
3210 4087 3223 4122 :
3252 4068 3390 4124 Mala
3422 4072 3549 4140 qui-

1982 4156 2105 4213 dem
2135 4174 2260 4212 eum
2289 4158 2396 4212 vita
2436 4158 2609 4213 fuisse
2636 4175 2745 4213 non
2780 4160 3049 4225 dixerim;
3088 4160 3192 4215 nisi
3220 4160 3549 4231 quodofalsis

1982 4264 2048 4304 ac
2079 4249 2261 4319 pravis
2293 4248 2603 4305 Graecorum
2646 4250 2846 4308 fabulis
2877 4252 3068 4307 habuit
3100 4252 3281 4307 tidem.
3314 4254 3378 4308 Et
3411 4254 3502 4308 ille
3528 4272 3544 4309 :

1983 4337 2261 4406 Quaenam,
2297 4339 2492 4410 inquit,
2518 4349 2647 4396 sunt
2671 4342 2791 4398 istae
2828 4343 3061 4398 fabulae?
3098 4342 3211 4413 Ego
3240 4358 3369 4399 vero
3399 4345 3548 4402 exci-

1983 4433 2159 4503 piens,
2204 4433 2318 4487 dixi
2354 4452 2368 4488 :
2402 4432 2520 4489 Non
2571 4444 2717 4490 recta
2749 4436 2815 4492 de
2857 4435 2965 4491 Deo
3014 4437 3219 4507 opinio,
3267 4453 3453 4508 quam,
3498 4440 3545 4495 si

1975 4538 2132 4593 aequo
2158 4525 2341 4580 animo
2367 4525 2496 4592 fers,
2520 4542 2645 4582 cum
2675 4527 2795 4583 aliis
2818 4528 3062 4583 discendi
3092 4530 3305 4599 cupidis
3329 4531 3540 4587 audies.

2045 4614 2279 4669 XLVIII.
2318 4614 2497 4682 Quare
2543 4627 2672 4673 ante
2715 4619 3179 4687 dissertationem,
3221 4623 3544 4679 secedamus

1967 4706 2026 4761 in
2070 4706 2305 4777 aliquem
2347 4708 2547 4775 locum,
2582 4712 2675 4780 qui
2711 4712 2972 4779 majorem
3003 4712 3239 4782 quietem
3277 4714 3535 4783 praebeat.

1971 4795 2040 4851 Et
2063 4812 2128 4852 eo
2166 4799 2462 4868 progressi,
2495 4797 2586 4852 ubi
2632 4814 2768 4868 pura
2810 4808 2967 4854 erant
2993 4801 3290 4870 gelidorum
3317 4802 3537 4857 laticum

1966 4886 2190 4952 ﬂuenta,
2220 4896 2277 4941 et
2304 4887 2559 4943 viridium
2605 4887 2784 4943 omnis
2830 4888 3049 4958 generis
3090 4888 3351 4943 arborum
3382 4889 3535 4945 oble-

1969 4979 2156 5043 ctatio,
2188 4978 2557 5033 consedimus.
2590 4977 2837 5048 Cumque
2863 4994 3053 5035 omnes
3083 4994 3168 5035 me
3212 4980 3334 5035 lixis
3360 4980 3535 5035 oculis

1968 5069 2331 5135 intuerentur,
2369 5069 2516 5126 hunc
2546 5070 2601 5124 in
2631 5071 2853 5126 modum
2886 5072 3087 5142 alloqui
3112 5087 3208 5129 eos
3238 5073 3399 5142 cmpi.

2040 5156 2228 5213 XLIX.
2272 5161 2319 5193 ⁸ο
2342 5160 2511 5217 Multa
2539 5171 2642 5230 est,
2671 5177 2704 5217 ο
2726 5163 2851 5230 viri,
2884 5164 3189 5221 differentia
3220 5164 3361 5219 inter
3383 5165 3527 5218 veri-

1970 5262 2135 5308 tatem
2180 5261 2343 5322 atque
2388 5257 2859 5311 consuetudinem.
2889 5255 2970 5310 Ex
2993 5256 3195 5313 Graecis
3243 5256 3388 5311 enim
3432 5256 3526 5311 alii

1970 5342 2172 5396 multos
2214 5342 2346 5399 deos
2394 5346 2567 5401 malos
2624 5347 2979 5417 pluribusque
3025 5346 3526 5417 perturbationibus

1969 5431 2234 5488 obnoxios
2261 5433 2624 5506 induxerunt;
2655 5439 2831 5509 utqui
2863 5439 3060 5494 similia
3097 5447 3308 5509 patrare
3332 5439 3522 5512 ve'int,

1547 5620 1784 5677 VARIIE
1821 5623 2229 5685 LECTIONES.

364 5701 407 5823 δέ
445 5701 705 5826 ἶίἒόῶν.
782 5706 827 5738 ⁸⁸
854 5706 923 5761 al.
952 5707 1066 5778 ἔθη.
1155 5714 1197 5746 ⁸⁷
1223 5713 1291 5768 al.
1327 5716 1399 5786 μὴ
1436 5718 1638 5789 πατρὸς
1667 5720 1926 5785 εὐσεϐοῦς

311 5767 345 5822 I.
374 5786 425 5824 χ.
460 5773 557 5827 c.5

1934 5768 1946 5777 .
2027 5731 2071 5763 ⁸⁸
2106 5726 2173 5781 al.
2220 5722 2543 5793 φιλομαοῶς.
2624 5720 2665 5749 ⁸⁵
2702 5719 2770 5773 aI.
2813 5716 3042 5788 τέρψεις.
3124 5720 3180 5749 δ”
3210 5718 3247 5774 I.
3296 5713 3526 5787 Recoyn,
