  <div class='ocr_page' id='page_1' title='image "/cluster/home/n/w/nwhite01/storage/ocr_20150623/2/hvd.32044073501249/259.png"; bbox 0 0 4022 6336; ppageno 0'>
   <div class='ocr_carea' id='block_1_1' title="bbox 444 250 547 309">
    <p class='ocr_par' dir='ltr' id='par_1_1' title="bbox 444 250 547 309">
     <span class='ocr_line' id='line_1_1' title="bbox 444 250 547 309; baseline 0.01 -1"><span class='ocrx_word' id='word_1_1' title='bbox 444 250 547 309; x_wconf 78' lang='lat'><strong>507</strong></span> 
     </span>
    </p>
   </div>
   <div class='ocr_carea' id='block_1_2' title="bbox 1288 244 2887 316">
    <p class='ocr_par' dir='ltr' id='par_1_2' title="bbox 1288 244 2887 316">
     <span class='ocr_line' id='line_1_2' title="bbox 1288 244 2887 316; baseline -0.001 -1"><span class='ocrx_word' id='word_1_2' title='bbox 1288 256 1349 315; x_wconf 84' lang='lat'><strong>8.</strong></span> <span class='ocrx_word' id='word_1_3' title='bbox 1388 257 1775 315; x_wconf 80' lang='lat' dir='ltr'><strong>CLEMENTIS</strong></span> <span class='ocrx_word' id='word_1_4' title='bbox 1814 258 1835 313; x_wconf 92' lang='grc' dir='ltr'><strong>ι</strong></span> <span class='ocrx_word' id='word_1_5' title='bbox 1873 258 2038 316; x_wconf 75' lang='lat' dir='ltr'><strong>ROM.</strong></span> <span class='ocrx_word' id='word_1_6' title='bbox 2074 257 2272 315; x_wconf 76' lang='lat' dir='ltr'><strong>PONT.</strong></span> <span class='ocrx_word' id='word_1_7' title='bbox 2309 257 2537 315; x_wconf 72' lang='lat' dir='ltr'><strong>OPERA</strong></span> <span class='ocrx_word' id='word_1_8' title='bbox 2570 257 2795 315; x_wconf 80' lang='lat' dir='ltr'><strong>DUBIA.</strong></span> <span class='ocrx_word' id='word_1_9' title='bbox 2878 244 2887 251; x_wconf 62' lang='grc'><em>’</em></span> 
     </span>
    </p>
   </div>
   <div class='ocr_carea' id='block_1_3' title="bbox 3567 263 3673 320">
    <p class='ocr_par' dir='ltr' id='par_1_3' title="bbox 3567 263 3673 320">
     <span class='ocr_line' id='line_1_3' title="bbox 3567 263 3673 320; baseline 0.028 -3"><span class='ocrx_word' id='word_1_10' title='bbox 3567 263 3673 320; x_wconf 83' lang='lat'><strong>508</strong></span> 
     </span>
    </p>
   </div>
   <div class='ocr_carea' id='block_1_4' title="bbox 444 372 2007 450">
    <p class='ocr_par' dir='ltr' id='par_1_4' title="bbox 444 372 1992 445">
     <span class='ocr_line' id='line_1_4' title="bbox 444 372 1992 445; baseline 0.005 -18"><span class='ocrx_word' id='word_1_11' title='bbox 444 372 569 427; x_wconf 85' lang='lat' dir='ltr'><strong>illus</strong></span> <span class='ocrx_word' id='word_1_12' title='bbox 592 372 813 429; x_wconf 65' lang='lat' dir='ltr'><strong>malitiae</strong></span> <span class='ocrx_word' id='word_1_13' title='bbox 834 383 1091 445; x_wconf 86' lang='lat' dir='ltr'><strong>patronos</strong></span> <span class='ocrx_word' id='word_1_14' title='bbox 1120 376 1373 434; x_wconf 76' lang='lat' dir='ltr'><strong>habeant.</strong></span> <span class='ocrx_word' id='word_1_15' title='bbox 1402 378 1508 433; x_wconf 77' lang='lat' dir='ltr'><strong>Alii</strong></span> <span class='ocrx_word' id='word_1_16' title='bbox 1532 395 1663 435; x_wconf 84' lang='lat' dir='ltr'><strong>vero</strong></span> <span class='ocrx_word' id='word_1_17' title='bbox 1691 379 1861 433; x_wconf 83' lang='lat' dir='ltr'><strong>fatum</strong></span> <span class='ocrx_word' id='word_1_18' title='bbox 1898 394 1992 434; x_wconf 90' lang='lat' dir='ltr'><strong>seu</strong></span> 
     </span>
    </p>
   </div>
   <div class='ocr_carea' id='block_1_5' title="bbox 2089 372 3674 450">
    <p class='ocr_par' dir='ltr' id='par_1_5' title="bbox 2098 375 3674 450">
     <span class='ocr_line' id='line_1_5' title="bbox 2098 375 3674 450; baseline 0.001 -18"><span class='ocrx_word' id='word_1_19' title='bbox 2098 377 2635 449; x_wconf 79' lang='grc' dir='ltr'>συνηγόρους.”Αλλοι</span> <span class='ocrx_word' id='word_1_20' title='bbox 2684 377 2741 431; x_wconf 84' lang='grc' dir='ltr'>δὲ</span> <span class='ocrx_word' id='word_1_21' title='bbox 2791 375 3129 449; x_wconf 74' lang='grc' dir='ltr'><strong>εἱμαρμένην</strong></span> <span class='ocrx_word' id='word_1_22' title='bbox 3171 375 3527 450; x_wconf 71' lang='grc' dir='ltr'><strong>εἰσηγήσαντο</strong></span> <span class='ocrx_word' id='word_1_23' title='bbox 3576 378 3674 450; x_wconf 73' lang='grc' dir='ltr'>τὴν</span> 
     </span>
    </p>
   </div>
   <div class='ocr_carea' id='block_1_6' title="bbox 442 462 2002 538">
    <p class='ocr_par' dir='ltr' id='par_1_6' title="bbox 442 462 2002 538">
     <span class='ocr_line' id='line_1_6' title="bbox 442 462 2002 538; baseline 0.004 -21"><span class='ocrx_word' id='word_1_24' title='bbox 442 462 671 534; x_wconf 84' lang='lat' dir='ltr'><strong>genesin</strong></span> <span class='ocrx_word' id='word_1_25' title='bbox 698 471 753 518; x_wconf 88' lang='lat' dir='ltr'><strong>et</strong></span> <span class='ocrx_word' id='word_1_26' title='bbox 779 464 957 519; x_wconf 83' lang='lat' dir='ltr'><strong>natale</strong></span> <span class='ocrx_word' id='word_1_27' title='bbox 999 464 1349 534; x_wconf 78' lang='lat' dir='ltr'><strong>invexerunt;</strong></span> <span class='ocrx_word' id='word_1_28' title='bbox 1395 483 1458 523; x_wconf 89' lang='lat' dir='ltr'><strong>ac</strong></span> <span class='ocrx_word' id='word_1_29' title='bbox 1489 478 1682 538; x_wconf 69' lang='lat' dir='ltr'><strong>praeter</strong></span> <span class='ocrx_word' id='word_1_30' title='bbox 1724 468 1877 534; x_wconf 84' lang='lat' dir='ltr'><strong>illud,</strong></span> <span class='ocrx_word' id='word_1_31' title='bbox 1906 484 2002 523; x_wconf 90' lang='lat' dir='ltr'><strong>ne-</strong></span> 
     </span>
    </p>
   </div>
   <div class='ocr_carea' id='block_1_7' title="bbox 442 554 2002 630">
    <p class='ocr_par' dir='ltr' id='par_1_7' title="bbox 442 554 2002 630">
     <span class='ocr_line' id='line_1_7' title="bbox 442 554 2002 630; baseline 0.006 -23"><span class='ocrx_word' id='word_1_32' title='bbox 442 569 550 624; x_wconf 79' lang='lat' dir='ltr'><strong>que</strong></span> <span class='ocrx_word' id='word_1_33' title='bbox 593 555 701 625; x_wconf 87' lang='lat' dir='ltr'><strong>pati</strong></span> <span class='ocrx_word' id='word_1_34' title='bbox 742 571 919 625; x_wconf 90' lang='lat' dir='ltr'><strong>neque</strong></span> <span class='ocrx_word' id='word_1_35' title='bbox 946 554 1124 613; x_wconf 89' lang='lat' dir='ltr'><strong>facere</strong></span> <span class='ocrx_word' id='word_1_36' title='bbox 1152 573 1481 629; x_wconf 88' lang='lat' dir='ltr'><strong>quemquam</strong></span> <span class='ocrx_word' id='word_1_37' title='bbox 1524 576 1683 630; x_wconf 84' lang='lat' dir='ltr'><strong>posse</strong></span> <span class='ocrx_word' id='word_1_38' title='bbox 1713 561 1895 629; x_wconf 88' lang='lat' dir='ltr'><strong>aiunt;</strong></span> <span class='ocrx_word' id='word_1_39' title='bbox 1942 570 2002 617; x_wconf 92' lang='lat' dir='ltr'><strong>ut</strong></span> 
     </span>
    </p>
   </div>
   <div class='ocr_carea' id='block_1_8' title="bbox 441 648 2002 725">
    <p class='ocr_par' dir='ltr' id='par_1_8' title="bbox 441 648 2002 725">
     <span class='ocr_line' id='line_1_8' title="bbox 441 648 2002 725; baseline 0.005 -25"><span class='ocrx_word' id='word_1_40' title='bbox 441 661 565 701; x_wconf 92' lang='lat' dir='ltr'><strong>cum</strong></span> <span class='ocrx_word' id='word_1_41' title='bbox 596 648 1033 703; x_wconf 77' lang='lat' dir='ltr'><strong>existimaverint</strong></span> <span class='ocrx_word' id='word_1_42' title='bbox 1081 650 1354 707; x_wconf 87' lang='lat' dir='ltr'><strong>neminem</strong></span> <span class='ocrx_word' id='word_1_43' title='bbox 1384 662 1579 723; x_wconf 69' lang='lat' dir='ltr'><strong>prmter</strong></span> <span class='ocrx_word' id='word_1_44' title='bbox 1596 655 1817 725; x_wconf 87' lang='lat' dir='ltr'><strong>genesin</strong></span> <span class='ocrx_word' id='word_1_45' title='bbox 1842 654 2002 725; x_wconf 86' lang='lat' dir='ltr'><strong>quid-</strong></span> 
     </span>
    </p>
   </div>
   <div class='ocr_carea' id='block_1_9' title="bbox 442 738 2001 817">
    <p class='ocr_par' dir='ltr' id='par_1_9' title="bbox 442 738 2001 817">
     <span class='ocr_line' id='line_1_9' title="bbox 442 738 2001 817; baseline 0.006 -25"><span class='ocrx_word' id='word_1_46' title='bbox 442 752 604 807; x_wconf 86' lang='lat' dir='ltr'><strong>quam</strong></span> <span class='ocrx_word' id='word_1_47' title='bbox 655 739 738 794; x_wconf 85' lang='lat' dir='ltr'><strong>vel</strong></span> <span class='ocrx_word' id='word_1_48' title='bbox 785 738 964 797; x_wconf 85' lang='lat' dir='ltr'><strong>facere</strong></span> <span class='ocrx_word' id='word_1_49' title='bbox 1008 743 1089 797; x_wconf 90' lang='lat' dir='ltr'><strong>vel</strong></span> <span class='ocrx_word' id='word_1_50' title='bbox 1124 744 1233 813; x_wconf 88' lang='lat' dir='ltr'><strong>pati</strong></span> <span class='ocrx_word' id='word_1_51' title='bbox 1277 760 1457 815; x_wconf 85' lang='lat' dir='ltr'><strong>posse,</strong></span> <span class='ocrx_word' id='word_1_52' title='bbox 1486 744 1644 801; x_wconf 83' lang='lat' dir='ltr'><strong>facile</strong></span> <span class='ocrx_word' id='word_1_53' title='bbox 1673 747 1740 801; x_wconf 93' lang='lat' dir='ltr'><strong>ad</strong></span> <span class='ocrx_word' id='word_1_54' title='bbox 1771 760 2001 817; x_wconf 87' lang='lat' dir='ltr'><strong>peccan-</strong></span> 
     </span>
    </p>
   </div>
   <div class='ocr_carea' id='block_1_10' title="bbox 439 832 1999 908">
    <p class='ocr_par' dir='ltr' id='par_1_10' title="bbox 439 832 1999 908">
     <span class='ocr_line' id='line_1_10' title="bbox 439 832 1999 908; baseline 0.003 -21"><span class='ocrx_word' id='word_1_55' title='bbox 439 832 569 887; x_wconf 90' lang='lat' dir='ltr'><strong>dum</strong></span> <span class='ocrx_word' id='word_1_56' title='bbox 598 833 879 901; x_wconf 81' lang='lat' dir='ltr'><strong>accedant,</strong></span> <span class='ocrx_word' id='word_1_57' title='bbox 907 843 1106 905; x_wconf 90' lang='lat' dir='ltr'><strong>etpost</strong></span> <span class='ocrx_word' id='word_1_58' title='bbox 1132 846 1411 906; x_wconf 87' lang='lat' dir='ltr'><strong>peccatum</strong></span> <span class='ocrx_word' id='word_1_59' title='bbox 1452 853 1558 892; x_wconf 91' lang='lat' dir='ltr'><strong>non</strong></span> <span class='ocrx_word' id='word_1_60' title='bbox 1585 839 1854 893; x_wconf 84' lang='lat' dir='ltr'><strong>ducantur</strong></span> <span class='ocrx_word' id='word_1_61' title='bbox 1883 852 1999 908; x_wconf 70' lang='lat' dir='ltr'><strong>pue-</strong></span> 
     </span>
    </p>
   </div>
   <div class='ocr_carea' id='block_1_11' title="bbox 439 923 1999 999">
    <p class='ocr_par' dir='ltr' id='par_1_11' title="bbox 439 923 1999 999">
     <span class='ocr_line' id='line_1_11' title="bbox 439 923 1999 999; baseline 0.005 -23"><span class='ocrx_word' id='word_1_62' title='bbox 439 923 665 978; x_wconf 88' lang='lat' dir='ltr'><strong>nitentia</strong></span> <span class='ocrx_word' id='word_1_63' title='bbox 703 924 864 995; x_wconf 83' lang='lat' dir='ltr'><strong>impie</strong></span> <span class='ocrx_word' id='word_1_64' title='bbox 892 935 1188 996; x_wconf 87' lang='lat' dir='ltr'><strong>gestorum.</strong></span> <span class='ocrx_word' id='word_1_65' title='bbox 1222 928 1325 983; x_wconf 86' lang='lat' dir='ltr'><strong>Alii</strong></span> <span class='ocrx_word' id='word_1_66' title='bbox 1354 937 1534 984; x_wconf 89' lang='lat' dir='ltr'><strong>autem</strong></span> <span class='ocrx_word' id='word_1_67' title='bbox 1566 938 1885 999; x_wconf 63' lang='lat' dir='ltr'><strong>praesentem</strong></span> <span class='ocrx_word' id='word_1_68' title='bbox 1915 946 1999 984; x_wconf 88' lang='lat' dir='ltr'><strong>re-</strong></span> 
     </span>
    </p>
   </div>
   <div class='ocr_carea' id='block_1_12' title="bbox 438 1018 1994 1089">
    <p class='ocr_par' dir='ltr' id='par_1_12' title="bbox 438 1018 1994 1089">
     <span class='ocr_line' id='line_1_12' title="bbox 438 1018 1994 1089; baseline 0.004 -22"><span class='ocrx_word' id='word_1_69' title='bbox 438 1030 559 1068; x_wconf 89' lang='lat' dir='ltr'><strong>rum</strong></span> <span class='ocrx_word' id='word_1_70' title='bbox 592 1024 791 1069; x_wconf 88' lang='lat' dir='ltr'><strong>statum</strong></span> <span class='ocrx_word' id='word_1_71' title='bbox 829 1018 1177 1085; x_wconf 72' lang='lat' dir='ltr'><strong>providentiae</strong></span> <span class='ocrx_word' id='word_1_72' title='bbox 1206 1029 1477 1089; x_wconf 84' lang='lat' dir='ltr'><strong>expertem</strong></span> <span class='ocrx_word' id='word_1_73' title='bbox 1514 1036 1635 1076; x_wconf 90' lang='lat' dir='ltr'><strong>esse</strong></span> <span class='ocrx_word' id='word_1_74' title='bbox 1664 1019 1994 1087; x_wconf 88' lang='lat' dir='ltr'><strong>decernunt;</strong></span> 
     </span>
    </p>
   </div>
   <div class='ocr_carea' id='block_1_13' title="bbox 444 1111 1995 1181">
    <p class='ocr_par' dir='ltr' id='par_1_13' title="bbox 444 1111 1995 1181">
     <span class='ocr_line' id='line_1_13' title="bbox 444 1111 1995 1181; baseline 0.005 -22"><span class='ocrx_word' id='word_1_75' title='bbox 444 1115 607 1176; x_wconf 89' lang='lat' dir='ltr'><strong>atque</strong></span> <span class='ocrx_word' id='word_1_76' title='bbox 648 1124 747 1162; x_wconf 90' lang='lat' dir='ltr'><strong>sua</strong></span> <span class='ocrx_word' id='word_1_77' title='bbox 776 1119 965 1180; x_wconf 89' lang='lat' dir='ltr'><strong>sponte</strong></span> <span class='ocrx_word' id='word_1_78' title='bbox 992 1111 1399 1167; x_wconf 85' lang='lat' dir='ltr'><strong>universitatem</strong></span> <span class='ocrx_word' id='word_1_79' title='bbox 1431 1112 1572 1169; x_wconf 85' lang='lat' dir='ltr'><strong>hanc</strong></span> <span class='ocrx_word' id='word_1_80' title='bbox 1599 1112 1726 1169; x_wconf 84' lang='lat' dir='ltr'><strong>ferri</strong></span> <span class='ocrx_word' id='word_1_81' title='bbox 1753 1122 1995 1181; x_wconf 86' lang='lat' dir='ltr'><strong>censent,</strong></span> 
     </span>
    </p>
   </div>
   <div class='ocr_carea' id='block_1_14' title="bbox 439 1196 1999 1272">
    <p class='ocr_par' dir='ltr' id='par_1_14' title="bbox 439 1196 1999 1272">
     <span class='ocr_line' id='line_1_14' title="bbox 439 1196 1999 1272; baseline 0.006 -22"><span class='ocrx_word' id='word_1_82' title='bbox 439 1196 671 1254; x_wconf 88' lang='lat' dir='ltr'><strong>Domino</strong></span> <span class='ocrx_word' id='word_1_83' title='bbox 704 1200 855 1254; x_wconf 91' lang='lat' dir='ltr'><strong>nullo</strong></span> <span class='ocrx_word' id='word_1_84' title='bbox 885 1203 1204 1272; x_wconf 73' lang='lat' dir='ltr'><strong>pnesidente</strong></span> <span class='ocrx_word' id='word_1_85' title='bbox 1233 1220 1245 1257; x_wconf 90' lang='lat'>:</span> <span class='ocrx_word' id='word_1_86' title='bbox 1276 1203 1420 1271; x_wconf 89' lang='lat' dir='ltr'><strong>quod</strong></span> <span class='ocrx_word' id='word_1_87' title='bbox 1461 1217 1593 1260; x_wconf 81' lang='lat' dir='ltr'><strong>sane</strong></span> <span class='ocrx_word' id='word_1_88' title='bbox 1628 1204 1873 1258; x_wconf 89' lang='lat' dir='ltr'><strong>omnium</strong></span> <span class='ocrx_word' id='word_1_89' title='bbox 1916 1214 1999 1260; x_wconf 90' lang='lat' dir='ltr'><strong>est</strong></span> 
     </span>
    </p>
   </div>
   <div class='ocr_carea' id='block_1_15' title="bbox 436 1290 1993 1367">
    <p class='ocr_par' dir='ltr' id='par_1_15' title="bbox 436 1290 1993 1367">
     <span class='ocr_line' id='line_1_15' title="bbox 436 1290 1993 1367; baseline 0.003 -21"><span class='ocrx_word' id='word_1_90' title='bbox 436 1290 827 1359; x_wconf 89' lang='lat' dir='ltr'><strong>durissimum;</strong></span> <span class='ocrx_word' id='word_1_91' title='bbox 872 1294 942 1349; x_wconf 90' lang='lat' dir='ltr'><strong>ita</strong></span> <span class='ocrx_word' id='word_1_92' title='bbox 998 1294 1165 1349; x_wconf 89' lang='lat' dir='ltr'><strong>Deum</strong></span> <span class='ocrx_word' id='word_1_93' title='bbox 1214 1297 1611 1367; x_wconf 76' lang='lat' dir='ltr'><strong>blaspliemare,</strong></span> <span class='ocrx_word' id='word_1_94' title='bbox 1644 1304 1699 1351; x_wconf 91' lang='lat' dir='ltr'><strong>et</strong></span> <span class='ocrx_word' id='word_1_95' title='bbox 1729 1296 1797 1350; x_wconf 90' lang='lat' dir='ltr'><strong>ab</strong></span> <span class='ocrx_word' id='word_1_96' title='bbox 1842 1296 1993 1350; x_wconf 89' lang='lat' dir='ltr'><strong>omni</strong></span> 
     </span>
    </p>
   </div>
   <div class='ocr_carea' id='block_1_16' title="bbox 435 1383 1992 1457">
    <p class='ocr_par' dir='ltr' id='par_1_16' title="bbox 435 1383 1992 1457">
     <span class='ocr_line' id='line_1_16' title="bbox 435 1383 1992 1457; baseline 0.004 -21"><span class='ocrx_word' id='word_1_97' title='bbox 435 1383 703 1438; x_wconf 65' lang='lat' dir='ltr'><strong>universa:</strong></span> <span class='ocrx_word' id='word_1_98' title='bbox 730 1397 939 1440; x_wconf 69' lang='lat' dir='ltr'><strong>natura:</strong></span> <span class='ocrx_word' id='word_1_99' title='bbox 967 1386 1234 1456; x_wconf 77' lang='lat' dir='ltr'><strong>expellere</strong></span> <span class='ocrx_word' id='word_1_100' title='bbox 1262 1388 1624 1457; x_wconf 85' lang='lat' dir='ltr'><strong>providentia,</strong></span> <span class='ocrx_word' id='word_1_101' title='bbox 1654 1396 1714 1441; x_wconf 93' lang='lat' dir='ltr'><strong>ut</strong></span> <span class='ocrx_word' id='word_1_102' title='bbox 1748 1398 1801 1442; x_wconf 89' lang='lat' dir='ltr'><strong>et</strong></span> <span class='ocrx_word' id='word_1_103' title='bbox 1836 1403 1992 1443; x_wconf 90' lang='lat' dir='ltr'><strong>asse-</strong></span> 
     </span>
    </p>
   </div>
   <div class='ocr_carea' id='block_1_17' title="bbox 376 1477 1995 1549">
    <p class='ocr_par' dir='ltr' id='par_1_17' title="bbox 376 1477 1995 1549">
     <span class='ocr_line' id='line_1_17' title="bbox 376 1477 1995 1549; baseline 0.004 -21"><span class='ocrx_word' id='word_1_104' title='bbox 376 1506 391 1538; x_wconf 64' lang='lat'><strong>,</strong></span> <span class='ocrx_word' id='word_1_105' title='bbox 435 1484 592 1529; x_wconf 87' lang='lat' dir='ltr'><strong>ratur</strong></span> <span class='ocrx_word' id='word_1_106' title='bbox 617 1477 886 1531; x_wconf 89' lang='lat' dir='ltr'><strong>neminem</strong></span> <span class='ocrx_word' id='word_1_107' title='bbox 916 1494 1037 1533; x_wconf 89' lang='lat' dir='ltr'><strong>esse</strong></span> <span class='ocrx_word' id='word_1_108' title='bbox 1058 1478 1149 1549; x_wconf 93' lang='lat' dir='ltr'><strong>qui</strong></span> <span class='ocrx_word' id='word_1_109' title='bbox 1178 1478 1465 1548; x_wconf 57' lang='lat' dir='ltr'><strong>praefectus</strong></span> <span class='ocrx_word' id='word_1_110' title='bbox 1496 1479 1587 1545; x_wconf 86' lang='lat' dir='ltr'><strong>sit,</strong></span> <span class='ocrx_word' id='word_1_111' title='bbox 1611 1495 1673 1534; x_wconf 82' lang='lat' dir='ltr'><strong>ac</strong></span> <span class='ocrx_word' id='word_1_112' title='bbox 1697 1479 1995 1549; x_wconf 84' lang='lat' dir='ltr'><strong>provideat,</strong></span> 
     </span>
    </p>
   </div>
   <div class='ocr_carea' id='block_1_18' title="bbox 434 1565 1997 1638">
    <p class='ocr_par' dir='ltr' id='par_1_18' title="bbox 434 1565 1997 1638">
     <span class='ocr_line' id='line_1_18' title="bbox 434 1565 1997 1638; baseline 0.003 -20"><span class='ocrx_word' id='word_1_113' title='bbox 434 1572 489 1619; x_wconf 93' lang='lat' dir='ltr'><strong>ct</strong></span> <span class='ocrx_word' id='word_1_114' title='bbox 530 1565 801 1624; x_wconf 85' lang='lat' dir='ltr'><strong>universis</strong></span> <span class='ocrx_word' id='word_1_115' title='bbox 846 1583 944 1637; x_wconf 90' lang='lat' dir='ltr'><strong>pro</strong></span> <span class='ocrx_word' id='word_1_116' title='bbox 980 1568 1174 1622; x_wconf 88' lang='lat' dir='ltr'><strong>merito</strong></span> <span class='ocrx_word' id='word_1_117' title='bbox 1215 1569 1495 1623; x_wconf 88' lang='lat' dir='ltr'><strong>attribuat.</strong></span> <span class='ocrx_word' id='word_1_118' title='bbox 1529 1566 1708 1633; x_wconf 86' lang='lat' dir='ltr'><strong>Quare</strong></span> <span class='ocrx_word' id='word_1_119' title='bbox 1753 1568 1843 1638; x_wconf 98' lang='grc' dir='ltr'><strong>(ιυί</strong></span> <span class='ocrx_word' id='word_1_120' title='bbox 1892 1568 1997 1623; x_wconf 87' lang='lat' dir='ltr'><strong>ista</strong></span> 
     </span>
    </p>
   </div>
   <div class='ocr_carea' id='block_1_19' title="bbox 433 1657 1991 1728">
    <p class='ocr_par' dir='ltr' id='par_1_19' title="bbox 433 1657 1991 1728">
     <span class='ocr_line' id='line_1_19' title="bbox 433 1657 1991 1728; baseline 0.002 -16"><span class='ocrx_word' id='word_1_121' title='bbox 433 1657 747 1728; x_wconf 86' lang='lat' dir='ltr'><strong>opinantur,</strong></span> <span class='ocrx_word' id='word_1_122' title='bbox 812 1675 918 1715; x_wconf 91' lang='lat' dir='ltr'><strong>non</strong></span> <span class='ocrx_word' id='word_1_123' title='bbox 973 1659 1129 1715; x_wconf 81' lang='lat' dir='ltr'><strong>facile</strong></span> <span class='ocrx_word' id='word_1_124' title='bbox 1180 1662 1465 1717; x_wconf 83' lang='lat' dir='ltr'><strong>honestam</strong></span> <span class='ocrx_word' id='word_1_125' title='bbox 1514 1660 1681 1715; x_wconf 90' lang='lat' dir='ltr'><strong>vitam</strong></span> <span class='ocrx_word' id='word_1_126' title='bbox 1740 1660 1991 1716; x_wconf 89' lang='lat' dir='ltr'><strong>ducunt:</strong></span> 
     </span>
    </p>
   </div>
   <div class='ocr_carea' id='block_1_20' title="bbox 433 1750 1713 1823">
    <p class='ocr_par' dir='ltr' id='par_1_20' title="bbox 433 1750 1713 1823">
     <span class='ocr_line' id='line_1_20' title="bbox 433 1750 1713 1823; baseline 0.001 -20"><span class='ocrx_word' id='word_1_127' title='bbox 433 1751 560 1820; x_wconf 85' lang='lat' dir='ltr'><strong>quia</strong></span> <span class='ocrx_word' id='word_1_128' title='bbox 589 1750 903 1821; x_wconf 83' lang='lat' dir='ltr'><strong>impendens</strong></span> <span class='ocrx_word' id='word_1_129' title='bbox 930 1753 1231 1819; x_wconf 88' lang='lat' dir='ltr'><strong>periculum</strong></span> <span class='ocrx_word' id='word_1_130' title='bbox 1264 1768 1370 1808; x_wconf 87' lang='lat' dir='ltr'><strong>non</strong></span> <span class='ocrx_word' id='word_1_131' title='bbox 1400 1752 1713 1823; x_wconf 68' lang='lat' dir='ltr'><strong>praevident.</strong></span> 
     </span>
    </p>
   </div>
   <div class='ocr_carea' id='block_1_21' title="bbox 503 1838 1998 1915">
    <p class='ocr_par' dir='ltr' id='par_1_21' title="bbox 503 1838 1998 1915">
     <span class='ocr_line' id='line_1_21' title="bbox 503 1838 1998 1915; baseline 0.003 -21"><span class='ocrx_word' id='word_1_132' title='bbox 503 1838 566 1897; x_wconf 89' lang='lat' dir='ltr'><strong>L.</strong></span> <span class='ocrx_word' id='word_1_133' title='bbox 606 1842 675 1895; x_wconf 85' lang='lat' dir='ltr'><strong>At</strong></span> <span class='ocrx_word' id='word_1_134' title='bbox 705 1859 833 1898; x_wconf 90' lang='lat' dir='ltr'><strong>vero</strong></span> <span class='ocrx_word' id='word_1_135' title='bbox 856 1844 1103 1899; x_wconf 86' lang='lat' dir='ltr'><strong>doctrina</strong></span> <span class='ocrx_word' id='word_1_136' title='bbox 1125 1859 1335 1911; x_wconf 90' lang='lat' dir='ltr'><strong>eorum,</strong></span> <span class='ocrx_word' id='word_1_137' title='bbox 1375 1858 1514 1915; x_wconf 87' lang='lat' dir='ltr'><strong>quos</strong></span> <span class='ocrx_word' id='word_1_138' title='bbox 1552 1843 1814 1899; x_wconf 88' lang='lat' dir='ltr'><strong>barbaros</strong></span> <span class='ocrx_word' id='word_1_139' title='bbox 1835 1859 1998 1899; x_wconf 89' lang='lat' dir='ltr'><strong>voca-</strong></span> 
     </span>
    </p>
   </div>
   <div class='ocr_carea' id='block_1_22' title="bbox 433 1929 1994 2005">
    <p class='ocr_par' dir='ltr' id='par_1_22' title="bbox 433 1929 1994 2005">
     <span class='ocr_line' id='line_1_22' title="bbox 433 1929 1994 2005; baseline 0.003 -20"><span class='ocrx_word' id='word_1_140' title='bbox 433 1929 524 1995; x_wconf 90' lang='lat' dir='ltr'><strong>tis,</strong></span> <span class='ocrx_word' id='word_1_141' title='bbox 556 1932 793 1987; x_wconf 78' lang='lat' dir='ltr'><strong>maxime</strong></span> <span class='ocrx_word' id='word_1_142' title='bbox 823 1934 907 2003; x_wconf 89' lang='lat' dir='ltr'><strong>pia</strong></span> <span class='ocrx_word' id='word_1_143' title='bbox 937 1944 1056 2000; x_wconf 90' lang='lat' dir='ltr'><strong>est;</strong></span> <span class='ocrx_word' id='word_1_144' title='bbox 1085 1950 1206 2005; x_wconf 74' lang='lat' dir='ltr'><strong>quae</strong></span> <span class='ocrx_word' id='word_1_145' title='bbox 1239 1951 1405 1990; x_wconf 92' lang='lat' dir='ltr'><strong>unum</strong></span> <span class='ocrx_word' id='word_1_146' title='bbox 1437 1934 1627 2003; x_wconf 89' lang='lat' dir='ltr'><strong>Deum,</strong></span> <span class='ocrx_word' id='word_1_147' title='bbox 1654 1944 1706 1991; x_wconf 92' lang='lat' dir='ltr'><strong>et</strong></span> <span class='ocrx_word' id='word_1_148' title='bbox 1745 1935 1994 2005; x_wconf 75' lang='lat' dir='ltr'><strong>epiflcen</strong></span> 
     </span>
    </p>
   </div>
   <div class='ocr_carea' id='block_1_23' title="bbox 434 2024 1995 2095">
    <p class='ocr_par' dir='ltr' id='par_1_23' title="bbox 434 2024 1995 2095">
     <span class='ocr_line' id='line_1_23' title="bbox 434 2024 1995 2095; baseline 0.003 -18"><span class='ocrx_word' id='word_1_149' title='bbox 434 2024 599 2078; x_wconf 84' lang='lat' dir='ltr'><strong>totius</strong></span> <span class='ocrx_word' id='word_1_150' title='bbox 646 2024 811 2095; x_wconf 84' lang='lat' dir='ltr'><strong>hujus</strong></span> <span class='ocrx_word' id='word_1_151' title='bbox 857 2025 1045 2080; x_wconf 89' lang='lat' dir='ltr'><strong>mundi</strong></span> <span class='ocrx_word' id='word_1_152' title='bbox 1096 2025 1418 2091; x_wconf 89' lang='lat' dir='ltr'><strong>introducit;</strong></span> <span class='ocrx_word' id='word_1_153' title='bbox 1462 2034 1659 2081; x_wconf 83' lang='lat' dir='ltr'><strong>natura</strong></span> <span class='ocrx_word' id='word_1_154' title='bbox 1701 2027 1901 2080; x_wconf 91' lang='lat' dir='ltr'><strong>bonum</strong></span> <span class='ocrx_word' id='word_1_155' title='bbox 1931 2039 1995 2081; x_wconf 88' lang='lat' dir='ltr'><strong>ac</strong></span> 
     </span>
    </p>
   </div>
   <div class='ocr_carea' id='block_1_24' title="bbox 425 2116 1992 2189">
    <p class='ocr_par' dir='ltr' id='par_1_24' title="bbox 425 2116 1992 2189">
     <span class='ocr_line' id='line_1_24' title="bbox 425 2116 1992 2189; baseline 0.002 -19"><span class='ocrx_word' id='word_1_156' title='bbox 425 2116 636 2186; x_wconf 89' lang='lat' dir='ltr'><strong>justum</strong></span> <span class='ocrx_word' id='word_1_157' title='bbox 668 2133 681 2170; x_wconf 88' lang='lat'><strong>:</strong></span> <span class='ocrx_word' id='word_1_158' title='bbox 716 2116 918 2170; x_wconf 89' lang='lat' dir='ltr'><strong>bonum</strong></span> <span class='ocrx_word' id='word_1_159' title='bbox 962 2117 1204 2187; x_wconf 87' lang='lat' dir='ltr'><strong>quidem,</strong></span> <span class='ocrx_word' id='word_1_160' title='bbox 1236 2126 1296 2171; x_wconf 93' lang='lat' dir='ltr'><strong>ut</strong></span> <span class='ocrx_word' id='word_1_161' title='bbox 1327 2118 1422 2187; x_wconf 88' lang='lat' dir='ltr'><strong>qui</strong></span> <span class='ocrx_word' id='word_1_162' title='bbox 1466 2118 1852 2189; x_wconf 57' lang='lat' dir='ltr'><strong>paenitentibus</strong></span> <span class='ocrx_word' id='word_1_163' title='bbox 1894 2119 1992 2173; x_wconf 87' lang='lat' dir='ltr'><strong>de-</strong></span> 
     </span>
    </p>
   </div>
   <div class='ocr_carea' id='block_1_25' title="bbox 428 2205 1991 2277">
    <p class='ocr_par' dir='ltr' id='par_1_25' title="bbox 428 2205 1991 2277">
     <span class='ocr_line' id='line_1_25' title="bbox 428 2205 1991 2277; baseline 0.001 -15"><span class='ocrx_word' id='word_1_164' title='bbox 428 2207 554 2262; x_wconf 88' lang='lat' dir='ltr'><strong>licta</strong></span> <span class='ocrx_word' id='word_1_165' title='bbox 602 2205 873 2262; x_wconf 90' lang='lat' dir='ltr'><strong>condonet</strong></span> <span class='ocrx_word' id='word_1_166' title='bbox 905 2224 919 2261; x_wconf 88' lang='lat'><strong>:</strong></span> <span class='ocrx_word' id='word_1_167' title='bbox 946 2205 1153 2276; x_wconf 90' lang='lat' dir='ltr'><strong>justum</strong></span> <span class='ocrx_word' id='word_1_168' title='bbox 1204 2217 1408 2273; x_wconf 91' lang='lat' dir='ltr'><strong>autem,</strong></span> <span class='ocrx_word' id='word_1_169' title='bbox 1440 2217 1501 2262; x_wconf 91' lang='lat' dir='ltr'><strong>ut</strong></span> <span class='ocrx_word' id='word_1_170' title='bbox 1546 2209 1639 2277; x_wconf 87' lang='lat' dir='ltr'><strong>qui</strong></span> <span class='ocrx_word' id='word_1_171' title='bbox 1694 2207 1991 2275; x_wconf 84' lang='lat' dir='ltr'><strong>unicuique</strong></span> 
     </span>
    </p>
   </div>
   <div class='ocr_carea' id='block_1_26' title="bbox 426 2298 1995 2369">
    <p class='ocr_par' dir='ltr' id='par_1_26' title="bbox 426 2298 1995 2369">
     <span class='ocr_line' id='line_1_26' title="bbox 426 2298 1995 2369; baseline 0.001 -16"><span class='ocrx_word' id='word_1_172' title='bbox 426 2312 537 2353; x_wconf 88' lang='lat' dir='ltr'><strong>non</strong></span> <span class='ocrx_word' id='word_1_173' title='bbox 564 2298 865 2367; x_wconf 72' lang='lat' dir='ltr'><strong>puanitenti,</strong></span> <span class='ocrx_word' id='word_1_174' title='bbox 897 2314 995 2369; x_wconf 83' lang='lat' dir='ltr'><strong>pro</strong></span> <span class='ocrx_word' id='word_1_175' title='bbox 1026 2298 1288 2354; x_wconf 88' lang='lat' dir='ltr'><strong>factorum</strong></span> <span class='ocrx_word' id='word_1_176' title='bbox 1313 2299 1521 2354; x_wconf 85' lang='lat' dir='ltr'><strong>meritis</strong></span> <span class='ocrx_word' id='word_1_177' title='bbox 1550 2300 1835 2355; x_wconf 88' lang='lat' dir='ltr'><strong>retribuat.</strong></span> <span class='ocrx_word' id='word_1_178' title='bbox 1870 2298 1995 2354; x_wconf 66' lang='lat' dir='ltr'><strong>Sino</strong></span> 
     </span>
    </p>
   </div>
   <div class='ocr_carea' id='block_1_27' title="bbox 428 2388 1992 2461">
    <p class='ocr_par' dir='ltr' id='par_1_27' title="bbox 428 2388 1992 2461">
     <span class='ocr_line' id='line_1_27' title="bbox 428 2388 1992 2461; baseline 0.002 -18"><span class='ocrx_word' id='word_1_179' title='bbox 428 2389 538 2461; x_wconf 91' lang='lat' dir='ltr'><strong>guli</strong></span> <span class='ocrx_word' id='word_1_180' title='bbox 582 2404 839 2457; x_wconf 88' lang='lat' dir='ltr'><strong>namque,</strong></span> <span class='ocrx_word' id='word_1_181' title='bbox 882 2390 1013 2444; x_wconf 92' lang='lat' dir='ltr'><strong>dum</strong></span> <span class='ocrx_word' id='word_1_182' title='bbox 1044 2399 1359 2460; x_wconf 78' lang='lat' dir='ltr'><strong>exspectant</strong></span> <span class='ocrx_word' id='word_1_183' title='bbox 1400 2388 1645 2445; x_wconf 87' lang='lat' dir='ltr'><strong>futurum</strong></span> <span class='ocrx_word' id='word_1_184' title='bbox 1672 2405 1799 2461; x_wconf 84' lang='lat' dir='ltr'><strong>erga</strong></span> <span class='ocrx_word' id='word_1_185' title='bbox 1844 2390 1992 2460; x_wconf 89' lang='lat' dir='ltr'><strong>ipsos</strong></span> 
     </span>
    </p>
   </div>
   <div class='ocr_carea' id='block_1_28' title="bbox 426 2478 1993 2551">
    <p class='ocr_par' dir='ltr' id='par_1_28' title="bbox 426 2478 1993 2551">
     <span class='ocr_line' id='line_1_28' title="bbox 426 2478 1993 2551; baseline 0.003 -19"><span class='ocrx_word' id='word_1_186' title='bbox 426 2478 525 2534; x_wconf 85' lang='lat' dir='ltr'><strong>Dei</strong></span> <span class='ocrx_word' id='word_1_187' title='bbox 548 2487 743 2535; x_wconf 88' lang='lat' dir='ltr'><strong>cuncta</strong></span> <span class='ocrx_word' id='word_1_188' title='bbox 772 2480 1035 2535; x_wconf 87' lang='lat' dir='ltr'><strong>intuentis</strong></span> <span class='ocrx_word' id='word_1_189' title='bbox 1066 2481 1354 2549; x_wconf 84' lang='lat' dir='ltr'><strong>judicium,</strong></span> <span class='ocrx_word' id='word_1_190' title='bbox 1383 2481 1451 2536; x_wconf 88' lang='lat' dir='ltr'><strong>ad</strong></span> <span class='ocrx_word' id='word_1_191' title='bbox 1481 2490 1777 2551; x_wconf 87' lang='lat' dir='ltr'><strong>temperate</strong></span> <span class='ocrx_word' id='word_1_192' title='bbox 1806 2481 1993 2536; x_wconf 74' lang='lat' dir='ltr'><strong>viven-</strong></span> 
     </span>
    </p>
   </div>
   <div class='ocr_carea' id='block_1_29' title="bbox 425 2570 1993 2643">
    <p class='ocr_par' dir='ltr' id='par_1_29' title="bbox 425 2570 1993 2643">
     <span class='ocr_line' id='line_1_29' title="bbox 425 2570 1993 2643; baseline 0.001 -18"><span class='ocrx_word' id='word_1_193' title='bbox 425 2570 554 2625; x_wconf 91' lang='lat' dir='ltr'><strong>dum</strong></span> <span class='ocrx_word' id='word_1_194' title='bbox 596 2570 855 2640; x_wconf 83' lang='lat' dir='ltr'><strong>majorem</strong></span> <span class='ocrx_word' id='word_1_195' title='bbox 884 2573 1146 2641; x_wconf 89' lang='lat' dir='ltr'><strong>impetum</strong></span> <span class='ocrx_word' id='word_1_196' title='bbox 1183 2573 1407 2643; x_wconf 89' lang='lat' dir='ltr'><strong>capiunt</strong></span> <span class='ocrx_word' id='word_1_197' title='bbox 1435 2594 1447 2629; x_wconf 93' lang='lat'><strong>:</strong></span> <span class='ocrx_word' id='word_1_198' title='bbox 1479 2584 1532 2628; x_wconf 92' lang='lat' dir='ltr'><strong>et</strong></span> <span class='ocrx_word' id='word_1_199' title='bbox 1558 2575 1652 2643; x_wconf 89' lang='lat' dir='ltr'><strong>qui</strong></span> <span class='ocrx_word' id='word_1_200' title='bbox 1685 2574 1849 2627; x_wconf 91' lang='lat' dir='ltr'><strong>vitam</strong></span> <span class='ocrx_word' id='word_1_201' title='bbox 1876 2585 1993 2627; x_wconf 78' lang='lat' dir='ltr'><strong>mo-</strong></span> 
     </span>
    </p>
   </div>
   <div class='ocr_carea' id='block_1_30' title="bbox 424 2658 1806 2733">
    <p class='ocr_par' dir='ltr' id='par_1_30' title="bbox 424 2658 1806 2733">
     <span class='ocr_line' id='line_1_30' title="bbox 424 2658 1806 2733; baseline 0.001 -18"><span class='ocrx_word' id='word_1_202' title='bbox 424 2658 669 2715; x_wconf 74' lang='lat' dir='ltr'><strong>deratam</strong></span> <span class='ocrx_word' id='word_1_203' title='bbox 705 2659 964 2728; x_wconf 79' lang='lat' dir='ltr'><strong>traduxit,</strong></span> <span class='ocrx_word' id='word_1_204' title='bbox 991 2669 1197 2717; x_wconf 68' lang='lat' dir='ltr'><strong>aeterno</strong></span> <span class='ocrx_word' id='word_1_205' title='bbox 1225 2663 1494 2733; x_wconf 90' lang='lat' dir='ltr'><strong>supplicio</strong></span> <span class='ocrx_word' id='word_1_206' title='bbox 1524 2662 1806 2717; x_wconf 89' lang='lat' dir='ltr'><strong>liberatur.</strong></span> 
     </span>
    </p>
   </div>
   <div class='ocr_carea' id='block_1_31' title="bbox 494 2765 1985 2842">
    <p class='ocr_par' dir='ltr' id='par_1_31' title="bbox 494 2765 1985 2842">
     <span class='ocr_line' id='line_1_31' title="bbox 494 2765 1985 2842; baseline 0.004 -21"><span class='ocrx_word' id='word_1_207' title='bbox 494 2765 579 2822; x_wconf 87' lang='lat' dir='ltr'><strong>LI.</strong></span> <span class='ocrx_word' id='word_1_208' title='bbox 621 2768 667 2801; x_wconf 79' lang='lat'><strong>“</strong></span> <span class='ocrx_word' id='word_1_209' title='bbox 704 2767 893 2837; x_wconf 85' lang='lat' dir='ltr'><strong>Porro,</strong></span> <span class='ocrx_word' id='word_1_210' title='bbox 929 2770 1059 2825; x_wconf 90' lang='lat' dir='ltr'><strong>dum</strong></span> <span class='ocrx_word' id='word_1_211' title='bbox 1112 2771 1544 2842; x_wconf 82' lang='lat' dir='ltr'><strong>uniuscujusque</strong></span> <span class='ocrx_word' id='word_1_212' title='bbox 1599 2787 1826 2839; x_wconf 91' lang='lat' dir='ltr'><strong>eorum,</strong></span> <span class='ocrx_word' id='word_1_213' title='bbox 1891 2772 1985 2842; x_wconf 74' lang='lat' dir='ltr'><strong>qui</strong></span> 
     </span>
    </p>
   </div>
   <div class='ocr_carea' id='block_1_32' title="bbox 424 2860 1985 2937">
    <p class='ocr_par' dir='ltr' id='par_1_32' title="bbox 424 2860 1985 2937">
     <span class='ocr_line' id='line_1_32' title="bbox 424 2860 1985 2937; baseline 0.004 -24"><span class='ocrx_word' id='word_1_214' title='bbox 424 2860 563 2929; x_wconf 87' lang='lat' dir='ltr'><strong>apud</strong></span> <span class='ocrx_word' id='word_1_215' title='bbox 595 2876 694 2916; x_wconf 88' lang='lat' dir='ltr'><strong>vos</strong></span> <span class='ocrx_word' id='word_1_216' title='bbox 729 2862 803 2916; x_wconf 92' lang='lat' dir='ltr'><strong>dii</strong></span> <span class='ocrx_word' id='word_1_217' title='bbox 846 2864 1219 2929; x_wconf 88' lang='lat' dir='ltr'><strong>nominantur,</strong></span> <span class='ocrx_word' id='word_1_218' title='bbox 1268 2864 1466 2933; x_wconf 87' lang='lat' dir='ltr'><strong>impios</strong></span> <span class='ocrx_word' id='word_1_219' title='bbox 1510 2874 1664 2921; x_wconf 90' lang='lat' dir='ltr'><strong>actus</strong></span> <span class='ocrx_word' id='word_1_220' title='bbox 1697 2866 1985 2937; x_wconf 80' lang='lat' dir='ltr'><strong>redarguo,</strong></span> 
     </span>
    </p>
   </div>
   <div class='ocr_carea' id='block_1_33' title="bbox 422 2948 1987 3023">
    <p class='ocr_par' dir='ltr' id='par_1_33' title="bbox 422 2948 1987 3023">
     <span class='ocr_line' id='line_1_33' title="bbox 422 2948 1987 3023; baseline 0.006 -20"><span class='ocrx_word' id='word_1_221' title='bbox 422 2948 594 3014; x_wconf 83' lang='lat' dir='ltr'><strong>Jovis.</strong></span> <span class='ocrx_word' id='word_1_222' title='bbox 618 2950 873 3022; x_wconf 85' lang='lat' dir='ltr'><strong>Neptuni,</strong></span> <span class='ocrx_word' id='word_1_223' title='bbox 906 2952 1175 3019; x_wconf 83' lang='lat' dir='ltr'><strong>Plutonis,</strong></span> <span class='ocrx_word' id='word_1_224' title='bbox 1203 2954 1491 3023; x_wconf 80' lang='lat' dir='ltr'><strong>Apollinis,</strong></span> <span class='ocrx_word' id='word_1_225' title='bbox 1532 2955 1750 3023; x_wconf 88' lang='lat' dir='ltr'><strong>Bacchi,</strong></span> <span class='ocrx_word' id='word_1_226' title='bbox 1781 2955 1987 3013; x_wconf 89' lang='lat' dir='ltr'><strong>llcreu-</strong></span> 
     </span>
    </p>
   </div>
   <div class='ocr_carea' id='block_1_34' title="bbox 2100 466 3673 542">
    <p class='ocr_par' dir='ltr' id='par_1_34' title="bbox 2100 466 3673 542">
     <span class='ocr_line' id='line_1_34' title="bbox 2100 466 3673 542; baseline -0.001 -17"><span class='ocrx_word' id='word_1_227' title='bbox 2100 470 2393 542; x_wconf 85' lang='grc' dir='ltr'>λεγομένην</span> <span class='ocrx_word' id='word_1_228' title='bbox 2426 469 2655 539; x_wconf 86' lang='grc' dir='ltr'>γένεσιν,</span> <span class='ocrx_word' id='word_1_229' title='bbox 2676 470 2767 522; x_wconf 75' lang='grc' dir='ltr'>καὶ</span> <span class='ocrx_word' id='word_1_230' title='bbox 2800 470 2927 541; x_wconf 85' lang='grc' dir='ltr'>παρ’</span> <span class='ocrx_word' id='word_1_231' title='bbox 2944 468 3111 540; x_wconf 70' lang='grc' dir='ltr'>αὐτὴν</span> <span class='ocrx_word' id='word_1_232' title='bbox 3141 466 3261 521; x_wconf 72' lang='grc' dir='ltr'>οὗτε</span> <span class='ocrx_word' id='word_1_233' title='bbox 3296 468 3523 540; x_wconf 82' lang='grc' dir='ltr'><strong>πάσχειν</strong></span> <span class='ocrx_word' id='word_1_234' title='bbox 3550 470 3673 523; x_wconf 77' lang='grc' dir='ltr'>τινὰ</span> 
     </span>
    </p>
   </div>
   <div class='ocr_carea' id='block_1_35' title="bbox 2098 558 3668 632">
    <p class='ocr_par' dir='ltr' id='par_1_35' title="bbox 2098 558 3668 632">
     <span class='ocr_line' id='line_1_35' title="bbox 2098 558 3668 632; baseline -0.001 -16"><span class='ocrx_word' id='word_1_235' title='bbox 2098 561 2317 616; x_wconf 75' lang='grc' dir='ltr'>δυνατὸν</span> <span class='ocrx_word' id='word_1_236' title='bbox 2350 561 2487 615; x_wconf 76' lang='grc' dir='ltr'>εἷναί</span> <span class='ocrx_word' id='word_1_237' title='bbox 2521 580 2702 632; x_wconf 87' lang='grc' dir='ltr'>φασιν,</span> <span class='ocrx_word' id='word_1_238' title='bbox 2738 559 2860 615; x_wconf 73' lang='grc' dir='ltr'>οὔτε</span> <span class='ocrx_word' id='word_1_239' title='bbox 2893 563 3099 614; x_wconf 85' lang='grc' dir='ltr'><strong>ποιεῖν·</strong></span> <span class='ocrx_word' id='word_1_240' title='bbox 3127 559 3213 613; x_wconf 86' lang='grc' dir='ltr'><strong>ῖνα</strong></span> <span class='ocrx_word' id='word_1_241' title='bbox 3243 558 3559 630; x_wconf 89' lang='grc' dir='ltr'>νομίσαντες</span> <span class='ocrx_word' id='word_1_242' title='bbox 3588 562 3668 615; x_wconf 83' lang='grc' dir='ltr'><strong>ὅτι</strong></span> 
     </span>
    </p>
   </div>
   <div class='ocr_carea' id='block_1_36' title="bbox 2101 649 3666 723">
    <p class='ocr_par' dir='ltr' id='par_1_36' title="bbox 2101 649 3666 723">
     <span class='ocr_line' id='line_1_36' title="bbox 2101 649 3666 723; baseline -0.001 -18"><span class='ocrx_word' id='word_1_243' title='bbox 2101 652 2250 723; x_wconf 84' lang='grc' dir='ltr'>παρά</span> <span class='ocrx_word' id='word_1_244' title='bbox 2280 652 2489 722; x_wconf 86' lang='grc' dir='ltr'>γένεσιν</span> <span class='ocrx_word' id='word_1_245' title='bbox 2521 652 2695 715; x_wconf 75' lang='grc' dir='ltr'>οὐδεὶς</span> <span class='ocrx_word' id='word_1_246' title='bbox 2726 651 2847 705; x_wconf 77' lang='grc' dir='ltr'>οὔτε</span> <span class='ocrx_word' id='word_1_247' title='bbox 2881 652 3074 715; x_wconf 82' lang='grc' dir='ltr'><strong>ποιεῖν,</strong></span> <span class='ocrx_word' id='word_1_248' title='bbox 3106 649 3227 704; x_wconf 74' lang='grc' dir='ltr'>οὔτε</span> <span class='ocrx_word' id='word_1_249' title='bbox 3262 650 3487 721; x_wconf 84' lang='grc' dir='ltr'><strong>πάσχειν</strong></span> <span class='ocrx_word' id='word_1_250' title='bbox 3532 650 3666 721; x_wconf 76' lang='grc' dir='ltr'>ἔχει,</span> 
     </span>
    </p>
   </div>
   <div class='ocr_carea' id='block_1_37' title="bbox 2103 744 3671 817">
    <p class='ocr_par' dir='ltr' id='par_1_37' title="bbox 2103 744 3671 817">
     <span class='ocr_line' id='line_1_37' title="bbox 2103 744 3671 817; baseline 0.001 -21"><span class='ocrx_word' id='word_1_251' title='bbox 2103 744 2299 815; x_wconf 68' lang='grc' dir='ltr'>ῥᾳδίως</span> <span class='ocrx_word' id='word_1_252' title='bbox 2331 745 2423 798; x_wconf 74' lang='grc' dir='ltr'><strong>ἐπὶ</strong></span> <span class='ocrx_word' id='word_1_253' title='bbox 2454 745 2513 799; x_wconf 82' lang='grc' dir='ltr'><strong>τὸ</strong></span> <span class='ocrx_word' id='word_1_254' title='bbox 2545 744 2876 817; x_wconf 79' lang='grc' dir='ltr'><strong>ἁμαρτάνειν</strong></span> <span class='ocrx_word' id='word_1_255' title='bbox 2910 744 3192 815; x_wconf 79' lang='grc' dir='ltr'>ἐρχωνται,</span> <span class='ocrx_word' id='word_1_256' title='bbox 3219 745 3311 799; x_wconf 71' lang='grc' dir='ltr'><strong>καὶ</strong></span> <span class='ocrx_word' id='word_1_257' title='bbox 3340 745 3671 816; x_wconf 83' lang='grc' dir='ltr'>ἁμαρτάνον-</span> 
     </span>
    </p>
   </div>
   <div class='ocr_carea' id='block_1_38' title="bbox 2097 834 3669 909">
    <p class='ocr_par' dir='ltr' id='par_1_38' title="bbox 2097 834 3669 909">
     <span class='ocr_line' id='line_1_38' title="bbox 2097 834 3669 909; baseline 0.001 -20"><span class='ocrx_word' id='word_1_258' title='bbox 2097 854 2210 900; x_wconf 90' lang='grc' dir='ltr'>τες,</span> <span class='ocrx_word' id='word_1_259' title='bbox 2250 836 2323 908; x_wconf 83' lang='grc' dir='ltr'><strong>μὴ</strong></span> <span class='ocrx_word' id='word_1_260' title='bbox 2360 836 2761 909; x_wconf 87' lang='grc' dir='ltr'>μεταμέλωνται</span> <span class='ocrx_word' id='word_1_261' title='bbox 2794 838 2880 908; x_wconf 78' lang='grc' dir='ltr'><strong>ἐφ’</strong></span> <span class='ocrx_word' id='word_1_262' title='bbox 2913 834 2994 903; x_wconf 72' lang='grc' dir='ltr'>οἷς</span> <span class='ocrx_word' id='word_1_263' title='bbox 3026 836 3377 909; x_wconf 74' lang='grc' dir='ltr'>ἠσεϐήκασιν.</span> <span class='ocrx_word' id='word_1_264' title='bbox 3401 836 3579 895; x_wconf 80' lang='grc' dir='ltr'><strong>ΙἈλλοι</strong></span> <span class='ocrx_word' id='word_1_265' title='bbox 3610 837 3669 891; x_wconf 80' lang='grc' dir='ltr'>δὲ</span> 
     </span>
    </p>
   </div>
   <div class='ocr_carea' id='block_1_39' title="bbox 2099 928 3669 1001">
    <p class='ocr_par' dir='ltr' id='par_1_39' title="bbox 2099 928 3669 1001">
     <span class='ocr_line' id='line_1_39' title="bbox 2099 928 3669 1001; baseline 0 -20"><span class='ocrx_word' id='word_1_266' title='bbox 2099 928 2407 1000; x_wconf 80' lang='grc' dir='ltr'><strong>ἀπρονόητα</strong></span> <span class='ocrx_word' id='word_1_267' title='bbox 2438 929 2819 1000; x_wconf 77' lang='grc' dir='ltr'>δογματίζουσι</span> <span class='ocrx_word' id='word_1_268' title='bbox 2850 930 2918 984; x_wconf 81' lang='grc' dir='ltr'><strong>τά</strong></span> <span class='ocrx_word' id='word_1_269' title='bbox 2951 930 3209 1001; x_wconf 87' lang='grc' dir='ltr'>παρόντα,</span> <span class='ocrx_word' id='word_1_270' title='bbox 3232 930 3330 983; x_wconf 76' lang='grc' dir='ltr'>καὶ</span> <span class='ocrx_word' id='word_1_271' title='bbox 3354 928 3669 1000; x_wconf 79' lang='grc' dir='ltr'><strong>αὐτομάτως</strong></span> 
     </span>
    </p>
   </div>
   <div class='ocr_carea' id='block_1_40' title="bbox 2101 1018 3669 1091">
    <p class='ocr_par' dir='ltr' id='par_1_40' title="bbox 2101 1018 3669 1091">
     <span class='ocr_line' id='line_1_40' title="bbox 2101 1018 3669 1091; baseline 0.001 -21"><span class='ocrx_word' id='word_1_272' title='bbox 2101 1018 2355 1091; x_wconf 85' lang='grc' dir='ltr'>φέρεσθαι</span> <span class='ocrx_word' id='word_1_273' title='bbox 2387 1019 2444 1071; x_wconf 86' lang='grc' dir='ltr'><strong>τδ</strong></span> <span class='ocrx_word' id='word_1_274' title='bbox 2478 1022 2584 1073; x_wconf 75' lang='grc' dir='ltr'>πᾶν</span> <span class='ocrx_word' id='word_1_275' title='bbox 2616 1020 2907 1089; x_wconf 77' lang='grc' dir='ltr'>εἰσάγουσι,</span> <span class='ocrx_word' id='word_1_276' title='bbox 2935 1019 3159 1091; x_wconf 82' lang='grc' dir='ltr'>μηδενὸς</span> <span class='ocrx_word' id='word_1_277' title='bbox 3192 1018 3550 1088; x_wconf 77' lang='grc' dir='ltr'><strong>ἐφεστηκότος</strong></span> <span class='ocrx_word' id='word_1_278' title='bbox 3580 1020 3669 1071; x_wconf 84' lang='grc' dir='ltr'><strong>Δε-</strong></span> 
     </span>
    </p>
   </div>
   <div class='ocr_carea' id='block_1_41' title="bbox 2101 1108 3666 1183">
    <p class='ocr_par' dir='ltr' id='par_1_41' title="bbox 2101 1108 3666 1183">
     <span class='ocr_line' id='line_1_41' title="bbox 2101 1108 3666 1183; baseline 0.001 -21"><span class='ocrx_word' id='word_1_279' title='bbox 2101 1109 2297 1164; x_wconf 81' lang='grc' dir='ltr'>σπότου</span> <span class='ocrx_word' id='word_1_280' title='bbox 2322 1128 2334 1141; x_wconf 90' lang='grc'><strong>·</strong></span> <span class='ocrx_word' id='word_1_281' title='bbox 2371 1110 2399 1165; x_wconf 83' lang='grc' dir='ltr'><strong>δ</strong></span> <span class='ocrx_word' id='word_1_282' title='bbox 2431 1110 2493 1183; x_wconf 81' lang='grc' dir='ltr'>δὴ</span> <span class='ocrx_word' id='word_1_283' title='bbox 2516 1112 2557 1143; x_wconf 84' lang='grc'>⁸¹</span> <span class='ocrx_word' id='word_1_284' title='bbox 2592 1114 2683 1165; x_wconf 77' lang='grc' dir='ltr'>καὶ</span> <span class='ocrx_word' id='word_1_285' title='bbox 2718 1112 2931 1165; x_wconf 84' lang='grc' dir='ltr'>πάντων</span> <span class='ocrx_word' id='word_1_286' title='bbox 2964 1112 3075 1164; x_wconf 71' lang='grc' dir='ltr'>ἐστὶ</span> <span class='ocrx_word' id='word_1_287' title='bbox 3108 1109 3506 1181; x_wconf 81' lang='grc' dir='ltr'>χαλεπώτατον,</span> <span class='ocrx_word' id='word_1_288' title='bbox 3524 1108 3666 1163; x_wconf 80' lang='grc' dir='ltr'>οὕτω</span> 
     </span>
    </p>
   </div>
   <div class='ocr_carea' id='block_1_42' title="bbox 2098 1200 3665 1273">
    <p class='ocr_par' dir='ltr' id='par_1_42' title="bbox 2098 1200 3665 1273">
     <span class='ocr_line' id='line_1_42' title="bbox 2098 1200 3665 1273; baseline 0 -20"><span class='ocrx_word' id='word_1_289' title='bbox 2098 1200 2188 1254; x_wconf 77' lang='grc' dir='ltr'><strong>τὸν</strong></span> <span class='ocrx_word' id='word_1_290' title='bbox 2219 1201 2347 1254; x_wconf 82' lang='grc' dir='ltr'>Θεὸν</span> <span class='ocrx_word' id='word_1_291' title='bbox 2383 1201 2738 1273; x_wconf 77' lang='grc' dir='ltr'>βλασφημεῖν,</span> <span class='ocrx_word' id='word_1_292' title='bbox 2774 1205 2867 1256; x_wconf 77' lang='grc' dir='ltr'>καὶ</span> <span class='ocrx_word' id='word_1_293' title='bbox 2898 1202 2999 1272; x_wconf 79' lang='grc' dir='ltr'>τῆς</span> <span class='ocrx_word' id='word_1_294' title='bbox 3028 1200 3121 1255; x_wconf 86' lang='grc' dir='ltr'><strong>τοῦ</strong></span> <span class='ocrx_word' id='word_1_295' title='bbox 3157 1202 3353 1264; x_wconf 78' lang='grc' dir='ltr'>παντὸς</span> <span class='ocrx_word' id='word_1_296' title='bbox 3386 1200 3665 1254; x_wconf 78' lang='grc' dir='ltr'>ἐκϐάλλειν</span> 
     </span>
    </p>
   </div>
   <div class='ocr_carea' id='block_1_43' title="bbox 2099 1290 3666 1366">
    <p class='ocr_par' dir='ltr' id='par_1_43' title="bbox 2099 1290 3666 1366">
     <span class='ocr_line' id='line_1_43' title="bbox 2099 1290 3666 1366; baseline 0 -21"><span class='ocrx_word' id='word_1_297' title='bbox 2099 1294 2371 1365; x_wconf 81' lang='grc' dir='ltr'>προνοίας,</span> <span class='ocrx_word' id='word_1_298' title='bbox 2406 1294 2543 1347; x_wconf 83' lang='grc' dir='ltr'>ὥστε</span> <span class='ocrx_word' id='word_1_299' title='bbox 2592 1296 2725 1366; x_wconf 86' lang='grc' dir='ltr'>μηδὲ</span> <span class='ocrx_word' id='word_1_300' title='bbox 2771 1290 2906 1349; x_wconf 72' lang='grc' dir='ltr'>εἶναι</span> <span class='ocrx_word' id='word_1_301' title='bbox 2937 1295 3113 1364; x_wconf 86' lang='grc' dir='ltr'>λέγειν</span> <span class='ocrx_word' id='word_1_302' title='bbox 3145 1294 3234 1346; x_wconf 81' lang='grc' dir='ltr'><strong>τὸν</strong></span> <span class='ocrx_word' id='word_1_303' title='bbox 3266 1293 3543 1362; x_wconf 77' lang='grc' dir='ltr'>ἐφεστῶτα</span> <span class='ocrx_word' id='word_1_304' title='bbox 3574 1294 3666 1345; x_wconf 79' lang='grc' dir='ltr'>καὶ</span> 
     </span>
    </p>
   </div>
   <div class='ocr_carea' id='block_1_44' title="bbox 2099 1384 3663 1458">
    <p class='ocr_par' dir='ltr' id='par_1_44' title="bbox 2099 1384 3663 1458">
     <span class='ocr_line' id='line_1_44' title="bbox 2099 1384 3663 1458; baseline 0 -21"><span class='ocrx_word' id='word_1_305' title='bbox 2099 1384 2507 1456; x_wconf 83' lang='grc' dir='ltr'>προνοούμενον,</span> <span class='ocrx_word' id='word_1_306' title='bbox 2542 1387 2636 1439; x_wconf 64' lang='grc' dir='ltr'><strong>κα)⁵</strong></span> <span class='ocrx_word' id='word_1_307' title='bbox 2655 1388 2699 1418; x_wconf 78' lang='grc'><strong><em>⁵⁸</em></strong></span> <span class='ocrx_word' id='word_1_308' title='bbox 2731 1386 2797 1441; x_wconf 78' lang='grc' dir='ltr'><strong>τά</strong></span> <span class='ocrx_word' id='word_1_309' title='bbox 2829 1388 2947 1441; x_wconf 82' lang='grc' dir='ltr'>κατ’</span> <span class='ocrx_word' id='word_1_310' title='bbox 2982 1388 3133 1454; x_wconf 82' lang='grc' dir='ltr'>ἀξίαν</span> <span class='ocrx_word' id='word_1_311' title='bbox 3168 1386 3244 1458; x_wconf 80' lang='grc' dir='ltr'><strong>τῷ</strong></span> <span class='ocrx_word' id='word_1_312' title='bbox 3276 1387 3434 1439; x_wconf 69' lang='grc' dir='ltr'>παντὶ</span> <span class='ocrx_word' id='word_1_313' title='bbox 3467 1385 3663 1439; x_wconf 86' lang='grc' dir='ltr'>ἀπονέ-</span> 
     </span>
    </p>
   </div>
   <div class='ocr_carea' id='block_1_45' title="bbox 2101 1473 3668 1550">
    <p class='ocr_par' dir='ltr' id='par_1_45' title="bbox 2101 1473 3668 1550">
     <span class='ocr_line' id='line_1_45' title="bbox 2101 1473 3668 1550; baseline 0.001 -24"><span class='ocrx_word' id='word_1_314' title='bbox 2101 1490 2266 1545; x_wconf 89' lang='grc' dir='ltr'>μοντα</span> <span class='ocrx_word' id='word_1_315' title='bbox 2286 1492 2299 1505; x_wconf 66' lang='grc' dir='ltr'><strong><em>ο</em></strong></span> <span class='ocrx_word' id='word_1_316' title='bbox 2324 1474 2444 1527; x_wconf 86' lang='grc' dir='ltr'>ὅθεν</span> <span class='ocrx_word' id='word_1_317' title='bbox 2477 1476 2537 1528; x_wconf 85' lang='grc' dir='ltr'><strong>ού</strong></span> <span class='ocrx_word' id='word_1_318' title='bbox 2574 1477 2770 1550; x_wconf 72' lang='grc' dir='ltr'>ῥᾳδίως</span> <span class='ocrx_word' id='word_1_319' title='bbox 2800 1478 2849 1530; x_wconf 89' lang='grc' dir='ltr'><strong>οί</strong></span> <span class='ocrx_word' id='word_1_320' title='bbox 2882 1477 2951 1532; x_wconf 76' lang='grc' dir='ltr'>τὰ</span> <span class='ocrx_word' id='word_1_321' title='bbox 2982 1477 3201 1531; x_wconf 88' lang='grc' dir='ltr'>τοιαῦτα</span> <span class='ocrx_word' id='word_1_322' title='bbox 3224 1473 3541 1550; x_wconf 76' lang='grc' dir='ltr'>φρονοῦντες</span> <span class='ocrx_word' id='word_1_323' title='bbox 3565 1493 3668 1528; x_wconf 82' lang='grc' dir='ltr'>οω-</span> 
     </span>
    </p>
   </div>
   <div class='ocr_carea' id='block_1_46' title="bbox 2099 1563 3667 1641">
    <p class='ocr_par' dir='ltr' id='par_1_46' title="bbox 2099 1563 3667 1641">
     <span class='ocr_line' id='line_1_46' title="bbox 2099 1563 3667 1641; baseline 0.003 -25"><span class='ocrx_word' id='word_1_324' title='bbox 2099 1563 2572 1633; x_wconf 75' lang='grc' dir='ltr'>φρονίζονται.Τὸν</span> <span class='ocrx_word' id='word_1_325' title='bbox 2604 1566 2711 1641; x_wconf 80' lang='grc' dir='ltr'><strong>γάρ</strong></span> <span class='ocrx_word' id='word_1_326' title='bbox 2745 1569 3104 1641; x_wconf 74' lang='grc' dir='ltr'>ἐπερχόμενον</span> <span class='ocrx_word' id='word_1_327' title='bbox 3137 1567 3375 1624; x_wconf 84' lang='grc' dir='ltr'>κίνδυνον</span> <span class='ocrx_word' id='word_1_328' title='bbox 3407 1568 3467 1622; x_wconf 85' lang='grc' dir='ltr'><strong>ού</strong></span> <span class='ocrx_word' id='word_1_329' title='bbox 3501 1584 3667 1639; x_wconf 84' lang='grc' dir='ltr'>προο-</span> 
     </span>
    </p>
   </div>
   <div class='ocr_carea' id='block_1_47' title="bbox 2103 1672 2314 1727">
    <p class='ocr_par' dir='ltr' id='par_1_47' title="bbox 2103 1672 2314 1727">
     <span class='ocr_line' id='line_1_47' title="bbox 2103 1672 2314 1727; baseline 0.009 -18"><span class='ocrx_word' id='word_1_330' title='bbox 2103 1672 2314 1727; x_wconf 87' lang='grc' dir='ltr'>ρωνται.</span> 
     </span>
    </p>
   </div>
   <div class='ocr_carea' id='block_1_48' title="bbox 2166 1832 3668 1912">
    <p class='ocr_par' dir='ltr' id='par_1_48' title="bbox 2166 1832 3668 1912">
     <span class='ocr_line' id='line_1_48' title="bbox 2166 1832 3668 1912; baseline 0 -23"><span class='ocrx_word' id='word_1_331' title='bbox 2166 1832 2227 1889; x_wconf 93' lang='lat' dir='ltr'><strong>L.</strong></span> <span class='ocrx_word' id='word_1_332' title='bbox 2257 1835 2312 1889; x_wconf 81' lang='grc' dir='ltr'>Ὀ</span> <span class='ocrx_word' id='word_1_333' title='bbox 2327 1834 2382 1890; x_wconf 79' lang='grc' dir='ltr'>δὲ</span> <span class='ocrx_word' id='word_1_334' title='bbox 2402 1834 2530 1902; x_wconf 86' lang='grc' dir='ltr'>τῶν,</span> <span class='ocrx_word' id='word_1_335' title='bbox 2555 1836 2629 1902; x_wconf 85' lang='grc' dir='ltr'>ὡς</span> <span class='ocrx_word' id='word_1_336' title='bbox 2650 1838 2803 1909; x_wconf 79' lang='grc' dir='ltr'>ὑμεῖς</span> <span class='ocrx_word' id='word_1_337' title='bbox 2828 1854 2981 1907; x_wconf 85' lang='grc' dir='ltr'>φατε,</span> <span class='ocrx_word' id='word_1_338' title='bbox 3005 1836 3290 1912; x_wconf 89' lang='grc' dir='ltr'>βαρϐάρων</span> <span class='ocrx_word' id='word_1_339' title='bbox 3311 1835 3485 1904; x_wconf 83' lang='grc' dir='ltr'>λόγος,</span> <span class='ocrx_word' id='word_1_340' title='bbox 3505 1836 3668 1889; x_wconf 78' lang='grc' dir='ltr'>εύσε·</span> 
     </span>
    </p>
   </div>
   <div class='ocr_carea' id='block_1_49' title="bbox 2095 1924 3663 2001">
    <p class='ocr_par' dir='ltr' id='par_1_49' title="bbox 2095 1924 3663 2001">
     <span class='ocr_line' id='line_1_49' title="bbox 2095 1924 3663 2001; baseline 0.001 -23"><span class='ocrx_word' id='word_1_341' title='bbox 2095 1924 2350 1990; x_wconf 84' lang='grc' dir='ltr'>ϐέστατός</span> <span class='ocrx_word' id='word_1_342' title='bbox 2382 1928 2546 1993; x_wconf 77' lang='grc' dir='ltr'>ἐστιν,</span> <span class='ocrx_word' id='word_1_343' title='bbox 2568 1928 2665 1983; x_wconf 71' lang='grc' dir='ltr'>ἕνα</span> <span class='ocrx_word' id='word_1_344' title='bbox 2696 1928 2825 1981; x_wconf 82' lang='grc' dir='ltr'>Θεὸν</span> <span class='ocrx_word' id='word_1_345' title='bbox 2857 1928 3184 2001; x_wconf 81' lang='grc' dir='ltr'>δημιουργὸν</span> <span class='ocrx_word' id='word_1_346' title='bbox 3213 1928 3366 1981; x_wconf 85' lang='grc' dir='ltr'>τοῦδε</span> <span class='ocrx_word' id='word_1_347' title='bbox 3398 1927 3491 1980; x_wconf 90' lang='grc' dir='ltr'><strong>τοῦ</strong></span> <span class='ocrx_word' id='word_1_348' title='bbox 3527 1943 3663 1980; x_wconf 84' lang='grc' dir='ltr'>παν-</span> 
     </span>
    </p>
   </div>
   <div class='ocr_carea' id='block_1_50' title="bbox 2092 2014 3667 2090">
    <p class='ocr_par' dir='ltr' id='par_1_50' title="bbox 2092 2014 3667 2090">
     <span class='ocr_line' id='line_1_50' title="bbox 2092 2014 3667 2090; baseline 0.003 -22"><span class='ocrx_word' id='word_1_349' title='bbox 2092 2014 2183 2080; x_wconf 82' lang='grc' dir='ltr'>τὸς</span> <span class='ocrx_word' id='word_1_350' title='bbox 2214 2016 2618 2089; x_wconf 78' lang='grc' dir='ltr'>εἰσηγούμενος,</span> <span class='ocrx_word' id='word_1_351' title='bbox 2638 2021 2704 2090; x_wconf 83' lang='grc' dir='ltr'>τῇ</span> <span class='ocrx_word' id='word_1_352' title='bbox 2740 2018 2897 2088; x_wconf 90' lang='grc' dir='ltr'>φύσει</span> <span class='ocrx_word' id='word_1_353' title='bbox 2929 2019 3128 2087; x_wconf 80' lang='grc' dir='ltr'>ἀγαθὸν</span> <span class='ocrx_word' id='word_1_354' title='bbox 3150 2019 3244 2073; x_wconf 69' lang='grc' dir='ltr'>καὶ</span> <span class='ocrx_word' id='word_1_355' title='bbox 3262 2019 3468 2073; x_wconf 85' lang='grc' dir='ltr'>δίκαιον</span> <span class='ocrx_word' id='word_1_356' title='bbox 3487 2036 3500 2049; x_wconf 89' lang='grc'><strong>·</strong></span> <span class='ocrx_word' id='word_1_357' title='bbox 3526 2020 3667 2088; x_wconf 86' lang='grc' dir='ltr'>ἀγα-</span> 
     </span>
    </p>
   </div>
   <div class='ocr_carea' id='block_1_51' title="bbox 2094 2105 3669 2180">
    <p class='ocr_par' dir='ltr' id='par_1_51' title="bbox 2094 2105 3669 2180">
     <span class='ocr_line' id='line_1_51' title="bbox 2094 2105 3669 2180; baseline 0.001 -19"><span class='ocrx_word' id='word_1_358' title='bbox 2094 2105 2184 2161; x_wconf 83' lang='grc' dir='ltr'><strong>θὸν</strong></span> <span class='ocrx_word' id='word_1_359' title='bbox 2219 2107 2336 2178; x_wconf 81' lang='grc' dir='ltr'>μὲν,</span> <span class='ocrx_word' id='word_1_360' title='bbox 2370 2107 2445 2171; x_wconf 85' lang='grc' dir='ltr'>ὼς</span> <span class='ocrx_word' id='word_1_361' title='bbox 2491 2109 2943 2179; x_wconf 89' lang='grc' dir='ltr'>μεταμελομένοις</span> <span class='ocrx_word' id='word_1_362' title='bbox 2977 2108 3355 2180; x_wconf 79' lang='grc' dir='ltr'>συγχωροῦντα</span> <span class='ocrx_word' id='word_1_363' title='bbox 3386 2108 3454 2162; x_wconf 81' lang='grc' dir='ltr'><strong>τά</strong></span> <span class='ocrx_word' id='word_1_364' title='bbox 3486 2109 3669 2180; x_wconf 74' lang='grc' dir='ltr'>ἀμαρο</span> 
     </span>
    </p>
   </div>
   <div class='ocr_carea' id='block_1_52' title="bbox 2089 2198 3662 2271">
    <p class='ocr_par' dir='ltr' id='par_1_52' title="bbox 2089 2198 3662 2271">
     <span class='ocr_line' id='line_1_52' title="bbox 2089 2198 3662 2271; baseline 0.001 -20"><span class='ocrx_word' id='word_1_365' title='bbox 2089 2198 2334 2270; x_wconf 78' lang='grc' dir='ltr'><strong>τήματα⁹</strong></span> <span class='ocrx_word' id='word_1_366' title='bbox 2357 2200 2561 2254; x_wconf 87' lang='grc' dir='ltr'>δίκαιον</span> <span class='ocrx_word' id='word_1_367' title='bbox 2593 2200 2668 2266; x_wconf 75' lang='grc' dir='ltr'><strong>δὲ,</strong></span> <span class='ocrx_word' id='word_1_368' title='bbox 2691 2200 2765 2263; x_wconf 85' lang='grc' dir='ltr'><strong>ὡς</strong></span> <span class='ocrx_word' id='word_1_369' title='bbox 2797 2200 3006 2271; x_wconf 78' lang='grc' dir='ltr'>ἑκάστῳ</span> <span class='ocrx_word' id='word_1_370' title='bbox 3030 2200 3103 2271; x_wconf 85' lang='grc' dir='ltr'><strong>μὴ</strong></span> <span class='ocrx_word' id='word_1_371' title='bbox 3135 2199 3499 2271; x_wconf 77' lang='grc' dir='ltr'>μετανοοῦντι,</span> <span class='ocrx_word' id='word_1_372' title='bbox 3537 2201 3662 2253; x_wconf 79' lang='grc' dir='ltr'>κατ’</span> 
     </span>
    </p>
   </div>
   <div class='ocr_carea' id='block_1_53' title="bbox 2092 2288 3664 2363">
    <p class='ocr_par' dir='ltr' id='par_1_53' title="bbox 2092 2288 3664 2363">
     <span class='ocr_line' id='line_1_53' title="bbox 2092 2288 3664 2363; baseline 0 -19"><span class='ocrx_word' id='word_1_373' title='bbox 2092 2288 2247 2355; x_wconf 77' lang='grc' dir='ltr'>ἀξίαν</span> <span class='ocrx_word' id='word_1_374' title='bbox 2291 2291 2397 2345; x_wconf 85' lang='grc' dir='ltr'><strong>τῶν</strong></span> <span class='ocrx_word' id='word_1_375' title='bbox 2442 2291 2859 2363; x_wconf 80' lang='grc' dir='ltr'>πεπραγμένων,</span> <span class='ocrx_word' id='word_1_376' title='bbox 2894 2292 3224 2345; x_wconf 85' lang='grc' dir='ltr'>ἀποδιδόντα.</span> <span class='ocrx_word' id='word_1_377' title='bbox 3245 2293 3513 2355; x_wconf 87' lang='grc' dir='ltr'>Ἕκαστος</span> <span class='ocrx_word' id='word_1_378' title='bbox 3554 2290 3664 2362; x_wconf 74' lang='grc' dir='ltr'><strong>γάρ</strong></span> 
     </span>
    </p>
   </div>
   <div class='ocr_carea' id='block_1_54' title="bbox 2092 2382 3664 2455">
    <p class='ocr_par' dir='ltr' id='par_1_54' title="bbox 2092 2382 3664 2455">
     <span class='ocr_line' id='line_1_54' title="bbox 2092 2382 3664 2455; baseline 0 -20"><span class='ocrx_word' id='word_1_379' title='bbox 2092 2382 2387 2454; x_wconf 69' lang='grc' dir='ltr'>προσδοκίᾳ</span> <span class='ocrx_word' id='word_1_380' title='bbox 2436 2383 2529 2437; x_wconf 90' lang='grc' dir='ltr'><strong>τοῦ</strong></span> <span class='ocrx_word' id='word_1_381' title='bbox 2581 2382 2934 2455; x_wconf 78' lang='grc' dir='ltr'>κριθήσεσθαι</span> <span class='ocrx_word' id='word_1_382' title='bbox 2987 2383 3090 2441; x_wconf 82' lang='grc' dir='ltr'><strong>ὑπὸ</strong></span> <span class='ocrx_word' id='word_1_383' title='bbox 3139 2382 3232 2436; x_wconf 85' lang='grc' dir='ltr'><strong>τοῦ</strong></span> <span class='ocrx_word' id='word_1_384' title='bbox 3285 2382 3664 2437; x_wconf 81' lang='grc' dir='ltr'>παντεπόπτου</span> 
     </span>
    </p>
   </div>
   <div class='ocr_carea' id='block_1_55' title="bbox 2091 2473 3663 2546">
    <p class='ocr_par' dir='ltr' id='par_1_55' title="bbox 2091 2473 3663 2546">
     <span class='ocr_line' id='line_1_55' title="bbox 2091 2473 3663 2546; baseline 0 -20"><span class='ocrx_word' id='word_1_385' title='bbox 2091 2473 2247 2539; x_wconf 85' lang='grc' dir='ltr'>Θεοῦ,</span> <span class='ocrx_word' id='word_1_386' title='bbox 2283 2474 2421 2546; x_wconf 86' lang='grc' dir='ltr'>πρὸς</span> <span class='ocrx_word' id='word_1_387' title='bbox 2461 2475 2523 2528; x_wconf 85' lang='grc' dir='ltr'><strong>τὸ</strong></span> <span class='ocrx_word' id='word_1_388' title='bbox 2572 2477 2862 2545; x_wconf 82' lang='grc' dir='ltr'>σωφρονεῖν</span> <span class='ocrx_word' id='word_1_389' title='bbox 2899 2474 3095 2545; x_wconf 78' lang='grc' dir='ltr'>μᾶλλον</span> <span class='ocrx_word' id='word_1_390' title='bbox 3126 2474 3224 2546; x_wconf 83' lang='grc' dir='ltr'><strong>τὴν</strong></span> <span class='ocrx_word' id='word_1_391' title='bbox 3254 2474 3430 2546; x_wconf 82' lang='grc' dir='ltr'>ὁρμὴν</span> <span class='ocrx_word' id='word_1_392' title='bbox 3446 2474 3491 2505; x_wconf 85' lang='grc'>⁸⁸</span> <span class='ocrx_word' id='word_1_393' title='bbox 3522 2474 3663 2544; x_wconf 82' lang='grc' dir='ltr'>λαμ-</span> 
     </span>
    </p>
   </div>
   <div class='ocr_carea' id='block_1_56' title="bbox 2090 2564 3663 2638">
    <p class='ocr_par' dir='ltr' id='par_1_56' title="bbox 2090 2564 3663 2638">
     <span class='ocr_line' id='line_1_56' title="bbox 2090 2564 3663 2638; baseline 0.001 -20"><span class='ocrx_word' id='word_1_394' title='bbox 2090 2565 2240 2619; x_wconf 87' lang='grc' dir='ltr'>ϐάνει</span> <span class='ocrx_word' id='word_1_395' title='bbox 2274 2568 2369 2619; x_wconf 73' lang='grc' dir='ltr'>καὶ</span> <span class='ocrx_word' id='word_1_396' title='bbox 2389 2567 2417 2619; x_wconf 87' lang='grc' dir='ltr'>ὁ</span> <span class='ocrx_word' id='word_1_397' title='bbox 2439 2567 2728 2638; x_wconf 86' lang='grc' dir='ltr'>σωφρόνως</span> <span class='ocrx_word' id='word_1_398' title='bbox 2752 2564 3046 2637; x_wconf 86' lang='grc' dir='ltr'>βεϐιωκὼς,</span> <span class='ocrx_word' id='word_1_399' title='bbox 3066 2566 3166 2638; x_wconf 83' lang='grc' dir='ltr'>τῆς</span> <span class='ocrx_word' id='word_1_400' title='bbox 3190 2566 3408 2619; x_wconf 84' lang='grc' dir='ltr'>αἰωνίου</span> <span class='ocrx_word' id='word_1_401' title='bbox 3434 2564 3529 2618; x_wconf 86' lang='grc' dir='ltr'><strong>λυτ</strong></span> <span class='ocrx_word' id='word_1_402' title='bbox 3539 2565 3663 2637; x_wconf 82' lang='grc' dir='ltr'>ροῦ-</span> 
     </span>
    </p>
   </div>
   <div class='ocr_carea' id='block_1_57' title="bbox 2089 2654 2933 2729">
    <p class='ocr_par' dir='ltr' id='par_1_57' title="bbox 2089 2654 2933 2729">
     <span class='ocr_line' id='line_1_57' title="bbox 2089 2654 2933 2729; baseline 0.002 -18"><span class='ocrx_word' id='word_1_403' title='bbox 2089 2675 2179 2729; x_wconf 84' lang='grc' dir='ltr'><strong>ται</strong></span> <span class='ocrx_word' id='word_1_404' title='bbox 2212 2657 2501 2721; x_wconf 78' lang='grc' dir='ltr'>κολάσεως.</span> <span class='ocrx_word' id='word_1_405' title='bbox 2925 2654 2933 2663; x_wconf 78' lang='grc'><em>’</em></span> 
     </span>
    </p>
   </div>
   <div class='ocr_carea' id='block_1_58' title="bbox 2156 2769 3664 2843">
    <p class='ocr_par' dir='ltr' id='par_1_58' title="bbox 2156 2769 3664 2843">
     <span class='ocr_line' id='line_1_58' title="bbox 2156 2769 3664 2843; baseline -0.001 -19"><span class='ocrx_word' id='word_1_406' title='bbox 2156 2769 2251 2825; x_wconf 75' lang='lat' dir='ltr'><strong>Ll-</strong></span> <span class='ocrx_word' id='word_1_407' title='bbox 2275 2770 2406 2825; x_wconf 83' lang='grc' dir='ltr'><strong>Ἐκά</strong></span> <span class='ocrx_word' id='word_1_408' title='bbox 2416 2787 2541 2826; x_wconf 83' lang='grc' dir='ltr'>στου</span> <span class='ocrx_word' id='word_1_409' title='bbox 2564 2771 2621 2827; x_wconf 80' lang='grc' dir='ltr'>δὲ</span> <span class='ocrx_word' id='word_1_410' title='bbox 2645 2771 2753 2825; x_wconf 81' lang='grc' dir='ltr'>τῶν</span> <span class='ocrx_word' id='word_1_411' title='bbox 2770 2772 2897 2843; x_wconf 86' lang='grc' dir='ltr'>παρ’</span> <span class='ocrx_word' id='word_1_412' title='bbox 2921 2772 3049 2842; x_wconf 82' lang='grc' dir='ltr'>ὑμῖν</span> <span class='ocrx_word' id='word_1_413' title='bbox 3070 2770 3372 2841; x_wconf 85' lang='grc' dir='ltr'>λεγομένων</span> <span class='ocrx_word' id='word_1_414' title='bbox 3395 2770 3532 2824; x_wconf 85' lang='grc' dir='ltr'>θεῶν</span> <span class='ocrx_word' id='word_1_415' title='bbox 3562 2769 3664 2834; x_wconf 83' lang='grc' dir='ltr'><strong>τάς</strong></span> 
     </span>
    </p>
   </div>
   <div class='ocr_carea' id='block_1_59' title="bbox 2086 2859 3662 2933">
    <p class='ocr_par' dir='ltr' id='par_1_59' title="bbox 2086 2859 3662 2933">
     <span class='ocr_line' id='line_1_59' title="bbox 2086 2859 3662 2933; baseline -0.002 -17"><span class='ocrx_word' id='word_1_416' title='bbox 2086 2862 2303 2925; x_wconf 86' lang='grc' dir='ltr'>ἀσεϐεῖς</span> <span class='ocrx_word' id='word_1_417' title='bbox 2344 2861 2632 2932; x_wconf 85' lang='grc' dir='ltr'>διελέγχων</span> <span class='ocrx_word' id='word_1_418' title='bbox 2682 2860 2927 2933; x_wconf 79' lang='grc' dir='ltr'>πράξεις,</span> <span class='ocrx_word' id='word_1_419' title='bbox 2962 2859 3054 2913; x_wconf 86' lang='grc' dir='ltr'><strong>τοῦ</strong></span> <span class='ocrx_word' id='word_1_420' title='bbox 3100 2861 3219 2925; x_wconf 90' lang='grc' dir='ltr'>Διός</span> <span class='ocrx_word' id='word_1_421' title='bbox 3249 2878 3309 2914; x_wconf 83' lang='grc' dir='ltr'><strong>τε</strong></span> <span class='ocrx_word' id='word_1_422' title='bbox 3343 2862 3437 2913; x_wconf 72' lang='grc' dir='ltr'><strong>καὶ</strong></span> <span class='ocrx_word' id='word_1_423' title='bbox 3468 2861 3662 2913; x_wconf 87' lang='grc' dir='ltr'>Ποσει-</span> 
     </span>
    </p>
   </div>
   <div class='ocr_carea' id='block_1_60' title="bbox 2086 2949 3663 3015">
    <p class='ocr_par' dir='ltr' id='par_1_60' title="bbox 2086 2949 3663 3015">
     <span class='ocr_line' id='line_1_60' title="bbox 2086 2949 3663 3015; baseline -0.002 -10"><span class='ocrx_word' id='word_1_424' title='bbox 2086 2950 2252 3014; x_wconf 87' lang='grc' dir='ltr'>δῶνος</span> <span class='ocrx_word' id='word_1_425' title='bbox 2265 2952 2330 3015; x_wconf 79' lang='grc'>³⁸,</span> <span class='ocrx_word' id='word_1_426' title='bbox 2365 2950 2676 3015; x_wconf 87' lang='grc' dir='ltr'>Πλούτωνός</span> <span class='ocrx_word' id='word_1_427' title='bbox 2723 2968 2784 3004; x_wconf 90' lang='grc' dir='ltr'><strong>τε</strong></span> <span class='ocrx_word' id='word_1_428' title='bbox 2829 2952 2923 3004; x_wconf 76' lang='grc' dir='ltr'>καὶ</span> <span class='ocrx_word' id='word_1_429' title='bbox 2963 2949 3311 3015; x_wconf 81' lang='grc' dir='ltr'>Ἀπόλλωνος,</span> <span class='ocrx_word' id='word_1_430' title='bbox 3346 2949 3599 3003; x_wconf 81' lang='grc' dir='ltr'>Διονύσου</span> <span class='ocrx_word' id='word_1_431' title='bbox 3616 2949 3663 2981; x_wconf 85' lang='grc'><strong>⁸⁸</strong></span> 
     </span>
    </p>
   </div>
   <div class='ocr_carea' id='block_1_61' title="bbox 422 3033 2007 3136">
    <p class='ocr_par' dir='ltr' id='par_1_61' title="bbox 422 3043 1982 3117">
     <span class='ocr_line' id='line_1_61' title="bbox 422 3043 1982 3117; baseline 0.004 -20"><span class='ocrx_word' id='word_1_432' title='bbox 422 3043 512 3108; x_wconf 81' lang='lat' dir='ltr'><strong>lis,</strong></span> <span class='ocrx_word' id='word_1_433' title='bbox 543 3058 607 3098; x_wconf 88' lang='lat' dir='ltr'><strong>ac</strong></span> <span class='ocrx_word' id='word_1_434' title='bbox 641 3045 977 3113; x_wconf 81' lang='lat' dir='ltr'><strong>singulorum</strong></span> <span class='ocrx_word' id='word_1_435' title='bbox 1026 3044 1186 3117; x_wconf 84' lang='lat' dir='ltr'><strong>(quos</strong></span> <span class='ocrx_word' id='word_1_436' title='bbox 1226 3061 1402 3116; x_wconf 90' lang='lat' dir='ltr'><strong>neque</strong></span> <span class='ocrx_word' id='word_1_437' title='bbox 1433 3048 1534 3116; x_wconf 92' lang='lat' dir='ltr'><strong>ipsi</strong></span> <span class='ocrx_word' id='word_1_438' title='bbox 1580 3048 1861 3117; x_wconf 80' lang='lat' dir='ltr'><strong>ignoratis,</strong></span> <span class='ocrx_word' id='word_1_439' title='bbox 1893 3058 1982 3104; x_wconf 87' lang='lat' dir='ltr'><strong>ut-</strong></span> 
     </span>
    </p>
   </div>
   <div class='ocr_carea' id='block_1_62' title="bbox 2089 3033 3663 3136">
    <p class='ocr_par' dir='ltr' id='par_1_62' title="bbox 2089 3033 3663 3136">
     <span class='ocr_line' id='line_1_62' title="bbox 2089 3033 3663 3136; baseline -0.001 -41"><span class='ocrx_word' id='word_1_440' title='bbox 2089 3060 2145 3095; x_wconf 89' lang='grc' dir='ltr'><strong>τε</strong></span> <span class='ocrx_word' id='word_1_441' title='bbox 2196 3042 2292 3097; x_wconf 73' lang='grc' dir='ltr'>καὶ</span> <span class='ocrx_word' id='word_1_442' title='bbox 2334 3042 2681 3115; x_wconf 83' lang='grc' dir='ltr'>Ἡρακλέους,</span> <span class='ocrx_word' id='word_1_443' title='bbox 2715 3043 2811 3097; x_wconf 76' lang='grc' dir='ltr'>καὶ</span> <span class='ocrx_word' id='word_1_444' title='bbox 2855 3042 2963 3096; x_wconf 80' lang='grc' dir='ltr'>τῶν</span> <span class='ocrx_word' id='word_1_445' title='bbox 3008 3042 3127 3097; x_wconf 88' lang='grc' dir='ltr'>καθ’</span> <span class='ocrx_word' id='word_1_446' title='bbox 3160 3043 3257 3097; x_wconf 75' lang='grc' dir='ltr'><strong>ἕνα</strong></span> <span class='ocrx_word' id='word_1_447' title='bbox 3305 3043 3548 3136; x_wconf 46' lang='grc' dir='ltr'>ἕκαστον.</span> <span class='ocrx_word' id='word_1_448' title='bbox 3571 3033 3663 3111; x_wconf 81' lang='grc' dir='ltr'><strong>(ὧν</strong></span> 
     </span>
    </p>
   </div>
   <div class='ocr_carea' id='block_1_63' title="bbox 420 3134 1982 3209">
    <p class='ocr_par' dir='ltr' id='par_1_63' title="bbox 420 3134 1982 3209">
     <span class='ocr_line' id='line_1_63' title="bbox 420 3134 1982 3209; baseline 0.005 -20"><span class='ocrx_word' id='word_1_449' title='bbox 420 3144 547 3206; x_wconf 89' lang='lat' dir='ltr'><strong>pote</strong></span> <span class='ocrx_word' id='word_1_450' title='bbox 578 3134 632 3189; x_wconf 90' lang='lat' dir='ltr'><strong>in</strong></span> <span class='ocrx_word' id='word_1_451' title='bbox 669 3137 978 3192; x_wconf 70' lang='lat' dir='ltr'><strong>Graecorum</strong></span> <span class='ocrx_word' id='word_1_452' title='bbox 1005 3138 1199 3194; x_wconf 90' lang='lat' dir='ltr'><strong>litteris</strong></span> <span class='ocrx_word' id='word_1_453' title='bbox 1225 3138 1491 3205; x_wconf 88' lang='lat' dir='ltr'><strong>instituti;</strong></span> <span class='ocrx_word' id='word_1_454' title='bbox 1525 3154 1663 3209; x_wconf 89' lang='lat' dir='ltr'><strong>quas</strong></span> <span class='ocrx_word' id='word_1_455' title='bbox 1687 3139 1826 3195; x_wconf 90' lang='lat' dir='ltr'><strong>vitas</strong></span> <span class='ocrx_word' id='word_1_456' title='bbox 1846 3139 1982 3197; x_wconf 80' lang='lat' dir='ltr'><strong>edo-</strong></span> 
     </span>
    </p>
   </div>
   <div class='ocr_carea' id='block_1_64' title="bbox 422 3226 1983 3299">
    <p class='ocr_par' dir='ltr' id='par_1_64' title="bbox 422 3226 1983 3299">
     <span class='ocr_line' id='line_1_64' title="bbox 422 3226 1983 3299; baseline 0.006 -19"><span class='ocrx_word' id='word_1_457' title='bbox 422 3226 495 3280; x_wconf 88' lang='lat' dir='ltr'><strong>cti</strong></span> <span class='ocrx_word' id='word_1_458' title='bbox 534 3226 691 3291; x_wconf 88' lang='lat' dir='ltr'><strong>estis,</strong></span> <span class='ocrx_word' id='word_1_459' title='bbox 728 3235 788 3282; x_wconf 95' lang='lat' dir='ltr'><strong>ut</strong></span> <span class='ocrx_word' id='word_1_460' title='bbox 830 3236 1089 3299; x_wconf 90' lang='lat' dir='ltr'><strong>tanquam</strong></span> <span class='ocrx_word' id='word_1_461' title='bbox 1120 3230 1345 3284; x_wconf 90' lang='lat' dir='ltr'><strong>deorum</strong></span> <span class='ocrx_word' id='word_1_462' title='bbox 1389 3232 1737 3287; x_wconf 66' lang='lat' dir='ltr'><strong>aemulatores</strong></span> <span class='ocrx_word' id='word_1_463' title='bbox 1782 3232 1983 3289; x_wconf 85' lang='lat' dir='ltr'><strong>similia</strong></span> 
     </span>
    </p>
   </div>
   <div class='ocr_carea' id='block_1_65' title="bbox 421 3317 1985 3391">
    <p class='ocr_par' dir='ltr' id='par_1_65' title="bbox 421 3317 1985 3391">
     <span class='ocr_line' id='line_1_65' title="bbox 421 3317 1985 3391; baseline 0.006 -21"><span class='ocrx_word' id='word_1_464' title='bbox 421 3317 715 3390; x_wconf 86' lang='lat' dir='ltr'><strong>peragatis)</strong></span> <span class='ocrx_word' id='word_1_465' title='bbox 766 3328 820 3374; x_wconf 90' lang='lat' dir='ltr'><strong>et</strong></span> <span class='ocrx_word' id='word_1_466' title='bbox 858 3321 928 3375; x_wconf 88' lang='lat' dir='ltr'><strong>ab</strong></span> <span class='ocrx_word' id='word_1_467' title='bbox 952 3319 1071 3389; x_wconf 92' lang='lat' dir='ltr'><strong>ipso</strong></span> <span class='ocrx_word' id='word_1_468' title='bbox 1108 3322 1366 3391; x_wconf 86' lang='lat' dir='ltr'><strong>primum,</strong></span> <span class='ocrx_word' id='word_1_469' title='bbox 1400 3322 1447 3377; x_wconf 89' lang='lat' dir='ltr'><strong>si</strong></span> <span class='ocrx_word' id='word_1_470' title='bbox 1480 3322 1712 3389; x_wconf 86' lang='lat' dir='ltr'><strong>videtur,</strong></span> <span class='ocrx_word' id='word_1_471' title='bbox 1744 3324 1985 3380; x_wconf 83' lang='lat' dir='ltr'><strong>maxime</strong></span> 
     </span>
    </p>
   </div>
   <div class='ocr_carea' id='block_1_66' title="bbox 422 3406 1981 3483">
    <p class='ocr_par' dir='ltr' id='par_1_66' title="bbox 422 3406 1981 3483">
     <span class='ocr_line' id='line_1_66' title="bbox 422 3406 1981 3483; baseline 0.006 -22"><span class='ocrx_word' id='word_1_472' title='bbox 422 3422 548 3478; x_wconf 87' lang='lat' dir='ltr'><strong>rege</strong></span> <span class='ocrx_word' id='word_1_473' title='bbox 592 3406 723 3464; x_wconf 78' lang='lat' dir='ltr'><strong>Jove</strong></span> <span class='ocrx_word' id='word_1_474' title='bbox 763 3409 967 3465; x_wconf 89' lang='lat' dir='ltr'><strong>ordiar.</strong></span> <span class='ocrx_word' id='word_1_475' title='bbox 996 3411 1039 3444; x_wconf 80' lang='grc'><strong>⁵⁷</strong></span> <span class='ocrx_word' id='word_1_476' title='bbox 1068 3413 1219 3467; x_wconf 92' lang='lat' dir='ltr'><strong>lllius</strong></span> <span class='ocrx_word' id='word_1_477' title='bbox 1259 3413 1474 3483; x_wconf 91' lang='lat' dir='ltr'><strong>quidem</strong></span> <span class='ocrx_word' id='word_1_478' title='bbox 1506 3422 1657 3483; x_wconf 91' lang='lat' dir='ltr'><strong>pater</strong></span> <span class='ocrx_word' id='word_1_479' title='bbox 1690 3413 1981 3481; x_wconf 86' lang='lat' dir='ltr'><strong>Saturnus,</strong></span> 
     </span>
    </p>
   </div>
   <div class='ocr_carea' id='block_1_67' title="bbox 421 3499 1986 3573">
    <p class='ocr_par' dir='ltr' id='par_1_67' title="bbox 421 3499 1986 3573">
     <span class='ocr_line' id='line_1_67' title="bbox 421 3499 1986 3573; baseline 0.006 -18"><span class='ocrx_word' id='word_1_480' title='bbox 421 3499 608 3556; x_wconf 89' lang='lat' dir='ltr'><strong>liberis</strong></span> <span class='ocrx_word' id='word_1_481' title='bbox 630 3501 767 3565; x_wconf 88' lang='lat' dir='ltr'><strong>suis,</strong></span> <span class='ocrx_word' id='word_1_482' title='bbox 792 3512 851 3557; x_wconf 94' lang='lat' dir='ltr'><strong>ut</strong></span> <span class='ocrx_word' id='word_1_483' title='bbox 874 3502 1062 3571; x_wconf 84' lang='lat' dir='ltr'><strong>fertur,</strong></span> <span class='ocrx_word' id='word_1_484' title='bbox 1089 3505 1385 3573; x_wconf 88' lang='lat' dir='ltr'><strong>devoratis,</strong></span> <span class='ocrx_word' id='word_1_485' title='bbox 1404 3516 1457 3560; x_wconf 93' lang='lat' dir='ltr'><strong>et</strong></span> <span class='ocrx_word' id='word_1_486' title='bbox 1477 3506 1823 3562; x_wconf 88' lang='lat' dir='ltr'><strong>adamantina</strong></span> <span class='ocrx_word' id='word_1_487' title='bbox 1846 3507 1986 3565; x_wconf 87' lang='lat' dir='ltr'><strong>falce</strong></span> 
     </span>
    </p>
   </div>
   <div class='ocr_carea' id='block_1_68' title="bbox 420 3590 1981 3669">
    <p class='ocr_par' dir='ltr' id='par_1_68' title="bbox 420 3590 1981 3669">
     <span class='ocr_line' id='line_1_68' title="bbox 420 3590 1981 3669; baseline 0.005 -22"><span class='ocrx_word' id='word_1_488' title='bbox 420 3590 690 3648; x_wconf 79' lang='lat' dir='ltr'><strong>demessis</strong></span> <span class='ocrx_word' id='word_1_489' title='bbox 731 3594 869 3664; x_wconf 87' lang='lat' dir='ltr'><strong>patri</strong></span> <span class='ocrx_word' id='word_1_490' title='bbox 908 3595 1233 3664; x_wconf 80' lang='lat' dir='ltr'><strong>genitalibus</strong></span> <span class='ocrx_word' id='word_1_491' title='bbox 1254 3640 1267 3663; x_wconf 93' lang='lat'><strong>,</strong></span> <span class='ocrx_word' id='word_1_492' title='bbox 1302 3597 1517 3668; x_wconf 89' lang='lat' dir='ltr'><strong>pietatis</strong></span> <span class='ocrx_word' id='word_1_493' title='bbox 1552 3615 1677 3669; x_wconf 85' lang='lat' dir='ltr'><strong>erga</strong></span> <span class='ocrx_word' id='word_1_494' title='bbox 1710 3608 1981 3669; x_wconf 88' lang='lat' dir='ltr'><strong>parentes,</strong></span> 
     </span>
    </p>
   </div>
   <div class='ocr_carea' id='block_1_69' title="bbox 419 3685 1987 3763">
    <p class='ocr_par' dir='ltr' id='par_1_69' title="bbox 419 3685 1987 3763">
     <span class='ocr_line' id='line_1_69' title="bbox 419 3685 1987 3763; baseline 0.005 -23"><span class='ocrx_word' id='word_1_495' title='bbox 419 3691 476 3740; x_wconf 91' lang='lat' dir='ltr'><strong>et</strong></span> <span class='ocrx_word' id='word_1_496' title='bbox 495 3685 697 3740; x_wconf 90' lang='lat' dir='ltr'><strong>amoris</strong></span> <span class='ocrx_word' id='word_1_497' title='bbox 726 3685 781 3742; x_wconf 90' lang='lat' dir='ltr'><strong>in</strong></span> <span class='ocrx_word' id='word_1_498' title='bbox 814 3685 1036 3753; x_wconf 83' lang='lat' dir='ltr'><strong>liberos,</strong></span> <span class='ocrx_word' id='word_1_499' title='bbox 1064 3688 1131 3744; x_wconf 91' lang='lat' dir='ltr'><strong>iis</strong></span> <span class='ocrx_word' id='word_1_500' title='bbox 1159 3689 1251 3759; x_wconf 91' lang='lat' dir='ltr'><strong>qui</strong></span> <span class='ocrx_word' id='word_1_501' title='bbox 1278 3688 1503 3745; x_wconf 91' lang='lat' dir='ltr'><strong>deorum</strong></span> <span class='ocrx_word' id='word_1_502' title='bbox 1527 3692 1783 3763; x_wconf 84' lang='lat' dir='ltr'><strong>mysteria</strong></span> <span class='ocrx_word' id='word_1_503' title='bbox 1815 3707 1987 3747; x_wconf 76' lang='lat' dir='ltr'><strong>aemu-</strong></span> 
     </span>
    </p>
   </div>
   <div class='ocr_carea' id='block_1_70' title="bbox 421 3776 1985 3852">
    <p class='ocr_par' dir='ltr' id='par_1_70' title="bbox 421 3776 1985 3852">
     <span class='ocr_line' id='line_1_70' title="bbox 421 3776 1985 3852; baseline 0.004 -22"><span class='ocrx_word' id='word_1_504' title='bbox 421 3776 604 3831; x_wconf 86' lang='lat' dir='ltr'><strong>lantur</strong></span> <span class='ocrx_word' id='word_1_505' title='bbox 633 3776 930 3846; x_wconf 88' lang='lat' dir='ltr'><strong>specimina</strong></span> <span class='ocrx_word' id='word_1_506' title='bbox 974 3793 1038 3833; x_wconf 91' lang='lat' dir='ltr'><strong>ac</strong></span> <span class='ocrx_word' id='word_1_507' title='bbox 1071 3780 1399 3850; x_wconf 80' lang='lat' dir='ltr'><strong>exemplaria</strong></span> <span class='ocrx_word' id='word_1_508' title='bbox 1424 3780 1670 3850; x_wconf 58' lang='lat' dir='ltr'><strong>praebuit.</strong></span> <span class='ocrx_word' id='word_1_509' title='bbox 1704 3778 1823 3852; x_wconf 90' lang='lat' dir='ltr'><strong>lpse</strong></span> <span class='ocrx_word' id='word_1_510' title='bbox 1855 3796 1985 3837; x_wconf 90' lang='lat' dir='ltr'><strong>vero</strong></span> 
     </span>
    </p>
   </div>
   <div class='ocr_carea' id='block_1_71' title="bbox 419 3865 1986 3942">
    <p class='ocr_par' dir='ltr' id='par_1_71' title="bbox 419 3865 1986 3942">
     <span class='ocr_line' id='line_1_71' title="bbox 419 3865 1986 3942; baseline 0.002 -21"><span class='ocrx_word' id='word_1_511' title='bbox 419 3865 632 3937; x_wconf 86' lang='lat' dir='ltr'><strong>Jupiter</strong></span> <span class='ocrx_word' id='word_1_512' title='bbox 664 3877 873 3937; x_wconf 85' lang='lat' dir='ltr'><strong>patrem</strong></span> <span class='ocrx_word' id='word_1_513' title='bbox 910 3884 1068 3924; x_wconf 92' lang='lat' dir='ltr'><strong>suum</strong></span> <span class='ocrx_word' id='word_1_514' title='bbox 1094 3870 1361 3936; x_wconf 90' lang='lat' dir='ltr'><strong>vinctum,</strong></span> <span class='ocrx_word' id='word_1_515' title='bbox 1396 3871 1448 3925; x_wconf 88' lang='lat' dir='ltr'><strong>in</strong></span> <span class='ocrx_word' id='word_1_516' title='bbox 1476 3869 1765 3925; x_wconf 90' lang='lat' dir='ltr'><strong>Tartarum</strong></span> <span class='ocrx_word' id='word_1_517' title='bbox 1794 3869 1986 3942; x_wconf 72' lang='lat' dir='ltr'><strong>pmi-</strong></span> 
     </span>
    </p>
   </div>
   <div class='ocr_carea' id='block_1_72' title="bbox 418 3960 1984 4033">
    <p class='ocr_par' dir='ltr' id='par_1_72' title="bbox 418 3960 1984 4033">
     <span class='ocr_line' id='line_1_72' title="bbox 418 3960 1984 4033; baseline 0.003 -20"><span class='ocrx_word' id='word_1_518' title='bbox 418 3960 631 4030; x_wconf 87' lang='lat' dir='ltr'><strong>pitavit,</strong></span> <span class='ocrx_word' id='word_1_519' title='bbox 660 3969 714 4014; x_wconf 92' lang='lat' dir='ltr'><strong>et</strong></span> <span class='ocrx_word' id='word_1_520' title='bbox 742 3961 878 4017; x_wconf 87' lang='lat' dir='ltr'><strong>alios</strong></span> <span class='ocrx_word' id='word_1_521' title='bbox 901 3961 1031 4017; x_wconf 90' lang='lat' dir='ltr'><strong>deos</strong></span> <span class='ocrx_word' id='word_1_522' title='bbox 1056 3962 1229 4032; x_wconf 89' lang='lat' dir='ltr'><strong>punit.</strong></span> <span class='ocrx_word' id='word_1_523' title='bbox 1260 3963 1306 3995; x_wconf 82' lang='grc'>⁸⁸</span> <span class='ocrx_word' id='word_1_524' title='bbox 1323 3961 1429 4016; x_wconf 86' lang='lat' dir='ltr'><strong>Pro</strong></span> <span class='ocrx_word' id='word_1_525' title='bbox 1458 3962 1525 4017; x_wconf 89' lang='lat' dir='ltr'><strong>iis</strong></span> <span class='ocrx_word' id='word_1_526' title='bbox 1548 3969 1729 4017; x_wconf 90' lang='lat' dir='ltr'><strong>autem</strong></span> <span class='ocrx_word' id='word_1_527' title='bbox 1762 3962 1855 4033; x_wconf 93' lang='lat' dir='ltr'><strong>qui</strong></span> <span class='ocrx_word' id='word_1_528' title='bbox 1885 3977 1984 4017; x_wconf 88' lang='lat' dir='ltr'><strong>ne-</strong></span> 
     </span>
    </p>
   </div>
   <div class='ocr_carea' id='block_1_73' title="bbox 418 4050 1985 4125">
    <p class='ocr_par' dir='ltr' id='par_1_73' title="bbox 418 4050 1985 4125">
     <span class='ocr_line' id='line_1_73' title="bbox 418 4050 1985 4125; baseline 0.003 -20"><span class='ocrx_word' id='word_1_529' title='bbox 418 4050 635 4107; x_wconf 87' lang='lat' dir='ltr'><strong>fandam</strong></span> <span class='ocrx_word' id='word_1_530' title='bbox 667 4061 883 4121; x_wconf 87' lang='lat' dir='ltr'><strong>patrant</strong></span> <span class='ocrx_word' id='word_1_531' title='bbox 910 4053 1321 4120; x_wconf 89' lang='lat' dir='ltr'><strong>obscenitatem,</strong></span> <span class='ocrx_word' id='word_1_532' title='bbox 1357 4051 1520 4108; x_wconf 85' lang='lat' dir='ltr'><strong>Metin</strong></span> <span class='ocrx_word' id='word_1_533' title='bbox 1552 4070 1675 4108; x_wconf 89' lang='lat' dir='ltr'><strong>cum</strong></span> <span class='ocrx_word' id='word_1_534' title='bbox 1710 4054 1985 4125; x_wconf 80' lang='lat' dir='ltr'><strong>genuisset</strong></span> 
     </span>
    </p>
   </div>
   <div class='ocr_carea' id='block_1_74' title="bbox 417 4142 1979 4212">
    <p class='ocr_par' dir='ltr' id='par_1_74' title="bbox 417 4142 1979 4212">
     <span class='ocr_line' id='line_1_74' title="bbox 417 4142 1979 4212; baseline 0.003 -17"><span class='ocrx_word' id='word_1_535' title='bbox 417 4142 691 4212; x_wconf 85' lang='lat' dir='ltr'><strong>absorpsit</strong></span> <span class='ocrx_word' id='word_1_536' title='bbox 718 4161 731 4197; x_wconf 93' lang='lat'><strong>:</strong></span> <span class='ocrx_word' id='word_1_537' title='bbox 761 4158 924 4212; x_wconf 88' lang='lat' dir='ltr'><strong>porro</strong></span> <span class='ocrx_word' id='word_1_538' title='bbox 958 4142 1110 4198; x_wconf 84' lang='lat' dir='ltr'><strong>Metis</strong></span> <span class='ocrx_word' id='word_1_539' title='bbox 1136 4151 1255 4197; x_wconf 91' lang='lat' dir='ltr'><strong>erat</strong></span> <span class='ocrx_word' id='word_1_540' title='bbox 1292 4159 1510 4210; x_wconf 91' lang='lat' dir='ltr'><strong>semen;</strong></span> <span class='ocrx_word' id='word_1_541' title='bbox 1544 4143 1807 4199; x_wconf 89' lang='lat' dir='ltr'><strong>infantem</strong></span> <span class='ocrx_word' id='word_1_542' title='bbox 1837 4147 1979 4200; x_wconf 87' lang='lat' dir='ltr'><strong>enim</strong></span> 
     </span>
    </p>
   </div>
   <div class='ocr_carea' id='block_1_75' title="bbox 419 4230 1983 4302">
    <p class='ocr_par' dir='ltr' id='par_1_75' title="bbox 419 4230 1983 4302">
     <span class='ocr_line' id='line_1_75' title="bbox 419 4230 1983 4302; baseline 0.004 -18"><span class='ocrx_word' id='word_1_543' title='bbox 419 4230 697 4285; x_wconf 82' lang='lat' dir='ltr'><strong>absorberi</strong></span> <span class='ocrx_word' id='word_1_544' title='bbox 736 4232 1090 4302; x_wconf 88' lang='lat' dir='ltr'><strong>impossibile.</strong></span> <span class='ocrx_word' id='word_1_545' title='bbox 1130 4231 1189 4286; x_wconf 88' lang='lat' dir='ltr'><strong>In</strong></span> <span class='ocrx_word' id='word_1_546' title='bbox 1219 4231 1591 4289; x_wconf 85' lang='lat' dir='ltr'><strong>defensionem</strong></span> <span class='ocrx_word' id='word_1_547' title='bbox 1631 4249 1762 4289; x_wconf 90' lang='lat' dir='ltr'><strong>vero</strong></span> <span class='ocrx_word' id='word_1_548' title='bbox 1792 4250 1983 4290; x_wconf 86' lang='lat' dir='ltr'><strong>eorum</strong></span> 
     </span>
    </p>
   </div>
   <div class='ocr_carea' id='block_1_76' title="bbox 418 4320 1986 4397">
    <p class='ocr_par' dir='ltr' id='par_1_76' title="bbox 418 4320 1986 4397">
     <span class='ocr_line' id='line_1_76' title="bbox 418 4320 1986 4397; baseline 0.004 -23"><span class='ocrx_word' id='word_1_549' title='bbox 418 4320 511 4389; x_wconf 87' lang='lat' dir='ltr'><strong>qui</strong></span> <span class='ocrx_word' id='word_1_550' title='bbox 542 4335 833 4390; x_wconf 91' lang='lat' dir='ltr'><strong>puerorum</strong></span> <span class='ocrx_word' id='word_1_551' title='bbox 867 4321 1147 4392; x_wconf 74' lang='lat' dir='ltr'><strong>indulgent</strong></span> <span class='ocrx_word' id='word_1_552' title='bbox 1170 4323 1471 4391; x_wconf 86' lang='lat' dir='ltr'><strong>amoribus,</strong></span> <span class='ocrx_word' id='word_1_553' title='bbox 1506 4323 1871 4397; x_wconf 85' lang='lat' dir='ltr'><strong>Ganymedem</strong></span> <span class='ocrx_word' id='word_1_554' title='bbox 1896 4341 1986 4382; x_wconf 90' lang='lat' dir='ltr'><strong>ra-</strong></span> 
     </span>
    </p>
   </div>
   <div class='ocr_carea' id='block_1_77' title="bbox 2084 3126 3664 3200">
    <p class='ocr_par' dir='ltr' id='par_1_77' title="bbox 2084 3126 3664 3200">
     <span class='ocr_line' id='line_1_77' title="bbox 2084 3126 3664 3200; baseline -0.004 -15"><span class='ocrx_word' id='word_1_555' title='bbox 2084 3130 2203 3187; x_wconf 82' lang='grc' dir='ltr'>ούδὲ</span> <span class='ocrx_word' id='word_1_556' title='bbox 2222 3131 2373 3185; x_wconf 80' lang='grc' dir='ltr'>αὐτοὶ</span> <span class='ocrx_word' id='word_1_557' title='bbox 2404 3131 2663 3199; x_wconf 88' lang='grc' dir='ltr'>ἀγνοεῖτε,</span> <span class='ocrx_word' id='word_1_558' title='bbox 2688 3131 2752 3185; x_wconf 82' lang='grc' dir='ltr'><strong>ἐκ</strong></span> <span class='ocrx_word' id='word_1_559' title='bbox 2786 3129 3028 3194; x_wconf 88' lang='grc' dir='ltr'>παιδείας</span> <span class='ocrx_word' id='word_1_560' title='bbox 3072 3128 3388 3200; x_wconf 78' lang='grc' dir='ltr'>Ἑλληνικῆς</span> <span class='ocrx_word' id='word_1_561' title='bbox 3407 3126 3664 3199; x_wconf 81' lang='grc' dir='ltr'>ὁρμώμε-</span> 
     </span>
    </p>
   </div>
   <div class='ocr_carea' id='block_1_78' title="bbox 2083 3217 3660 3293">
    <p class='ocr_par' dir='ltr' id='par_1_78' title="bbox 2083 3217 3660 3293">
     <span class='ocr_line' id='line_1_78' title="bbox 2083 3217 3660 3293; baseline -0.004 -18"><span class='ocrx_word' id='word_1_562' title='bbox 2083 3240 2182 3288; x_wconf 90' lang='grc' dir='ltr'>νοι,</span> <span class='ocrx_word' id='word_1_563' title='bbox 2205 3221 2299 3286; x_wconf 82' lang='grc' dir='ltr'><strong>οὒς</strong></span> <span class='ocrx_word' id='word_1_564' title='bbox 2331 3221 2681 3293; x_wconf 75' lang='grc' dir='ltr'>ἐπαιδεύθητε</span> <span class='ocrx_word' id='word_1_565' title='bbox 2717 3221 2883 3293; x_wconf 82' lang='grc' dir='ltr'>βίους,</span> <span class='ocrx_word' id='word_1_566' title='bbox 2902 3222 2988 3275; x_wconf 88' lang='grc' dir='ltr'><strong>ἴνα</strong></span> <span class='ocrx_word' id='word_1_567' title='bbox 3009 3222 3084 3285; x_wconf 88' lang='grc' dir='ltr'>ὼς</span> <span class='ocrx_word' id='word_1_568' title='bbox 3109 3220 3345 3292; x_wconf 76' lang='grc' dir='ltr'>ζηλωταὶ</span> <span class='ocrx_word' id='word_1_569' title='bbox 3373 3217 3480 3271; x_wconf 82' lang='grc' dir='ltr'>τῶν</span> <span class='ocrx_word' id='word_1_570' title='bbox 3502 3217 3660 3280; x_wconf 80' lang='grc' dir='ltr'>θεῶν,</span> 
     </span>
    </p>
   </div>
   <div class='ocr_carea' id='block_1_79' title="bbox 2082 3310 3661 3386">
    <p class='ocr_par' dir='ltr' id='par_1_79' title="bbox 2082 3310 3661 3386">
     <span class='ocr_line' id='line_1_79' title="bbox 2082 3310 3661 3386; baseline -0.005 -17"><span class='ocrx_word' id='word_1_571' title='bbox 2082 3315 2153 3369; x_wconf 80' lang='grc' dir='ltr'><strong>τά</strong></span> <span class='ocrx_word' id='word_1_572' title='bbox 2182 3315 2343 3386; x_wconf 84' lang='grc' dir='ltr'>ὅμοια</span> <span class='ocrx_word' id='word_1_573' title='bbox 2386 3312 2720 3385; x_wconf 89' lang='grc' dir='ltr'>πράττητε),</span> <span class='ocrx_word' id='word_1_574' title='bbox 2754 3314 2848 3367; x_wconf 78' lang='grc' dir='ltr'><strong>καὶ</strong></span> <span class='ocrx_word' id='word_1_575' title='bbox 2873 3314 2967 3367; x_wconf 83' lang='grc' dir='ltr'>ἀπ’</span> <span class='ocrx_word' id='word_1_576' title='bbox 3002 3312 3164 3367; x_wconf 82' lang='grc' dir='ltr'>αὑτοῦ</span> <span class='ocrx_word' id='word_1_577' title='bbox 3195 3328 3260 3381; x_wconf 89' lang='grc' dir='ltr'><strong>γε</strong></span> <span class='ocrx_word' id='word_1_578' title='bbox 3295 3310 3579 3381; x_wconf 86' lang='grc' dir='ltr'>πρότερον,</span> <span class='ocrx_word' id='word_1_579' title='bbox 3614 3310 3661 3362; x_wconf 83' lang='grc' dir='ltr'>εξ</span> 
     </span>
    </p>
   </div>
   <div class='ocr_carea' id='block_1_80' title="bbox 2082 3399 3662 3478">
    <p class='ocr_par' dir='ltr' id='par_1_80' title="bbox 2082 3399 3662 3478">
     <span class='ocr_line' id='line_1_80' title="bbox 2082 3399 3662 3478; baseline -0.006 -16"><span class='ocrx_word' id='word_1_580' title='bbox 2082 3407 2247 3471; x_wconf 87' lang='grc' dir='ltr'>δοκεῖ,</span> <span class='ocrx_word' id='word_1_581' title='bbox 2281 3404 2375 3459; x_wconf 91' lang='grc' dir='ltr'><strong>τοῦ</strong></span> <span class='ocrx_word' id='word_1_582' title='bbox 2423 3404 2849 3475; x_wconf 79' lang='grc' dir='ltr'>βασιλικωτάτου</span> <span class='ocrx_word' id='word_1_583' title='bbox 2894 3405 3016 3469; x_wconf 80' lang='grc' dir='ltr'>Διὸς</span> <span class='ocrx_word' id='word_1_584' title='bbox 3062 3404 3314 3478; x_wconf 79' lang='grc' dir='ltr'>ἄρξομαι.</span> <span class='ocrx_word' id='word_1_585' title='bbox 3350 3400 3456 3455; x_wconf 88' lang='grc' dir='ltr'><strong>Τοῦ</strong></span> <span class='ocrx_word' id='word_1_586' title='bbox 3499 3402 3528 3452; x_wconf 82' lang='grc' dir='ltr'>ὁ</span> <span class='ocrx_word' id='word_1_587' title='bbox 3563 3399 3662 3471; x_wconf 84' lang='grc' dir='ltr'>μὲν</span> 
     </span>
    </p>
   </div>
   <div class='ocr_carea' id='block_1_81' title="bbox 2084 3488 3659 3567">
    <p class='ocr_par' dir='ltr' id='par_1_81' title="bbox 2084 3488 3659 3567">
     <span class='ocr_line' id='line_1_81' title="bbox 2084 3488 3659 3567; baseline -0.006 -18"><span class='ocrx_word' id='word_1_588' title='bbox 2084 3496 2266 3567; x_wconf 81' lang='grc' dir='ltr'>πατὴρ</span> <span class='ocrx_word' id='word_1_589' title='bbox 2298 3493 2504 3566; x_wconf 81' lang='grc' dir='ltr'>Κρόνος</span> <span class='ocrx_word' id='word_1_590' title='bbox 2532 3493 2603 3548; x_wconf 82' lang='grc' dir='ltr'>τὰ</span> <span class='ocrx_word' id='word_1_591' title='bbox 2637 3494 2745 3547; x_wconf 88' lang='grc' dir='ltr'>ῐδια</span> <span class='ocrx_word' id='word_1_592' title='bbox 2773 3493 2960 3561; x_wconf 89' lang='grc' dir='ltr'>τέκνα,</span> <span class='ocrx_word' id='word_1_593' title='bbox 2992 3493 3067 3557; x_wconf 84' lang='grc' dir='ltr'>ὠς</span> <span class='ocrx_word' id='word_1_594' title='bbox 3098 3492 3333 3561; x_wconf 85' lang='grc' dir='ltr'>λέγεται,</span> <span class='ocrx_word' id='word_1_595' title='bbox 3358 3488 3659 3554; x_wconf 86' lang='grc' dir='ltr'>καταπιὼν,</span> 
     </span>
    </p>
   </div>
   <div class='ocr_carea' id='block_1_82' title="bbox 2082 3579 3658 3661">
    <p class='ocr_par' dir='ltr' id='par_1_82' title="bbox 2082 3579 3658 3661">
     <span class='ocr_line' id='line_1_82' title="bbox 2082 3579 3658 3661; baseline -0.006 -19"><span class='ocrx_word' id='word_1_596' title='bbox 2082 3590 2150 3661; x_wconf 81' lang='grc' dir='ltr'>τῇ</span> <span class='ocrx_word' id='word_1_597' title='bbox 2185 3588 2242 3655; x_wconf 75' lang='grc' dir='ltr'>ἐξ</span> <span class='ocrx_word' id='word_1_598' title='bbox 2274 3586 2578 3658; x_wconf 89' lang='grc' dir='ltr'>ἀδάμαντος</span> <span class='ocrx_word' id='word_1_599' title='bbox 2610 3586 2760 3658; x_wconf 78' lang='grc' dir='ltr'>ἅρπῃ</span> <span class='ocrx_word' id='word_1_600' title='bbox 2791 3584 2885 3639; x_wconf 90' lang='grc' dir='ltr'><strong>τοῦ</strong></span> <span class='ocrx_word' id='word_1_601' title='bbox 2919 3583 3211 3658; x_wconf 84' lang='grc' dir='ltr'>πατρὸςτά</span> <span class='ocrx_word' id='word_1_602' title='bbox 3233 3583 3395 3655; x_wconf 86' lang='grc' dir='ltr'>μόρια</span> <span class='ocrx_word' id='word_1_603' title='bbox 3420 3579 3658 3652; x_wconf 84' lang='grc' dir='ltr'>θερίσας,</span> 
     </span>
    </p>
   </div>
   <div class='ocr_carea' id='block_1_83' title="bbox 2082 3672 3662 3752">
    <p class='ocr_par' dir='ltr' id='par_1_83' title="bbox 2082 3672 3662 3752">
     <span class='ocr_line' id='line_1_83' title="bbox 2082 3672 3662 3752; baseline -0.016 -2"><span class='ocrx_word' id='word_1_604' title='bbox 2082 3679 2183 3750; x_wconf 79' lang='grc' dir='ltr'><strong>τῆς</strong></span> <span class='ocrx_word' id='word_1_605' title='bbox 2215 3678 2351 3752; x_wconf 80' lang='grc' dir='ltr'>πρὸς</span> <span class='ocrx_word' id='word_1_606' title='bbox 2380 3679 2559 3746; x_wconf 80' lang='grc' dir='ltr'>γονεῖς</span> <span class='ocrx_word' id='word_1_607' title='bbox 2588 3676 2870 3742; x_wconf 84' lang='grc' dir='ltr'>εὐσεϐείας</span> <span class='ocrx_word' id='word_1_608' title='bbox 2885 3678 2979 3733; x_wconf 77' lang='grc' dir='ltr'><strong>καὶ</strong></span> <span class='ocrx_word' id='word_1_609' title='bbox 2998 3676 3097 3747; x_wconf 84' lang='grc' dir='ltr'><strong>τῆς</strong></span> <span class='ocrx_word' id='word_1_610' title='bbox 3123 3674 3265 3746; x_wconf 79' lang='grc' dir='ltr'>πρὸς</span> <span class='ocrx_word' id='word_1_611' title='bbox 3286 3672 3354 3726; x_wconf 81' lang='grc' dir='ltr'>τὰ</span> <span class='ocrx_word' id='word_1_612' title='bbox 3384 3672 3553 3726; x_wconf 82' lang='grc' dir='ltr'>τέκνα</span> <span class='ocrx_word' id='word_1_613' title='bbox 3576 3689 3662 3740; x_wconf 84' lang='grc' dir='ltr'>φι-</span> 
     </span>
    </p>
   </div>
   <div class='ocr_carea' id='block_1_84' title="bbox 2083 3766 3661 3841">
    <p class='ocr_par' dir='ltr' id='par_1_84' title="bbox 2083 3766 3661 3841">
     <span class='ocr_line' id='line_1_84' title="bbox 2083 3766 3661 3841; baseline -0.004 -17"><span class='ocrx_word' id='word_1_614' title='bbox 2083 3772 2225 3836; x_wconf 87' lang='grc' dir='ltr'>λίας,</span> <span class='ocrx_word' id='word_1_615' title='bbox 2260 3772 2371 3834; x_wconf 90' lang='grc' dir='ltr'>τοῖς</span> <span class='ocrx_word' id='word_1_616' title='bbox 2418 3769 2488 3825; x_wconf 84' lang='grc' dir='ltr'><strong>τά</strong></span> <span class='ocrx_word' id='word_1_617' title='bbox 2538 3769 2774 3841; x_wconf 90' lang='grc' dir='ltr'>μυστικά</span> <span class='ocrx_word' id='word_1_618' title='bbox 2803 3769 2911 3823; x_wconf 86' lang='grc' dir='ltr'><strong>τῶν</strong></span> <span class='ocrx_word' id='word_1_619' title='bbox 2957 3769 3093 3822; x_wconf 83' lang='grc' dir='ltr'>θεῶν</span> <span class='ocrx_word' id='word_1_620' title='bbox 3141 3767 3412 3838; x_wconf 80' lang='grc' dir='ltr'>ζηλοῦσιν,</span> <span class='ocrx_word' id='word_1_621' title='bbox 3447 3766 3661 3830; x_wconf 74' lang='grc' dir='ltr'>εἰκόνας</span> 
     </span>
    </p>
   </div>
   <div class='ocr_carea' id='block_1_85' title="bbox 2081 3856 3658 3931">
    <p class='ocr_par' dir='ltr' id='par_1_85' title="bbox 2081 3856 3658 3931">
     <span class='ocr_line' id='line_1_85' title="bbox 2081 3856 3658 3931; baseline -0.004 -16"><span class='ocrx_word' id='word_1_622' title='bbox 2081 3860 2177 3915; x_wconf 80' lang='grc' dir='ltr'>καὶ</span> <span class='ocrx_word' id='word_1_623' title='bbox 2216 3858 2420 3923; x_wconf 79' lang='grc' dir='ltr'>τύπους</span> <span class='ocrx_word' id='word_1_624' title='bbox 2465 3858 2785 3931; x_wconf 83' lang='grc' dir='ltr'>παρέσχετο.</span> <span class='ocrx_word' id='word_1_625' title='bbox 2810 3858 2985 3923; x_wconf 78' lang='grc' dir='ltr'>Αὐτὸς</span> <span class='ocrx_word' id='word_1_626' title='bbox 3030 3859 3086 3913; x_wconf 79' lang='grc' dir='ltr'>δὲ</span> <span class='ocrx_word' id='word_1_627' title='bbox 3132 3859 3161 3912; x_wconf 80' lang='grc' dir='ltr'>ὁ</span> <span class='ocrx_word' id='word_1_628' title='bbox 3205 3858 3339 3921; x_wconf 74' lang='grc' dir='ltr'>Ζεὺς</span> <span class='ocrx_word' id='word_1_629' title='bbox 3370 3856 3460 3910; x_wconf 85' lang='grc' dir='ltr'><strong>τὸν</strong></span> <span class='ocrx_word' id='word_1_630' title='bbox 3493 3856 3658 3910; x_wconf 80' lang='grc' dir='ltr'>αὑτοῦ</span> 
     </span>
    </p>
   </div>
   <div class='ocr_carea' id='block_1_86' title="bbox 2082 3947 3658 4022">
    <p class='ocr_par' dir='ltr' id='par_1_86' title="bbox 2082 3947 3658 4022">
     <span class='ocr_line' id='line_1_86' title="bbox 2082 3947 3658 4022; baseline -0.004 -16"><span class='ocrx_word' id='word_1_631' title='bbox 2082 3950 2291 4022; x_wconf 86' lang='grc' dir='ltr'>πατέρα</span> <span class='ocrx_word' id='word_1_632' title='bbox 2342 3951 2520 4013; x_wconf 83' lang='grc' dir='ltr'>δείσας</span> <span class='ocrx_word' id='word_1_633' title='bbox 2566 3950 2633 4014; x_wconf 83' lang='grc'><strong>⁸⁹,</strong></span> <span class='ocrx_word' id='word_1_634' title='bbox 2685 3947 3018 4021; x_wconf 80' lang='grc' dir='ltr'>κατέρῤαξεν</span> <span class='ocrx_word' id='word_1_635' title='bbox 3068 3950 3150 4012; x_wconf 82' lang='grc' dir='ltr'><strong>είς</strong></span> <span class='ocrx_word' id='word_1_636' title='bbox 3201 3948 3517 4019; x_wconf 86' lang='grc' dir='ltr'>Τάρταρον,</span> <span class='ocrx_word' id='word_1_637' title='bbox 3564 3947 3658 4001; x_wconf 69' lang='grc' dir='ltr'><strong>καὶ</strong></span> 
     </span>
    </p>
   </div>
   <div class='ocr_carea' id='block_1_87' title="bbox 2080 4038 3657 4110">
    <p class='ocr_par' dir='ltr' id='par_1_87' title="bbox 2080 4038 3657 4110">
     <span class='ocr_line' id='line_1_87' title="bbox 2080 4038 3657 4110; baseline -0.005 -14"><span class='ocrx_word' id='word_1_638' title='bbox 2080 4043 2206 4106; x_wconf 76' lang='grc' dir='ltr'>τοὺς</span> <span class='ocrx_word' id='word_1_639' title='bbox 2227 4044 2271 4075; x_wconf 76' lang='grc' dir='ltr'><strong>⁸ο</strong></span> <span class='ocrx_word' id='word_1_640' title='bbox 2303 4041 2492 4104; x_wconf 84' lang='grc' dir='ltr'>ἀλλους</span> <span class='ocrx_word' id='word_1_641' title='bbox 2535 4038 2751 4104; x_wconf 75' lang='grc' dir='ltr'>κολάζει</span> <span class='ocrx_word' id='word_1_642' title='bbox 2784 4039 2954 4102; x_wconf 89' lang='grc' dir='ltr'>θεούς.</span> <span class='ocrx_word' id='word_1_643' title='bbox 2995 4039 3118 4101; x_wconf 91' lang='grc' dir='ltr'>Τοῖς</span> <span class='ocrx_word' id='word_1_644' title='bbox 3162 4038 3218 4090; x_wconf 87' lang='grc' dir='ltr'>δὲ</span> <span class='ocrx_word' id='word_1_645' title='bbox 3265 4040 3657 4110; x_wconf 76' lang='grc' dir='ltr'>ἀρῤητουργεῖν</span> 
     </span>
    </p>
   </div>
   <div class='ocr_carea' id='block_1_88' title="bbox 2082 4123 3657 4204">
    <p class='ocr_par' dir='ltr' id='par_1_88' title="bbox 2082 4123 3657 4204">
     <span class='ocr_line' id='line_1_88' title="bbox 2082 4123 3657 4204; baseline -0.001 -20"><span class='ocrx_word' id='word_1_646' title='bbox 2082 4132 2347 4203; x_wconf 77' lang='grc' dir='ltr'>ἐθέλουσι,</span> <span class='ocrx_word' id='word_1_647' title='bbox 2368 4133 2467 4204; x_wconf 85' lang='grc' dir='ltr'>τὴν</span> <span class='ocrx_word' id='word_1_648' title='bbox 2499 4131 2682 4202; x_wconf 82' lang='grc' dir='ltr'>Μῆτιν</span> <span class='ocrx_word' id='word_1_649' title='bbox 2713 4130 2977 4200; x_wconf 81' lang='grc' dir='ltr'>γεννήσας</span> <span class='ocrx_word' id='word_1_650' title='bbox 3008 4128 3285 4192; x_wconf 84' lang='grc' dir='ltr'>κατέπιεν,</span> <span class='ocrx_word' id='word_1_651' title='bbox 3304 4123 3372 4199; x_wconf 78' lang='grc' dir='ltr'>ἦν</span> <span class='ocrx_word' id='word_1_652' title='bbox 3404 4128 3459 4181; x_wconf 82' lang='grc' dir='ltr'>δὲ</span> <span class='ocrx_word' id='word_1_653' title='bbox 3487 4130 3520 4197; x_wconf 79' lang='grc' dir='ltr'><strong>ἡ</strong></span> <span class='ocrx_word' id='word_1_654' title='bbox 3545 4128 3657 4199; x_wconf 80' lang='grc' dir='ltr'><strong>Μῆ-</strong></span> 
     </span>
    </p>
   </div>
   <div class='ocr_carea' id='block_1_89' title="bbox 2080 4219 3654 4297">
    <p class='ocr_par' dir='ltr' id='par_1_89' title="bbox 2080 4219 3654 4297">
     <span class='ocr_line' id='line_1_89' title="bbox 2080 4219 3654 4297; baseline -0.003 -20"><span class='ocrx_word' id='word_1_655' title='bbox 2080 4240 2165 4287; x_wconf 89' lang='grc' dir='ltr'><strong>τις</strong></span> <span class='ocrx_word' id='word_1_656' title='bbox 2195 4224 2357 4297; x_wconf 83' lang='grc' dir='ltr'>γονή·</span> <span class='ocrx_word' id='word_1_657' title='bbox 2398 4223 2592 4295; x_wconf 87' lang='grc' dir='ltr'>βρέφος</span> <span class='ocrx_word' id='word_1_658' title='bbox 2624 4220 2731 4293; x_wconf 82' lang='grc' dir='ltr'><strong>γάρ</strong></span> <span class='ocrx_word' id='word_1_659' title='bbox 2762 4222 3068 4284; x_wconf 86' lang='grc' dir='ltr'>καταπιεῖν,</span> <span class='ocrx_word' id='word_1_660' title='bbox 3104 4219 3565 4290; x_wconf 78' lang='grc' dir='ltr'>ἀδύνατον.’Υπὲρ</span> <span class='ocrx_word' id='word_1_661' title='bbox 3598 4220 3654 4273; x_wconf 83' lang='grc' dir='ltr'><strong>δὲ</strong></span> 
     </span>
    </p>
   </div>
   <div class='ocr_carea' id='block_1_90' title="bbox 2081 4311 3655 4385">
    <p class='ocr_par' dir='ltr' id='par_1_90' title="bbox 2081 4311 3655 4385">
     <span class='ocr_line' id='line_1_90' title="bbox 2081 4311 3655 4385; baseline -0.001 -17"><span class='ocrx_word' id='word_1_662' title='bbox 2081 4313 2375 4384; x_wconf 79' lang='grc' dir='ltr'>ἀπολογίας</span> <span class='ocrx_word' id='word_1_663' title='bbox 2434 4312 2827 4385; x_wconf 85' lang='grc' dir='ltr'>παιδεραστῶν,</span> <span class='ocrx_word' id='word_1_664' title='bbox 2874 4311 3194 4383; x_wconf 80' lang='grc' dir='ltr'>Γανυμήδην</span> <span class='ocrx_word' id='word_1_665' title='bbox 3240 4312 3492 4382; x_wconf 74' lang='grc' dir='ltr'>ἁρπάζει.</span> <span class='ocrx_word' id='word_1_666' title='bbox 3543 4314 3655 4366; x_wconf 72' lang='grc' dir='ltr'><strong>Καὶ</strong></span> 
     </span>
    </p>
   </div>
   <div class='ocr_carea' id='block_1_91' title="bbox 418 4401 2007 4489">
    <p class='ocr_par' dir='ltr' id='par_1_91' title="bbox 418 4414 1977 4489">
     <span class='ocr_line' id='line_1_91' title="bbox 418 4414 1977 4489; baseline 0.003 -20"><span class='ocrx_word' id='word_1_667' title='bbox 418 4416 517 4485; x_wconf 92' lang='lat' dir='ltr'><strong>pit.</strong></span> <span class='ocrx_word' id='word_1_668' title='bbox 549 4414 617 4468; x_wconf 85' lang='grc' dir='ltr'>Ει</span> <span class='ocrx_word' id='word_1_669' title='bbox 636 4415 896 4470; x_wconf 84' lang='lat' dir='ltr'><strong>adulteris</strong></span> <span class='ocrx_word' id='word_1_670' title='bbox 929 4418 982 4469; x_wconf 90' lang='lat' dir='ltr'><strong>in</strong></span> <span class='ocrx_word' id='word_1_671' title='bbox 1014 4415 1280 4471; x_wconf 86' lang='lat' dir='ltr'><strong>adulterio</strong></span> <span class='ocrx_word' id='word_1_672' title='bbox 1311 4431 1469 4487; x_wconf 89' lang='lat' dir='ltr'><strong>opem</strong></span> <span class='ocrx_word' id='word_1_673' title='bbox 1502 4416 1701 4485; x_wconf 85' lang='lat' dir='ltr'><strong>ferens,</strong></span> <span class='ocrx_word' id='word_1_674' title='bbox 1734 4418 1849 4489; x_wconf 89' lang='lat' dir='ltr'><strong>ipse</strong></span> <span class='ocrx_word' id='word_1_675' title='bbox 1876 4434 1977 4474; x_wconf 63' lang='lat' dir='ltr'><strong>sat-</strong></span> 
     </span>
    </p>
   </div>
   <div class='ocr_carea' id='block_1_92' title="bbox 2089 4401 3652 4489">
    <p class='ocr_par' dir='ltr' id='par_1_92' title="bbox 2089 4401 3652 4475">
     <span class='ocr_line' id='line_1_92' title="bbox 2089 4401 3652 4475; baseline 0 -19"><span class='ocrx_word' id='word_1_676' title='bbox 2089 4407 2290 4475; x_wconf 84' lang='grc' dir='ltr'>μοιχοῖς</span> <span class='ocrx_word' id='word_1_677' title='bbox 2342 4405 2482 4475; x_wconf 81' lang='grc' dir='ltr'>ὑπὲρ</span> <span class='ocrx_word' id='word_1_678' title='bbox 2517 4401 2757 4475; x_wconf 86' lang='grc' dir='ltr'>μοιχείας</span> <span class='ocrx_word' id='word_1_679' title='bbox 2790 4401 3018 4474; x_wconf 79' lang='grc' dir='ltr'>βοηθῶν,</span> <span class='ocrx_word' id='word_1_680' title='bbox 3054 4401 3212 4465; x_wconf 81' lang='grc' dir='ltr'>αὐτὸς</span> <span class='ocrx_word' id='word_1_681' title='bbox 3245 4401 3500 4465; x_wconf 86' lang='grc' dir='ltr'>πολλάκις</span> <span class='ocrx_word' id='word_1_682' title='bbox 3535 4420 3652 4474; x_wconf 90' lang='grc' dir='ltr'>μοι-</span> 
     </span>
    </p>
   </div>
   <div class='ocr_carea' id='block_1_93' title="bbox 417 4506 1977 4575">
    <p class='ocr_par' dir='ltr' id='par_1_93' title="bbox 417 4506 1977 4575">
     <span class='ocr_line' id='line_1_93' title="bbox 417 4506 1977 4575; baseline 0.005 -17"><span class='ocrx_word' id='word_1_683' title='bbox 417 4519 485 4575; x_wconf 90' lang='lat' dir='ltr'><strong>pe</strong></span> <span class='ocrx_word' id='word_1_684' title='bbox 515 4506 762 4561; x_wconf 74' lang='lat' dir='ltr'><strong>mtechus</strong></span> <span class='ocrx_word' id='word_1_685' title='bbox 802 4506 1095 4561; x_wconf 78' lang='lat' dir='ltr'><strong>invenitur.</strong></span> <span class='ocrx_word' id='word_1_686' title='bbox 1136 4506 1217 4561; x_wconf 79' lang='lat' dir='ltr'><strong>Ad</strong></span> <span class='ocrx_word' id='word_1_687' title='bbox 1261 4522 1476 4563; x_wconf 87' lang='lat' dir='ltr'><strong>sorores</strong></span> <span class='ocrx_word' id='word_1_688' title='bbox 1511 4509 1672 4564; x_wconf 89' lang='lat' dir='ltr'><strong>etiam</strong></span> <span class='ocrx_word' id='word_1_689' title='bbox 1698 4510 1977 4566; x_wconf 88' lang='lat' dir='ltr'><strong>ducendas</strong></span> 
     </span>
    </p>
   </div>
   <div class='ocr_carea' id='block_1_94' title="bbox 418 4594 1979 4667">
    <p class='ocr_par' dir='ltr' id='par_1_94' title="bbox 418 4594 1979 4667">
     <span class='ocr_line' id='line_1_94' title="bbox 418 4594 1979 4667; baseline 0.004 -19"><span class='ocrx_word' id='word_1_690' title='bbox 418 4594 628 4659; x_wconf 81' lang='lat' dir='ltr'><strong>invitat,</strong></span> <span class='ocrx_word' id='word_1_691' title='bbox 658 4595 771 4665; x_wconf 84' lang='lat' dir='ltr'><strong>ipse</strong></span> <span class='ocrx_word' id='word_1_692' title='bbox 801 4596 1157 4664; x_wconf 72' lang='lat' dir='ltr'><strong>congrediens</strong></span> <span class='ocrx_word' id='word_1_693' title='bbox 1182 4612 1304 4651; x_wconf 91' lang='lat' dir='ltr'><strong>cum</strong></span> <span class='ocrx_word' id='word_1_694' title='bbox 1339 4600 1639 4665; x_wconf 90' lang='lat' dir='ltr'><strong>sororibus,</strong></span> <span class='ocrx_word' id='word_1_695' title='bbox 1667 4598 1899 4667; x_wconf 85' lang='lat' dir='ltr'><strong>Junone,</strong></span> <span class='ocrx_word' id='word_1_696' title='bbox 1926 4612 1979 4656; x_wconf 89' lang='lat' dir='ltr'><strong>et</strong></span> 
     </span>
    </p>
   </div>
   <div class='ocr_carea' id='block_1_95' title="bbox 417 4685 1975 4761">
    <p class='ocr_par' dir='ltr' id='par_1_95' title="bbox 417 4685 1975 4761">
     <span class='ocr_line' id='line_1_95' title="bbox 417 4685 1975 4761; baseline 0.003 -18"><span class='ocrx_word' id='word_1_697' title='bbox 417 4688 632 4753; x_wconf 88' lang='lat' dir='ltr'><strong>Cerere,</strong></span> <span class='ocrx_word' id='word_1_698' title='bbox 664 4695 718 4742; x_wconf 93' lang='lat' dir='ltr'><strong>et</strong></span> <span class='ocrx_word' id='word_1_699' title='bbox 739 4685 947 4742; x_wconf 86' lang='lat' dir='ltr'><strong>Venere</strong></span> <span class='ocrx_word' id='word_1_700' title='bbox 968 4688 1173 4743; x_wconf 59' lang='lat' dir='ltr'><strong>caelesti</strong></span> <span class='ocrx_word' id='word_1_701' title='bbox 1207 4706 1370 4761; x_wconf 86' lang='lat' dir='ltr'><strong>quam</strong></span> <span class='ocrx_word' id='word_1_702' title='bbox 1416 4691 1662 4746; x_wconf 90' lang='lat' dir='ltr'><strong>nonnulli</strong></span> <span class='ocrx_word' id='word_1_703' title='bbox 1694 4690 1975 4748; x_wconf 87' lang='lat' dir='ltr'><strong>Dodonam</strong></span> 
     </span>
    </p>
   </div>
   <div class='ocr_carea' id='block_1_96' title="bbox 415 4778 1975 4852">
    <p class='ocr_par' dir='ltr' id='par_1_96' title="bbox 415 4778 1975 4852">
     <span class='ocr_line' id='line_1_96' title="bbox 415 4778 1975 4852; baseline 0.004 -18"><span class='ocrx_word' id='word_1_704' title='bbox 415 4787 632 4834; x_wconf 89' lang='lat' dir='ltr'><strong>vocant.</strong></span> <span class='ocrx_word' id='word_1_705' title='bbox 662 4778 733 4835; x_wconf 89' lang='lat' dir='ltr'><strong>lis</strong></span> <span class='ocrx_word' id='word_1_706' title='bbox 772 4795 903 4835; x_wconf 90' lang='lat' dir='ltr'><strong>vero</strong></span> <span class='ocrx_word' id='word_1_707' title='bbox 949 4782 1041 4852; x_wconf 91' lang='lat' dir='ltr'><strong>qui</strong></span> <span class='ocrx_word' id='word_1_708' title='bbox 1085 4798 1209 4839; x_wconf 91' lang='lat' dir='ltr'><strong>cum</strong></span> <span class='ocrx_word' id='word_1_709' title='bbox 1246 4784 1460 4838; x_wconf 82' lang='lat' dir='ltr'><strong>ﬁliabus</strong></span> <span class='ocrx_word' id='word_1_710' title='bbox 1510 4783 1850 4837; x_wconf 89' lang='lat' dir='ltr'><strong>commisceri</strong></span> <span class='ocrx_word' id='word_1_711' title='bbox 1880 4800 1975 4839; x_wconf 83' lang='lat' dir='ltr'><strong>vo-</strong></span> 
     </span>
    </p>
   </div>
   <div class='ocr_carea' id='block_1_97' title="bbox 416 4871 1976 4946">
    <p class='ocr_par' dir='ltr' id='par_1_97' title="bbox 416 4871 1976 4946">
     <span class='ocr_line' id='line_1_97' title="bbox 416 4871 1976 4946; baseline 0.003 -19"><span class='ocrx_word' id='word_1_712' title='bbox 416 4872 570 4937; x_wconf 89' lang='lat' dir='ltr'><strong>lunt,</strong></span> <span class='ocrx_word' id='word_1_713' title='bbox 608 4888 731 4929; x_wconf 87' lang='lat' dir='ltr'><strong>cum</strong></span> <span class='ocrx_word' id='word_1_714' title='bbox 778 4871 1102 4944; x_wconf 86' lang='lat' dir='ltr'><strong>Proserpina</strong></span> <span class='ocrx_word' id='word_1_715' title='bbox 1145 4890 1490 4946; x_wconf 89' lang='lat' dir='ltr'><strong>congressus,</strong></span> <span class='ocrx_word' id='word_1_716' title='bbox 1519 4875 1822 4945; x_wconf 77' lang='lat' dir='ltr'><strong>exemplum</strong></span> <span class='ocrx_word' id='word_1_717' title='bbox 1871 4878 1976 4932; x_wconf 88' lang='lat' dir='ltr'><strong>im-</strong></span> 
     </span>
    </p>
   </div>
   <div class='ocr_carea' id='block_1_98' title="bbox 417 4964 1974 5041">
    <p class='ocr_par' dir='ltr' id='par_1_98' title="bbox 417 4964 1974 5041">
     <span class='ocr_line' id='line_1_98' title="bbox 417 4964 1974 5041; baseline 0.003 -21"><span class='ocrx_word' id='word_1_718' title='bbox 417 4966 646 5038; x_wconf 89' lang='lat' dir='ltr'><strong>probum</strong></span> <span class='ocrx_word' id='word_1_719' title='bbox 690 4981 755 5020; x_wconf 82' lang='lat' dir='ltr'><strong>ex</strong></span> <span class='ocrx_word' id='word_1_720' title='bbox 799 4964 999 5021; x_wconf 83' lang='lat' dir='ltr'><strong>fabulis</strong></span> <span class='ocrx_word' id='word_1_721' title='bbox 1027 4966 1273 5022; x_wconf 84' lang='lat' dir='ltr'><strong>eﬂicitur.</strong></span> <span class='ocrx_word' id='word_1_722' title='bbox 1304 4966 1421 5022; x_wconf 77' lang='lat' dir='ltr'><strong>Alia</strong></span> <span class='ocrx_word' id='word_1_723' title='bbox 1452 4983 1669 5041; x_wconf 89' lang='lat' dir='ltr'><strong>quoque</strong></span> <span class='ocrx_word' id='word_1_724' title='bbox 1692 4970 1974 5025; x_wconf 88' lang='lat' dir='ltr'><strong>innumera</strong></span> 
     </span>
    </p>
   </div>
   <div class='ocr_carea' id='block_1_99' title="bbox 418 5058 1977 5131">
    <p class='ocr_par' dir='ltr' id='par_1_99' title="bbox 418 5058 1977 5131">
     <span class='ocr_line' id='line_1_99' title="bbox 418 5058 1977 5131; baseline 0.001 -18"><span class='ocrx_word' id='word_1_725' title='bbox 418 5058 580 5128; x_wconf 89' lang='lat' dir='ltr'><strong>impie</strong></span> <span class='ocrx_word' id='word_1_726' title='bbox 602 5058 804 5129; x_wconf 84' lang='lat' dir='ltr'><strong>gessit;</strong></span> <span class='ocrx_word' id='word_1_727' title='bbox 830 5065 889 5111; x_wconf 90' lang='lat' dir='ltr'><strong>ut</strong></span> <span class='ocrx_word' id='word_1_728' title='bbox 914 5059 982 5113; x_wconf 90' lang='lat' dir='ltr'><strong>ab</strong></span> <span class='ocrx_word' id='word_1_729' title='bbox 1005 5059 1185 5127; x_wconf 87' lang='lat' dir='ltr'><strong>impiis</strong></span> <span class='ocrx_word' id='word_1_730' title='bbox 1213 5058 1524 5115; x_wconf 88' lang='lat' dir='ltr'><strong>hominibus</strong></span> <span class='ocrx_word' id='word_1_731' title='bbox 1566 5068 1786 5131; x_wconf 89' lang='lat' dir='ltr'><strong>propter</strong></span> <span class='ocrx_word' id='word_1_732' title='bbox 1811 5076 1977 5116; x_wconf 44' lang='lat' dir='ltr'><strong>exsu‘</strong></span> 
     </span>
    </p>
   </div>
   <div class='ocr_carea' id='block_1_100' title="bbox 416 5148 1974 5222">
    <p class='ocr_par' dir='ltr' id='par_1_100' title="bbox 416 5148 1974 5222">
     <span class='ocr_line' id='line_1_100' title="bbox 416 5148 1974 5222; baseline 0.003 -20"><span class='ocrx_word' id='word_1_733' title='bbox 416 5158 691 5222; x_wconf 83' lang='lat' dir='ltr'><strong>perantem</strong></span> <span class='ocrx_word' id='word_1_734' title='bbox 707 5149 1179 5218; x_wconf 88' lang='lat' dir='ltr'><strong>intemperantiam</strong></span> <span class='ocrx_word' id='word_1_735' title='bbox 1202 5148 1506 5207; x_wconf 79' lang='lat' dir='ltr'><strong>fabulosum</strong></span> <span class='ocrx_word' id='word_1_736' title='bbox 1524 5150 1715 5222; x_wconf 89' lang='lat' dir='ltr'><strong>dogma</strong></span> <span class='ocrx_word' id='word_1_737' title='bbox 1740 5152 1806 5205; x_wconf 87' lang='lat' dir='ltr'><strong>de</strong></span> <span class='ocrx_word' id='word_1_738' title='bbox 1828 5151 1974 5207; x_wconf 92' lang='lat' dir='ltr'><strong>illius</strong></span> 
     </span>
    </p>
   </div>
   <div class='ocr_carea' id='block_1_101' title="bbox 2075 4494 3648 4569">
    <p class='ocr_par' dir='ltr' id='par_1_101' title="bbox 2075 4494 3648 4569">
     <span class='ocr_line' id='line_1_101' title="bbox 2075 4494 3648 4569; baseline 0.001 -22"><span class='ocrx_word' id='word_1_739' title='bbox 2075 4496 2167 4565; x_wconf 87' lang='grc' dir='ltr'><strong>χὸς</strong></span> <span class='ocrx_word' id='word_1_740' title='bbox 2234 4494 2561 4564; x_wconf 83' lang='grc' dir='ltr'>εὑρίσκεται.</span> <span class='ocrx_word' id='word_1_741' title='bbox 2619 4494 3033 4566; x_wconf 78' lang='grc' dir='ltr'>Ἀδελφογαμεῖν</span> <span class='ocrx_word' id='word_1_742' title='bbox 3060 4496 3180 4548; x_wconf 85' lang='grc' dir='ltr'>⁶¹δὲ</span> <span class='ocrx_word' id='word_1_743' title='bbox 3246 4496 3648 4569; x_wconf 83' lang='grc' dir='ltr'>προτρέπεται,</span> 
     </span>
    </p>
   </div>
   <div class='ocr_carea' id='block_1_102' title="bbox 2076 4586 3651 4662">
    <p class='ocr_par' dir='ltr' id='par_1_102' title="bbox 2076 4586 3651 4662">
     <span class='ocr_line' id='line_1_102' title="bbox 2076 4586 3651 4662; baseline 0.003 -22"><span class='ocrx_word' id='word_1_744' title='bbox 2076 4586 2326 4656; x_wconf 83' lang='grc' dir='ltr'>ἀδελφαῖς</span> <span class='ocrx_word' id='word_1_745' title='bbox 2358 4587 2518 4651; x_wconf 76' lang='grc' dir='ltr'>αὐτὸς</span> <span class='ocrx_word' id='word_1_746' title='bbox 2552 4586 2924 4651; x_wconf 86' lang='grc' dir='ltr'>συνεισελθὼν,</span> <span class='ocrx_word' id='word_1_747' title='bbox 2944 4589 3110 4661; x_wconf 68' lang='grc' dir='ltr'>Ἥρᾳ,</span> <span class='ocrx_word' id='word_1_748' title='bbox 3148 4590 3241 4642; x_wconf 79' lang='grc' dir='ltr'><strong>καὶ</strong></span> <span class='ocrx_word' id='word_1_749' title='bbox 3270 4590 3537 4662; x_wconf 71' lang='grc' dir='ltr'>Δήμητρί,</span> <span class='ocrx_word' id='word_1_750' title='bbox 3558 4592 3651 4644; x_wconf 80' lang='grc' dir='ltr'>καὶ</span> 
     </span>
    </p>
   </div>
   <div class='ocr_carea' id='block_1_103' title="bbox 2087 4679 3645 4753">
    <p class='ocr_par' dir='ltr' id='par_1_103' title="bbox 2087 4679 3645 4753">
     <span class='ocr_line' id='line_1_103' title="bbox 2087 4679 3645 4753; baseline 0.003 -22"><span class='ocrx_word' id='word_1_751' title='bbox 2087 4679 2370 4751; x_wconf 73' lang='grc' dir='ltr'>Ἀφροδίτῃ</span> <span class='ocrx_word' id='word_1_752' title='bbox 2415 4682 2480 4750; x_wconf 79' lang='grc' dir='ltr'>τῇ</span> <span class='ocrx_word' id='word_1_753' title='bbox 2528 4679 2771 4751; x_wconf 72' lang='grc' dir='ltr'>οὐρανίᾳ,</span> <span class='ocrx_word' id='word_1_754' title='bbox 2804 4679 2872 4750; x_wconf 73' lang='grc' dir='ltr'>ἦν</span> <span class='ocrx_word' id='word_1_755' title='bbox 2917 4698 3060 4744; x_wconf 90' lang='grc' dir='ltr'>τινες</span> <span class='ocrx_word' id='word_1_756' title='bbox 3106 4679 3363 4753; x_wconf 78' lang='grc' dir='ltr'>Δωδώνην</span> <span class='ocrx_word' id='word_1_757' title='bbox 3410 4682 3645 4751; x_wconf 85' lang='grc' dir='ltr'>λέγουσι.</span> 
     </span>
    </p>
   </div>
   <div class='ocr_carea' id='block_1_104' title="bbox 2074 4768 3651 4844">
    <p class='ocr_par' dir='ltr' id='par_1_104' title="bbox 2074 4768 3651 4844">
     <span class='ocr_line' id='line_1_104' title="bbox 2074 4768 3651 4844; baseline -0.001 -17"><span class='ocrx_word' id='word_1_758' title='bbox 2074 4770 2197 4833; x_wconf 87' lang='grc' dir='ltr'>Τοῖς</span> <span class='ocrx_word' id='word_1_759' title='bbox 2227 4769 2284 4821; x_wconf 79' lang='grc' dir='ltr'>δὲ</span> <span class='ocrx_word' id='word_1_760' title='bbox 2318 4768 2617 4841; x_wconf 87' lang='grc' dir='ltr'>θυγατράσι</span> <span class='ocrx_word' id='word_1_761' title='bbox 2665 4769 2954 4840; x_wconf 88' lang='grc' dir='ltr'>μίγνυσθαι</span> <span class='ocrx_word' id='word_1_762' title='bbox 2989 4770 3347 4842; x_wconf 84' lang='grc' dir='ltr'>βουλομένοις,</span> <span class='ocrx_word' id='word_1_763' title='bbox 3382 4772 3651 4844; x_wconf 67' lang='grc' dir='ltr'>Περσεφὰ</span> 
     </span>
    </p>
   </div>
   <div class='ocr_carea' id='block_1_105' title="bbox 2077 4858 3646 4934">
    <p class='ocr_par' dir='ltr' id='par_1_105' title="bbox 2077 4858 3646 4934">
     <span class='ocr_line' id='line_1_105' title="bbox 2077 4858 3646 4934; baseline 0.002 -20"><span class='ocrx_word' id='word_1_764' title='bbox 2077 4878 2143 4933; x_wconf 66' lang='lat' dir='ltr'><strong>vn</strong></span> <span class='ocrx_word' id='word_1_765' title='bbox 2178 4858 2565 4931; x_wconf 85' lang='grc' dir='ltr'>συνεληλυθὼς,</span> <span class='ocrx_word' id='word_1_766' title='bbox 2583 4859 2929 4931; x_wconf 88' lang='grc' dir='ltr'>παράδειγμα</span> <span class='ocrx_word' id='word_1_767' title='bbox 2963 4863 3194 4934; x_wconf 85' lang='grc' dir='ltr'>πονηρὸν</span> <span class='ocrx_word' id='word_1_768' title='bbox 3226 4865 3288 4916; x_wconf 85' lang='grc' dir='ltr'>ὲκ</span> <span class='ocrx_word' id='word_1_769' title='bbox 3319 4863 3426 4917; x_wconf 84' lang='grc' dir='ltr'>τῶν</span> <span class='ocrx_word' id='word_1_770' title='bbox 3463 4864 3646 4934; x_wconf 76' lang='grc' dir='ltr'>μύθων</span> 
     </span>
    </p>
   </div>
   <div class='ocr_carea' id='block_1_106' title="bbox 2076 4949 3645 5022">
    <p class='ocr_par' dir='ltr' id='par_1_106' title="bbox 2076 4949 3645 5022">
     <span class='ocr_line' id='line_1_106' title="bbox 2076 4949 3645 5022; baseline 0.003 -20"><span class='ocrx_word' id='word_1_771' title='bbox 2076 4949 2479 5020; x_wconf 80' lang='grc' dir='ltr'>γίνεται.”Αλλα</span> <span class='ocrx_word' id='word_1_772' title='bbox 2511 4967 2568 5004; x_wconf 89' lang='grc' dir='ltr'><strong>τε</strong></span> <span class='ocrx_word' id='word_1_773' title='bbox 2604 4950 2771 5022; x_wconf 86' lang='grc' dir='ltr'>μυρία</span> <span class='ocrx_word' id='word_1_774' title='bbox 2805 4952 3093 5022; x_wconf 52' lang='grc' dir='ltr'><strong>⁴Ιῑσέϐιηκεν,</strong></span> <span class='ocrx_word' id='word_1_775' title='bbox 3130 4954 3215 5006; x_wconf 79' lang='grc' dir='ltr'>ἵνα</span> <span class='ocrx_word' id='word_1_776' title='bbox 3250 4954 3352 5007; x_wconf 82' lang='grc' dir='ltr'><strong>ὑπὸ</strong></span> <span class='ocrx_word' id='word_1_777' title='bbox 3382 4954 3491 5007; x_wconf 86' lang='grc' dir='ltr'><strong>τῶν</strong></span> <span class='ocrx_word' id='word_1_778' title='bbox 3522 4955 3645 5008; x_wconf 84' lang='grc' dir='ltr'>δυσ-</span> 
     </span>
    </p>
   </div>
   <div class='ocr_carea' id='block_1_107' title="bbox 2078 5040 3641 5117">
    <p class='ocr_par' dir='ltr' id='par_1_107' title="bbox 2078 5040 3641 5117">
     <span class='ocr_line' id='line_1_107' title="bbox 2078 5040 3641 5117; baseline 0.003 -21"><span class='ocrx_word' id='word_1_779' title='bbox 2078 5042 2269 5106; x_wconf 81' lang='grc' dir='ltr'>σεϐὦν,</span> <span class='ocrx_word' id='word_1_780' title='bbox 2295 5041 2382 5095; x_wconf 76' lang='grc' dir='ltr'><strong>διὰ</strong></span> <span class='ocrx_word' id='word_1_781' title='bbox 2429 5040 2528 5114; x_wconf 83' lang='grc' dir='ltr'><strong>τὴν</strong></span> <span class='ocrx_word' id='word_1_782' title='bbox 2580 5040 3021 5113; x_wconf 83' lang='grc' dir='ltr'>ὑπερϐάλλουσαν</span> <span class='ocrx_word' id='word_1_783' title='bbox 3064 5046 3348 5117; x_wconf 86' lang='grc' dir='ltr'>ἀκρασίαν,</span> <span class='ocrx_word' id='word_1_784' title='bbox 3384 5046 3476 5100; x_wconf 85' lang='grc' dir='ltr'>καὶ</span> <span class='ocrx_word' id='word_1_785' title='bbox 3522 5046 3641 5109; x_wconf 82' lang='grc' dir='ltr'>θεὸς</span> 
     </span>
    </p>
   </div>
   <div class='ocr_carea' id='block_1_108' title="bbox 2074 5141 3635 5221">
    <p class='ocr_par' dir='ltr' id='par_1_108' title="bbox 2074 5141 3635 5221">
     <span class='ocr_line' id='line_1_108' title="bbox 2074 5141 3635 5221; baseline 0.001 -20"><span class='ocrx_word' id='word_1_786' title='bbox 2074 5141 2213 5201; x_wconf 75' lang='grc' dir='ltr'>εἶναι</span> <span class='ocrx_word' id='word_1_787' title='bbox 2243 5148 2357 5210; x_wconf 85' lang='grc' dir='ltr'>τοῖς</span> <span class='ocrx_word' id='word_1_788' title='bbox 2390 5144 2622 5208; x_wconf 77' lang='grc' dir='ltr'>ἰδιώταις</span> <span class='ocrx_word' id='word_1_789' title='bbox 2649 5146 2678 5198; x_wconf 85' lang='grc' dir='ltr'><strong>ὁ</strong></span> <span class='ocrx_word' id='word_1_790' title='bbox 2712 5144 2880 5215; x_wconf 90' lang='grc' dir='ltr'>μῦθος</span> <span class='ocrx_word' id='word_1_791' title='bbox 2909 5147 3257 5220; x_wconf 75' lang='grc' dir='ltr'>δογματισθῇ.</span> <span class='ocrx_word' id='word_1_792' title='bbox 3294 5150 3510 5205; x_wconf 76' lang='grc' dir='ltr'>Τούτων</span> <span class='ocrx_word' id='word_1_793' title='bbox 3541 5150 3635 5221; x_wconf 79' lang='grc' dir='ltr'>οὐκ</span> 
     </span>
    </p>
   </div>
   <div class='ocr_carea' id='block_1_109' title="bbox 1669 5289 2337 5349">
    <p class='ocr_par' dir='ltr' id='par_1_109' title="bbox 1669 5289 2337 5349">
     <span class='ocr_line' id='line_1_109' title="bbox 1669 5289 2337 5349; baseline -0.007 0"><span class='ocrx_word' id='word_1_794' title='bbox 1669 5293 1901 5349; x_wconf 73' lang='lat' dir='ltr'><strong>VARUE</strong></span> <span class='ocrx_word' id='word_1_795' title='bbox 1941 5289 2337 5348; x_wconf 86' lang='lat' dir='ltr'><strong>LECTIONES.</strong></span> 
     </span>
    </p>
   </div>
   <div class='ocr_carea' id='block_1_110' title="bbox 557 5448 2753 5528">
    <p class='ocr_par' dir='ltr' id='par_1_110' title="bbox 557 5448 2753 5528">
     <span class='ocr_line' id='line_1_110' title="bbox 557 5448 2753 5528; baseline 0.005 -27"><span class='ocrx_word' id='word_1_796' title='bbox 557 5448 698 5528; x_wconf 76' lang='lat' dir='ltr'><strong>&quot;al.</strong></span> <span class='ocrx_word' id='word_1_797' title='bbox 727 5449 941 5528; x_wconf 47' lang='grc' dir='ltr'><strong>δπὲχςιι(›υ2</strong></span> <span class='ocrx_word' id='word_1_798' title='bbox 1011 5454 1061 5485; x_wconf 73' lang='grc' dir='ltr'><strong>δ’</strong></span> <span class='ocrx_word' id='word_1_799' title='bbox 1098 5453 1322 5528; x_wconf 83' lang='lat' dir='ltr'><strong>deestin</strong></span> <span class='ocrx_word' id='word_1_800' title='bbox 1348 5454 1418 5509; x_wconf 90' lang='lat' dir='ltr'><strong>al.</strong></span> <span class='ocrx_word' id='word_1_801' title='bbox 1497 5456 1542 5488; x_wconf 82' lang='grc'>⁸³</span> <span class='ocrx_word' id='word_1_802' title='bbox 1582 5456 1668 5528; x_wconf 53' lang='lat' dir='ltr'><strong>al.</strong></span> <span class='ocrx_word' id='word_1_803' title='bbox 1696 5452 1966 5528; x_wconf 76' lang='grc' dir='ltr'>ἀφορμήν.</span> <span class='ocrx_word' id='word_1_804' title='bbox 2064 5458 2114 5492; x_wconf 70' lang='grc'>⁸⁸</span> <span class='ocrx_word' id='word_1_805' title='bbox 2153 5458 2275 5514; x_wconf 85' lang='lat' dir='ltr'><strong>Rec.</strong></span> <span class='ocrx_word' id='word_1_806' title='bbox 2299 5459 2336 5512; x_wconf 93' lang='lat' dir='ltr'><strong>l.</strong></span> <span class='ocrx_word' id='word_1_807' title='bbox 2365 5474 2418 5522; x_wconf 65' lang='grc' dir='ltr'><strong>κ,</strong></span> <span class='ocrx_word' id='word_1_808' title='bbox 2442 5472 2487 5512; x_wconf 82' lang='grc' dir='ltr'><strong>ο.</strong></span> <span class='ocrx_word' id='word_1_809' title='bbox 2532 5457 2617 5521; x_wconf 82' lang='grc'><strong>17,</strong></span> <span class='ocrx_word' id='word_1_810' title='bbox 2651 5467 2753 5514; x_wconf 90' lang='lat' dir='ltr'><strong>etc.</strong></span> 
     </span>
    </p>
   </div>
   <div class='ocr_carea' id='block_1_111' title="bbox 3654 5374 3715 5441">
    <p class='ocr_par' dir='ltr' id='par_1_111' title="bbox 3654 5374 3715 5441">
     <span class='ocr_line' id='line_1_111' title="bbox 3654 5374 3715 5441; baseline 0 -38"><span class='ocrx_word' id='word_1_811' title='bbox 3654 5374 3715 5441; x_wconf 34' lang='grc' dir='ltr'>,μ</span> 
     </span>
    </p>
   </div>
   <div class='ocr_carea' id='block_1_112' title="bbox 2855 5454 3626 5519">
    <p class='ocr_par' dir='ltr' id='par_1_112' title="bbox 2855 5454 3626 5519">
     <span class='ocr_line' id='line_1_112' title="bbox 2855 5454 3626 5519; baseline -0.006 -7"><span class='ocrx_word' id='word_1_812' title='bbox 2855 5457 2902 5491; x_wconf 85' lang='grc'><strong>⁸⁵</strong></span> <span class='ocrx_word' id='word_1_813' title='bbox 2944 5457 3019 5512; x_wconf 87' lang='lat' dir='ltr'><strong>al.</strong></span> <span class='ocrx_word' id='word_1_814' title='bbox 3058 5456 3377 5519; x_wconf 85' lang='grc' dir='ltr'>Ποσιδῶνος.</span> <span class='ocrx_word' id='word_1_815' title='bbox 3466 5456 3514 5488; x_wconf 79' lang='grc'><strong><em>⁵⁸</em></strong></span> <span class='ocrx_word' id='word_1_816' title='bbox 3559 5454 3626 5508; x_wconf 91' lang='lat' dir='ltr'><strong>al.</strong></span> 
     </span>
    </p>
   </div>
   <div class='ocr_carea' id='block_1_113' title="bbox 418 5516 3623 5611">
    <p class='ocr_par' dir='ltr' id='par_1_113' title="bbox 418 5516 3623 5611">
     <span class='ocr_line' id='line_1_113' title="bbox 418 5516 3623 5611; baseline 0.004 -45"><span class='ocrx_word' id='word_1_817' title='bbox 418 5516 726 5611; x_wconf 36' lang='lat' dir='ltr'><strong>ﬂexi-aciei.“</strong></span> <span class='ocrx_word' id='word_1_818' title='bbox 751 5516 849 5611; x_wconf 41' lang='lat'><strong>&quot;1&quot;</strong></span> <span class='ocrx_word' id='word_1_819' title='bbox 876 5517 1239 5611; x_wconf 50' lang='lat' dir='ltr'><strong>Clementina,</strong></span> <span class='ocrx_word' id='word_1_820' title='bbox 1253 5526 1397 5579; x_wconf 85' lang='lat' dir='ltr'><strong>hom.</strong></span> <span class='ocrx_word' id='word_1_821' title='bbox 1431 5541 1484 5611; x_wconf 64' lang='grc' dir='ltr'>γ,</span> <span class='ocrx_word' id='word_1_822' title='bbox 1525 5541 1572 5610; x_wconf 42' lang='lat' dir='ltr'><strong>c‘.</strong></span> <span class='ocrx_word' id='word_1_823' title='bbox 1612 5516 1876 5611; x_wconf 45' lang='grc' dir='ltr'>ίὲζριέδ,</span> <span class='ocrx_word' id='word_1_824' title='bbox 1900 5516 2064 5611; x_wconf 60' lang='grc' dir='ltr'>Ίιᾳω.</span> <span class='ocrx_word' id='word_1_825' title='bbox 2113 5529 2165 5611; x_wconf 70' lang='grc' dir='ltr'><strong>εξ,</strong></span> <span class='ocrx_word' id='word_1_826' title='bbox 2214 5530 2365 5611; x_wconf 37' lang='grc' dir='ltr'>οιὴἓ.</span> <span class='ocrx_word' id='word_1_827' title='bbox 2407 5516 2481 5560; x_wconf 54' lang='grc'><strong>’⁸⁸</strong></span> <span class='ocrx_word' id='word_1_828' title='bbox 2519 5516 2854 5611; x_wconf 75' lang='lat' dir='ltr'><strong>Epiphanius</strong></span> <span class='ocrx_word' id='word_1_829' title='bbox 2932 5528 3064 5611; x_wconf 44' lang='lat' dir='ltr'><strong>hair.</strong></span> <span class='ocrx_word' id='word_1_830' title='bbox 3092 5527 3184 5611; x_wconf 54' lang='lat' dir='ltr'><strong>g6,</strong></span> <span class='ocrx_word' id='word_1_831' title='bbox 3232 5544 3289 5581; x_wconf 90' lang='lat' dir='ltr'><strong>n.</strong></span> <span class='ocrx_word' id='word_1_832' title='bbox 3322 5516 3408 5580; x_wconf 64' lang='grc' dir='ltr'><strong>(ϐ.</strong></span> <span class='ocrx_word' id='word_1_833' title='bbox 3486 5525 3529 5556; x_wconf 85' lang='grc'><strong><em>⁸⁹</em></strong></span> <span class='ocrx_word' id='word_1_834' title='bbox 3555 5525 3623 5611; x_wconf 65' lang='lat' dir='ltr'><strong>al:</strong></span> 
     </span>
    </p>
   </div>
   <div class='ocr_carea' id='block_1_114' title="bbox 419 5583 3625 5670">
    <p class='ocr_par' dir='ltr' id='par_1_114' title="bbox 419 5583 3625 5670">
     <span class='ocr_line' id='line_1_114' title="bbox 419 5583 3625 5670; baseline 0 -20"><span class='ocrx_word' id='word_1_835' title='bbox 419 5583 606 5670; x_wconf 58' lang='grc' dir='ltr'><strong>δήσαςο</strong></span> <span class='ocrx_word' id='word_1_836' title='bbox 635 5657 652 5670; x_wconf 29' lang='grc' dir='ltr'><strong>λ</strong></span> <span class='ocrx_word' id='word_1_837' title='bbox 751 5592 1024 5670; x_wconf 32' lang='grc' dir='ltr'>Καίτούς.</span> <span class='ocrx_word' id='word_1_838' title='bbox 1050 5593 1192 5670; x_wconf 76' lang='lat' dir='ltr'><strong>Lege</strong></span> <span class='ocrx_word' id='word_1_839' title='bbox 1212 5583 1352 5670; x_wconf 58' lang='grc' dir='ltr'>ὅπου</span> <span class='ocrx_word' id='word_1_840' title='bbox 1365 5583 1617 5670; x_wconf 47' lang='grc' dir='ltr'>καιτους</span> <span class='ocrx_word' id='word_1_841' title='bbox 1646 5583 1976 5670; x_wconf 74' lang='grc' dir='ltr'>ἀλλους,ἰιί›ἰ</span> <span class='ocrx_word' id='word_1_842' title='bbox 1999 5583 2059 5653; x_wconf 80' lang='lat' dir='ltr'><strong>et</strong></span> <span class='ocrx_word' id='word_1_843' title='bbox 2087 5583 2234 5670; x_wconf 59' lang='lat' dir='ltr'><strong>alios</strong></span> <span class='ocrx_word' id='word_1_844' title='bbox 2264 5598 2413 5670; x_wconf 6' lang='lat' dir='ltr'><strong>Deus,</strong></span> <span class='ocrx_word' id='word_1_845' title='bbox 2453 5583 2643 5670; x_wconf 57' lang='lat' dir='ltr'><strong>punit?</strong></span> <span class='ocrx_word' id='word_1_846' title='bbox 2683 5614 2807 5652; x_wconf 88' lang='lat' dir='ltr'><strong>nam</strong></span> <span class='ocrx_word' id='word_1_847' title='bbox 2845 5583 3182 5670; x_wconf 71' lang='grc' dir='ltr'>κατέρῤαξεν</span> <span class='ocrx_word' id='word_1_848' title='bbox 3216 5612 3323 5651; x_wconf 88' lang='lat' dir='ltr'><strong>non</strong></span> <span class='ocrx_word' id='word_1_849' title='bbox 3380 5594 3625 5651; x_wconf 76' lang='lat' dir='ltr'><strong>convenit</strong></span> 
     </span>
    </p>
   </div>
   <div class='ocr_carea' id='block_1_115' title="bbox 396 5657 2816 5739">
    <p class='ocr_par' dir='ltr' id='par_1_115' title="bbox 396 5657 2816 5739">
     <span class='ocr_line' id='line_1_115' title="bbox 396 5657 2816 5739; baseline 0.007 -34"><span class='ocrx_word' id='word_1_850' title='bbox 396 5668 544 5713; x_wconf 74' lang='lat' dir='ltr'><strong>cum</strong></span> <span class='ocrx_word' id='word_1_851' title='bbox 571 5657 805 5726; x_wconf 78' lang='grc' dir='ltr'>κολάζει.</span> <span class='ocrx_word' id='word_1_852' title='bbox 848 5662 979 5719; x_wconf 67' lang='lat' dir='ltr'><strong>Vide</strong></span> <span class='ocrx_word' id='word_1_853' title='bbox 1006 5665 1111 5721; x_wconf 86' lang='lat' dir='ltr'><strong>hac</strong></span> <span class='ocrx_word' id='word_1_854' title='bbox 1129 5657 1200 5720; x_wconf 68' lang='lat' dir='ltr'><strong>de</strong></span> <span class='ocrx_word' id='word_1_855' title='bbox 1229 5681 1286 5721; x_wconf 85' lang='lat' dir='ltr'><strong>re</strong></span> <span class='ocrx_word' id='word_1_856' title='bbox 1310 5660 1526 5731; x_wconf 78' lang='lat' dir='ltr'><strong>llesiodi</strong></span> <span class='ocrx_word' id='word_1_857' title='bbox 1558 5657 1926 5739; x_wconf 63' lang='lat' dir='ltr'><strong>Theogoniam.</strong></span> <span class='ocrx_word' id='word_1_858' title='bbox 1961 5671 2123 5726; x_wconf 74' lang='lat' dir='ltr'><strong>CLEs.</strong></span> <span class='ocrx_word' id='word_1_859' title='bbox 2202 5669 2241 5702; x_wconf 80' lang='grc'><strong>⁶¹</strong></span> <span class='ocrx_word' id='word_1_860' title='bbox 2282 5670 2350 5724; x_wconf 91' lang='lat' dir='ltr'><strong>al.</strong></span> <span class='ocrx_word' id='word_1_861' title='bbox 2394 5657 2816 5739; x_wconf 66' lang='grc' dir='ltr'>ἀδελφοκτονεῖν.</span> 
     </span>
    </p>
   </div>
  </div>
