4022 6336
358 244 461 303 309

1102 246 1559 327 CLEMENTINA.
1600 278 1671 290 ——
1706 246 2004 304 EPITOME
2041 245 2128 303 DE
2160 244 2406 304 CESTIS
2442 245 2501 303 S.
2542 245 2766 301 PETRI.

3493 247 3597 305 510

352 372 430 439 ὥς
452 371 640 443 ἔτυχεν
662 372 772 443 ἐγὼ
792 374 1110 442 καταγνοὺς,
1129 375 1207 445 τῷ
1239 373 1384 446 μόνῳ
1415 373 1608 445 ἀγαθῷ
1627 374 1745 446 Θεῷ
1769 389 1921 446 προσ·

2003 428 2005 433 ,
2030 371 2312 427 divinitate
2336 370 2606 442 imperitis
2631 385 2954 442 persuasum
2984 368 3167 426 fuerit.
3193 368 3348 426 "His
3363 385 3463 441 ego
3485 386 3596 426 non

353 464 575 533 ἔφυγον,
615 462 971 527 ἀποδεδωκὼς
1015 464 1112 535 τὴν
1148 465 1333 518 πίστιν
1364 463 1597 534 ἀσφαλεῖ
1624 466 1691 535 τῇ
1725 464 1925 534 κρίσει,

349 556 433 609 ὃτι
468 556 531 609 ὲκ
561 556 663 626 τῆς
691 555 784 610 τοῦ
817 555 950 610 Θεοῦ
982 557 1196 619 δικαίας
1219 557 1452 628 κρίσεως
1485 558 1578 609 καὶ
1608 555 1769 625 νόμος
1798 554 1929 626 ὥρι-

258 648 261 655 ’
353 665 498 711 σται,
534 650 628 702 καὶ
652 644 689 719 ἡ
725 648 882 721 ψυχὴ
905 649 1117 713 πάντως
1148 635 1221 703 ’ξδ’
1252 649 1367 703 κατ’
1399 648 1556 715 ἀξίαν
1587 642 1662 703 ὧν
1695 647 1927 717 ἔπραξεν

348 741 487 797 ὅπου
517 741 580 813 δή
617 758 746 795 ποτε
778 740 1168 813 ἀπολαμϐάνει.

417 913 530 969 LII.
558 914 742 969 Ταῦτά
768 933 870 987 μου
897 916 1158 980 εἰπόντος,
1175 916 1204 967 ὁ
1229 914 1472 970 Ἀππίων
1493 914 1539 947 ⁸³
1554 916 1824 987 ἐπήνεγκε
1848 916 1925 987 τῷ

344 1008 491 1079 λόγῳ
515 1024 531 1039 ·
567 1007 633 1060 Τί
664 1007 808 1079 γάρ;
842 1008 962 1078 οὐχὶ⁵
992 1009 1086 1062 καὶ
1120 1008 1380 1078 ’Έλληνες
1415 1008 1508 1062 καὶ
1540 1008 1803 1080 Ἑλλήνων
1836 1008 1922 1061 νό-

347 1118 440 1172 μοι
486 1100 886 1171 ἀπαγορεύουσι
930 1099 999 1152 τά
1041 1098 1283 1164 τοιαῦτα,
1319 1101 1412 1153 καὶ
1453 1100 1580 1162 τοὺς
1616 1101 1834 1169 μοιχούς
1863 1116 1923 1152 τε

342 1192 440 1244 καὶ
474 1191 648 1254 ἄλλως
678 1191 747 1245 τά
778 1190 990 1245 ἐναντία
1022 1191 1359 1263 πράττοντας
1388 1190 1746 1263 τιμωρεῖσθαι
1768 1208 1925 1261 νομο-

344 1284 595 1351 θετοῦσι;
645 1284 799 1353 κάγὼ
844 1284 998 1354 ἔφην’
1036 1284 1244 1338 Οὐκοῦν
1292 1283 1343 1337 οἱ
1386 1282 1651 1354 Ἐλλήνων
1695 1282 1808 1336 θεοὶ
1853 1282 1924 1335 τά

337 1375 561 1429 ἐναντία
607 1378 721 1439 τοῖς
765 1375 950 1446 νόμοις
999 1374 1447 1447 διαπραξάμενοι,
1480 1374 1701 1427 κόλασιν
1731 1374 1793 1428 οὐ
1824 1374 1920 1445 τὴν

338 1461 611 1531 τυχοῦσαν
657 1462 947 1532 ὀφείλουσι.
985 1463 1110 1527 Πῶς
1155 1462 1212 1517 δὲ
1272 1463 1623 1535 σωφρονίζειν
1685 1464 1921 1534 ἐμαυτὸν

321 1548 661 1621 δυνήσομαι,
696 1552 1092 1624 ύπολαμδάνων
1135 1554 1217 1607 ὅτι
1266 1554 1316 1606 oi
1370 1553 1481 1606 θεοὶ
1520 1552 1674 1606 αὐτοὶ
1707 1553 1921 1625 πρῶτοι

337 1641 459 1710 ἅμα
488 1644 559 1711 τῇ
596 1643 831 1713 μοιχείᾳ,
862 1642 930 1696 τά
961 1642 1173 1713 χαλεπά
1206 1643 1383 1697 πάντα
1415 1641 1789 1714 διεπράξαντο,
1825 1644 1917 1696 καὶ

2028 471 2231 519 temere
2266 461 2662 531 condemnatis,
2688 462 2754 517 ad
2786 461 2953 517 Deum
2984 463 3078 533 qui
3121 463 3273 519 solus
3315 462 3489 518 bonus
3513 473 3598 518 est

2026 554 2283 625 confugi;
2323 569 2448 611 cum
2476 554 2636 609 tidem
2672 552 3050 622 certojudicio
3078 553 3415 619 habuissem,
3446 553 3595 623 quod

2024 661 2093 701 ex
2138 645 2229 701 Dei
2266 646 2415 716 justo
2456 646 2682 716 judicio,
2710 653 2765 699 et
2804 645 2889 699 lex
2918 644 3026 698 ﬁxa
3062 644 3134 699 sit
3174 660 3239 700 ac
3268 645 3513 711 deﬁnita,
3540 655 3596 700 et

2026 736 2206 791 anima
2248 738 2475 792 omnino
2504 753 2603 807 pro
2630 736 2897 808 dignitate
2924 751 3117 792 eorum
3150 752 3271 807 quae
3302 738 3468 807 gessit
3493 737 3595 792 ali-

2024 829 2244 898 quando
2268 840 2549 899 receptura
2578 830 2667 884 sit.

2096 920 2203 978 ιιι.
2246 921 2371 977 Haec
2407 938 2530 977 cum
2568 922 2851 988 dixissem,
2885 922 3098 992 Appion
3143 921 3377 976 orationi
3410 920 3592 989 subje-

2024 1011 2099 1066 cit
2126 1030 2140 1065 :
2172 1009 2313 1078 Quid
2341 1012 2525 1065 enim?
2550 1026 2731 1065 nonne
2768 1010 2940 1066 Graeci
2966 1010 3592 1079 etiam.Graecorumque

2023 1103 2166 1173 leges
2198 1102 2299 1159 ista
2335 1104 2656 1173 prohibent;
2686 1112 2739 1157 et
2767 1103 3065 1169 adulteros,
3113 1118 3316 1173 eosque
3360 1102 3451 1171 qui
3484 1102 3590 1155 alia

2023 1196 2380 1266 repugnantia
2427 1195 2797 1262 committunt,
2829 1196 3011 1264 puniri
3051 1194 3349 1250 sanciunt?
3380 1192 3446 1247 Et
3488 1208 3590 1261 ego

2022 1286 2276 1356 respondi
2310 1305 2323 1341 :
2354 1286 2519 1356 Igitur
2560 1285 2874 1340 Graecorum
2929 1285 3003 1339 dii
3053 1285 3329 1340 contraria
3379 1282 3589 1353 legibus

2022 1374 2300 1438 facientes,
2328 1388 2434 1428 non
2466 1374 2579 1427 leve
2602 1373 2923 1443 supplicium
2955 1382 3250 1427 merentur.
3270 1371 3392 1438 Quo
3424 1370 3587 1426 modo

2021 1476 2199 1522 autem
2228 1480 2315 1521 me
2338 1480 2588 1520 coercere
2613 1474 2820 1533 potero,
2847 1466 2975 1518 dum
3006 1464 3261 1518 existimo
3286 1464 3419 1518 deos
3438 1464 3588 1533 ipsos

2019 1559 2223 1629 primos
2254 1572 2363 1611 una
2389 1572 2511 1611 cum
2536 1556 2805 1611 adulterio
2828 1563 3025 1610 cuncta
3041 1554 3243 1625 ﬂagitia
3268 1553 3583 1623 perfecisse,

2019 1665 2121 1704 nec
2148 1663 2337 1720 pmnas
2363 1647 2598 1715 dedisse,
2621 1663 2760 1718 quas
2786 1648 2905 1701 ideo
2937 1647 3111 1718 magis
3140 1646 3269 1701 dare
3294 1646 3581 1711 debebant.

335 1732 493 1804 δίκην
531 1711 907 1802 οὐνδεδὼκασι,
940 1711 1109 1807 ταύτῃ
1148 1735 1345 1807 μᾶλλον
1375 1711 1678 1805 ὀφείλοντες
1708 1734 1909 1801 δοῦναι,

2015 1711 2164 1807 (μήο-
2191 1754 2299 1793 non
2334 1711 2592 1794 serviunt
2622 1711 2904 1808 cupiditati
2936 1756 2949 1792 :
2980 1711 3127 1806 quod
3181 1737 3226 1792 si
3269 1737 3317 1791 ei
3361 1736 3582 1791 obnoxii

331 1821 409 1887 ὡς
443 1825 519 1897 μὴ
554 1825 893 1889 δουλεύοντες
923 1827 1188 1898 ἐπιθυμίᾳ⁸
1210 1844 1224 1857 ο
1260 1828 1309 1881 εἰ
1356 1826 1413 1879 δὲ
1458 1827 1761 1890 ὑπέκειντο,
1797 1826 1911 1891 πῶς

330 1908 473 1985 ἦσαν
520 1916 633 1969 θεοί
654 1933 668 1981 ;
703 1917 813 1970 Καὶ
856 1918 885 1970 ό
928 1918 1170 1971 Ἀππίων
1195 1919 1509 1971 ’Ἔστωσαν
1543 1919 1672 1989 ἡμῖν
1720 1919 1910 1972 σκοποὶ

333 2008 597 2078 μηκέτι“
629 2008 758 2074 θεοὶ,
792 2010 926 2063 άλλά
946 2012 989 2043 ⁸⁸
1022 2011 1287 2073 δικασταὶ,
1323 2012 1404 2073 είς
1446 2008 1540 2073 οὒς
1579 2009 1907 2082 ἀφορῶντες,

330 2098 753 2171 φοϐηθησόμεθα
800 2100 1151 2175 ἁμαρτάνειν.
1186 2099 1356 2169 Κάγὼ
1402 2100 1557 2172 ἔφην·
1604 2101 1719 2154 Οὐκ
1763 2100 1910 2153 ἔστιν

328 2190 539 2262 ὅμοιον,
571 2184 618 2246 ὧ
649 2192 908 2247 ’Δππίων.
939 2193 996 2247 '0
1041 2192 1138 2263 μὲν
1182 2192 1290 2269 γὰρ
1337 2192 1473 2265 πρὸς
1503 2191 1785 2265 ἄνθρωπον
1816 2192 1908 2246 τὸν

329 2285 536 2337 σκοπὸν
567 2284 727 2355 ἔχων,
763 2285 940 2341 ἐλπίδι
971 2288 1065 2341 τοῦ
1098 2288 1299 2352 λαθεῖν,
1323 2289 1658 2360 ἁμαρτάνειν
1690 2288 1908 2352 πάντως

328 2379 650 2450 τολμήσειεν
670 2396 685 2411 ’
721 2383 749 2435 ό
780 2381 837 2434 δὲ
860 2381 991 2435 Θεὸν
1025 2381 1406 2453 παντεπόπτην
1437 2385 1503 2453 τῇ
1539 2381 1728 2435 ἑαυτοῦ
1760 2382 1903 2453 ψυχῇ

325 2475 672 2546 ὁρισάμενος,
708 2474 864 2539 εἰδὼς
895 2476 1055 2531 αὑτὸν
1087 2476 1265 2530 λαθεῖν
1302 2477 1377 2549 μὴ
1410 2476 1687 2541 δύνασθαι,
1722 2479 1815 2531 καὶ
1845 2476 1907 2530 τὸ

326 2565 501 2636 λάθρα
535 2566 865 2637 ἁμαρτάνειν
898 2569 1311 2639 παραιτήσεται.

395 2655 531 2711 LIII.
553 2656 736 2711 Ταῦτα
754 2659 783 2711 ό
818 2658 1062 2712 Ἀππίων
1082 2659 1336 2724 ἀκούσας.
1368 2660 1496 2732 ᾜδε
1506 2678 1573 2724 ιν,
1592 2659 1716 2731 ἔφη,
1734 2660 1791 2726 ἐξ
1814 2660 1903 2714 ἅτε

323 2750 534 2821 ἥκουσα
564 2750 906 2821 Χριπιανοῖς
938 2768 998 2804 σε
1032 2752 1480 2823 προσομιλοῦντα,
1514 2752 1836 2823 ἠλλοιῶσθαι
1858 2755 1904 2787 ⁸⁸

322 2841 420 2912 τὴν
451 2840 696 2913 γνώμην.
730 2842 929 2906 Καλῶς
970 2842 1079 2915 γὰρ
1125 2845 1336 2915 εἴρηταί
1377 2861 1515 2898 τινι’
1552 2846 1905 2913 Φθείρουσιν

322 2933 435 3003 ἤθη
464 2934 698 3003 χρηστὰ
726 2936 947 3004 ὁμιλίαι
976 2937 1172 2990 κακαί.
1195 2935 1364 3007 Κάγὼ
1380 2937 1517 3008 πρὸς
1549 2937 1727 2992 αὐτόν·
1757 2939 1901 2991 Οὐκ-

2010 1826 2251 1893 fuerunt,
2278 1842 2388 1895 quo
2409 1836 2569 1896 pacto
2597 1826 2671 1880 dii
2709 1827 2899 1879 erant?
2931 1825 2996 1880 Et
3035 1826 3246 1896 Appion
3279 1845 3293 1881 :
3326 1826 3447 1881 Sint
3481 1842 3583 1880 no-

2010 1915 2094 1969 bis
2118 1931 2214 1985 pro
2241 1930 2428 1985 scopo,
2461 1932 2569 1969 non
2594 1915 2691 1981 dii,
2737 1916 2830 1970 sed
2865 1916 3106 1986 judiccs;
3137 1918 3189 1971 in
3222 1933 3361 1987 quos
3404 1919 3580 1987 respi-

2008 2004 2221 2073 ciendo,
2253 2021 2481 2076 peccare
2507 2016 2833 2062 metuemus.
2858 2007 2929 2061 At
2950 2021 3049 2079 ego
3082 2010 3267 2078 excepi
3305 2026 3320 2063 :
3350 2007 3470 2063 Non
3497 2019 3581 2065 est

2009 2095 2204 2161 simile,
2250 2111 2284 2150 ο
2325 2096 2557 2166 Appion.
2585 2097 2687 2164 Qui
2716 2100 2863 2153 enim
2888 2099 2954 2153 ad
2991 2098 3266 2154 hominem
3296 2099 3538 2157 collimat
3557 2142 3576 2169 ,

2008 2202 2103 2257 spe
2145 2187 2368 2253 latendi,
2396 2189 2714 2258 delinquere
2756 2191 2979 2245 omnino
3025 2190 3245 2246 audebit
3277 2191 3411 2261 :qui
3447 2206 3577 2247 vero

2006 2275 2176 2333 Deum
2210 2279 2454 2333 omnium
2490 2280 2850 2350 inspectorem
2892 2292 3048 2337 metae
3090 2284 3211 2338 loco
3239 2284 3436 2337 animm
3464 2299 3579 2340 suae

2005 2370 2308 2440 proposuit,
2332 2385 2534 2440 gnarus
2565 2370 2709 2440 quod
2734 2387 2860 2427 eum
2886 2373 3049 2429 latere
3078 2390 3185 2428 non
3212 2373 3405 2443 possit,
3434 2373 3575 2428 clam

2005 2476 2228 2532 quoque
2255 2476 2482 2531 peccare
2509 2464 2903 2532 supersedebit.

2073 2657 2207 2713 LIII.
2260 2658 2394 2725 Qua:
2432 2675 2557 2714 cum
2593 2661 2836 2717 audisset
2864 2659 3099 2731 Appion,
3155 2659 3573 2728 lntellcxeram,

2003 2747 2199 2819 inquit,
2223 2765 2289 2804 ex
2312 2765 2422 2820 quo
2448 2751 2629 2806 audivi
2660 2750 2757 2806 tibi
2786 2767 2910 2807 cum
2943 2750 3272 2807 Christianis
3299 2767 3419 2807 esse
3443 2767 3576 2807 con-

2004 2840 2388 2905 suetudinem,
2443 2841 2741 2897 mutavisse
2798 2851 2848 2896 te
2901 2844 3247 2897 sententiam.
3310 2842 3575 2899 Praeclare

2000 2933 2145 2987 enim
2183 2948 2214 2986 a
2242 2933 2478 3003 quodam
2519 2933 2726 2988 dictum
2752 2942 2836 2989 est
2867 2953 2881 2989 :
2915 2934 3088 2989 Mores
3123 2936 3279 2989 bonos
3312 2936 3573 3007 colloquia

322 3025 413 3079 οῦν
462 3026 853 3097 ἐπανορθοῦσιν
905 3027 1009 3099 ἤθη
1065 3029 1138 3098 μὴ
1198 3028 1409 3100 χρηστά
1446 3029 1652 3100 ὁμιλίαι
1713 3030 1894 3084 καλαί.

2003 3034 2340 3093 corrumpunt
2379 3024 2525 3078 mala
2544 3026 2609 3079 δ’.
2653 3024 2721 3078 Et
2754 3040 2855 3095 ego
2880 3026 2946 3079 ad
2979 3026 3131 3080 illum
3167 3045 3182 3081 :
3217 3024 3361 3098 Ergo
3390 3043 3572 3083 mores

320 3118 507 3171 Ταῦτά
542 3136 642 3189 μου
675 3118 936 3183 εἰπόντος,
959 3119 1009 3171 οἱ
1028 3118 1290 3191 παρόντες
1311 3120 1535 3192 φανεροὶ
1553 3116 1692 3191 ἦσαν
1712 3122 1900 3195 ὥσπερ

320 3211 569 3281 ἡδόμενοι
602 3214 715 3274 τοῖς
748 3211 839 3264 ὑπ’
860 3209 995 3282 ἐμοῦ
1027 3210 1364 3282 λεγομένοιςο
1386 3212 1506 3267 ὅθεν
1540 3215 1634 3268 καί⁵
1656 3216 1719 3286 τῇ
1744 3216 1900 3269 ὑστε-

324 3302 449 3373 ραίᾳ
500 3300 829 3367 ἀξιώσαντες
878 3302 1167 3371 ἀφικέσθαι
1216 3303 1396 3368 πάλιν,
1430 3304 1492 3357 τό
1536 3322 1599 3375 γε
1639 3305 1733 3359 νῦν
1778 3307 1900 3378 ἔχον

321 3392 636 3464 ὑπεχώρουν
660 3395 724 3446 ⁵⁸.
762 3395 840 3465 Τῇ
873 3395 930 3447 δὲ
977 3394 1235 3466 ἐπαύριον
1270 3396 1656 3468 προεληλυθότι
1687 3397 1764 3469 τῷ
1796 3398 1900 3451 Πέ-

316 3498 430 3554 τρῳ
462 3483 736 3553 ἀπήντουν
758 3484 805 3514 ὀ
839 3482 1203 3555 πλησιόχωροί
1233 3502 1291 3538 τε
1325 3486 1423 3539 οὐκ
1455 3486 1643 3554 ὀλίγοι,
1678 3488 1770 3540 καὶ
1801 3490 1898 3542 αύ-

316 3575 418 3646 τῆς
448 3574 507 3627 δὲ
537 3576 641 3645 τῆς
671 3574 847 3646 Τύρου
882 3575 1064 3629 πολλοί
1083 3593 1096 3606 ·
1132 3576 1225 3629 καὶ
1258 3575 1568 3645 ἐπεφώνουν
1614 3578 1858 3647 λέγοντες
1878 3594 1894 3611 ο

327 3654 387 3719 ’0
408 3665 543 3729 Θεὸς
565 3665 653 3719 διὰ
676 3666 771 3719 σοῦ
793 3668 940 3737 ἡμᾶς
970 3666 1269 3733 ελεείτωτί,
1303 3668 1391 3722 διὰ
1417 3667 1510 3721 σοῦ
1527 3669 1572 3702 ⁴¹²
1598 3668 1897 3741 θεραπευέ-

316 3774 413 3811 τω.
447 3757 586 3821 Στάς
618 3754 711 3811 οὖν
742 3760 770 3811 ὀ
803 3758 1006 3831 Πέτρος
1037 3760 1129 3812 ἐπὶ
1160 3759 1310 3814 λίθου
1340 3760 1487 3824 τινὸς
1522 3760 1725 3831 ὑψηλοῦ
1759 3761 1896 3834 πρὸς

314 3847 374 3901 τὸ
404 3847 666 3901 δύνασθαι
701 3850 832 3901 πᾶσι
865 3849 1180 3919 καταφανὴς
1211 3845 1370 3915 εἶναι,
1406 3850 1498 3904 καὶ
1529 3852 1897 3924 προσαγορεύ-

318 3956 415 4004 σας
448 3939 690 3993 θεοσεὸεἷ
720 3940 889 4012 νόμῳ,
923 3940 1095 4004 οὕτως
1128 3940 1350 4013 ἧρξατω

382 4117 519 4172 LIV.
561 4117 681 4187 Θεῷ
725 4115 803 4187 τῷ
836 4118 1118 4190 ποιήσαντι
1147 4119 1238 4173 τὸν
1267 4120 1492 4192 οὐρανὸν
1532 4124 1626 4176 καὶ
1666 4124 1763 4194 τὴν
1791 4125 1893 4196 γῆν

313 4212 404 4264 καὶ
421 4212 525 4282 τὴν
556 4210 849 4276 θάλασσαν,
868 4213 929 4265 οὐ
958 4212 1133 4265 λείπει
1164 4213 1435 4283 πρόφασις
1456 4214 1592 4286 πρὸς
1622 4216 1893 4288 σωτηρίαν

309 4305 415 4358 τῶν
447 4302 717 4366 σώζεσθαι
752 4300 1087 4374 βουλομένων
1110 4321 1122 4333 ·
1153 4304 1373 4367 δυνατὸς
1398 4304 1506 4375 γάρ
1538 4307 1651 4358 ἐστι
1683 4307 1893 4371 καὶτὰς

1999 3126 2107 3164 non
2136 3112 2313 3167 honos
2334 3112 2603 3182 colloquia
2634 3114 2777 3168 bona
2802 3117 3102 3183 corrigunt.
3139 3116 3183 3148 ⁸⁸
3213 3115 3336 3171 Haec
3372 3132 3456 3171 me
3484 3118 3573 3173 di»-

1998 3208 2185 3267 cente,
2230 3203 2323 3271 qui
2367 3201 2616 3268 aderant,
2650 3220 2760 3259 non
2792 3204 3025 3260 obscure
3069 3206 3395 3263 videbantur
3427 3208 3574 3264 dele-

1998 3295 2135 3350 ctari
2162 3295 2232 3351 iis
2255 3312 2378 3366 quae
2404 3313 2431 3351 a
2456 3313 2543 3351 me
2566 3297 2888 3352 dicebantur
2918 3316 2932 3352 :
2968 3299 3111 3353 unde
3139 3306 3193 3355 et
3232 3315 3355 3355 cum
3380 3318 3573 3373 rogas-

1997 3394 2137 3453 sent,
2165 3398 2224 3441 ut
2271 3387 2535 3456 postridie
2580 3388 2780 3443 iterum
2819 3390 3222 3455 conveniretur,
3251 3392 3572 3462 impra-sen-
3676 3452 3681 3457 ,

1996 3477 2196 3539 tiarum
2211 3478 2599 3535 discesserunt.
2614 3479 2841 3536 Postero
2860 3490 3041 3536 autem
3054 3482 3163 3549 die,
3176 3483 3336 3539 Petro
3352 3502 3572 3556 egresso

1996 3577 2383 3636 processerunt
2417 3568 2630 3623 obviam
2656 3584 2762 3624 non
2788 3572 2945 3639 pauci
2977 3571 3216 3639 finitimi,
3249 3590 3314 3630 ac
3337 3592 3402 3630 ex
3427 3576 3572 3647 Tyro

1995 3660 2113 3728 ipsa
2163 3661 2513 3730 complures;
2565 3670 2618 3715 et
2658 3663 3053 3731 acclamabant,
3105 3667 3345 3723 dicentes
3380 3687 3393 3722 :
3426 3668 3570 3726 Deus

1994 3766 2092 3819 per
2124 3760 2175 3806 te
2220 3752 2392 3807 nostri
2440 3752 2785 3818 misereatur,
2813 3769 2907 3823 per
2936 3762 2990 3810 te
3026 3771 3128 3810 nos
3161 3761 3350 3812 curet!
3408 3757 3571 3815 Stans

1994 3856 2123 3911 ergo
2164 3842 2357 3897 Petrus
2408 3842 2463 3897 in
2508 3845 2726 3900 excelso
2758 3846 2956 3915 lapide,
3004 3856 3063 3901 ut
3098 3850 3354 3906 omnibus
3384 3863 3570 3921 posset

1993 3949 2115 3990 esse
2137 3935 2466 4003 conspicuus
2486 3975 2501 4003 ,
2532 3944 2820 4009 postquam
2852 3938 3105 4008 religioso
3137 3956 3290 3996 more
3331 3944 3566 3998 salutas-

1994 4037 2094 4093 set,
2128 4027 2201 4081 ita
2228 4042 2458 4084 exorsus
2485 4038 2602 4084 est:

2064 4117 2196 4173 LIV.
2239 4118 2369 4182 Deo,
2406 4120 2675 4175 conditori
2708 4122 2861 4187 cmli,
2907 4131 3085 4190 terrae,
3119 4139 3183 4180 ac
3219 4125 3415 4192 maris,
3442 4143 3555 4183 non

1993 4209 2147 4265 deest
2169 4211 2387 4265 occasio
2407 4211 2474 4266 ad
2499 4212 2728 4267 salutem
2752 4202 2941 4268 eorum
2968 4216 3061 4284 qui
3085 4218 3288 4271 servari
3309 4220 3556 4288 cupiunt:

1993 4310 2169 4371 potest
2207 4302 2353 4356 enim
2400 4313 2452 4357 et
2487 4307 2701 4359 animas
2730 4314 2947 4360 nostras
2974 4315 3027 4361 et
3068 4322 3295 4377 corpora
3320 4326 3560 4367 servare.

310 4397 488 4468 ψυχὰς
512 4399 546 4467 ἡ
554 4396 669 4468 μῶν
691 4398 785 4450 καὶ
808 4395 877 4450 τά
903 4395 1129 4467 σώματα
1166 4395 1355 4449 σῶσαι.
1390 4397 1661 4451 Μανθάνω
1684 4394 1795 4463 οὖν,
1817 4400 1893 4463 ὡς

2003 4394 2173 4449 Audio
2198 4394 2407 4463 utique,
2446 4395 2727 4450 Simonem
2767 4395 2982 4466 Magum
3010 4399 3147 4455 bove
3182 4410 3415 4457 mactato
3440 4420 3568 4458 con-

312 4489 650 4560 βουθυτήσας
684 4487 865 4557 Σίμων
894 4485 1145 4555 όΜάγος,
1192 4487 1461 4541 εἱστίασεν
1487 4489 1629 4559 ὑμᾶς
1652 4491 1709 4542 ὲν
1741 4490 1881 4563 μέσῃ

306 4585 373 4653 τῇ
394 4582 591 4652 ἀγορᾷ,
615 4581 709 4635 καὶ
740 4579 868 4651 οἴνῳ
905 4578 1083 4650 πολλῷ
1109 4579 1361 4649 κορέσας,
1391 4579 1654 4651 ὀλεθρίοις
1690 4581 1887 4635 πάθεσι

307 4674 402 4728 καὶ
428 4673 651 4742 δαίμοσι
685 4670 1085 4742 παραδέδωκεν.
1134 4669 1269 4723 Ἀλλ’
1297 4669 1485 4741 ὥσπερ
1520 4666 1612 4724 οὖν
1635 4671 1743 4723 τῶν
1774 4671 1889 4725 δαί-

310 4782 467 4838 μοσιν
489 4762 897 4833 ἀποδεδομένων
928 4762 1183 4833 θυμάτων
1216 4761 1610 4831 μεταλαϐόντες
1633 4801 1648 4825 ,
1679 4761 1758 4832 τῷ
1787 4762 1888 4834 τῆς

308 4860 509 4922 κακίας
550 4856 778 4927 ἡγεμόνι
828 4855 1261 4927 κατεδουλώθητε
1290 4874 1303 4888 ο
1346 4856 1520 4920 οὕτως
1572 4857 1638 4909 ἂν
1678 4856 1885 4909 τούτων

307 4950 649 5020 παυσάμενοι
699 4947 778 5018 τῷ
814 4947 932 5019 Θεῷ
975 4948 1063 5001 διὰ
1110 4947 1205 5001 τοῦ
1254 4948 1458 5020 Κυρίου
1500 4949 1657 5019 ἡμῶν
1706 4947 1880 5019 Ἰησοῦ

307 5040 548 5114 Χριστοῦ
578 5038 935 5111 προσέλθητε,
964 5034 1024 5093 εὖ
1054 5037 1165 5092 ῐστε
1190 5079 1205 5104 ,
1234 5040 1316 5092 ὅτι
1352 5040 1449 5093 σὺν
1484 5042 1551 5110 τῇ
1578 5039 1673 5093 τοῦ
1707 5038 1884 5110 σώμα-

306 5149 399 5196 τος
430 5133 593 5194 ἰάσει,
619 5130 713 5183 καὶ
740 5130 839 5193 τὰς
874 5130 1051 5201 ψυχὰς
1084 5131 1429 5199 ὑγιαινούσας
1473 5131 1642 5198 ἕξετε,
1678 5130 1748 5184 τά
1768 5130 1887 5201 Θεῷ

310 5222 613 5294 ἀρέσκοντα
659 5222 1041 5293 μετερχόμενοι
1090 5223 1243 5276 Ἔστι
1272 5223 1328 5276 δὲ
1369 5223 1439 5277 τά
1482 5224 1782 5294 ἀρέσκοντα
1808 5222 1888 5294 τῷ

311 5314 451 5387 Θεῷ,
471 5315 535 5369 τὸ
563 5314 712 5385 αὐτῷ
734 5330 793 5366 τε
818 5313 1215 5386 προσεύχεσθαι
1237 5355 1252 5380 ,
1279 5316 1373 5370 καὶ
1395 5314 1675 5387 τραπέζης
1693 5316 1885 5387 δαιμο-

1990 4485 2192 4540 vivium
2220 4486 2377 4542 vobis
2407 4486 2462 4540 in
2489 4487 2667 4541 medio
2707 4488 2826 4541 Iuro
2854 4489 3101 4553 dedisse,
3132 4506 3196 4546 ac
3228 4493 3355 4546 vino
3385 4496 3559 4549 multo

1988 4578 2229 4646 expletos
2264 4577 2589 4647 perniciosis
2645 4579 2851 4633 morbis
2888 4596 2952 4633 ac
3008 4580 3347 4637 daemonibus
3390 4585 3559 4655 tradi-

1985 4667 2150 4723 disse.
2196 4668 2265 4723 At
2294 4676 2442 4725 certe
2492 4668 2635 4723 sicut
2676 4670 2945 4737 perceptis
2976 4672 3260 4727 sacriﬁciis
3302 4690 3422 4743 quae
3450 4676 3561 4729 ἀπο

1987 4761 2250 4815 monibus
2279 4761 2459 4815 oblata
2486 4761 2725 4825 fuerant,
2748 4762 2967 4818 malitia:
3001 4761 3125 4817 duci
3148 4764 3354 4817 servire
3382 4766 3559 4819 coacti

1986 4852 2149 4908 estis:
2171 4852 2243 4905 ita
2261 4853 2330 4915 si,
2350 4852 2416 4905 iis
2447 4852 2668 4916 relictis,
2699 4851 2765 4906 ad
2792 4851 2983 4918 Deum,
3010 4870 3107 4922 per
3137 4853 3424 4910 Dominum
3450 4872 3549 4911 no-

1988 4952 2162 4998 strum
2190 4941 2375 5013 Jcsum
2404 4942 2681 4997 Christum
2700 4983 2714 5007 ,
2763 4945 3131 5007 accesseritis,
3169 4945 3410 5014 profecto
3442 4947 3552 5001 sci-

1990 5043 2135 5101 tote,
2167 5049 2266 5088 vos
2292 5049 2415 5088 cum
2461 5034 2707 5103 corporis
2736 5036 2988 5101 sanitate,
3020 5037 3183 5090 etiam
3222 5037 3435 5090 animas
3467 5051 3558 5090 sa-

1988 5142 2087 5182 nas
2148 5126 2431 5181 habituros
2484 5142 2636 5193 esse;
2715 5127 2827 5183 Deo
2896 5130 3096 5199 placita
3165 5130 3552 5184 consectando.

1988 5222 2257 5278 Caeterum
2285 5220 2395 5276 Deo
2416 5223 2613 5292 placita
2639 5232 2800 5288 sunt;
2826 5238 2949 5277 eum
2991 5223 3221 5293 precari,
3252 5222 3556 5279 daamonio-

1989 5330 2111 5369 rum
2144 5330 2332 5370 mensa
2361 5314 2662 5379 abstinere,
2694 5314 3014 5384 sanguinem
3045 5331 3151 5368 non
3170 5314 3437 5385 attingere
3456 5330 3553 5369 seu

1578 5410 1811 5466 VARIIE
1852 5409 2250 5465 LECTIONES.

453 5526 498 5559 ⁶²
539 5525 797 5582 Clamant.
830 5525 978 5580 bom.
1025 5539 1098 5589 IV,
1133 5539 1183 5579 c.
1206 5524 1298 5589 22,
1320 5535 1423 5581 etc.

1530 5525 1576 5559 ⁸³
1613 5528 1684 5581 al.
1734 5528 1946 5584 Ἀπίων.
2031 5520 2083 5559 ⁸⁸
2112 5529 2183 5581 al.

2411 5544 2445 5580 :.
2524 5527 2569 5559 “
2591 5526 2661 5597 al.
2698 5524 2834 5580 ἀλλά
2884 5526 2943 5597 ἦ.
2992 5523 3040 5562 ⁵⁸
3079 5524 3151 5597 al.
3189 5521 3549 5597 ﬁﬂowﬁgﬁat.

453 5527 498 5559 ⁶²
539 5527 797 5582 Clamant.
830 5527 978 5580 bom.
1025 5539 1098 5589 tv,
1133 5539 1183 5579 c.
1206 5527 1298 5589 22,
1320 5535 1423 5581 etc.
1530 5527 1576 5559 ⁸³
1613 5528 1684 5581 al.
1734 5528 1946 5584 Ἀπίων.
2031 5527 2083 5559 θ’
2112 5529 2183 5581 al.
2228 5527 2306 5633 μη
2345 5528 2445 5581 ἔτι.
2524 5527 2569 5559 ⁸³
2591 5527 2661 5581 al.
2698 5527 2834 5580 ἀλλά
2884 5527 2943 5597 ἦ.
2992 5527 3040 5562 "
3079 5527 3151 5609 al.
3189 5527 3549 5592 ὴλλοιοῦσθαι.

314 5597 361 5668 ξ’
398 5596 710 5651 Menander.
746 5600 783 5650 1ο
818 5594 914 5668 1;}
934 5594 1058 5650 σοι’.
1097 5612 1199 5660 XV.
1231 5596 1339 5668 '53-,
1388 5596 1431 5627 ³⁸
1460 5592 1722 5654 σίϐηιεηι.
1752 5599 1897 5656 hom.
1940 5616 2012 5667 Iv,
2043 5599 2202 5655 c.25.
2309 5598 2330 5632 ⁹
2368 5599 2439 5654 al.
2479 5595 2803 5668 ἀνεχώρουν.
2818 5597 2887 5652 al.
2913 5596 3313 5667 ὑπανεχωρουν.
3391 5595 3439 5627 ⁷⁸
3476 5596 3549 5653 aL

315 5664 585 5744 ἀπήντων.
664 5668 706 5697 ⁷⁸
741 5668 811 5723 al.
854 5666 1058 5737 ελεήτο.
1137 5668 1181 5699 ¹¹¹
1216 5668 1291 5721 al.
1330 5666 1494 5741 inscr.
1549 5668 1657 5727 καί.
