  <div class='ocr_page' id='page_1' title='image "/cluster/home/n/w/nwhite01/storage/ocr_20150623/2/hvd.32044073501249/261.png"; bbox 0 0 4022 6336; ppageno 0'>
   <div class='ocr_carea' id='block_1_1' title="bbox 446 247 544 304">
    <p class='ocr_par' dir='ltr' id='par_1_1' title="bbox 446 247 544 304">
     <span class='ocr_line' id='line_1_1' title="bbox 446 247 544 304; baseline -0.01 0"><span class='ocrx_word' id='word_1_1' title='bbox 446 247 544 304; x_wconf 79' lang='lat' dir='ltr'><strong>5H</strong></span> 
     </span>
    </p>
   </div>
   <div class='ocr_carea' id='block_1_2' title="bbox 1298 248 2807 307">
    <p class='ocr_par' dir='ltr' id='par_1_2' title="bbox 1298 248 2807 307">
     <span class='ocr_line' id='line_1_2' title="bbox 1298 248 2807 307; baseline -0.001 -1"><span class='ocrx_word' id='word_1_2' title='bbox 1298 249 1357 306; x_wconf 90' lang='lat' dir='ltr'><strong>S.</strong></span> <span class='ocrx_word' id='word_1_3' title='bbox 1400 249 1785 306; x_wconf 83' lang='lat' dir='ltr'><strong>CLEMENTIS</strong></span> <span class='ocrx_word' id='word_1_4' title='bbox 1817 249 1840 304; x_wconf 88' lang='lat' dir='ltr'><strong>l</strong></span> <span class='ocrx_word' id='word_1_5' title='bbox 1877 248 2039 306; x_wconf 86' lang='lat' dir='ltr'><strong>ROM.</strong></span> <span class='ocrx_word' id='word_1_6' title='bbox 2078 248 2279 307; x_wconf 84' lang='lat' dir='ltr'><strong>PONT.</strong></span> <span class='ocrx_word' id='word_1_7' title='bbox 2317 248 2544 307; x_wconf 78' lang='lat' dir='ltr'><strong>OPERA</strong></span> <span class='ocrx_word' id='word_1_8' title='bbox 2580 248 2807 305; x_wconf 74' lang='lat' dir='ltr'><strong>DUBIA.</strong></span> 
     </span>
    </p>
   </div>
   <div class='ocr_carea' id='block_1_3' title="bbox 3582 247 3685 303">
    <p class='ocr_par' dir='ltr' id='par_1_3' title="bbox 3582 247 3685 303">
     <span class='ocr_line' id='line_1_3' title="bbox 3582 247 3685 303; baseline 0 -1"><span class='ocrx_word' id='word_1_9' title='bbox 3582 247 3685 303; x_wconf 68' lang='lat'><strong>512</strong></span> 
     </span>
    </p>
   </div>
   <div class='ocr_carea' id='block_1_4' title="bbox 442 364 2028 445">
    <p class='ocr_par' dir='ltr' id='par_1_4' title="bbox 442 373 2018 445">
     <span class='ocr_line' id='line_1_4' title="bbox 442 373 2018 445; baseline 0.001 -17"><span class='ocrx_word' id='word_1_10' title='bbox 442 380 694 443; x_wconf 83' lang='lat' dir='ltr'><strong>gustare,</strong></span> <span class='ocrx_word' id='word_1_11' title='bbox 748 373 818 429; x_wconf 91' lang='lat' dir='ltr'><strong>ab</strong></span> <span class='ocrx_word' id='word_1_12' title='bbox 853 375 1014 442; x_wconf 78' lang='lat' dir='ltr'><strong>omni</strong></span> <span class='ocrx_word' id='word_1_13' title='bbox 1058 373 1478 445; x_wconf 89' lang='lat' dir='ltr'><strong>inquinamento</strong></span> <span class='ocrx_word' id='word_1_14' title='bbox 1524 374 1907 430; x_wconf 86' lang='lat' dir='ltr'><strong>immaculatos</strong></span> <span class='ocrx_word' id='word_1_15' title='bbox 1958 389 2018 429; x_wconf 92' lang='lat' dir='ltr'><strong>se</strong></span> 
     </span>
    </p>
   </div>
   <div class='ocr_carea' id='block_1_5' title="bbox 2112 364 3685 445">
    <p class='ocr_par' dir='ltr' id='par_1_5' title="bbox 2115 364 3685 445">
     <span class='ocr_line' id='line_1_5' title="bbox 2115 364 3685 445; baseline -0.008 -18"><span class='ocrx_word' id='word_1_16' title='bbox 2115 375 2243 429; x_wconf 92' lang='grc' dir='ltr'>νίων</span> <span class='ocrx_word' id='word_1_17' title='bbox 2297 374 2637 445; x_wconf 87' lang='grc' dir='ltr'>ἀπέχεσθαι,</span> <span class='ocrx_word' id='word_1_18' title='bbox 2689 370 2764 444; x_wconf 82' lang='grc' dir='ltr'>μὴ</span> <span class='ocrx_word' id='word_1_19' title='bbox 2811 369 3003 440; x_wconf 74' lang='grc' dir='ltr'>ψαύειν</span> <span class='ocrx_word' id='word_1_20' title='bbox 3061 368 3318 440; x_wconf 78' lang='grc' dir='ltr'>αἵματος,</span> <span class='ocrx_word' id='word_1_21' title='bbox 3372 366 3438 420; x_wconf 82' lang='grc' dir='ltr'>ὲκ</span> <span class='ocrx_word' id='word_1_22' title='bbox 3488 364 3685 429; x_wconf 74' lang='grc' dir='ltr'>παντὸς</span> 
     </span>
    </p>
   </div>
   <div class='ocr_carea' id='block_1_6' title="bbox 441 467 2013 536">
    <p class='ocr_par' dir='ltr' id='par_1_6' title="bbox 441 467 2013 536">
     <span class='ocr_line' id='line_1_6' title="bbox 441 467 2013 536; baseline 0.001 -17"><span class='ocrx_word' id='word_1_23' title='bbox 441 479 799 533; x_wconf 79' lang='lat' dir='ltr'><strong>conservare;</strong></span> <span class='ocrx_word' id='word_1_24' title='bbox 854 467 908 520; x_wconf 92' lang='lat' dir='ltr'><strong>in</strong></span> <span class='ocrx_word' id='word_1_25' title='bbox 954 468 1140 522; x_wconf 85' lang='lat' dir='ltr'><strong>multis</strong></span> <span class='ocrx_word' id='word_1_26' title='bbox 1169 467 1492 536; x_wconf 83' lang='lat' dir='ltr'><strong>corporibus</strong></span> <span class='ocrx_word' id='word_1_27' title='bbox 1535 482 1644 521; x_wconf 88' lang='lat' dir='ltr'><strong>una</strong></span> <span class='ocrx_word' id='word_1_28' title='bbox 1681 475 1861 521; x_wconf 85' lang='lat' dir='ltr'><strong>meme</strong></span> <span class='ocrx_word' id='word_1_29' title='bbox 1892 481 2013 535; x_wconf 85' lang='lat' dir='ltr'><strong>gra-</strong></span> 
     </span>
    </p>
   </div>
   <div class='ocr_carea' id='block_1_7' title="bbox 441 557 2011 629">
    <p class='ocr_par' dir='ltr' id='par_1_7' title="bbox 441 557 2011 629">
     <span class='ocr_line' id='line_1_7' title="bbox 441 557 2011 629; baseline -0.001 -15"><span class='ocrx_word' id='word_1_30' title='bbox 441 557 678 626; x_wconf 75' lang='lat' dir='ltr'><strong>dientes,</strong></span> <span class='ocrx_word' id='word_1_31' title='bbox 725 560 869 629; x_wconf 91' lang='lat' dir='ltr'><strong>quod</strong></span> <span class='ocrx_word' id='word_1_32' title='bbox 907 560 1291 629; x_wconf 83' lang='lat' dir='ltr'><strong>unusquisque</strong></span> <span class='ocrx_word' id='word_1_33' title='bbox 1324 559 1429 613; x_wconf 87' lang='lat' dir='ltr'><strong>sibi</strong></span> <span class='ocrx_word' id='word_1_34' title='bbox 1455 560 1592 624; x_wconf 92' lang='lat' dir='ltr'><strong>vult,</strong></span> <span class='ocrx_word' id='word_1_35' title='bbox 1619 559 1671 613; x_wconf 90' lang='lat' dir='ltr'><strong>id</strong></span> <span class='ocrx_word' id='word_1_36' title='bbox 1700 567 1754 612; x_wconf 90' lang='lat' dir='ltr'><strong>et</strong></span> <span class='ocrx_word' id='word_1_37' title='bbox 1778 558 1843 612; x_wconf 92' lang='lat' dir='ltr'><strong>de</strong></span> <span class='ocrx_word' id='word_1_38' title='bbox 1882 573 2011 627; x_wconf 53' lang='lat' dir='ltr'><strong>pro»</strong></span> 
     </span>
    </p>
   </div>
   <div class='ocr_carea' id='block_1_8' title="bbox 443 648 2013 722">
    <p class='ocr_par' dir='ltr' id='par_1_8' title="bbox 443 648 2013 722">
     <span class='ocr_line' id='line_1_8' title="bbox 443 648 2013 722; baseline -0.003 -16"><span class='ocrx_word' id='word_1_39' title='bbox 443 652 596 706; x_wconf 78' lang='lat' dir='ltr'><strong>ximo</strong></span> <span class='ocrx_word' id='word_1_40' title='bbox 621 652 862 722; x_wconf 80' lang='lat' dir='ltr'><strong>cogitare</strong></span> <span class='ocrx_word' id='word_1_41' title='bbox 893 666 959 706; x_wconf 90' lang='lat' dir='ltr'><strong>ac</strong></span> <span class='ocrx_word' id='word_1_42' title='bbox 981 666 1199 721; x_wconf 89' lang='lat' dir='ltr'><strong>cupere.</strong></span> <span class='ocrx_word' id='word_1_43' title='bbox 1245 651 1335 704; x_wconf 86' lang='lat' dir='ltr'><strong>Ait</strong></span> <span class='ocrx_word' id='word_1_44' title='bbox 1366 651 1511 705; x_wconf 91' lang='lat' dir='ltr'><strong>enim</strong></span> <span class='ocrx_word' id='word_1_45' title='bbox 1544 669 1558 705; x_wconf 89' lang='lat'><strong>:</strong></span> <span class='ocrx_word' id='word_1_46' title='bbox 1592 651 1640 683; x_wconf 83' lang='grc'><strong>⁷³</strong></span> <span class='ocrx_word' id='word_1_47' title='bbox 1666 648 1784 705; x_wconf 87' lang='lat' dir='ltr'><strong>Non</strong></span> <span class='ocrx_word' id='word_1_48' title='bbox 1812 650 1895 704; x_wconf 88' lang='lat' dir='ltr'><strong>vis</strong></span> <span class='ocrx_word' id='word_1_49' title='bbox 1930 648 2013 702; x_wconf 88' lang='lat' dir='ltr'><strong>in-</strong></span> 
     </span>
    </p>
   </div>
   <div class='ocr_carea' id='block_1_9' title="bbox 444 741 2009 809">
    <p class='ocr_par' dir='ltr' id='par_1_9' title="bbox 444 741 2009 809">
     <span class='ocr_line' id='line_1_9' title="bbox 444 741 2009 809; baseline -0.003 -11"><span class='ocrx_word' id='word_1_50' title='bbox 444 743 652 809; x_wconf 82' lang='lat' dir='ltr'><strong>terﬁci,</strong></span> <span class='ocrx_word' id='word_1_51' title='bbox 682 744 914 798; x_wconf 90' lang='lat' dir='ltr'><strong>alterum</strong></span> <span class='ocrx_word' id='word_1_52' title='bbox 957 758 1067 796; x_wconf 90' lang='lat' dir='ltr'><strong>non</strong></span> <span class='ocrx_word' id='word_1_53' title='bbox 1115 742 1412 797; x_wconf 81' lang='lat' dir='ltr'><strong>interﬁcias</strong></span> <span class='ocrx_word' id='word_1_54' title='bbox 1450 759 1463 794; x_wconf 91' lang='lat'>:</span> <span class='ocrx_word' id='word_1_55' title='bbox 1498 757 1607 795; x_wconf 91' lang='lat' dir='ltr'><strong>non</strong></span> <span class='ocrx_word' id='word_1_56' title='bbox 1656 741 1737 796; x_wconf 82' lang='lat' dir='ltr'><strong>vis</strong></span> <span class='ocrx_word' id='word_1_57' title='bbox 1786 754 2009 796; x_wconf 80' lang='lat' dir='ltr'><strong>uxorem</strong></span> 
     </span>
    </p>
   </div>
   <div class='ocr_carea' id='block_1_10' title="bbox 442 832 2014 903">
    <p class='ocr_par' dir='ltr' id='par_1_10' title="bbox 442 832 2014 903">
     <span class='ocr_line' id='line_1_10' title="bbox 442 832 2014 903; baseline -0.004 -13"><span class='ocrx_word' id='word_1_58' title='bbox 442 845 589 890; x_wconf 89' lang='lat' dir='ltr'><strong>tuam</strong></span> <span class='ocrx_word' id='word_1_59' title='bbox 618 836 687 890; x_wconf 91' lang='lat' dir='ltr'><strong>ab</strong></span> <span class='ocrx_word' id='word_1_60' title='bbox 716 835 825 889; x_wconf 89' lang='lat' dir='ltr'><strong>alio</strong></span> <span class='ocrx_word' id='word_1_61' title='bbox 849 833 1194 903; x_wconf 87' lang='lat' dir='ltr'><strong>constuprari</strong></span> <span class='ocrx_word' id='word_1_62' title='bbox 1216 874 1231 898; x_wconf 93' lang='lat'><strong>,</strong></span> <span class='ocrx_word' id='word_1_63' title='bbox 1263 832 1491 887; x_wconf 77' lang='lat' dir='ltr'><strong>alterius</strong></span> <span class='ocrx_word' id='word_1_64' title='bbox 1522 842 1746 900; x_wconf 82' lang='lat' dir='ltr'><strong>nuptam</strong></span> <span class='ocrx_word' id='word_1_65' title='bbox 1784 846 1853 885; x_wconf 89' lang='lat' dir='ltr'><strong>ne</strong></span> <span class='ocrx_word' id='word_1_66' title='bbox 1881 844 2014 886; x_wconf 92' lang='lat' dir='ltr'><strong>con-</strong></span> 
     </span>
    </p>
   </div>
   <div class='ocr_carea' id='block_1_11' title="bbox 443 924 2012 999">
    <p class='ocr_par' dir='ltr' id='par_1_11' title="bbox 443 924 2012 999">
     <span class='ocr_line' id='line_1_11' title="bbox 443 924 2012 999; baseline -0.005 -14"><span class='ocrx_word' id='word_1_67' title='bbox 443 938 627 999; x_wconf 89' lang='lat' dir='ltr'><strong>stupra</strong></span> <span class='ocrx_word' id='word_1_68' title='bbox 666 948 679 983; x_wconf 92' lang='lat'>:</span> <span class='ocrx_word' id='word_1_69' title='bbox 722 943 832 983; x_wconf 91' lang='lat' dir='ltr'><strong>non</strong></span> <span class='ocrx_word' id='word_1_70' title='bbox 876 927 960 983; x_wconf 86' lang='lat' dir='ltr'><strong>vis</strong></span> <span class='ocrx_word' id='word_1_71' title='bbox 1000 926 1281 996; x_wconf 90' lang='lat' dir='ltr'><strong>quidpiam</strong></span> <span class='ocrx_word' id='word_1_72' title='bbox 1325 924 1552 979; x_wconf 88' lang='lat' dir='ltr'><strong>omnino</strong></span> <span class='ocrx_word' id='word_1_73' title='bbox 1583 940 1762 979; x_wconf 93' lang='lat' dir='ltr'><strong>rerum</strong></span> <span class='ocrx_word' id='word_1_74' title='bbox 1795 933 2012 979; x_wconf 89' lang='lat' dir='ltr'><strong>tuarum</strong></span> 
     </span>
    </p>
   </div>
   <div class='ocr_carea' id='block_1_12' title="bbox 442 1016 2014 1085">
    <p class='ocr_par' dir='ltr' id='par_1_12' title="bbox 442 1016 2014 1085">
     <span class='ocr_line' id='line_1_12' title="bbox 442 1016 2014 1085; baseline -0.003 -12"><span class='ocrx_word' id='word_1_75' title='bbox 442 1018 592 1076; x_wconf 89' lang='lat' dir='ltr'><strong>furto</strong></span> <span class='ocrx_word' id='word_1_76' title='bbox 631 1021 876 1085; x_wconf 85' lang='lat' dir='ltr'><strong>auferri,</strong></span> <span class='ocrx_word' id='word_1_77' title='bbox 908 1018 1049 1073; x_wconf 86' lang='lat' dir='ltr'><strong>nihil</strong></span> <span class='ocrx_word' id='word_1_78' title='bbox 1096 1018 1321 1072; x_wconf 83' lang='lat' dir='ltr'><strong>alterius</strong></span> <span class='ocrx_word' id='word_1_79' title='bbox 1352 1016 1553 1071; x_wconf 87' lang='lat' dir='ltr'><strong>furare.</strong></span> <span class='ocrx_word' id='word_1_80' title='bbox 1602 1016 1778 1085; x_wconf 86' lang='lat' dir='ltr'><strong>Atque</strong></span> <span class='ocrx_word' id='word_1_81' title='bbox 1824 1016 1899 1070; x_wconf 89' lang='lat' dir='ltr'><strong>ita</strong></span> <span class='ocrx_word' id='word_1_82' title='bbox 1946 1030 2014 1069; x_wconf 80' lang='lat' dir='ltr'><strong>ex</strong></span> 
     </span>
    </p>
   </div>
   <div class='ocr_carea' id='block_1_13' title="bbox 442 1107 2013 1183">
    <p class='ocr_par' dir='ltr' id='par_1_13' title="bbox 442 1107 2013 1183">
     <span class='ocr_line' id='line_1_13' title="bbox 442 1107 2013 1183; baseline -0.003 -14"><span class='ocrx_word' id='word_1_83' title='bbox 442 1114 598 1169; x_wconf 89' lang='lat' dir='ltr'><strong>vobis</strong></span> <span class='ocrx_word' id='word_1_84' title='bbox 628 1114 763 1183; x_wconf 85' lang='lat' dir='ltr'><strong>ipsis</strong></span> <span class='ocrx_word' id='word_1_85' title='bbox 795 1111 940 1183; x_wconf 88' lang='lat' dir='ltr'><strong>quod</strong></span> <span class='ocrx_word' id='word_1_86' title='bbox 976 1110 1174 1165; x_wconf 88' lang='lat' dir='ltr'><strong>rationi</strong></span> <span class='ocrx_word' id='word_1_87' title='bbox 1215 1119 1644 1164; x_wconf 87' lang='lat' dir='ltr'><strong>consentaneum</strong></span> <span class='ocrx_word' id='word_1_88' title='bbox 1675 1116 1758 1163; x_wconf 89' lang='lat' dir='ltr'><strong>est</strong></span> <span class='ocrx_word' id='word_1_89' title='bbox 1808 1107 2013 1164; x_wconf 89' lang='lat' dir='ltr'><strong>intelli-</strong></span> 
     </span>
    </p>
   </div>
   <div class='ocr_carea' id='block_1_14' title="bbox 442 1193 2013 1273">
    <p class='ocr_par' dir='ltr' id='par_1_14' title="bbox 442 1193 2013 1273">
     <span class='ocr_line' id='line_1_14' title="bbox 442 1193 2013 1273; baseline -0.002 -17"><span class='ocrx_word' id='word_1_90' title='bbox 442 1212 649 1273; x_wconf 87' lang='lat' dir='ltr'><strong>gentes,</strong></span> <span class='ocrx_word' id='word_1_91' title='bbox 678 1218 742 1256; x_wconf 93' lang='lat' dir='ltr'><strong>ac</strong></span> <span class='ocrx_word' id='word_1_92' title='bbox 767 1199 1089 1265; x_wconf 85' lang='lat' dir='ltr'><strong>consectati,</strong></span> <span class='ocrx_word' id='word_1_93' title='bbox 1124 1197 1234 1253; x_wconf 88' lang='lat' dir='ltr'><strong>Deo</strong></span> <span class='ocrx_word' id='word_1_94' title='bbox 1265 1198 1419 1252; x_wconf 89' lang='lat' dir='ltr'><strong>chari</strong></span> <span class='ocrx_word' id='word_1_95' title='bbox 1442 1193 1616 1263; x_wconf 86' lang='lat' dir='ltr'><strong>eritis,</strong></span> <span class='ocrx_word' id='word_1_96' title='bbox 1649 1206 1703 1253; x_wconf 91' lang='lat' dir='ltr'><strong>et</strong></span> <span class='ocrx_word' id='word_1_97' title='bbox 1725 1195 2013 1253; x_wconf 86' lang='lat' dir='ltr'><strong>sanitatem</strong></span> 
     </span>
    </p>
   </div>
   <div class='ocr_carea' id='block_1_15' title="bbox 443 1290 837 1361">
    <p class='ocr_par' dir='ltr' id='par_1_15' title="bbox 443 1290 837 1361">
     <span class='ocr_line' id='line_1_15' title="bbox 443 1290 837 1361; baseline -0.008 -15"><span class='ocrx_word' id='word_1_98' title='bbox 443 1290 837 1361; x_wconf 89' lang='lat' dir='ltr'><strong>assequemini.</strong></span> 
     </span>
    </p>
   </div>
   <div class='ocr_carea' id='block_1_16' title="bbox 514 1376 2015 1449">
    <p class='ocr_par' dir='ltr' id='par_1_16' title="bbox 514 1376 2015 1449">
     <span class='ocr_line' id='line_1_16' title="bbox 514 1376 2015 1449; baseline -0.003 -13"><span class='ocrx_word' id='word_1_99' title='bbox 514 1382 624 1437; x_wconf 82' lang='lat' dir='ltr'><strong>LV.</strong></span> <span class='ocrx_word' id='word_1_100' title='bbox 654 1384 700 1414; x_wconf 84' lang='grc'><strong>⁷⁵</strong></span> <span class='ocrx_word' id='word_1_101' title='bbox 721 1381 847 1437; x_wconf 66' lang='lat' dir='ltr'><strong>Haac</strong></span> <span class='ocrx_word' id='word_1_102' title='bbox 882 1396 911 1435; x_wconf 91' lang='lat' dir='ltr'><strong>a</strong></span> <span class='ocrx_word' id='word_1_103' title='bbox 940 1379 1103 1435; x_wconf 91' lang='lat' dir='ltr'><strong>Petro</strong></span> <span class='ocrx_word' id='word_1_104' title='bbox 1145 1378 1337 1449; x_wconf 89' lang='lat' dir='ltr'><strong>paucis</strong></span> <span class='ocrx_word' id='word_1_105' title='bbox 1360 1378 1553 1433; x_wconf 84' lang='lat' dir='ltr'><strong>diebus</strong></span> <span class='ocrx_word' id='word_1_106' title='bbox 1577 1377 1752 1433; x_wconf 88' lang='lat' dir='ltr'><strong>edocti</strong></span> <span class='ocrx_word' id='word_1_107' title='bbox 1773 1419 1789 1445; x_wconf 92' lang='lat'><strong>,</strong></span> <span class='ocrx_word' id='word_1_108' title='bbox 1820 1376 2015 1433; x_wconf 89' lang='lat' dir='ltr'><strong>deinde</strong></span> 
     </span>
    </p>
   </div>
   <div class='ocr_carea' id='block_1_17' title="bbox 441 1467 2018 1539">
    <p class='ocr_par' dir='ltr' id='par_1_17' title="bbox 441 1467 2018 1539">
     <span class='ocr_line' id='line_1_17' title="bbox 441 1467 2018 1539; baseline -0.001 -16"><span class='ocrx_word' id='word_1_109' title='bbox 441 1477 495 1523; x_wconf 91' lang='lat' dir='ltr'><strong>et</strong></span> <span class='ocrx_word' id='word_1_110' title='bbox 516 1471 854 1524; x_wconf 89' lang='lat' dir='ltr'><strong>curationem</strong></span> <span class='ocrx_word' id='word_1_111' title='bbox 887 1469 1088 1539; x_wconf 84' lang='lat' dir='ltr'><strong>adepti,</strong></span> <span class='ocrx_word' id='word_1_112' title='bbox 1114 1467 1181 1521; x_wconf 91' lang='lat' dir='ltr'><strong>ad</strong></span> <span class='ocrx_word' id='word_1_113' title='bbox 1229 1483 1446 1522; x_wconf 87' lang='lat' dir='ltr'><strong>sacrum</strong></span> <span class='ocrx_word' id='word_1_114' title='bbox 1474 1467 1807 1536; x_wconf 87' lang='lat' dir='ltr'><strong>baptismum</strong></span> <span class='ocrx_word' id='word_1_115' title='bbox 1836 1482 2018 1522; x_wconf 88' lang='lat' dir='ltr'><strong>acces-</strong></span> 
     </span>
    </p>
   </div>
   <div class='ocr_carea' id='block_1_18' title="bbox 392 1554 2014 1628">
    <p class='ocr_par' dir='ltr' id='par_1_18' title="bbox 392 1554 2014 1628">
     <span class='ocr_line' id='line_1_18' title="bbox 392 1554 2014 1628; baseline 0 -13"><span class='ocrx_word' id='word_1_116' title='bbox 392 1554 395 1557; x_wconf 51' lang='grc'><strong>⁷</strong></span> <span class='ocrx_word' id='word_1_117' title='bbox 442 1571 651 1615; x_wconf 85' lang='lat' dir='ltr'><strong>serunt.</strong></span> <span class='ocrx_word' id='word_1_118' title='bbox 682 1559 814 1626; x_wconf 71' lang='lat' dir='ltr'><strong>Quae</strong></span> <span class='ocrx_word' id='word_1_119' title='bbox 841 1576 965 1615; x_wconf 93' lang='lat' dir='ltr'><strong>cum</strong></span> <span class='ocrx_word' id='word_1_120' title='bbox 1002 1558 1216 1614; x_wconf 89' lang='lat' dir='ltr'><strong>Sidonii</strong></span> <span class='ocrx_word' id='word_1_121' title='bbox 1250 1560 1577 1626; x_wconf 87' lang='lat' dir='ltr'><strong>audiissent,</strong></span> <span class='ocrx_word' id='word_1_122' title='bbox 1609 1558 2014 1628; x_wconf 81' lang='lat' dir='ltr'><strong>supplicaturas</strong></span> 
     </span>
    </p>
   </div>
   <div class='ocr_carea' id='block_1_19' title="bbox 2117 460 3682 540">
    <p class='ocr_par' dir='ltr' id='par_1_19' title="bbox 2117 460 3682 540">
     <span class='ocr_line' id='line_1_19' title="bbox 2117 460 3682 540; baseline -0.008 -18"><span class='ocrx_word' id='word_1_123' title='bbox 2117 470 2421 540; x_wconf 82' lang='grc' dir='ltr'><strong>μιάσματος</strong></span> <span class='ocrx_word' id='word_1_124' title='bbox 2462 467 2722 529; x_wconf 87' lang='grc' dir='ltr'>ἀσπίλους</span> <span class='ocrx_word' id='word_1_125' title='bbox 2759 465 2983 527; x_wconf 78' lang='grc' dir='ltr'>ἑαυτοὺς</span> <span class='ocrx_word' id='word_1_126' title='bbox 3028 465 3310 533; x_wconf 79' lang='grc' dir='ltr'><strong>συντηρεῖν</strong></span> <span class='ocrx_word' id='word_1_127' title='bbox 3334 500 3350 526; x_wconf 93' lang='grc'><strong>,</strong></span> <span class='ocrx_word' id='word_1_128' title='bbox 3384 462 3442 515; x_wconf 81' lang='grc' dir='ltr'>ὲν</span> <span class='ocrx_word' id='word_1_129' title='bbox 3473 460 3682 524; x_wconf 80' lang='grc' dir='ltr'>πολλοῖς</span> 
     </span>
    </p>
   </div>
   <div class='ocr_carea' id='block_1_20' title="bbox 2113 550 3683 630">
    <p class='ocr_par' dir='ltr' id='par_1_20' title="bbox 2113 550 3683 630">
     <span class='ocr_line' id='line_1_20' title="bbox 2113 550 3683 630; baseline -0.006 -19"><span class='ocrx_word' id='word_1_130' title='bbox 2113 559 2324 630; x_wconf 86' lang='grc' dir='ltr'>σώμασι</span> <span class='ocrx_word' id='word_1_131' title='bbox 2353 561 2451 629; x_wconf 81' lang='grc' dir='ltr'>μιᾷ</span> <span class='ocrx_word' id='word_1_132' title='bbox 2478 556 2671 629; x_wconf 85' lang='grc' dir='ltr'>γνώμῃ</span> <span class='ocrx_word' id='word_1_133' title='bbox 2698 554 3060 626; x_wconf 87' lang='grc' dir='ltr'>στοιχοῦντας,</span> <span class='ocrx_word' id='word_1_134' title='bbox 3087 555 3222 625; x_wconf 86' lang='grc' dir='ltr'>ὅπερ</span> <span class='ocrx_word' id='word_1_135' title='bbox 3249 553 3478 615; x_wconf 76' lang='grc' dir='ltr'>ἕκαστος</span> <span class='ocrx_word' id='word_1_136' title='bbox 3510 550 3683 621; x_wconf 80' lang='grc' dir='ltr'>ἑαυτῷ</span> 
     </span>
    </p>
   </div>
   <div class='ocr_carea' id='block_1_21' title="bbox 2113 644 3788 721">
    <p class='ocr_par' dir='ltr' id='par_1_21' title="bbox 2113 644 3788 721">
     <span class='ocr_line' id='line_1_21' title="bbox 2113 644 3788 721; baseline -0.004 -17"><span class='ocrx_word' id='word_1_137' title='bbox 2113 650 2284 716; x_wconf 80' lang='grc' dir='ltr'><strong>θέλει,</strong></span> <span class='ocrx_word' id='word_1_138' title='bbox 2324 650 2481 705; x_wconf 87' lang='grc' dir='ltr'>τοῦτο</span> <span class='ocrx_word' id='word_1_139' title='bbox 2513 651 2607 704; x_wconf 77' lang='grc' dir='ltr'><strong>καὶ</strong></span> <span class='ocrx_word' id='word_1_140' title='bbox 2642 648 2770 721; x_wconf 77' lang='grc' dir='ltr'>περὶ</span> <span class='ocrx_word' id='word_1_141' title='bbox 2811 647 2905 701; x_wconf 90' lang='grc' dir='ltr'><strong>τοῦ</strong></span> <span class='ocrx_word' id='word_1_142' title='bbox 2951 646 3174 717; x_wconf 79' lang='grc' dir='ltr'><strong>πλησίον</strong></span> <span class='ocrx_word' id='word_1_143' title='bbox 3217 647 3451 716; x_wconf 82' lang='grc' dir='ltr'><strong>φρονεῖν.</strong></span> <span class='ocrx_word' id='word_1_144' title='bbox 3478 645 3525 675; x_wconf 79' lang='grc'><strong>⁷⁸⁵</strong></span> <span class='ocrx_word' id='word_1_145' title='bbox 3544 644 3680 713; x_wconf 71' lang='grc' dir='ltr'>Φησὶ</span> <span class='ocrx_word' id='word_1_146' title='bbox 3774 668 3788 689; x_wconf 74' lang='grc' dir='ltr'><strong>ι</strong></span> 
     </span>
    </p>
   </div>
   <div class='ocr_carea' id='block_1_22' title="bbox 2111 735 3678 815">
    <p class='ocr_par' dir='ltr' id='par_1_22' title="bbox 2111 735 3678 815">
     <span class='ocr_line' id='line_1_22' title="bbox 2111 735 3678 815; baseline -0.005 -20"><span class='ocrx_word' id='word_1_147' title='bbox 2111 743 2249 815; x_wconf 89' lang='grc' dir='ltr'>γάρ·</span> <span class='ocrx_word' id='word_1_148' title='bbox 2285 743 2359 797; x_wconf 86' lang='grc' dir='ltr'><strong>Οὐ</strong></span> <span class='ocrx_word' id='word_1_149' title='bbox 2401 742 2574 805; x_wconf 88' lang='grc' dir='ltr'>θέλεις</span> <span class='ocrx_word' id='word_1_150' title='bbox 2626 740 2985 811; x_wconf 79' lang='grc' dir='ltr'><strong>φονευθῆναι,</strong></span> <span class='ocrx_word' id='word_1_151' title='bbox 3028 738 3213 810; x_wconf 72' lang='grc' dir='ltr'>ἕτερον</span> <span class='ocrx_word' id='word_1_152' title='bbox 3265 736 3339 808; x_wconf 83' lang='grc' dir='ltr'>μὴ</span> <span class='ocrx_word' id='word_1_153' title='bbox 3391 735 3678 807; x_wconf 75' lang='grc' dir='ltr'>φονεύσῃςο</span> 
     </span>
    </p>
   </div>
   <div class='ocr_carea' id='block_1_23' title="bbox 2112 827 3679 903">
    <p class='ocr_par' dir='ltr' id='par_1_23' title="bbox 2112 827 3679 903">
     <span class='ocr_line' id='line_1_23' title="bbox 2112 827 3679 903; baseline -0.004 -18"><span class='ocrx_word' id='word_1_154' title='bbox 2112 833 2174 886; x_wconf 86' lang='grc' dir='ltr'><strong>ού</strong></span> <span class='ocrx_word' id='word_1_155' title='bbox 2203 832 2377 895; x_wconf 80' lang='grc' dir='ltr'><strong>Θέλεις</strong></span> <span class='ocrx_word' id='word_1_156' title='bbox 2415 832 2513 903; x_wconf 80' lang='grc' dir='ltr'>τὴν</span> <span class='ocrx_word' id='word_1_157' title='bbox 2548 833 2646 903; x_wconf 81' lang='grc' dir='ltr'><strong>σὴν</strong></span> <span class='ocrx_word' id='word_1_158' title='bbox 2682 831 2773 900; x_wconf 82' lang='grc' dir='ltr'>ὑφ’</span> <span class='ocrx_word' id='word_1_159' title='bbox 2799 830 2989 902; x_wconf 79' lang='grc' dir='ltr'>ἐτέρου</span> <span class='ocrx_word' id='word_1_160' title='bbox 3038 827 3381 900; x_wconf 81' lang='grc' dir='ltr'>μοιχευθῆναι</span> <span class='ocrx_word' id='word_1_161' title='bbox 3410 828 3642 895; x_wconf 88' lang='grc' dir='ltr'>γυναῖκα</span> <span class='ocrx_word' id='word_1_162' title='bbox 3662 865 3679 889; x_wconf 93' lang='grc'><strong>,</strong></span> 
     </span>
    </p>
   </div>
   <div class='ocr_carea' id='block_1_24' title="bbox 2112 916 3680 995">
    <p class='ocr_par' dir='ltr' id='par_1_24' title="bbox 2112 916 3680 995">
     <span class='ocr_line' id='line_1_24' title="bbox 2112 916 3680 995; baseline -0.006 -18"><span class='ocrx_word' id='word_1_163' title='bbox 2112 925 2211 995; x_wconf 77' lang='grc' dir='ltr'><strong>τὴν</strong></span> <span class='ocrx_word' id='word_1_164' title='bbox 2258 922 2446 994; x_wconf 77' lang='grc' dir='ltr'>ἐτέρου</span> <span class='ocrx_word' id='word_1_165' title='bbox 2499 924 2571 994; x_wconf 79' lang='grc' dir='ltr'>μὴ</span> <span class='ocrx_word' id='word_1_166' title='bbox 2615 922 2832 993; x_wconf 88' lang='grc' dir='ltr'>μοίχευε</span> <span class='ocrx_word' id='word_1_167' title='bbox 2883 921 3155 992; x_wconf 87' lang='grc' dir='ltr'>γαμετήν·</span> <span class='ocrx_word' id='word_1_168' title='bbox 3190 920 3251 971; x_wconf 76' lang='grc' dir='ltr'><strong>οὐ</strong></span> <span class='ocrx_word' id='word_1_169' title='bbox 3285 917 3460 995; x_wconf 84' lang='grc' dir='ltr'>θέλεις</span> <span class='ocrx_word' id='word_1_170' title='bbox 3488 934 3541 969; x_wconf 84' lang='grc' dir='ltr'><strong>τι</strong></span> <span class='ocrx_word' id='word_1_171' title='bbox 3572 916 3680 969; x_wconf 88' lang='grc' dir='ltr'><strong>τῶν</strong></span> 
     </span>
    </p>
   </div>
   <div class='ocr_carea' id='block_1_25' title="bbox 2116 1007 3682 1086">
    <p class='ocr_par' dir='ltr' id='par_1_25' title="bbox 2116 1007 3682 1086">
     <span class='ocr_line' id='line_1_25' title="bbox 2116 1007 3682 1086; baseline -0.007 -16"><span class='ocrx_word' id='word_1_172' title='bbox 2116 1016 2223 1070; x_wconf 87' lang='grc' dir='ltr'><strong>σῶν</strong></span> <span class='ocrx_word' id='word_1_173' title='bbox 2250 1016 2387 1079; x_wconf 83' lang='grc' dir='ltr'>ὅλως</span> <span class='ocrx_word' id='word_1_174' title='bbox 2414 1014 2720 1086; x_wconf 83' lang='grc' dir='ltr'>κλαπῆναι,</span> <span class='ocrx_word' id='word_1_175' title='bbox 2769 1012 2954 1084; x_wconf 81' lang='grc' dir='ltr'>ἑτέρου</span> <span class='ocrx_word' id='word_1_176' title='bbox 2998 1012 3072 1083; x_wconf 80' lang='grc' dir='ltr'>μὴ</span> <span class='ocrx_word' id='word_1_177' title='bbox 3118 1010 3314 1064; x_wconf 78' lang='grc' dir='ltr'><strong>κλέπτε</strong></span> <span class='ocrx_word' id='word_1_178' title='bbox 3359 1007 3541 1080; x_wconf 86' lang='grc' dir='ltr'>μηδέν.</span> <span class='ocrx_word' id='word_1_179' title='bbox 3574 1007 3682 1061; x_wconf 74' lang='grc' dir='ltr'><strong>Καὶ</strong></span> 
     </span>
    </p>
   </div>
   <div class='ocr_carea' id='block_1_26' title="bbox 2113 1095 3682 1177">
    <p class='ocr_par' dir='ltr' id='par_1_26' title="bbox 2113 1095 3682 1177">
     <span class='ocr_line' id='line_1_26' title="bbox 2113 1095 3682 1177; baseline -0.008 -16"><span class='ocrx_word' id='word_1_180' title='bbox 2113 1108 2287 1171; x_wconf 75' lang='grc' dir='ltr'>οὕτως</span> <span class='ocrx_word' id='word_1_181' title='bbox 2330 1106 2423 1176; x_wconf 84' lang='grc' dir='ltr'>ἀφ’</span> <span class='ocrx_word' id='word_1_182' title='bbox 2462 1105 2614 1177; x_wconf 86' lang='grc' dir='ltr'>ὑμῶν</span> <span class='ocrx_word' id='word_1_183' title='bbox 2660 1103 2836 1159; x_wconf 80' lang='grc' dir='ltr'>αὐτῶν</span> <span class='ocrx_word' id='word_1_184' title='bbox 2871 1103 2931 1156; x_wconf 88' lang='grc' dir='ltr'><strong>τὸ</strong></span> <span class='ocrx_word' id='word_1_185' title='bbox 2976 1101 3193 1170; x_wconf 80' lang='grc' dir='ltr'>εῦλογον</span> <span class='ocrx_word' id='word_1_186' title='bbox 3239 1095 3582 1160; x_wconf 87' lang='grc' dir='ltr'>συννοοῦντές</span> <span class='ocrx_word' id='word_1_187' title='bbox 3622 1113 3682 1149; x_wconf 89' lang='grc' dir='ltr'><strong>τε</strong></span> 
     </span>
    </p>
   </div>
   <div class='ocr_carea' id='block_1_27' title="bbox 2114 1192 3684 1270">
    <p class='ocr_par' dir='ltr' id='par_1_27' title="bbox 2114 1192 3684 1270">
     <span class='ocr_line' id='line_1_27' title="bbox 2114 1192 3684 1270; baseline -0.005 -18"><span class='ocrx_word' id='word_1_188' title='bbox 2114 1199 2209 1253; x_wconf 57' lang='grc' dir='ltr'><strong>καὶ⁸</strong></span> <span class='ocrx_word' id='word_1_189' title='bbox 2233 1199 2525 1269; x_wconf 80' lang='grc' dir='ltr'><strong>μετιόντες,</strong></span> <span class='ocrx_word' id='word_1_190' title='bbox 2549 1197 2667 1268; x_wconf 84' lang='grc' dir='ltr'>Θεῷ</span> <span class='ocrx_word' id='word_1_191' title='bbox 2687 1197 3001 1270; x_wconf 83' lang='grc' dir='ltr'>προσφιλεῖς</span> <span class='ocrx_word' id='word_1_192' title='bbox 3018 1196 3226 1259; x_wconf 79' lang='grc' dir='ltr'>ἔσεσθε,</span> <span class='ocrx_word' id='word_1_193' title='bbox 3249 1195 3339 1249; x_wconf 75' lang='grc' dir='ltr'>καὶ</span> <span class='ocrx_word' id='word_1_194' title='bbox 3362 1194 3461 1265; x_wconf 83' lang='grc' dir='ltr'>τῆς</span> <span class='ocrx_word' id='word_1_195' title='bbox 3490 1192 3684 1255; x_wconf 87' lang='grc' dir='ltr'>ίάσεως</span> 
     </span>
    </p>
   </div>
   <div class='ocr_carea' id='block_1_28' title="bbox 2113 1290 2476 1357">
    <p class='ocr_par' dir='ltr' id='par_1_28' title="bbox 2113 1290 2476 1357">
     <span class='ocr_line' id='line_1_28' title="bbox 2113 1290 2476 1357; baseline 0.006 -14"><span class='ocrx_word' id='word_1_196' title='bbox 2113 1290 2476 1357; x_wconf 83' lang='grc' dir='ltr'>ὲπιτεύξεσθε.</span> 
     </span>
    </p>
   </div>
   <div class='ocr_carea' id='block_1_29' title="bbox 2184 1374 3685 1453">
    <p class='ocr_par' dir='ltr' id='par_1_29' title="bbox 2184 1374 3685 1453">
     <span class='ocr_line' id='line_1_29' title="bbox 2184 1374 3685 1453; baseline -0.007 -17"><span class='ocrx_word' id='word_1_197' title='bbox 2184 1380 2295 1437; x_wconf 87' lang='lat' dir='ltr'><strong>LV.</strong></span> <span class='ocrx_word' id='word_1_198' title='bbox 2338 1381 2573 1437; x_wconf 83' lang='grc' dir='ltr'><strong>Τοιαῦτα</strong></span> <span class='ocrx_word' id='word_1_199' title='bbox 2598 1380 2703 1435; x_wconf 82' lang='grc' dir='ltr'>ὐπὸ</span> <span class='ocrx_word' id='word_1_200' title='bbox 2731 1379 2826 1434; x_wconf 87' lang='grc' dir='ltr'><strong>τοῦ</strong></span> <span class='ocrx_word' id='word_1_201' title='bbox 2862 1380 3071 1453; x_wconf 81' lang='grc' dir='ltr'><strong>Πέτρου</strong></span> <span class='ocrx_word' id='word_1_202' title='bbox 3113 1378 3171 1432; x_wconf 80' lang='grc' dir='ltr'>ὲν</span> <span class='ocrx_word' id='word_1_203' title='bbox 3206 1377 3415 1446; x_wconf 78' lang='grc' dir='ltr'><strong>ὀλίγαις</strong></span> <span class='ocrx_word' id='word_1_204' title='bbox 3451 1374 3685 1447; x_wconf 78' lang='grc' dir='ltr'><strong>ἡμέραις</strong></span> 
     </span>
    </p>
   </div>
   <div class='ocr_carea' id='block_1_30' title="bbox 2113 1466 3687 1544">
    <p class='ocr_par' dir='ltr' id='par_1_30' title="bbox 2113 1466 3687 1544">
     <span class='ocr_line' id='line_1_30' title="bbox 2113 1466 3687 1544; baseline -0.006 -16"><span class='ocrx_word' id='word_1_205' title='bbox 2113 1473 2547 1544; x_wconf 86' lang='grc' dir='ltr'>κατηχηθέντες,</span> <span class='ocrx_word' id='word_1_206' title='bbox 2586 1468 2704 1527; x_wconf 78' lang='grc' dir='ltr'>εἶτα</span> <span class='ocrx_word' id='word_1_207' title='bbox 2746 1472 2841 1526; x_wconf 77' lang='grc' dir='ltr'>καὶ</span> <span class='ocrx_word' id='word_1_208' title='bbox 2872 1471 3164 1544; x_wconf 87' lang='grc' dir='ltr'>θεραπείας</span> <span class='ocrx_word' id='word_1_209' title='bbox 3201 1468 3521 1536; x_wconf 78' lang='grc' dir='ltr'>ἀξιωθέντες</span> <span class='ocrx_word' id='word_1_210' title='bbox 3545 1508 3560 1532; x_wconf 92' lang='grc'><strong>,</strong></span> <span class='ocrx_word' id='word_1_211' title='bbox 3604 1466 3687 1537; x_wconf 79' lang='grc' dir='ltr'><strong>τῷ</strong></span> 
     </span>
    </p>
   </div>
   <div class='ocr_carea' id='block_1_31' title="bbox 2118 1560 3690 1637">
    <p class='ocr_par' dir='ltr' id='par_1_31' title="bbox 2118 1560 3690 1637">
     <span class='ocr_line' id='line_1_31' title="bbox 2118 1560 3690 1637; baseline -0.005 -19"><span class='ocrx_word' id='word_1_212' title='bbox 2118 1565 2248 1636; x_wconf 82' lang='grc' dir='ltr'><strong>ίερῴ</strong></span> <span class='ocrx_word' id='word_1_213' title='bbox 2276 1564 2577 1637; x_wconf 86' lang='grc' dir='ltr'>προσῆλθον</span> <span class='ocrx_word' id='word_1_214' title='bbox 2606 1564 2961 1635; x_wconf 82' lang='grc' dir='ltr'>βαπτίσματι.</span> <span class='ocrx_word' id='word_1_215' title='bbox 2996 1560 3179 1616; x_wconf 87' lang='grc' dir='ltr'>Ταῦτα</span> <span class='ocrx_word' id='word_1_216' title='bbox 3200 1562 3293 1615; x_wconf 74' lang='grc' dir='ltr'><strong>καὶ</strong></span> <span class='ocrx_word' id='word_1_217' title='bbox 3310 1560 3548 1614; x_wconf 84' lang='grc' dir='ltr'>Σιδώνιοι</span> <span class='ocrx_word' id='word_1_218' title='bbox 3582 1576 3690 1629; x_wconf 88' lang='grc' dir='ltr'>μα-</span> 
     </span>
    </p>
   </div>
   <div class='ocr_carea' id='block_1_32' title="bbox 440 1648 2028 1727">
    <p class='ocr_par' dir='ltr' id='par_1_32' title="bbox 440 1650 2011 1721">
     <span class='ocr_line' id='line_1_32' title="bbox 440 1650 2011 1721; baseline -0.001 -15"><span class='ocrx_word' id='word_1_219' title='bbox 440 1650 508 1706; x_wconf 88' lang='lat' dir='ltr'><strong>ad</strong></span> <span class='ocrx_word' id='word_1_220' title='bbox 540 1651 758 1705; x_wconf 86' lang='lat' dir='ltr'><strong>Petrum</strong></span> <span class='ocrx_word' id='word_1_221' title='bbox 784 1652 1073 1718; x_wconf 89' lang='lat' dir='ltr'><strong>miserunt,</strong></span> <span class='ocrx_word' id='word_1_222' title='bbox 1106 1660 1160 1705; x_wconf 91' lang='lat' dir='ltr'><strong>et</strong></span> <span class='ocrx_word' id='word_1_223' title='bbox 1180 1650 1502 1706; x_wconf 85' lang='lat' dir='ltr'><strong>acciverunt</strong></span> <span class='ocrx_word' id='word_1_224' title='bbox 1528 1665 1653 1705; x_wconf 89' lang='lat' dir='ltr'><strong>eum</strong></span> <span class='ocrx_word' id='word_1_225' title='bbox 1678 1651 1746 1705; x_wconf 87' lang='lat' dir='ltr'><strong>ad</strong></span> <span class='ocrx_word' id='word_1_226' title='bbox 1769 1666 1861 1718; x_wconf 88' lang='lat' dir='ltr'><strong>se;</strong></span> <span class='ocrx_word' id='word_1_227' title='bbox 1883 1650 2011 1721; x_wconf 89' lang='lat' dir='ltr'><strong>quia</strong></span> 
     </span>
    </p>
   </div>
   <div class='ocr_carea' id='block_1_33' title="bbox 2112 1648 3689 1727">
    <p class='ocr_par' dir='ltr' id='par_1_33' title="bbox 2116 1648 3689 1727">
     <span class='ocr_line' id='line_1_33' title="bbox 2116 1648 3689 1727; baseline -0.008 -14"><span class='ocrx_word' id='word_1_228' title='bbox 2116 1659 2317 1724; x_wconf 88' lang='grc' dir='ltr'>θόντες,</span> <span class='ocrx_word' id='word_1_229' title='bbox 2355 1656 2540 1721; x_wconf 79' lang='grc' dir='ltr'>ἱκέτας</span> <span class='ocrx_word' id='word_1_230' title='bbox 2564 1656 2699 1727; x_wconf 86' lang='grc' dir='ltr'>πρὸς</span> <span class='ocrx_word' id='word_1_231' title='bbox 2728 1655 2818 1709; x_wconf 85' lang='grc' dir='ltr'><strong>τὸν</strong></span> <span class='ocrx_word' id='word_1_232' title='bbox 2842 1654 3047 1726; x_wconf 77' lang='grc' dir='ltr'>Πέτρον</span> <span class='ocrx_word' id='word_1_233' title='bbox 3072 1651 3393 1715; x_wconf 69' lang='grc' dir='ltr'>έστελλοντθ,</span> <span class='ocrx_word' id='word_1_234' title='bbox 3425 1648 3689 1722; x_wconf 87' lang='grc' dir='ltr'>μετάκλη-</span> 
     </span>
    </p>
   </div>
   <div class='ocr_carea' id='block_1_34' title="bbox 443 1718 2028 1816">
    <p class='ocr_par' dir='ltr' id='par_1_34' title="bbox 443 1718 2013 1813">
     <span class='ocr_line' id='line_1_34' title="bbox 443 1718 2013 1813; baseline 0 -18"><span class='ocrx_word' id='word_1_235' title='bbox 443 1757 642 1810; x_wconf 87' lang='lat' dir='ltr'><strong>nempe</strong></span> <span class='ocrx_word' id='word_1_236' title='bbox 674 1742 773 1811; x_wconf 91' lang='lat' dir='ltr'><strong>ipsi</strong></span> <span class='ocrx_word' id='word_1_237' title='bbox 803 1751 1023 1811; x_wconf 88' lang='lat' dir='ltr'><strong>propter</strong></span> <span class='ocrx_word' id='word_1_238' title='bbox 1046 1743 1268 1797; x_wconf 85' lang='lat' dir='ltr'><strong>morbos</strong></span> <span class='ocrx_word' id='word_1_239' title='bbox 1293 1741 1361 1795; x_wconf 87' lang='lat' dir='ltr'><strong>ad</strong></span> <span class='ocrx_word' id='word_1_240' title='bbox 1391 1742 1542 1796; x_wconf 90' lang='lat' dir='ltr'><strong>illum</strong></span> <span class='ocrx_word' id='word_1_241' title='bbox 1568 1741 1755 1796; x_wconf 90' lang='lat' dir='ltr'><strong>venire</strong></span> <span class='ocrx_word' id='word_1_242' title='bbox 1784 1718 2013 1813; x_wconf 46' lang='lat' dir='ltr'><strong>non—po-</strong></span> 
     </span>
    </p>
   </div>
   <div class='ocr_carea' id='block_1_35' title="bbox 2112 1718 3689 1816">
    <p class='ocr_par' dir='ltr' id='par_1_35' title="bbox 2112 1718 3689 1816">
     <span class='ocr_line' id='line_1_35' title="bbox 2112 1718 3689 1816; baseline -0.008 -13"><span class='ocrx_word' id='word_1_243' title='bbox 2112 1767 2206 1803; x_wconf 93' lang='grc' dir='ltr'><strong>τον</strong></span> <span class='ocrx_word' id='word_1_244' title='bbox 2240 1718 2532 1811; x_wconf 25' lang='grc' dir='ltr'>ποιοῦντες*</span> <span class='ocrx_word' id='word_1_245' title='bbox 2721 1746 2922 1808; x_wconf 81' lang='grc' dir='ltr'>αὐτοὺς</span> <span class='ocrx_word' id='word_1_246' title='bbox 2943 1718 2967 1810; x_wconf 50' lang='grc'>,’</span> <span class='ocrx_word' id='word_1_247' title='bbox 2992 1744 3090 1798; x_wconf 76' lang='grc' dir='ltr'><strong>ἅτε</strong></span> <span class='ocrx_word' id='word_1_248' title='bbox 3119 1742 3183 1814; x_wconf 80' lang='grc' dir='ltr'>δὴ</span> <span class='ocrx_word' id='word_1_249' title='bbox 3224 1741 3314 1796; x_wconf 82' lang='grc' dir='ltr'><strong>διά</strong></span> <span class='ocrx_word' id='word_1_250' title='bbox 3349 1718 3447 1803; x_wconf 78' lang='grc' dir='ltr'>τὰς</span> <span class='ocrx_word' id='word_1_251' title='bbox 3494 1718 3689 1801; x_wconf 81' lang='grc' dir='ltr'>νόσους</span> 
     </span>
    </p>
   </div>
   <div class='ocr_carea' id='block_1_36' title="bbox 438 1834 2009 1907">
    <p class='ocr_par' dir='ltr' id='par_1_36' title="bbox 438 1834 2009 1907">
     <span class='ocr_line' id='line_1_36' title="bbox 438 1834 2009 1907; baseline 0.002 -20"><span class='ocrx_word' id='word_1_252' title='bbox 438 1841 637 1889; x_wconf 89' lang='lat' dir='ltr'><strong>terant.</strong></span> <span class='ocrx_word' id='word_1_253' title='bbox 686 1835 855 1904; x_wconf 80' lang='lat' dir='ltr'><strong>Igitur</strong></span> <span class='ocrx_word' id='word_1_254' title='bbox 899 1835 1091 1889; x_wconf 83' lang='lat' dir='ltr'><strong>Petrus</strong></span> <span class='ocrx_word' id='word_1_255' title='bbox 1136 1845 1427 1905; x_wconf 86' lang='lat' dir='ltr'><strong>postquam</strong></span> <span class='ocrx_word' id='word_1_256' title='bbox 1472 1848 1677 1904; x_wconf 90' lang='lat' dir='ltr'><strong>paucos</strong></span> <span class='ocrx_word' id='word_1_257' title='bbox 1729 1834 1845 1890; x_wconf 90' lang='lat' dir='ltr'><strong>dies</strong></span> <span class='ocrx_word' id='word_1_258' title='bbox 1880 1835 2009 1907; x_wconf 85' lang='lat' dir='ltr'><strong>Tyri</strong></span> 
     </span>
    </p>
   </div>
   <div class='ocr_carea' id='block_1_37' title="bbox 438 1924 2012 1995">
    <p class='ocr_par' dir='ltr' id='par_1_37' title="bbox 438 1924 2012 1995">
     <span class='ocr_line' id='line_1_37' title="bbox 438 1924 2012 1995; baseline 0 -15"><span class='ocrx_word' id='word_1_259' title='bbox 438 1934 812 1981; x_wconf 88' lang='lat' dir='ltr'><strong>commoratus</strong></span> <span class='ocrx_word' id='word_1_260' title='bbox 860 1935 1024 1992; x_wconf 86' lang='lat' dir='ltr'><strong>esset,</strong></span> <span class='ocrx_word' id='word_1_261' title='bbox 1059 1925 1375 1994; x_wconf 86' lang='lat' dir='ltr'><strong>morbisque</strong></span> <span class='ocrx_word' id='word_1_262' title='bbox 1425 1924 1731 1995; x_wconf 71' lang='lat' dir='ltr'><strong>omnigenis</strong></span> <span class='ocrx_word' id='word_1_263' title='bbox 1755 1939 1848 1981; x_wconf 88' lang='lat' dir='ltr'><strong>eos</strong></span> <span class='ocrx_word' id='word_1_264' title='bbox 1875 1926 2012 1980; x_wconf 89' lang='lat' dir='ltr'><strong>libe-</strong></span> 
     </span>
    </p>
   </div>
   <div class='ocr_carea' id='block_1_38' title="bbox 437 2014 2012 2088">
    <p class='ocr_par' dir='ltr' id='par_1_38' title="bbox 437 2014 2012 2088">
     <span class='ocr_line' id='line_1_38' title="bbox 437 2014 2012 2088; baseline 0.001 -19"><span class='ocrx_word' id='word_1_265' title='bbox 437 2015 689 2080; x_wconf 76' lang='lat' dir='ltr'><strong>ravisset,</strong></span> <span class='ocrx_word' id='word_1_266' title='bbox 718 2025 772 2071; x_wconf 90' lang='lat' dir='ltr'><strong>et</strong></span> <span class='ocrx_word' id='word_1_267' title='bbox 805 2017 1134 2071; x_wconf 87' lang='lat' dir='ltr'><strong>instituisset</strong></span> <span class='ocrx_word' id='word_1_268' title='bbox 1164 2014 1484 2081; x_wconf 88' lang='lat' dir='ltr'><strong>Ecclesiam,</strong></span> <span class='ocrx_word' id='word_1_269' title='bbox 1507 2023 1671 2085; x_wconf 86' lang='lat' dir='ltr'><strong>atque</strong></span> <span class='ocrx_word' id='word_1_270' title='bbox 1695 2031 1761 2070; x_wconf 83' lang='lat' dir='ltr'><strong>ex</strong></span> <span class='ocrx_word' id='word_1_271' title='bbox 1784 2016 2012 2088; x_wconf 80' lang='lat' dir='ltr'><strong>presby-</strong></span> 
     </span>
    </p>
   </div>
   <div class='ocr_carea' id='block_1_39' title="bbox 438 2108 2010 2179">
    <p class='ocr_par' dir='ltr' id='par_1_39' title="bbox 438 2108 2010 2179">
     <span class='ocr_line' id='line_1_39' title="bbox 438 2108 2010 2179; baseline 0.001 -17"><span class='ocrx_word' id='word_1_272' title='bbox 438 2108 573 2163; x_wconf 89' lang='lat' dir='ltr'><strong>teris</strong></span> <span class='ocrx_word' id='word_1_273' title='bbox 601 2109 692 2178; x_wconf 90' lang='lat' dir='ltr'><strong>qui</strong></span> <span class='ocrx_word' id='word_1_274' title='bbox 726 2124 850 2163; x_wconf 90' lang='lat' dir='ltr'><strong>eum</strong></span> <span class='ocrx_word' id='word_1_275' title='bbox 883 2110 1252 2179; x_wconf 87' lang='lat' dir='ltr'><strong>sequebantur</strong></span> <span class='ocrx_word' id='word_1_276' title='bbox 1291 2108 1607 2177; x_wconf 84' lang='lat' dir='ltr'><strong>episcopum</strong></span> <span class='ocrx_word' id='word_1_277' title='bbox 1637 2108 1770 2178; x_wconf 90' lang='lat' dir='ltr'><strong>ipsis</strong></span> <span class='ocrx_word' id='word_1_278' title='bbox 1800 2110 2010 2165; x_wconf 77' lang='lat' dir='ltr'><strong>consti-</strong></span> 
     </span>
    </p>
   </div>
   <div class='ocr_carea' id='block_1_40' title="bbox 438 2199 2009 2271">
    <p class='ocr_par' dir='ltr' id='par_1_40' title="bbox 438 2199 2009 2271">
     <span class='ocr_line' id='line_1_40' title="bbox 438 2199 2009 2271; baseline 0.001 -14"><span class='ocrx_word' id='word_1_279' title='bbox 438 2203 656 2268; x_wconf 89' lang='lat' dir='ltr'><strong>tuisset,</strong></span> <span class='ocrx_word' id='word_1_280' title='bbox 693 2200 952 2256; x_wconf 90' lang='lat' dir='ltr'><strong>Sidonem</strong></span> <span class='ocrx_word' id='word_1_281' title='bbox 991 2201 1267 2270; x_wconf 84' lang='lat' dir='ltr'><strong>profectus</strong></span> <span class='ocrx_word' id='word_1_282' title='bbox 1306 2208 1409 2255; x_wconf 87' lang='lat' dir='ltr'><strong>est.</strong></span> <span class='ocrx_word' id='word_1_283' title='bbox 1444 2199 1768 2271; x_wconf 83' lang='lat' dir='ltr'><strong>Rursusque</strong></span> <span class='ocrx_word' id='word_1_284' title='bbox 1819 2202 2009 2259; x_wconf 90' lang='lat' dir='ltr'><strong>Simon</strong></span> 
     </span>
    </p>
   </div>
   <div class='ocr_carea' id='block_1_41' title="bbox 441 2293 2011 2363">
    <p class='ocr_par' dir='ltr' id='par_1_41' title="bbox 441 2293 2011 2363">
     <span class='ocr_line' id='line_1_41' title="bbox 441 2293 2011 2363; baseline 0.001 -14"><span class='ocrx_word' id='word_1_285' title='bbox 441 2294 657 2363; x_wconf 82' lang='lat' dir='ltr'><strong>Magos,</strong></span> <span class='ocrx_word' id='word_1_286' title='bbox 702 2302 983 2361; x_wconf 87' lang='lat' dir='ltr'><strong>comperto</strong></span> <span class='ocrx_word' id='word_1_287' title='bbox 1005 2294 1115 2362; x_wconf 90' lang='lat' dir='ltr'><strong>jam</strong></span> <span class='ocrx_word' id='word_1_288' title='bbox 1143 2293 1436 2347; x_wconf 86' lang='lat' dir='ltr'><strong>adventare</strong></span> <span class='ocrx_word' id='word_1_289' title='bbox 1470 2293 1709 2360; x_wconf 87' lang='lat' dir='ltr'><strong>Petrum,</strong></span> <span class='ocrx_word' id='word_1_290' title='bbox 1743 2296 1885 2350; x_wconf 87' lang='lat' dir='ltr'><strong>ultro</strong></span> <span class='ocrx_word' id='word_1_291' title='bbox 1912 2311 2011 2350; x_wconf 91' lang='lat' dir='ltr'><strong>au-</strong></span> 
     </span>
    </p>
   </div>
   <div class='ocr_carea' id='block_1_42' title="bbox 436 2383 2009 2457">
    <p class='ocr_par' dir='ltr' id='par_1_42' title="bbox 436 2383 2009 2457">
     <span class='ocr_line' id='line_1_42' title="bbox 436 2383 2009 2457; baseline 0.003 -18"><span class='ocrx_word' id='word_1_292' title='bbox 436 2384 594 2456; x_wconf 82' lang='lat' dir='ltr'><strong>fugit,</strong></span> <span class='ocrx_word' id='word_1_293' title='bbox 623 2394 677 2440; x_wconf 89' lang='lat' dir='ltr'><strong>et</strong></span> <span class='ocrx_word' id='word_1_294' title='bbox 700 2384 763 2439; x_wconf 87' lang='lat' dir='ltr'><strong>ad</strong></span> <span class='ocrx_word' id='word_1_295' title='bbox 798 2383 1052 2455; x_wconf 83' lang='lat' dir='ltr'><strong>Berytum</strong></span> <span class='ocrx_word' id='word_1_296' title='bbox 1084 2399 1207 2440; x_wconf 91' lang='lat' dir='ltr'><strong>cum</strong></span> <span class='ocrx_word' id='word_1_297' title='bbox 1236 2384 1482 2455; x_wconf 86' lang='lat' dir='ltr'><strong>Appione</strong></span> <span class='ocrx_word' id='word_1_298' title='bbox 1510 2386 1739 2457; x_wconf 89' lang='lat' dir='ltr'><strong>ejusque</strong></span> <span class='ocrx_word' id='word_1_299' title='bbox 1762 2389 1928 2444; x_wconf 86' lang='lat' dir='ltr'><strong>sociis</strong></span> <span class='ocrx_word' id='word_1_300' title='bbox 1950 2404 2009 2444; x_wconf 87' lang='lat' dir='ltr'><strong>se</strong></span> 
     </span>
    </p>
   </div>
   <div class='ocr_carea' id='block_1_43' title="bbox 436 2482 684 2537">
    <p class='ocr_par' dir='ltr' id='par_1_43' title="bbox 436 2482 684 2537">
     <span class='ocr_line' id='line_1_43' title="bbox 436 2482 684 2537; baseline 0.008 -2"><span class='ocrx_word' id='word_1_301' title='bbox 436 2482 684 2537; x_wconf 75' lang='lat' dir='ltr'><strong>contulit.</strong></span> 
     </span>
    </p>
   </div>
   <div class='ocr_carea' id='block_1_44' title="bbox 509 2571 2005 2646">
    <p class='ocr_par' dir='ltr' id='par_1_44' title="bbox 509 2571 2005 2646">
     <span class='ocr_line' id='line_1_44' title="bbox 509 2571 2005 2646; baseline 0.005 -21"><span class='ocrx_word' id='word_1_302' title='bbox 509 2571 643 2628; x_wconf 80' lang='lat' dir='ltr'><strong>LVI.</strong></span> <span class='ocrx_word' id='word_1_303' title='bbox 674 2573 944 2629; x_wconf 86' lang='lat' dir='ltr'><strong>Caeterum</strong></span> <span class='ocrx_word' id='word_1_304' title='bbox 975 2574 1067 2630; x_wconf 93' lang='lat' dir='ltr'><strong>ubi</strong></span> <span class='ocrx_word' id='word_1_305' title='bbox 1091 2573 1287 2631; x_wconf 86' lang='lat' dir='ltr'><strong>Petrus</strong></span> <span class='ocrx_word' id='word_1_306' title='bbox 1314 2574 1575 2630; x_wconf 89' lang='lat' dir='ltr'><strong>Sidonem</strong></span> <span class='ocrx_word' id='word_1_307' title='bbox 1602 2574 1882 2646; x_wconf 83' lang='lat' dir='ltr'><strong>ingressus</strong></span> <span class='ocrx_word' id='word_1_308' title='bbox 1902 2586 2005 2644; x_wconf 91' lang='lat' dir='ltr'><strong>est,</strong></span> 
     </span>
    </p>
   </div>
   <div class='ocr_carea' id='block_1_45' title="bbox 435 2666 2008 2739">
    <p class='ocr_par' dir='ltr' id='par_1_45' title="bbox 435 2666 2008 2739">
     <span class='ocr_line' id='line_1_45' title="bbox 435 2666 2008 2739; baseline 0.001 -16"><span class='ocrx_word' id='word_1_309' title='bbox 435 2666 641 2723; x_wconf 90' lang='lat' dir='ltr'><strong>multos</strong></span> <span class='ocrx_word' id='word_1_310' title='bbox 676 2667 730 2721; x_wconf 93' lang='lat' dir='ltr'><strong>in</strong></span> <span class='ocrx_word' id='word_1_311' title='bbox 758 2668 913 2722; x_wconf 87' lang='lat' dir='ltr'><strong>lectis</strong></span> <span class='ocrx_word' id='word_1_312' title='bbox 948 2677 1335 2738; x_wconf 86' lang='lat' dir='ltr'><strong>portaverunt,</strong></span> <span class='ocrx_word' id='word_1_313' title='bbox 1367 2683 1431 2723; x_wconf 91' lang='lat' dir='ltr'><strong>ac</strong></span> <span class='ocrx_word' id='word_1_314' title='bbox 1456 2668 1511 2721; x_wconf 94' lang='lat' dir='ltr'><strong>in</strong></span> <span class='ocrx_word' id='word_1_315' title='bbox 1552 2679 1845 2738; x_wconf 88' lang='lat' dir='ltr'><strong>conspectu</strong></span> <span class='ocrx_word' id='word_1_316' title='bbox 1886 2670 2008 2739; x_wconf 88' lang='lat' dir='ltr'><strong>ejus</strong></span> 
     </span>
    </p>
   </div>
   <div class='ocr_carea' id='block_1_46' title="bbox 434 2757 2008 2829">
    <p class='ocr_par' dir='ltr' id='par_1_46' title="bbox 434 2757 2008 2829">
     <span class='ocr_line' id='line_1_46' title="bbox 434 2757 2008 2829; baseline 0.001 -16"><span class='ocrx_word' id='word_1_317' title='bbox 434 2766 753 2829; x_wconf 77' lang='lat' dir='ltr'><strong>posuerunt.</strong></span> <span class='ocrx_word' id='word_1_318' title='bbox 785 2759 852 2812; x_wconf 84' lang='lat' dir='ltr'><strong>At</strong></span> <span class='ocrx_word' id='word_1_319' title='bbox 887 2757 1085 2815; x_wconf 89' lang='lat' dir='ltr'><strong>Petrus</strong></span> <span class='ocrx_word' id='word_1_320' title='bbox 1125 2761 1191 2814; x_wconf 89' lang='lat' dir='ltr'><strong>ad</strong></span> <span class='ocrx_word' id='word_1_321' title='bbox 1237 2774 1332 2815; x_wconf 89' lang='lat' dir='ltr'><strong>eos</strong></span> <span class='ocrx_word' id='word_1_322' title='bbox 1378 2776 1393 2813; x_wconf 88' lang='lat'><strong>:</strong></span> <span class='ocrx_word' id='word_1_323' title='bbox 1441 2758 1518 2815; x_wconf 85' lang='lat' dir='ltr'><strong>Ne</strong></span> <span class='ocrx_word' id='word_1_324' title='bbox 1545 2760 1894 2827; x_wconf 85' lang='lat' dir='ltr'><strong>existimetis,</strong></span> <span class='ocrx_word' id='word_1_325' title='bbox 1924 2762 2008 2818; x_wconf 90' lang='lat' dir='ltr'><strong>in-</strong></span> 
     </span>
    </p>
   </div>
   <div class='ocr_carea' id='block_1_47' title="bbox 436 2848 2007 2922">
    <p class='ocr_par' dir='ltr' id='par_1_47' title="bbox 436 2848 2007 2922">
     <span class='ocr_line' id='line_1_47' title="bbox 436 2848 2007 2922; baseline 0.002 -20"><span class='ocrx_word' id='word_1_326' title='bbox 436 2849 575 2918; x_wconf 87' lang='lat' dir='ltr'><strong>quit,</strong></span> <span class='ocrx_word' id='word_1_327' title='bbox 607 2864 693 2903; x_wconf 92' lang='lat' dir='ltr'><strong>me</strong></span> <span class='ocrx_word' id='word_1_328' title='bbox 719 2848 925 2919; x_wconf 86' lang='lat' dir='ltr'><strong>aliquid</strong></span> <span class='ocrx_word' id='word_1_329' title='bbox 949 2864 1109 2919; x_wconf 91' lang='lat' dir='ltr'><strong>posse</strong></span> <span class='ocrx_word' id='word_1_330' title='bbox 1137 2848 1206 2903; x_wconf 89' lang='lat' dir='ltr'><strong>ad</strong></span> <span class='ocrx_word' id='word_1_331' title='bbox 1235 2849 1573 2905; x_wconf 89' lang='lat' dir='ltr'><strong>curationem</strong></span> <span class='ocrx_word' id='word_1_332' title='bbox 1599 2859 1837 2905; x_wconf 91' lang='lat' dir='ltr'><strong>vestram</strong></span> <span class='ocrx_word' id='word_1_333' title='bbox 1863 2891 1877 2916; x_wconf 92' lang='lat'><strong>,</strong></span> <span class='ocrx_word' id='word_1_334' title='bbox 1910 2851 2007 2922; x_wconf 92' lang='lat' dir='ltr'><strong>qui</strong></span> 
     </span>
    </p>
   </div>
   <div class='ocr_carea' id='block_1_48' title="bbox 438 2940 2010 3013">
    <p class='ocr_par' dir='ltr' id='par_1_48' title="bbox 438 2940 2010 3013">
     <span class='ocr_line' id='line_1_48' title="bbox 438 2940 2010 3013; baseline 0.003 -18"><span class='ocrx_word' id='word_1_335' title='bbox 438 2956 561 2995; x_wconf 89' lang='lat' dir='ltr'><strong>sum</strong></span> <span class='ocrx_word' id='word_1_336' title='bbox 588 2940 705 3010; x_wconf 89' lang='lat' dir='ltr'><strong>ipse</strong></span> <span class='ocrx_word' id='word_1_337' title='bbox 736 2956 957 3010; x_wconf 88' lang='lat' dir='ltr'><strong>quoque</strong></span> <span class='ocrx_word' id='word_1_338' title='bbox 1001 2941 1167 2996; x_wconf 92' lang='lat' dir='ltr'><strong>homo</strong></span> <span class='ocrx_word' id='word_1_339' title='bbox 1193 2942 1460 3009; x_wconf 91' lang='lat' dir='ltr'><strong>mortalis,</strong></span> <span class='ocrx_word' id='word_1_340' title='bbox 1485 2957 1550 2997; x_wconf 90' lang='lat' dir='ltr'><strong>ac</strong></span> <span class='ocrx_word' id='word_1_341' title='bbox 1582 2942 1767 2997; x_wconf 92' lang='lat' dir='ltr'><strong>multis</strong></span> <span class='ocrx_word' id='word_1_342' title='bbox 1794 2958 2010 3013; x_wconf 87' lang='lat' dir='ltr'><strong>perpes-</strong></span> 
     </span>
    </p>
   </div>
   <div class='ocr_carea' id='block_1_49' title="bbox 2111 1830 3668 1908">
    <p class='ocr_par' dir='ltr' id='par_1_49' title="bbox 2111 1830 3668 1908">
     <span class='ocr_line' id='line_1_49' title="bbox 2111 1830 3668 1908; baseline -0.007 -14"><span class='ocrx_word' id='word_1_343' title='bbox 2111 1840 2386 1903; x_wconf 85' lang='grc' dir='ltr'>ἀδυνάτως</span> <span class='ocrx_word' id='word_1_344' title='bbox 2415 1838 2568 1892; x_wconf 76' lang='grc' dir='ltr'>αὐτοὶ</span> <span class='ocrx_word' id='word_1_345' title='bbox 2599 1838 2814 1908; x_wconf 74' lang='grc' dir='ltr'>ἔχοντες</span> <span class='ocrx_word' id='word_1_346' title='bbox 2846 1835 2983 1905; x_wconf 78' lang='grc' dir='ltr'>πρὸς</span> <span class='ocrx_word' id='word_1_347' title='bbox 3023 1836 3226 1887; x_wconf 79' lang='grc' dir='ltr'>ἐκεῖνον</span> <span class='ocrx_word' id='word_1_348' title='bbox 3257 1833 3464 1903; x_wconf 84' lang='grc' dir='ltr'>φοιτᾷν.</span> <span class='ocrx_word' id='word_1_349' title='bbox 3497 1832 3554 1884; x_wconf 82' lang='grc' dir='ltr'>Ὀ</span> <span class='ocrx_word' id='word_1_350' title='bbox 3589 1830 3668 1883; x_wconf 87' lang='grc' dir='ltr'><strong>Πέ</strong></span> 
     </span>
    </p>
   </div>
   <div class='ocr_carea' id='block_1_50' title="bbox 2108 1922 3691 2002">
    <p class='ocr_par' dir='ltr' id='par_1_50' title="bbox 2108 1922 3691 2002">
     <span class='ocr_line' id='line_1_50' title="bbox 2108 1922 3691 2002; baseline -0.006 -17"><span class='ocrx_word' id='word_1_351' title='bbox 2108 1948 2236 2002; x_wconf 92' lang='grc' dir='ltr'>τρος</span> <span class='ocrx_word' id='word_1_352' title='bbox 2261 1930 2441 1983; x_wconf 84' lang='grc' dir='ltr'>τοίνυν</span> <span class='ocrx_word' id='word_1_353' title='bbox 2469 1928 2680 2000; x_wconf 82' lang='grc' dir='ltr'>ἡμέρας</span> <span class='ocrx_word' id='word_1_354' title='bbox 2707 1928 2893 1997; x_wconf 79' lang='grc' dir='ltr'>ὀλίγας</span> <span class='ocrx_word' id='word_1_355' title='bbox 2915 1925 3258 1997; x_wconf 75' lang='grc' dir='ltr'>ὲνδιατρίψας</span> <span class='ocrx_word' id='word_1_356' title='bbox 3285 1927 3352 1996; x_wconf 78' lang='grc' dir='ltr'>τῇ</span> <span class='ocrx_word' id='word_1_357' title='bbox 3385 1922 3565 1995; x_wconf 85' lang='grc' dir='ltr'><strong>Τύρῳ,</strong></span> <span class='ocrx_word' id='word_1_358' title='bbox 3589 1924 3691 1975; x_wconf 77' lang='grc' dir='ltr'>καὶ</span> 
     </span>
    </p>
   </div>
   <div class='ocr_carea' id='block_1_51' title="bbox 2110 2012 3689 2083">
    <p class='ocr_par' dir='ltr' id='par_1_51' title="bbox 2110 2012 3689 2083">
     <span class='ocr_line' id='line_1_51' title="bbox 2110 2012 3689 2083; baseline -0.004 -12"><span class='ocrx_word' id='word_1_359' title='bbox 2110 2016 2465 2072; x_wconf 83' lang='grc' dir='ltr'>παντοδαπῶν</span> <span class='ocrx_word' id='word_1_360' title='bbox 2508 2018 2707 2080; x_wconf 73' lang='grc' dir='ltr'>αὐτοὺς</span> <span class='ocrx_word' id='word_1_361' title='bbox 2748 2014 3062 2080; x_wconf 76' lang='grc' dir='ltr'>ἀπαλλάξας</span> <span class='ocrx_word' id='word_1_362' title='bbox 3102 2013 3322 2079; x_wconf 87' lang='grc' dir='ltr'>παθῶν,</span> <span class='ocrx_word' id='word_1_363' title='bbox 3363 2012 3689 2083; x_wconf 79' lang='grc' dir='ltr'>Ἐκκλησίαν</span> 
     </span>
    </p>
   </div>
   <div class='ocr_carea' id='block_1_52' title="bbox 2108 2105 3689 2181">
    <p class='ocr_par' dir='ltr' id='par_1_52' title="bbox 2108 2105 3689 2181">
     <span class='ocr_line' id='line_1_52' title="bbox 2108 2105 3689 2181; baseline -0.006 -16"><span class='ocrx_word' id='word_1_364' title='bbox 2108 2129 2169 2166; x_wconf 90' lang='grc' dir='ltr'><strong>τε</strong></span> <span class='ocrx_word' id='word_1_365' title='bbox 2195 2110 2618 2181; x_wconf 83' lang='grc' dir='ltr'>συστησάμενος,</span> <span class='ocrx_word' id='word_1_366' title='bbox 2640 2109 2733 2162; x_wconf 74' lang='grc' dir='ltr'>καὶ</span> <span class='ocrx_word' id='word_1_367' title='bbox 2763 2108 2870 2162; x_wconf 82' lang='grc' dir='ltr'><strong>ἀπὸ</strong></span> <span class='ocrx_word' id='word_1_368' title='bbox 2894 2106 3001 2161; x_wconf 89' lang='grc' dir='ltr'><strong>τῶν</strong></span> <span class='ocrx_word' id='word_1_369' title='bbox 3032 2106 3315 2177; x_wconf 76' lang='grc' dir='ltr'>ἑπομένων</span> <span class='ocrx_word' id='word_1_370' title='bbox 3358 2105 3505 2176; x_wconf 81' lang='grc' dir='ltr'>αὐτῷ</span> <span class='ocrx_word' id='word_1_371' title='bbox 3548 2122 3689 2172; x_wconf 84' lang='grc' dir='ltr'>πρε-</span> 
     </span>
    </p>
   </div>
   <div class='ocr_carea' id='block_1_53' title="bbox 2111 2195 3692 2271">
    <p class='ocr_par' dir='ltr' id='par_1_53' title="bbox 2111 2195 3692 2271">
     <span class='ocr_line' id='line_1_53' title="bbox 2111 2195 3692 2271; baseline -0.005 -17"><span class='ocrx_word' id='word_1_372' title='bbox 2111 2199 2386 2271; x_wconf 79' lang='grc' dir='ltr'>σϐυτέρων</span> <span class='ocrx_word' id='word_1_373' title='bbox 2410 2198 2704 2251; x_wconf 77' lang='grc' dir='ltr'>ἐπίσκοπον</span> <span class='ocrx_word' id='word_1_374' title='bbox 2721 2198 2903 2260; x_wconf 80' lang='grc' dir='ltr'>αὐτοῖς</span> <span class='ocrx_word' id='word_1_375' title='bbox 2926 2197 3300 2267; x_wconf 86' lang='grc' dir='ltr'>καταστήσας,</span> <span class='ocrx_word' id='word_1_376' title='bbox 3323 2195 3578 2268; x_wconf 83' lang='grc' dir='ltr'>ὥρμησεν</span> <span class='ocrx_word' id='word_1_377' title='bbox 3605 2196 3692 2259; x_wconf 78' lang='grc' dir='ltr'><strong>εἰς</strong></span> 
     </span>
    </p>
   </div>
   <div class='ocr_carea' id='block_1_54' title="bbox 2109 2286 3695 2362">
    <p class='ocr_par' dir='ltr' id='par_1_54' title="bbox 2109 2286 3695 2362">
     <span class='ocr_line' id='line_1_54' title="bbox 2109 2286 3695 2362; baseline -0.004 -17"><span class='ocrx_word' id='word_1_378' title='bbox 2109 2291 2340 2346; x_wconf 76' lang='grc' dir='ltr'>Σιδῶναο</span> <span class='ocrx_word' id='word_1_379' title='bbox 2364 2290 2543 2362; x_wconf 90' lang='grc' dir='ltr'>Σίμων</span> <span class='ocrx_word' id='word_1_380' title='bbox 2569 2290 2631 2344; x_wconf 85' lang='grc' dir='ltr'>δὲ</span> <span class='ocrx_word' id='word_1_381' title='bbox 2661 2288 2821 2345; x_wconf 80' lang='grc' dir='ltr'>πάλιν</span> <span class='ocrx_word' id='word_1_382' title='bbox 2842 2292 2870 2343; x_wconf 85' lang='grc' dir='ltr'><strong>ό</strong></span> <span class='ocrx_word' id='word_1_383' title='bbox 2896 2288 3083 2357; x_wconf 89' lang='grc' dir='ltr'>Μάγος</span> <span class='ocrx_word' id='word_1_384' title='bbox 3116 2288 3317 2359; x_wconf 72' lang='grc' dir='ltr'>ἥκοντα</span> <span class='ocrx_word' id='word_1_385' title='bbox 3343 2286 3440 2359; x_wconf 73' lang='grc' dir='ltr'><strong>ήδη</strong></span> <span class='ocrx_word' id='word_1_386' title='bbox 3462 2287 3554 2339; x_wconf 87' lang='grc' dir='ltr'><strong>τὸν</strong></span> <span class='ocrx_word' id='word_1_387' title='bbox 3580 2286 3695 2339; x_wconf 79' lang='grc' dir='ltr'>Πέ-</span> 
     </span>
    </p>
   </div>
   <div class='ocr_carea' id='block_1_55' title="bbox 2107 2376 3691 2458">
    <p class='ocr_par' dir='ltr' id='par_1_55' title="bbox 2107 2376 3691 2458">
     <span class='ocr_line' id='line_1_55' title="bbox 2107 2376 3691 2458; baseline -0.005 -22"><span class='ocrx_word' id='word_1_388' title='bbox 2107 2400 2234 2455; x_wconf 90' lang='grc' dir='ltr'>τρον</span> <span class='ocrx_word' id='word_1_389' title='bbox 2262 2380 2618 2456; x_wconf 88' lang='grc' dir='ltr'>μεμαθηκὼς,</span> <span class='ocrx_word' id='word_1_390' title='bbox 2654 2378 3107 2458; x_wconf 73' lang='grc' dir='ltr'>φεύγεινήγάπα,</span> <span class='ocrx_word' id='word_1_391' title='bbox 3140 2378 3232 2431; x_wconf 74' lang='grc' dir='ltr'><strong>καὶ</strong></span> <span class='ocrx_word' id='word_1_392' title='bbox 3278 2377 3414 2449; x_wconf 83' lang='grc' dir='ltr'>πρὸς</span> <span class='ocrx_word' id='word_1_393' title='bbox 3443 2376 3691 2447; x_wconf 83' lang='grc' dir='ltr'>Βηρυτὸν</span> 
     </span>
    </p>
   </div>
   <div class='ocr_carea' id='block_1_56' title="bbox 2107 2466 3561 2544">
    <p class='ocr_par' dir='ltr' id='par_1_56' title="bbox 2107 2466 3561 2544">
     <span class='ocr_line' id='line_1_56' title="bbox 2107 2466 3561 2544; baseline -0.004 -17"><span class='ocrx_word' id='word_1_394' title='bbox 2107 2471 2305 2544; x_wconf 75' lang='grc' dir='ltr'>ἐχώρει</span> <span class='ocrx_word' id='word_1_395' title='bbox 2334 2471 2471 2544; x_wconf 86' lang='grc' dir='ltr'><strong>μετά</strong></span> <span class='ocrx_word' id='word_1_396' title='bbox 2513 2470 2816 2534; x_wconf 83' lang='grc' dir='ltr'>Ἀππίωνος</span> <span class='ocrx_word' id='word_1_397' title='bbox 2851 2468 2946 2524; x_wconf 74' lang='grc' dir='ltr'><strong>καὶ</strong></span> <span class='ocrx_word' id='word_1_398' title='bbox 2977 2468 3086 2523; x_wconf 90' lang='grc' dir='ltr'><strong>τῶν</strong></span> <span class='ocrx_word' id='word_1_399' title='bbox 3120 2467 3348 2540; x_wconf 82' lang='grc' dir='ltr'>ἑταίρων</span> <span class='ocrx_word' id='word_1_400' title='bbox 3376 2466 3561 2521; x_wconf 81' lang='grc' dir='ltr'>αὑτοῦ.</span> 
     </span>
    </p>
   </div>
   <div class='ocr_carea' id='block_1_57' title="bbox 2178 2580 3691 2655">
    <p class='ocr_par' dir='ltr' id='par_1_57' title="bbox 2178 2580 3691 2655">
     <span class='ocr_line' id='line_1_57' title="bbox 2178 2580 3691 2655; baseline -0.006 -13"><span class='ocrx_word' id='word_1_401' title='bbox 2178 2585 2309 2642; x_wconf 89' lang='lat' dir='ltr'><strong>LVI.</strong></span> <span class='ocrx_word' id='word_1_402' title='bbox 2370 2584 2476 2639; x_wconf 87' lang='grc' dir='ltr'><strong>Τοῦ</strong></span> <span class='ocrx_word' id='word_1_403' title='bbox 2525 2586 2583 2639; x_wconf 81' lang='grc' dir='ltr'>δὲ</span> <span class='ocrx_word' id='word_1_404' title='bbox 2628 2584 2837 2655; x_wconf 89' lang='grc' dir='ltr'>Πέτρου</span> <span class='ocrx_word' id='word_1_405' title='bbox 2872 2583 3131 2646; x_wconf 71' lang='grc' dir='ltr'>εἰσιόντος</span> <span class='ocrx_word' id='word_1_406' title='bbox 3178 2582 3258 2645; x_wconf 87' lang='grc' dir='ltr'><strong>είς</strong></span> <span class='ocrx_word' id='word_1_407' title='bbox 3303 2580 3402 2653; x_wconf 86' lang='grc' dir='ltr'><strong>τὴν</strong></span> <span class='ocrx_word' id='word_1_408' title='bbox 3438 2580 3647 2634; x_wconf 81' lang='grc' dir='ltr'>Σιδῶνα</span> <span class='ocrx_word' id='word_1_409' title='bbox 3671 2621 3691 2646; x_wconf 93' lang='grc'><strong>,</strong></span> 
     </span>
    </p>
   </div>
   <div class='ocr_carea' id='block_1_58' title="bbox 2106 2673 3693 2750">
    <p class='ocr_par' dir='ltr' id='par_1_58' title="bbox 2106 2673 3693 2750">
     <span class='ocr_line' id='line_1_58' title="bbox 2106 2673 3693 2750; baseline -0.004 -16"><span class='ocrx_word' id='word_1_410' title='bbox 2106 2679 2334 2743; x_wconf 80' lang='grc' dir='ltr'>πολλοὺς</span> <span class='ocrx_word' id='word_1_411' title='bbox 2359 2681 2451 2733; x_wconf 73' lang='grc' dir='ltr'><strong>ἐπὶ</strong></span> <span class='ocrx_word' id='word_1_412' title='bbox 2474 2678 2670 2733; x_wconf 88' lang='grc' dir='ltr'>κλινῶν</span> <span class='ocrx_word' id='word_1_413' title='bbox 2700 2677 2964 2750; x_wconf 89' lang='grc' dir='ltr'>φέροντες</span> <span class='ocrx_word' id='word_1_414' title='bbox 3002 2678 3081 2740; x_wconf 88' lang='grc' dir='ltr'><strong>είς</strong></span> <span class='ocrx_word' id='word_1_415' title='bbox 3106 2675 3227 2747; x_wconf 73' lang='grc' dir='ltr'>ὄψιν</span> <span class='ocrx_word' id='word_1_416' title='bbox 3250 2673 3515 2729; x_wconf 73' lang='grc' dir='ltr'>ἐτίθεσαν.</span> <span class='ocrx_word' id='word_1_417' title='bbox 3543 2675 3600 2728; x_wconf 88' lang='lat' dir='ltr'><strong>&#39;O</strong></span> <span class='ocrx_word' id='word_1_418' title='bbox 3627 2674 3693 2728; x_wconf 82' lang='grc' dir='ltr'>δὲ</span> 
     </span>
    </p>
   </div>
   <div class='ocr_carea' id='block_1_59' title="bbox 2108 2767 3694 2844">
    <p class='ocr_par' dir='ltr' id='par_1_59' title="bbox 2108 2767 3694 2844">
     <span class='ocr_line' id='line_1_59' title="bbox 2108 2767 3694 2844; baseline -0.004 -18"><span class='ocrx_word' id='word_1_419' title='bbox 2108 2774 2312 2844; x_wconf 87' lang='grc' dir='ltr'>Πέτρος</span> <span class='ocrx_word' id='word_1_420' title='bbox 2340 2772 2475 2844; x_wconf 80' lang='grc' dir='ltr'>πρὸς</span> <span class='ocrx_word' id='word_1_421' title='bbox 2504 2770 2702 2834; x_wconf 77' lang='grc' dir='ltr'>αὐτούς</span> <span class='ocrx_word' id='word_1_422' title='bbox 2720 2787 2734 2801; x_wconf 74' lang='grc' dir='ltr'><strong><em>ο</em></strong></span> <span class='ocrx_word' id='word_1_423' title='bbox 2773 2771 2864 2842; x_wconf 86' lang='grc' dir='ltr'>Μή</span> <span class='ocrx_word' id='word_1_424' title='bbox 2899 2787 2965 2842; x_wconf 89' lang='grc' dir='ltr'><strong>με</strong></span> <span class='ocrx_word' id='word_1_425' title='bbox 2985 2769 3262 2841; x_wconf 81' lang='grc' dir='ltr'>νομίσητε,</span> <span class='ocrx_word' id='word_1_426' title='bbox 3283 2767 3407 2839; x_wconf 75' lang='grc' dir='ltr'>ἔφη,</span> <span class='ocrx_word' id='word_1_427' title='bbox 3427 2767 3694 2821; x_wconf 83' lang='grc' dir='ltr'>δύνασθαί</span> 
     </span>
    </p>
   </div>
   <div class='ocr_carea' id='block_1_60' title="bbox 2106 2859 3698 2936">
    <p class='ocr_par' dir='ltr' id='par_1_60' title="bbox 2106 2859 3698 2936">
     <span class='ocr_line' id='line_1_60' title="bbox 2106 2859 3698 2936; baseline -0.004 -18"><span class='ocrx_word' id='word_1_428' title='bbox 2106 2881 2158 2918; x_wconf 91' lang='grc' dir='ltr'><strong>τι</strong></span> <span class='ocrx_word' id='word_1_429' title='bbox 2193 2864 2328 2936; x_wconf 88' lang='grc' dir='ltr'>πρὸς</span> <span class='ocrx_word' id='word_1_430' title='bbox 2353 2863 2624 2936; x_wconf 84' lang='grc' dir='ltr'>ὑμετέραν</span> <span class='ocrx_word' id='word_1_431' title='bbox 2664 2861 2805 2916; x_wconf 85' lang='grc' dir='ltr'>ίασιν</span> <span class='ocrx_word' id='word_1_432' title='bbox 2827 2900 2843 2924; x_wconf 90' lang='grc'><strong>,</strong></span> <span class='ocrx_word' id='word_1_433' title='bbox 2881 2860 3165 2933; x_wconf 77' lang='grc' dir='ltr'>ἄνθρωπον</span> <span class='ocrx_word' id='word_1_434' title='bbox 3205 2859 3334 2913; x_wconf 85' lang='grc' dir='ltr'>ὄντα</span> <span class='ocrx_word' id='word_1_435' title='bbox 3367 2859 3559 2931; x_wconf 85' lang='grc' dir='ltr'>θνητὸν</span> <span class='ocrx_word' id='word_1_436' title='bbox 3590 2860 3698 2912; x_wconf 75' lang='grc' dir='ltr'>καὶ</span> 
     </span>
    </p>
   </div>
   <div class='ocr_carea' id='block_1_61' title="bbox 2107 2951 3697 3024">
    <p class='ocr_par' dir='ltr' id='par_1_61' title="bbox 2107 2951 3697 3024">
     <span class='ocr_line' id='line_1_61' title="bbox 2107 2951 3697 3024; baseline 0 -16"><span class='ocrx_word' id='word_1_437' title='bbox 2107 2956 2301 3023; x_wconf 75' lang='grc' dir='ltr'>αὐτὸν,</span> <span class='ocrx_word' id='word_1_438' title='bbox 2345 2956 2439 3009; x_wconf 78' lang='grc' dir='ltr'>καὶ</span> <span class='ocrx_word' id='word_1_439' title='bbox 2496 2955 2710 3018; x_wconf 82' lang='grc' dir='ltr'>πολλοῖς</span> <span class='ocrx_word' id='word_1_440' title='bbox 2766 2952 2995 3007; x_wconf 83' lang='grc' dir='ltr'>πάθεσιν</span> <span class='ocrx_word' id='word_1_441' title='bbox 3049 2952 3428 3024; x_wconf 58' lang='grc' dir='ltr'>ὑποκείμενον</span> <span class='ocrx_word' id='word_1_442' title='bbox 3475 2951 3697 3023; x_wconf 79' lang='grc' dir='ltr'>ὕφηγή-</span> 
     </span>
    </p>
   </div>
   <div class='ocr_carea' id='block_1_62' title="bbox 437 3030 2028 3117">
    <p class='ocr_par' dir='ltr' id='par_1_62' title="bbox 437 3030 2008 3106">
     <span class='ocr_line' id='line_1_62' title="bbox 437 3030 2008 3106; baseline 0.003 -21"><span class='ocrx_word' id='word_1_443' title='bbox 437 3030 688 3086; x_wconf 89' lang='lat' dir='ltr'><strong>sionibus</strong></span> <span class='ocrx_word' id='word_1_444' title='bbox 717 3032 1029 3087; x_wconf 75' lang='lat' dir='ltr'><strong>obnoxius:</strong></span> <span class='ocrx_word' id='word_1_445' title='bbox 1056 3032 1254 3087; x_wconf 87' lang='lat' dir='ltr'><strong>docere</strong></span> <span class='ocrx_word' id='word_1_446' title='bbox 1297 3041 1479 3086; x_wconf 89' lang='lat' dir='ltr'><strong>autem</strong></span> <span class='ocrx_word' id='word_1_447' title='bbox 1516 3048 1615 3087; x_wconf 80' lang='lat' dir='ltr'><strong>vos</strong></span> <span class='ocrx_word' id='word_1_448' title='bbox 1650 3034 1870 3088; x_wconf 92' lang='lat' dir='ltr'><strong>modum</strong></span> <span class='ocrx_word' id='word_1_449' title='bbox 1899 3050 2008 3106; x_wconf 91' lang='lat' dir='ltr'><strong>quo</strong></span> 
     </span>
    </p>
   </div>
   <div class='ocr_carea' id='block_1_63' title="bbox 2112 3030 3695 3117">
    <p class='ocr_par' dir='ltr' id='par_1_63' title="bbox 2112 3036 3695 3117">
     <span class='ocr_line' id='line_1_63' title="bbox 2112 3036 3695 3117; baseline -0.004 -17"><span class='ocrx_word' id='word_1_450' title='bbox 2112 3046 2303 3100; x_wconf 87' lang='grc' dir='ltr'>σασθαι</span> <span class='ocrx_word' id='word_1_451' title='bbox 2339 3046 2395 3099; x_wconf 79' lang='grc' dir='ltr'>δὲ</span> <span class='ocrx_word' id='word_1_452' title='bbox 2425 3047 2555 3117; x_wconf 82' lang='grc' dir='ltr'>ὑμῖν</span> <span class='ocrx_word' id='word_1_453' title='bbox 2598 3044 2689 3098; x_wconf 69' lang='grc' dir='ltr'>τὸν</span> <span class='ocrx_word' id='word_1_454' title='bbox 2738 3044 2938 3116; x_wconf 83' lang='grc' dir='ltr'>τρόπον</span> <span class='ocrx_word' id='word_1_455' title='bbox 2983 3041 3054 3096; x_wconf 82' lang='grc' dir='ltr'>δι’</span> <span class='ocrx_word' id='word_1_456' title='bbox 3091 3036 3153 3097; x_wconf 74' lang='grc' dir='ltr'>οὗ</span> <span class='ocrx_word' id='word_1_457' title='bbox 3200 3042 3438 3115; x_wconf 86' lang='grc' dir='ltr'>σωθῆναι</span> <span class='ocrx_word' id='word_1_458' title='bbox 3469 3042 3695 3096; x_wconf 74' lang='grc' dir='ltr'>δυνατοὶ</span> 
     </span>
    </p>
   </div>
   <div class='ocr_carea' id='block_1_64' title="bbox 435 3123 2007 3198">
    <p class='ocr_par' dir='ltr' id='par_1_64' title="bbox 435 3123 2007 3198">
     <span class='ocr_line' id='line_1_64' title="bbox 435 3123 2007 3198; baseline 0.002 -18"><span class='ocrx_word' id='word_1_459' title='bbox 435 3123 574 3180; x_wconf 81' lang='lat' dir='ltr'><strong>salvi</strong></span> <span class='ocrx_word' id='word_1_460' title='bbox 600 3138 722 3179; x_wconf 89' lang='lat' dir='ltr'><strong>esse</strong></span> <span class='ocrx_word' id='word_1_461' title='bbox 745 3124 1017 3193; x_wconf 89' lang='lat' dir='ltr'><strong>poteritis,</strong></span> <span class='ocrx_word' id='word_1_462' title='bbox 1048 3138 1159 3178; x_wconf 94' lang='lat' dir='ltr'><strong>non</strong></span> <span class='ocrx_word' id='word_1_463' title='bbox 1188 3125 1495 3194; x_wconf 83' lang='lat' dir='ltr'><strong>gravabor;</strong></span> <span class='ocrx_word' id='word_1_464' title='bbox 1525 3133 1712 3195; x_wconf 88' lang='lat' dir='ltr'><strong>utpote</strong></span> <span class='ocrx_word' id='word_1_465' title='bbox 1747 3126 1841 3197; x_wconf 92' lang='lat' dir='ltr'><strong>qui</strong></span> <span class='ocrx_word' id='word_1_466' title='bbox 1889 3127 2007 3198; x_wconf 89' lang='lat' dir='ltr'><strong>ipse</strong></span> 
     </span>
    </p>
   </div>
   <div class='ocr_carea' id='block_1_65' title="bbox 436 3207 2008 3288">
    <p class='ocr_par' dir='ltr' id='par_1_65' title="bbox 436 3207 2008 3288">
     <span class='ocr_line' id='line_1_65' title="bbox 436 3207 2008 3288; baseline 0.004 -23"><span class='ocrx_word' id='word_1_467' title='bbox 436 3227 658 3283; x_wconf 88' lang='lat' dir='ltr'><strong>quoque</strong></span> <span class='ocrx_word' id='word_1_468' title='bbox 685 3228 715 3267; x_wconf 95' lang='lat' dir='ltr'><strong>a</strong></span> <span class='ocrx_word' id='word_1_469' title='bbox 746 3212 968 3268; x_wconf 88' lang='lat' dir='ltr'><strong>Christo</strong></span> <span class='ocrx_word' id='word_1_470' title='bbox 991 3214 1218 3269; x_wconf 89' lang='lat' dir='ltr'><strong>edoctus</strong></span> <span class='ocrx_word' id='word_1_471' title='bbox 1248 3213 1349 3269; x_wconf 92' lang='lat' dir='ltr'><strong>sim</strong></span> <span class='ocrx_word' id='word_1_472' title='bbox 1372 3255 1388 3281; x_wconf 93' lang='lat'><strong>,</strong></span> <span class='ocrx_word' id='word_1_473' title='bbox 1436 3223 1490 3269; x_wconf 89' lang='lat' dir='ltr'><strong>ct</strong></span> <span class='ocrx_word' id='word_1_474' title='bbox 1529 3215 1832 3288; x_wconf 82' lang='lat' dir='ltr'><strong>discipulus</strong></span> <span class='ocrx_word' id='word_1_475' title='bbox 1871 3207 2008 3271; x_wconf 75' lang='lat' dir='ltr'><strong>Boni</strong></span> 
     </span>
    </p>
   </div>
   <div class='ocr_carea' id='block_1_66' title="bbox 438 3302 2010 3366">
    <p class='ocr_par' dir='ltr' id='par_1_66' title="bbox 438 3302 2010 3366">
     <span class='ocr_line' id='line_1_66' title="bbox 438 3302 2010 3366; baseline 0.005 -9"><span class='ocrx_word' id='word_1_476' title='bbox 438 3302 585 3357; x_wconf 77' lang='lat' dir='ltr'><strong>illius</strong></span> <span class='ocrx_word' id='word_1_477' title='bbox 609 3302 988 3359; x_wconf 78' lang='lat' dir='ltr'><strong>exstiterim.&quot;</strong></span> <span class='ocrx_word' id='word_1_478' title='bbox 1027 3303 1155 3359; x_wconf 76' lang='lat' dir='ltr'><strong>Haec</strong></span> <span class='ocrx_word' id='word_1_479' title='bbox 1176 3313 1231 3360; x_wconf 91' lang='lat' dir='ltr'><strong>et</strong></span> <span class='ocrx_word' id='word_1_480' title='bbox 1259 3305 1314 3359; x_wconf 93' lang='lat' dir='ltr'><strong>in</strong></span> <span class='ocrx_word' id='word_1_481' title='bbox 1342 3305 1544 3361; x_wconf 87' lang='lat' dir='ltr'><strong>Sidone</strong></span> <span class='ocrx_word' id='word_1_482' title='bbox 1565 3305 1726 3363; x_wconf 86' lang='lat' dir='ltr'><strong>Petro</strong></span> <span class='ocrx_word' id='word_1_483' title='bbox 1747 3309 2010 3366; x_wconf 87' lang='lat' dir='ltr'><strong>suadente</strong></span> 
     </span>
    </p>
   </div>
   <div class='ocr_carea' id='block_1_67' title="bbox 438 3390 2009 3475">
    <p class='ocr_par' dir='ltr' id='par_1_67' title="bbox 438 3390 2009 3475">
     <span class='ocr_line' id='line_1_67' title="bbox 438 3390 2009 3475; baseline 0.006 -30"><span class='ocrx_word' id='word_1_484' title='bbox 438 3390 508 3445; x_wconf 90' lang='lat' dir='ltr'><strong>iis</strong></span> <span class='ocrx_word' id='word_1_485' title='bbox 531 3391 621 3461; x_wconf 91' lang='lat' dir='ltr'><strong>qui</strong></span> <span class='ocrx_word' id='word_1_486' title='bbox 656 3405 1060 3461; x_wconf 81' lang='lat' dir='ltr'><strong>convenerant,</strong></span> <span class='ocrx_word' id='word_1_487' title='bbox 1111 3409 1233 3449; x_wconf 88' lang='lat' dir='ltr'><strong>cum</strong></span> <span class='ocrx_word' id='word_1_488' title='bbox 1268 3396 1459 3475; x_wconf 81' lang='lat' dir='ltr'><strong>paucis</strong></span> <span class='ocrx_word' id='word_1_489' title='bbox 1501 3396 1692 3455; x_wconf 89' lang='lat' dir='ltr'><strong>diebus</strong></span> <span class='ocrx_word' id='word_1_490' title='bbox 1728 3399 1885 3455; x_wconf 90' lang='lat' dir='ltr'><strong>multi</strong></span> <span class='ocrx_word' id='word_1_491' title='bbox 1932 3398 2009 3456; x_wconf 90' lang='lat' dir='ltr'><strong>ibi</strong></span> 
     </span>
    </p>
   </div>
   <div class='ocr_carea' id='block_1_68' title="bbox 438 3483 2007 3560">
    <p class='ocr_par' dir='ltr' id='par_1_68' title="bbox 438 3483 2007 3560">
     <span class='ocr_line' id='line_1_68' title="bbox 438 3483 2007 3560; baseline 0.006 -24"><span class='ocrx_word' id='word_1_492' title='bbox 438 3498 659 3553; x_wconf 90' lang='lat' dir='ltr'><strong>quoque</strong></span> <span class='ocrx_word' id='word_1_493' title='bbox 692 3483 1017 3553; x_wconf 78' lang='lat' dir='ltr'><strong>pcenitentia</strong></span> <span class='ocrx_word' id='word_1_494' title='bbox 1038 3486 1187 3541; x_wconf 92' lang='lat' dir='ltr'><strong>ducti</strong></span> <span class='ocrx_word' id='word_1_495' title='bbox 1230 3485 1484 3555; x_wconf 82' lang='lat' dir='ltr'><strong>fuissent,</strong></span> <span class='ocrx_word' id='word_1_496' title='bbox 1533 3504 1599 3544; x_wconf 93' lang='lat' dir='ltr'><strong>ac</strong></span> <span class='ocrx_word' id='word_1_497' title='bbox 1630 3490 2007 3560; x_wconf 86' lang='lat' dir='ltr'><strong>credidissent,</strong></span> 
     </span>
    </p>
   </div>
   <div class='ocr_carea' id='block_1_69' title="bbox 439 3574 2007 3652">
    <p class='ocr_par' dir='ltr' id='par_1_69' title="bbox 439 3574 2007 3652">
     <span class='ocr_line' id='line_1_69' title="bbox 439 3574 2007 3652; baseline 0.005 -22"><span class='ocrx_word' id='word_1_498' title='bbox 439 3574 562 3630; x_wconf 90' lang='lat' dir='ltr'><strong>dein</strong></span> <span class='ocrx_word' id='word_1_499' title='bbox 586 3584 639 3630; x_wconf 90' lang='lat' dir='ltr'><strong>et</strong></span> <span class='ocrx_word' id='word_1_500' title='bbox 662 3575 894 3631; x_wconf 87' lang='lat' dir='ltr'><strong>sanitate</strong></span> <span class='ocrx_word' id='word_1_501' title='bbox 937 3578 1125 3633; x_wconf 89' lang='lat' dir='ltr'><strong>donati</strong></span> <span class='ocrx_word' id='word_1_502' title='bbox 1170 3588 1377 3646; x_wconf 89' lang='lat' dir='ltr'><strong>essent,</strong></span> <span class='ocrx_word' id='word_1_503' title='bbox 1409 3578 1710 3636; x_wconf 87' lang='lat' dir='ltr'><strong>Ecclesiam</strong></span> <span class='ocrx_word' id='word_1_504' title='bbox 1744 3582 2007 3652; x_wconf 87' lang='lat' dir='ltr'><strong>instituit;</strong></span> 
     </span>
    </p>
   </div>
   <div class='ocr_carea' id='block_1_70' title="bbox 438 3669 2011 3744">
    <p class='ocr_par' dir='ltr' id='par_1_70' title="bbox 438 3669 2011 3744">
     <span class='ocr_line' id='line_1_70' title="bbox 438 3669 2011 3744; baseline 0.006 -22"><span class='ocrx_word' id='word_1_505' title='bbox 438 3675 494 3722; x_wconf 91' lang='lat' dir='ltr'><strong>et</strong></span> <span class='ocrx_word' id='word_1_506' title='bbox 544 3675 838 3737; x_wconf 83' lang='lat' dir='ltr'><strong>postquam</strong></span> <span class='ocrx_word' id='word_1_507' title='bbox 866 3669 1107 3739; x_wconf 90' lang='lat' dir='ltr'><strong>aliquem</strong></span> <span class='ocrx_word' id='word_1_508' title='bbox 1138 3686 1203 3725; x_wconf 83' lang='lat' dir='ltr'><strong>ex</strong></span> <span class='ocrx_word' id='word_1_509' title='bbox 1231 3670 1565 3743; x_wconf 86' lang='lat' dir='ltr'><strong>presbyteris</strong></span> <span class='ocrx_word' id='word_1_510' title='bbox 1595 3674 1689 3742; x_wconf 90' lang='lat' dir='ltr'><strong>qui</strong></span> <span class='ocrx_word' id='word_1_511' title='bbox 1722 3688 1847 3730; x_wconf 85' lang='lat' dir='ltr'><strong>eum</strong></span> <span class='ocrx_word' id='word_1_512' title='bbox 1877 3690 2011 3744; x_wconf 80' lang='lat' dir='ltr'><strong>cpn-</strong></span> 
     </span>
    </p>
   </div>
   <div class='ocr_carea' id='block_1_71' title="bbox 439 3751 2012 3839">
    <p class='ocr_par' dir='ltr' id='par_1_71' title="bbox 439 3751 2012 3839">
     <span class='ocr_line' id='line_1_71' title="bbox 439 3751 2012 3839; baseline 0.006 -24"><span class='ocrx_word' id='word_1_513' title='bbox 439 3759 789 3815; x_wconf 87' lang='lat' dir='ltr'><strong>sectabantur</strong></span> <span class='ocrx_word' id='word_1_514' title='bbox 816 3761 1195 3818; x_wconf 87' lang='lat' dir='ltr'><strong>constituisset</strong></span> <span class='ocrx_word' id='word_1_515' title='bbox 1217 3751 1557 3836; x_wconf 76' lang='lat' dir='ltr'><strong>episcopum</strong></span> <span class='ocrx_word' id='word_1_516' title='bbox 1576 3808 1593 3834; x_wconf 92' lang='lat'><strong>,</strong></span> <span class='ocrx_word' id='word_1_517' title='bbox 1625 3765 1828 3823; x_wconf 72' lang='lat' dir='ltr'><strong>Sidone</strong></span> <span class='ocrx_word' id='word_1_518' title='bbox 1857 3782 2012 3839; x_wconf 81' lang='lat' dir='ltr'><strong>egre-</strong></span> 
     </span>
    </p>
   </div>
   <div class='ocr_carea' id='block_1_72' title="bbox 438 3848 1352 3904">
    <p class='ocr_par' dir='ltr' id='par_1_72' title="bbox 438 3848 1352 3904">
     <span class='ocr_line' id='line_1_72' title="bbox 438 3848 1352 3904; baseline 0.002 -1"><span class='ocrx_word' id='word_1_519' title='bbox 438 3848 605 3904; x_wconf 85' lang='lat' dir='ltr'><strong>ditur.</strong></span> <span class='ocrx_word' id='word_1_520' title='bbox 1341 3848 1352 3861; x_wconf 84' lang='lat'><strong>&#39;</strong></span> 
     </span>
    </p>
   </div>
   <div class='ocr_carea' id='block_1_73' title="bbox 510 3939 2007 4019">
    <p class='ocr_par' dir='ltr' id='par_1_73' title="bbox 510 3939 2007 4019">
     <span class='ocr_line' id='line_1_73' title="bbox 510 3939 2007 4019; baseline 0.011 -26"><span class='ocrx_word' id='word_1_521' title='bbox 510 3939 665 3996; x_wconf 82' lang='lat' dir='ltr'><strong>LVII.</strong></span> <span class='ocrx_word' id='word_1_522' title='bbox 702 3941 899 3998; x_wconf 88' lang='lat' dir='ltr'><strong>Statim</strong></span> <span class='ocrx_word' id='word_1_523' title='bbox 927 3955 1107 4001; x_wconf 90' lang='lat' dir='ltr'><strong>autem</strong></span> <span class='ocrx_word' id='word_1_524' title='bbox 1150 3960 1214 4002; x_wconf 90' lang='lat' dir='ltr'><strong>ac</strong></span> <span class='ocrx_word' id='word_1_525' title='bbox 1244 3944 1499 4018; x_wconf 75' lang='lat' dir='ltr'><strong>Berytum</strong></span> <span class='ocrx_word' id='word_1_526' title='bbox 1525 3950 1807 4019; x_wconf 84' lang='lat' dir='ltr'><strong>pervenit,</strong></span> <span class='ocrx_word' id='word_1_527' title='bbox 1847 3961 2007 4011; x_wconf 65' lang='lat' dir='ltr'><strong>terra:</strong></span> 
     </span>
    </p>
   </div>
   <div class='ocr_carea' id='block_1_74' title="bbox 438 4033 2008 4111">
    <p class='ocr_par' dir='ltr' id='par_1_74' title="bbox 438 4033 2008 4111">
     <span class='ocr_line' id='line_1_74' title="bbox 438 4033 2008 4111; baseline 0.008 -24"><span class='ocrx_word' id='word_1_528' title='bbox 438 4044 623 4089; x_wconf 90' lang='lat' dir='ltr'><strong>motus</strong></span> <span class='ocrx_word' id='word_1_529' title='bbox 655 4033 834 4092; x_wconf 87' lang='lat' dir='ltr'><strong>factus</strong></span> <span class='ocrx_word' id='word_1_530' title='bbox 860 4045 943 4092; x_wconf 92' lang='lat' dir='ltr'><strong>est</strong></span> <span class='ocrx_word' id='word_1_531' title='bbox 970 4054 983 4091; x_wconf 89' lang='lat'><strong>:</strong></span> <span class='ocrx_word' id='word_1_532' title='bbox 1006 4046 1171 4108; x_wconf 91' lang='lat' dir='ltr'><strong>atque</strong></span> <span class='ocrx_word' id='word_1_533' title='bbox 1197 4039 1350 4108; x_wconf 90' lang='lat' dir='ltr'><strong>plebs</strong></span> <span class='ocrx_word' id='word_1_534' title='bbox 1381 4041 1647 4096; x_wconf 90' lang='lat' dir='ltr'><strong>accedens</strong></span> <span class='ocrx_word' id='word_1_535' title='bbox 1672 4043 1738 4096; x_wconf 92' lang='lat' dir='ltr'><strong>ad</strong></span> <span class='ocrx_word' id='word_1_536' title='bbox 1768 4042 2008 4111; x_wconf 84' lang='lat' dir='ltr'><strong>Petrum,</strong></span> 
     </span>
    </p>
   </div>
   <div class='ocr_carea' id='block_1_75' title="bbox 439 4124 2007 4203">
    <p class='ocr_par' dir='ltr' id='par_1_75' title="bbox 439 4124 2007 4203">
     <span class='ocr_line' id='line_1_75' title="bbox 439 4124 2007 4203; baseline 0.007 -25"><span class='ocrx_word' id='word_1_537' title='bbox 439 4134 501 4180; x_wconf 92' lang='lat' dir='ltr'><strong>ut</strong></span> <span class='ocrx_word' id='word_1_538' title='bbox 529 4124 693 4182; x_wconf 84' lang='lat' dir='ltr'><strong>ferret</strong></span> <span class='ocrx_word' id='word_1_539' title='bbox 721 4142 880 4197; x_wconf 90' lang='lat' dir='ltr'><strong>opem</strong></span> <span class='ocrx_word' id='word_1_540' title='bbox 913 4130 1157 4200; x_wconf 77' lang='lat' dir='ltr'><strong>rogabat.</strong></span> <span class='ocrx_word' id='word_1_541' title='bbox 1189 4129 1498 4186; x_wconf 87' lang='lat' dir='ltr'><strong>Timuimus</strong></span> <span class='ocrx_word' id='word_1_542' title='bbox 1526 4132 1692 4201; x_wconf 89' lang='lat' dir='ltr'><strong>enim,</strong></span> <span class='ocrx_word' id='word_1_543' title='bbox 1734 4134 2007 4203; x_wconf 87' lang='lat' dir='ltr'><strong>dicebant,</strong></span> 
     </span>
    </p>
   </div>
   <div class='ocr_carea' id='block_1_76' title="bbox 441 4214 2011 4291">
    <p class='ocr_par' dir='ltr' id='par_1_76' title="bbox 441 4214 2011 4291">
     <span class='ocr_line' id='line_1_76' title="bbox 441 4214 2011 4291; baseline 0.008 -23"><span class='ocrx_word' id='word_1_544' title='bbox 441 4230 511 4269; x_wconf 90' lang='lat' dir='ltr'><strong>ne</strong></span> <span class='ocrx_word' id='word_1_545' title='bbox 541 4214 785 4271; x_wconf 85' lang='lat' dir='ltr'><strong>funditus</strong></span> <span class='ocrx_word' id='word_1_546' title='bbox 829 4218 1155 4286; x_wconf 88' lang='lat' dir='ltr'><strong>periremus.</strong></span> <span class='ocrx_word' id='word_1_547' title='bbox 1210 4219 1364 4281; x_wconf 79' lang='lat' dir='ltr'><strong>&#39;Bunc</strong></span> <span class='ocrx_word' id='word_1_548' title='bbox 1414 4229 1470 4276; x_wconf 89' lang='lat' dir='ltr'><strong>et</strong></span> <span class='ocrx_word' id='word_1_549' title='bbox 1520 4223 1733 4291; x_wconf 87' lang='lat' dir='ltr'><strong>Simon,</strong></span> <span class='ocrx_word' id='word_1_550' title='bbox 1783 4225 2011 4281; x_wconf 87' lang='lat' dir='ltr'><strong>audacia</strong></span> 
     </span>
    </p>
   </div>
   <div class='ocr_carea' id='block_1_77' title="bbox 442 4314 2012 4385">
    <p class='ocr_par' dir='ltr' id='par_1_77' title="bbox 442 4314 2012 4385">
     <span class='ocr_line' id='line_1_77' title="bbox 442 4314 2012 4385; baseline 0.01 -25"><span class='ocrx_word' id='word_1_551' title='bbox 442 4320 691 4378; x_wconf 88' lang='lat' dir='ltr'><strong>sumpta,</strong></span> <span class='ocrx_word' id='word_1_552' title='bbox 739 4320 794 4365; x_wconf 90' lang='lat' dir='ltr'><strong>et</strong></span> <span class='ocrx_word' id='word_1_553' title='bbox 830 4322 1144 4368; x_wconf 89' lang='lat' dir='ltr'><strong>commento</strong></span> <span class='ocrx_word' id='word_1_554' title='bbox 1184 4329 1291 4367; x_wconf 90' lang='lat' dir='ltr'><strong>una</strong></span> <span class='ocrx_word' id='word_1_555' title='bbox 1334 4330 1457 4369; x_wconf 93' lang='lat' dir='ltr'><strong>cum</strong></span> <span class='ocrx_word' id='word_1_556' title='bbox 1508 4314 1786 4385; x_wconf 85' lang='lat' dir='ltr'><strong>Appione,</strong></span> <span class='ocrx_word' id='word_1_557' title='bbox 1828 4318 2012 4375; x_wconf 84' lang='lat' dir='ltr'><strong>Annu-</strong></span> 
     </span>
    </p>
   </div>
   <div class='ocr_carea' id='block_1_78' title="bbox 2109 3133 3693 3207">
    <p class='ocr_par' dir='ltr' id='par_1_78' title="bbox 2109 3133 3693 3207">
     <span class='ocr_line' id='line_1_78' title="bbox 2109 3133 3693 3207; baseline -0.006 -13"><span class='ocrx_word' id='word_1_558' title='bbox 2109 3138 2300 3195; x_wconf 76' lang='grc' dir='ltr'>ἔσεσθε</span> <span class='ocrx_word' id='word_1_559' title='bbox 2322 3180 2338 3205; x_wconf 90' lang='grc'><strong>,</strong></span> <span class='ocrx_word' id='word_1_560' title='bbox 2381 3138 2441 3191; x_wconf 86' lang='grc' dir='ltr'><strong>ού</strong></span> <span class='ocrx_word' id='word_1_561' title='bbox 2470 3136 2649 3207; x_wconf 86' lang='grc' dir='ltr'>φθονῶ</span> <span class='ocrx_word' id='word_1_562' title='bbox 2664 3137 2733 3203; x_wconf 80' lang='grc'><strong>⁷⁷,</strong></span> <span class='ocrx_word' id='word_1_563' title='bbox 2764 3138 2841 3201; x_wconf 83' lang='grc' dir='ltr'>ὡς</span> <span class='ocrx_word' id='word_1_564' title='bbox 2882 3136 2949 3189; x_wconf 85' lang='grc' dir='ltr'>ἂν</span> <span class='ocrx_word' id='word_1_565' title='bbox 2986 3136 3081 3190; x_wconf 76' lang='grc' dir='ltr'>καὶ</span> <span class='ocrx_word' id='word_1_566' title='bbox 3122 3135 3285 3199; x_wconf 77' lang='grc' dir='ltr'>αὐτὸς</span> <span class='ocrx_word' id='word_1_567' title='bbox 3313 3135 3418 3189; x_wconf 79' lang='grc' dir='ltr'>ὑπὸ</span> <span class='ocrx_word' id='word_1_568' title='bbox 3446 3133 3693 3206; x_wconf 75' lang='grc' dir='ltr'>Χριστοῦ</span> 
     </span>
    </p>
   </div>
   <div class='ocr_carea' id='block_1_79' title="bbox 2108 3224 3695 3301">
    <p class='ocr_par' dir='ltr' id='par_1_79' title="bbox 2108 3224 3695 3301">
     <span class='ocr_line' id='line_1_79' title="bbox 2108 3224 3695 3301; baseline -0.004 -16"><span class='ocrx_word' id='word_1_569' title='bbox 2108 3230 2377 3301; x_wconf 76' lang='grc' dir='ltr'>διδαχθεὶς</span> <span class='ocrx_word' id='word_1_570' title='bbox 2401 3271 2416 3295; x_wconf 93' lang='grc'><strong>,</strong></span> <span class='ocrx_word' id='word_1_571' title='bbox 2451 3229 2547 3283; x_wconf 79' lang='grc' dir='ltr'>καὶ</span> <span class='ocrx_word' id='word_1_572' title='bbox 2577 3227 2826 3301; x_wconf 81' lang='grc' dir='ltr'>μαθητὴς</span> <span class='ocrx_word' id='word_1_573' title='bbox 2850 3227 3059 3281; x_wconf 74' lang='grc' dir='ltr'>ἐκείνου</span> <span class='ocrx_word' id='word_1_574' title='bbox 3093 3226 3186 3281; x_wconf 87' lang='grc' dir='ltr'><strong>τοῦ</strong></span> <span class='ocrx_word' id='word_1_575' title='bbox 3215 3224 3420 3295; x_wconf 80' lang='grc' dir='ltr'>ἀγαθοῦ</span> <span class='ocrx_word' id='word_1_576' title='bbox 3458 3225 3695 3297; x_wconf 85' lang='grc' dir='ltr'>γενόμε-</span> 
     </span>
    </p>
   </div>
   <div class='ocr_carea' id='block_1_80' title="bbox 2108 3312 3695 3389">
    <p class='ocr_par' dir='ltr' id='par_1_80' title="bbox 2108 3312 3695 3389">
     <span class='ocr_line' id='line_1_80' title="bbox 2108 3312 3695 3389; baseline -0.002 -18"><span class='ocrx_word' id='word_1_577' title='bbox 2108 3335 2215 3382; x_wconf 92' lang='grc' dir='ltr'>νος.</span> <span class='ocrx_word' id='word_1_578' title='bbox 2246 3316 2482 3371; x_wconf 88' lang='grc' dir='ltr'>Τοιαῦτα</span> <span class='ocrx_word' id='word_1_579' title='bbox 2508 3317 2601 3371; x_wconf 76' lang='grc' dir='ltr'>καὶ</span> <span class='ocrx_word' id='word_1_580' title='bbox 2626 3318 2684 3369; x_wconf 84' lang='grc' dir='ltr'>ὲν</span> <span class='ocrx_word' id='word_1_581' title='bbox 2718 3312 2908 3369; x_wconf 84' lang='grc' dir='ltr'>Σιδῶνι</span> <span class='ocrx_word' id='word_1_582' title='bbox 2930 3315 3025 3370; x_wconf 90' lang='grc' dir='ltr'><strong>τοῦ</strong></span> <span class='ocrx_word' id='word_1_583' title='bbox 3055 3316 3263 3389; x_wconf 89' lang='grc' dir='ltr'>Πέτρου</span> <span class='ocrx_word' id='word_1_584' title='bbox 3294 3314 3695 3388; x_wconf 85' lang='grc' dir='ltr'>παραινοῦντος</span> 
     </span>
    </p>
   </div>
   <div class='ocr_carea' id='block_1_81' title="bbox 2107 3406 3695 3479">
    <p class='ocr_par' dir='ltr' id='par_1_81' title="bbox 2107 3406 3695 3479">
     <span class='ocr_line' id='line_1_81' title="bbox 2107 3406 3695 3479; baseline -0.001 -17"><span class='ocrx_word' id='word_1_585' title='bbox 2107 3410 2221 3471; x_wconf 83' lang='grc' dir='ltr'>τοῖς</span> <span class='ocrx_word' id='word_1_586' title='bbox 2267 3406 2537 3462; x_wconf 85' lang='grc' dir='ltr'>συνιοῦσιν</span> <span class='ocrx_word' id='word_1_587' title='bbox 2560 3447 2576 3473; x_wconf 91' lang='grc'><strong>,</strong></span> <span class='ocrx_word' id='word_1_588' title='bbox 2628 3409 2687 3460; x_wconf 83' lang='grc' dir='ltr'><strong>ὲν</strong></span> <span class='ocrx_word' id='word_1_589' title='bbox 2728 3406 2936 3476; x_wconf 66' lang='grc' dir='ltr'>ὀλίγαις</span> <span class='ocrx_word' id='word_1_590' title='bbox 2986 3406 3219 3479; x_wconf 82' lang='grc' dir='ltr'>ἡμέραις</span> <span class='ocrx_word' id='word_1_591' title='bbox 3261 3406 3472 3461; x_wconf 86' lang='grc' dir='ltr'>πολλῶν</span> <span class='ocrx_word' id='word_1_592' title='bbox 3525 3408 3695 3461; x_wconf 74' lang='grc' dir='ltr'>κάκεῖ</span> 
     </span>
    </p>
   </div>
   <div class='ocr_carea' id='block_1_82' title="bbox 2112 3493 3694 3573">
    <p class='ocr_par' dir='ltr' id='par_1_82' title="bbox 2112 3493 3694 3573">
     <span class='ocr_line' id='line_1_82' title="bbox 2112 3493 3694 3573; baseline 0.001 -21"><span class='ocrx_word' id='word_1_593' title='bbox 2112 3499 2369 3573; x_wconf 78' lang='grc' dir='ltr'>μετανοίᾳ</span> <span class='ocrx_word' id='word_1_594' title='bbox 2405 3497 2764 3571; x_wconf 83' lang='grc' dir='ltr'>χρησαμένων</span> <span class='ocrx_word' id='word_1_595' title='bbox 2807 3499 2899 3552; x_wconf 71' lang='grc' dir='ltr'>καὶ</span> <span class='ocrx_word' id='word_1_596' title='bbox 2940 3498 3377 3565; x_wconf 87' lang='grc' dir='ltr'>πιστευσάντων,</span> <span class='ocrx_word' id='word_1_597' title='bbox 3428 3493 3547 3551; x_wconf 75' lang='grc' dir='ltr'>εἶτα</span> <span class='ocrx_word' id='word_1_598' title='bbox 3588 3499 3694 3553; x_wconf 78' lang='grc' dir='ltr'>καὶ</span> 
     </span>
    </p>
   </div>
   <div class='ocr_carea' id='block_1_83' title="bbox 2111 3588 3694 3670">
    <p class='ocr_par' dir='ltr' id='par_1_83' title="bbox 2111 3588 3694 3670">
     <span class='ocr_line' id='line_1_83' title="bbox 2111 3588 3694 3670; baseline 0.001 -26"><span class='ocrx_word' id='word_1_599' title='bbox 2111 3590 2403 3663; x_wconf 81' lang='grc' dir='ltr'>θεραπείας</span> <span class='ocrx_word' id='word_1_600' title='bbox 2432 3588 2802 3670; x_wconf 65' lang='grc' dir='ltr'>ἀξιωθέντων,</span> <span class='ocrx_word' id='word_1_601' title='bbox 2864 3588 3188 3660; x_wconf 86' lang='grc' dir='ltr'>Ἐκκλησίαν</span> <span class='ocrx_word' id='word_1_602' title='bbox 3235 3590 3558 3662; x_wconf 86' lang='grc' dir='ltr'>συνέστησε,</span> <span class='ocrx_word' id='word_1_603' title='bbox 3591 3591 3694 3645; x_wconf 78' lang='grc' dir='ltr'>καὶ</span> 
     </span>
    </p>
   </div>
   <div class='ocr_carea' id='block_1_84' title="bbox 2107 3680 3691 3754">
    <p class='ocr_par' dir='ltr' id='par_1_84' title="bbox 2107 3680 3691 3754">
     <span class='ocr_line' id='line_1_84' title="bbox 2107 3680 3691 3754; baseline 0 -17"><span class='ocrx_word' id='word_1_604' title='bbox 2107 3684 2217 3737; x_wconf 86' lang='grc' dir='ltr'><strong>τῶν</strong></span> <span class='ocrx_word' id='word_1_605' title='bbox 2270 3682 2650 3753; x_wconf 87' lang='grc' dir='ltr'>συνεπομένων</span> <span class='ocrx_word' id='word_1_606' title='bbox 2704 3681 2854 3753; x_wconf 80' lang='grc' dir='ltr'>αὐτῷ</span> <span class='ocrx_word' id='word_1_607' title='bbox 2904 3680 3288 3754; x_wconf 76' lang='grc' dir='ltr'>πρεσϐυτέρων</span> <span class='ocrx_word' id='word_1_608' title='bbox 3347 3683 3468 3738; x_wconf 76' lang='grc' dir='ltr'>τινὰ</span> <span class='ocrx_word' id='word_1_609' title='bbox 3512 3699 3691 3737; x_wconf 82' lang='grc' dir='ltr'>κατα-</span> 
     </span>
    </p>
   </div>
   <div class='ocr_carea' id='block_1_85' title="bbox 2112 3772 3314 3844">
    <p class='ocr_par' dir='ltr' id='par_1_85' title="bbox 2112 3772 3314 3844">
     <span class='ocr_line' id='line_1_85' title="bbox 2112 3772 3314 3844; baseline 0.001 -17"><span class='ocrx_word' id='word_1_610' title='bbox 2112 3774 2378 3830; x_wconf 58' lang='lat' dir='ltr'><strong>aeneae&quot;</strong></span> <span class='ocrx_word' id='word_1_611' title='bbox 2406 3773 2725 3839; x_wconf 72' lang='grc' dir='ltr'>ἐπίσκοπον,</span> <span class='ocrx_word' id='word_1_612' title='bbox 2753 3772 2919 3840; x_wconf 75' lang='grc' dir='ltr'>ἔξεισι</span> <span class='ocrx_word' id='word_1_613' title='bbox 2946 3774 3044 3844; x_wconf 85' lang='grc' dir='ltr'>τῆς</span> <span class='ocrx_word' id='word_1_614' title='bbox 3068 3772 3314 3837; x_wconf 83' lang='grc' dir='ltr'>Σιδῶνος.</span> 
     </span>
    </p>
   </div>
   <div class='ocr_carea' id='block_1_86' title="bbox 2180 3950 3687 4027">
    <p class='ocr_par' dir='ltr' id='par_1_86' title="bbox 2180 3950 3687 4027">
     <span class='ocr_line' id='line_1_86' title="bbox 2180 3950 3687 4027; baseline 0.001 -20"><span class='ocrx_word' id='word_1_615' title='bbox 2180 3951 2336 4007; x_wconf 84' lang='lat' dir='ltr'><strong>LVII.</strong></span> <span class='ocrx_word' id='word_1_616' title='bbox 2391 3953 2475 4016; x_wconf 85' lang='grc' dir='ltr'>Ὧς</span> <span class='ocrx_word' id='word_1_617' title='bbox 2516 3952 2573 4005; x_wconf 81' lang='grc' dir='ltr'>δὲ</span> <span class='ocrx_word' id='word_1_618' title='bbox 2613 3951 2773 4016; x_wconf 80' lang='grc' dir='ltr'>εὐθὺς</span> <span class='ocrx_word' id='word_1_619' title='bbox 2820 3950 2992 4023; x_wconf 76' lang='grc' dir='ltr'>ἐπέϐη</span> <span class='ocrx_word' id='word_1_620' title='bbox 3020 3952 3119 4023; x_wconf 83' lang='grc' dir='ltr'><strong>τῆς</strong></span> <span class='ocrx_word' id='word_1_621' title='bbox 3146 3953 3390 4027; x_wconf 88' lang='grc' dir='ltr'>Βηρυτοῦ</span> <span class='ocrx_word' id='word_1_622' title='bbox 3413 3997 3427 4022; x_wconf 92' lang='grc'><strong>,</strong></span> <span class='ocrx_word' id='word_1_623' title='bbox 3460 3957 3687 4026; x_wconf 74' lang='grc' dir='ltr'>σεισμὸς</span> 
     </span>
    </p>
   </div>
   <div class='ocr_carea' id='block_1_87' title="bbox 2110 4041 3689 4116">
    <p class='ocr_par' dir='ltr' id='par_1_87' title="bbox 2110 4041 3689 4116">
     <span class='ocr_line' id='line_1_87' title="bbox 2110 4041 3689 4116; baseline -0.003 -19"><span class='ocrx_word' id='word_1_624' title='bbox 2110 4044 2324 4113; x_wconf 74' lang='grc' dir='ltr'>ἐγένετο</span> <span class='ocrx_word' id='word_1_625' title='bbox 2341 4060 2355 4074; x_wconf 74' lang='grc' dir='ltr'><strong>ο</strong></span> <span class='ocrx_word' id='word_1_626' title='bbox 2388 4043 2480 4097; x_wconf 76' lang='grc' dir='ltr'>καὶ</span> <span class='ocrx_word' id='word_1_627' title='bbox 2504 4042 2555 4095; x_wconf 81' lang='grc' dir='ltr'><strong>οἱ</strong></span> <span class='ocrx_word' id='word_1_628' title='bbox 2586 4041 2734 4112; x_wconf 73' lang='grc' dir='ltr'>ὄχλοι</span> <span class='ocrx_word' id='word_1_629' title='bbox 2775 4042 3095 4114; x_wconf 88' lang='grc' dir='ltr'>προσιόντες</span> <span class='ocrx_word' id='word_1_630' title='bbox 3119 4042 3197 4114; x_wconf 81' lang='grc' dir='ltr'>τῷ</span> <span class='ocrx_word' id='word_1_631' title='bbox 3220 4045 3410 4115; x_wconf 84' lang='grc' dir='ltr'>Πέτρῳ</span> <span class='ocrx_word' id='word_1_632' title='bbox 3428 4086 3442 4109; x_wconf 91' lang='grc'><strong>,</strong></span> <span class='ocrx_word' id='word_1_633' title='bbox 3468 4042 3689 4116; x_wconf 77' lang='grc' dir='ltr'>βοηθεῖν</span> 
     </span>
    </p>
   </div>
   <div class='ocr_carea' id='block_1_88' title="bbox 2110 4133 3688 4207">
    <p class='ocr_par' dir='ltr' id='par_1_88' title="bbox 2110 4133 3688 4207">
     <span class='ocr_line' id='line_1_88' title="bbox 2110 4133 3688 4207; baseline 0.001 -18"><span class='ocrx_word' id='word_1_634' title='bbox 2110 4136 2332 4190; x_wconf 81' lang='grc' dir='ltr'>ἐδέοντο.</span> <span class='ocrx_word' id='word_1_635' title='bbox 2365 4133 2732 4205; x_wconf 77' lang='grc' dir='ltr'>Πεφοὸήμεθα</span> <span class='ocrx_word' id='word_1_636' title='bbox 2758 4133 2866 4205; x_wconf 77' lang='grc' dir='ltr'><strong>γὰρ</strong></span> <span class='ocrx_word' id='word_1_637' title='bbox 2888 4173 2901 4198; x_wconf 94' lang='grc'><strong>,</strong></span> <span class='ocrx_word' id='word_1_638' title='bbox 2932 4133 3138 4203; x_wconf 76' lang='grc' dir='ltr'>ἔλεγον,</span> <span class='ocrx_word' id='word_1_639' title='bbox 3165 4135 3239 4207; x_wconf 85' lang='grc' dir='ltr'>μὴ</span> <span class='ocrx_word' id='word_1_640' title='bbox 3272 4137 3363 4190; x_wconf 75' lang='grc' dir='ltr'>καὶ</span> <span class='ocrx_word' id='word_1_641' title='bbox 3403 4138 3688 4203; x_wconf 84' lang='grc' dir='ltr'>παντελῶς</span> 
     </span>
    </p>
   </div>
   <div class='ocr_carea' id='block_1_89' title="bbox 2110 4225 3686 4300">
    <p class='ocr_par' dir='ltr' id='par_1_89' title="bbox 2110 4225 3686 4300">
     <span class='ocr_line' id='line_1_89' title="bbox 2110 4225 3686 4300; baseline 0.001 -18"><span class='ocrx_word' id='word_1_642' title='bbox 2110 4226 2451 4298; x_wconf 87' lang='grc' dir='ltr'>ἀπολώμεθα.</span> <span class='ocrx_word' id='word_1_643' title='bbox 2491 4225 2625 4280; x_wconf 85' lang='grc' dir='ltr'>Τότε</span> <span class='ocrx_word' id='word_1_644' title='bbox 2665 4226 2759 4279; x_wconf 73' lang='grc' dir='ltr'><strong>καὶ</strong></span> <span class='ocrx_word' id='word_1_645' title='bbox 2798 4228 2827 4279; x_wconf 91' lang='grc' dir='ltr'><strong>ό</strong></span> <span class='ocrx_word' id='word_1_646' title='bbox 2866 4226 3046 4297; x_wconf 90' lang='grc' dir='ltr'>Σίμων</span> <span class='ocrx_word' id='word_1_647' title='bbox 3094 4228 3368 4300; x_wconf 83' lang='grc' dir='ltr'>τολμήσας</span> <span class='ocrx_word' id='word_1_648' title='bbox 3416 4228 3686 4284; x_wconf 82' lang='grc' dir='ltr'>Ἀππίωνι</span> 
     </span>
    </p>
   </div>
   <div class='ocr_carea' id='block_1_90' title="bbox 2112 4316 3686 4390">
    <p class='ocr_par' dir='ltr' id='par_1_90' title="bbox 2112 4316 3686 4390">
     <span class='ocr_line' id='line_1_90' title="bbox 2112 4316 3686 4390; baseline 0.001 -17"><span class='ocrx_word' id='word_1_649' title='bbox 2112 4320 2226 4389; x_wconf 77' lang='grc' dir='ltr'><strong>ἅμα</strong></span> <span class='ocrx_word' id='word_1_650' title='bbox 2253 4319 2346 4372; x_wconf 68' lang='grc' dir='ltr'>καὶ</span> <span class='ocrx_word' id='word_1_651' title='bbox 2379 4316 2714 4372; x_wconf 80' lang='grc' dir='ltr'>Ἀννουὸίωνι</span> <span class='ocrx_word' id='word_1_652' title='bbox 2735 4317 2876 4382; x_wconf 68' lang='grc' dir='ltr'>δί’-εί,</span> <span class='ocrx_word' id='word_1_653' title='bbox 2921 4317 3268 4390; x_wconf 82' lang='grc' dir='ltr'>Ἀθηνοδώρῳ</span> <span class='ocrx_word' id='word_1_654' title='bbox 3300 4336 3392 4386; x_wconf 88' lang='grc' dir='ltr'><strong>τε,</strong></span> <span class='ocrx_word' id='word_1_655' title='bbox 3430 4322 3524 4374; x_wconf 76' lang='grc' dir='ltr'>καὶ</span> <span class='ocrx_word' id='word_1_656' title='bbox 3564 4322 3686 4375; x_wconf 83' lang='grc' dir='ltr'>ὅσοι</span> 
     </span>
    </p>
   </div>
   <div class='ocr_carea' id='block_1_91' title="bbox 439 4397 2028 4485">
    <p class='ocr_par' dir='ltr' id='par_1_91' title="bbox 439 4397 2012 4476">
     <span class='ocr_line' id='line_1_91' title="bbox 439 4397 2012 4476; baseline 0.01 -26"><span class='ocrx_word' id='word_1_657' title='bbox 439 4397 622 4465; x_wconf 85' lang='lat' dir='ltr'><strong>bione,</strong></span> <span class='ocrx_word' id='word_1_658' title='bbox 645 4400 1015 4471; x_wconf 85' lang='lat' dir='ltr'><strong>Athenodoro,</strong></span> <span class='ocrx_word' id='word_1_659' title='bbox 1059 4405 1377 4476; x_wconf 61' lang='lat' dir='ltr'><strong>ceterisque</strong></span> <span class='ocrx_word' id='word_1_660' title='bbox 1423 4408 1680 4464; x_wconf 91' lang='lat' dir='ltr'><strong>omnibus</strong></span> <span class='ocrx_word' id='word_1_661' title='bbox 1731 4411 2012 4468; x_wconf 86' lang='lat' dir='ltr'><strong>sodalibus</strong></span> 
     </span>
    </p>
   </div>
   <div class='ocr_carea' id='block_1_92' title="bbox 2112 4397 3687 4485">
    <p class='ocr_par' dir='ltr' id='par_1_92' title="bbox 2113 4406 3687 4485">
     <span class='ocr_line' id='line_1_92' title="bbox 2113 4406 3687 4485; baseline 0.003 -22"><span class='ocrx_word' id='word_1_662' title='bbox 2113 4411 2289 4482; x_wconf 70' lang='grc' dir='ltr'>ἕτεροι</span> <span class='ocrx_word' id='word_1_663' title='bbox 2326 4406 2466 4481; x_wconf 79' lang='grc' dir='ltr'>ἦσαν</span> <span class='ocrx_word' id='word_1_664' title='bbox 2512 4408 2659 4480; x_wconf 79' lang='grc' dir='ltr'>αὐτῷ</span> <span class='ocrx_word' id='word_1_665' title='bbox 2706 4409 3249 4481; x_wconf 86' lang='grc' dir='ltr'>προσηταιρισμένοι,</span> <span class='ocrx_word' id='word_1_666' title='bbox 3291 4411 3523 4485; x_wconf 78' lang='grc' dir='ltr'>δημοσίᾳ</span> <span class='ocrx_word' id='word_1_667' title='bbox 3570 4419 3687 4478; x_wconf 80' lang='grc' dir='ltr'>τοῖς</span> 
     </span>
    </p>
   </div>
   <div class='ocr_carea' id='block_1_93' title="bbox 440 4491 2004 4568">
    <p class='ocr_par' dir='ltr' id='par_1_93' title="bbox 440 4491 2004 4568">
     <span class='ocr_line' id='line_1_93' title="bbox 440 4491 2004 4568; baseline 0.01 -26"><span class='ocrx_word' id='word_1_668' title='bbox 440 4491 780 4559; x_wconf 80' lang='lat' dir='ltr'><strong>excogitato,</strong></span> <span class='ocrx_word' id='word_1_669' title='bbox 808 4495 1021 4562; x_wconf 87' lang='lat' dir='ltr'><strong>publice</strong></span> <span class='ocrx_word' id='word_1_670' title='bbox 1058 4497 1395 4554; x_wconf 89' lang='lat' dir='ltr'><strong>multitudini</strong></span> <span class='ocrx_word' id='word_1_671' title='bbox 1425 4500 1725 4568; x_wconf 86' lang='lat' dir='ltr'><strong>clamabat,</strong></span> <span class='ocrx_word' id='word_1_672' title='bbox 1783 4500 2004 4557; x_wconf 88' lang='lat' dir='ltr'><strong>Petrum</strong></span> 
     </span>
    </p>
   </div>
   <div class='ocr_carea' id='block_1_94' title="bbox 439 4580 2009 4656">
    <p class='ocr_par' dir='ltr' id='par_1_94' title="bbox 439 4580 2009 4656">
     <span class='ocr_line' id='line_1_94' title="bbox 439 4580 2009 4656; baseline 0.01 -24"><span class='ocrx_word' id='word_1_673' title='bbox 439 4580 770 4637; x_wconf 85' lang='lat' dir='ltr'><strong>ostendens:</strong></span> <span class='ocrx_word' id='word_1_674' title='bbox 803 4583 992 4655; x_wconf 79' lang='lat' dir='ltr'><strong>Fugite</strong></span> <span class='ocrx_word' id='word_1_675' title='bbox 1032 4587 1179 4642; x_wconf 86' lang='lat' dir='ltr'><strong>hunc</strong></span> <span class='ocrx_word' id='word_1_676' title='bbox 1208 4628 1222 4655; x_wconf 93' lang='lat'><strong>,</strong></span> <span class='ocrx_word' id='word_1_677' title='bbox 1266 4602 1300 4642; x_wconf 91' lang='grc' dir='ltr'><strong>ο</strong></span> <span class='ocrx_word' id='word_1_678' title='bbox 1342 4590 1475 4656; x_wconf 88' lang='lat' dir='ltr'><strong>viri,</strong></span> <span class='ocrx_word' id='word_1_679' title='bbox 1516 4591 1677 4656; x_wconf 83' lang='lat' dir='ltr'><strong>omni</strong></span> <span class='ocrx_word' id='word_1_680' title='bbox 1715 4592 1896 4647; x_wconf 84' lang='lat' dir='ltr'><strong>studio</strong></span> <span class='ocrx_word' id='word_1_681' title='bbox 1943 4609 2009 4648; x_wconf 90' lang='lat' dir='ltr'><strong>ac</strong></span> 
     </span>
    </p>
   </div>
   <div class='ocr_carea' id='block_1_95' title="bbox 440 4668 2011 4753">
    <p class='ocr_par' dir='ltr' id='par_1_95' title="bbox 440 4668 2011 4753">
     <span class='ocr_line' id='line_1_95' title="bbox 440 4668 2011 4753; baseline 0.011 -29"><span class='ocrx_word' id='word_1_682' title='bbox 440 4668 824 4740; x_wconf 83' lang='lat' dir='ltr'><strong>festinatione,</strong></span> <span class='ocrx_word' id='word_1_683' title='bbox 875 4675 1073 4747; x_wconf 77' lang='lat' dir='ltr'><strong>fugite,</strong></span> <span class='ocrx_word' id='word_1_684' title='bbox 1099 4679 1319 4748; x_wconf 90' lang='lat' dir='ltr'><strong>dicens,</strong></span> <span class='ocrx_word' id='word_1_685' title='bbox 1354 4680 1544 4753; x_wconf 80' lang='lat' dir='ltr'><strong>Magus</strong></span> <span class='ocrx_word' id='word_1_686' title='bbox 1575 4691 1693 4745; x_wconf 89' lang='lat' dir='ltr'><strong>est,</strong></span> <span class='ocrx_word' id='word_1_687' title='bbox 1730 4685 1861 4739; x_wconf 91' lang='lat' dir='ltr'><strong>mihi</strong></span> <span class='ocrx_word' id='word_1_688' title='bbox 1898 4700 2011 4741; x_wconf 90' lang='lat' dir='ltr'><strong>cre-</strong></span> 
     </span>
    </p>
   </div>
   <div class='ocr_carea' id='block_1_96' title="bbox 440 4762 2008 4843">
    <p class='ocr_par' dir='ltr' id='par_1_96' title="bbox 440 4762 2008 4843">
     <span class='ocr_line' id='line_1_96' title="bbox 440 4762 2008 4843; baseline 0.009 -26"><span class='ocrx_word' id='word_1_689' title='bbox 440 4762 582 4829; x_wconf 88' lang='lat' dir='ltr'><strong>dite;</strong></span> <span class='ocrx_word' id='word_1_690' title='bbox 610 4772 665 4818; x_wconf 89' lang='lat' dir='ltr'><strong>et</strong></span> <span class='ocrx_word' id='word_1_691' title='bbox 694 4773 850 4821; x_wconf 63' lang='lat' dir='ltr'><strong>terra;</strong></span> <span class='ocrx_word' id='word_1_692' title='bbox 877 4778 1090 4824; x_wconf 90' lang='lat' dir='ltr'><strong>motum</strong></span> <span class='ocrx_word' id='word_1_693' title='bbox 1127 4771 1175 4827; x_wconf 89' lang='lat' dir='ltr'><strong>is</strong></span> <span class='ocrx_word' id='word_1_694' title='bbox 1205 4772 1322 4843; x_wconf 85' lang='lat' dir='ltr'><strong>ipse</strong></span> <span class='ocrx_word' id='word_1_695' title='bbox 1349 4773 1493 4843; x_wconf 89' lang='lat' dir='ltr'><strong>apud</strong></span> <span class='ocrx_word' id='word_1_696' title='bbox 1523 4789 1622 4829; x_wconf 90' lang='lat' dir='ltr'><strong>vos</strong></span> <span class='ocrx_word' id='word_1_697' title='bbox 1653 4773 1781 4830; x_wconf 90' lang='lat' dir='ltr'><strong>fecit</strong></span> <span class='ocrx_word' id='word_1_698' title='bbox 1800 4816 1816 4841; x_wconf 85' lang='lat'><strong>,</strong></span> <span class='ocrx_word' id='word_1_699' title='bbox 1860 4792 2008 4831; x_wconf 78' lang='lat' dir='ltr'><strong>mor-</strong></span> 
     </span>
    </p>
   </div>
   <div class='ocr_carea' id='block_1_97' title="bbox 443 4855 2010 4939">
    <p class='ocr_par' dir='ltr' id='par_1_97' title="bbox 443 4855 2010 4939">
     <span class='ocr_line' id='line_1_97' title="bbox 443 4855 2010 4939; baseline 0.009 -29"><span class='ocrx_word' id='word_1_700' title='bbox 443 4855 651 4926; x_wconf 81' lang='lat' dir='ltr'><strong>basque</strong></span> <span class='ocrx_word' id='word_1_701' title='bbox 675 4860 951 4926; x_wconf 80' lang='lat' dir='ltr'><strong>excitavit,</strong></span> <span class='ocrx_word' id='word_1_702' title='bbox 999 4872 1059 4917; x_wconf 92' lang='lat' dir='ltr'><strong>ut</strong></span> <span class='ocrx_word' id='word_1_703' title='bbox 1088 4879 1186 4918; x_wconf 88' lang='lat' dir='ltr'><strong>vos</strong></span> <span class='ocrx_word' id='word_1_704' title='bbox 1227 4873 1545 4933; x_wconf 89' lang='lat' dir='ltr'><strong>perterreat,</strong></span> <span class='ocrx_word' id='word_1_705' title='bbox 1584 4864 1837 4937; x_wconf 85' lang='lat' dir='ltr'><strong>Deosque</strong></span> <span class='ocrx_word' id='word_1_706' title='bbox 1864 4868 2010 4939; x_wconf 89' lang='lat' dir='ltr'><strong>apud</strong></span> 
     </span>
    </p>
   </div>
   <div class='ocr_carea' id='block_1_98' title="bbox 444 4951 2011 5030">
    <p class='ocr_par' dir='ltr' id='par_1_98' title="bbox 444 4951 2011 5030">
     <span class='ocr_line' id='line_1_98' title="bbox 444 4951 2011 5030; baseline 0.008 -26"><span class='ocrx_word' id='word_1_707' title='bbox 444 4963 546 5005; x_wconf 83' lang='lat' dir='ltr'><strong>vos</strong></span> <span class='ocrx_word' id='word_1_708' title='bbox 572 4951 751 5021; x_wconf 89' lang='lat' dir='ltr'><strong>palam</strong></span> <span class='ocrx_word' id='word_1_709' title='bbox 785 4953 1070 5011; x_wconf 88' lang='lat' dir='ltr'><strong>habeatur.</strong></span> <span class='ocrx_word' id='word_1_710' title='bbox 1123 4956 1372 5027; x_wconf 80' lang='lat' dir='ltr'><strong>Cumque</strong></span> <span class='ocrx_word' id='word_1_711' title='bbox 1412 4960 1649 5030; x_wconf 90' lang='lat' dir='ltr'><strong>populus</strong></span> <span class='ocrx_word' id='word_1_712' title='bbox 1678 4975 1736 5014; x_wconf 90' lang='lat' dir='ltr'><strong>se</strong></span> <span class='ocrx_word' id='word_1_713' title='bbox 1762 4960 1903 5016; x_wconf 91' lang='lat' dir='ltr'><strong>intra</strong></span> <span class='ocrx_word' id='word_1_714' title='bbox 1933 4962 2011 5017; x_wconf 84' lang='lat' dir='ltr'><strong>si-</strong></span> 
     </span>
    </p>
   </div>
   <div class='ocr_carea' id='block_1_99' title="bbox 443 5030 2011 5121">
    <p class='ocr_par' dir='ltr' id='par_1_99' title="bbox 443 5030 2011 5121">
     <span class='ocr_line' id='line_1_99' title="bbox 443 5030 2011 5121; baseline 0.008 -25"><span class='ocrx_word' id='word_1_715' title='bbox 443 5040 674 5097; x_wconf 91' lang='lat' dir='ltr'><strong>Ientium</strong></span> <span class='ocrx_word' id='word_1_716' title='bbox 727 5030 1252 5113; x_wconf 45' lang='lat' dir='ltr'><strong>tenuissetfPetrus</strong></span> <span class='ocrx_word' id='word_1_717' title='bbox 1277 5049 1584 5114; x_wconf 86' lang='lat' dir='ltr'><strong>subridens,</strong></span> <span class='ocrx_word' id='word_1_718' title='bbox 1614 5051 1847 5121; x_wconf 90' lang='lat' dir='ltr'><strong>plurima</strong></span> <span class='ocrx_word' id='word_1_719' title='bbox 1886 5070 2011 5108; x_wconf 87' lang='lat' dir='ltr'><strong>cum</strong></span> 
     </span>
    </p>
   </div>
   <div class='ocr_carea' id='block_1_100' title="bbox 447 5131 2014 5217">
    <p class='ocr_par' dir='ltr' id='par_1_100' title="bbox 447 5131 2014 5217">
     <span class='ocr_line' id='line_1_100' title="bbox 447 5131 2014 5217; baseline 0.01 -32"><span class='ocrx_word' id='word_1_720' title='bbox 447 5131 700 5189; x_wconf 87' lang='lat' dir='ltr'><strong>libertate</strong></span> <span class='ocrx_word' id='word_1_721' title='bbox 742 5134 913 5202; x_wconf 84' lang='lat' dir='ltr'><strong>:Viri,</strong></span> <span class='ocrx_word' id='word_1_722' title='bbox 952 5137 1160 5209; x_wconf 90' lang='lat' dir='ltr'><strong>inquit,</strong></span> <span class='ocrx_word' id='word_1_723' title='bbox 1192 5154 1313 5209; x_wconf 76' lang='lat' dir='ltr'><strong>quae</strong></span> <span class='ocrx_word' id='word_1_724' title='bbox 1343 5141 1411 5196; x_wconf 93' lang='lat' dir='ltr'><strong>ab</strong></span> <span class='ocrx_word' id='word_1_725' title='bbox 1457 5140 1580 5198; x_wconf 91' lang='lat' dir='ltr'><strong>istis</strong></span> <span class='ocrx_word' id='word_1_726' title='bbox 1611 5144 1885 5217; x_wconf 89' lang='lat' dir='ltr'><strong>dicuntur,</strong></span> <span class='ocrx_word' id='word_1_727' title='bbox 1926 5160 2014 5201; x_wconf 89' lang='lat' dir='ltr'><strong>me</strong></span> 
     </span>
    </p>
   </div>
   <div class='ocr_carea' id='block_1_101' title="bbox 450 5226 2013 5307">
    <p class='ocr_par' dir='ltr' id='par_1_101' title="bbox 450 5226 2013 5307">
     <span class='ocr_line' id='line_1_101' title="bbox 450 5226 2013 5307; baseline 0.007 -26"><span class='ocrx_word' id='word_1_728' title='bbox 450 5239 634 5294; x_wconf 87' lang='lat' dir='ltr'><strong>posse,</strong></span> <span class='ocrx_word' id='word_1_729' title='bbox 669 5226 779 5282; x_wconf 91' lang='lat' dir='ltr'><strong>Deo</strong></span> <span class='ocrx_word' id='word_1_730' title='bbox 801 5230 1036 5299; x_wconf 88' lang='lat' dir='ltr'><strong>volente,</strong></span> <span class='ocrx_word' id='word_1_731' title='bbox 1066 5233 1298 5302; x_wconf 85' lang='lat' dir='ltr'><strong>elIicere,</strong></span> <span class='ocrx_word' id='word_1_732' title='bbox 1324 5235 1529 5293; x_wconf 89' lang='lat' dir='ltr'><strong>fateor:</strong></span> <span class='ocrx_word' id='word_1_733' title='bbox 1558 5238 1625 5292; x_wconf 87' lang='lat' dir='ltr'><strong>ad</strong></span> <span class='ocrx_word' id='word_1_734' title='bbox 1655 5239 1770 5293; x_wconf 62' lang='lat' dir='ltr'><strong>haec</strong></span> <span class='ocrx_word' id='word_1_735' title='bbox 1790 5247 2013 5307; x_wconf 83' lang='lat' dir='ltr'><strong>paratus</strong></span> 
     </span>
    </p>
   </div>
   <div class='ocr_carea' id='block_1_102' title="bbox 1714 5394 2383 5453">
    <p class='ocr_par' dir='ltr' id='par_1_102' title="bbox 1714 5394 2383 5453">
     <span class='ocr_line' id='line_1_102' title="bbox 1714 5394 2383 5453; baseline 0.003 -4"><span class='ocrx_word' id='word_1_736' title='bbox 1714 5394 1946 5450; x_wconf 68' lang='lat' dir='ltr'><strong>VARIAE</strong></span> <span class='ocrx_word' id='word_1_737' title='bbox 1985 5395 2383 5453; x_wconf 83' lang='lat' dir='ltr'><strong>LECTIONES.</strong></span> 
     </span>
    </p>
   </div>
   <div class='ocr_carea' id='block_1_103' title="bbox 2114 4501 3688 4575">
    <p class='ocr_par' dir='ltr' id='par_1_103' title="bbox 2114 4501 3688 4575">
     <span class='ocr_line' id='line_1_103' title="bbox 2114 4501 3688 4575; baseline 0.003 -19"><span class='ocrx_word' id='word_1_738' title='bbox 2114 4504 2291 4575; x_wconf 79' lang='grc' dir='ltr'>ὄχλοις</span> <span class='ocrx_word' id='word_1_739' title='bbox 2329 4501 2487 4567; x_wconf 79' lang='grc' dir='ltr'>ἐϐόα,</span> <span class='ocrx_word' id='word_1_740' title='bbox 2529 4502 2733 4573; x_wconf 90' lang='grc' dir='ltr'>Πέτρον</span> <span class='ocrx_word' id='word_1_741' title='bbox 2761 4501 3111 4565; x_wconf 85' lang='grc' dir='ltr'>ύποδεικνύς·</span> <span class='ocrx_word' id='word_1_742' title='bbox 3135 4502 3363 4572; x_wconf 83' lang='grc' dir='ltr'>Φεύγετε</span> <span class='ocrx_word' id='word_1_743' title='bbox 3398 4505 3605 4573; x_wconf 87' lang='grc' dir='ltr'>τοῦτον,</span> <span class='ocrx_word' id='word_1_744' title='bbox 3638 4501 3688 4561; x_wconf 80' lang='grc' dir='ltr'>ὧ</span> 
     </span>
    </p>
   </div>
   <div class='ocr_carea' id='block_1_104' title="bbox 2114 4593 3682 4668">
    <p class='ocr_par' dir='ltr' id='par_1_104' title="bbox 2114 4593 3682 4668">
     <span class='ocr_line' id='line_1_104' title="bbox 2114 4593 3682 4668; baseline 0.001 -17"><span class='ocrx_word' id='word_1_745' title='bbox 2114 4596 2305 4667; x_wconf 76' lang='grc' dir='ltr'>ἄνδρες</span> <span class='ocrx_word' id='word_1_746' title='bbox 2325 4636 2339 4661; x_wconf 92' lang='grc'><strong>,</strong></span> <span class='ocrx_word' id='word_1_747' title='bbox 2371 4595 2519 4668; x_wconf 81' lang='grc' dir='ltr'>πάσῃ</span> <span class='ocrx_word' id='word_1_748' title='bbox 2550 4594 2786 4665; x_wconf 81' lang='grc' dir='ltr'>σπουδῇ,</span> <span class='ocrx_word' id='word_1_749' title='bbox 2818 4593 3073 4663; x_wconf 85' lang='grc' dir='ltr'>φεύγετε·</span> <span class='ocrx_word' id='word_1_750' title='bbox 3112 4596 3283 4667; x_wconf 87' lang='grc' dir='ltr'>μάγος</span> <span class='ocrx_word' id='word_1_751' title='bbox 3309 4598 3446 4662; x_wconf 71' lang='grc' dir='ltr'>ἐστὶ,</span> <span class='ocrx_word' id='word_1_752' title='bbox 3483 4599 3682 4668; x_wconf 88' lang='grc' dir='ltr'>λέγων,</span> 
     </span>
    </p>
   </div>
   <div class='ocr_carea' id='block_1_105' title="bbox 2116 4682 3689 4761">
    <p class='ocr_par' dir='ltr' id='par_1_105' title="bbox 2116 4682 3689 4761">
     <span class='ocr_line' id='line_1_105' title="bbox 2116 4682 3689 4761; baseline 0.003 -21"><span class='ocrx_word' id='word_1_753' title='bbox 2116 4685 2470 4740; x_wconf 82' lang='grc' dir='ltr'>πιστεύσατε·</span> <span class='ocrx_word' id='word_1_754' title='bbox 2518 4685 2612 4739; x_wconf 73' lang='grc' dir='ltr'>καὶ</span> <span class='ocrx_word' id='word_1_755' title='bbox 2654 4686 2744 4738; x_wconf 85' lang='grc' dir='ltr'><strong>τὸν</strong></span> <span class='ocrx_word' id='word_1_756' title='bbox 2790 4684 3009 4753; x_wconf 84' lang='grc' dir='ltr'>σεισμὸν</span> <span class='ocrx_word' id='word_1_757' title='bbox 3055 4685 3214 4751; x_wconf 85' lang='grc' dir='ltr'>αὐτὸς</span> <span class='ocrx_word' id='word_1_758' title='bbox 3249 4682 3402 4752; x_wconf 76' lang='grc' dir='ltr'>οὗτος</span> <span class='ocrx_word' id='word_1_759' title='bbox 3447 4690 3504 4744; x_wconf 78' lang='grc' dir='ltr'>ὲν</span> <span class='ocrx_word' id='word_1_760' title='bbox 3554 4691 3689 4761; x_wconf 77' lang='grc' dir='ltr'>ὑμῖν</span> 
     </span>
    </p>
   </div>
   <div class='ocr_carea' id='block_1_106' title="bbox 2118 4776 3681 4851">
    <p class='ocr_par' dir='ltr' id='par_1_106' title="bbox 2118 4776 3681 4851">
     <span class='ocr_line' id='line_1_106' title="bbox 2118 4776 3681 4851; baseline 0.001 -18"><span class='ocrx_word' id='word_1_761' title='bbox 2118 4779 2408 4849; x_wconf 79' lang='grc' dir='ltr'>εἰργάσατο</span> <span class='ocrx_word' id='word_1_762' title='bbox 2430 4817 2444 4842; x_wconf 92' lang='grc'><strong>,</strong></span> <span class='ocrx_word' id='word_1_763' title='bbox 2478 4776 2691 4840; x_wconf 76' lang='grc' dir='ltr'>καὶτὰς</span> <span class='ocrx_word' id='word_1_764' title='bbox 2721 4776 2905 4842; x_wconf 88' lang='grc' dir='ltr'>νόσους</span> <span class='ocrx_word' id='word_1_765' title='bbox 2932 4779 3201 4851; x_wconf 75' lang='grc' dir='ltr'>ἐκίνησεν,</span> <span class='ocrx_word' id='word_1_766' title='bbox 3232 4781 3316 4833; x_wconf 84' lang='grc' dir='ltr'>ἵνα</span> <span class='ocrx_word' id='word_1_767' title='bbox 3344 4782 3488 4851; x_wconf 81' lang='grc' dir='ltr'>ὑμᾶς</span> <span class='ocrx_word' id='word_1_768' title='bbox 3514 4800 3681 4838; x_wconf 49' lang='grc' dir='ltr'>κατα-ν</span> 
     </span>
    </p>
   </div>
   <div class='ocr_carea' id='block_1_107' title="bbox 2118 4869 3683 4945">
    <p class='ocr_par' dir='ltr' id='par_1_107' title="bbox 2118 4869 3683 4945">
     <span class='ocr_line' id='line_1_107' title="bbox 2118 4869 3683 4945; baseline 0.003 -20"><span class='ocrx_word' id='word_1_769' title='bbox 2118 4872 2317 4945; x_wconf 80' lang='grc' dir='ltr'>πλήξῃ,</span> <span class='ocrx_word' id='word_1_770' title='bbox 2346 4871 2440 4925; x_wconf 80' lang='grc' dir='ltr'>καὶ</span> <span class='ocrx_word' id='word_1_771' title='bbox 2474 4869 2595 4933; x_wconf 84' lang='grc' dir='ltr'>θεὸς</span> <span class='ocrx_word' id='word_1_772' title='bbox 2629 4870 2883 4942; x_wconf 77' lang='grc' dir='ltr'>ἄντικρυς</span> <span class='ocrx_word' id='word_1_773' title='bbox 2911 4872 3040 4943; x_wconf 81' lang='grc' dir='ltr'>παρ’</span> <span class='ocrx_word' id='word_1_774' title='bbox 3066 4872 3192 4943; x_wconf 84' lang='grc' dir='ltr'>ὑμῖν</span> <span class='ocrx_word' id='word_1_775' title='bbox 3220 4874 3464 4944; x_wconf 84' lang='grc' dir='ltr'>νομισθῇ.</span> <span class='ocrx_word' id='word_1_776' title='bbox 3516 4874 3683 4929; x_wconf 82' lang='grc' dir='ltr'>Ἡσυ-</span> 
     </span>
    </p>
   </div>
   <div class='ocr_carea' id='block_1_108' title="bbox 2118 4960 3685 5035">
    <p class='ocr_par' dir='ltr' id='par_1_108' title="bbox 2118 4960 3685 5035">
     <span class='ocr_line' id='line_1_108' title="bbox 2118 4960 3685 5035; baseline -0.004 -17"><span class='ocrx_word' id='word_1_777' title='bbox 2118 4965 2239 5035; x_wconf 86' lang='grc' dir='ltr'>χίαν</span> <span class='ocrx_word' id='word_1_778' title='bbox 2271 4964 2326 5017; x_wconf 85' lang='grc' dir='ltr'>δὲ</span> <span class='ocrx_word' id='word_1_779' title='bbox 2360 4962 2454 5016; x_wconf 91' lang='grc' dir='ltr'><strong>τοῦ</strong></span> <span class='ocrx_word' id='word_1_780' title='bbox 2476 4960 2604 5015; x_wconf 83' lang='grc' dir='ltr'>λαοῦ</span> <span class='ocrx_word' id='word_1_781' title='bbox 2642 4962 3029 5033; x_wconf 87' lang='grc' dir='ltr'>παρασχόντος,</span> <span class='ocrx_word' id='word_1_782' title='bbox 3059 4965 3087 5016; x_wconf 87' lang='grc' dir='ltr'>ὁ</span> <span class='ocrx_word' id='word_1_783' title='bbox 3111 4964 3312 5033; x_wconf 81' lang='grc' dir='ltr'>Πέτρος</span> <span class='ocrx_word' id='word_1_784' title='bbox 3348 4960 3517 5034; x_wconf 80' lang='grc' dir='ltr'>βραχῦ</span> <span class='ocrx_word' id='word_1_785' title='bbox 3546 4967 3685 5019; x_wconf 79' lang='grc' dir='ltr'>ὑπο-</span> 
     </span>
    </p>
   </div>
   <div class='ocr_carea' id='block_1_109' title="bbox 2124 5052 3684 5126">
    <p class='ocr_par' dir='ltr' id='par_1_109' title="bbox 2124 5052 3684 5126">
     <span class='ocr_line' id='line_1_109' title="bbox 2124 5052 3684 5126; baseline 0.003 -19"><span class='ocrx_word' id='word_1_786' title='bbox 2124 5055 2403 5126; x_wconf 87' lang='grc' dir='ltr'>μειδιάσας</span> <span class='ocrx_word' id='word_1_787' title='bbox 2424 5094 2438 5119; x_wconf 89' lang='grc'><strong>,</strong></span> <span class='ocrx_word' id='word_1_788' title='bbox 2473 5052 2609 5125; x_wconf 88' lang='grc' dir='ltr'>μετὰ</span> <span class='ocrx_word' id='word_1_789' title='bbox 2637 5052 2834 5123; x_wconf 82' lang='grc' dir='ltr'>πολλῆς</span> <span class='ocrx_word' id='word_1_790' title='bbox 2866 5052 3008 5124; x_wconf 90' lang='grc' dir='ltr'>μάλα</span> <span class='ocrx_word' id='word_1_791' title='bbox 3052 5054 3150 5124; x_wconf 86' lang='grc' dir='ltr'>τῆς</span> <span class='ocrx_word' id='word_1_792' title='bbox 3194 5054 3525 5125; x_wconf 76' lang='grc' dir='ltr'>παρρησίας·</span> <span class='ocrx_word' id='word_1_793' title='bbox 3556 5059 3684 5111; x_wconf 79' lang='grc' dir='ltr'><strong>Ἀν-</strong></span> 
     </span>
    </p>
   </div>
   <div class='ocr_carea' id='block_1_110' title="bbox 2120 5138 3683 5215">
    <p class='ocr_par' dir='ltr' id='par_1_110' title="bbox 2120 5138 3683 5215">
     <span class='ocr_line' id='line_1_110' title="bbox 2120 5138 3683 5215; baseline 0.004 -19"><span class='ocrx_word' id='word_1_794' title='bbox 2120 5144 2260 5215; x_wconf 88' lang='grc' dir='ltr'>δρες,</span> <span class='ocrx_word' id='word_1_795' title='bbox 2286 5143 2388 5212; x_wconf 75' lang='grc' dir='ltr'>ἔφη</span> <span class='ocrx_word' id='word_1_796' title='bbox 2407 5185 2422 5210; x_wconf 92' lang='grc'><strong>,</strong></span> <span class='ocrx_word' id='word_1_797' title='bbox 2450 5144 2593 5215; x_wconf 79' lang='grc' dir='ltr'>άπερ</span> <span class='ocrx_word' id='word_1_798' title='bbox 2615 5138 2757 5198; x_wconf 77' lang='grc' dir='ltr'>οὗτοι</span> <span class='ocrx_word' id='word_1_799' title='bbox 2784 5144 3016 5213; x_wconf 87' lang='grc' dir='ltr'>λέγουσι,</span> <span class='ocrx_word' id='word_1_800' title='bbox 3048 5143 3181 5197; x_wconf 88' lang='grc' dir='ltr'>Θεοῦ</span> <span class='ocrx_word' id='word_1_801' title='bbox 3211 5145 3469 5213; x_wconf 88' lang='grc' dir='ltr'>θέλοντος,</span> <span class='ocrx_word' id='word_1_802' title='bbox 3508 5153 3683 5204; x_wconf 78' lang='grc' dir='ltr'>ποιεῖν</span> 
     </span>
    </p>
   </div>
   <div class='ocr_carea' id='block_1_111' title="bbox 2122 5233 3685 5315">
    <p class='ocr_par' dir='ltr' id='par_1_111' title="bbox 2122 5233 3685 5315">
     <span class='ocr_line' id='line_1_111' title="bbox 2122 5233 3685 5315; baseline 0.004 -24"><span class='ocrx_word' id='word_1_803' title='bbox 2122 5237 2343 5302; x_wconf 86' lang='grc' dir='ltr'>δυνατὸς</span> <span class='ocrx_word' id='word_1_804' title='bbox 2368 5233 2505 5291; x_wconf 72' lang='grc' dir='ltr'>εἶναι</span> <span class='ocrx_word' id='word_1_805' title='bbox 2527 5236 2796 5309; x_wconf 79' lang='grc' dir='ltr'>ὁμολογῶ’</span> <span class='ocrx_word' id='word_1_806' title='bbox 2837 5238 2972 5310; x_wconf 85' lang='grc' dir='ltr'>πρὸς</span> <span class='ocrx_word' id='word_1_807' title='bbox 2995 5238 3051 5293; x_wconf 85' lang='grc' dir='ltr'>δὲ</span> <span class='ocrx_word' id='word_1_808' title='bbox 3089 5238 3295 5304; x_wconf 80' lang='grc' dir='ltr'>τούτοις</span> <span class='ocrx_word' id='word_1_809' title='bbox 3322 5241 3535 5313; x_wconf 76' lang='grc' dir='ltr'>ἕτοιμός</span> <span class='ocrx_word' id='word_1_810' title='bbox 3564 5246 3685 5315; x_wconf 82' lang='grc' dir='ltr'>είμι</span> 
     </span>
    </p>
   </div>
   <div class='ocr_carea' id='block_1_112' title="bbox 3680 5386 3759 5475">
    <p class='ocr_par' dir='ltr' id='par_1_112' title="bbox 3680 5386 3759 5475">
     <span class='ocr_line' id='line_1_112' title="bbox 3680 5386 3759 5475; baseline 0 -78"><span class='ocrx_word' id='word_1_811' title='bbox 3680 5386 3701 5475; x_wconf 37' lang='grc' dir='ltr'><em>ί</em></span> <span class='ocrx_word' id='word_1_812' title='bbox 3758 5394 3759 5397; x_wconf 17' lang='grc' dir='ltr'><em>χ</em></span> 
     </span>
    </p>
   </div>
   <div class='ocr_carea' id='block_1_113' title="bbox 542 5476 3650 5589">
    <p class='ocr_par' dir='ltr' id='par_1_113' title="bbox 542 5476 3650 5589">
     <span class='ocr_line' id='line_1_113' title="bbox 542 5476 3650 5589; baseline 0.003 -28"><span class='ocrx_word' id='word_1_813' title='bbox 542 5507 590 5589; x_wconf 66' lang='grc' dir='ltr'><strong>ξ³</strong></span> <span class='ocrx_word' id='word_1_814' title='bbox 621 5476 812 5589; x_wconf 64' lang='lat' dir='ltr'><strong>litatth.</strong></span> <span class='ocrx_word' id='word_1_815' title='bbox 840 5526 937 5589; x_wconf 73' lang='lat' dir='ltr'><strong>vn,</strong></span> <span class='ocrx_word' id='word_1_816' title='bbox 963 5510 1087 5589; x_wconf 38' lang='lat'><strong>_12‘,</strong></span> <span class='ocrx_word' id='word_1_817' title='bbox 1112 5511 1148 5564; x_wconf 93' lang='lat' dir='ltr'><strong>l.</strong></span> <span class='ocrx_word' id='word_1_818' title='bbox 1178 5510 1499 5589; x_wconf 35' lang='lat' dir='ltr'><strong>.RecognLI.</strong></span> <span class='ocrx_word' id='word_1_819' title='bbox 1520 5529 1656 5589; x_wconf 46' lang='lat' dir='ltr'><strong>_Vlll_,&#39;</strong></span> <span class='ocrx_word' id='word_1_820' title='bbox 1684 5528 1735 5570; x_wconf 93' lang='lat' dir='ltr'><strong>c.</strong></span> <span class='ocrx_word' id='word_1_821' title='bbox 1770 5513 1882 5589; x_wconf 81' lang='lat'><strong>56._</strong></span> <span class='ocrx_word' id='word_1_822' title='bbox 1934 5506 2280 5589; x_wconf 23' lang='lat' dir='ltr'><strong>“nalideest</strong></span> <span class='ocrx_word' id='word_1_823' title='bbox 2314 5517 2480 5589; x_wconf 89' lang='lat' dir='ltr'><strong>in_a|.</strong></span> <span class='ocrx_word' id='word_1_824' title='bbox 2534 5518 2581 5553; x_wconf 81' lang='lat'><strong>&quot;</strong></span> <span class='ocrx_word' id='word_1_825' title='bbox 2613 5515 2802 5583; x_wconf 48' lang='lat' dir='ltr'><strong>Clem&quot;</strong></span> <span class='ocrx_word' id='word_1_826' title='bbox 2830 5516 3005 5589; x_wconf 22' lang='lat' dir='ltr'><strong>Ahom.</strong></span> <span class='ocrx_word' id='word_1_827' title='bbox 3030 5531 3126 5589; x_wconf 63' lang='lat' dir='ltr'><strong>vti,</strong></span> <span class='ocrx_word' id='word_1_828' title='bbox 3156 5530 3207 5589; x_wconf 85' lang='lat' dir='ltr'><strong>c._</strong></span> <span class='ocrx_word' id='word_1_829' title='bbox 3241 5515 3302 5589; x_wconf 17' lang='lat' dir='ltr'><strong>5A,</strong></span> <span class='ocrx_word' id='word_1_830' title='bbox 3330 5524 3435 5572; x_wconf 88' lang='lat' dir='ltr'><strong>etc.</strong></span> <span class='ocrx_word' id='word_1_831' title='bbox 3504 5520 3551 5589; x_wconf 61' lang='grc' dir='ltr'>ἴε</span> <span class='ocrx_word' id='word_1_832' title='bbox 3581 5520 3650 5570; x_wconf 85' lang='lat' dir='ltr'><strong>al.</strong></span> 
     </span>
    </p>
   </div>
   <div class='ocr_carea' id='block_1_114' title="bbox 452 5576 1296 5640">
    <p class='ocr_par' dir='ltr' id='par_1_114' title="bbox 452 5576 1296 5640">
     <span class='ocr_line' id='line_1_114' title="bbox 452 5576 1296 5640; baseline 0.006 -11"><span class='ocrx_word' id='word_1_833' title='bbox 452 5576 798 5640; x_wconf 84' lang='grc' dir='ltr'>ἀπέστελλον,</span> <span class='ocrx_word' id='word_1_834' title='bbox 839 5582 911 5634; x_wconf 77' lang='lat' dir='ltr'><strong>al.</strong></span> <span class='ocrx_word' id='word_1_835' title='bbox 951 5581 1296 5635; x_wconf 77' lang='grc' dir='ltr'>ἀπέστειλαν.</span> 
     </span>
    </p>
   </div>
   <div class='ocr_carea' id='block_1_115' title="bbox 1398 5580 3668 5656">
    <p class='ocr_par' dir='ltr' id='par_1_115' title="bbox 1398 5580 3668 5656">
     <span class='ocr_line' id='line_1_115' title="bbox 1398 5580 3668 5656; baseline 0.001 -19"><span class='ocrx_word' id='word_1_836' title='bbox 1398 5587 1445 5618; x_wconf 84' lang='grc'><strong>⁷⁷</strong></span> <span class='ocrx_word' id='word_1_837' title='bbox 1485 5580 1663 5656; x_wconf 60' lang='lat' dir='ltr'><strong>abeo</strong></span> <span class='ocrx_word' id='word_1_838' title='bbox 1713 5584 1912 5656; x_wconf 84' lang='grc' dir='ltr'>φρονῶ.</span> <span class='ocrx_word' id='word_1_839' title='bbox 1989 5586 2037 5618; x_wconf 78' lang='grc'><strong>⁷⁸</strong></span> <span class='ocrx_word' id='word_1_840' title='bbox 2068 5580 2326 5645; x_wconf 82' lang='lat' dir='ltr'><strong>Clemem.</strong></span> <span class='ocrx_word' id='word_1_841' title='bbox 2382 5586 2528 5640; x_wconf 89' lang='lat' dir='ltr'><strong>hom.</strong></span> <span class='ocrx_word' id='word_1_842' title='bbox 2569 5603 2643 5641; x_wconf 79' lang='lat' dir='ltr'><strong>vn</strong></span> <span class='ocrx_word' id='word_1_843' title='bbox 2671 5628 2686 5653; x_wconf 95' lang='lat'><strong>,</strong></span> <span class='ocrx_word' id='word_1_844' title='bbox 2728 5580 2871 5650; x_wconf 46' lang='lat' dir='ltr'><strong>c.&#39;8,</strong></span> <span class='ocrx_word' id='word_1_845' title='bbox 2896 5597 2997 5642; x_wconf 87' lang='lat' dir='ltr'><strong>etc.</strong></span> <span class='ocrx_word' id='word_1_846' title='bbox 3072 5586 3118 5619; x_wconf 84' lang='lat'>&quot;</span> <span class='ocrx_word' id='word_1_847' title='bbox 3160 5587 3230 5641; x_wconf 91' lang='lat' dir='ltr'><strong>al.</strong></span> <span class='ocrx_word' id='word_1_848' title='bbox 3275 5587 3437 5641; x_wconf 90' lang='lat' dir='ltr'><strong>inser.</strong></span> <span class='ocrx_word' id='word_1_849' title='bbox 3466 5586 3668 5648; x_wconf 82' lang='grc' dir='ltr'>αὐτοῖς.</span> 
     </span>
    </p>
   </div>
   <div class='ocr_carea' id='block_1_116' title="bbox 452 5646 3675 5729">
    <p class='ocr_par' dir='ltr' id='par_1_116' title="bbox 452 5646 3675 5729">
     <span class='ocr_line' id='line_1_116' title="bbox 452 5646 3675 5729; baseline 0.003 -29"><span class='ocrx_word' id='word_1_850' title='bbox 452 5646 499 5679; x_wconf 78' lang='grc' dir='ltr'><strong>⁸ο</strong></span> <span class='ocrx_word' id='word_1_851' title='bbox 520 5647 562 5678; x_wconf 78' lang='grc'><strong>⁸⁸</strong></span> <span class='ocrx_word' id='word_1_852' title='bbox 595 5648 664 5701; x_wconf 91' lang='lat' dir='ltr'><strong>al.</strong></span> <span class='ocrx_word' id='word_1_853' title='bbox 706 5649 1035 5729; x_wconf 52' lang='grc' dir='ltr'>’ᾼνουϐίωνμ</span> <span class='ocrx_word' id='word_1_854' title='bbox 1068 5652 1281 5729; x_wconf 63' lang='lat' dir='ltr'><strong>melius.</strong></span> <span class='ocrx_word' id='word_1_855' title='bbox 1318 5652 1452 5708; x_wconf 88' lang='lat' dir='ltr'><strong>Tres</strong></span> <span class='ocrx_word' id='word_1_856' title='bbox 1482 5654 1671 5729; x_wconf 81' lang='lat' dir='ltr'><strong>scripti</strong></span> <span class='ocrx_word' id='word_1_857' title='bbox 1701 5646 1915 5729; x_wconf 69' lang='lat' dir='ltr'><strong>codices</strong></span> <span class='ocrx_word' id='word_1_858' title='bbox 1956 5657 2264 5729; x_wconf 63' lang='grc' dir='ltr'>ᾋννουβίῳ,</span> <span class='ocrx_word' id='word_1_859' title='bbox 2298 5671 2393 5726; x_wconf 90' lang='lat' dir='ltr'><strong>pro</strong></span> <span class='ocrx_word' id='word_1_860' title='bbox 2434 5646 2712 5729; x_wconf 67' lang='grc' dir='ltr'>ζΑνουϐίῴ.</span> <span class='ocrx_word' id='word_1_861' title='bbox 2749 5646 2964 5712; x_wconf 79' lang='lat' dir='ltr'><strong>Anubio</strong></span> <span class='ocrx_word' id='word_1_862' title='bbox 2986 5658 3209 5729; x_wconf 78' lang='lat' dir='ltr'><strong>enimet</strong></span> <span class='ocrx_word' id='word_1_863' title='bbox 3231 5655 3479 5729; x_wconf 69' lang='lat' dir='ltr'><strong>Anubius</strong></span> <span class='ocrx_word' id='word_1_864' title='bbox 3536 5646 3675 5712; x_wconf 84' lang='lat' dir='ltr'><strong>idem</strong></span> 
     </span>
    </p>
   </div>
   <div class='ocr_carea' id='block_1_117' title="bbox 454 5720 3561 5799">
    <p class='ocr_par' dir='ltr' id='par_1_117' title="bbox 454 5720 3561 5799">
     <span class='ocr_line' id='line_1_117' title="bbox 454 5720 3561 5799; baseline 0.003 -26"><span class='ocrx_word' id='word_1_865' title='bbox 454 5732 676 5785; x_wconf 87' lang='lat' dir='ltr'><strong>nomen,</strong></span> <span class='ocrx_word' id='word_1_866' title='bbox 708 5721 776 5774; x_wconf 91' lang='lat' dir='ltr'><strong>ab</strong></span> <span class='ocrx_word' id='word_1_867' title='bbox 817 5722 991 5786; x_wconf 79' lang='lat' dir='ltr'><strong>Annbi</strong></span> <span class='ocrx_word' id='word_1_868' title='bbox 1050 5720 1426 5793; x_wconf 65' lang='lat' dir='ltr'><strong>:Egyptiorum</strong></span> <span class='ocrx_word' id='word_1_869' title='bbox 1481 5720 1609 5781; x_wconf 53' lang='lat' dir='ltr'><strong>deo&quot;</strong></span> <span class='ocrx_word' id='word_1_870' title='bbox 1644 5726 1951 5782; x_wconf 83' lang='lat' dir='ltr'><strong>deductum.</strong></span> <span class='ocrx_word' id='word_1_871' title='bbox 1988 5725 2100 5783; x_wconf 87' lang='lat' dir='ltr'><strong>Sub</strong></span> <span class='ocrx_word' id='word_1_872' title='bbox 2130 5720 2522 5799; x_wconf 59' lang='lat' dir='ltr'><strong>[iném&#39;capitis</strong></span> <span class='ocrx_word' id='word_1_873' title='bbox 2554 5720 2695 5785; x_wconf 76' lang='lat' dir='ltr'><strong>unus</strong></span> <span class='ocrx_word' id='word_1_874' title='bbox 2723 5728 2977 5798; x_wconf 84' lang='lat' dir='ltr'><strong>scriptus,</strong></span> <span class='ocrx_word' id='word_1_875' title='bbox 3010 5727 3266 5799; x_wconf 83' lang='grc' dir='ltr'>πεισθῆτέ</span> <span class='ocrx_word' id='word_1_876' title='bbox 3289 5744 3397 5798; x_wconf 85' lang='grc' dir='ltr'>μοι.</span> <span class='ocrx_word' id='word_1_877' title='bbox 3429 5728 3561 5784; x_wconf 80' lang='lat' dir='ltr'><strong>Cor.</strong></span> 
     </span>
    </p>
   </div>
  </div>
