4022 6336
321 337 423 395 515

1140 333 1596 391 CLEMENTINA.
1627 363 1695 375 —
1734 331 2030 388 EPITOME
2063 332 2150 388 DE
2181 330 2425 390 GESTIS
2464 333 2523 387 S.
2564 330 2790 387 PETRI.

3463 331 3567 391 εει

323 456 598 527 (πείθεσθέ
610 460 655 492 ⁸²
690 478 778 531 μοι
802 463 928 534 περὶ
956 457 1029 516 ὧν
1051 462 1213 531 λέγω)
1236 461 1332 532 τὴν
1350 462 1510 515 πᾶσιν
1537 458 1690 532 ὐμῶν
1719 458 1783 512 ἐκ
1808 457 1901 529 βά-

2003 470 2125 511 sum
2149 456 2330 527 (ﬁdem
2359 454 2494 511 mihi
2522 455 2717 511 habete
2738 455 2793 511 iu
2820 455 2906 511 his
2937 471 3060 526 qua:
3102 457 3320 532 loquor)
3351 459 3567 517 univer-

323 550 467 623 θρων
494 552 669 605 αὐτῶν
695 552 1026 622 ἀναστρέψαι
1057 554 1229 606 πόλιν.

390 729 573 785 LVIII.
615 730 735 785 Τῶν
760 732 815 785 δὲ
844 731 1014 802 δχλων
1052 732 1473 801 ὐποπληξάντων
1492 748 1505 760 ο
1539 725 1658 784 εἶτα
1678 729 1724 761 ⁸³
1753 746 1889 800 προ-

318 824 508 895 θύμως
556 824 1035 895 ἐπαγγελλομένων
1083 823 1151 877 τὰ
1207 824 1298 877 ὐπ’
1343 821 1507 877 αὐτοῦ
1560 822 1892 893 κελευόμενα

314 916 596 988 πράττειν,
643 917 671 967 ὀ
698 916 920 987 Πέτροςο
956 916 1160 985 Μηδεὶς
1187 915 1360 987 ὑμῶν,
1385 916 1510 986 ἔφη,
1532 914 1591 968 τὸ
1616 914 1741 985 ἑξῆς
1769 915 1892 984 ὁμι-

310 1009 476 1061 λείτω
497 1008 543 1039 ⁸⁸
570 1008 762 1079 μάγοις
781 1048 795 1072 ,
825 1009 945 1079 μηδ’
965 1009 1010 1040 ⁸⁸
1040 1009 1172 1073 ὅλως
1200 1010 1280 1073 εἰς
1315 1008 1506 1076 λόγους
1536 1008 1801 1080 ἐρχέσθω.
1826 1009 1888 1060 υἱ

308 1100 367 1153 δὲ
397 1098 544 1169 δχλοι
574 1100 696 1152 ἐπεὶ
724 1099 896 1154 ταῦτα
923 1102 1189 1172 ἤκουσαν,
1216 1102 1329 1164 τοῖς
1369 1102 1498 1172 περὶ
1536 1101 1627 1153 τὸν
1671 1101 1890 1171 Σίμωνα

310 1190 477 1254 εὐθὺς
504 1190 810 1244 ἐπετίθεντο
832 1234 847 1258 ,
876 1192 971 1245 καὶ
1017 1192 1221 1257 πάντας
1272 1194 1328 1247 ἒν
1358 1193 1523 1263 ὀλίγῳ
1550 1192 1890 1263 τραυματίας

310 1285 661 1355 ποιήσαντες,
686 1285 784 1337 οὐκ
808 1285 1012 1355 ἀνῆκαν
1037 1286 1232 1349 αὐτοὺς
1261 1285 1529 1348 παίοντες,
1562 1284 1667 1347 ἓως
1695 1300 1891 1336 παντε-

308 1374 420 1437 λῶς
452 1375 555 1444 τῆς
583 1375 789 1439 πόλεως
816 1375 1118 1440 ὲξεδίωξαν.
1151 1378 1381 1430 Ἔπειτα
1421 1375 1735 1448 προσιόντες
1775 1375 1890 1427 ὅσοι

308 1466 489 1530 νόσοις
526 1465 707 1520 αὐτῶν
753 1468 846 1520 καὶ
883 1468 1097 1537 δαίμοσι
1144 1468 1545 1539 προσεπάλαιον
1569 1508 1584 1533 ,
1637 1467 1743 1538 πρὸ
1781 1466 1890 1521 τῶν

308 1558 477 1610 αὐτοῦ
504 1558 678 1612 ποδῶν
702 1558 926 1612 ἔκειντο.
964 1560 1019 1614 Ὀ
1045 1560 1101 1613 δὲ
1123 1560 1203 1623 είς
1227 1559 1458 1632 οὐρανὸν
1486 1559 1623 1632 ἄρας
1648 1559 1746 1622 τὰς
1779 1561 1892 1630 χεῖ-

312 1668 415 1721 ρας
434 1691 447 1714 ,
481 1651 578 1704 καὶ
606 1650 683 1721 τῷ
723 1652 841 1722 Θεῴ
879 1653 1315 1725 προσευξάμενος
1333 1694 1348 1717 ,
1388 1653 1573 1706 ἰάσατο
1596 1652 1799 1715 πάντας
1826 1653 1891 1704 ὲκ

312 1745 484 1816 μόνης
504 1746 684 1816 εὐχῆς.
711 1748 824 1800 Οὐκ
851 1747 1037 1815 ὀλίγας
1057 1747 1113 1801 δέ
1137 1765 1287 1812 τινας
1312 1747 1526 1819 ἡμέρας
1550 1744 1889 1818 παραμείνας

306 1838 421 1897 τοῖς
443 1835 727 1906 Βηρυτίοις
748 1875 762 1897 ,
788 1836 882 1889 καὶ
912 1836 1141 1900 πολλοὺς
1169 1840 1238 1909 τῇ
1266 1838 1346 1901 εἰς
1376 1837 1595 1908 Πατέρα
1626 1839 1718 1890 καὶ
1760 1833 1888 1889 Υἱὺν

310 1927 405 1979 καὶ
430 1926 585 1994 ἅγιον
602 1926 829 1997 Πνεῦμα
853 1928 1033 1980 πίστει
1057 1927 1389 1999 καταρτίσας
1402 1945 1461 1980 τε
1486 1929 1579 1981 καὶ
1601 1926 1885 1998 βαπτίσας,

310 2017 419 2070 ἀπὺ
444 2016 554 2070 τῶν
584 2012 862 2088 ἑπομένων
888 2019 1037 2089 αὐτῷ
1059 2018 1451 2093 πρεσϐυτέρων
1470 2020 1567 2075 ἕνα
1595 2020 1888 2073 ἐπίσκοπον

308 2108 495 2173 αὐτοῖς
518 2112 884 2182 καταστήσας,
917 2112 997 2176 είς
1021 2110 1119 2183 τὴν
1151 2111 1351 2165 Βύϐλον
1371 2112 1416 2145 ⁸⁷
1441 2110 1605 2183 ἐξῄει.

382 2285 519 2340 LIX.
562 2286 675 2340 Καὶ
698 2287 984 2358 γενόμενος
1013 2289 1146 2354 ἐκεῖ,
1170 2289 1261 2343 καὶ
1291 2289 1478 2361 μαθὼν
1506 2290 1586 2344 ὅτι
1610 2290 1790 2362 Σίμων
1810 2292 1888 2356 είς

311 2376 569 2449 Τρίπολιν
596 2377 881 2450 ὥρμησεν,
922 2380 1083 2443 αὐτὸς
1111 2379 1284 2451 βραχύ
1302 2381 1655 2453 ,παραμείνας
1683 2382 1886 2445 αὐτοῖς,

311 2472 404 2524 καὶ
444 2470 789 2543 θεραπεύσας
837 2471 944 2524 τῶν
985 2473 1040 2524 ὲν
1069 2472 1257 2545 Βύϐλῳ
1274 2474 1319 2505 ⁸⁹
1362 2473 1617 2539 πολλοὺς,
1666 2475 1757 2527 καὶ
1789 2476 1888 2545 τὴν

310 2560 594 2614 εὐσέϐειαν
632 2561 825 2623 αὐτοὺς
844 2561 889 2591 °°
920 2561 1201 2628 ὲκδιδάξας
1223 2603 1236 2625 ,
1267 2563 1386 2616 κατ’
1414 2562 1557 2633 ἴχνος
1585 2562 1680 2616 τοῦ
1712 2563 1890 2634 Σίμω-

311 2671 401 2717 νος
429 2654 512 2716 είς
541 2650 802 2721 Τρίπολιν
834 2651 1126 2722 ἐπορεύετο
1145 2694 1158 2717 ,
1191 2652 1542 2723 μεταδιώκειν
1563 2653 1724 2707 αὐτὸν
1755 2653 1889 2723 μᾶλ-

311 2744 420 2805 λον,
450 2743 550 2812 οὐχ
575 2740 904 2811 ὑποφεύγειν
936 2743 1331 2815 προῃρημένος.
1363 2744 1456 2806 Εἰς
1482 2744 1539 2796 δὲ
1566 2744 1665 2815 τὴν
1692 2742 1890 2815 Τρίπο-

310 2834 392 2886 λιν
423 2834 645 2886 εἰσιόντι
682 2832 759 2903 τῷ
801 2829 1012 2904 Πέτρῳ,
1048 2834 1155 2888 τῶν
1191 2834 1664 2907 φιλομαθεστέρων
1707 2835 1892 2889 πολλοὶ

313 2924 571 2994 συνῆλθον
597 2923 659 2977 ἐκ
685 2943 744 2977 τε
769 2925 865 2996 τῆς
898 2924 971 2977 Τύ
982 2943 1096 2998 pou,
1120 2928 1213 2979 καὶ
1236 2926 1484 2992 Σιδῶνος,
1503 2928 1597 2981 καὶ
1623 2928 1888 2999 Βηρυτοῦ,

312 3016 404 3070 καὶ
433 3016 640 3071 Βύϐλου
657 3017 700 3048 ’ί
719 3034 732 3046 ·
760 3018 858 3088 οὐχ
884 3018 1083 3088 ἥκιστα
1112 3017 1167 3070 δὲ
1204 3018 1299 3072 καὶ
1326 3018 1436 3073 τῶν
1462 3020 1556 3073 ἀπ’
1585 3022 1753 3091 αὐτῆς
1792 3022 1892 3093 τῆς

1992 562 2108 601 sam
2163 555 2402 615 vestram
2457 547 2527 603 ab
2583 547 2718 618 ipsis
2774 547 3147 607 fundamentis
3199 560 3442 609 evertere
3489 554 3568 611 ci-

1991 637 2238 691 vitatem.

2061 728 2240 782 LVIII.
2283 727 2420 783 Tum
2452 728 2611 783 turba
2636 737 2984 784 consternata
3016 739 3099 785 est
3126 750 3139 785 :
3167 731 3290 787 dein
3316 744 3567 805 prompto

1991 820 2173 874 animo
2224 821 2491 891 promittit
2526 836 2583 875 se
2614 821 2682 875 ab
2708 822 2827 890 ipso
2870 821 3133 890 imperata
3163 822 3471 895 facturam;
3512 838 3568 883 et

1989 909 2185 965 Petrus
2212 931 2225 965 :
2252 910 2422 967 Nemo
2454 923 2720 980 vestrum,
2747 912 2942 982 inquit,
2976 916 3209 982 posthac
3239 931 3364 971 cum
3389 920 3565 990 magis

1991 1004 2383 1059 commercium
2416 1005 2632 1070 haheat,
2686 1021 2863 1074 neque
2890 1020 3125 1077 usquam
3152 1006 3205 1060 in
3231 1008 3565 1079 colloquium

1990 1098 2189 1151 veniat.
2216 1096 2423 1169 Vulgus
2448 1111 2627 1153 autem
2670 1107 2957 1169 postquam
2987 1100 3102 1154 [nec
3155 1100 3397 1169 audivit,
3435 1117 3567 1157 con-

1991 1187 2172 1243 festim
2206 1189 2485 1245 Simonem
2526 1190 2817 1260 sociosque
2844 1190 2965 1260 ejus
3018 1191 3195 1245 adorti
3223 1201 3386 1261 sunt;
3431 1209 3567 1248 cun-

1992 1283 2202 1351 ctisque
2232 1282 2380 1336 brevi
2412 1281 2715 1337 vulneratis
2734 1322 2749 1349 ,
2780 1296 2878 1336 eos
2920 1283 3212 1341 verberare
3242 1298 3353 1339 non
3400 1284 3567 1340 desti-

1990 1381 2208 1438 terunt,
2258 1374 2433 1427 donec
2463 1373 2680 1441 penitus
2723 1374 2861 1429 urbe
2913 1373 3340 1445 expulissent."
3368 1374 3566 1431 Postea

1991 1465 2311 1518 accedentes
2342 1465 2660 1534 quicunque
2685 1481 2750 1520 ex
2786 1466 2855 1521 iis
2886 1483 3011 1521 cum
3039 1468 3249 1523 morbis
3273 1483 3335 1523 ac
3361 1468 3567 1524 daemo-

1989 1554 2152 1609 nibus
2191 1554 2659 1622 colluctabantur,
2702 1564 2830 1611 ante
2880 1558 3044 1626 pedes
3098 1558 3246 1612 illius
3287 1558 3562 1627 iacebant.

1991 1646 2084 1700 Ille
2121 1662 2276 1713 vero,
2322 1646 2553 1703 sublatis
2597 1648 2650 1701 in
2696 1648 2895 1703 caelum
2950 1649 3237 1716 manibus,
3286 1648 3566 1720 Deumque

1993 1746 2392 1807 comprecatus,
2426 1750 2657 1792 cunctos
2687 1737 2997 1807 precatione
3035 1738 3149 1793 sola
3176 1738 3405 1793 curavit.
3446 1738 3564 1794 Non

1989 1842 2192 1896 paucos
2212 1838 2391 1882 autem
2425 1830 2539 1884 dies
2574 1829 2717 1900 apud
2748 1828 2995 1901 Berytios
3026 1838 3419 1898 commoratus,
3437 1844 3565 1886 cum

1989 1921 2189 1974 multos
2218 1920 2319 1975 (ide
2346 1922 2399 1975 in
2430 1920 2668 1991 Patrem,
2700 1922 2920 1990 Filium,
2946 1930 2996 1977 et
3024 1920 3288 1993 Spiritum
3315 1933 3565 1980 sanctum

1988 2022 2453 2074 consummasset.
2486 2030 2697 2070 necnon
2730 2015 3091 2085 baptizasset;
3115 2031 3224 2070 uno
3251 2031 3317 2071 ex
3341 2017 3565 2087 presby-

1991 2103 2121 2158 teris
2158 2104 2247 2173 qui
2276 2120 2399 2157 eum
2434 2107 2804 2174 sequebantur
2828 2107 2962 2176 ipsis
2996 2106 3048 2160 in
3083 2108 3398 2177 episcopum
3430 2124 3567 2163 con-

1989 2199 2200 2250 stituto.
2245 2194 2296 2247 in
2327 2193 2552 2265 liyhlum
2584 2196 2736 2250 abiit.

2058 2286 2194 2343 LIX.
2258 2288 2304 2320 ⁸⁸
2335 2289 2455 2355 Quo
2508 2300 2801 2361 postquam
2862 2294 3235 2363 pervenisset,
3282 2302 3563 2362 comperto

1988 2378 2134 2447 quod
2170 2376 2355 2432 Simon
2384 2380 2438 2433 in
2468 2379 2735 2452 Tripolim
2763 2394 3037 2451 evaserat,
3069 2386 3187 2456 ipse
3225 2387 3391 2441 breve
3423 2395 3579 2441 tem-7

1987 2486 2091 2540 pus
2119 2471 2261 2541 apud
2290 2486 2387 2527 eos
2415 2484 2817 2539 commoratus,
2842 2478 3158 2548 curatisque
3190 2479 3376 2533 multis
3407 2478 3563 2549 Bybli

1988 2562 2203 2625 incolis,
2237 2579 2301 2618 ac
2324 2563 2572 2619 doctrina
2602 2554 2818 2636 pictatis
2847 2568 2927 2623 eis
2956 2570 3178 2635 tradita,
3202 2571 3270 2625 ad
3294 2569 3561 2640 Tripolin

1987 2670 2084 2724 per
2113 2656 2339 2726 vestigia
2367 2656 2607 2712 Simonis
2633 2659 2929 2727 processit;
2960 2670 3143 2715 certus
3168 2676 3292 2715 eum
3320 2662 3559 2732 insequi,

1988 2761 2095 2801 non
2146 2746 2542 2819 subterfugere.
2588 2748 2759 2805 Porro
2801 2766 2923 2805 cum
2956 2750 3151 2806 Petrus
3178 2752 3440 2822 Tripolim
3480 2752 3564 2808 in-

1987 2835 2321 2906 grederetur,
2376 2839 2533 2893 multi
2579 2853 2770 2893 eorum
2822 2840 2918 2909 qui
2965 2840 3208 2896 discendi
3253 2842 3562 2911 cupidiores

1988 2936 2163 2991 erant,
2195 2943 2261 2982 ex
2287 2926 2452 2999 Tyro,
2505 2928 2729 2996 Sidone,
2774 2930 2989 3002 Beryto,
3022 2947 3087 2986 ac
3112 2931 3281 3004 Byhlo
3331 2950 3564 3000 concur-

1989 3028 2179 3073 rerunt
2225 3036 2336 3075 :ex
2390 3022 2507 3090 ipsa
2558 3022 2720 3077 etiam
2776 3024 3011 3078 maxime
3053 3025 3272 3080 civitate
3321 3027 3564 3096 plerique

312 3108 519 3170 πόλεως
556 3108 729 3178 ὄχλων
763 3108 982 3174 πλείους
1016 3110 1303 3182 συνέρρεον
1324 3153 1337 3177 ,
1374 3112 1657 3183 ίστορῆσαι
1688 3113 1889 3185 Πέτρον

1992 3125 2182 3166 omnes
2213 3112 2525 3168 conﬂuxere
2548 3154 2562 3179 ,
2601 3114 2874 3169 desiderio
2900 3115 3116 3170 videndi
3146 3116 3390 3173 Petrum.
3429 3118 3566 3189 Qui-

314 3198 645 3269 βουλόμενοι.
673 3202 844 3254 Ἔνιοι
867 3201 922 3254 δὲ
942 3202 1051 3255 τῶν
1079 3201 1322 3270 ἀδελφῶν
1348 3243 1362 3265 ,
1410 3204 1460 3256 οἳ
1503 3205 1593 3257 καὶ
1619 3200 1757 3275 ἦσαν
1796 3206 1887 3258 ὑπ’

313 3290 525 3343 ἐκείνου
546 3293 1086 3364 προεκπεμφθέντες,
1108 3293 1391 3364 διηγοῦντο
1422 3297 1552 3366 ἡμῖν
1579 3296 1649 3349 τά
1671 3314 1730 3348 τε
1751 3297 1892 3351 κατὰ

311 3383 408 3454 τὴν
435 3381 591 3436 πόλιν
614 3425 627 3445 ,
658 3384 751 3437 καὶ
793 3386 862 3438 τά
902 3386 1249 3459 πραττόμενα
1288 3388 1441 3460 παρὰ
1469 3388 1709 3459 Σίμωνος
1733 3391 1892 3461 άκρι-

314 3475 420 3538 ϐὡς
441 3493 455 3507 ’
486 3476 876 3548 ἀποδεξάμενοι
907 3495 966 3530 τε
1001 3481 1146 3550 ἡμᾶς
1169 3518 1186 3545 ,
1223 3479 1313 3533 ἐπὶ
1350 3480 1447 3551 τὴν
1481 3480 1775 3552 Μαροὼνου
1813 3483 1889 3555 (9)

311 3562 442 3637 ἦγον
474 3567 667 3621 οἰκίαν.

378 3658 496 3714 LX.
548 3660 607 3713 ὐ
627 3661 683 3714 δὲ
709 3662 913 3733 Πέτρος
940 3664 1025 3715 ἐπ’
1050 3662 1199 3733 αὐτῷ
1223 3663 1321 3735 ἥδη
1341 3662 1419 3735 τῷ
1445 3666 1544 3736 τῆς
1574 3665 1764 3731 ξενίας,
1784 3685 1890 3721 πυ·-

312 3752 436 3806 λῶνι
457 3752 718 3822 γεγονὼς,
743 3754 1121 3826 ἐπιστραφεὶς,
1145 3757 1257 3818 τοῖς
1284 3755 1461 3825 ὄχλοις
1500 3756 1766 3829 ὑπέσχετο
1790 3756 1890 3811 αῦ-

314 3867 427 3920 ριον
442 3852 574 3922 περὶ
592 3848 899 3913 θεοσεϐείας
918 3851 1281 3922 διαλεχθῆναι.
1302 3851 1453 3905 Ἐπεὶ
1466 3852 1523 3906 δὲ
1540 3854 1632 3906 καὶ
1652 3854 1888 3925 εἰσῆλθε,

315 3943 387 4013 μὴ
415 3941 741 4013 μεταλαϐεῖν
780 3941 1043 4013 πρότερον
1088 3941 1191 4014 ἔφη
1212 3931 1463 4015 τροφῆς,
1507 3945 1637 4017 πρὶν
1687 3945 1720 4017 ἢ
1763 3948 1890 4012 τοὺς

315 4031 740 4101 συνεληλυθότας
758 4030 1115 4085 διαναπαύσει
1134 4050 1147 4062 ·
1174 4033 1624 4105 ἀποκριναμένων
1639 4034 1694 4087 δὲ
1711 4035 1887 4107 ἡμῶν,

313 4128 391 4180 ὅτι
413 4125 621 4197 σπουδῇ
650 4125 856 4188 πάντας
875 4125 1072 4188 αὐτοὺς
1086 4125 1525 4198 διαναπαύσομεν
1540 4128 1608 4191 ³⁸,
1633 4129 1661 4181 ὁ
1686 4130 1890 4201 Πέτρος

316 4220 555 4281 ἀκούσας
588 4218 682 4271 καὶ
706 4217 999 4288 εὐλογήσας
1017 4219 1185 4288 ἡμᾶς,
1214 4217 1423 4289 ἐξῆλθε,
1449 4220 1542 4273 καὶ
1559 4220 1892 4293 λουσάμενος

315 4314 370 4365 ἐν
403 4314 472 4382 τῇ
502 4310 773 4384 θαλάσσῃ,
799 4311 894 4363 καὶ
933 4309 1209 4374 εἰσελθὼν,
1241 4306 1358 4363 εἶτα
1387 4312 1481 4365 καὶ
1509 4315 1690 4369 σιτίων
1726 4332 1889 4386 μετα-

316 4403 515 4466 λαϐὼν,
540 4404 778 4475 ἑσπέρας
806 4401 1211 4472 καταλαϐούσης
1239 4400 1501 4457 ὕπνωσεν.

386 4578 522 4633 LXI.
569 4580 726 4651 Ἀρτι
757 4578 814 4631 δὲ
840 4578 967 4648 περὶ
988 4576 1088 4641 τὰς
1116 4578 1433 4649 δευτεραίας
1468 4578 1579 4632 τῶν
1605 4579 1893 4652 ἀλεκτρυό-

317 4691 419 4725 νων
443 4670 586 4743 ῲδὰς
606 4669 860 4733 ἀναστὰς,
878 4670 972 4723 καὶ
992 4668 1164 4741 εὑρὼν
1194 4671 1341 4740 ἡμᾶς
1370 4669 1468 4741 ἤδη
1495 4671 1887 4743 ἐγρηγορότας,

316 4765 365 4818 οἳ
394 4764 491 4817 mi.
517 4760 657 4835 ἦμεν
689 4764 783 4816 σὺν
810 4761 958 4831 αὐτῷ
989 4762 1186 4824 πάντες
1211 4760 1521 4826 ἑκκαίδεκα,
1548 4764 1710 4827 αὐτός
1745 4783 1888 4837 φημι

318 4856 545 4928 Πέτρος,
568 4854 723 4923 κάγὼ
744 4853 991 4925 Κλήμης,
1022 4853 1266 4923 Νικήτης
1287 4870 1347 4905 τε
1373 4852 1465 4905 καὶ
1507 4854 1735 4918 Ἀκύλας
1753 4896 1768 4920 ,
1798 4857 1890 4909 καὶ

321 4949 369 5001 ot
404 4944 827 5018 προοδεύσαντες
869 4941 1077 4997 δώδεκα
1102 4983 1116 5005 ,
1170 4941 1307 5013 μετὰ
1352 4942 1413 4995 τὸ
1456 4945 1891 5017 προσαγορεῦσαι

325 5038 530 5100 πάντας
549 5077 562 5100 ,
594 5035 762 5106 εἰσῄει
802 5052 886 5097 τις
914 5032 1022 5086 τῶν
1054 5031 1293 5103 συνήθων
1330 5032 1690 5103 ἀπαγγέλλων
1717 5036 1886 5108 αὐτῷ,

1993 3205 2117 3259 dam
2151 3215 2334 3260 autem
2364 3206 2616 3273 fratrum,
2642 3207 2738 3276 qui
2770 3218 2821 3262 et
2847 3207 2915 3261 ab
2941 3222 3007 3262 eo
3030 3210 3298 3277 prazmissi
3324 3210 3561 3278 fuerant,

1990 3297 2322 3351 enarrahant
2357 3298 2517 3353 nobis
2553 3310 2829 3364 accurate,
2861 3309 2976 3353 tum
3012 3309 3214 3356 statum
3248 3303 3423 3369 urbis,
3450 3313 3562 3359 tum

1994 3383 2233 3441 Simonis
2258 3397 2447 3458 gesta:
2481 3396 2534 3444 et
2562 3389 2897 3459 excipientes
2930 3407 3065 3460 nos,
3113 3393 3166 3448 in
3196 3394 3420 3450 domum
3450 3397 3563 3451 Ma-

1990 3478 2179 3533 roouis
2198 3478 2488 3535 duxerunt.

2063 3654 2175 3711 LX.
2215 3654 2410 3711 Petrus
2433 3672 2563 3713 vero
2600 3658 2713 3728 jam
2745 3658 2892 3715 fores
2921 3661 3143 3732 hospitii
3169 3670 3362 3719 tenens
3384 3704 3398 3730 ,
3428 3681 3562 3720 con-

1990 3760 2201 3813 versus,
2233 3747 2486 3817 promisit
2516 3749 2893 3813 multitudini,
2927 3766 3052 3806 cras
3096 3769 3154 3808 se
3180 3754 3247 3809 de
3277 3753 3371 3809 Dei
3413 3758 3563 3813 cultu

1989 3841 2154 3896 verba
2189 3840 2481 3896 facturum.
2534 3843 2615 3898 Ac
2642 3852 2931 3914 postquam
2969 3845 3220 3914 introiit,
3256 3863 3363 3903 non
3405 3851 3561 3919 prius

1990 3947 2051 3988 se
2097 3934 2398 4003 quidquam
2454 3934 2561 3989 cibi
2617 3950 2737 3990 esse
2802 3945 3187 4006 percepturum
3254 3937 3560 4005 allirmavit,

1990 4038 2155 4093 quam
2186 4039 2281 4080 eos
2309 4025 2403 4094 qui
2430 4036 2803 4081 convenerant
2832 4026 3115 4082 refecisset
3147 4043 3160 4080 :
3193 4028 3356 4084 nobis
3379 4040 3562 4087 autem

1989 4116 2465 4186 respondentibus,
2497 4117 2644 4187 quod
2672 4132 2767 4172 eos
2795 4133 2989 4173 omnes
3033 4118 3278 4174 studiose
3308 4134 3562 4178 essemus

1990 4207 2266 4274 refecturi,
2301 4208 2493 4263 Petrus
2524 4209 2707 4263 audita
2742 4226 2819 4273 re,
2849 4220 2904 4264 et
2954 4209 3195 4264 laudatis
3239 4224 3303 4265 ac
3340 4212 3562 4270 benedi-

1990 4299 2091 4354 ctis
2123 4299 2302 4365 nobis,
2351 4299 2551 4365 exivit;
2586 4315 2821 4368 cumque
2846 4299 3066 4354 lavisset
3104 4300 3157 4353 iu
3187 4300 3356 4367 mari,
3384 4318 3450 4357 ac
3479 4305 3564 4359 in-

1991 4408 2210 4463 gressus
2236 4401 2421 4460 esset,
2465 4402 2761 4463 posteaque
2791 4394 2974 4449 cibum
3008 4393 3363 4465 sumpsisset,
3403 4412 3563 4457 nocte

1923 4478 1968 4533 D
1994 4482 2332 4548 adveniente,
2368 4499 2561 4540 somno
2594 4501 2652 4541 se
2682 4485 2849 4540 dedit.

2060 4573 2196 4629 LXI.
2238 4573 2357 4629 Jam
2392 4591 2521 4631 vero
2566 4577 2633 4631 ad
2665 4576 2961 4632 secundum
3012 4578 3277 4648 gallorum
3328 4588 3555 4635 cantum

1988 4681 2240 4738 surgens,
2289 4667 2682 4739 inveniensque
2730 4685 2828 4724 nos
2874 4669 2985 4738 jam
3028 4671 3346 4741 vigilantes;
3382 4673 3476 4742 qui
3509 4680 3565 4726 et

1989 4774 2211 4815 eramus
2239 4775 2363 4814 cum
2392 4774 2459 4814 eo
2490 4774 2681 4815 omnes
2713 4762 2949 4816 sedecim
2975 4779 2989 4825 ;
3020 4762 3156 4830 ipse,
3182 4764 3433 4834 inquam,
3456 4763 3562 4819 Pe-

1993 4860 2131 4919 trus,
2160 4861 2214 4906 et
2241 4866 2341 4923 ego
2365 4849 2639 4917 Clemens,
2668 4849 2883 4907 Nicetas
2908 4860 2963 4905 et
2992 4852 3210 4919 Aquila,
3238 4862 3403 4924 atque
3424 4854 3563 4908 duo-

1996 4946 2168 5001 decim
2195 4946 2286 5014 qui
2317 4943 2601 5015 praegressi
2652 4942 2901 5011 fuerant;
2939 4953 3228 5014 postquam
3271 4945 3561 5001 salutavis-

2001 5047 2082 5093 set
2111 5052 2331 5103 omnes;
2381 5037 2659 5107 ingressus
2718 5045 2801 5091 est
2825 5037 3047 5106 quidam
3075 5052 3138 5092 ex
3173 5036 3556 5100 familiaribus,

1588 5151 1819 5208 VARIzE
1858 5152 2258 5210 LECTIONES.

395 5246 458 5339 _':
483 5246 817 5339 algere:-
868 5239 967 5339 έάι
1011 5237 1545 5339 etesiarum

335 5317 483 5373 hom.
516 5310 613 5378 vni,
643 5310 807 5367 (τίη.
926 5312 967 5342 ⁸⁷
1010 5312 1057 5364 al
1105 5310 1311 5362 Βίϐλον.

338 5388 387 5440 1.
418 5398 524 5441 etc.
631 5385 675 5415 ⁸³
714 5383 783 5435 al.
825 5380 1017 5451 Βίϐλῳ.
1096 5382 1140 5451 9ο
1174 5382 1242 5433 δι.
1281 5380 1482 5440 αὐτοῖς.

343 5456 791 5529 Recogniliont'bus
818 5492 833 5517 ,
860 5450 1312 5521 διανεπαύσαμεν.
1342 5450 1477 5503 ϐοτ.

1656 5242 1702 5276 ⁸³
1728 5245 1807 5315 al.
1835 5245 2205 5315 pracpoumai.
2283 5243 2330 5282 ⁸⁸
2357 5242 2427 5315 al.
2462 5241 2721 5315 ὀμιλήτω,
2768 5241 2845 5315 ξπ
2884 5240 2967 5315 a|._
3000 5239 3147 5308 μηθ’.

1429 5308 1453 5341 ⁸
1487 5305 1758 5378 ClemenL,
1801 5305 1961 5368 hom:
1990 5331 2088 5379 vn,
2154 5328 2253 5381 cap

1580 5385 1622 5415 ⁹¹
1664 5385 1736 5438 al.
1772 5383 1978 5437 Βίϐλον.

3224 5237 3270 5271 ⁸ο
3310 5228 3557 5291 Clement.

2262 5354 2277 5367 .
2315 5313 2438 5373 ult.,
2482 5304 2536 5366 et
2565 5304 2711 5365 hom.
2762 5309 2816 5373 8,
2863 5327 2911 5365 c.
2950 5304 3013 5375 l,'
3040 5304 3141 5363 etc.
3174 5304 3301 5375 ﬁer.
3332 5307 3368 5360 l.
3399 5321 3471 5363 tv.
3505 5321 3554 5360 c.

2081 5372 2126 5416 θ’
2162 5372 2626 5452 Διαναπαύσομεν.
2682 5372 2809 5450 Legi
2860 5372 3022 5450 queat
3068 5392 3135 5432 ex
3156 5372 3556 5434 Clementiniset

1591 5562 1951 5618 VARIOIIUM
1982 5562 2210 5617 NOTAE.

409 5668 484 5737 (9)
521 5667 860 5738 Mapoa'rrov.
897 5664 1101 5721 Nomen
1128 5674 1210 5723 est
1241 5664 1521 5738 Syriacum
1548 5672 1647 5738 sat
1674 5674 1886 5726 n0tum,

344 5742 422 5793 vel
450 5734 666 5808 propter
692 5738 1195 5810 monachum‘illum
1219 5777 1234 5799 ,
1266 5734 1379 5810 sive
1410 5736 1568 5810 male,
1596 5734 1720 5810 sive
1744 5742 1891 5810 recte

345 5800 682 5876 sentientem,
715 5824 743 5863 a
773 5824 879 5878 quo
910 5806 1035 5874 dicti
1070 5808 1367 5861 Maronitaz.
1414 5804 1490 5861 De
1515 5820 1579 5859 eo
1596 5800 1890 5870 Eutychius

2004 5662 2313 5727 Batricides,
2342 5665 2433 5733 qui
2463 5662 2872 5718 Mouothelitam
2906 5659 3075 5733 fuisse
3101 5661 3237 5730 vult,
3265 5677 3295 5718 a
3326 5677 3437 5733 quo
3470 5678 3559 5721 ro-

1995 5745 2261 5790 centtorcs
2290 5730 2566 5790 Maronitze
2591 5733 2936 5789 dissentiunt.
2975 5730 3143 5787 (Itan.
