4022 6336
395 302 504 360 815

1219 301 1278 357 S.
1313 299 1701 357 CLEMENTIS
1746 299 1766 354 I
1803 296 1968 354 ROM.
2010 296 2208 352 PONT.
2244 298 2475 355 OPERA
2509 299 2739 359 DUBIA.

3533 302 3638 361 518

395 430 543 487 hunc
569 439 821 485 nuntium
867 428 916 484 ei
963 427 1196 484 aEerens
1224 446 1239 482 :
1271 425 1461 483 Simon
1505 429 1721 497 Magus,
1754 426 1846 481 ubi
1880 424 1963 480 di-

2067 425 2147 478 ὅτι
2174 427 2357 499 Σίμων
2393 429 2625 499 όΜάγος
2669 427 2851 501 μαθών
2889 445 2948 481 σε
2976 429 3041 498 τῇ
3085 423 3339 497 Τριπῶει
3364 423 3636 494 ἐπιδημή-

395 523 528 582 dicit
568 532 621 578 te
646 521 851 592 Tripoli
880 535 1024 585 esse,
1070 521 1123 574 in
1179 519 1395 592 Syriam
1433 521 1548 590 ipse
1579 521 1714 575 abiit
1741 538 1754 574 :
1781 518 1957 573 multi-

398 616 531 670 tudo
561 623 740 668 autem
769 626 933 666 unam
967 610 1106 664 hanc
1132 619 1344 664 noctem
1377 625 1498 664 esse
1537 609 1666 662 anni
1699 609 1963 662 ambitum

397 707 661 761 arbitrata
682 745 697 768 ,
725 719 825 757 nec
862 703 1047 756 valens
1079 701 1436 771 praestitutum
1469 716 1498 754 a
1529 709 1580 755 te
1627 707 1842 769 tempus
1866 715 1965 754 ex-

398 806 664 867 spectare,
698 811 796 865 pro
827 793 1038 848 foribus
1064 802 1206 856 stat,
1244 807 1338 861 per
1361 800 1535 846 ccetus
1563 803 1616 845 et
1641 791 1876 846 circulos
1899 789 1966 845 de

401 885 642 942 Simonis
686 885 1030 956 improbitate
1077 892 1268 937 mutuo
1305 883 1656 952 colloquens;
1699 881 1790 951 qui
1836 895 1962 935 cum

399 996 494 1036 eos
524 980 577 1034 in
611 995 759 1049 spem
790 977 1128 1041 adduxisset,
1159 984 1322 1046 atque
1344 975 1619 1046 pollicitus
1653 983 1796 1030 esset
1819 974 1964 1044 quod

400 1083 453 1127 te
483 1084 802 1142 praesentem
834 1072 1020 1128 multis
1051 1074 1116 1127 de
1139 1073 1465 1129 criminibus
1495 1083 1644 1128 esset
1676 1072 1964 1127 convictu-

400 1181 521 1231 rus,
555 1165 774 1236 cognito
808 1165 1040 1220 adventu
1079 1175 1173 1220 tuo
1198 1181 1256 1221 se
1287 1167 1354 1221 de
1386 1175 1544 1220 nocte
1573 1166 1626 1219 in
1657 1164 1839 1236 fugam
1872 1165 1965 1218 de-

399 1255 541 1310 derit
565 1272 578 1309 :
617 1255 710 1310 sed
737 1265 791 1309 et
813 1255 1001 1310 eadem
1029 1257 1180 1326 plebs
1209 1267 1260 1310 te
1285 1257 1471 1311 audire
1498 1255 1788 1310 desiderat.

472 1345 631 1399 LXII.
667 1345 732 1400 Et
758 1347 972 1414 Petrus,
1025 1348 1329 1403 admiratus
1375 1348 1521 1418 vulgi
1574 1348 1838 1409 studium,
1879 1363 1966 1402 re-

400 1438 620 1507 Spondit
649 1455 663 1492 :
698 1436 928 1504 Videtis,
959 1438 1175 1504 fratres,
1219 1455 1328 1509 quo
1359 1451 1517 1510 pacto
1549 1439 1762 1496 Domini
1795 1442 1964 1497 nostri

398 1529 565 1584 verba
617 1529 901 1586 manifeste
939 1531 1338 1600 compleantur.
1371 1531 1590 1588 Memini
1643 1533 1789 1588 enim
1838 1549 1963 1588 eum

399 1620 580 1676 dicere
611 1636 624 1670 :
662 1621 821 1675 Multi
873 1623 1075 1676 venient
1117 1621 1180 1676 ab
1219 1622 1451 1690 Oriente,
1478 1636 1526 1678 et
1573 1622 1882 1692 Occidente,
1915 1635 1964 1679 et

397 1712 673 1782 Aquilone,
709 1723 759 1767 ct
818 1715 987 1778 mari,
1021 1731 1082 1768 ac
1147 1716 1440 1770 recumbent
1487 1731 1605 1770 cum
1642 1717 1961 1780 Abraltamo,

400 1798 592 1854 Isaaco
633 1810 685 1854 et
736 1799 935 1856 Jacobo
958 1803 1026 1856 ".
1066 1803 1171 1858 Sed
1201 1814 1254 1859 ct
1300 1805 1480 1873 Multi,
1531 1805 1725 1877 inquit,
1758 1810 1961 1874 vocati;

397 1895 554 1963 pauci
595 1911 712 1949 vero
768 1895 1011 1951 electi".
1044 1897 1226 1968 Itaque
1275 1898 1420 1968 quod
1474 1901 1714 1967 veniant,
1749 1917 1854 1955 non
1885 1912 1968 1958 est

397 2002 585 2044 eorum
619 1992 923 2061 pr0prium,
960 1993 1054 2047 sed
1099 2004 1182 2050 est
1215 1994 1308 2049 Dei
1342 1996 1434 2066 qni
1466 1996 1681 2051 vocavit
1713 2015 1726 2051 :
1759 1996 1803 2051 si
1836 2009 1966 2050 vero

398 2089 522 2151 post
565 2083 902 2138 vocationem
955 2084 1095 2139 bona
1143 2101 1306 2156 opera
1354 2086 1602 2152 fecerint,
1645 2087 1746 2142 hoc
1773 2101 1963 2140 eorum

397 2173 504 2228 erit
530 2175 835 2244 proprium,
859 2187 911 2231 et
932 2177 1343 2232 convenientem
1374 2186 1736 2247 assequentur
1761 2192 1966 2232 merce—

395 2265 482 2322 dis
511 2268 944 2322 retributionem.
972 2267 1014 2298 9"
1043 2267 1169 2324 Ilaec
1207 2269 1344 2324 dixit
1375 2287 1389 2324 :
1423 2285 1656 2339 cumque
1696 2270 1966 2340 ingentem

398 2357 616 2411 turbam
655 2357 884 2424 videret,
936 2358 1130 2413 leniter
1193 2359 1340 2413 velut
1390 2359 1660 2430 placidum
1700 2356 1963 2412 fluentum

396 2451 576 2506 amnis
599 2450 838 2516 afﬂuere,
874 2450 1115 2506 Marooni
1153 2451 1229 2506 ait
1262 2468 1274 2505 :
1305 2449 1404 2505 Ubi
1439 2452 1528 2506 hic
1554 2451 1650 2504 tibi
1677 2450 1831 2505 locus
1860 2459 1962 2516 est,

396 2541 493 2612 qui
525 2542 667 2596 hanc
710 2541 1111 2597 multitudinem
1143 2557 1338 2612 capere
1386 2540 1593 2612 possit?
1613 2540 1679 2595 Et
1709 2541 1966 2598 Maroone

394 2632 625 2688 ducente
677 2647 804 2687 eum
837 2632 892 2686 in
930 2633 1108 2688 locum
1138 2633 1299 2688 horto
1333 2633 1609 2687 excultum
1644 2647 1708 2687 ac
1735 2632 1956 2688 subdia-

395 2721 522 2789 lem,
551 2733 750 2777 secutze
780 2731 908 2777 sunt
937 2731 991 2778 et
1015 2725 1206 2779 turba.

467 2813 647 2869 LXIII.
699 2813 891 2870 Petrus
941 2824 1145 2879 autem,
1184 2830 1346 2884 super
1384 2814 1557 2869 basim
1607 2821 1801 2868 statua:
1853 2827 1961 2868 non

396 2905 693 2960 admodum
733 2907 1003 2966 excelsam
1051 2915 1232 2973 stans;
1265 2906 1430 2960 simul
1481 2916 1647 2976 atque
1701 2905 1960 2976 populum

397 3013 550 3053 more
592 2998 845 3067 religioso
883 2999 1210 3064 salutasset;
1255 3013 1484 3052 cernens
1531 2998 1728 3053 multos
1777 3008 1962 3052 astan-

2068 537 2254 583 σαντα,
2287 522 2384 593 τὴν
2409 523 2500 576 ἐπὶ
2521 522 2722 594 Συρίαν
2742 520 2904 584 αὐτὸς
2933 519 3123 591 ᾦχετοο
3141 517 3208 572 τά
3229 517 3286 571 δέ
3337 517 3516 589 πλήθη
3537 517 3635 590 τὴν

2069 613 2197 684 μίαν
2239 612 2440 686 ταύτην
2474 613 2646 668 νύκτα
2687 611 2937 668 ἐνιαυτοῦ
2990 609 3236 683 περίοδον
3264 609 3635 681 ἡγησάμενοι,

2065 705 2164 776 τὴν
2193 704 2436 759 δοθεῖσαν
2463 704 2570 759 ὑπὸ
2607 705 2701 759 σοῦ
2747 703 3085 777 προθεσμίαν
3113 703 3174 756 οὐ
3201 699 3484 772 δυνάμενοι
3509 701 3640 754 ἀνα-

2069 795 2270 868 μένειν,
2299 799 2405 868 πρὸ
2421 799 2530 852 τῶν
2551 797 2729 870 θυρῶν
2759 797 3040 867 ἑστήκασι,
3061 793 3201 847 κατά
3235 793 3520 856 συστάσεις
3546 795 3641 848 καὶ

2068 890 2376 960 συλλόγους,
2408 888 2657 961 ἀλλήλοις
2677 890 2804 960 περὶ
2832 888 2930 959 τῆς
2950 885 3043 939 τοῦ
3072 885 3310 957 Σίμωνος
3339 884 3640 957 μοχθηρίας

2065 980 2429 1054 διομιλοῦντες
2448 1022 2461 1046 ,
2490 976 2568 1033 διὸ
2585 979 2630 1011 ⁸³
2669 979 3003 1050 μετεωρίσας
3047 977 3259 1042 αὐτοὺς,
3282 976 3376 1029 καὶ
3403 975 3640 1044 ὑποσχό-

2070 1092 2229 1146 μενος
2254 1074 2345 1126 ἐπὶ
2374 1071 2587 1136 πολλοῖς
2623 1088 2682 1124 σε
2723 1073 2912 1134 κακοῖς
2951 1069 3171 1123 ἐλθόντα
3201 1065 3438 1137 ἐλέγξειν
3458 1105 3473 1130 ,
3517 1067 3642 1120 ἐπι-

2065 1166 2380 1238 δημήσαντα
2404 1164 2592 1233 γνοὺς,
2623 1162 2837 1234 νύκτωρ
2884 1163 3106 1232 διέφυγε
3125 1176 3139 1191 ·
3171 1159 3310 1231 πλὴν
3347 1158 3644 1230 ἐπιθυμοῦ-

2069 1271 2151 1307 σιν
2182 1254 2340 1308 αύτοὶ
2365 1253 2595 1308 ἀκοῦσαί
2628 1270 2739 1306 σου.

2137 1348 2294 1404 [λιιι.
2339 1349 2448 1401 Καὶ
2492 1349 2523 1400 ὁ
2579 1347 2782 1418 Πέτρος
2829 1343 3112 1414 Θαυμάσας
3167 1342 3276 1396 τῶν
3316 1339 3488 1412 ὄχλων
3540 1341 3642 1411 τὴν

2068 1441 2322 1512 σπουδὴν,
2359 1438 2709 1511 ἀπεκρίνατοο
2772 1438 2983 1510 Ὁρᾶτε,
3023 1434 3275 1504 ἀδελφοὶ,
3311 1433 3428 1497 πῶς
3466 1435 3516 1486 οἱ
3543 1433 3640 1487 τοῦ

2067 1530 2271 1604 Κυρίου
2315 1530 2472 1602 ἡμῶν
2504 1530 2649 1599 λόγοι
2673 1529 2928 1601 ἐμφανῶς
2957 1526 3304 1581 τελειοῦνται.
3339 1526 3642 1599 Μέμνημαι

2065 1626 2173 1698 γὰρ
2211 1625 2372 1679 αὐτοῦ
2399 1620 2698 1695 εἰρηκότος,
2736 1622 2836 1675 ότι·
2862 1619 3086 1675 Πολλοὶ
3127 1619 3478 1673 ἐλεύσονται
3522 1619 3641 1672 ἀπὸ

2063 1715 2393 1780 ἀνατολῶν,
2447 1717 2546 1769 καὶ
2589 1715 2856 1783 δυσμῶν,
2899 1713 2996 1767 καὶ
3038 1713 3232 1783 βοῤῥᾶ
3285 1711 3382 1766 καὶ
3409 1711 3640 1789 θαλάσ-

2065 1827 2184 1878 σης
2208 1811 2278 1842 ⁸³⁸·
2345 1809 2444 1862 καὶ
2487 1807 2992 1874 ἀνακλιθήσονται
3043 1806 3192 1877 μετὰ
3245 1803 3499 1874 Ἀϐραὰμ
3543 1803 3644 1858 καὶ

2079 1902 2283 1958 Ἰσαὰκ
2325 1901 2422 1956 καὶ
2469 1899 2686 1956 Ἰακώϐ.
2730 1900 2888 1953 Ἀλλά
2913 1900 3007 1953 καὶ
3046 1897 3284 1962 πολλοὶ,
3317 1896 3470 1969 φησὶ,
3495 1900 3642 1965 κλη-

2066 1995 2175 2058 τοὶ,
2195 1997 2385 2064 ὀλίγοι
2423 1994 2489 2048 δὲ
2515 1994 2804 2048 ἐκλεκτοί.
2835 1992 2908 2046 Τὸ
2949 1990 3046 2064 μὲν
3080 1987 3171 2046 οὖν
3195 1990 3370 2044 ἐλθεῖν
3396 1989 3495 2042 ούκ
3541 1989 3640 2042 αύ-

2066 2086 2174 2140 τῶν
2220 2087 2365 2140 ἐστιν
2399 2085 2549 2149 ἴδιον,
2595 2085 2730 2138 ἀλλὰ
2769 2083 2861 2138 τοῦ
2909 2083 3237 2153 κεκληκότος
3278 2081 3431 2135 Θεοῦ·
3461 2081 3553 2135 ἐὰν
3582 2079 3642 2134 δὲ

2069 2176 2206 2250 μετά
2233 2175 2293 2230 τὸ
2333 2175 2687 2248 κληθῆναιτά
2729 2174 2907 2244 ἀγαθά
2951 2174 3216 2247 πράξωσι,
3268 2173 3424 2226 τοῦτο
3464 2172 3641 2227 αὐτῶν

2066 2269 2214 2332 ἴδιον,
2237 2268 2328 2322 καὶ
2352 2269 2450 2340 τῆς
2476 2266 2857 2340 προσηκούσης
2884 2265 3164 2331 τεύξονται
3198 2263 3638 2337 μισθαποδοσίας.

2065 2362 2250 2417 Ταῦτα
2273 2357 2416 2423 εἷπε,
2438 2362 2531 2414 καὶ
2551 2360 2639 2413 τὸν
2666 2360 2830 2414 πολὺν
2849 2359 3002 2430 ὄχλον
3029 2358 3151 2414 ίδὼν
3172 2360 3362 2432 πράως
3391 2358 3642 2431 καθάπερ

2063 2455 2262 2528 ἦσυχόν
2287 2472 2339 2507 τι
2375 2453 2550 2526 ῥεῦμα
2585 2452 3196 2524 ποταμοῦἐπιρρέοντα,
3222 2452 3325 2521 ἔφη
3353 2449 3429 2520 τῷ
3456 2451 3644 2521 Μαρο-

2063 2546 2197 2620 ώνῃο
2217 2545 2325 2598 Ποῦ
2350 2562 2429 2597 σοι
2455 2544 2614 2606 τόπος
2636 2543 2783 2597 ἐστὶν
2817 2542 3068 2607 ἐνταῦθα,
3088 2542 3212 2606 τοὺς
3236 2541 3424 2612 ὄχλους
3446 2541 3642 2613 χωρῖν

2062 2634 2358 2708 δυνάμενος
2377 2652 2392 2701 ;
2415 2635 2522 2688 Τοῦ
2544 2636 2600 2689 δὲ
2621 2634 2915 2707 Μαροὼνου
2941 2635 3022 2698 είς
3051 2650 3294 2704 κεκηπευ
3302 2634 3460 2704 μένον
3476 2633 3642 2687 τόπον

2065 2726 2158 2778 καὶ
2187 2723 2452 2796 ὕπαιθρον
2480 2725 2640 2779 αὐτὸν
2655 2725 2897 2794 ἄγοντος,
2926 2724 3136 2777 εἵποντο
3167 2724 3261 2778 καὶ
3291 2725 3338 2778 οί
3365 2723 3527 2794 ὄχλοι.

2136 2814 2318 2870 LXIII.
2361 2818 2470 2870 Kal.
2501 2819 2529 2871 ὁ
2566 2816 2772 2889 Πέτρος
2805 2816 2899 2869 ἐπί
2924 2834 3072 2881 τινος
3095 2816 3303 2887 βάσεως
3327 2817 3642 2889 ἀνδριάντος

2065 2910 2125 2963 ού
2162 2909 2302 2963 πάνυ
2347 2908 2620 2981 μετεώρου
2667 2908 2816 2973 στὰς,
2851 2909 2967 2980 ἅμα
2990 2909 3067 2980 τῷ
3093 2909 3183 2962 τὸν
3214 2909 3368 2980 ὄχλον
3401 2909 3644 2963 θεοσεϐεῖ

2064 3000 2174 3054 ἔθει
2219 2999 2672 3072 προσαγορεῦσαι,
2701 2999 2823 3054 ἰδὼν
2873 3001 3098 3064 πολλοὺς
3129 3000 3237 3053 τῶν
3280 2999 3642 3073 παρεστώτων

397 3090 556 3150 tium,
585 3104 613 3142 a
645 3089 984 3143 daemonibus
1003 3089 1116 3157 jam
1145 3089 1233 3143 diu
1263 3089 1610 3156 molestatos;
1641 3104 1706 3145 ac
1726 3090 1982 3150 strideret

2067 3093 2162 3150 ὑπὸ
2176 3093 2438 3164 δαιμόνων
2458 3110 2517 3146 τε
2544 3094 2638 3147 καὶ
2662 3093 2871 3148 πολλῶν
2894 3095 2940 3127 ’⁸
2966 3094 3170 3166 χρόνων
3205 3094 3638 3166 ἐνοχλουμένους,

397 3198 522 3238 cum
574 3182 804 3247 ululatu,
835 3191 887 3235 et
935 3182 1215 3250 procidere
1257 3197 1380 3236 cum
1416 3183 1843 3252 supplicatione;
1884 3185 1967 3238 in-

398 3273 745 3343 crepitis'iis,
780 3263 1171 3343 silentiumque
1222 3284 1405 3330 tenere
1449 3275 1654 3344 jussis,
1694 3276 1966 3345 pollicitus

397 3365 734 3421 curationem
790 3373 913 3434 post
965 3365 1209 3420 habitum
1271 3380 1613 3434 sermonem,
1682 3367 1756 3422 ita
1814 3367 1965 3438 loqui

396 3457 563 3525 cmpit
589 3474 602 3510 :

468 3549 653 3605 LXIV.
706 3549 870 3618 Deus,
929 3551 1020 3621 qui
1073 3551 1223 3606 solus
1278 3551 1457 3607 bonus
1505 3560 1609 3615 est,
1659 3559 1966 3622 cunctaque

397 3642 658 3715 praeclare
709 3640 860 3707 fecit,
921 3649 1145 3713 propter
1203 3643 1434 3696 salutem
1481 3643 1691 3713 generis
1716 3641 1962 3710 humani,

395 3734 548 3790 misit
581 3735 919 3805 unigenitum
949 3733 1145 3789 Filium
1197 3749 1357 3788 suum
1389 3733 1678 3788 Dominum
1712 3743 1963 3789 nostrum

393 3822 579 3880 .Iesum
625 3823 926 3888 Christum,
960 3824 1053 3894 qui
1084 3823 1132 3877 ei
1165 3823 1360 3894 placita
1386 3825 1652 3895 vulgaret,
1684 3824 1966 3896 legemque

395 3914 548 3971 daret
571 3927 863 3983 aeternam;
891 3925 949 3970 ut
980 3915 1128 3968 illam
1176 3923 1440 3983 perpetuo
1495 3917 1888 3982 custodientes,
1911 3923 1966 3971 et

396 4008 656 4077 baptizati
709 4010 763 4063 in
809 4010 1187 4064 remissionem
1231 4020 1599 4082 peccatorum,
1625 4011 1733 4065 vita
1764 4011 1964 4080 sempi-

398 4107 547 4153 terna
567 4101 850 4154 donemur.
875 4101 920 4131 99
937 4098 1219 4155 Erﬁtimini
1256 4111 1436 4156 autem
1463 4101 1658 4170 primo,
1694 4111 1752 4156 ut
1783 4101 1964 4157 sordi—

397 4192 524 4246 dum
561 4192 939 4245 indumentum
986 4200 1253 4259 vestrum,
1316 4193 1543 4258 scilicet,
1610 4193 1961 4260 infidelitatis,

398 4282 640 4347 exuatis;
673 4281 819 4351 quod
874 4296 983 4335 non
1043 4281 1147 4335 alia
1191 4283 1402 4338 ratione
1433 4284 1659 4353 potestis
1676 4283 1961 4354 deponere,

400 4372 500 4425 nlsi
535 4372 688 4440 prius
739 4373 791 4425 in
837 4373 996 4427 bonis
1036 4374 1343 4429 actionibus
1365 4375 1712 4445 baptizemini
1751 4395 1764 4430 :
1799 4384 1963 4446 atque

401 4463 499 4526 ita,
533 4463 656 4532 puri
685 4477 913 4532 corpore
946 4480 1011 4519 ac
1042 4465 1223 4520 anima
1259 4443 1460 4530 effecti,
1494 4467 1679 4522 futuro
1706 4443 1964 4538 perpetuo
1995 4443 2040 4501 θ

400 4568 566 4623 regno
579 4552 856 4609 fruemini.
877 4554 1062 4625 Itaque
1085 4572 1185 4612 nec
1207 4559 1366 4615 idolis
1394 4560 1612 4627 credite,
1637 4577 1734 4616 nec
1763 4578 1964 4617 mensa:

399 4660 588 4700 eorum
615 4645 904 4715 participes
929 4655 1136 4715 estote;
1172 4665 1278 4702 non
1313 4649 1570 4715 occidite;
1601 4665 1707 4704 non
1755 4652 1963 4707 adulte-

399 4744 544 4798 rate,
572 4752 677 4790 non
707 4735 930 4806 ﬂagrate
963 4739 1091 4794 odio
1121 4749 1346 4806 mutuo;
1379 4756 1478 4794 nec
1521 4740 1723 4796 furtum
1765 4743 1959 4811 facite;

401 4844 576 4898 neque
606 4829 832 4882 omnino
870 4831 1226 4899 aggredimini
1261 4833 1368 4886 ulla
1397 4847 1558 4901 prava
1593 4831 1853 4889 facinora.

470 4919 632 4974 LXV.
687 4917 812 4974 Haec
867 4937 992 4975 cum
1045 4921 1290 4987 dixisset,
1348 4933 1508 4994 atque
1546 4939 1612 4979 ex
1666 4923 1960 4997 Scripturis

401 5011 705 5067 monuisset
742 5012 936 5074 multa.
962 5025 1152 5066 omnes
1187 5024 1636 5083 permanserunt;
1660 5016 1749 5070 alii
1780 5026 1838 5072 ut
1867 5033 1963 5072 cu-

402 5113 675 5168 rarentur,
706 5103 798 5159 alii
831 5117 888 5158 ut
914 5104 1160 5157 viderent
1186 5121 1281 5159 eos
1313 5106 1406 5176 qui
1436 5107 1961 5180 sanitatem‘recipe-

403 5206 542 5252 rent.
566 5195 758 5251 Petrus
796 5205 975 5250 autem
1007 5194 1274 5252 duntaxat
1297 5197 1584 5267 impatiens
1615 5200 1723 5255 illis
1746 5217 1960 5268 manus,

403 5300 457 5346 et
485 5299 881 5360 comprecatus,
917 5289 1213 5358 unicuique
1268 5290 1664 5346 immunitatem
1711 5308 1740 5346 a
1773 5294 1963 5348 morbo

2070 3190 2364 3263 βρόχοντάς
2394 3207 2452 3243 τε
2486 3188 2602 3261 μετ’
2623 3191 2869 3261 οἰμωγῆς
2903 3192 2995 3244 καὶ
3039 3191 3334 3253 πίπτοντας
3365 3189 3499 3261 μετά
3530 3190 3642 3243 ἱκε-

2069 3280 2208 3344 σίας,
2243 3282 2572 3351 ἐπιτιμήσας
2602 3281 2785 3344 αύτοῖς
2812 3281 2907 3334 καὶ
2940 3279 3165 3350 ἡσυχίαν
3189 3279 3330 3349 ἔχειν
3358 3280 3639 3346 ἐπιτάξας,

2067 3374 2160 3427 καὶ
2191 3373 2288 3443 τὴν
2319 3371 2461 3425 ἴασιν
2491 3371 2631 3442 μετὰ
2657 3371 2718 3426 τὸ
2749 3370 3092 3443 διαλεχθῆναι
3140 3370 3636 3442 καθυποσχόμενος,

2063 3463 2158 3516 τοῦ
2183 3463 2363 3532 λέγειν
2395 3463 2595 3535 ἤρξατο
2638 3462 2830 3527 οὕτως·

2135 3555 2318 3611 LXIV.
2337 3557 2395 3610 Ὁ
2431 3555 2587 3628 μόνος
2625 3556 2826 3625 ἀγαθὸς
2853 3555 3003 3619 Θεὸς,
3037 3555 3108 3608 τὰ
3140 3555 3315 3608 πάντα
3347 3556 3525 3621 καλῶς
3549 3576 3643 3611 πε-

2064 3648 2308 3720 ποιηκὼς
2349 3650 2441 3701 ἐπὶ
2491 3648 2733 3720 σωτηρία
2778 3646 2870 3700 τοῦ
2917 3648 3105 3717 γένους
3156 3648 3262 3701 τῶν
3314 3649 3638 3719 ἀνθρώπων,

2065 3742 2408 3809 ἐξαπέστειλε
2460 3740 2550 3794 τὸν
2605 3741 2866 3812 μονογενῆ
2926 3739 3089 3794 αὑτοῦ
3143 3743 3268 3796 rem
3301 3741 3390 3796 τὸν
3434 3740 3640 3814 Κύριον

2065 3832 2222 3904 ἡμῶν
2261 3830 2466 3903 Ἰησοῦν
2496 3832 2747 3902 Χριστὸν,
2782 3815 2850 3883 τά
2875 3832 3063 3901 ἐκείνῳ
3087 3831 3342 3886 δοκοῦντα
3384 3835 3635 3902 ὲκφάναι,

2065 3923 2157 3977 καὶ
2189 3921 2348 3994 νόμον
2375 3921 2586 3974 αἰώνιον
2618 3920 2820 3985 δοῦναι,
2853 3921 2938 3974 ἵνα
2976 3922 3333 3990 φυλάσσοντες
3357 3923 3518 3976 αὐτὸν
3547 3923 3638 3976 διὰ

2064 4015 2280 4078 παντὸς,
2316 4014 2407 4067 καὶ
2440 4011 2824 4083 βαπτισθέντες
2865 4013 2944 4075 εἰς
2977 4013 3167 4081 ἄφεσιν
3199 4013 3502 4085 ἁμαρτιῶν,
3537 4014 3637 4084 τῆς

2064 4106 2281 4161 αἰωνίου
2298 4105 2444 4175 ζωῆς
2472 4101 2912 4173 καταξιωθῶμεν.
2933 4105 3270 4158 Σπουδάσατε
3292 4106 3347 4158 δὲ
3373 4106 3633 4177 πρότερον

2064 4195 2388 4250 ἐκδύσασθαι
2435 4193 2494 4247 τὸ
2532 4194 2770 4266 ῥυπαρὸν
2804 4193 2956 4264 ὑμῶν
3003 4194 3204 4265 ἔνδυμα
3228 4195 3326 4266 τῆς
3353 4195 3628 4261 ἀπιστίας,

2063 4290 2198 4360 ὅπερ
2225 4289 2324 4341 ούκ
2339 4286 2511 4349 ἄλλως
2539 4286 2906 4339 ἀποδύσασθαι
2927 4285 3172 4349 δύνασθε,
3195 4287 3242 4338 εἰ
3269 4287 3342 4357 μὴ
3370 4285 3631 4359 πρότερον

2065 4382 2154 4434 ἐπὶ
2201 4380 2392 4441 καλαῖς
2441 4377 2671 4448 πράξεσι
2722 4375 3068 4446 βαωισθῆτε·
3098 4377 3193 4429 καὶ
3229 4375 3371 4430 οὕτω
3402 4377 3632 4449 καθαροὶ

2067 4469 2277 4540 σώματι
2310 4469 2403 4522 καὶ
2427 4468 2570 4539 ψυχῇ
2605 4469 2904 4539 γενόμενοι,
2938 4469 3035 4540 τῆς
3053 4469 3314 4540 ἐσομένης
3345 4469 3511 4522 ἀϊδίου
3537 4470 3632 4540 βαι

2066 4560 2267 4623 στλείας
2314 4557 2666 4612 ἀπολαύσετε.
2714 4558 2862 4628 Μήτε
2909 4553 3002 4610 οὖν
3056 4557 3292 4620 εἰδώλοις
3325 4558 3629 4621 πιστεύετε,

2067 4653 2201 4722 μήτε
2246 4649 2524 4722 τραπέζης
2565 4648 2744 4702 αὐτῶν
2789 4652 3093 4702 κοινωνεῖτε
3119 4649 3206 4681 ¹⁰⁰·
3242 4649 3315 4720 μὴ
3355 4645 3628 4718 φονεύετε,

2068 4745 2140 4816 μὴ
2173 4742 2469 4814 μοιχεύετε,
2517 4741 2589 4813 μὴ
2626 4745 2828 4812 μισεῖτε
2862 4741 3138 4814 ἀλλήλους,
3177 4741 3310 4813 μηδέ
3347 4742 3627 4806 κλέπτετε,

2069 4836 2201 4907 μηδέ
2225 4838 2418 4899 κακαῖς
2450 4852 2557 4888 τισι
2589 4834 2846 4904 πράξεσιν
2879 4834 3014 4897 ὅλως
3037 4835 3379 4906 ἐπιχειρεῖτε.

2137 4923 2296 4979 LXV.
2326 4923 2509 4977 Ταῦτα
2531 4924 2772 4984 εἰπόντος
2801 4921 2989 4986 αὐτοῦ,
3019 4923 3112 4976 καὶ
3144 4923 3247 4976 ἀπὸ
3269 4922 3375 4975 τῶν
3399 4921 3630 4992 Γραφῶν

2065 5015 2236 5071 πολλά
2281 5013 2720 5086 παραινέσαντος,
2745 5015 2795 5066 οἱ
2828 5015 3027 5077 πάντες
3078 5013 3430 5085 παρέμειναν,
3453 5014 3502 5065 οἱ
3531 5014 3629 5084 μὲν

2063 5105 2156 5159 τοῦ
2181 5104 2575 5176 θεραπευθῆναι
2602 5103 2781 5174 χάριν,
2803 5104 2850 5155 οί
2877 5104 2932 5156 δὲ
2961 5102 3055 5155 τοῦ
3088 5103 3363 5174 ἱστορῆσαι
3385 5104 3510 5166 τοὺς
3527 5104 3630 5173 τῆς

2066 5194 2358 5268 θεραπείας
2384 5194 2754 5263 ἐπιτυχόντας.
2801 5195 2856 5248 '0
2880 5195 2936 5246 δέ
2959 5195 3162 5266 Πέτρος
3182 5194 3280 5258 τάς
3314 5195 3500 5266 χεῖρας
3530 5196 3626 5248 αύ-

2065 5288 2176 5351 τοῖς
2212 5287 2419 5350 ἐπιθεὶς
2474 5285 2651 5357 μόνον,
2679 5288 2772 5339 καὶ
2817 5285 3268 5357 προσευξάμενος,
3313 5286 3410 5357 τὴν
3451 5287 3629 5344 άπαλ·

1663 5411 1893 5468 VARIE
1929 5408 2333 5470 LECTIONES.

473 5573 521 5605 "
549 5573 618 5626 al.
657 5573 757 5629 ὅτι.
833 5575 879 5610 ³⁵
907 5573 1018 5627 Καὶ
1067 5570 1397 5642 θαλάσσης.
1444 5585 1542 5640 pro
1588 5574 1680 5625 καὶ
1721 5573 1890 5627 νότου.
1929 5576 2059 5634 Luc.
2094 5594 2192 5632 xm
2218 5617 2233 5640 ,
2263 5576 2367 5641 29,
2403 5590 2464 5628 es
2523 5571 2718 5638 psalm.
2749 5590 2858 5635 ενι,
2891 5574 2944 5638 5,
2995 5572 3086 5627 ubi
3114 5573 3330 5627 videndi
3360 5572 3625 5642 Interpre-

408 5651 506 5697 tes.
541 5643 671 5698 Cor.
749 5645 794 5678 ”
813 5643 998 5698 Matth.
1041 5661 1154 5704 vm,
1192 5643 1284 5706 II;
1325 5640 1454 5695 Luc.
1492 5657 1606 5704 xm,
1641 5643 1731 5698 29.
1807 5646 1850 5677 ’θ
1882 5646 2068 5703 Matth.
2102 5664 2192 5710 xx,
2232 5649 2314 5700 16.

1869 5718 1914 5748 ’9
1958 5711 2237 5783 Clemenl.,
2263 5717 2408 5771 hom.
2443 5729 2562 5779 vm,
2595 5732 2713 5784 cap.
2745 5715 2832 5768 25.
2916 5716 2980 5747 ‘°°
3003 5715 3074 5769 aI.
3111 5714 3278 5770 inser.
3313 5715 3534 5784 μιαρᾶς.

411 5728 548 5777 tv,c.
580 5713 629 5777 7,
649 5723 749 5769 etc.
826 5717 870 5746 ’⁸
900 5715 970 5768 al.
999 5714 1203 5766 πολλῶν
1245 5711 1510 5764 παθῶνέκ
1538 5712 1754 5766 πολλῶν.

2413 5646 2456 5678 ⁸⁷
2504 5637 2776 5707 ϐίεηιεηι..
2798 5637 2940 5699 Imm.
2970 5661 3086 5706 vm,
3108 5659 3157 5697 c.
3184 5643 3238 5705 8,
3268 5655 3371 5698 etc.
3407 5637 3550 5708 Berl,
3585 5643 3622 5697 I.
