4022 6336
360 339 462 396 517

1168 344 1626 402 CLEMENTINA.
1662 378 1734 388 —
1768 347 2064 407 EPITOME
2104 350 2191 407 DE
2222 350 2473 408 GESTIS’
2503 350 2562 408 S.
2601 351 2822 409 PETRI.

3494 355 3595 412 5I8

355 453 526 527 λαγὴν
572 457 787 530 ἑκάστῳ
819 460 913 516 τοῦ
959 461 1162 527 ¹ειάθους
1198 464 1516 537 παρέσχετο⁹
1550 466 1626 532 ὡς
1663 468 1791 533 τοὺς
1830 467 1929 540 μὲν

2032 469 2260 540 praebuit
2294 488 2307 524 :
2339 470 2477 525 adeo
2524 479 2585 525 ut
2627 469 2720 541 qui
2765 442 2947 526 subito
2979 470 3155 527 curati
3182 469 3418 539 fuerant,
3445 488 3599 528 sum-

354 549 699 620 παραχρῆμα
757 551 1190 624 θεραπευθέντας
1226 556 1241 586 ⁸
1281 556 1701 629 ὑπερθαυμάσαι
1735 577 1796 612 τε
1835 560 1929 612 καὶ⁹

351 632 509 701 δόξαν
534 636 675 709 ὑπὲρ
686 638 875 693 τούτου
892 646 1279 713 προσενεγκεῖν
1301 643 1380 715 τῷ
1408 645 1544 717 Θεῷ.
1574 647 1815 713 Βεϐαίως
1836 645 1929 703 οὖν

352 725 744 792 πιστεύσαντες
766 729 881 801 ἅμα
899 733 1011 796 τοῖς
1031 732 1463 805 θεραπευθεῖσιν,
1488 738 1582 792 ἐπὶ
1600 738 1669 792 τά
1686 739 1891 793 ἑαυτῶν
1906 742 1926 773 ¹

350 816 603 887 ἀπῄεσαν
638 818 793 874 τοῦτο
844 820 1099 888 λαϐόντες
1138 825 1375 898 ἐντολὴν,
1408 826 1549 882 ὥστε
1571 830 1927 904 πρωῖαίτερον

353 909 651 965 συνελθεῖν.
1238 948 1239 951 η

424 999 612 1056 LXVI.
647 1004 723 1074 Τῇ
745 998 838 1058 οὖν
860 1005 1087 1080 ἐπιούσῃ
1113 1008 1141 1060 6
1164 1006 1365 1080 Πέτρος
1395 1010 1511 1081 ἅμα
1540 1013 1651 1076 τοῖς
1682 1012 1927 1067 συνοῦσιν

348 1091 589 1162 ἑταίροις
638 1094 816 1161 ἐξιὼν,
861 1098 954 1151 καὶ
996 1099 1087 1152 ἐπὶ
1118 1097 1206 1153 τὸν
1231 1088 1393 1154 τόπον
1428 1102 1588 1157 πάλιν
1630 1101 1817 1158 ἐλθών·
1869 1105 1927 1161 '0

345 1180 501 1247 Θεὸς,
555 1184 705 1254 ἔλεγε
760 1188 895 1260 πρὸς
938 1190 1152 1254 αὐτοὺς,
1204 1192 1380 1246 πάντα
1408 1192 1649 1249 δύναται.
1693 1194 1927 1262 Ἐκεῖνος

344 1275 457 1345 γάρ
492 1278 641 1330 ἐστιν
670 1279 869 1347 ἀγαθὸς
910 1283 1002 1335 καὶ
1030 1282 1255 1348 δίκαιος,
1292 1286 1387 1339 καὶ
1417 1285 1511 1339 νῦν
1543 1286 1635 1341 ἐπὶ
1668 1291 1800 1342 πᾶσι
1826 1308 1927 1361 μα-

344 1367 659 1439 κροθυμῶν,
689 1371 773 1424 ἵνα
805 1372 852 1425 οί
884 1372 1192 1444 βουλόμενοι
1222 1378 1307 1445 ἐφ’
1338 1374 1421 1442 οἷς
1452 1378 1692 1447 ἔπραξαν
1740 1382 1926 1445 κακοῖς

348 1461 841 1532 μεταμεληθέντες,
864 1467 957 1519 καὶ
979 1467 1120 1521 κατά
1131 1467 1191 1522 τὸ
1208 1467 1436 1540 ἀρέσκον
1449 1469 1597 1540 αὐτῷ
1614 1468 1923 1540 βιῶσαντες,

344 1551 601 1623 ἐνὴμέρᾳ
626 1547 743 1626 ᾖτά
754 1555 926 1609 πάντα
949 1557 1188 1628 κρίνεται
1204 1559 1314 1631 [ἷσ.
1337 1560 1646 1633 κρινεῖται],
1672 1562 1780 1615 τῶν
1803 1563 1925 1615 κατ’

344 1641 501 1706 ἀξίαν
537 1643 768 1709 ἕκαστος
810 1646 1106 1722 ἀπολαύσῃ.
1138 1649 1228 1704 Διὸ
1268 1651 1361 1704 νῦν
1407 1650 1640 1723 άρξασθε
1677 1652 1927 1721 γνώσεως

342 1733 576 1805 ἀγαθῆς,
619 1734 737 1808 Θεῷ
775 1738 1104 1811 πειθόμενοι,
1162 1741 1459 1811 ἀντιλέγειν
1505 1744 1625 1807 ταῖς
1666 1744 1872 1797 ἐαυτῶν
1900 1744 1922 1777 ⁸

341 1825 567 1890 ἀτόποις
615 1808 956 1900 ἐπιθυμίαις,
1025 1832 1112 1885 ἵνα
1170 1808 1432 1903 δυνηθῆτε
1489 1832 1921 1887 ἀνακαλέσασθαι
1954 1808 1993 1863 Β

340 1916 443 1987 τὴν
493 1917 716 1988 πρώτην
760 1922 825 1991 τῇ
885 1920 1255 1993 ἀνθρωπύτητι
1334 1922 1656 1993 νεμηθεῖσαν
1735 1923 1913 1994 χάριν.

344 2004 504 2059 υῦτω
562 2004 669 2078 γάρ
704 2008 831 2079 ὑμῖν
864 2010 1092 2081 ἐξαυτῆς
1121 2011 1364 2066 ἀνατελεῖ
1391 2010 1458 2065 τὰ
1489 2012 1686 2082 ἀγαθά·
1710 2014 1807 2067 καὶ
1838 2012 1916 2085 τῷ

340 2097 638 2151 δεδωκότι⁶
670 2101 1125 2174 εὐχαριστήσετετ
1170 2105 1250 2167 είς
1299 2102 1385 2157 ἀεὶ
1435 2103 1556 2157 τῶν.
1593 2103 1916 2177 ἀπορρήτων

336 2189 705 2255 ἀπολαύοντες
760 2192 1012 2261 ἀγαθῶν,
1062 2193 1487 2268 ἀπολουσάμενοι
1542 2198 1608 2268 τῇ
1673 2196 1917 2269 μακαρίᾳ

335 2282 440 2352 τῆς
472 2281 701 2352 Τριάδος
734 2283 1014 2355 ἐπικλήσει
1049 2285 1329 2358 πρότερον,
1361 2285 1415 2340 εί
1446 2304 1530 2351 τις
1553 2287 1727 2359 κηλὶς,
1756 2287 1811 2341 εί
1830 2305 1915 2353 τις

338 2372 532 2436 σπῖλος
563 2375 684 2436 ταῖς
711 2372 1001 2446 ὑμετέραις
1021 2374 1336 2440 ἐπιπολάζει
1372 2376 1593 2447 ψυχαῖς.
1626 2376 1781 2432 Οὕτω
1805 2377 1911 2449 γάρ

335 2463 400 2516 οὑ
432 2463 591 2533 μόνον
634 2464 705 2517 τὰ
748 2464 1181 2537 ἐνδομυχοῦντα⁸
1214 2466 1499 2538 πνεύματα
1527 2467 1655 2540 ύμῖν
1682 2469 1913 2522 ἀποδιῶ-

335 2556 427 2622 ξαι
462 2556 775 2627 δυνήσεσθε,
819 2557 955 2611 ἀλλά
991 2559 1084 2612 καὶ
1110 2559 1179 2613 τὰ
1211 2540 1416 2632 ἐτέροις
1439 2560 1757 2631 ἐνοχλοῦντα
1786 2562 1909 2617 ,δαι-

337 2649 520 2720 μόνια,
569 2653 666 2704 σὺν
717 2650 829 2715 τοῖς
873 2652 1307 2717 ἄλλοιςπάθεσιν
1360 2654 1677 2709 ἀπελάσετε.
1725 2655 1908 2712 Ταῦτα

334 2738 530 2806 εἰπὼν,
556 2742 670 2804 τοῖς
693 2740 798 2795 ὑπό
823 2758 983 2798 τινων
1027 2742 1213 2798 παθῶν
1257 2743 1602 2815 ὀχλουμένοις
1627 2744 1909 2799 ἐκέλευσεν

336 2829 490 2900 αὐτῷ
534 2836 835 2905 προσιέναις
879 2834 971 2888 καὶ⁹
1018 2836 1205 2906 χεῖρας
1253 2836 1435 2899 αὐτοῖς
1460 2834 1688 2900 ἐπιθεὶς,
1710 2835 1804 2890 καὶ
1830 2836 1909 2905 ἐξα

335 2925 507 2995 αυτῆς
555 2925 861 2996 ἰασάμενος,
909 2925 1265 2980 ἐνετείλατο¹⁰
1304 2926 1675 2999 όρθριαίτερον
1734 2928 1911 2983 συνελ-

336 3015 472 3069 θεῖν.
1004 3000 1019 3021 ⁸

406 3106 617 3162 LXVII.
649 3111 727 3182 Τῇ
747 3110 801 3165 δέ
827 3110 984 3184 τρίτῃ
1023 3111 1204 3184 ἡμέρᾳ
1241 3113 1367 3184 περὶ
1395 3112 1589 3186 ὄρθρον
1616 3114 1850 3180 ἀναστὰς
1880 3116 1908 3169 6

334 3201 561 3273 Πέτρος,
590 3202 685 3256 καὶ
713 3203 1166 3275 προσευξάμενος,
1185 3203 1472 3277 ἐκαθέσθη·
1502 3206 1647 3276 ἡμᾶς
1674 3205 1731 3259 δέ
1762 3224 1908 3279 περι-

332 3292 751 3364 καθεζομένους,
812 3295 904 3349 καὶ
962 3296 1043 3358 είς
1094 3294 1255 3349 αὐτὸν
1309 3295 1667 3362 ἀτενίζοντας,
1724 3296 1912 3370 ῶσπερ

332 3386 566 3441 ἀκοῦσαί
616 3405 669 3440 τι
722 3386 1094 3458 βουλομένους,
1137 3388 1334 3452 συνεὶς,
1359 3389 1479 3460 ἔφη·
1526 3389 1638 3461 Πρὸ
1675 3391 1908 3456 πάντων,

332 3473 379 3534 ὧ
409 3478 577 3549 φίλοι,
608 3480 637 3534 6
660 3480 791 3534 Θεὸν
810 3479 986 3534 σέϐειν
1006 3477 1345 3551 αἱρούμενος,
1364 3480 1556 3535 εἰδέναι
1586 3482 1805 3552 ὀφείλει,
1828 3484 1910 3536 ὅτι

333 3573 393 3626 ἐν
442 3572 622 3643 τρισὶν
665 3572 1024 3626 ὑποστάσεσιν
1070 3567 1286 3636 οὗτοςη
1328 3573 1667 3643 γνωρίζεται·
1699 3574 1810 3627 ἐστι
1853 3575 1911 3629 δὲ

335 3665 467 3721 ῐδιον
521 3663 687 3719 αὑτοῦ
732 3662 826 3716 καὶ
879 3663 1172 3735 ἐξαίρετον,
1228 3663 1289 3716 τὸ
1339 3664 1557 3718 πάντων
1598 3667 1909 3738 κτισμάτων

333 3760 471 3812 εἶναι
510 3755 841 3828 δημιουργὸς
864 3756 929 3820 ¹³,
971 3755 1147 3809 πάντα
1187 3754 1474 3828 περιέχων,
1504 3755 1681 3811 πάντα
1723 3776 1782 3812 τε
1811 3776 1909 3812 πε-

335 3850 616 3922 ριορίζων,
637 3847 712 3912 ὡς
735 3846 876 3919 ὑπὲρ
920 3847 1095 3901 πάντα
1122 3846 1217 3911 ὢν,
1247 3846 1341 3900 καὶ
1369 3847 1542 3901 πάντα
1574 3849 1907 3923 δημιουργή-

335 3959 453 4004 σας.
471 3940 655 3993 Ταῦτα
676 3938 864 4003 εἰπὼν,
883 3939 975 3992 καὶ
1001 3938 1168 3992 πολλὰ
1197 3939 1324 4011 περὶ
1348 3939 1652 4006 θεοσεϐείας
1670 3941 1905 4010 διδάξας,

334 4032 588 4087 ἐκέλευσε
616 4034 741 4095 τοὺς
766 4032 1151 4101 δαιμονῶντας,
1170 4030 1265 4084 καὶ
1287 4030 1461 4094 νόσοις
1482 4033 1591 4085 τισὶ
1614 4034 1906 4105 κατειλημ-

338 4125 535 4196 μένους
585 4124 735 4194 αύτῷ
789 4122 1211 4195 προσφέρεσθαι·
1256 4123 1656 4195 προσενεχθεῖσι
1708 4125 1763 4179 δὲ
1808 4125 1905 4191 τὰς

335 4218 525 4289 χεῖρας
565 4216 795 4280 ἐπιθεὶς,
822 4216 914 4269 καὶ
942 4213 1396 4287 προσευξάμενος,
1438 4215 1703 4270 ἀπέλυσεν
1730 4218 1907 4287 ὑγιαί-

335 4325 543 4362 νοντας.

406 4326 493 4361 na
531 4349 543 4362 .

406 4326 642 4456 Divnl.
665 4400 744 4471 Τῇ
770 4398 827 4452 δέ
852 4396 1079 4471 ἐπιούσῃ
1100 4396 1258 4451 πάλιν
1278 4398 1459 4471 ἡμέρᾳ
1482 4398 1786 4463 διαναστὰς,
1810 4402 1903 4456 καὶ

2027 576 2249 631 mopere
2296 560 2649 627 mirarentur,
2681 561 2953 632 simulque
2982 562 3207 631 gloriam
3247 563 3357 620 Deo
3391 579 3489 634 pro
3531 581 3596 622 ea

2027 668 2086 708 re
2116 652 2389 708 oﬂerrent.
2422 653 2559 707 Cum
2615 666 2746 722 ergo
2799 652 3027 707 ﬁrmiter
3074 654 3451 718 credidissent,
3487 669 3597 711 una

2026 760 2149 800 cum
2202 745 2269 799 iis
2314 744 2408 814 qui
2471 744 2647 799 sanati
2691 741 2942 810 fuerant,
2977 744 3044 799 ad
3072 761 3171 800 sua
3201 746 3486 810 abierunt,
3537 747 3594 801 in

2027 835 2300 892 mandatis
2327 836 2675 907 accipientes,
2708 845 2766 889 ut
2795 835 3065 891 maturius
3099 837 3473 893 convenirent.

2098 1015 2281 1072 LXVI.
2316 1016 2575 1089 Sequenti
2597 1033 2730 1089 ergo
2757 1018 2847 1074 die
2873 1016 3067 1074 Petrus
3095 1035 3203 1073 una
3228 1034 3350 1074 cum
3389 1020 3594 1075 sodali-

2024 1107 2129 1163 bus
2165 1110 2259 1179 qui
2286 1124 2410 1164 cum
2442 1125 2507 1166 eo
2544 1120 2701 1165 erant
2725 1125 3001 1180 egressus,
3041 1124 3342 1179 rursusque
3369 1108 3435 1163 ad
3464 1125 3589 1165 eum

2025 1199 2206 1254 locum
2242 1199 2485 1264 veniens,
2518 1199 2655 1253 dixit
2684 1200 2750 1255 ad
2788 1216 2922 1257 eos:
2955 1202 3098 1257 Deus
3141 1202 3323 1257 omnia
3359 1201 3588 1271 potest'.

2023 1288 2075 1345 Is
2125 1290 2271 1344 enim
2315 1298 2397 1344 est
2426 1290 2601 1343 bonus
2639 1305 2704 1345 ac
2744 1290 2948 1359 justus,
2981 1306 3234 1360 nuncque
3270 1290 3322 1343 in
3364 1296 3591 1344 cunctus

2023 1382 2264 1453 patiens:
2297 1390 2358 1436 ut
2386 1384 2477 1453 qui
2507 1383 2804 1447 voluerint,
2846 1383 3164 1460 poenitentia
3190 1382 3256 1437 de
3290 1382 3449 1437 malis
3476 1398 3505 1437 a
3533 1397 3593 1438 se

2023 1474 2336 1530 commissis
2368 1482 2509 1541 acta,
2536 1483 2589 1528 et
2630 1474 2739 1528 vita
2766 1475 3067 1530 secundum
3100 1475 3151 1529 id
3174 1475 3317 1545 quod
3342 1474 3389 1529 ei
3416 1475 3593 1544 placet

2024 1577 2319 1635 transacta,
2359 1569 2559 1640 singuli
2605 1571 2661 1623 in
2709 1569 2798 1625 die
2837 1584 2947 1639 quo
2977 1570 3231 1624 universa
3258 1569 3591 1639 iudicabun—

2023 1673 2131 1731 tur,
2156 1679 2255 1734 pro
2288 1664 2481 1720 merito
2506 1663 2828 1733 percipiant.
2858 1664 2881 1695 δ
2907 1662 3251 1734 Quapropter
3274 1678 3419 1718 nunc
3441 1662 3550 1717 inci
3574 1689 3589 1704 ο

2025 1758 2151 1828 pite,
2186 1757 2325 1811 bona
2352 1756 2683 1826 cognitione,
2714 1772 2743 1810 a
2769 1755 2879 1810 Deo
2920 1755 3191 1825 persuasi,
3224 1754 3419 1810 vestris
3451 1754 3590 1810 resi-

2021 1858 2163 1904 stere
2205 1849 2459 1904 absurdis
2482 1846 2907 1918 cupiditatibus;
2933 1863 3042 1917 quo
3069 1846 3291 1916 possitis
3332 1846 3586 1916 primam,

2018 1957 2139 2012 quae
2170 1942 2411 1997 humano
2441 1941 2625 2013 generi
2662 1941 2865 1995 tributa
2895 1940 3016 2005 fuit,
3050 1940 3277 2009 gratiam
3305 1954 3584 1994 revocare.

2018 2032 2111 2090 Sic
2142 2035 2287 2089 enim
2341 2034 2494 2090 vobis
2538 2034 2801 2089 continuo
2850 2033 3094 2088 orientur
3126 2033 3297 2099 bona;
3328 2039 3381 2086 et
3410 2032 3460 2087 ei
3492 2032 3586 2102 qui

2015 2126 2163 2181 dedit
2200 2126 2369 2196 agetis
2401 2126 2602 2197 gratias
2629 2135 2909 2196 perpetuo,
2939 2123 3232 2179 ineﬂahilia
3273 2124 3417 2179 bona
3453 2138 3586 2193 pos-

2012 2220 2278 2285 sidentes;
2316 2219 2484 2274 abluti
2530 2220 2683 2289 prius
2729 2220 2784 2272 in
2820 2219 2976 2275 beata
3027 2217 3313 2272 Trinitatis
3364 2217 3587 2271 invoca-

2014 2313 2181 2379 tione,
2215 2312 2258 2369 si
2285 2312 2410 2383 quis
2440 2328 2647 2377 naavus,
2684 2311 2730 2366 si
2777 2327 2897 2381 quae
2938 2312 3155 2368 macula
3213 2311 3266 2365 in
3296 2308 3585 2364 animabus

2010 2404 2207 2458 vestris
2250 2412 2443 2458 exstet.
2495 2402 2571 2457 Ila
2620 2417 2876 2471 namque,
2910 2418 3019 2457 non
3074 2402 3254 2457 solum
3304 2391 3585 2455 latitantes

2012 2497 2065 2551 in
2111 2497 2267 2552 vobis
2305 2496 2539 2567 Spiritus
2569 2495 2838 2565 expellere
2876 2498 3141 2565 poteritis,
3174 2495 3266 2549 sed
3309 2503 3361 2550 et
3382 2494 3585 2550 dauno-

2010 2590 2102 2644 nia
2125 2590 2262 2645 alios
2288 2588 2600 2645 infestantia
2629 2589 3117 2658 perpessionesque
3141 2588 3277 2643 alias
3298 2586 3581 2657 abigetis’.

2010 2681 2141 2749 Quae
2170 2687 2458 2752 postquam
2489 2680 2718 2736 dixisset
2745 2722 2760 2748 ,
2791 2695 2887 2735 eos
2919 2681 3013 2750 qui
3060 2680 3337 2750 aliquibus
3364 2677 3584 2748 aegritu-

2010 2771 2234 2827 dinibus
2264 2771 2605 2826 vexabantur
2633 2770 2699 2824 ad
2729 2785 2787 2825 se
2808 2768 2976 2838 jussit
3013 2769 3271 2823 accedere
3305 2784 3318 2821 :
3354 2764 3583 2835 imposi-

2008 2863 2188 2932 tisque
2240 2861 2494 2915 manibus
2544 2876 2709 2930 super
2774 2876 2891 2920 eos.
2934 2875 3057 2915 cum
3125 2859 3247 2914 illos
3294 2857 3581 2913 confestim

2007 2964 2274 3017 sanasset,
2304 2955 2559 3025 praecepit
2580 2963 2637 3008 ut
2660 2953 2853 3024 majori
2883 2965 3040 3006 mane
3069 2950 3442 3007 convenirent.

2086 3111 2291 3167 LXVII.
2346 3111 2532 3166 Tertio
2585 3119 2765 3166 autem
2815 3109 2925 3178 die,
2957 3109 3149 3165 Petrus
3172 3108 3414 3164 diluculo
3458 3124 3581 3165 sur-

2018 3208 2179 3270 rexit,
2211 3205 2462 3275 factaque
2503 3220 2664 3275 prece
2708 3202 2851 3259 sedit
2880 3221 2893 3257 :
2932 3202 3456 3266 et,animadvertens
3481 3216 3583 3257 nos

2013 3298 2432 3361 circumsedere,
2455 3295 2736 3365 oculisque
2754 3293 2978 3348 intentis
3000 3309 3123 3347 eum
3150 3293 3583 3364 aspicere,quasi

2010 3389 2214 3459 aliquid
2269 3388 2457 3442 audire
2502 3387 2806 3455 cupientes,
2844 3385 3078 3439 dixit“:
3112 3383 3254 3439 Ante
3301 3386 3505 3451 omnia,
3546 3401 3580 3439 o

2011 3478 2195 3542 amici,
2228 3478 2275 3534 is
2326 3478 2421 3547 qui
2474 3476 2642 3530 Deum
2677 3475 2857 3529 colere
2882 3476 3023 3539 vult,
3057 3473 3199 3529 scire
3222 3474 3401 3539 debet,
3434 3473 3580 3543 quod

2011 3569 2100 3623 ille
2142 3568 2195 3622 in
2242 3567 2418 3622 tribus
2462 3566 2713 3635 personis
2741 3565 3127 3635 cognoscitur;
3159 3564 3442 3634 proprium
3477 3579 3579 3617 ους

2012 3670 2118 3715 tem
2144 3659 2291 3714 illius
2317 3673 2381 3714 ac
2415 3657 2748 3729 praecipuum
2781 3664 2885 3719 est,
2920 3656 3166 3710 omnium
3202 3663 3580 3711 creaturarum

2009 3766 2129 3807 esse
2178 3749 2449 3820 opiﬁcem,
2478 3748 2663 3803 omnia
2706 3747 3005 3812 continere,
3044 3745 3339 3815 omniaque
3390 3745 3579 3799 termi—

2009 3854 2159 3902 nare,
2188 3848 2248 3892 ut
2290 3837 2384 3908 qui
2440 3851 2605 3906 super
2633 3836 2814 3891 omnia
2859 3836 2950 3898 sit,
2984 3844 3291 3905 cunctaque
3315 3833 3572 3889 effecerit.

2008 3929 2105 3986 Iis
2148 3929 2328 3996 dictis,
2354 3927 2656 3997 multisque
2682 3927 2747 3981 de
2782 3927 2981 3997 pietate
3032 3941 3160 3996 erga
3206 3922 3375 3979 Deum
3410 3940 3578 3995 expo-

2007 4021 2219 4089 sitis“,
2256 4021 2423 4093 jussit
2456 4020 2841 4083 daemoniacos,
2874 4027 2928 4073 et
2963 4019 3169 4074 morbis
3193 4026 3485 4087 occupatos
3508 4019 3576 4074 ad

2006 4132 2064 4171 se
2091 4113 2285 4169 adduci
2331 4130 2344 4167 :
2389 4112 2588 4182 quibus
2643 4110 2880 4173 oblatis,
2916 4125 3113 4166 manus
3167 4109 3476 4180 imponens,
3510 4123 3577 4164 ac

2005 4215 2277 4277 precatus,
2312 4204 2615 4259 incolumes
2645 4200 2872 4257 dimisit.

2074 4382 2306 4440 LXVIII.
2372 4382 2611 4439 Rursum
2669 4391 2849 4438 autem
2917 4381 3165 4451 sequenti
3226 4381 3313 4437 die
3377 4397 3566 4439 exsur-

336 4492 795 4562 προσευξάμενος,
840 4486 958 4545 εἶτα
994 4493 1084 4544 καὶ
1113 4492 1207 4547 σὺν
1232 4492 1364 4561 ἡμῖν
1392 4490 1693 4555 καθεσθεὶς,
1725 4491 1899 4561 λέγειν
1931 4487 1934 4540 Ῐ

2014 4494 2155 4550 gens,
2212 4486 2266 4532 et
2310 4484 2710 4545 comprecatus,
2749 4490 2873 4528 cum
2928 4474 3125 4529 deinde
3163 4474 3448 4531 nobiscum
3481 4491 3570 4531 se—

334 4584 537 4656 ἧρξατο
576 4582 768 4646 οὕτως·
816 4580 920 4635 Τὸν
953 4582 1214 4653 μέλλοντα
1241 4581 1518 4655 προσιέναι
1543 4583 1621 4653 τῷ
1652 4583 1768 4654 Θεῷ
1794 4585 1898 4656 χρὴ

332 4682 545 4752 νήφειν,
580 4677 687 4748 χρὴ
737 4678 1051 4747 σωφρονεῖν.
1087 4675 1254 4748 ὀργῆς
1279 4676 1517 4745 κρατεῖν.
1545 4672 1798 4746 ἀλλότρια
1827 4675 1900 4747 μὴ

333 4768 701 4840 νοσφίζεσθαι,
759 4766 979 4831 δικαίως
1036 4765 1203 4837 βιοῦν,
1261 4764 1554 4832 ἐπιεικῶς,
1606 4764 1900 4831 εὐσταθῶς,

599 4859 846 4925 κολάζειν
898 4856 1152 4911 ἐαυτὸνίε
1200 4855 1259 4909 ἐν
1309 4856 1426 4918 ταῖς
1482 4854 1725 4919 ἐνδείαις,
1758 4854 1790 4927 ἢ
1826 4855 1900 4929 μὴ

337 4954 525 5024 ἔχοντα
558 4950 742 5023 ἐτέρου
775 4948 1100 5020 ἀφελόμενον
1126 4944 1468 5017 κορεσθῆναι·
1501 4944 1733 5016 καθαρὸν
1765 4939 1902 4999 εἶναι

334 5048 400 5116 τῇ
428 5042 644 5115 καρδίᾳ,
675 5040 767 5095 καί
793 5039 955 5109 ἁγνὸν
976 5037 1054 5108 τῷ
1084 5035 1313 5107 σώματι,
1345 5035 1436 5088 καί
1470 5034 1543 5105 μὴ
1586 5032 1899 5104 ὁμοιοῦσθαι

335 5135 444 5197 τοῖς
468 5129 799 5204 Φαρισαίοις,
827 5127 961 5202 πρὸς
999 5126 1093 5190 οὓς
1119 5126 1148 5179 6
1186 5125 1387 5196 Κύριος
1431 5123 1526 5178 καὶ
1575 5122 1703 5189 Θεὸς
1742 5124 1898 5196 ἡμῶν

350 5221 555 5295 Ἰησοῦς
581 5217 816 5291 Χριστὸς
839 5216 1057 5288 ἔφησεν·
1080 5211 1223 5269 Οὐαὶ
1255 5211 1417 5283 ὑμῖν,
1438 5210 1789 5282 γραμματεῖς
1801 5209 1902 5266 καὶ

2008 4565 2428 4635 disset,liuncin
2450 4563 2672 4619 modum
2704 4564 2869 4633 erepit
2900 4563 3079 4634 loqui:
3107 4559 3150 4590 ¹⁸
3176 4563 3279 4630 Qui
3311 4566 3380 4620 ad
3400 4565 3568 4621 Deum

2006 4662 2263 4717 accedere
2314 4659 2608 4721 desiderat,
2641 4655 2856 4711 sobrius
2890 4670 3014 4711 esse
3057 4655 3234 4722 debet,
3268 4655 3429 4712 debet
3465 4657 3570 4713 sibi

2006 4762 2329 4823 temperare,
2349 4751 2487 4805 iram
2518 4757 2722 4808 tenere.
2750 4748 2927 4802 aliena
2951 4762 3059 4801 non
3092 4748 3375 4818 subripere
3394 4750 3570 4819 ;juste

2004 4847 2207 4910 vivere,
2228 4860 2351 4900 cum
2394 4844 2539 4898 bono
2583 4840 2728 4911 jure,
2762 4840 3077 4911 tranquille,
3121 4840 3350 4908 leniter;
3402 4856 3480 4908 se,
3512 4842 3567 4897 in

2004 4934 2305 5006 indigentia
2350 4932 2530 5003 potius
2583 4929 2860 4986 continere
2906 4944 2970 4984 ac
3024 4929 3354 5000 reprimere,
3398 4946 3565 5000 quam

2007 5042 2131 5082 cum
2200 5040 2307 5079 non
2368 5024 2584 5091 habeat,
2616 5022 2841 5077 alterius
2888 5020 3044 5077 bonis
3097 5021 3293 5079 ablatis
3322 5024 3560 5094 expleri;

2009 5117 2172 5173 corde
2197 5116 2434 5171 mundus
2456 5130 2597 5181 esse,
2625 5124 2676 5170 et
2705 5129 2875 5185 purus
2895 5127 3123 5183 corpore
3138 5114 3210 5180 ¹⁷;
3236 5130 3336 5170 nec
3356 5115 3566 5170 assimi-

2003 5209 2104 5265 lari
2162 5206 2489 5274 Pharisaeis,
2543 5207 2608 5263 ad
2637 5221 2777 5278 quos
2804 5203 3067 5261 Dominus
3113 5214 3164 5261 et
3200 5205 3344 5262 Deus
3376 5213 3564 5260 noster

1596 5342 1828 5398 VARIIE
1865 5339 2263 5399 LECTIONES.

428 5457 446 5487 ¹
478 5454 551 5508 al.
588 5468 825 5523 pmpon.
856 5454 1107 5520 γενέσθαι
1152 5468 1205 5504 πε

326 5542 443 5597 cap.
470 5525 560 5597 I9.
622 5525 659 5597 _‘
685 5523 831 5597 Βερ..
863 5522 1059 5597 lib._tv,
1087 5537 1205 5597 cap.

327 5588 458 5652 Co'r.
536 5596 556 5629 ⁸
588 5595 659 5649 al.
688 5590 1098 5664 ὲνδομαχοῦιίτα.
1155 5588 1195 5664 ⁷-⁸
1227 5588 1500 5664 Clementi”
1534 5589 1680 5664 bum.
1708 5607 1782 5664 ut,
1811 5606 1859 5664 c_.
1887 5588 2281 5664 ξὸεθιοζῌεςη
2307 5591 2354 5664 Al.
2382 5607 2435 5658 ν,
2470 5607 2518 5647 c.
2552 5588 2640 5664 56.
2677 5588 2689 5595 ⁷
2718 5592 2762 5664 Ψ
2796 5588 2866 5664 al.
2911 5592 3076 5647 inser.
3104 5588 3290 5664 πάλιν.

328 5676 506 5728 ML,
530 5667 681 5721 born.
711 5681 764 5725 ι.
788 5655 835 5719 ὁ.
874 5655 960 5719 I9.
989 5659 1135 5727 Rea,
1163 5662 1198 5716 Ι.
1233 5678 1282 5726 v,
1309 5676 1357 5715 c.
1382 5660 1471 5714 ει.
1549 5655 1600 5693 η’
1631 5663 1693 5714 τι.
1725 5661 1754 5714 6
1791 5655 1870 5725 εἷς
1903 5659 2040 5726 θεός.

588 5468 825 5523 pmpon.
856 5450 1107 5523 γενέσθαι
1152 5450 1498 5523 περιχαρεῖς,
1528 5449 1656 5523 τοὺς
1695 5448 1760 5523 δέ
1801 5448 2210 5523 ἱστορήσαντας.

1226 5466 1498 5573 agapen,
1528 5466 1656 5513 τους
1695 5466 1753 5503 οε
1801 5466 2210 5522 ιστορησαντας.
2324 5466 2343 5481 ¹
2376 5466 2446 5505 at.
2487 5466 2815 5522 επανῃεσαν.
2928 5466 2949 5483 ⁸
2978 5466 3253 5518 L‘tement.,
3300 5466 3443 5511 "0m.
3492 5470 3568 5526 ΙΧ,

1307 5560 1319 5573 .
1396 5519 1417 5551 ι
1445 5518 1602 5575 Deest
1625 5519 1678 5574 in
1713 5519 1783 5574 al.
1858 5521 1878 5552 ⁸
1904 5520 1973 5574 al.
2014 5521 2146 5591 εύχα
2188 5521 2401 5575 ιστεῖτε.
2479 5523 2498 5552 ἰ
2527 5521 2984 5629 Εὐχαριστήισετε.
3016 5522 3088 5577 al.
3118 5522 3178 5576 εὐ
3218 5525 3568 5629 aptatia-rite.

1227 5588 1495 5629 Clamant”
1534 5589 1658 5629 hnm
1708 5607 1759 5629 Iv
1811 5606 1855 5629 tl.
1887 5591 1958 5629 (ἐκ
2001 5600 2085 5629 οη·
2137 5538 2236 5629 ϐοι-
2319 5591 2332 5629 Ι
2382 5607 2413 5629 υ
2470 5607 2500 5629 n
2553 5592 2620 5629 ΧΗ
2718 5592 2762 5623 ιθ
2797 5608 2822 5629 9
2912 5607 3058 5629 Incnr
3109 5539 3270 5629 0“":
3370 5597 3384 5627 I
3442 5598 3460 5629 Ι
3490 5597 3535 5629 1,.

2323 5448 2345 5481 ²
2376 5445 2446 5505 al.
2479 5446 2824 5526 ἐιιειινῂεσαν.Δ
2928 5449 2949 5483 ³
2978 5450 3253 5526 Clamant,
3299 5451 3443 5526 hom.
3492 5470 3571 5526 Ix,

2132 5597 2281 5655 Rea,
2319 5597 2354 5644 l.
2382 5607 2435 5658 ν,
2470 5607 2518 5647 c.
2552 5597 2640 5646 56.
2718 5597 2762 5623 "
2796 5597 2866 5646 al.
2911 5597 3076 5647 inser.
3109 5597 3290 5648 πάλιν.
3370 5597 3411 5629 ¹¹
3442 5597 3565 5653 Cle-

2119 5661 2162 5693 ¹³
2190 5661 2648 5734 ειηδημιουργόν,
2725 5660 3069 5734 "Clamant,
3098 5663 3247 5720 hom.
3289 5683 3343 5733 ι,
3384 5682 3434 5723 c.
3473 5668 3569 5727 26.

331 5735 445 5792 Rec.
489 5737 520 5791 Ι.
565 5753 619 5799 v,
654 5751 711 5809 c.
738 5735 824 5789 36.
903 5731 1255 5809 “_Clement.,
1302 5732 1448 5809 hom;
1494 5745 1571 5795 xl,
1616 5747 1665 5786 e.
1711 5730 1955 5797 15;Rec.
2004 5733 2038 5786 1.
2077 5748 2129 5798 v,
2172 5747 2221 5788 c.
2259 5730 2385 5789 δι’
2428 5734 2471 5765 ¹⁶
2504 5730 2579 5788 al.
2632 5732 2794 5788 inser.
2844 5732 3061 5804 μᾶλλον.
3141 5736 3187 5779 ¹⁷
3238 5730 3359 5795 Hec.
3407 5740 3445 5796 l.
3488 5756 3567 5809 νι,

331 5823 375 5861 c.
403 5810 486 5873 I0,
513 5817 619 5864 etc.
647 5803 924 5871 Clement.,
948 5804 1096 5859 hom.
1136 5820 1208 5869 xI,
1234 5816 1351 5870 cap.
1384 5799 1473 5867 99,
1498 5809 1605 5856 etc.
