4022 6336
1403 307 1460 363 S.
1499 305 1884 365 CLEMENTIS
1921 308 2086 365 BOM.
2128 310 2328 369 ΡΟΝΤ.
2371 314 2598 372 OPERA
2635 318 2863 376 DUBlA.

3632 334 3723 391 520

524 419 682 478 Jcsus
721 422 971 480 Christus
996 424 1132 481 dixit
1159 444 1172 480 :
1198 426 1285 482 γω
1311 430 1476 493 vobis,
1507 430 1707 486 Scriba:
1747 442 1795 487 et
1828 434 2068 489 Pharisae

2194 439 2499 506 Φαρισαῖοι
2552 443 2883 510 ὑποκριταί·
2941 444 3031 498 ὅτι
3086 443 3416 511 καθαρίᾱετε
3439 446 3540 501 τοῦ
3566 464 3729 520 ποτη-

524 514 842 585 hypocritw;
873 517 997 587 quia
1030 520 1298 575 mundatis
1335 522 1516 590 salicis
1544 534 1593 575 et
1628 525 1925 593 paropsidis
1947 525 2085 595 quod

523 608 753 660 exterius
776 618 850 661 est
874 650 889 674 ,
919 610 1061 662 intus
1079 620 1253 665 autem
1276 629 1337 666 ea
1356 612 1508 682 plena
1530 624 1650 668 sunt
1668 616 1929 670 sordibus.
1956 616 2091 670 Pha-

525 701 676 751 riswe
698 699 1059 765 cwce,munda
1084 702 1231 769 prius
1257 703 1437 756 calicis
1459 713 1506 758 et
1522 706 1819 773 paropsidis
1842 708 2084 774 interius,

525 797 582 839 ut
622 797 669 841 et
712 789 856 844 illius
893 792 1125 844 exterius
1150 795 1402 847 mundum
1429 796 1602 863 ﬁat".
1637 794 1771 850 Vere
1800 799 1944 851 enim
1989 797 2085 867 qui

525 879 783 934 interiora
830 882 1161 951 purgaverit,
1190 886 1460 939 exteriora
1486 901 1701 956 quoque
1731 903 1963 959 purgare
1988 905 2087 959 po-

524 982 626 1026 test
656 990 668 1024 :
700 972 791 1041 qui
821 987 950 1027 vero
984 977 1252 1031 exteriora
1294 986 1520 1047 purgat,
1552 978 1619 1032 ad
1652 978 1933 1034 hominum
1966 980 2085 1035 ιου-

520 1062 616 1117 des
666 1063 956 1132 aspiciens,
990 1065 1043 1120 id
1086 1066 1230 1138 agit;
1260 1068 1352 1123 sed
1379 1068 1520 1138 apud
1564 1067 1731 1123 Deum
1773 1072 2079 1129 mercedem

520 1171 628 1210 non
662 1156 842 1211 habet.

589 1246 774 1302 LXIX.
798 1248 838 1287 ¹ι
856 1246 951 1302 His
965 1248 1144 1315 dictis,
1168 1258 1221 1302 et
1243 1250 1367 1304 aliis
1381 1251 1626 1320 pluribus
1641 1255 1706 1310 de
1725 1256 2079 1323 castimonia;

516 1351 640 1389 cum
668 1337 779 1406 jam
806 1346 915 1392 tres
946 1354 1184 1405 menses,
1211 1342 1676 1413 quibusjejunare
1699 1363 1785 1402 me
1813 1362 2082 1416 praecepe-

517 1440 621 1496 rat,
655 1433 906 1501 completi
962 1416 1175 1497 essent,
1211 1434 1417 1489 ducens
1466 1451 1551 1490 me
1597 1437 1663 1491 ad
1706 1435 1881 1492 fontes
1910 1437 2080 1492 maris

514 1524 725 1577 vicinos
783 1526 1005 1592 perenni
1038 1541 1179 1594 aqua
1202 1526 1519 1595 baptizavit,
1549 1528 1603 1582 in
1632 1530 1852 1584 nomine
1877 1528 2076 1597 Patris,

512 1624 567 1669 et
594 1614 736 1680 Filii,
768 1624 822 1669 et
851 1615 1089 1684 Spiritus
1136 1617 1309 1671 sancti
1343 1635 1356 1671 :
1392 1632 1626 1688 cumque
1674 1635 1869 1689 panem
1923 1636 2079 1676 acce-

512 1706 702 1773 pissel.
760 1706 1148 1773 benedixisset,
1190 1722 1254 1762 ac
1318 1707 1595 1778 fregisset;
1653 1711 2078 1767 communicavit

2181 528 2318 595 plov
2347 529 2445 583 καί
2468 529 2577 600 τῆς
2602 534 2938 602 παροψίδος
2964 535 3029 589 τὸ
3051 535 3292 599 ἔξωθεν,
3315 535 3533 591 ἔσωθεν
3554 538 3617 592 δὲ
3638 540 3714 608 γέ-

2180 636 2281 688 μει
2324 622 2545 688 ῥύπου.
2591 625 2871 692 Φαρισαῖε
2910 627 3121 695 τυφλέ,
3153 626 3473 694 καθάρισον
3516 629 3729 698 πρῶτον

2184 710 2290 763 τοῦ
2338 716 2623 782 ποτηρίου
2659 717 2757 770 καὶ
2794 717 2905 787 τῆς
2931 719 3265 788 παροψίδος
3292 718 3355 771 τὸ
3385 720 3617 785 ἔσωθεν,
3636 724 3727 776 ἶνα

2184 800 2422 870 γένηται
2450 804 2547 858 καὶ
2574 806 2639 860 τὸ
2681 808 2796 873 ἔξω
2830 809 3015 863 αὐτοῦ
3059 811 3335 877 καθαρόν.
3388 809 3610 880 Ἀληθῶς
3632 813 3729 887 γὰρ

2184 892 2212 943 ὁ
2249 891 2491 963 καθάρας
2524 894 2583 947 τὸ
2628 895 2753 960 ἔσω,
2791 899 2883 951 καὶ
2928 898 2989 950 τὸ
3029 898 3133 965 ἔξω
3182 899 3417 970 καθᾶραι
3456 899 3677 956 δύναταισ
3702 904 3730 957 ὀ

2183 981 2240 1034 δὲ
2264 982 2331 1036 τὰ
2355 984 2458 1051 ἔξω
2479 985 2774 1058 καθαίρων,
2791 989 2927 1060 πρὸς
2950 988 3248 1061 ἀνθρώπων
3274 990 3487 1045 ἔπαινον
3509 993 3728 1065 ἀφορῶν,

2182 1072 2342 1127 τοῦτο
2364 1078 2525 1139 ποιεῖ,
2559 1077 2707 1149 παρὰ
2734 1079 2790 1132 δὲ
2814 1078 2892 1150 τῷ
2922 1080 3041 1151 Θεῷ
3075 1081 3263 1153 μισθὸν
3290 1082 3389 1135 οὐκ
3420 1081 3549 1153 ἔχει.

2254 1250 2442 1306 LXIX.
2470 1252 2650 1306 Ταῦτα
2685 1254 2851 1308 εἰπὼν
2880 1255 2974 1309 καὶ
3000 1255 3161 1329 ἕτερα
3195 1258 3414 1312 πλείονα
3450 1260 3571 1332 περὶ
3594 1262 3732 1330 ἁγνι-

2189 1342 2346 1413 σμοῦ,
2368 1343 2476 1396 τῶν
2493 1344 2658 1415 τριῶν
2674 1345 2772 1416 ἤδη
2798 1346 2981 1417 μηνῶν
3003 1348 3414 1420 πληρωθέντων,
3433 1342 3505 1402 ὧν
3528 1353 3735 1421 νηστεῦ-

2182 1435 2269 1486 σαί
2306 1452 2374 1504 με
2408 1435 2713 1500 ἐκέλευσεν,
2742 1436 2964 1506 ἀγαγών
2994 1456 3060 1508 με
3091 1440 3169 1502 εἰς
3195 1438 3293 1502 τὰς
3321 1441 3379 1493 ἐν
3406 1443 3471 1511 τῇ
3512 1440 3734 1516 θαλάσσῃ

2181 1527 2404 1598 πλησίον
2456 1526 2620 1592 οὔσας
2662 1529 2862 1599 πηγὰς,
2916 1529 2991 1593 ὡς
3042 1531 3121 1594 εἰς
3184 1531 3411 1585 ἀένναον
3462 1532 3733 1587 ἐϐάπτισεν

2179 1613 2342 1686 ὕδωρ,
2372 1619 2451 1681 είς
2473 1618 2535 1671 τὸ
2570 1619 2741 1690 ὄνομα
2776 1619 2871 1672 τοῦ
2898 1621 3109 1692 Πατρὸς
3134 1624 3226 1675 καὶ
3250 1622 3346 1676 τοῦ
3379 1623 3508 1677 Υἱοῦ
3536 1626 3624 1679 καὶ
3648 1623 3734 1678 τοῦ

2185 1709 2345 1776 ἁγίου
2380 1710 2517 1763 Πνεύ
2527 1728 2711 1781 ματος·
2743 1711 2837 1765 καὶ
2866 1711 3042 1765 λαϐὼν
3067 1714 3226 1784 ἄρτον
3254 1715 3550 1787 εὐλογήσας
3565 1717 3629 1781 ⁸³,
3651 1717 3737 1770 καὶ

513 1810 614 1849 nos
677 1796 1012 1854 intemeratis
1051 1813 1115 1853 ac
1164 1800 1422 1855 vitalibus
1469 1804 1848 1859 sacramentis.
1896 1806 2068 1875 Atque

2185 1801 2410 1866 κλάσας,
2444 1803 2744 1872 μετέδωκεν
2769 1806 2900 1874 ἡμῖν
2919 1805 3025 1858 τῶν
3049 1806 3331 1877 ἁχράντων
3358 1809 3453 1861 καὶ
3479 1807 3735 1872 ζωοποιῶν

512 1885 586 1939 ita
616 1884 794 1940 feriati
815 1902 879 1942 ac
905 1888 1010 1942 laeti
1039 1887 1235 1944 fratres
1265 1891 1435 1947 nostri
1458 1907 1556 1960 pro
1582 1893 1715 1948 mihi
1748 1910 1777 1948 a
1804 1892 1916 1949 Deo
1940 1912 2073 1952 con-

510 1994 664 2034 cessa
715 1982 952 2036 secunda
1004 1983 1323 2049 nativitate,
1386 1984 1614 2054 gloriam
1669 1997 1721 2041 et
1773 1988 2071 2057 gratiarum

509 2070 780 2126 actionem
829 2071 940 2127 Deo
986 2073 1303 2130 detulimus.
1336 2074 1401 2129 Et
1432 2077 1601 2131 multa
1636 2078 1795 2133 turba
1848 2093 2073 2150 congre-

510 2169 665 2231 gata,
716 2161 909 2219 Petrus
971 2164 1212 2233 depulsis
1265 2168 1493 2234 morbis,
1550 2169 1956 2241 afflictionibus,
2008 2188 2072 2229 ac

508 2253 883 2325 daemonibus,
935 2272 1037 2313 nec
1086 2274 1192 2312 non
1232 2259 1517 2329 baptizatis
1553 2262 1945 2331 compluribus,
1978 2265 2070 2321 ubi

508 2345 817 2401 Maroonem
870 2349 1137 2418 hospitem
1190 2366 1373 2417 suum,
1414 2352 1527 2421 jam
1571 2354 1827 2409 omnibus
1872 2370 2068 2411 nume-

507 2438 584 2492 ris
628 2440 959 2507 absolutum,
1012 2441 1069 2495 in
1127 2443 1442 2513 episcopum
1485 2446 1884 2513 constituisset,
1933 2449 2070 2504 duo-

506 2529 679 2585 decim
725 2533 1072 2604 presbyteros
1118 2535 1476 2606 designasset,
1513 2538 1772 2594 diaconos
1815 2539 2065 2609 fecisset;

503 2620 812 2677 collocutus
861 2640 985 2678 cum
1040 2626 1301 2697 episcopo
1356 2628 1423 2681 de
1470 2632 1746 2685 communi
1806 2632 1950 2689 bono
2005 2648 2069 2689 ac

506 2711 753 2777 utilitate,
776 2716 950 2785 deque
969 2717 1343 2774 ecclesiastico
1362 2721 1551 2776 ordine
1576 2730 1739 2792 atque
1764 2732 2029 2779 concentu
2048 2765 2066 2793 ,

502 2802 622 2856 vale
664 2804 799 2859 dixit
855 2805 1210 2877 Tripolitanis
1264 2808 1575 2878 thnices,
1621 2821 1676 2866 et
1731 2812 1833 2867 iter
1876 2830 2067 2873 versus

503 2900 849 2955 Antiochiam
880 2898 1050 2970 Syriae
1075 2900 1354 2969 ingressus
1387 2910 1489 2957 est.

2176 1894 2502 1965 μυστηρίων.
2530 1896 2641 1948 Καὶ
2662 1894 2833 1959 οὕτως
2859 1896 3225 1969 εὐωχηθέντες
3270 1900 3320 1952 οἱ
3358 1901 3572 1971 ἀδελφοὶ
3614 1904 3734 1972 ἡμῖν

2172 1985 2263 2037 ἐπὶ
2294 1987 2360 2056 τῇ
2401 1984 2714 2058 θεοδωρήτῳ
2744 2004 2845 2058 μου
2880 1989 3251 2061 άναγεννήσει,
3269 1990 3430 2058 δόξαν
3467 1992 3558 2046 καὶ⁸
3582 1993 3728 2063 εὐχα-

2175 2077 2381 2159 ριστίαν
2424 2079 2839 2152 ἀποδεδώκαμεν
2861 2083 2902 2114 ’ί
2932 2081 3008 2154 τῷ
3045 2083 3198 2154 Θεῷ.’
3228 2086 3434 2141 Πολλοῦ
3490 2106 3547 2141 τε
3585 2088 3730 2159 ὄχλου

2173 2149 2659 2239 συναθροισθέντος,
2729 2149 2935 2239 νόσους,
2980 2149 3166 2246 πάθη,
3240 2176 3503 2248 δαίμονας
3548 2149 3737 2236 ἀτέἐλά-

2172 2275 2269 2323 σας
2303 2263 2331 2313 ὁ
2372 2261 2604 2333 Πέτρος,
2668 2264 2760 2315 καὶ
2827 2263 3091 2333 βαπτίσας
3147 2267 3393 2333 πολλοὺς,
3457 2270 3738 2342 Μαροώνην

2167 2351 2258 2404 τὸν
2312 2352 2706 2424 ἀποδεξάμενον
2722 2356 2766 2386 “
2811 2355 2993 2420 αὐτὸν,
3050 2356 3148 2428 ἤδη
3216 2358 3401 2413 λοιπὸν
3482 2361 3675 2414 τέλειον
3691 2360 3735 2394 ¹³

2168 2445 2296 2499 ὄντα
2328 2485 2343 2510 ,
2422 2447 2737 2499 ἐπίσκοπον.
2804 2450 3181 2519 καταστήσας,
3266 2451 3360 2503 καὶ
3454 2451 3736 2524 πρεσϐυτέ-

2171 2554 2298 2607 ρους
2342 2536 2547 2591 δώδεκα
2622 2537 2830 2610 ὁρίσας,
2890 2540 2986 2593 καὶ
3028 2540 3303 2606 διακόνους
3361 2542 3571 2610 δείξας,
3613 2543 3741 2616 ὑπέρ

2166 2647 2226 2681 τε
2263 2629 2356 2682 τοῦ
2390 2630 2566 2683 κοινοῦ
2600 2631 2691 2682 καὶ
2740 2630 3125 2702 συμφέροντος,
3150 2633 3243 2686 καὶ
3284 2636 3433 2705 περὶ
3468 2635 3566 2706 τῆς
3603 2634 3733 2689 κατὰ

2168 2722 2266 2793 τὴν
2315 2720 2648 2791 Ἐκκλησίαν
2704 2720 2910 2787 τάξεώς
2968 2740 3028 2775 τε
3079 2723 3174 2777 καὶ⁵
3225 2726 3502 2797 ἁρμονίας
3559 2724 3737 2779 συλλα-

2168 2815 2336 2885 λήσας
2384 2812 2464 2884 τῷ
2521 2813 2823 2885 ἐπισκόπῳ,
2856 2816 2968 2877 τοῖς
2992 2815 3049 2867 ἐν
3074 2816 3327 2887 Τριπόλει
3360 2818 3476 2889 τῆς
3503 2818 3738 2889 Φοινίκης

2168 2904 2595 2975 ἀποταξάμενος,
2620 2906 2718 2978 τὴν
2750 2906 2844 2959 ἐπὶ
2889 2906 3222 2978 Ἀντιόχειαν
3257 2908 3357 2980 τῆς
3396 2910 3598 2982 Συρίας
3634 2910 3739 2963 ὁδὸν

2169 2996 2479 3070 ἐπορεύετο.

571 3097 733 3151 LXX.
759 3099 804 3130 ³³
823 3096 1037 3167 Egressi
1058 3112 1185 3151 vero
1203 3095 1460 3165 Tripolim
1475 3095 1858 3165 thnieia:,ut
1871 3100 2063 3153 Antio-

2236 3108 2397 3164 [ΚΧ.
2416 3109 2701 3173 Ἐκϐάντες
2714 3112 2760 3145 ³³
2784 3109 2839 3163 δὲ
2866 3111 2964 3183 τὴν
2980 3111 3238 3183 Τρίπολιν
3261 3114 3360 3185 τῆς
3377 3116 3655 3187 Φοινίκης,
3672 3114 3741 3178 ὼς

500 3191 679 3245 chiam
728 3189 895 3261 Syria:
923 3188 1264 3252 veniremus;
1298 3202 1364 3242 eo
1414 3189 1500 3243 die
1535 3188 1805 3246 Orthosia:
1852 3192 2059 3246 mansi-

500 3298 625 3337 mus
660 3302 672 3335 :
710 3291 764 3335 et
794 3282 922 3351 quia
966 3288 1050 3334 est
1082 3296 1249 3350 prope
1277 3280 1466 3337 urbem
1503 3296 1534 3335 e
1564 3299 1669 3351 qua
1698 3285 1903 3352 egressi
1941 3283 2057 3337 fue-

500 3389 717 3439 ramus,
744 3387 870 3427 cum
919 3386 1108 3425 omnes
1157 3370 1269 3426 fere
1307 3372 1705 3441 praedicationis
1742 3375 2060 3445 evangelicae

501 3480 807 3520 sermonem
832 3463 984 3533 prius
1010 3462 1378 3529 audivissent;
1407 3480 1571 3518 unum
1599 3466 1739 3519 diem
1775 3466 1883 3521 illic
1912 3481 2062 3521 com-

500 3557 718 3620 morati.
770 3556 1106 3610 Autaradum
1160 3556 1415 3611 abiimus.
1476 3557 1611 3610 Cum
1674 3568 1854 3611 autem
1906 3558 2060 3612 multi

499 3657 681 3704 essent
734 3648 1017 3701 nobiscum
1070 3647 1172 3700 iter
1219 3646 1499 3713 facientes,
1529 3646 1719 3702 Petrus
1746 3645 1987 3702 Nicetam
2010 3656 2064 3702 et

498 3741 751 3810 Aquilam
812 3739 1086 3793 allocutus
1144 3747 1247 3803 est,
1293 3738 1480 3792 dicens
1538 3754 1551 3791 :
1617 3737 2061 3806 Quandoquidem

499 3847 695 3903 magna
740 3832 1119 3885 comitantium
1169 3829 1481 3895 multitudo,
1515 3844 1621 3883 non
1653 3844 1874 3897 parvam
1926 3827 2064 3882 invi-

498 3925 641 3978 diam
668 3924 826 3978 nobis
860 3938 952 3991 per
975 3921 1137 3975 urbes
1167 3920 1494 3974 intrantibus
1520 3920 1777 3987 attrahit;
1813 3934 2065 3975 necessa-

499 4018 582 4072 rio
628 4017 929 4072 curandum
959 4030 1081 4070 esse
1123 4014 1385 4084 iudicavi,
1418 4022 1479 4068 ut
1516 4030 1688 4083 neque
1723 4014 1825 4083 ipsi
1857 4016 2064 4070 contri-

500 4119 733 4173 stentur,
767 4108 897 4162 dum
953 4107 1309 4176 prohibentur
1360 4120 1481 4160 esse
1532 4106 1855 4172 nobiseum;
1886 4122 2065 4177 neque

500 4217 621 4265 uos,
656 4200 783 4255 dum
841 4214 1033 4253 sumus
1080 4196 1423 4266 spectabiles,
1456 4196 1578 4251 aliis
1640 4197 1939 4252 eﬂiciamur
1964 4214 2064 4253 au~

501 4301 679 4345 etores
740 4287 974 4341 invidiae.
1043 4285 1311 4351 Quocirca
1365 4285 1491 4338 volo
1533 4294 1585 4339 te
1626 4284 1892 4347 Nieetam,
1958 4302 2065 4341 una

502 4397 626 4436 cum
657 4380 873 4450 Aquila,
907 4387 1033 4433 ante
1064 4392 1150 4431 me
1180 4377 1282 4431 iter
1308 4375 1526 4441 habere,
1558 4390 1655 4445 per
1683 4376 1821 4432 duos
1856 4377 2062 4447 globos,

501 4472 755 4542 sparsim.

2160 3202 2253 3258 ἐπὶ
2279 3201 2604 3272 Ἀντιόχειαν
2642 3201 2740 3271 τῆς
2762 3201 2959 3272 Συρίας
2987 3203 3184 3268 ἐλθεῖν,
3216 3205 3391 3277 αὐτῆς
3458 3207 3660 3278 ἡμέρας
3685 3206 3739 3257 ἐν

2172 3290 2437 3364 Ὀρθωσίᾳ
2486 3291 2807 3363 ἐμείναμεν·
2844 3294 2937 3345 καὶ
2979 3293 3068 3347 διὰ
3111 3294 3172 3347 τὸ
3219 3294 3466 3365 πλησίον
3521 3293 3650 3350 εἶναι
3679 3287 3741 3365 ἧς

2160 3388 2456 3459 ἐξήλθομεν
2497 3386 2722 3449 πόλεως,
2753 3387 2969 3442 πάντων
3000 3391 3184 3460 σχεδὸν
3214 3392 3644 3463 προακηκοὸτων
3678 3388 3740 3442 τὰ

2158 3479 2252 3533 τοῦ
2291 3478 2660 3550 κηρύγματος,
2704 3481 2829 3549 μιᾶς
2855 3480 3067 3549 ἡμέρας
3100 3484 3214 3534 ἐκεῖ
3250 3483 3565 3554 μείναντες,
3608 3482 3742 3552 ἀπή-

2162 3589 2332 3645 ραμεν
2358 3573 2437 3634 είς
2471 3571 2804 3642 Ἀντάραὸον.
2834 3574 3048 3627 Πολλῶν
3076 3576 3132 3629 δὲ
3154 3576 3265 3628 τῶν
3308 3575 3741 3647 συνοδοιπορούν-

2159 3679 2266 3714 των
2295 3662 2424 3732 ἡμῖν
2459 3660 2646 3725 ὄντων,
2680 3662 2708 3713 ὁ
2742 3662 2944 3734 Πέτρος
2978 3665 3191 3737 Νικήτῃ
3221 3668 3311 3721 καὶ
3346 3667 3556 3739 Ἀκύλᾳ
3594 3683 3741 3740 προσ-

2160 3751 2351 3823 ωμίλει
2385 3752 2573 3821 λέγων·
2611 3752 2828 3825 Ἐπειδὴ
2854 3756 2882 3807 ὁ
2916 3755 3081 3819 πολὺς
3110 3756 3264 3827 ὄχλος
3296 3758 3415 3813 τῶν
3447 3759 3738 3812 συνοδοιπο-

2164 3844 2395 3915 ρούντων
2420 3844 2488 3897 οὐ
2522 3844 2712 3915 μικρὸν
2744 3844 2932 3914 φθόνον
2972 3848 3198 3901 εἰσιοῦσι
3234 3849 3383 3903 κατὰ
3419 3851 3572 3903 πόαν
3613 3851 3734 3921 ἡμῖν

2162 3937 2476 3999 ἐπισπᾶται,
2510 3935 2818 4004 ἀναγκαίως
2870 3937 3186 4011 ἐσκεψάμην
3240 3942 3546 4010 φροντίσαι,
3595 3941 3731 4004 ὅπως

2167 4022 2302 4092 μήτε
2320 4015 2460 4075 οὗτοι
2481 4021 2759 4092 λυπηθῶσι
2791 4025 3125 4090 κωλυθέντες
3153 4030 3390 4083 συνεῖναι
3425 4033 3579 4102 ἡμῖν,
3605 4029 3730 4100 μήτε

2163 4114 2322 4182 ἡμεῖς
2353 4112 2700 4184 πρίϐλεπτοι
2729 4114 3026 4185 γενόμενοι,
3060 4116 3251 4186 φθόνου
3282 4124 3398 4185 τοῖς
3440 4121 3618 4184 ἄλλοις
3639 4136 3731 4171 κα-

2161 4203 2442 4274 ταστῶμεν
2474 4204 2651 4257 αἴτιοι.
2704 4206 2905 4259 Τούτου
2947 4207 3107 4261 ἕνεκα
3140 4208 3403 4282 βούλομαί
3434 4230 3495 4265 σι
3516 4213 3606 4266 τὸν
3641 4211 3732 4265 Νι-

2164 4297 2334 4368 κήτην
2363 4298 2477 4368 ἃμα
2514 4298 2732 4372 ’Λκύλᾳ,
2770 4301 3075 4372 προοδεύειν
3106 4320 3208 4373 μου
3245 4307 3386 4360 κατὰ
3418 4308 3731 4378 συστήματα

2163 4389 2255 4443 δύο
2293 4391 2581 4462 σποράδην.

571 4560 889 4617 LXXl.Ista
936 4559 1095 4615 Petro
1136 4560 1371 4626 dicente,
1428 4558 1822 4629 responderunt
1848 4555 2061 4614 Nicetas

2233 4568 2414 4624 LXXI.
2430 4569 2612 4624 Ταῦτα
2634 4571 2725 4625 τοῦ
2748 4573 2951 4644 Πέτρου
2976 4574 3239 4639 εἰπόντος,
3264 4577 3630 4650 ἀπεκρίναντο
3645 4577 3731 4631 Νι-

500 4664 553 4711 et
600 4651 976 4723 AquilazNon
1010 4652 1165 4705 valde
1214 4665 1336 4716 nos,
1381 4651 1629 4715 domine,
1674 4650 1956 4705 contristat
2007 4650 2060 4705 id

502 4761 683 4816 agere,
724 4744 981 4811 quoniam
1030 4756 1059 4795 a
1105 4749 1155 4793 te
1205 4741 1525 4807 imperatum
1557 4748 1659 4793 est.
1717 4738 1899 4793 Primo
1941 4739 2063 4809 qui-

504 4839 647 4903 dem,
672 4835 797 4906 quia
823 4833 912 4886 Dei
943 4832 1279 4901 providentia
1299 4830 1539 4886 deleetus
1574 4845 1654 4894 es,
1678 4831 1772 4899 qui
1799 4832 2060 4913 merearis

504 4940 700 4985 cuncta
736 4925 997 4996 praeclare
1028 4924 1268 4993 cogitare
1298 4931 1460 4991 atque
1498 4921 1782 4977 consulere
1820 4941 1832 4977 :
1861 4922 2056 4979 deinde

506 5019 789 5089 veroquod
806 5017 1164 5087 utplurimum
1196 5014 1360 5068 biduo
1385 5029 1483 5065 nos
1510 5014 1608 5067 hoc
1632 5012 1810 5069 facere
1840 5031 2061 5071 necesse

506 5115 597 5180 sit,
643 5129 673 5167 a
717 5121 769 5166 te
817 5111 1102 5173 absentes;
1159 5105 1289 5159 illud
1331 5113 1510 5159 autem
1556 5106 1786 5174 spatium
1814 5108 2063 5176 quamvis

507 5206 725 5274 longum
779 5201 867 5267 sit,
914 5201 1041 5253 dum
1097 5207 1150 5251 te
1200 5195 1478 5251 dominum
1510 5206 1755 5250 nostrum
1782 5212 1889 5251 non
1916 5198 2063 5251 vide-

507 5313 650 5362 mus,
678 5303 913 5348 attamcu
944 5298 1005 5344 ut
1037 5289 1214 5358 jubes,
1245 5286 1373 5355 quia
1404 5285 1534 5339 utile
1569 5295 1671 5345 est.
1700 5301 1807 5339 non
1843 5298 2060 5342 contra-

507 5388 758 5442 dicimus.
790 5382 911 5438 llaec
944 5390 1229 5451 postquam
1270 5376 1541 5440 dixerunt,
1573 5378 1869 5446 autegressi
1911 5388 2056 5432 sunt.

2161 4661 2329 4732 κήτης
2349 4662 2438 4714 καὶ
2454 4662 2698 4726 Ἀκύλας·
2730 4665 2803 4716 os
2827 4666 2966 4718 πάνυ
2996 4668 3163 4738 ἡμᾶς,
3182 4669 3358 4739 κύριε,
3379 4671 3546 4724 λυπεῖ
3576 4670 3730 4724 τοῦτο

2163 4748 2541 4819 πράττειν,’διὰ
2579 4750 2641 4803 τὸ
2666 4752 2770 4806 ὑπὸ
2794 4754 2883 4807 σοῦ
2913 4755 3325 4825 προστετάχθαι.
3352 4759 3579 4828 Πρῶτον
3612 4758 3728 4829 μὲν,

2159 4840 2240 4891 ὅτι
2271 4840 2443 4916 πάντα
2474 4842 2652 4906 καλῶς
2681 4846 2817 4897 νοεῖν
2845 4862 2903 4897 τε
2932 4847 3024 4897 καὶ
3048 4847 3433 4916 συμϐουλεύειν
3464 4850 3616 4915 ἄξιος
3637 4849 3727 4910 ῶν,

2163 4930 2266 4982 ὑπὸ
2293 4910 2388 5000 τῆς
2417 4931 2508 4982 τοῦ
2532 4930 2668 4987 Θεοῦ
2695 4933 2949 5003 προνοίας
2980 4910 3251 5005 ἐξελέγης·
3293 4938 3487 4991 ἔπειτα
3516 4910 3611 5000 ⁷δέ,
3651 4939 3727 4991 ὅτι

2160 5020 2235 5083 ὡς
2261 5022 2487 5075 ἐπιπολὺ
2519 5023 2737 5093 ἡμερῶν
2770 5024 2861 5077 δύο
2886 5026 3093 5097 ἀνάγκη
3120 5025 3277 5080 τοῦτο
3302 5029 3569 5098 πράττειν
3588 5031 3730 5100 ἡμᾶς

2159 5110 2696 5183 ἀπολιμπανομένους
2724 5131 2814 5167 σου
2839 5132 2852 5145 ·
2884 5118 2976 5169 καὶ
3018 5113 3172 5170 αὗται
3197 5119 3250 5171 δὲ
3280 5120 3473 5173 πολλαὶ
3498 5121 3635 5192 πρὸς
3671 5119 3727 5171 τὸ

2166 5205 2238 5272 μή
2275 5219 2332 5253 σε
2360 5202 2452 5255 τὸν
2497 5204 2682 5275 κύριον
2709 5205 2861 5276 ἡμῶν
2904 5207 3159 5279 καθορᾷν,
3210 5210 3345 5280 πλὴν
3370 5210 3450 5274 ὡς
3488 5212 3731 5274 κελεύεις

2156 5291 2241 5344 διὰ
2277 5293 2336 5344 τὸ
2366 5295 2639 5366 συμφέρον
2687 5298 2785 5349 οὐκ
2807 5298 3173 5366 ἀντιλέγομεν.
3236 5301 3420 5355 Ταῦτα
3456 5304 3719 5365 εἰπόντες,

2163 5400 2200 5433 π
2207 5384 2415 5453 ροῆγον.

1778 5542 2005 5597 VARI/ﬁ
2038 5544 2430 5606 1.ECTIOI\ES.

650 5640 690 5671 ⁸⁸
720 5640 901 5693 Matth.
945 5655 1099 5701 χχιιι,
1130 5637 1220 5691 25.

1298 5637 1345 5711 ξ’.
1391 5639 1662 5711 Clementi,
1704 5639 1851 5711 hom.
1910 5654 1966 5703 Χ,
1999 5655 2046 5711 c.
2098 5641 2184 5694 55.
2242 5648 2383 5711 Rea,
2412 5646 2445 5699 l.
2483 5661 2559 5708 νι,
2601 5646 2765 5703 c.15.

2877 5650 2924 5682 ³ο
2954 5653 3025 5729 al.
3059 5654 3475 5729 εὐχαριστήσας.
3554 5663 3596 5691 ²¹
3648 5661 3713 5711 al.

502 5708 887 5785 ἀποδεδώκασι.
945 5712 986 5741 ¹²
1016 5711 1085 5764 al.
1128 5705 1535 5775 ὑποδεξάμενον.
1614 5707 1660 5739 ’³
1708 5710 1981 5775 CIemenL,
2031 5710 2062 5763 h

2169 5754 2175 5764 .
2215 5729 2310 5781 xu,
2351 5705 2399 5770 ὁ.
2433 5717 2485 5783 1,
2527 5705 2630 5772 etc.
2697 5722 2943 5795 Recogm,
2980 5722 3013 5775 Ι.
3064 5705 3481 5792 viij’El'if'et’c.
3566 5730 3614 5763 “
3643 5729 3712 5784 al.

506 5796 620 5832 ουν.
1722 5807 1761 5822 "‘
