4022 6336
271 391 345 447 ες
354 391 368 444 I

1053 376 1517 437 CLEMENTINA.
1558 405 1629 415 ——
1664 369 1964 429 EPITOME
2000 367 2089 422 DE
2125 365 2370 421 GESTIS
2411 364 2468 419 S.
2508 362 2733 418 PETRI.

3419 364 3523 419 5'32

346 501 557 557 LXXII.
599 500 979 573 Πορευθέντων
1031 495 1124 552 οὖν
1174 496 1388 559 αὐτῶν,
1449 492 1560 562 ἐγὼ
1621 490 1851 560 Κλήμης

2021 483 2230 540 LXXII.
2275 482 2369 538 His
2394 483 2561 553 igitur
2586 479 2866 549 profectis,
2897 491 2997 546 ego
3019 478 3274 533 Clemens
3301 478 3523 547 gavisus

266 597 515 667 ἔχαιρον,
553 595 639 647 ὅτι
678 594 775 646 σὺν
821 591 971 662 αύτῷ
1012 608 1078 662 με
1114 590 1401 643 ἐκέλευσεν
1432 582 1591 639 εἶναι.
1640 580 1853 653 Ἀμέλει

268 687 529 759 καὶπρὸς
552 686 715 740 αὐτὸν
741 680 911 738 εἷπον·
938 682 1261 755 Εὐχαριστῶ
1278 681 1357 752 τῷ
1384 678 1523 749 Θεῷ,
1552 678 1635 731 ὅτι
1668 693 1733 746 με
1755 673 1855 727 οὐκ

268 778 667 846 ἐξαπέστειλας
705 776 783 840 ὡς
820 776 948 839 τοὺς
982 774 1229 846 ἑταίρους
1249 773 1317 835 ’⁵,
1356 771 1479 823 ἐπεὶ
1525 765 1856 837 ὀδυνώμενος

270 870 340 924 ἂν
379 872 840 941 διαπεφωνήκειν.
893 867 950 921 ’0
979 868 1037 920 δὲ
1066 866 1191 937 ἔφη·
1226 863 1292 917 Τί
1333 862 1440 917 δαί·
1475 863 1525 914 εἰ
1567 859 1662 913 καὶ
1697 856 1858 929 χρεία.

274 980 360 1026 τις
394 963 550 1017 ἔσται
579 961 896 1033 πεμφθῆναί
925 959 986 1013 σέ
1018 975 1142 1022 που,
1185 958 1248 1011 σὺ
1282 955 1371 1009 διὰ
1400 954 1463 1007 τὺ
1503 952 1639 1024 πρὸς
1678 950 1856 1019 ὀλίγον

268 1054 749 1125 ἀπολιμπάνεσθαί
773 1071 875 1125 μου
896 1047 1407 1124 συμφερόντωςδιά
1425 1045 1584 1099 τοῦτο
1603 1042 1853 1114 τεθνήξῃς

265 1147 398 1216 οὐχ).
420 1147 477 1199 δὲ
509 1144 915 1217 προσομιλήσας
948 1140 1180 1211 σεαυτῷ,
1214 1138 1402 1211 φέρειν
1429 1135 1499 1190 τὰ
1524 1136 1612 1189 διὰ
1636 1134 1735 1205 τὴν
1766 1134 1859 1186 ἀν-

271 1239 459 1309 άγκην
481 1255 564 1290 σοι
597 1235 1067 1306 προσταττόμενα,
1097 1232 1347 1304 εὐθύμως
1380 1230 1655 1291 ὑποίσειςς
1690 1226 1724 1297 ἢ
1756 1226 1857 1278 ούκ

271 1328 458 1394 οἶδας,
506 1330 587 1382 ὅτι
625 1327 859 1381 σύνεισιν
901 1326 951 1378 οἱ
982 1322 1123 1394 φίλοι
1159 1325 1278 1385 ταῖς
1321 1321 1577 1392 μνήμαις,
1614 1317 1715 1371 κᾶν
1745 1317 1858 1378 τοῖς

272 1421 530 1491 σώμασιν
562 1418 783 1472 ἐκείνων
806 1415 1310 1486 άπολιμπάνωνται,
1342 1413 1417 1475 ὡς
1447 1410 1575 1463 ἔνιοι
1612 1407 1859 1471 συνόντες

282 1515 394 1574 τοῖς
428 1510 663 1581 σώμασι,
694 1509 909 1582 μακρὰν
940 1509 1280 1578 ἀφεστήκασι
1312 1507 1431 1566 ταῖς
1449 1503 1681 1572 ψυχαῖςς

353 1600 583 1655 LXXIII.
624 1599 795 1668 Κάγὼ
832 1599 1231 1670 ἀπεκρινάμην·
1280 1596 1436 1648 Ἀλλά
1483 1594 1555 1665 μή
1610 1609 1676 1663 με
1710 1591 1861 1661 νομί-

278 1710 403 1766 σῃς,
441 1693 617 1763 κύριε,
664 1693 743 1745 ὅτι
778 1693 846 1744 τὰ
883 1691 1059 1762 λύπης
1090 1689 1319 1760 πάσχειν
1349 1687 1569 1759 ἔμελλον
1601 1686 1858 1756 ἀνοήτως,

275 1788 420 1840 άλλά
450 1788 543 1840 καὶ
571 1786 711 1838 πάνυ
740 1784 915 1857 ὀρθῶς
944 1784 1118 1854 ἔχοντι
1163 1781 1426 1853 λογισμῷ.
1465 1781 1619 1834 Ἐπεὶ
1659 1779 1767 1850 γάρ
1802 1794 1860 1830 σε

1955 593 2101 644 sum,
2130 592 2254 632 eum
2288 589 2377 630 me
2407 590 2592 630 secum
2628 587 2749 628 esse
2776 570 3033 625 voluisse.
3066 566 3252 639 Itaque
3291 569 3357 623 ad
3396 584 3523 625 eum

1955 669 2108 723 dixi:
2139 668 2355 724 Gratias
2382 681 2484 737 ago
2524 666 2653 728 Deo,
2697 664 2840 735 quod
2890 677 2977 717 me
3014 677 3120 717 non
3155 662 3426 728 emiseris,
3466 671 3527 718 ut

1957 762 2213 827 sodales;
2253 776 2380 815 nam
2405 774 2516 829 prae
2546 759 2733 813 dolore
2756 764 2981 811 enectus
3008 755 3255 809 fuissem.
3301 753 3391 811 Ille
3431 771 3526 810 ve»

1956 869 2019 909 ro
2048 870 2062 905 :
2094 851 2237 919 Quid
2267 862 2471 917 autem,
2501 849 2699 921 inquit,
2727 849 2775 904 si
2803 863 2926 918 quae
2967 847 3265 902 necessitas
3297 847 3525 917 jusserit

1956 954 2016 1000 ut
2037 946 2222 1015 aliquo
2250 944 2520 1009 mittaris;
2549 952 2603 997 tu
2634 943 2761 1012 quia
2792 939 3108 1009 aliquandiu
3139 954 3169 993 a
3202 954 3289 993 me
3320 939 3525 993 utiliter

1957 1036 2068 1091 eris
2093 1044 2399 1105 separatus,
2428 1034 2548 1089 ideo
2584 1031 2870 1087 morieris?
2899 1028 3089 1084 Nonne
3110 1029 3311 1098 potius,
3345 1036 3523 1082 tecum

1957 1139 2240 1200 reputans,
2261 1129 2478 1185 ferenda
2500 1144 2620 1184 esse
2644 1143 2768 1197 quae
2788 1135 3009 1197 prepter
3038 1126 3414 1181 necessitatem
3436 1125 3528 1194 ju-

1957 1222 2121 1287 beris,
2165 1237 2323 1292 mque
2350 1222 2535 1276 animo
2571 1218 2749 1275 feres?
2784 1219 2892 1272 Aut
2930 1217 3111 1273 nescis
3176 1217 3382 1271 amicos
3417 1232 3527 1271 una

1957 1329 2080 1369 esse
2110 1314 2509 1375 recordatione,
2550 1313 2674 1367 licet
2703 1310 3027 1381 corporibus
3064 1310 3207 1363 inter
3233 1325 3291 1363 se
3321 1310 3530 1379 disjuu-

1967 1415 2202 1477 gantur;
2230 1406 2369 1462 sicut
2396 1405 2645 1461 nonnulli
2663 1404 2982 1473 corporibus
2999 1403 3530 1472 praesentes,animis

1958 1500 2150 1566 procul
2172 1506 2301 1553 sunt
2325 1497 2539 1552 dissiti?

2029 1590 2262 1646 LXXIII.
2300 1590 2367 1644 Et
2388 1606 2487 1662 ego
2516 1589 2772 1659 respondi
2809 1606 2822 1642 :
2854 1586 3053 1642 Verum
3080 1604 3147 1654 ne
3170 1588 3236 1644 de
3267 1604 3354 1643 me
3378 1588 3527 1644 arbio

1961 1681 2159 1747 treris,
2202 1681 2439 1748 domine,
2477 1680 2622 1749 quod
2674 1681 2835 1734 istum
2882 1694 3170 1734 maerorem
3216 1680 3532 1750 insipienter

1962 1772 2064 1827 sim
2080 1788 2460 1843 perpessurus,
2483 1772 2730 1841 quinimo
2747 1772 3039 1827 admodum
3060 1781 3206 1827 recte
3225 1788 3285 1827 se
3304 1772 3534 1828 habente

276 1880 407 1931 ἀντὶ
443 1876 659 1931 πάντων
693 1875 936 1945 εἱλόμην,
980 1874 1186 1944 πατρὸς
1221 1873 1315 1925 καὶ
1358 1870 1580 1942 μητρὸς,
1621 1868 1862 1937 ἀδελφῶν

1966 1862 2193 1917 ratione.
2232 1862 2503 1928 Quoniam
2561 1862 2706 1916 enim
2749 1870 2800 1917 te
2841 1878 2940 1932 pro
2999 1864 3256 1919 omnibus
3309 1868 3528 1935 accepi,

278 1970 403 2040 ἅμα
443 1968 537 2023 καὶ
590 1966 866 2036 συγγενῶν
888 2006 903 2030 ,
956 1966 1128 2020 αἴτιόν
1176 1982 1265 2037 μοι
1304 1963 1589 2033 γενόμενον
1636 1961 1723 2015 διά
1776 1962 1866 2015 τὸν

278 2061 415 2114 Θεὸν
443 2060 543 2129 τῆς
566 2058 840 2128 σῳζούσης
864 2057 1139 2128 ἀληθείας·
1174 2055 1313 2110 οὓτω
1342 2057 1436 2109 καὶ
1464 2049 1531 2126 ἧς
1557 2052 1780 2124 ἔμελλον
1804 2054 1867 2105 ὲκ

283 2151 507 2204 πάντων
539 2147 830 2202 ἀπολαύειν
859 2145 1231 2218 παραμυθίας,
1263 2144 1352 2197 διὰ
1389 2142 1483 2196 σοῦ
1526 2142 1686 2214 μόνου
1730 2159 1865 2215 καρ-

285 2241 522 2312 ποῦμαι.
554 2241 775 2294 Δέδοικα
806 2239 915 2311 γὰρ
933 2239 1068 2302 ὅλως
1099 2236 1488 2308 ἀπολειφθῆναί
1515 2252 1630 2299 σου,
1659 2236 1865 2306 μήποτε

275 2336 373 2389 διὰ
404 2336 505 2405 τὴν
535 2336 599 2387 ὲκ
627 2334 727 2404 τῆς
754 2331 969 2403 ἡλικίας
1002 2331 1206 2402 ἀκμὴν,
1240 2330 1415 2400 ἥττων
1448 2327 1741 2399 ἐπιθυμίας
1777 2327 1868 2395 γέ-

280 2445 487 2497 νωμαι.
509 2426 618 2479 Καὶ
644 2423 734 2477 διὰ
758 2424 916 2477 τοῦτο
943 2421 1118 2485 οὕτως
1147 2420 1448 2482 ὲνστάσεως
1480 2418 1607 2488 ἔχω,
1639 2418 1715 2480 ὡς
1742 2418 1869 2469 ἁπο-

283 2518 480 2590 στῆναί
530 2534 622 2569 σου
672 2514 930 2568 ἀδύνατον
974 2510 1141 2573 εἶναι,
1192 2512 1240 2563 εί
1282 2511 1354 2582 μὴ
1388 2509 1532 2563 κατά
1558 2524 1679 2561 τινα
1713 2507 1867 2577 χόλον

280 2611 425 2665 Θεοῦ
460 2607 617 2661 τοῦτο
647 2607 889 2678 γένηται.
920 2605 1030 2658 Καὶ
1057 2604 1164 2674 γὰρ
1198 2601 1476 2674 μέμνημαί
1509 2618 1600 2653 σου
1636 2600 1693 2652 ὲν
1726 2601 1865 2653 Και-

285 2700 487 2771 σαρείᾳ
516 2699 776 2761 εἰπόντος·
814 2696 882 2750 Εἴ
906 2695 991 2758 τίς
1026 2713 1116 2766 μοι
1150 2694 1396 2764 βούλεται
1424 2692 1759 2754 συνοδεῦσαι,
1788 2692 1868 2744 εὑ-

284 2791 466 2853 σεϐῶς
501 2790 597 2844 καὶ
627 2788 970 2844 συνοδευέτω.
1000 2785 1254 2850 Εὐσεϐῶς
1281 2786 1338 2839 δὲ
1370 2784 1524 2856 ἔφης,
1564 2783 1626 2837 τὸ
1665 2782 1869 2855 μηδένα

282 2884 528 2954 λυπῆσαι
550 2881 689 2935 κατὰ
706 2881 857 2943 Θεὸν,
886 2874 1016 2943 οἷον,
1039 2878 1371 2933 ἀπολιπόντα
1396 2879 1591 2946 γονεῖς,
1613 2878 1864 2946 γυναῖκα,

287 2975 429 3047 πρὸς
458 2975 516 3028 δὲ
536 3014 552 3037 ,
601 2975 693 3027 καὶ
723 2973 945 3044 ἑτέρους
986 2971 1137 3035 τινὰς
1164 2972 1272 3024 τῶν
1301 2970 1542 3023 εὐσεϐεῖν
1578 2968 1863 3039 ἑλομένων.

289 3067 459 3120 Ὅθεν
496 3065 608 3134 ἐγὼ
646 3063 788 3119 κατά
828 3065 1006 3118 πάντα
1034 3063 1335 3134 ἐπιτήδειός
1366 3061 1480 3133 εἰμί
1514 3078 1597 3115 σοι
1634 3060 1865 3113 συνοδοι-

286 3158 478 3229 πόρος,
518 3150 564 3223 ᾧ
589 3157 684 3209 καὶ
715 3156 783 3209 τὰ
826 3156 1055 3227 μέγιστα
1085 3154 1303 3226 χαρίζῃ,
1343 3155 1391 3207 εἰ
1413 3153 1457 3185 ³⁸
1485 3152 1583 3217 τὰς
1612 3151 1722 3206 τῶν
1750 3152 1868 3206 δοῦ..

286 3251 395 3303 λων
420 3250 724 3320 ὑπηρεσίας
755 3247 1070 3319 ἐπιτρέποις
1089 3249 1281 3300 ποιεῖν.

360 3344 595 3400 LXXIV.
638 3345 748 3398 Καὶ
776 3346 805 3397 ὁ
837 3344 1043 3416 Πέτρος
1085 3342 1350 3406 ἀκούσας,
1394 3342 1533 3413 μετά
1561 3341 1705 3406 τινός
1735 3359 1867 3413 φησι

290 3438 664 3510 μειδιάματος·
713 3436 777 3489 Τί
804 3432 895 3490 οῦν
922 3436 1053 3498 οἴει,
1087 3434 1317 3505 Κλήμη,
1356 3434 1428 3504 μὴ
1460 3433 1551 3487 ὑπ’
1580 3432 1749 3504 αὐτῆς
1778 3434 1870 3485 άν-

288 3533 483 3602 άγκης.
514 3531 597 3593 εἰς
631 3528 831 3582 δούλων
878 3545 936 3581 σε
977 3527 1210 3596 ταγῆναι
1246 3526 1445 3590 τόπον;
1484 3525 1606 3578 ἐπεὶ
1650 3524 1733 3587 τίς
1772 3523 1869 3587 τὰς

286 3611 459 3683 καῖάς
510 3637 601 3691 μοι
645 3619 740 3672 καὶ
774 3618 974 3680 πολλάς
1012 3616 1253 3679 σινδόνας
1287 3615 1424 3687 μετά
1459 3615 1566 3667 τῶν
1592 3613 1869 3685 ἑπομένων

285 3712 591 3767 δακτυλίων
634 3712 729 3764 καὶ
774 3708 885 3762 τῶν
923 3708 1284 3780 ὑποδημάτων
1324 3707 1647 3777 φυλάξει¹⁷;
1693 3705 1784 3766 Τίς
1812 3705 1868 3757 δὲ

290 3805 385 3859 καὶ
414 3803 487 3856 τὰ
520 3802 655 3873 ἡδέα
685 3801 779 3855 καὶ
810 3799 1072 3871 πολυτελῆ
1104 3799 1210 3869 ὄψα
1232 3797 1649 3871 προετοιμάσει;
1683 3796 1718 3850 ἃ.
1749 3814 1870 3851 τινα

288 3894 512 3948 ποικίλα
552 3892 681 3945 ὄντα
725 3890 932 3944 πολλῶν
958 3892 1126 3943 δεῖται
1157 3890 1253 3943 καὶ
1276 3888 1539 3959 τεχνικῶν
1570 3886 1864 3959 μαγείρων·

288 3986 382 4038 καὶ
416 3983 601 4036 πάντα
632 3981 833 4045 ἐκεῖνα,
868 3982 969 4034 ὅσα
1008 3980 1084 4043 ῶς
1128 3979 1300 4051 θηρίῳ
1332 3978 1550 4051 μεγάλῳ
1583 3981 1649 4049 τῇ
1684 3975 1870 4030 ἐπιθυ-

292 4077 386 4146 μία
420 4072 933 4146 προευτρεπίζεται.
969 4071 1114 4140 Πλὴν
1146 4072 1178 4141 ἠ
1211 4069 1432 4140 τοιαύτη
1464 4086 1523 4122 σε
1555 4068 1870 4140 προαίρεσις

291 4165 642 4235 ὑπεισῆλθεν,
695 4163 825 4226 ῐσως
872 4163 947 4233 μὴ
995 4161 1266 4224 συνιέντα,
1319 4161 1413 4215 καὶ
1452 4160 1544 4214 τὸν
1590 4160 1719 4231 ἐμὸν
1766 4160 1868 4227 ἀγ-

290 4258 514 4311 νοοῦντα
562 4256 697 4327 βίον,
742 4256 825 4307 ὅτι
868 4254 1018 4325 ἄρτῳ
1064 4254 1208 4324 μόνῳ
1250 4254 1344 4307 καὶ
1385 4252 1589 4316 ἐλαίαις
1627 4253 1866 4324 χρῶμαι,

291 4353 382 4404 καὶ
422 4349 671 4412 σπανίως
689 4349 735 4379 ’⁸
768 4348 1035 4417 λαχάνοις·
1102 4348 1195 4400 καὶ
1244 4349 1325 4400 ὅτι
1373 4345 1588 4417 ἱμάτιόν
1638 4363 1729 4417 μοι
1774 4346 1869 4399 καὶ

290 4440 577 4514 τριϐώνιον
608 4440 669 4492 ἓν
699 4441 815 4491 ἐστι
845 4438 1001 4491 τοῦτο
1023 4439 1066 4472 ’³
1100 4437 1251 4500 αὐτὸ,
1272 4437 1300 4491 ὃ
1328 4436 1744 4509 περιϐέϐλημαι,
1774 4438 1869 4491 καὶ

292 4533 480 4604 ἑτέρου
535 4530 726 4603 χρείαν
760 4532 861 4584 οὐκ
898 4529 1025 4600 ἔχω,
1065 4530 1185 4582 οὐδὲ
1212 4529 1385 4583 ἄλλων
1420 4530 1601 4583 τινῶν·
1646 4530 1734 4583 Ἐν
1761 4530 1868 4601 γὰρ
1899 4559 1945 4616 D

291 4624 505 4686 τούτοις
535 4623 631 4676 καὶ
664 4621 1076 4693 περισσεύομαι.
1132 4621 1190 4674 '0
1216 4620 1339 4684 νοῦς
1370 4620 1480 4692 γάρ
1522 4638 1623 4691 μου
1649 4620 1717 4675 τὰ
1754 4623 1869 4674 ἐκεῖ

294 4715 469 4768 πάντα
494 4714 642 4785 ὁρῶν
668 4711 861 4767 αἰώνια
888 4712 1086 4781 ἀγαθὰ,
1116 4712 1224 4765 τῶν
1252 4711 1485 4767 ἐνταῦθα
1512 4713 1720 4773 οὐδενὸς
1748 4715 1869 4766 επι-

297 4806 610 4877 στρέφεται.
648 4805 835 4876 Ὅμως
879 4804 973 4858 σοῦ
1025 4804 1122 4875 μὲν
1165 4804 1264 4874 τὴν
1302 4803 1511 4874 ἀγαθὴν
1554 4806 1870 4875 προαίρεσιν

296 4898 650 4967 ἀποδέχομαι,
670 4896 761 4949 καὶ
782 4892 1076 4966 θαυμάζων
1105 4893 1332 4955 ἐπαινῶ,
1365 4894 1479 4956 πῶς
1510 4894 1650 4965 ἀνὴρ
1680 4896 1744 4947 ὲκ
1776 4912 1872 4947 πο-

296 4987 528 5041 λυτελῶν
558 4985 697 5038 ὲθῶν
725 4985 1005 5056 ὑπάρχων,
1042 4983 1238 5056 ῥᾳδίως
1268 4987 1378 5046 τοῖς
1422 4984 1736 5052 ἀναγκαίοις
1779 4985 1870 5038 τὸν

300 5077 525 5131 σεαυτοῦ
575 5075 886 5146 ὑπήλλαξας
937 5075 1070 5145 βίον.
1125 5076 1315 5144 Ἡμεῖς
1372 5075 1481 5144 γὰρ
1535 5076 1599 5128 ὲκ
1642 5075 1867 5141 παίδων,

301 5169 404 5237 ἐγώ
420 5188 480 5223 τε
514 5171 610 5223 καὶ
653 5168 902 5239 Ἀνδρέας
930 5170 959 5220 ὁ
986 5167 1261 5236 σύναιμος,
1286 5166 1346 5218 οὑ
1378 5167 1535 5237 μόνον
1562 5168 1619 5219 ἐν
1638 5166 1870 5241 ὀρφανία

302 5262 613 5331 τραφέντες,
648 5260 784 5314 ἀλλὰ
830 5262 924 5313 καὶ⁴
966 5259 1071 5313 ὑπὸ
1112 5259 1301 5321 πενίας
1342 5260 1423 5322 εἰς
1466 5259 1723 5329 ἐργασίαν
1758 5259 1869 5311 ἐθι-

306 5353 515 5417 σθέντες
549 5354 627 5417 ³⁸,
676 5354 933 5425 εὐμαρῶς
980 5354 1217 5425 φέρομεν
1249 5353 1343 5407 νῦν
1374 5352 1473 5416 τὰς
1505 5353 1720 5424 μακράς
1747 5356 1871 5407 ταύ-

303 5461 397 5508 τας
425 5445 756 5517 ὁδοιπορίας.
807 5446 967 5499 Ὅθεν
1005 5448 1054 5499 εί
1092 5445 1308 5531 ἐπείθου
1341 5463 1452 5516 μοι,
1493 5448 1614 5518 ἐμοὶ
1641 5447 1708 5501 ἂν
1740 5465 1869 5516 συγ-

308 5541 634 5612 κεχωρήκεις
664 5539 733 5593 τὰ
764 5539 961 5592 δούλων
984 5538 1336 5610 ἀποπληροῦν
1368 5557 1467 5592 σοι.

1965 1971 2066 2027 pro
2099 1965 2267 2026 patre,
2306 1964 2500 2024 matre,
2540 1956 2820 2017 fratribus,
2872 1966 2925 2013 et
2978 1959 3253 2031 cognatis;
3302 1961 3394 2031 qui
3437 1977 3534 2031 per

1970 2048 2137 2103 Deum
2174 2058 2367 2104 auctor
2393 2049 2527 2104 mihi
2551 2050 2722 2115 fuisti,
2758 2060 2817 2104 ut
2847 2050 3159 2120 agnoverim
3183 2053 3533 2109 servatricem

1966 2140 2246 2195 veritatem
2278 2159 2292 2195 :
2319 2140 2399 2197 sic
2437 2150 2491 2196 et
2527 2141 2920 2207 consolatione,
2964 2157 3128 2212 quam
3166 2143 3235 2197 ab
3277 2143 3534 2199 omnibus

1968 2242 2362 2289 consecuturus
2395 2233 2642 2296 fuissem,
2683 2249 2781 2303 per
2821 2243 2873 2289 te
2913 2250 3081 2288 unum
3118 2234 3287 2289 fruor.
3332 2232 3535 2290 Vereor

1967 2323 2168 2393 quippe
2210 2325 2435 2380 omnino
2460 2341 2487 2380 a
2513 2334 2565 2380 te
2590 2324 2781 2380 abesse
2799 2363 2815 2391 ,
2843 2341 2911 2381 ne
2934 2341 3028 2395 per
3049 2326 3222 2381 aetatis
3243 2325 3533 2395 fervorem,

1970 2429 1999 2468 a
2018 2416 2311 2485 cupiditate
2332 2417 2541 2472 vincar.
2560 2416 2627 2470 Et
2652 2416 2773 2471 ideo
2800 2418 2870 2471 ita
2900 2417 2953 2471 iu
2985 2417 3229 2472 animum
3249 2418 3456 2483 induxi,
3476 2427 3536 2472 ut

1967 2524 1997 2562 a
2030 2517 2082 2562 te
2104 2526 2214 2563 non
2245 2510 2453 2580 possim
2479 2509 2776 2576 discedere,
2809 2508 2913 2563 nisi
2946 2510 3051 2563 hoc
3091 2509 3272 2565 divina
3298 2510 3532 2580 quadam

1968 2602 2050 2657 ira
2077 2604 2315 2661 eveniat.
2349 2602 2558 2658 Etenim
2584 2602 2807 2657 memini
2834 2610 2885 2657 te
2908 2601 3171 2657 Caesareae
3202 2603 3382 2659 dicere
3423 2619 3436 2655 :
3476 2602 3535 2657 Si

1968 2696 2093 2766 quis
2126 2696 2241 2748 vult
2268 2710 2481 2750 mecum
2518 2695 2622 2749 iter
2656 2693 2856 2761 facere,
2902 2695 2987 2764 pie
3026 2710 3246 2765 quoque
3282 2711 3389 2750 una
3433 2695 3538 2749 iter

1969 2786 2166 2842 habeat
2197 2805 2211 2842 :
2238 2786 2327 2857 pie
2367 2796 2545 2842 autem
2572 2785 2791 2842 dicebas
2824 2801 2965 2854 esse,
3008 2788 3278 2841 neminem
3314 2788 3535 2843 tristitia

1967 2880 2264 2935 secundum
2294 2877 2465 2934 Deum
2495 2879 2726 2944 allicere,
2758 2878 2923 2934 veluti
2960 2879 3319 2949 relinquendo
3347 2895 3538 2949 paren-

1967 2984 2069 3038 tes,
2110 2987 2359 3038 uxorem,
2394 2985 2495 3027 nec
2524 2988 2631 3027 non
2664 2972 2801 3026 alios
2828 2973 2970 3041 piam
3006 2971 3175 3025 vitam
3211 2982 3536 3027 consectan-

1968 3073 2069 3120 tes.
2100 3062 2255 3119 Unde
2279 3080 2379 3135 ego
2400 3081 2626 3135 prorsus
2648 3066 2743 3121 tibi
2769 3081 2891 3121 sum
2908 3072 3066 3135 aptus
3095 3065 3309 3121 itineris
3328 3080 3534 3133 comes,

1969 3173 2000 3211 a
2028 3172 2137 3226 quo
2168 3165 2222 3210 et
2253 3156 2546 3212 maximam
2570 3156 2733 3212 inibis
2762 3157 3013 3227 gratiam,
3036 3156 3083 3213 si
3099 3156 3400 3213 ministeria
3418 3153 3537 3214 εει-4

1892 3224 1935 3281 c
1966 3264 2161 3302 verum
2193 3247 2344 3304 obire
2362 3248 2694 3318 permiseris.

2042 3336 2277 3393 LXXIV.
2318 3337 2434 3394 Hoc
2457 3339 2666 3406 audito,
2691 3337 2907 3406 Petrus,
2936 3355 3060 3397 eum
3089 3340 3198 3395 leni
3219 3341 3335 3397 risu
3362 3342 3535 3397 dixit:

1968 3429 2109 3496 Quid
2131 3446 2262 3501 ergo
2292 3439 2473 3501 putas,
2505 3430 2777 3499 Clemens,
2810 3433 2956 3503 quod
2985 3448 3093 3488 non
3116 3441 3171 3489 te
3196 3433 3313 3504 ipsa
3345 3449 3539 3490 neces-

1970 3522 2105 3577 sitas
2134 3522 2187 3575 in
2211 3536 2495 3577 servorum
2528 3523 2775 3578 ordinem
2816 3525 3017 3595 rediget
3030 3524 3221 3602 {,Nam
3245 3526 3369 3596 quis
3403 3526 3538 3580 mihi

1967 3616 2239 3680 elegantes
2260 3629 2327 3668 ac
2348 3614 2550 3670 multas
2574 3614 2833 3672 sindones
2856 3631 2951 3672 seu
2974 3626 3152 3672 vestes
3176 3616 3391 3681 linteas,
3409 3633 3534 3674 cum

1968 3705 2239 3776 adjunctis
2267 3706 2485 3762 annulis
2512 3714 2567 3761 et
2588 3706 2784 3763 calceis
2805 3707 3119 3763 custodiet?
3152 3708 3287 3775 Quis
3323 3725 3455 3765 vero
3480 3719 3539 3765 et

1970 3802 2159 3856 suavia
2196 3799 2578 3870 exquisitaque
2613 3799 2841 3854 obsonia
2867 3799 3229 3869 praeparabit?
3256 3814 3377 3871 quae
3408 3815 3533 3855 cum

1969 3892 2119 3946 varia
2143 3893 2273 3958 sint,
2302 3890 2505 3946 multos
2541 3906 2606 3946 ac
2635 3892 2864 3948 solertes
2891 3907 3101 3961 coquos
3138 3894 3418 3963 postulant
3442 3910 3455 3946 :
3481 3902 3536 3948 et

1969 3982 2152 4036 omnia
2176 3982 2287 4047 illa,
2318 3998 2440 4053 qua:
2463 3990 2723 4051 tanquam
2757 3982 2982 4036 immani
3012 3982 3221 4048 bestiae,
3250 3984 3533 4054 cupiditati

1970 4074 2321 4137 apparantur.
2376 4068 2482 4123 Sed
2531 4069 2717 4124 forsan
2768 4070 2884 4125 haec
2936 4078 2988 4125 te
3034 4070 3201 4126 subiit
3244 4074 3534 4137 sententia,

1968 4161 2115 4230 quod
2163 4176 2272 4217 non
2315 4161 2668 4229 intellexeris,
2700 4163 2954 4233 quodque
2998 4164 3214 4233 ignores
3249 4165 3535 4220 vittamere

1970 4252 2274 4319 rationem;
2298 4253 2391 4323 qui
2414 4254 2531 4309 solo
2566 4268 2705 4324 pane
2732 4263 2786 4309 et
2814 4255 2972 4310 olivis
3000 4264 3143 4323 utor,
3168 4268 3403 4327 raroque
3429 4258 3537 4312 ole-

1969 4346 2150 4412 ribus;
2190 4348 2393 4417 quique
2429 4362 2597 4401 unum
2639 4348 2812 4402 habeo
2847 4348 3254 4415 vestimentum,
3314 4364 3379 4405 ac
3422 4351 3538 4419 pal-

1969 4436 2123 4503 lium,
2154 4438 2260 4493 hoc
2280 4440 2455 4508 ipsum
2486 4454 2595 4509 quo
2619 4441 2852 4497 amictus
2886 4457 3030 4506 sum,
3063 4442 3243 4497 etalio
3265 4457 3402 4512 opus
3427 4459 3535 4497 non

1971 4530 2177 4598 habeo,
2222 4547 2398 4601 neque
2429 4533 2539 4587 ulla
2580 4547 2658 4588 re.
2698 4531 2833 4588 Nam
2881 4534 2942 4588 in
2982 4534 3068 4589 his
3110 4534 3272 4589 etiam
3320 4536 3537 4591 abunde

1971 4622 2103 4677 mihi
2123 4630 2226 4678 est.
2255 4623 2370 4679 Mea
2396 4626 2596 4695 quippe
2618 4640 2775 4681 mens
2801 4641 3031 4682 cernens
3052 4626 3164 4681 illic
3185 4629 3367 4682 omnia
3393 4629 3534 4684 bona

1971 4725 2194 4781 aeterna,
2247 4717 2449 4773 nullius
2484 4734 2672 4773 eorum
2704 4733 2827 4788 quae
2855 4718 2944 4772 hic
2975 4725 3104 4772 sunt
3137 4732 3322 4774 curam
3353 4720 3535 4776 susci~

1971 4809 2069 4876 pit.
2094 4804 2271 4861 Tuum
2299 4819 2475 4861 tamen
2493 4807 2766 4877 egregium
2796 4807 3103 4863 institutum
3133 4809 3404 4877 approbo;
3435 4809 3536 4863 mi-

1971 4914 2170 4967 rorque
2208 4914 2272 4953 ac
2298 4898 2480 4962 laudo,
2526 4913 2636 4968 quo
2679 4898 2841 4953 modo
2882 4900 2966 4953 vir
2996 4900 3048 4953 in
3075 4900 3181 4955 vita
3217 4911 3534 4971 sumptuosa

1972 4988 2256 5052 educatus,
2288 4987 2447 5044 facile
2478 4989 2695 5043 vivendi
2738 4990 3001 5044 rationem
3041 4991 3439 5058 immutaveris,
3480 5003 3533 5046 et

1971 5080 2037 5135 ad
2076 5081 2188 5134 sola
2218 5081 2528 5134 necessaria
2560 5081 2885 5136 traduxeris.
2919 5079 3032 5137 Nos
3053 5082 3252 5152 quippe
3282 5098 3310 5136 a
3343 5098 3530 5154 puero,

1971 5185 2072 5241 ego
2096 5182 2150 5226 et
2182 5171 2427 5226 Andreas
2452 5170 2640 5233 frater,
2676 5188 2784 5227 non
2819 5173 2996 5228 solum
3042 5174 3093 5227 in
3124 5175 3374 5243 pupillari
3403 5189 3534 5229 cou—

1971 5264 2176 5318 ditione
2190 5265 2626 5329 educati,verum
2657 5265 2820 5319 etiam
2843 5276 3061 5335 propter
3096 5266 3333 5335 inopiam
3368 5265 3435 5319 ad
3456 5266 3535 5318 Ia-

1970 5354 2157 5409 borem
2192 5355 2504 5417 assuefacti,
2531 5356 2779 5425 expulite
2803 5372 2949 5411 nunc
2976 5357 3075 5411 has
3100 5358 3286 5427 longas
3310 5356 3534 5411 ferimus

1971 5445 2452 5515 peregrinationes.
2485 5446 2686 5513 Quare,
2719 5448 2765 5501 si
2788 5446 3037 5501 crederes
3067 5447 3220 5512 mihi,
3250 5461 3530 5501 servorum

1974 5537 2149 5593 ollicia
2173 5554 2257 5594 me
2282 5539 2379 5595 tibi
2399 5539 2711 5611 impendere
2731 5538 3073 5594 concederes.

1586 5678 1815 5733 VARUS
1856 5678 2256 5738 LEC'I‘IONES.

383 5760 782 5847 "_Clementina
844 5784 897 5828 et
934 5770 1338 5847 Allecognitiones
1374 5814 1389 5839 ,
1453 5776 1687 5847 ἐτέρους.
1741 5775 1875 5829 Cor.

318 5836 363 5868 "
396 5842 457 5895 al.
493 5844 571 5897 τό.
651 5846 694 5876 ³⁸
735 5847 805 5899 al.
838 5836 1196 5910 ὲνεθισθὲντες

628 5944 900 6003 Ριτιιοι..
955 5945 1072 6003 Gtt.
1127 5947 1202 6005 Il.

1984 5779 2030 5811 "
2056 5778 2125 5832 al.
2168 5779 2221 5831 εἴ
2256 5797 2365 5850 μοι.
2472 5782 2514 5811 ²⁷
2542 5780 2613 5834 al.
2656 5778 2986 5849 διαφυλάξει.
3068 5782 3113 5812 ’⁸
3152 5782 3221 5836 al.
3266 5783 3531 5846 σπανίοις.

3138 5952 3213 6011 17
