4022 6336
532 359 638 417 59.3

1403 349 1461 404 S.
1492 344 1879 404 CLEMENTIS
1918 344 1935 398 I
1970 344 2136 399 ROM.

2178 341 2379 397 PONT.
2420 338 2650 395 ()PERA
2687 336 2916 396 DUBIA.
3656 343 3745 398 59A

604 477 815 534 LXXV.
856 476 913 532 Id
970 491 1073 547 ego
1095 473 1348 541 audiens,
1391 470 1701 527 contremui
1746 475 1801 524 et
1839 466 2109 535 collaery-

2283 457 2495 515 LXXV.
2543 455 2685 526 Ἐγὼ
2711 454 2769 509 δὲ
2798 451 3059 516 ἀκούσας,
3092 448 3384 522 σύντρομος
3402 450 3642 525 ἐγενόμην
3665 456 3749 509 καὶ

531 572 707 627 mavi:
755 568 886 640 quia
934 567 1100 622 talem
1158 565 1443 620 habuisset
1495 561 1800 617 orationem
1844 559 1951 626 vir,
2005 572 2115 627 quo

533 661 720 718 cuncti
748 660 916 731 hujus
938 659 1114 714 aetatis
1129 657 1383 712 homines
1406 655 1618 710 ratione
1648 652 1888 709 scientiae
1913 666 1977 707 ac
2000 650 2116 720 pie-

534 755 667 809 tatis
704 760 834 808 sunt
878 749 1190 806 inferiores.
1242 747 1313 801 At
1359 746 1470 813 ille,
1499 759 1730 800 cernens
1768 758 1856 797 me
1894 741 2113 811 illaery-

534 852 801 908 mantem,
833 855 1057 897 causam
1090 836 1336 907 rogabat.
1377 833 1490 903 Ego
1515 841 1698 886 autem
1719 829 1787 884 ad
1817 828 1969 882 illum
2000 843 2015 880 :
2046 825 2115 880 Et

534 936 795 1007 quidnam
821 931 1066 1003 peccavi,
1100 929 1347 998 inquam,
1373 933 1433 979 ut
1454 925 1600 979 hunc
1622 936 1930 978 sermonem
1954 917 2113 973 audi—

536 1027 691 1084 rem?
719 1026 1026 1094 Statimque
1051 1022 1245 1077 Petrus
1278 1038 1293 1073 :
1320 1018 1377 1073 Si
1410 1017 1549 1071 male
1574 1016 1791 1071 locutus
1817 1028 1960 1079 sum,
1987 1027 2111 1067 cum

534 1119 799 1191 proposui
834 1116 1039 1173 servire
1065 1099 1195 1180 tibi;
1229 1121 1288 1166 tu
1328 1109 1477 1181 prior
1506 1105 1805 1178 deliquisti,
1843 1104 1937 1176 qui
1962 1103 2114 1175 prior

535 1214 593 1268 in
626 1214 812 1267 animo
836 1206 1081 1263 habuisti
1112 1206 1215 1260 hoc
1239 1219 1417 1276 agere.
1444 1200 1511 1254 Et
1530 1214 1630 1271 ego
1661 1198 1915 1268 respondi
1951 1213 1963 1249 :
1994 1195 2112 1251 Non

535 1313 623 1362 est
651 1303 847 1361 similis
871 1301 1013 1355 ratio
1039 1318 1052 1354 :
1077 1296 1345 1367 siquidem
1374 1309 1461 1348 me
1482 1292 1638 1346 valde
1661 1291 1815 1345 decet
1836 1289 1888 1344 id
1911 1289 2111 1356 facere;

532 1408 589 1455 te
607 1412 736 1453 vero
765 1395 1098 1457 nullatenus,
1124 1390 1219 1461 qui
1243 1405 1302 1444 es
1326 1388 1419 1443 Dei
1451 1401 1650 1457 praeco,
1678 1384 1875 1455 cuique
1902 1382 2114 1437 animas

538 1490 825 1548 hominum
850 1499 1075 1557 pascere
1102 1481 1459 1537 commissum
1489 1488 1590 1534 est.
1625 1477 1763 1533 Tum
1803 1475 1997 1531 Petrus
2032 1476 2114 1531 di-

532 1585 618 1641 xit
646 1601 661 1639 :
692 1580 956 1637 Dominus
989 1586 1197 1643 noster,
1224 1573 1318 1644 qui
1366 1573 1433 1628 ad
1458 1573 1687 1627 salutem
1724 1570 1894 1626 totius
1923 1569 2112 1624 mundi

532 1676 706 1740 venit,
746 1674 952 1744 quique
999 1685 1144 1725 unus
1180 1682 1346 1738 supra
1373 1673 1599 1721 cunctos
1625 1678 1809 1719 veram
1848 1670 1903 1717 et
1938 1662 2110 1717 solam

533 1767 875 1825 nobilitatem
940 1762 1171 1828 obtinet,
1223 1758 1428 1814 servire
1482 1772 1547 1811 ac
1593 1755 1907 1810 ministrare
1954 1752 2115 1808 susti-

2217 554 2536 626 ἐπίδακρυς,
2565 546 2677 605 οἷον
2705 549 2864 618 λόγον
2892 546 3045 601 εἶπεν
3075 545 3233 617 ἀνὴρ,
3274 539 3332 597 οὗ
3367 544 3551 609 πάντες
3582 548 3626 599 οῖ
3665 550 3751 620 τῆς

2215 647 2311 700 νῦν
2345 646 2540 715 γενεᾶς
2567 640 2867 715 ἄνθρωποι,
2910 637 2988 709 τῷ
3020 637 3065 668 ³¹
3093 638 3192 708 τῆς
3231 634 3473 704 γνώσεως
3507 638 3594 690 καὶ
3620 640 3755 691 εὐσε-

2215 736 2367 800 ϐείας
2395 734 2538 804 λόγῳ
2561 732 2627 798 ³³,
2662 734 2857 803 ἥττους
2884 728 3042 781 εἰσίν.
3097 727 3155 779 Ὀ
3202 725 3261 779 δὲ
3308 724 3428 779 ίδών
3472 743 3533 796 με
3579 727 3750 781 σύνδα-

2215 842 2375 899 κρυν,
2407 823 2732 878 ἐπυνθάνετο
2758 822 2857 891 τὴν
2887 819 3088 874 αἰτίαν.
3120 813 3292 884 Κάγὼ
3320 815 3449 885 πρὸς
3472 815 3637 869 αὐτόν’
3661 818 3757 871 Καὶ

2214 918 2268 971 τί
2301 916 2540 971 τοιοῦτον
2570 916 2831 987 ἥμαρτον,
2865 912 3025 983 φημὶ,
3056 909 3144 961 ἵνα
3173 908 3267 961 καὶ
3289 906 3519 960 τοιοῦτον
3553 907 3755 964 ἀκοῦσαί

2219 1010 2350 1081 pte”
2375 1008 2562 1077 λόγον;
2593 1007 2703 1060 Καὶ
2737 1006 2766 1057 6
2797 1005 3001 1075 Πέτρος
3049 1000 3226 1062 εὐθύςο
3268 1000 3331 1052 Ei
3367 998 3545 1062 κακῶς
3586 1001 3760 1072 εἴρηκα

2214 1098 2496 1156 δουλεῦσαί
2551 1116 2632 1152 σοι
2683 1095 3070 1168 προελόμενος,
3137 1092 3201 1145 σὺ
3254 1090 3465 1164 πρῶτος
3520 1093 3756 1163 ἥμαρτες,

2218 1191 2432 1265 πρῶτος
2455 1189 2613 1242 τοῦτο
2643 1187 2737 1241 καὶ
2760 1186 2981 1256 ποιῆσαι
3008 1178 3395 1255 προθυμηθείς.
3428 1178 3590 1246 Κάγὼ
3615 1179 3757 1249 ἔφην·

2217 1285 2329 1354 Οὐχ
2359 1282 2561 1354 ὁμοίως
2594 1278 2728 1350 ἔχει.
2777 1278 2929 1348 Ἐμοὶ
2960 1276 3056 1347 μὲν
3098 1272 3206 1345 γὰρ
3245 1271 3341 1325 καὶ
3385 1270 3497 1325 λίαν
3528 1271 3761 1342 προσήκει

2215 1378 2372 1432 τοῦτο
2404 1377 2597 1428 ποιεῖν·
2644 1371 2728 1425 σοὶ
2759 1370 2816 1424 δέ
2852 1367 3121 1439 οὐδαμῶς,
3148 1366 3241 1419 ἆτε
3275 1363 3407 1417 Θεοῦ
3430 1365 3617 1435 κήρυκι
3646 1363 3763 1428 ὄντι,

2214 1470 2308 1524 καὶ
2335 1466 2511 1539 ψυχὰς
2541 1462 2842 1535 ἀνθρώπων
2875 1459 3181 1531 ποιμαίνειν
3218 1456 3639 1526 πεπιστευμένῳ.
3670 1455 3766 1509 Καὶ

2214 1562 2242 1614 6
2271 1558 2495 1627 Πέτρος,
2556 1555 2617 1607 '0
2637 1552 2837 1624 Κύριος
2862 1552 2896 1622 ἡ
2907 1550 3042 1621 μῶν,
3065 1543 3238 1611 εἶπεν,
3270 1546 3362 1598 ἐπὶ
3391 1543 3619 1615 σωτηρίᾳ.
3645 1561 3767 1597 παν-

2213 1654 2305 1717 τὸς
2333 1650 2427 1704 τοῦ
2456 1649 2661 1721 κόσμου
2694 1642 2983 1718 ἐληλυθὼς,
3010 1642 3169 1713 μόνος
3197 1656 3258 1693 τε
3293 1638 3433 1709 ὑπὲρ
3465 1637 3660 1700 πάντας
3680 1638 3767 1709 τὴν

2215 1743 2387 1817 ἀληθῆ
2444 1742 2539 1796 καὶ
2600 1739 2766 1812 μόνην
2821 1735 3096 1805 εὐγένειαν
3144 1731 3306 1803 ἔχων,
3358 1729 3615 1783 δουλεύειν
3660 1730 3770 1800 ἠνέ-

534 1862 657 1918 nuit
680 1858 762 1927 “;
794 1866 854 1912 ut
876 1854 1092 1910 doceret
1111 1868 1231 1919 nos,
1263 1866 1331 1905 ne
1358 1848 1675 1903 indecorum
1703 1853 1958 1916 putemus
1994 1859 2111 1899 ser-

2216 1853 2389 1906 σχετο,
2422 1834 2487 1888 ἵν’
2523 1833 2673 1904 ἡμᾶς
2704 1828 2889 1900 πείσῃ,
2924 1828 2997 1898 μὴ
3027 1824 3092 1879 δι’
3126 1824 3390 1895 αἰσχύνης
3419 1822 3691 1885 ποιεῖσθαι,
3716 1820 3771 1873 τὸ

534 1955 666 2010 vilia
693 1949 1001 2007 ministeria
1027 1944 1292 2018 proximis
1306 1942 1564 1997 exhibere
1583 1981 1598 2006 ,
1631 1938 1881 2009 quamvis
1902 1937 2113 1993 nobiles

536 2049 733 2109 simus,
764 2040 1017 2114 quamvis
1060 2038 1358 2108 plurimum
1408 2048 1503 2088 eos
1543 2030 1953 2087 antecellamus.
1999 2028 2113 2099 Ego

535 2139 765 2210 excepi:
804 2134 863 2189 Si
887 2131 1193 2189 existimem
1226 2127 1367 2199 quod
1391 2135 1444 2181 te
1469 2124 1713 2180 oratione
1746 2123 1850 2178 sim
1891 2137 2115 2193 supcra—

535 2242 719 2294 turns,
775 2239 964 2281 amens
1006 2221 1109 2275 sim
1156 2218 1317 2289 plane
1356 2232 1421 2271 ac
1463 2214 1663 2271 stultus
1694 2228 1707 2265 :
1736 2218 2111 2266 verumtamen

537 2324 745 2394 gratias
773 2318 969 2374 divina:
982 2310 1344 2370 Providentia:
1374 2308 1570 2371 habeo,
1602 2314 1653 2361 te
1677 2306 1800 2360 loco
1828 2314 2112 2375 parentum

536 2412 673 2467 mihi
702 2412 965 2463 donatum
1004 2402 1194 2457 fuisse.
1324 2476 1325 2481 γ

608 2496 846 2557 LXXVI.
889 2496 1026 2551 Tum
1047 2494 1242 2547 Petrus
1271 2509 1284 2545 :
1319 2488 1544 2554 Verene,
1576 2485 1778 2557 inquit,
1806 2484 1992 2539 nullus
2014 2483 2113 2538 tibi

534 2602 783 2665 superest
802 2608 864 2646 ex
896 2587 1133 2661 genere?
1162 2584 1228 2638 Et
1254 2600 1355 2653 ego
1382 2580 1637 2652 respondi
1664 2596 1679 2633 :
1718 2578 1859 2633 Sunt
1894 2578 2113 2648 quidem

531 2688 720 2758 plures
736 2698 801 2738 ac
823 2681 1001 2752 magni
1027 2678 1149 2740 viri,
1181 2675 1247 2731 ad
1278 2674 1549 2729 Caesarem
1581 2685 1777 2742 genere
1799 2669 2111 2723 attinentes.

531 2775 669 2831 Nam
687 2773 825 2845 patri
866 2787 1012 2837 meo,
1040 2778 1100 2824 ut
1123 2776 1246 2837 pote
1263 2780 1371 2819 una
1394 2764 1646 2827 educato,
1678 2761 1860 2815 Cmsar
1887 2774 2112 2813 uxorem

531 2876 818 2940 cognatam
849 2864 1032 2935 iunxit
1054 2879 1070 2915 :
1096 2876 1162 2915 ex
1180 2873 1287 2928 qua
1318 2865 1428 2910 tres
1458 2854 1611 2908 liberi
1637 2853 1745 2907 orti
1768 2850 2116 2917 sumus;duo

534 2959 757 3029 quidem
785 2964 910 3010 ante
944 2968 1062 3018 me;
1095 2948 1188 3020 qui
1220 2956 1274 3002 et
1305 2944 1507 3016 gemini
1536 2958 1661 2998 cum
1692 2950 1895 3007 essent,
1927 2942 2117 2996 admo-

535 3049 668 3106 dum
692 3048 835 3103 inter
874 3060 933 3100 se
960 3042 1167 3099 similes
1190 3046 1386 3100 erant,
1417 3037 1559 3091 sicut
1582 3035 1715 3089 mihi
1740 3034 1997 3089 narrabat
2020 3048 2117 3104 pa-

533 3151 618 3198 ter
644 3157 657 3195 :
692 3154 795 3211 ego
829 3138 1028 3209 quippe
1056 3148 1230 3203 neque
1249 3131 1391 3194 illos,
1422 3143 1600 3199 neque
1622 3127 1937 3197 genitricem
1961 3126 2116 3182 valde

532 3232 684 3296 novi,
715 3228 809 3285 sed
831 3227 989 3298 quasi
1014 3240 1109 3295 per
1138 3222 1411 3278 somnium
1447 3220 1739 3275 obscuram
1774 3234 1964 3274 eorum
2003 3216 2116 3273 for-

534 3338 682 3378 mam
717 3319 854 3375 mihi
893 3323 1243 3387 repraeseuto.
1279 3313 1450 3385 Igitur
1496 3321 1673 3368 mater
1720 3310 1939 3382 quidem
1994 3326 2114 3367 mea

534 3412 819 3470 Mattbidia
853 3410 1157 3473 dicebatur,
1196 3418 1349 3478 pater
1378 3414 1564 3461 autem
1604 3404 1874 3472 Faustus;
1916 3403 2116 3460 fratres

536 3520 694 3569 vero,
739 3502 880 3557 alter
902 3500 1222 3566 Faustinus,
1248 3498 1385 3553 alter
1418 3496 1810 3553 Faustinianus
1840 3496 2116 3551 vocaban-

535 3607 645 3653 tur.
674 3594 813 3651 Cum
859 3592 1025 3664 igitur
1065 3600 1191 3662 post
1230 3604 1326 3645 eos
1355 3588 1549 3645 tertius
1588 3602 1689 3659 ego
1724 3596 1885 3643 natus
1914 3602 2113 3655 essem,

535 3697 734 3752 mater,
768 3682 1228 3755 quemadmodum
1252 3690 1404 3751 pater
1424 3677 1717 3743 referebat,
1736 3678 2011 3735 somnium
2034 3679 2115 3733 vi-

534 3781 637 3847 dit,
662 3779 810 3850 quod
844 3776 952 3831 nisi
982 3773 1270 3830 confestim
1297 3770 1594 3841 assumptis
1616 3770 1830 3825 duobus
1855 3770 1980 3826 ﬁliis
2001 3770 2116 3826 suis

535 3872 792 3945 geminis,
838 3869 1014 3926 Roma
1063 3866 1387 3923 decennium
1440 3865 1677 3932 abesset,
1726 3864 1845 3935 ipsa
1878 3879 2004 3919 cum
2047 3864 2116 3919 iis

534 3974 714 4022 morte
745 3962 983 4034 pessima
1009 3968 1152 4015 esset
1180 3958 1487 4014 interitura.

606 4139 868 4207 LXXVII.
905 4138 1065 4194 Pater
1099 4137 1290 4208 igitur,
1316 4136 1410 4207 qui
1432 4135 1733 4192 liberorum
1755 4149 1950 4189 amans
1976 4144 2113 4201 erat,

534 4250 663 4294 cum
695 4235 870 4290 servis
898 4242 953 4288 et
977 4230 1212 4295 ancillis,
1241 4245 1306 4284 ac
1330 4228 1458 4284 dato
1475 4227 1781 4283 suﬂiciente
1806 4226 2026 4293 viatico,
2059 4227 2113 4281 in

536 4342 734 4382 navem
766 4324 1075 4395 impositos,
1100 4321 1345 4377 Athenas
1368 4319 1531 4373 etiam
1562 4319 1890 4374 erudiendos
1927 4319 2111 4375 misit:

537 4433 628 4473 me
670 4431 801 4473 vero
838 4416 1016 4471 solum
1056 4414 1122 4469 ad
1172 4412 1601 4468 consolationem
1651 4425 1835 4466 secum
1872 4410 2111 4465 retinuit.

2212 1927 2461 1991 δουλικάς
2489 1924 2820 1998 προσφέρειν
2848 1924 2960 1984 τοῖς
2987 1918 3207 1990 πλησίον
3237 1916 3559 1987 ὑπηρεσίας,
3585 1914 3682 1969 κᾶν
3701 1915 3773 1969 εὑ-

2215 2024 2392 2092 γενεῖς
2421 2013 2591 2091 ὼμεν,
2625 2016 2728 2071 κᾶν
2756 2015 3004 2069 πλεῖστον
3030 2010 3207 2065 αὐτῶν
3230 2009 3591 2079 διαφέρωμεν.
3620 2004 3772 2074 Κάγὼ

2213 2115 2378 2187 ἔφην·
2411 2114 2474 2167 Εἰ
2507 2111 2648 2182 λόγῳ
2680 2126 2738 2162 σε
2764 2108 3009 2179 νικήσειν
3041 2104 3246 2174 οἴομαι,
3287 2100 3472 2172 ἄφρων
3514 2098 3622 2170 εἰμὶ⁸
3647 2097 3774 2150 κατὰ

2180 2256 2187 2269 ,
2212 2184 2274 2259 τδ
2305 2184 2536 2276 ιρανερὸν
2568 2202 2663 2255 καὶ
2693 2198 2946 2271 ἀνόητος·
2982 2194 3121 2265 πλὴν
3147 2192 3287 2245 άλλά
3309 2191 3463 2262 χάριν
3482 2184 3593 2242 οἶδα
3610 2190 3670 2258 τῇ
3690 2187 3772 2240 τοῦ

2215 2299 2349 2353 Θεοῦ
2395 2296 2644 2370 προνοίᾳ,
2678 2295 2761 2349 ὅτι
2805 2309 2911 2365 περ
2948 2292 3029 2356 είς
3066 2289 3272 2360 γονέων
3314 2286 3506 2359 μοῖραν
3545 2285 3679 2357 ἔχειν
3721 2297 3774 2334 σε

2221 2390 2462 2461 κατηξίω
2469 2406 2586 2460 μαι.

2288 2479 2522 2535 LXXVI.
2558 2478 2714 2533 Καὶὸ
2741 2476 2968 2548 Πέτρος,
2992 2472 3180 2536 Οὐδεὶς
3211 2472 3273 2526 δέ
3311 2489 3392 2525 σοι
3422 2467 3645 2541 άληθῶς,
3664 2464 3774 2535 ἔφη,

2216 2574 2353 2646 πρὸς
2384 2573 2574 2643 γένους
2599 2570 2866 2641 ὕπάρχει;
2889 2566 3061 2636 Κάγὼ
3093 2565 3500 2638 ἀπεκρινάμην·
3540 2561 3653 2616 Είσὶ
3685 2560 3778 2630 μὴν

2217 2666 2399 2721 πολλοὶ
2456 2664 2552 2718 καὶ
2602 2661 2826 2735 μεγάλοι
2870 2659 3081 2732 ἄνδρες,
3136 2657 3382 2730 Καίσαρι
3434 2656 3779 2728 προσήκοντες

2217 2757 2359 2813 κατὰ
2380 2756 2555 2827 γένος.
2593 2755 2753 2809 Ὅθεν
2780 2752 2859 2825 τῷ
2888 2751 3006 2823 ἐμῷ
3034 2749 3203 2822 πατρὶ
3232 2750 3315 2814 ὼς
3341 2748 3436 2804 καὶ
3458 2746 3721 2817 συντρόφῳ
3740 2742 3779 2773 ³⁵

2217 2856 2433 2925 Καῖσαρ
2460 2853 2695 2921 γυναῖκα
2723 2867 2851 2920 συγγ
2863 2850 2956 2921 ενῆ
2988 2847 3372 2919 συνηρμόσατο
3389 2864 3403 2877 ·
3444 2844 3533 2915 ἀφ’
3561 2839 3625 2917 ἦς
3648 2843 3781 2913 τρεῖς

2216 2946 2512 3017 ἐγενόμεθα
2561 2943 2693 2996 υίοί’
2739 2941 2831 2995 δύο
2885 2941 2984 3012 μὲν
3029 2940 3134 3012 πρὸ
3165 2939 3326 3011 ἐμοῦ,
3374 2940 3424 2992 οἳ
3462 2937 3555 2991 καὶ
3592 2936 3782 3005 δίδυμοι

2218 3038 2389 3101 ὄντες,
2420 3036 2613 3107 κομιδῇ
2645 3036 2817 3106 ὅμοιοι
2850 3032 3101 3105 ἀλλήλοις
3136 3031 3459 3102 ἐτύγχανον,
3494 3029 3568 3091 ὡς
3611 3030 3638 3081 6
3690 3041 3782 3078 πα-

2217 3130 2323 3201 τὴρ
2344 3128 2587 3201 ἐξηγεῖτό
2621 3144 2728 3198 μοι.
2772 3124 2912 3196 Ἐγὼ
2938 3124 3047 3197 γὰρ
3061 3123 3180 3177 οὔτε
3202 3123 3427 3187 αὖτοὺς,
3446 3121 3565 3176 οὔτε
3592 3119 3686 3190 τὴν
3703 3135 3782 3170 τε-

2220 3222 2419 3277 κοῦσαν
2469 3220 2609 3274 πάνυ
2662 3219 2980 3289 ἐπίσταμαιο
3041 3217 3154 3271 ἀλλ’
3209 3216 3406 3289 ὥσπερ
3456 3214 3523 3269 δι’
3580 3212 3782 3283 ὀνείρων

2216 3311 2456 3387 ἀμυδρὸν
2514 3310 2694 3366 αὐτῶν
2747 3309 2843 3364 καὶ
2886 3308 2948 3362 τὸ
2976 3304 3114 3371 εἶδος
3151 3308 3438 3379 ἀναφέρω.
3483 3306 3546 3360 Ἦ
3581 3304 3673 3376 μὲν
3701 3297 3783 3355 οὖν

2219 3408 2402 3479 μήτηρ
2436 3422 2537 3477 μου
2565 3402 2840 3459 Ματθιδία
2865 3401 3109 3470 ἐλέγετο·
3141 3402 3170 3454 6
3199 3401 3258 3454 δὲ
3292 3401 3497 3473 πατὴρ,
3531 3396 3781 3456 Φαῦστοςο

2215 3498 2263 3551 οί
2311 3496 2558 3567 ἀδελφοὶ,
2612 3496 2640 3549 6
2690 3494 2789 3566 μὲν
2842 3496 3168 3556 Φαυστῖνος,
3224 3494 3255 3545 6
3305 3493 3365 3547 δὲ
3420 3486 3787 3549 Φαυστινιανὸς

2215 3589 2480 3645 ἐκαλεῖτο.
2538 3586 2702 3659 Ἐμοῦ
2745 3581 2838 3641 οὖν
2881 3585 3065 3657 τρίτου
3102 3584 3554 3656 ἐπι-γεννηθέντος
3597 3582 3783 3642 αὐτοῖς,

2216 3682 2250 3753 ή
2309 3681 2491 3753 μήτηρ
2542 3678 2751 3750 ὄνειρον
2807 3677 3065 3748 ἑωράκει,
3110 3677 3187 3740 ὡς
3222 3678 3254 3730 6
3296 3675 3486 3749 πατὴρ
3524 3675 3785 3744 ὑφηγεῖτο,

2215 3775 2297 3827 ὅτι
2347 3772 2443 3825 ἐὰν
2497 3771 2571 3842 μὴ
2627 3769 2754 3834 τοὺς
2798 3768 3051 3839 διδύμους
3107 3768 3281 3840 αὐτῆς
3351 3769 3505 3831 υἱοὺς
3576 3765 3787 3833 ἐξαυτῆς

2215 3861 2607 3938 παραλαϐοῦσα
2626 3900 2642 3927 ,
2694 3861 2797 3933 τῆς
2852 3859 3136 3931 Ῥωμαίων
3202 3860 3543 3934 άποδημήσῃ
3601 3856 3790 3918 πόλεως

2216 3954 2307 4007 ἐπὶ
2356 3953 2451 4025 ἐτη
2498 3952 2651 4016 δέκα,
2703 3949 3043 4023 πανολεθρίῳ
3085 3951 3181 4004 σὺν
3212 3951 3405 4015 αὐτοῖς
3453 3949 3789 4005 ἀποθανεῖται

2220 4047 2458 4117 θανάτῳ.

2290 4135 2544 4193 LXXVII.
2597 4136 2656 4191 '0
2689 4136 2785 4209 μὲν
2807 4131 2899 4190 οὖν
2928 4137 3111 4209 πατὴρ
3139 4135 3462 4205 φιλότεκνος
3494 4135 3589 4199 ὢν,
3625 4133 3714 4187 σύν
3737 4147 3790 4183 τε

2216 4232 2418 4295 δούλοις
2450 4229 2545 4284 καὶ
2571 4228 2784 4290 δούλαις
2808 4228 3093 4297 ἐφοδιάσας
3125 4229 3350 4294 ἱκανῶς,
3385 4230 3483 4285 καὶ
3515 4229 3595 4291 είς
3624 4226 3793 4279 πλοῖον

2218 4326 2521 4397 ἐνθέμενος,
2567 4324 2647 4387 είς
2689 4323 2788 4386 τὰς
2837 4322 3065 4394 Ἀθήνας
3107 4322 3223 4393 ἅμα
3271 4319 3793 4393 παιδευθησομένους

2219 4412 2555 4486 ἐξέπεμψεν·
2592 4411 2693 4484 ἐμὲ
2733 4412 2792 4466 δέ
2833 4412 2988 4485 μόνον
3018 4413 3097 4476 είς
3130 4413 3495 4484 παραμυθίαν
3518 4411 3643 4483 ἔσχε
3675 4408 3793 4481 παρ’

539 4510 718 4577 Atque
755 4522 877 4562 eam
929 4506 1000 4560 ob
1041 4521 1154 4560 rem
1194 4505 1438 4576 ingentes
1464 4503 1667 4573 gratias
1693 4518 1813 4573 ago,
1855 4503 2000 4573 quod
2031 4518 2114 4557 me

2220 4507 2417 4578 ἐαυτῷ.
2449 4508 2560 4560 Kal.
2588 4508 2678 4561 ἐπὶ
2707 4507 2881 4578 τούτῳ
2910 4507 3215 4578 εὐχαριστῶ
3249 4507 3449 4571 πολλὰ,
3490 4508 3573 4560 ὅτι
3604 4504 3742 4574 κάμὲ
3769 4503 3796 4554 6

540 4614 760 4669 quoque
776 4598 1055 4654 somnium
1080 4614 1189 4652 non
1208 4598 1437 4667 jusserit
1460 4612 1567 4651 una
1597 4612 1721 4651 cum
1752 4604 1944 4658 matre,
1982 4596 2117 4651 urbe

542 4691 718 4747 Roma
745 4689 1027 4745 excedere.
1053 4688 1240 4758 Itaque
1261 4703 1325 4744 eo
1348 4704 1492 4742 anno
1509 4696 1804 4754 transacto,
1830 4696 1981 4758 pater
2001 4688 2116 4744 suis

541 4785 786 4841 Athenas
814 4782 965 4839 misit
983 4782 1293 4853 pecuniam,
1336 4782 1499 4835 simul
1527 4796 1858 4852 cognoscere
1882 4784 2118 4853 gestiens

542 4887 652 4949 quo
682 4874 846 4931 modo
870 4873 1041 4929 vitam
1069 4881 1310 4943 agerent.
1338 4873 1441 4940 Qui
1477 4882 1657 4928 autem
1686 4874 1959 4938 abierant,
2006 4892 2112 4931 non

541 4969 840 5025 redierunt.
867 4964 1052 5021 Tertio
1076 4980 1270 5020 rursus
1301 4980 1447 5018 anno
1472 4973 1625 5035 pater
1649 4966 1847 5023 anxius
1867 4967 2003 5023 alios
2025 4969 2115 5023 ab-

541 5059 745 5132 legavit
772 5057 1025 5137 similiter
1040 5070 1163 5110 eum
1185 5055 1360 5129 rebus
1397 5054 1464 5109 ad
1500 5056 1701 5110 victum
1742 5058 2068 5112 necessariis
2098 5076 2112 5113 :

541 5154 640 5226 qui
674 5160 1036 5223 quarto-anno
1053 5146 1285 5203 redeunt
1311 5162 1377 5201 ac
1397 5146 1651 5203 nuntiant
1674 5164 1734 5204 se
1763 5164 1863 5206 nec
1887 5159 2116 5206 matrem

541 5265 744 5314 meam,
793 5262 896 5304 nec
943 5245 1141 5301 fratres
1174 5259 1412 5314 usquam
1454 5243 1678 5310 vidisse,
1732 5258 1909 5313 neque
1954 5243 2119 5299 ullius

540 5357 736 5399 eorum
764 5342 1009 5412 quicum
1044 5338 1113 5393 iis
1143 5337 1513 5393 discesserant
1534 5336 1620 5392 vel
1643 5335 1930 5408 vestigium
1959 5351 2117 5406 repe-

543 5450 705 5492 I'ISSe.

615 5524 900 5583 LXXVIII.
940 5523 1066 5581 Haec
1093 5538 1223 5594 ergo
1251 5520 1481 5578 audiens
1504 5528 1680 5592 pater,
1706 5530 1761 5575 et
1790 5534 1904 5592 prae
1937 5520 2110 5577 multo

2219 4600 2430 4672 ὄνειρος
2463 4600 2538 4672 μὴ
2575 4598 2889 4653 κεκελεύκει
2920 4597 3037 4670 ἅμα
3065 4601 3130 4669 τῇ
3167 4599 3339 4668 μητρὶ
3372 4600 3475 4669 τὴν
3522 4596 3797 4668 Ῥωμαίων

2210 4692 2449 4765 »ἐκϐῆναι
2505 4692 2677 4746 πόλιν.
2712 4690 2817 4745 Τοῦ
2865 4688 3111 4743 ἐνιαυτοῦ
3157 4689 3338 4741 τοίνυν
3391 4690 3608 4743 ἐκείνου
3650 4702 3796 4757 περι-

2211 4778 2482 4842 ελθόντος,
2515 4780 2543 4831 6
2574 4778 2755 4850 πατὴρ
2786 4776 3027 4848 ἔπεμψεν
3048 4779 3126 4840 είς
3157 4776 3391 4849 Ἀθήνας
3419 4780 3681 4852 χρήματα
3696 4775 3797 4837 τοῖς

2218 4870 2435 4934 ἑαυτοῦ,
2463 4869 2653 4942 μαθεῖν
2686 4869 2802 4941 ἆμα
2839 4868 3157 4941 γλιχόμενος
3197 4869 3315 4933 πῶς
3360 4869 3477 4942 ἄρα
3507 4871 3794 4938 διάγουσιν.

2220 4964 2279 5017 Οἱ
2312 4964 2371 5017 δέ
2408 4962 2751 5028 ἀπελθόντες,
2798 4963 2899 5017 οὐκ
2936 4963 3252 5036 ἐπανῆλθον.
3306 4965 3499 5038 Τρίτῳ
3543 4965 3603 5020 δὲ
3648 4961 3797 5017 πάλιν

2219 5056 2451 5127 ἐνιαυτῷ
2488 5057 2521 5110 6
2570 5055 2751 5127 πατὴρ
2790 5054 3036 5127 ἀθυμῶν,
3076 5055 3293 5128 ἐτέρους
3329 5055 3584 5129 ἔπεμψεν
3611 5054 3800 5127 ὁμοίως

2225 5149 2322 5202 σὺν
2356 5148 2583 5218 ἐφοδίοις
2605 5165 2620 5180 ο
2663 5148 2715 5201 οἴ
2741 5164 2886 5212 τινες
2911 5147 3155 5219 τετάρτῳ
3182 5147 3421 5220 ἐνιαυτῷ
3461 5145 3601 5223 ἦκον
3633 5148 3800 5215 ἀπαγ-

2223 5242 2519 5313 γέλλοντες,
2558 5243 2692 5315 μήτε
2732 5259 2832 5313 μου
2869 5242 2967 5314 τὴν
3001 5242 3284 5306 τεκοῦσαν,
3319 5241 3358 5314 ἢ
3388 5244 3522 5307 τοὺς
3551 5238 3800 5309 ἀδελφοὺς

2221 5336 2358 5398 ὅλως
2388 5332 2691 5407 ἑωρακέναι
2723 5334 2790 5398 ³⁸,
2817 5332 2951 5406 μηδὲ
2991 5331 3150 5388 ἄλλου
3186 5331 3332 5397 τινὸς
3358 5333 3477 5388 τῶν
3507 5334 3606 5388 σὺν
3628 5330 3799 5390 αὐτοῖς

2221 5425 2632 5498 ἀπεληλυθότων
2656 5425 2760 5480 κᾶν
2776 5426 2920 5496 ἴχνος
2942 5426 3003 5479 εὑ
3012 5425 3250 5497 ρηκέναι.

2288 5516 2568 5573 LXXVIII.
2621 5519 2677 5572 Ὀ
2713 5518 2812 5589 μὲν
2840 5513 2933 5572 οὖν
2962 5518 3165 5591 πατὴρ,
3198 5517 3378 5573 ταῦτα
3402 5518 3667 5581 ἀκούσας,
3711 5510 3797 5568 καὶ

1835 5660 2071 5719 ΥΑΒΙᾹΞ
2111 5659 2517 5718 LECTIONES.

617 5758 663 5792 ”
703 5758 772 5814 al.
811 5759 939 5814 τῶν.
1030 5760 1073 5792 ³²
1105 5762 1174 5833 al.
1216 5760 1404 5829 λόγων.
1444 5758 1528 5833 ff
1568 5758 1641 5813 al.
1679 5758 1994 5833 άκούσαιμι.
2058 5759 2147 5833 ﬁ,“
2174 5759 2363 5815 Matth.
2405 5775 2497 5825 xx,
2539 5758 2631 5814 28.

551 5846 685 5904 μητε
707 5837 812 5903 μην
830 5833 1022 5893 αυταῖς
1061 5828 1313 5902 Ἀθήναις
1343 5828 1818 5901 ἐπιδεδημηκέναι.

2740 5759 2785 5792 ³⁸
2821 5758 2892 5813 al.
2939 5757 3104 5814 inser.
3156 5753 3351 5813 αὐτοῦ.
3464 5755 3515 5789 ³⁸
3535 5753 3779 5827 al._inser
