4022 6336
285 371 388 427 525

1065 362 1520 423 CLEMENTINA.
1561 393 1630 402 —
1662 355 1961 415 EPITOME
1997 352 2086 409 DE
2122 348 2366 407 GESTIS
2404 346 2462 402 S.
2503 344 2726 401 PETRI.

3431 334 3534 392 526

285 492 387 546 ὑπὸ
404 490 602 560 πολλῆς
632 490 807 561 λύπης
836 490 1108 561 ἕκθαμϐος
1134 489 1442 561 γενόμενος,
1466 488 1561 541 καὶ
1580 488 1680 540 οὐκ
1706 484 1862 544 εἰδὼς
1890 535 1894 545 ,

1975 476 2150 532 iolore
2181 468 2608 540 obstupefactus,
2648 464 3006 534 nesciensque
3028 476 3137 533 quo
3163 476 3355 515 comm
3384 475 3534 532 quaa~

285 585 385 637 ποῦ
416 586 667 656 ὁρμήσας
692 584 833 638 κατά
856 585 1083 655 ζήτησιν
1109 584 1330 637 ἐκείνων
1368 582 1593 649 ἐξέλθοι,
1622 580 1720 651 ἐμὲ
1753 597 1857 633 πα-

289 675 558 747 ραλαϐὼν,
606 676 702 728 καὶ
755 677 835 739 είς
888 674 1084 747 πόρτον
1130 674 1172 705 ³⁷
1214 672 1474 736 καταϐὰς,
1532 670 1860 740 πυκνότερον

286 765 636 831 ἐπυνθάνετο,
666 767 767 819 ποῦ
791 784 875 829 τις
901 765 1052 837 ίδοιῆ
1081 766 1364 819 ἀκούσειεν
1396 763 1544 826 ἐντὸς
1582 760 1861 831 τεσσάρων

286 858 547 912 ἐνιαυτῶν
572 860 889 929 ἀπαντῆσαν
914 859 1190 926 ναυάγιον.
1213 857 1323 910 Kal.
1346 856 1501 919 ἄλλος
1519 854 1720 925 ἀλλαχῆ
1745 854 1862 907 ἕλε-

286 968 401 1019 γεν.
443 950 500 1003 '0
526 951 584 1003 δὲ
608 950 769 1003 πάλιν
806 950 1255 1013 ἀντεπυνθάνετο,
1297 950 1345 1001 εἰ
1389 948 1664 1019 ἑωράκασι
1704 944 1865 1016 σῶμα

284 1041 543 1110 γυναικὸς
568 1042 707 1113 μετά
732 1042 947 1115 βρεφῶν
974 1042 1408 1113 ἐκϐεϐρασμένον
1433 1043 1499 1111 τῇ
1528 1042 1620 1111 γῇ.
1648 1038 1865 1092 Πολλῶν

286 1131 380 1188 οὖν
411 1136 581 1189 πολλά
605 1135 869 1204 λεγόντων
888 1133 1191 1206 ἑωρακέναι
1218 1132 1485 1202 πτώματα
1512 1130 1654 1185 κατά
1677 1130 1865 1199 διαφό-

290 1246 416 1301 ρους
452 1230 699 1298 καιροὺς,
732 1229 761 1280 ὁ
794 1229 975 1298 πατὴρ
1017 1225 1227 1279 ἀκούων
1269 1223 1539 1289 ἐστέναξε.
1580 1223 1725 1293 Πλὴν
1764 1220 1868 1276 ὑπὸ

286 1320 397 1373 τῶν
424 1320 748 1389 σπλάγχνων
779 1319 1127 1391 νενικημένος
1142 1318 1208 1381 ³⁸,
1235 1316 1497 1384 ἀλόγιστα
1517 1315 1864 1378 ἐπυνθάνετο,

289 1413 543 1466 τοσοῦτον
575 1414 850 1481 θαλάσσης
874 1410 1031 1481 βυθὸν
1064 1407 1397 1480 πειρώμενος
1432 1410 1656 1480 ἐρευνᾷν
1676 1424 1689 1438 ·
1723 1408 1870 1477 ὅμως

296 1505 639 1573 συγγνωστὸς
670 1501 758 1574 ἦν,
796 1505 877 1557 ὃτι
915 1502 1004 1555 διά
1051 1501 1148 1571 τὴν
1179 1500 1312 1571 πρὸς
1347 1500 1472 1562 τοὺς
1507 1499 1870 1571 ζητουμένους

298 1596 549 1666 στοργὴν,
572 1595 782 1647 ἐλπίσιν
804 1590 1135 1645 ἐϐουκολεῐτο
1165 1593 1364 1652 κεναῖς.
1396 1591 1505 1644 Καὶ
1528 1590 1591 1661 δή
1616 1606 1744 1642 ποτε
1767 1588 1871 1642 ὑπὸ

299 1690 641 1756 φροντισταῖς
682 1681 992 1738 καταλιπών
1019 1700 1083 1753 με
1105 1684 1197 1735 καὶ
1217 1681 1550 1752 ἐπιτρόποις,
1573 1681 1872 1733 δωδέκατον

298 1776 393 1845 ἢδη
442 1775 704 1843 γεγονότα
743 1774 891 1836 ἔτος,
924 1774 1085 1837 αὐτὸς
1130 1772 1379 1844 δακρύων
1418 1773 1495 1834 εἰς
1525 1770 1718 1842 πόρτον
1740 1787 1873 1823 κατ-

1960 567 2253 622 rendorum
2280 578 2445 619 causa
2474 560 2735 623 tenderet,
2769 562 3049 627 assumpto
3079 570 3186 617 me,
3229 569 3293 608 ac
3324 555 3377 607 in
3404 568 3532 623 por-

1958 669 2073 714 tum
2131 657 2501 721 descendens,
2557 650 2897 721 frequentius
2959 648 3377 713 sciscitabatur,
3438 641 3533 699 ubi

1960 749 2234 820 quispiam
2258 748 2483 801 vidisset
2508 746 2591 799 vel
2623 742 2889 797 audiisset
2915 740 3055 793 intra
3090 749 3327 809 quatuor
3360 752 3535 791 annos

1962 840 2308 911 naufragium
2341 838 2653 907 contigisse.
2678 835 2854 903 Atque
2880 832 3015 885 varii
3046 832 3198 885 vario
3223 830 3414 885 inloco
3440 844 3536 883 ac-

1961 932 2164 987 cidisse
2187 929 2514 985 referebant.
2548 928 2639 982 Ille
2675 934 2855 980 autem
2897 923 3093 978 iterum
3122 921 3369 994 rogabat,
3404 937 3533 975 num

1961 1025 2231 1079 vidissent
2263 1038 2462 1092 corpus
2506 1020 2752 1075 mulieris
2794 1033 2915 1073 cum
2955 1016 3142 1086 pueris
3173 1015 3226 1068 in
3265 1025 3470 1069 terram
3503 1031 3535 1068 a

1965 1116 2103 1170 mari
2130 1115 2384 1185 ejectum.
2407 1114 2654 1181 Cumque
2681 1110 2834 1165 multi
2860 1124 2918 1165 se
2947 1109 3115 1162 multa
3143 1107 3376 1164 diversis
3402 1116 3539 1161 tem-

1965 1208 2194 1278 poribus
2225 1206 2486 1261 cadavera
2515 1213 2792 1275 spectasse
2820 1202 3081 1266 dicerent,
3117 1209 3269 1271 pater
3312 1200 3537 1255 audiens

1968 1300 2375 1371 ingemiscebat.
2410 1296 2611 1352 Verum
2634 1293 3076 1350 naturaliaﬂ‘ectu
3101 1294 3365 1361 devictus,
3395 1310 3539 1364 prae-

1968 1404 2051 1449 ter
2077 1395 2343 1449 rationem
2368 1390 2806 1461 percontabatur,
2845 1388 2937 1458 qui
2978 1396 3184 1441 tantum
3218 1386 3381 1442 maris
3413 1402 3539 1456 pro-

1970 1485 2199 1541 fundum
2250 1483 2483 1539 scrutari
2531 1490 2826 1536 conaretur
2874 1497 2889 1534 :
2930 1488 3107 1533 tamen
3146 1479 3300 1533 venia
3341 1477 3538 1547 dignus

1969 1585 2109 1642 erat,
2138 1576 2281 1645 quod
2307 1575 2572 1633 charitate
2607 1588 2793 1628 eorum
2833 1585 2971 1642 quos
3009 1571 3303 1640 qnzerebat,
3336 1571 3538 1639 spebus

1972 1667 2272 1721 laetabatur
2305 1666 2576 1719 inanibus.
2620 1664 2861 1733 Denique
2906 1678 2992 1716 me
3029 1663 3130 1716 sub
3186 1662 3460 1730 magistris
3485 1670 3541 1716 et

1973 1758 2415 1830 procuratoribus
2445 1758 2774 1826 relinquens,
2799 1757 2909 1825 jam
2941 1754 3224 1809 duodecim
3249 1770 3421 1809 annos
3446 1771 3542 1807 na-

296 1865 451 1935 ἦλθε’
489 1865 585 1919 καὶ
630 1868 709 1927 εἰς
754 1864 932 1917 πλοῖον
964 1863 1154 1936 ἐμϐἀς,
1183 1866 1261 1927 είς
1288 1862 1607 1935 ἐπιζήτησιν
1648 1863 1870 1915 ἐκείνων

1975 1861 2120 1917 tum,
2172 1850 2286 1920 ipse
2336 1849 2390 1902 in
2450 1857 2671 1918 portum
2732 1846 2866 1901 ﬂens
2926 1846 3244 1912 descendit;
3309 1847 3541 1915 navique

296 1955 587 2019 ἐξέπλευσε
610 1973 622 1985 ·
668 1956 761 2009 καὶ
800 1956 855 2022 ἐξ
881 1956 1084 2009 ἐκείνου
1116 1955 1276 2028 μέχρι
1303 1955 1398 2008 καὶ
1427 1955 1521 2008 νῦν
1540 1953 1661 2008 οὔτε
1691 1954 1870 2027 γράμ-

300 2061 443 2113 ματα
478 2046 607 2115 παρ’
631 2046 794 2098 αὐτοῦ
821 2046 1107 2116 ἐδεξάμην,
1147 2044 1268 2098 οὔτε
1304 2046 1347 2077 ³⁸
1392 2048 1450 2098 ἐν
1500 2045 1663 2109 ζῶσιν
1706 2044 1870 2099 αὐτὸν

298 2130 434 2186 εἶναι
474 2135 506 2205 ἦ
548 2135 866 2207 τεθνηκόσιν
901 2138 1034 2201 ὅλως
1080 2138 1396 2208 ἐπίσταμαι.
1458 2136 1626 2209 Ῥοπὴ
1665 2136 1724 2190 δέ
1779 2156 1869 2209 μοι

298 2224 500 2278 πλείων
539 2227 674 2298 πρὸς
714 2226 870 2280 τοῦτο
900 2228 1001 2298 τῆς
1035 2229 1291 2293 διανοίας,
1317 2230 1398 2282 ὅτι
1420 2228 1646 2299 τέθνηκέ
1684 2247 1808 2293 που,
1836 2230 1869 2302 ἢ

298 2316 401 2369 ὑπὸ
432 2316 611 2389 λύπης
648 2319 822 2388 ἥττων
854 2318 1163 2390 γενόμενος,
1186 2319 1218 2390 ἢ
1245 2319 1490 2390 ναυαγίῳ
1519 2319 1829 2390 περιπεσών
1854 2337 1867 2353 ο

296 2407 485 2461 τούτου
515 2408 573 2460 δέ
601 2409 883 2481 τεκμηρίῳ
903 2409 1143 2481 χρῶμαι,
1186 2411 1267 2462 ὅτι
1305 2410 1363 2477 ἐξ
1403 2410 1609 2463 ἐκείνου
1636 2411 1735 2483 ἤδη
1758 2411 1873 2463 λοι-

1132 2492 1229 2517 ’,τ

298 2496 398 2550 πδν
428 2499 673 2550 εἰκοστὸν
693 2497 811 2560 ἔτος
851 2499 1016 2562 ἐστὶν,
1054 2497 1145 2567 ἀφ’
1174 2496 1234 2551 οὗ
1265 2496 1405 2567 ἴχνος
1436 2497 1585 2551 οὐδὲν
1617 2497 1873 2569 ἀληθείας

300 2591 421 2659 ἐμοὶ
449 2591 579 2661 περὶ
619 2589 781 2642 αὑτοῦ
811 2590 1091 2660 ἧκουσται.

371 2700 610 2754 LXXIX.
644 2701 824 2754 Ταῦτα
857 2702 1067 2755 ἀκούων
1097 2703 1125 2754 ό
1145 2699 1348 2772 Πέτρος
1368 2742 1382 2764 ,
1406 2700 1510 2754 ύπδ
1536 2699 1875 2771 συμπαθείας

303 2793 530 2862 ἐδάκρυε
579 2793 673 2845 καὶ
703 2793 905 2857 εύοέως
933 2797 1046 2857 τοῖς
1080 2793 1295 2846 συνοῦσι
1327 2794 1567 2863 γνησίοις
1607 2791 1779 2847 εἶπενο
1809 2792 1880 2846 Et

304 2905 384 2949 τις
431 2885 697 2938 πέπονθεν
738 2886 966 2957 εὐσεϐὴς
1015 2887 1153 2958 ἀνὴρ
1208 2881 1294 2939 οἷα
1352 2889 1379 2940 ό
1425 2886 1615 2939 τούτου
1670 2885 1872 2958 πατὴρ,

306 2977 503 3040 εὐθέως
543 2978 609 3031 ἄν
638 2976 714 3047 τῷ
738 2977 838 3047 τῆς
869 2976 1172 3041 θεοσεϐείας
1202 2977 1341 3048 λόγῳ
1359 3019 1374 3043 ,
1409 2978 1484 3049 τῷ
1509 2979 1729 3050 πονηρῷ
1749 2980 1876 3033 ἐπέ-

306 3086 482 3139 γραψε
508 3070 608 3139 τὴν
636 3069 833 3123 αἰτίαν.
870 3069 1028 3123 Οὕτω
1062 3071 1157 3123 καὶ
1181 3074 1294 3133 τοῖς
1314 3069 1679 3143 ταλαιπώροις
1699 3072 1876 3124 ἔθνεσι

1971 1955 2297 2005 conscensa,
2349 1939 2414 1993 ad
2476 1938 2692 1993 illorum
2754 1937 3162 2007 inquisitionem
3188 1938 3537 2008 enavigavit:

1971 2040 2134 2101 atque
2162 2046 2226 2087 ex
2250 2046 2314 2086 eo
2354 2040 2597 2101 tempore
2622 2046 2793 2100 usque
2822 2030 2999 2083 adhuc
3018 2045 3119 2084 nec
3150 2030 3356 2083 litteras
3382 2029 3449 2083 ab
3474 2045 3540 2084 eo

1971 2124 2174 2193 accepi,
2198 2139 2298 2179 nec
2323 2124 2462 2178 inter
2490 2124 2665 2186 vivos,
2692 2138 2758 2176 an
2783 2123 2921 2177 inter
2949 2130 3195 2175 mortuos
3216 2124 3288 2175 sit
3314 2137 3541 2192 prorsus

1972 2216 2095 2270 novi
2123 2232 2137 2267 :
2161 2231 2225 2270 eo
2251 2224 2427 2270 tamen
2463 2214 2585 2285 plus
2613 2229 2767 2268 mens
2797 2228 2915 2267 mea
2938 2212 3233 2284 propendet
3262 2221 3321 2266 ut
3353 2213 3542 2267 existi-

1972 2323 2112 2361 mem
2146 2324 2272 2362 enm
2298 2308 2515 2373 obiisse,
2542 2306 2625 2360 vel
2655 2305 2873 2360 tristitia
2917 2315 3256 2377 superatum,
3296 2305 3380 2359 vel
3409 2320 3544 2360 nau-

1973 2398 2146 2470 fragio
2182 2400 2525 2453 involutum:
2556 2413 2663 2469 qua
2708 2398 2762 2451 in
2810 2412 2869 2452 re
2906 2397 3012 2453 hoc
3051 2408 3172 2453 utor
3201 2408 3541 2469 argumento,

1973 2495 2115 2562 quod
2135 2492 2246 2560 jam
2270 2491 2338 2545 ab
2359 2505 2424 2543 eo
2444 2499 2683 2560 tempore
2707 2490 3001 2560 vigesimus
3021 2506 3199 2545 annus
3222 2491 3315 2557 sit,
3336 2506 3399 2545 ex
3436 2508 3545 2563 quo

1974 2582 2181 2637 milium
2215 2580 2460 2636 veritatis
2486 2579 2775 2649 vestigium
2813 2580 2881 2634 de
2908 2592 2973 2634 eo
2994 2579 3197 2648 accepi.

2044 2690 2280 2745 LXXIX.
2298 2690 2435 2745 Cum
2458 2691 2575 2746 bare
2592 2691 2853 2746 audiisset
2867 2689 3084 2757 Petrus,
3110 2690 3545 2745 commiseratio-

1978 2780 2063 2833 nis
2090 2778 2286 2834 aﬂectu
2309 2780 2582 2852 lacrymas
2613 2779 2776 2847 fudit,
2807 2780 3097 2851 statimque
3126 2780 3194 2833 ad
3227 2779 3542 2847 familiares,

1974 2871 2069 2941 qui
2111 2871 2377 2938 aderant,
2423 2872 2561 2926 dixit
2595 2890 2608 2925 :
2643 2870 2699 2925 Si
2733 2871 2856 2940 quis
2896 2871 3000 2940 piae
3040 2870 3289 2940 religioni
3334 2869 3546 2923 deditus

1976 2962 2081 3027 vir,
2108 2977 2169 3016 ea
2201 2962 2532 3032 pertulisset,
2560 2977 2680 3032 quae
2708 2961 2872 3030 liujns
2901 2971 3087 3030 pater;
3129 2960 3388 3015 continuo
3419 2961 3546 3015 reli-

1978 3050 2126 3121 gioni
2156 3060 2210 3107 et
2236 3052 2452 3107 diabolo
2481 3052 2827 3122 ascripsisset
2856 3066 3098 3106 causam.
3135 3051 3209 3106 Ita
3250 3053 3414 3106 etiam
3442 3052 3546 3106 mi-

309 3157 591 3229 συμϐαίνει
635 3159 892 3229 πάσχειν,
920 3159 1013 3212 καὶ
1046 3158 1343 3230 ἀγνοοῦμεν
1364 3162 1412 3213 οί
1448 3142 1731 3224 θεοσεϐεῖς.
1772 3164 1878 3215 Τα-

1980 3142 2118 3197 seris
2160 3142 2451 3212 gentilibus
2496 3142 2606 3211 pati
2649 3142 2939 3212 contingit;
2981 3151 3035 3197 et
3078 3142 3418 3213 ignoramus,
3450 3143 3545 3213 qui

308 3247 681 3317 λαιπὼρουςδέ
706 3249 898 3311 αὐτοὺς
921 3248 1155 3317 εὐλόγως
1177 3249 1392 3321 εἴρηκα,
1426 3253 1508 3306 ὅτι
1532 3254 1624 3306 καὶ
1650 3253 1877 3307 ἐνταῦθα

309 3339 634 3403 πλανῶνται,
668 3340 763 3393 καὶ
799 3339 897 3410 τῆς
941 3339 1147 3395 ἐκεῖθεν
1179 3342 1387 3406 ἐλπίδος
1425 3344 1873 3415 ἀποτυγχάνουσι·

308 3433 417 3493 τοῖς
439 3430 549 3501 γὰρ
583 3430 640 3483 ἐν
668 3430 943 3502 θεοσεϐείᾳ
973 3431 1041 3485 τὰ
1065 3432 1285 3505 λυπηρά
1319 3435 1634 3505 πάσχουσιν,
1675 3437 1879 3502 ἐκτισις

311 3523 448 3577 αὐτὰ
468 3523 679 3593 γίνεται
703 3523 813 3578 τῶν
838 3528 1316 3597 παραπτωμάτων.

382 3694 596 3751 LXXX.
645 3696 831 3762 Οὕτως
876 3699 1119 3763 εἰπόντος
1146 3698 1242 3752 τοῦ
1284 3699 1489 3772 Πέτρου
1509 3741 1524 3765 ,
1560 3697 1640 3765 εἷς
1661 3720 1744 3767 τις
1774 3704 1880 3757 τῶν

313 3789 366 3840 ἐν
392 3788 524 3859 ἡμῖν
560 3788 838 3859 τολμήσας
873 3789 991 3843 ἀντὶ
1033 3791 1249 3844 πάντων
1287 3791 1655 3862 παρεκάλεσεν
1696 3794 1879 3857 αὑτὸν,

314 3879 500 3952 αὔριον
550 3880 922 3952 ὀρθριαίτερον
975 3880 1055 3944 είς
1097 3881 1325 3953 Ἀραδον
1366 3882 1412 3913 ⁸⁰
1458 3883 1557 3955 τὴν
1596 3884 1882 3937 κατέναντι

314 3972 474 4041 νῆσον
496 3970 814 4035 ἐκπλεῦσαι,
839 3972 1133 4043 τριάκοντα
1147 3968 1300 4044 οἶμαι
1324 3973 1447 4027 ούδέ
1468 3974 1620 4038 ὅλους
1640 3975 1882 4039 σταδίους

314 4065 641 4135 ἀπέχουσαν,
684 4065 775 4117 ἐπὶ
806 4063 1015 4136 ἱστορία
1053 4064 1159 4117 τῶν
1204 4066 1380 4120 ἐκεῖσε
1431 4067 1741 4138 ἀμπελίνων
1791 4068 1884 4121 δύο

315 4156 518 4211 στύλων
554 4156 786 4227 μέγιστα
819 4156 965 4227 πάχη
1001 4156 1286 4227 φερόντων.
1345 4158 1402 4211 Ὁ
1442 4158 1572 4227 γοῦν
1613 4159 1884 4231 πειθήνιος

319 4240 519 4316 Πέτρος
564 4245 871 4310 ἐπένευσεν,
911 4244 1082 4311 οὕτως
1115 4245 1312 4299 εἰπών·
1362 4247 1527 4301 Ἐπάν
1562 4247 1656 4301 τοῦ
1698 4248 1884 4302 πλοίου

316 4336 512 4407 ἐκϐῆτε
534 4376 550 4401 ,
585 4336 658 4407 μὴ
694 4336 811 4407 ἅμα
849 4336 1048 4401 πάντες
1080 4337 1395 4409 εἰσέρχησθε
1421 4340 1501 4402 είς
1523 4339 1623 4411 τὴν
1655 4339 1886 4410 θεωρίαν

312 4425 385 4481 ὧν
417 4428 769 4499 ἐπιθυμεῖτε’
808 4428 869 4481 ού
901 4428 1009 4501 γὰρ
1048 4428 1305 4501 βούλομαι
1332 4431 1475 4501 ὑμᾶς
1504 4430 1603 4495 τὰς
1638 4431 1745 4485 τῶν
1784 4449 1885 4486 πο-

1978 3234 2053 3303 pii
2096 3248 2225 3305 erga
2256 3232 2427 3288 Deum
2471 3249 2682 3288 sumus.
2715 3232 2823 3287 Eos
2859 3240 3040 3288 autem
3072 3234 3302 3290 miseros
3353 3236 3549 3289 merito

1980 3325 2280 3396 appellavi;
2319 3326 2448 3395 quia
2487 3334 2540 3379 et
2577 3324 2664 3379 hic
2705 3326 2758 3377 in
2809 3340 2991 3379 errore
3016 3332 3325 3394 versantur,
3362 3337 3548 3396 etspe

1980 3419 2166 3474 futura
2189 3418 2471 3473 excidunt.
2500 3416 2731 3484 Quando
2754 3417 2898 3470 enim
2922 3416 3020 3470 viri
3046 3417 3283 3488 religiosi
3312 3418 3549 3474 alliciun-

1978 3522 2069 3567 tur
2099 3510 2486 3575 incommodis,
2520 3525 2584 3564 ea
2623 3509 2728 3565 illis
2770 3509 2836 3564 ad
2871 3510 3188 3565 delictorum
3222 3512 3545 3581 persolutio-

1980 3622 2103 3663 nem
2132 3607 2353 3661 cedunt.

2051 3697 2265 3753 LXXX.
2304 3696 2461 3751 Hunc
2502 3695 2556 3750 in
2598 3698 2819 3751 modum
2858 3699 3038 3753 locuto
3079 3697 3239 3753 Petro
3270 3741 3284 3765 ,
3317 3716 3458 3756 unus
3480 3717 3547 3756 ex

1982 3792 2205 3854 nostris,
2237 3789 2465 3845 audacia
2491 3798 2726 3858 sumpta,
2752 3804 2851 3859 pro
2882 3790 3137 3845 omnibus
3167 3792 3374 3861 rogavit
3396 3808 3543 3857 eum,

1981 3891 2044 3937 ut
2071 3882 2331 3953 postridie
2360 3880 2598 3936 diluculo
2636 3879 2690 3934 in
2719 3880 2958 3935 Aradum
2983 3882 3280 3951 oppositam
3314 3883 3545 3936 insulam

1985 3975 2129 4044 (quae
2170 3972 2393 4043 triginta
2418 4012 2434 4039 ,
2476 3972 2693 4041 opinor,
2737 3986 2838 4027 nec
2864 3972 3015 4033 totis,
3061 3974 3250 4027 stadiis
3288 3974 3545 4042 distabat)

1983 4066 2387 4135 navigaremus,
2418 4063 2489 4119 ad
2512 4063 2772 4118 videndas
2800 4063 2873 4118 ibi
2900 4064 3035 4119 duas
3054 4065 3336 4121 columnas
3355 4066 3546 4131 viteas,

1984 4157 2279 4210 maximam
2313 4155 2511 4210 molem
2544 4156 2903 4210 continentes.
2925 4154 3116 4211 Petrus
3144 4170 3295 4227 ergo,
3311 4157 3404 4227 qui
3431 4166 3550 4211 erat

1986 4248 2313 4318 morigerus,
2344 4248 2558 4313 annuit,
2588 4248 2661 4301 ita
2688 4248 2875 4303 dicens
2906 4267 2918 4302 :
2951 4247 3087 4302 Cum
3113 4264 3177 4302 ex
3204 4249 3548 4322 naviegressi

1987 4339 2217 4405 fueritis,
2264 4354 2333 4394 ne
2363 4347 2468 4393 una
2498 4354 2689 4394 omnes
2716 4339 3021 4409 procedatis
3063 4340 3129 4394 ad
3161 4342 3548 4410 spectationem

1986 4446 2175 4486 eorum
2223 4445 2344 4499 quae
2391 4429 2590 4499 cupitis
2625 4447 2639 4483 :
2675 4444 2851 4499 neque
2893 4429 3036 4484 enim
3085 4431 3204 4485 volo
3249 4443 3306 4486 ut
3349 4434 3549 4501 civium

314 4519 473 4571 λιτῶν
525 4518 678 4588 ὄψεις
719 4519 854 4591 πρὸς
893 4522 1118 4585 ἐαυτους
1170 4523 1534 4594 ἐπιστρέφειν.
1591 4526 1700 4578 Καὶ
1744 4524 1885 4581 οὕτω

1987 4524 2178 4579 oculos
2229 4523 2283 4577 in
2334 4537 2431 4578 vos
2472 4521 2823 4576 convcrtatis.
2869 4521 3046 4591 Atque
3086 4522 3166 4577 sic
3212 4524 3548 4594 navigantes,

316 4610 681 4676 πλεύσαντες,
718 4613 845 4682 μιᾶς
882 4612 1030 4682 ὧρας
1071 4614 1418 4686 κατήχθημεν
1461 4617 1542 4679 είς
1571 4617 1669 4687 τὴν
1700 4618 1881 4688 νῆσον.

325 4699 618 4762 Ἐκϐάντες
661 4700 718 4753 δέ
760 4700 854 4754 τοῦ
892 4703 1130 4771 σκάφους
1162 4704 1436 4775 εἰσῄειμεν
1464 4705 1593 4760 ἔνθα
1623 4708 1672 4760 οἱ
1705 4707 1885 4779 ἀμπέ-

312 4790 444 4844 λινοι
486 4789 668 4844 στῦλοι
699 4785 866 4861 ἦσαν·
903 4791 1052 4862 ὁμῶς
1084 4793 1178 4845 καὶ
1214 4793 1349 4864 μετά
1379 4794 1486 4848 τῶν
1520 4790 1755 4862 στύλων,
1788 4796 1885 4852 άλ-

312 4878 401 4944 λος
436 4879 536 4953 μὲν
568 4879 696 4933 ἄλλο
726 4897 782 4932 τι
812 4880 920 4932 τῶν
953 4878 1157 4933 Φειδίου
1180 4880 1353 4953 ἔργων
1383 4882 1621 4955 ἐθεώρει.

382 4997 621 5053 LXXXI.
659 4997 862 5068 Πέτρος
892 4998 951 5053 δέ
987 5000 1146 5070 μόνος
1184 5002 1284 5055 οὐκ
1317 5003 1611 5073 ἀναγκαῖον
1642 5009 1884 5079 ἡγήσατο

315 5093 405 5145 ἐπὶ
432 5093 533 5163 τὴν
575 5091 815 5162 ἱστορίαν
842 5091 949 5144 τῶν
988 5087 1105 5146 sxa?
1135 5096 1407 5162 γενέσθαι·
1439 5100 1657 5165 γυναικὶ
1694 5100 1751 5153 δέ
1781 5119 1887 5155 τινι

314 5183 419 5249 εεω
467 5179 577 5249 πρὸ
618 5180 726 5233 τῶν
765 5181 943 5253 θυρῶν
973 5182 1326 5256 καθεζομένῃ,
1365 5186 1459 5239 καὶ
1492 5187 1701 5258 τροφῆς
1729 5190 1889 5261 χάριν

317 5270 650 5343 μεταιτούσῃ
678 5271 755 5335 ⁶¹,
790 5271 1043 5342 προσχὼν
1079 5272 1215 5345 ἔφη·
1256 5274 1437 5340 Γύναι,
1479 5276 1532 5329 τί
1566 5294 1647 5330 σοι
1672 5278 1779 5331 τῶν
1813 5281 1890 5331 oi-

315 5365 479 5418 κείων
511 5363 748 5416 ἐλλείπει
781 5363 989 5434 μελῶν,
1030 5365 1110 5417 ὅτι
1140 5367 1405 5438 τοσαύτην
1438 5367 1593 5440 ὓϐριν
1636 5370 1887 5437 ἀνεδέξω,

316 5454 457 5523 λέγω
486 5453 553 5525 δὴ
584 5453 646 5506 τὸ
671 5455 1004 5525 προσαιτεῖν,
1032 5455 1124 5507 καὶ
1158 5455 1231 5527 μὴ
1268 5454 1466 5526 μᾶλλον
1498 5459 1620 5520 ταῖς
1651 5456 1756 5511 ὑπὸ
1792 5456 1888 5511 τοῦ

1984 4616 2120 4671 hora
2153 4630 2259 4669 una
2290 4615 2342 4668 in
2368 4614 2604 4669 insulam
2630 4613 2789 4668 delati
2819 4629 3029 4670 sumus.
3063 4613 3128 4670 Et
3164 4616 3551 4673 descendentes

1985 4725 2052 4765 ex
2094 4709 2322 4779 scapha,
2357 4722 2423 4763 eo
2456 4706 2730 4777 progressi
2759 4723 2947 4764 sumus
2981 4708 3073 4762 ubi
3104 4709 3372 4765 columnae
3395 4712 3551 4767 vitea:

1985 4809 2142 4857 erant
2175 4818 2188 4854 :
2221 4799 2492 4869 simulque
2517 4814 2641 4854 cum
2665 4800 2957 4868 columnis,
2982 4801 3123 4857 alius
3152 4802 3369 4873 quidem
3404 4805 3550 4862 aliud

1987 4894 2280 4967 quodpiam
2310 4908 2376 4947 ex
2415 4891 2621 4947 Phidiae
2655 4894 2912 4963 operibus
2944 4896 3243 4965 spectabat.

2060 5004 2295 5060 LXXXI.
2329 5004 2483 5059 Unus
2505 5013 2686 5059 autem
2722 5004 2917 5061 Petrus
2939 5021 3163 5063 necesse
3192 5022 3303 5064 non
3342 5010 3549 5077 putavit

1984 5098 2192 5169 quaaibi
2215 5104 2369 5152 erant
2394 5097 2628 5152 invisere
2654 5115 2667 5151 :
2694 5098 2785 5153 sed
2810 5099 3245 5155 animadvertens
3266 5103 3547 5156 mulierem

1985 5190 2277 5261 quamdam
2323 5197 2477 5243 extra
2521 5204 2620 5259 pro
2671 5187 2879 5245 foribus
2921 5191 3194 5247 sedentem
3222 5233 3238 5256 ,
3281 5201 3335 5247 et
3374 5193 3549 5247 victus

1986 5278 2157 5351 gratia
2187 5277 2583 5332 mendicantem
2617 5300 2629 5333 :
2659 5276 2871 5343 Mulier,
2899 5279 3099 5350 inquit,
3122 5297 3357 5351 quonam
3378 5297 3547 5339 mem-

1988 5370 2207 5423 brorum
2252 5375 2467 5422 tuorum
2514 5383 2688 5431 cares,
2716 5369 2861 5438 quod
2909 5378 3114 5425 tantam
3159 5373 3547 5429 contumeliam

1987 5460 2295 5530 suscepisti,
2347 5459 2710 5527 mendicandi,
2760 5460 3004 5531 inquam,
3027 5477 3112 5535 .ac
3159 5478 3268 5519 non
3308 5467 3487 5535 potius
3516 5484 3546 5524 a

1612 5588 1845 5644 VARI/E
1880 5589 2278 5647 LECTIONES.

494 5683 826 5769 εεςτεκίρτον·
846 5679 1169 5769 ἐιοπξιειιιιπη
1190 5695 1334 5769 rei"

1341 5695 1427 5750 pe,
1472 5681 1727 5768 ‘adyost‘ia
1776 5680 2008 5767 Tiberis.
2062 5682 2192 5741 Vide
2239 5687 2305 5742 ad
2354 5703 2503 5742 num.
2563 5703 2677 5743 vm.
2724 5688 2888 5743 Cum.
2968 5691 3025 5723 ³⁸
3059 5692 3130 5746 al.
3172 5696 3548 5768 κεκινημένος.

326 5750 367 5784 δ’
405 5753 475 5807 al.
517 5752 641 5806 οὔτ’
672 5749 782 5827 ῶς.ι
846 5749 904 5800 “.
926 5751 996 5805 al.
1052 5749 1391 5823 ’Δντάραδον.
1449 5753 1511 5823 ’⁵⁸
1554 5751 1622 5806 aI.
1667 5753 1985 5828 ἐπαιτούσῃ.
