4022 6336
417 388 515 449 527

1304 397 1364 454 S.
1399 393 1788 452 t.LEMENTIS
1826 394 1847 449 I
1892 393 2060 451 ROM.
2100 393 2302 450 PONT.
2344 393 2576 451 OPERA
2611 395 2842 454 DUBIA.

3537 405 3632 462 528

416 514 528 571 Deo
562 513 658 570 tibi
682 500 984 573 'concessis
1013 516 1268 571 manibus
1295 515 1572 581 laborans,
1604 512 1980 585 quotidianum

2086 511 2221 565 Θεοῦ
2245 529 2325 565 σοι
2352 512 2755 585 δεδωρημέναις
2789 508 2977 582 χερσὶν
3011 504 3368 580 ἐργαζομένη,
3401 508 3493 574 τὰς
3522 514 3615 586 ἐφη

412 607 596 663 cibum
646 606 973 677 comparas?
1026 604 1119 661 Illa
1152 621 1282 661 vero
1326 606 1657 676 profundum
1702 620 1766 660 ac
1811 603 1981 659 vehe-

413 708 652 755 mentem
687 700 949 771 gemitum
985 699 1231 767 trahens,
1264 698 1580 769 respondit:
1613 696 1832 751 Utinam
1854 695 1979 766 qui-

413 790 533 846 dem
565 791 694 845 milii
726 799 911 845 essent
933 805 1149 857 manus,
1176 805 1298 860 quae
1312 798 1456 844 certe
1476 796 1695 858 possent
1726 786 1937 857 operari
1963 804 1979 842 :

412 898 558 936 nunc
589 892 767 937 autem
805 883 938 937 mihi
972 883 1143 938 solam
1174 896 1433 937 manuum
1467 880 1695 952 ﬁguram
1737 889 1977 946 servant,

413 980 655 1049 ipszeque
693 988 958 1034 emortuae
1008 986 1156 1034 sunt.
1211 976 1291 1032 Ac
1339 975 1544 1031 Petrus'
1579 976 1977 1045 interrogavit:

412 1072 545 1138 Qua:
592 1087 723 1127 vero
754 1087 919 1127 causa
970 1069 1095 1137 fuit,
1134 1077 1196 1125 ut
1227 1078 1334 1123 tam
1374 1083 1536 1139 grave
1574 1068 1777 1122 malum
1810 1066 1981 1121 susti-

411 1164 606 1219 neres?
626 1163 694 1217 At
722 1163 813 1218 illa
837 1163 902 1217 ad
925 1178 1049 1218 eum
1089 1180 1104 1216 :
1133 1160 1317 1214 Animi
1347 1159 1710 1229 imbecillitas,
1737 1160 1981 1230 nihilque

410 1254 578 1311 aliud.
624 1253 681 1309 Si
727 1254 870 1309 enim
916 1253 1044 1308 forti
1083 1254 1269 1308 animo
1306 1251 1530 1307 fuissem
1579 1251 1821 1321 praadita,
1866 1264 1984 1307 erat

411 1346 793 1417 praecipitium,
844 1354 939 1400 aut
966 1344 1226 1415 pelagus;
1253 1358 1421 1414 quare
1445 1358 1530 1397 me
1557 1342 1842 1410 dejiciens,
1882 1356 1982 1411 po-

409 1443 580 1487 teram
612 1432 770 1487 malis
808 1432 1050 1487 dolorem
1098 1432 1450 1487 aﬂ‘erentibus
1482 1431 1643 1486 linem
1677 1430 1977 1501 imponere.

484 1542 741 1598 LXXXII.
767 1542 908 1597 Tum
937 1542 1132 1597 Petrus
1162 1542 1280 1603 infit
1316 1561 1328 1596 :
1358 1539 1500 1607 Quid
1526 1539 1706 1595 enim?
1726 1548 1979 1611 putasne,

412 1637 631 1699 mulier,
680 1650 871 1692 omnes
921 1634 1006 1688 sui
1041 1633 1439 1695 interfectores.
1486 1632 1755 1701 supplicio
1780 1631 1970 1687 libera-

412 1737 524 1782 tum
553 1728 657 1782 iri?
684 1744 752 1782 an
797 1742 904 1782 non
950 1726 1132 1796 potius
1161 1725 1374 1778 animas
1402 1738 1590 1777 eorum
1621 1723 1713 1793 qui
1752 1722 1826 1776 ita
1858 1739 1977 1777 mo.

410 1816 647 1882 riuntur,
678 1814 872 1884 majori
906 1813 1173 1883 supplicio
1210 1814 1261 1866 in
1300 1809 1489 1866 inferis
1518 1820 1740 1882 propter
1767 1815 1851 1866 sui
1878 1812 1978 1866 bo-

408 1904 689 1960 micidium
715 1903 1068 1959 afﬁciendas?
1097 1904 1165 1958 At
1189 1903 1278 1957 illa
1311 1920 1326 1958 :
1362 1901 1601 1969 Utinam,
1632 1902 1831 1973 inquit,
1857 1918 1978 1972 per-

407 2012 630 2051 suasum
660 1995 794 2050 mihi
833 2003 1012 2061 esset,
1049 2009 1237 2049 revera
1268 1993 1320 2048 in
1359 1991 1547 2048 inferis
1574 1992 1786 2048 animas
1827 1993 1978 2047 vivas

407 2085 670 2156 reperiri;
699 2086 889 2156 utique
942 2083 1097 2138 nihili
1123 2090 1383 2153 reputans
1403 2095 1629 2151 poenas,
1660 2080 1799 2134 mori
1822 2078 1981 2149 elige-

406 2190 542 2240 rem,
582 2189 691 2246 quo
719 2174 801 2228 vel
843 2172 1041 2243 exiguo
1071 2181 1315 2243 tempore
1358 2170 1602 2226 intuerer
1630 2170 1765 2225 milii
1804 2183 1976 2239 exop-

406 2267 726 2322 tatissimos.
760 2266 840 2320 Ad
881 2266 995 2321 hare
1024 2263 1221 2320 Petrus
1260 2283 1274 2319 :
1318 2263 1383 2319 Et
1420 2262 1684 2335 quidnam
1721 2262 1973 2333 estquod

402 2368 455 2412 te
479 2357 790 2413 excruciat?
819 2357 972 2413 Scire
1001 2358 1146 2412 enim
1187 2355 1342 2411 valde
1368 2370 1521 2410 aveo.
1552 2354 1633 2413 Ac
1661 2368 1746 2408 me
1783 2354 1830 2409 si
1853 2369 1974 2409 cer-

402 2448 598 2504 tiorem
624 2447 842 2515 feceris,
884 2448 981 2503 tibi
1020 2446 1176 2501 ﬁrma
1211 2445 1421 2501 tradam
1453 2445 1801 2510 documenta,
1829 2443 1972 2515 quod

402 2542 602 2597 animae
634 2542 689 2597 in
721 2540 911 2596 inferis
935 2542 1149 2608 vivant;
1180 2549 1233 2595 et
1262 2556 1361 2611 pro
1394 2538 1698 2611 prtecipitio
1728 2538 1811 2594 vel
1842 2552 1973 2610 pro-

401 2633 596 2701 fundo,
636 2633 732 2688 tibi
763 2633 903 2689 dabo
933 2633 1294 2700 medicamen,
1341 2648 1437 2704 per
1460 2633 1607 2703 quod
1638 2646 1669 2686 a
1701 2631 1809 2686 vita
1854 2632 1975 2687 sine

399 2727 585 2783 dolore
612 2726 862 2782 decedas.

472 2816 758 2872 LXXXIII.
790 2815 853 2871 Et
890 2818 1109 2883 mulier,
1146 2832 1267 2888 qua:
1295 2830 1603 2871 sermonem
1635 2830 1743 2869 non
1774 2814 1972 2870 intelli-

399 2920 570 2983 geret,
621 2927 857 2983 eumque
905 2912 1171 2967 duntaxat
1220 2920 1379 2982 prout
1426 2911 1649 2980 optabat
1683 2911 1968 2981 arriperet,

400 3006 474 3061 ita
504 3005 772 3060 disserere
794 3005 958 3076 cmpit
978 3024 991 3059 :
1014 3002 1200 3060 Genus
1228 3004 1445 3075 quidem
1466 3012 1518 3057 et
1533 3004 1763 3074 patriam
1796 3003 1840 3057 si
1874 3003 1969 3059 tibi

400 3109 752 3163 exponerem,
781 3109 890 3150 non
921 3095 1157 3150 arbitror
1178 3109 1265 3148 me
1296 3109 1537 3164 unquam
1562 3110 1723 3169 posse
1752 3109 1971 3165 persua-

2085 603 2284 675 μέρους
2328 602 2527 679 πορίζῃ
2570 604 2808 677 τροφάς;
2856 604 2920 656 Ἠ
2952 602 3010 655 δὲ
3046 600 3225 672 βύθιόν
3264 619 3314 654 τι
3360 604 3635 669 στενάξασα

2082 696 2176 747 καὶ
2206 695 2524 766 περιπαθὲς,
2564 696 2919 767 ἀπεκρίνατοο
2962 692 3073 747 εἴθε
3109 692 3217 763 γὰρ
3251 689 3386 764 ἦσάν
3422 711 3503 765 μοι
3532 700 3636 765 χεῖ-

2084 804 2179 858 ρες
2227 788 2520 859 ὑπουργεῖν
2567 788 2704 852 ὅλως
2755 787 3081 858 δυνάμεναι·
3124 785 3219 839 νῦν
3249 785 3305 838 δέ
3346 802 3430 856 μοι
3469 787 3638 858 σχῆμα

2086 876 2247 947 μόνον
2278 878 2478 948 χειρῶν
2506 877 2852 941 ἀποσώςουσι
2872 920 2886 944 ,
2922 876 3115 950 νεκραὶ
3144 878 3236 931 καὶ
3268 871 3425 931 αὗται
3454 880 3639 947 τυγχά-

2083 985 2287 1023 νουσαι.
2322 970 2433 1022 Καὶ
2464 970 2492 1022 ὁ
2524 971 2749 1042 Πέτρος,
2785 972 2880 1034 Τίς
2914 970 2969 1023 δὲ
3001 974 3034 1043 ἡ
3078 970 3245 1032 αἰτία,
3284 972 3460 1042 ἤρετο,
3498 972 3643 1025 τοῦτό

2085 1078 2145 1114 σε
2189 1060 2250 1114 τὸ
2282 1060 2662 1132 χαλεπώτατον
2693 1062 3049 1128 πεπονθέναι;
3098 1061 3162 1119 Ἥ
3196 1062 3252 1115 δὲ
3285 1064 3421 1135 πρὸς
3458 1065 3639 1119 αὐτόν·

2082 1155 2277 1226 Ψυχῆς
2321 1156 2605 1220 ἀσθένεια,
2640 1157 2735 1209 καὶ
2768 1156 2930 1209 πλέον
2961 1156 3133 1210 οὐδέν.
3176 1158 3239 1209 Εί
3280 1156 3387 1230 γὰρ
3417 1158 3645 1230 ἀνδρεῖον

2083 1241 2227 1316 εἶχον
2277 1248 2547 1319 φρόνημα,
2562 1243 2630 1319 ἦν
2662 1248 2923 1319 κρημνὸς,
2958 1246 2991 1319 ἢ
3028 1246 3205 1317 βυθὸς,
3252 1248 3374 1302 ὃθεν
3421 1250 3649 1320 ἐμαυτὴν

2086 1339 2287 1411 ῥίψασα
2310 1380 2324 1404 ,
2376 1340 2487 1393 τῶν
2535 1340 2843 1393 ὸδυνώντων
2902 1356 2968 1411 με
3021 1338 3330 1393 παύσασθαι
3380 1341 3648 1412 ἠδυνάμην

2084 1449 2292 1487 κακων.

2181 1543 2439 1599 LXXXII.
2471 1547 2580 1599 Kal
2613 1546 2640 1599 ὁ
2673 1545 2877 1616 Πέτρος
2899 1544 3030 1617 ἔφη·
3068 1544 3132 1598 Τί
3164 1540 3292 1613 οὗν;
3327 1546 3448 1613 οίει,
3478 1548 3648 1617 γύναι,

2082 1635 2162 1687 ὅτι
2206 1634 2404 1698 πάντες
2441 1636 2489 1687 οἱ
2525 1634 2871 1706 ἀναιροῦντες
2905 1636 3127 1699 ἑαυτοὺς
3174 1634 3450 1701 κολάσεως
3489 1638 3654 1690 ἀπαλ-

2082 1725 2391 1787 λάσσονται,
2424 1724 2523 1797 ἥδ’
2556 1724 2629 1796 μὴ
2662 1726 2728 1795 τῇ
2763 1723 2966 1797 χείρονι
2996 1725 3212 1779 κολάσει
3244 1726 3307 1780 ὲν
3340 1727 3465 1799 ᾅδου
3486 1728 3654 1780 αἰτῶν

2083 1814 2255 1879 οὕτως
2299 1814 2637 1886 θνησκόντων
2669 1814 2840 1886 ψυχαὶ
2876 1815 2975 1885 τῆς
3000 1816 3354 1882 αὐτοκτονίας
3387 1819 3544 1889 χάριν
3573 1837 3658 1872 κο-

2082 1906 2366 1973 λάζοντας
2409 1907 2473 1960 Ἦ
2509 1906 2600 1971 δέ,
2638 1906 2764 1959 Εἴθε
2804 1907 3164 1980 ἐπεπείσμην,
3212 1910 3345 1981 ἔφη,
3380 1912 3459 1965 ὅτι
3499 1912 3657 1976 ὅντως

2081 1999 2139 2051 ὲν
2172 1998 2299 2069 ᾅδου
2333 1998 2378 2029 ⁸⁸
2406 1998 2576 2070 ψυχαὶ
2599 1998 2942 2071 εὑρίσκονται
2983 1999 3151 2065 ζῶσαι
3171 2018 3185 2031 ·
3217 2004 3318 2055 καὶ
3346 2003 3575 2073 ἠγάπων
3598 2004 3659 2057 ἂν

2081 2090 2210 2161 παρ’
2239 2089 2390 2143 οὐδὲν
2424 2086 2472 2121 ⁸⁸
2504 2089 2703 2162 θεμένη
2732 2090 2831 2161 τὴν
2856 2090 3145 2161 τιμωρίαν,
3172 2092 3492 2159 ἀποθανεῖν,
3526 2094 3657 2147 ὥστε

2077 2179 2205 2241 τοὺς
2232 2179 2355 2251 ἐμοὶ
2379 2180 2775 2253 περιποθήτους
2804 2180 3097 2235 θεάσασθαι
3124 2181 3227 2236 κᾶν
3273 2182 3474 2256 βραχύ.
3510 2187 3616 2239 Kal
3636 2188 3662 2239 ὁ

2078 2270 2285 2342 Πέτρος
2331 2270 2468 2343 πρὸς
2499 2271 2692 2325 ταῦτα’
2728 2272 2837 2326 Ka‘t
2868 2273 2920 2327 τί
2946 2275 3053 2345 ἄρα
3088 2275 3202 2327 ἐστὶ
3232 2276 3302 2329 τὸ
3334 2276 3537 2331 λυποῦν
3571 2295 3659 2345 σε;

2076 2362 2225 2433 Διψῶ
2258 2360 2367 2434 γάρ
2399 2363 2444 2394 ’⁵⁸
2480 2363 2688 2434 μαθεῖν.
2730 2365 2840 2418 Καὶ
2874 2365 2929 2417 εί
2953 2383 3020 2437 με
3056 2366 3317 2433 διδάξεις,
3346 2369 3556 2434 πίστεις
3586 2387 3664 2423 σοι

2076 2452 2301 2527 παρέξω
2348 2453 2593 2524 βεϐαίας,
2638 2456 2720 2509 ὅτι
2756 2458 2812 2510 ἐν
2854 2457 2981 2530 ᾅδου
3015 2458 3178 2524 ζῶσιν
3221 2461 3288 2513 αἱ
3330 2461 3521 2532 ψυχαὶ,
3576 2463 3666 2515 καὶ

2074 2546 2195 2599 ἀντὶ
2232 2546 2479 2617 κρημνοῦ
2521 2546 2554 2619 ἢ
2592 2546 2774 2617 βυθοῦ,
2819 2548 2992 2621 ὀρέξω
3026 2568 3107 2603 σοι
3145 2550 3473 2625 φάρμακον,
3514 2553 3580 2608 δι’
3608 2548 3667 2609 οὗ

2072 2639 2166 2693 τοῦ
2189 2638 2288 2711 ζῇν
2304 2639 2585 2703 ἀνωδύνως
2617 2639 2997 2716 ἀπαλλαγὴσῃ.

2144 2813 2429 2871 LXXXIII.
2467 2817 2574 2870 Καὶ
2606 2817 2639 2888 ἡ
2670 2817 2806 2890 γυνὴ
2833 2817 2893 2872 τδ
2921 2817 3085 2891 ῥηθὲν
3117 2820 3178 2873 ού
3211 2821 3468 2883 συνεῖσα,
3504 2818 3670 2891 ἡδέως

2071 2910 2129 2963 δὲ
2165 2910 2322 2982 μόνον
2360 2909 2651 2981 ἁρπάσασα
2678 2912 2739 2964 τὸ
2769 2911 2979 2982 λεχθὲν,
3013 2912 3189 2983 λέγειν
3214 2912 3432 2984 ἠρξατο
3465 2912 3666 2976 οὕτως·

2072 3005 2232 3068 Γένος
2268 3005 2370 3076 μὲν
2410 3003 2505 3056 καὶ
2544 3005 2778 3075 πατρίδα
2820 3023 2902 3059 σοι
2930 3005 3339 3079 διηγήσασθαι,
3385 3007 3488 3059 ούκ
3522 3002 3674 3075 οἶμαι

2072 3114 2201 3152 ποτε
2229 3099 2441 3152 πείσειν
2474 3098 2717 3168 ἐμαυτὴν
2747 3098 3060 3171 δυνηθῆναι·
3107 3098 3246 3169 πλὴν
3294 3098 3436 3152 ἀλλά
3466 3099 3563 3152 καὶ
3592 3097 3675 3149 σο).

399 3184 527 3241 dere
569 3203 583 3240 :
618 3184 711 3240 sed
742 3195 796 3239 et
832 3184 960 3255 quid
984 3185 1124 3239 ad1e
1147 3184 1335 3240 attinet
1377 3185 1428 3240 id
1459 3186 1826 3256 c0gnosccrc?
1863 3188 1967 3242 nisi

2077 3188 2123 3242 τί
2148 3189 2393 3261 διαφέρει
2413 3185 2574 3242 τοῦτο
2607 3187 2796 3258 μαθεῖν
2815 3205 2829 3253 ;
2854 3188 2886 3261 ἢ
2912 3189 3068 3259 μόνον
3081 3190 3180 3262 τὴν
3192 3192 3384 3246 αἰτίαν
3398 3187 3469 3263 ἦς
3491 3193 3677 3244 ἕνεκεν

400 3285 609 3333 tantum
641 3291 887 3344 causam,
917 3277 985 3332 ob
1015 3292 1178 3347 quam
1206 3277 1392 3332 dolore
1435 3277 1649 3344 affecta,
1697 3277 1972 3333 morsibus

398 3375 596 3424 manus
626 3385 778 3426 meas
804 3377 1050 3427 mortuas
1075 3370 1304 3425 reddidi.
1332 3370 1585 3425 Attamen
1619 3384 1761 3437 mea,
1790 3370 1968 3441 quoad

400 3460 589 3516 audire
615 3469 791 3531 potes,
818 3459 1073 3516 referam.
1105 3459 1218 3531 Ego
1242 3460 1604 3516 nobilissimis
1633 3471 1749 3515 orta
1775 3476 1971 3531 paren—

398 3552 578 3614 tibus,
624 3551 861 3622 potemis
910 3550 1196 3621 cujusdam
1230 3552 1481 3621 imperio,
1531 3552 1690 3623 nupsi
1723 3553 1839 3608 viro
1875 3551 1968 3622 qui

396 3650 513 3697 erat
537 3641 683 3697 illius
715 3642 1055 3712 propinquus
1080 3660 1093 3697 :
1118 3654 1171 3698 et
1192 3642 1331 3697 duos
1355 3643 1602 3715 geminos
1623 3644 1823 3699 liberos
1845 3659 1969 3699 sus-

399 3732 1094 3803 tuli,tertiumqueinsuper
1112 3733 1274 3789 edidi.
1300 3732 1473 3789 Porro
1504 3750 1628 3790 cum
1658 3734 1837 3789 mariti
1862 3735 1966 3790 mei

396 3824 562 3880 frater
588 3825 821 3881 formam
859 3841 1033 3880 meam
1057 3826 1346 3897 deperiret,
1380 3836 1431 3881 et
1454 3841 1643 3882 amore
1669 3842 1791 3882 meo
1817 3842 1969 3882 sum-

396 3932 618 3991 mopere
648 3926 840 3988 captus
866 3927 1041 3987 esset,
1072 3928 1236 3989 atque
1259 3918 1457 3973 misera
1482 3932 1580 3990 ego
1607 3927 1757 3975 caste
1785 3919 1967 3975 vivere

396 4008 695 4065 admodu‘m
723 4024 977 4081 cuperem
1003 4051 1019 4078 ,
1056 4018 1110 4064 et
1141 4024 1317 4080 neque
1347 4009 1538 4064 vellem
1569 4010 1799 4065 amatori
1829 4026 1965 4069 con-

394 4099 621 4166 sentire,
649 4113 826 4169 neque
859 4099 1022 4155 etiam
1052 4099 1172 4155 viro
1204 4114 1327 4153 meo
1350 4114 1593 4155 amorem
1628 4098 1814 4155 fratris
1836 4117 1963 4172 erga

395 4203 484 4245 me
502 4204 770 4260 exponere
786 4207 804 4254 ;
827 4206 1061 4261 cumque
1075 4204 1289 4246 mecum
1308 4199 1732 4260 reputassem,ut
1747 4206 1845 4247 nec
1861 4191 1963 4246 viri

398 4286 578 4334 torum
607 4280 935 4336 contumelia
966 4278 1260 4345 aflicerem,
1287 4294 1387 4335 nec
1413 4278 1635 4335 fratrem
1661 4279 1815 4336 fratri
1840 4281 1965 4336 red-

395 4368 577 4425 derem
605 4371 910 4437 inimicum,
948 4379 1001 4426 et
1036 4386 1245 4441 magnae
1268 4370 1487 4426 familia:
1507 4370 1768 4442 probrum
1796 4371 1964 4427 infer-

394 4481 550 4533 rem;
601 4465 790 4533 statui,
815 4465 883 4519 ab
913 4464 1047 4519 urbe
1077 4478 1200 4519 cum
1243 4463 1475 4534 geminis
1515 4463 1651 4520 meis
1680 4465 1864 4535 pueris
1895 4464 1959 4520 ad

2072 3279 2403 3353 ὀδυνωμένη,
2458 3280 2705 3352 δήγμασι
2756 3281 2856 3342 τὰς
2915 3280 3054 3352 ἐμὰς
3111 3282 3409 3353 ἐνέκρωσα
3465 3285 3672 3355 χεῖρας.

2073 3366 2263 3438 Ὅμως
2297 3367 2366 3421 τὰ
2394 3368 2513 3422 κατ’
2548 3366 2791 3438 ἐμαυτὴν
2825 3367 2902 3431 ὡς
2934 3368 3155 3423 δυνατὸν
3185 3371 3436 3426 ἀκοῦσαί
3471 3390 3529 3426 σε
3559 3374 3676 3442 διη-

2071 3458 2329 3529 γήσομαι.
2376 3458 2517 3528 Ἐγὼ
2542 3458 2684 3513 πάνυ
2718 3455 2779 3522 ἐξ
2805 3458 3040 3527 εὐγενῶν
3071 3455 3224 3523 οὖσα,
3266 3462 3506 3515 δυνατοῦ
3535 3461 3677 3525 τινὸς

2072 3551 2382 3621 προσταγῇ,
2422 3550 2579 3621 ἀνδρὶ
2624 3548 2765 3622 πρὸς
2797 3550 2987 3617 γένους
3016 3551 3164 3621 αὐτῷ
3200 3555 3541 3623 τυγχάνοντι
3569 3555 3682 3621 ὲγε-

2070 3638 2242 3711 νόμην
2274 3642 2409 3712 γυνή
2478 3641 2573 3693 κα)⁸
2610 3640 2866 3712 διδύμους
2903 3640 3052 3704 υἱοὺς
3081 3640 3321 3712 ἔχουσα,
3362 3647 3463 3698 καὶ
3495 3647 3677 3717 τρίτον

2069 3728 2162 3782 ἐπὶ
2193 3729 2403 3795 τούτοις
2432 3730 2547 3785 υἱὸν
2567 3731 2741 3802 ἔσχον.
2780 3733 2837 3787 '0
2851 3730 2911 3786 δὲ
2930 3730 3024 3784 τοῦ
3046 3732 3180 3802 ἐμοῦ
3209 3734 3420 3807 ἀνδρὸς
3449 3736 3682 3806 ἀδελφὸς

2068 3821 2355 3892 ὲπιμανείς
2391 3840 2491 3893 μου
2514 3825 2581 3894 τῇ
2603 3823 2743 3894 ὄψει,
2780 3826 2873 3879 καὶ
2892 3825 2969 3897 τῷ
2997 3824 3117 3899 ὲμῷ
3146 3824 3317 3896 ἔρωτι
3355 3830 3682 3901 κατ’ἀκρας

2066 3912 2250 3979 ἁλοὺς,
2302 3913 2397 3968 καί
2442 3930 2524 3967 τοι
2571 3918 2868 3986 σωφρονεῖν
2915 3917 3118 3991 σφόδρα
3157 3917 3266 3991 τῆς
3313 3919 3681 3992 ταλαιπώρου

2068 4003 2328 4078 φιλούσης
2355 4046 2371 4071 ,
2408 4006 2501 4059 καὶ
2541 4008 2675 4078 μήτε
2706 4008 2995 4063 συνθέσθαι
3035 4010 3114 4081 τῷ
3147 4013 3367 4086 ἐραστῇ
3410 4013 3681 4087 βουλομέ-

2066 4112 2184 4166 νης,
2223 4098 2359 4169 μήτε
2396 4095 2453 4149 δὲ
2486 4096 2565 4168 τῷ
2601 4097 2717 4169 ἐμῷ
2748 4098 2903 4169 ἀνδρὶ
2934 4100 3093 4154 πάλιν
3126 4102 3444 4161 ἀναθέσθαι
3478 4108 3574 4162 τὸν
3594 4109 3682 4160 ἐπ’

2066 4187 2191 4257 ἐμοὶ
2220 4186 2313 4241 τοῦ
2344 4187 2574 4259 ἀδελφοῦ
2604 4188 2778 4261 ἔρωτα
2798 4229 2811 4253 ,
2845 4192 3055 4263 πρέπον
3087 4190 3224 4248 εἶναι
3260 4196 3676 4272 λογισαμένης,

2065 4277 2141 4340 ὡς
2164 4277 2230 4330 ἂν
2266 4278 2402 4349 μήτε
2434 4279 2535 4351 τὴν
2562 4279 2657 4332 τοῦ
2691 4280 2882 4353 ἀνδρὸς
2916 4283 3108 4355 κοίτην
3142 4284 3385 4358 ὑϐρίσω,
3429 4292 3575 4362 μήτε
3603 4289 3683 4360 τῷ

2065 4368 2278 4442 ἀδελφῷ
2321 4369 2412 4424 τὸν
2453 4370 2680 4441 ἀδελφὸν
2736 4372 3131 4445 ὲκπολεμώσω,
3173 4379 3271 4431 καὶ
3319 4380 3407 4452 τῷ
3462 4381 3680 4436 ἐκείνου

2064 4463 2207 4532 γένει
2259 4463 2479 4535 μεγάλῳ
2525 4465 2637 4518 δντι
2681 4465 2982 4538 ὀνειδισμὸν
3027 4469 3319 4540 ἐπαγάγω,
3376 4474 3487 4548 τὴν
3524 4475 3683 4529 πόλιν

392 4556 669 4630 quoddam
713 4564 931 4626 tempus
974 4556 1184 4622 abesse,
1220 4556 1391 4611 donec
1425 4557 1673 4627 impurus
1701 4572 1855 4612 amor
1896 4558 1962 4612 il-

2077 4555 2393 4627 ἐλογισάμην
2429 4556 2567 4627 μετά
2590 4556 2698 4611 τῶν
2720 4557 2868 4630 ἐμῶν
2895 4558 3130 4631 διδύμων
3153 4562 3377 4619 παίδων
3416 4566 3518 4619 ἐπὶ
3552 4568 3684 4638 χρό-

392 4649 499 4703 lius
537 4648 629 4719 qui
660 4646 794 4701 mihi
821 4646 887 4701 ad
913 4647 1150 4703 dedecus
1183 4648 1584 4711 assentabatur,
1619 4648 1779 4703 finem
1814 4651 1962 4719 acci-

392 4747 546 4811 peret
577 4756 590 4794 :
628 4734 682 4793 at
712 4738 943 4794 alterum
976 4738 1170 4805 lilium,
1216 4749 1275 4794 ut
1305 4740 1445 4809 apud
1473 4748 1680 4810 patrem
1722 4741 1774 4795 in
1813 4741 1961 4795 sola-

390 4834 529 4888 tium
553 4838 815 4896 maneret,
839 4830 1254 4900 relinquendum
1282 4832 1490 4887 censui.

459 5072 745 5133 LXXXIV.
776 5071 977 5127 Verum
1002 5085 1110 5140 quo
1135 5071 1249 5125 hac
1284 5072 1357 5124 ita
1385 5070 1597 5139 fierent,
1630 5069 1684 5126 in
1711 5070 1953 5125 animum

2064 4664 2153 4700 νον
2179 4646 2299 4701 τινὰ
2330 4648 2647 4702 καταλιπεῖν
2669 4690 2684 4713 ,
2718 4650 2823 4713 ἕως
2854 4652 2947 4704 καὶ
2979 4653 3007 4704 ὁ
3048 4652 3241 4724 μιαρὸς
3275 4655 3435 4727 ἔρως
3468 4658 3686 4713 παύσε-

2064 4756 2152 4792 ται
2185 4739 2232 4772 ⁸⁸
2262 4740 2356 4793 τοῦ
2390 4741 2527 4812 πρὸς
2559 4740 2712 4812 ὕϐριν
2749 4758 2816 4813 με
2850 4742 3279 4809 κολακεύσαντος
3319 4747 3396 4779 “-
3437 4750 3539 4803 τὸν
3579 4752 3684 4822 μέν

2065 4851 2146 4887 τοι
2184 4834 2366 4905 ἕτερον
2401 4837 2515 4889 υἱὸν
2564 4838 2717 4909 παρά
2755 4838 2833 4911 τῷ
2869 4840 3035 4912 πατρὶ
3066 4843 3240 4911 μεῖναι
3287 4844 3382 4909 είς
3415 4863 3691 4921 παραμυ·

2066 4924 2185 4977 θίαν
2216 4924 2385 4995 ἔγνων
2418 4927 2753 4981 καταλιπεῖν.

2132 5057 2417 5113 LXXXIV.
2448 5059 2592 5130 Πλὴν
2623 5061 2708 5114 ἵνα
2735 5061 2904 5117 ταῦτα
2936 5063 3076 5118 οῦτω
3099 5066 3358 5136 γένηται,
3384 5070 3687 5142 ἐπενόησα
3766 5100 3769 5103 -

390 5170 614 5235 induxi,
648 5166 921 5223 somnium
956 5164 1175 5233 lingere,
1208 5163 1364 5233 quasi
1396 5162 1596 5232 aliquis
1625 5163 1756 5216 milii
1792 5172 1954 5216 noctu

2077 5150 2152 5202 ιαί
2184 5149 2388 5222 ὄνειρον
2417 5149 2751 5217 πλάσασθαι,
2785 5153 2861 5217 ὼς
2892 5154 2953 5226 δή
2983 5172 3127 5220 τινος
3147 5154 3381 5229 νύκτωρ
3415 5161 3684 5215 ἐπιστάν-

390 5257 671 5321 astitisset,
716 5269 782 5309 ac
808 5253 1034 5308 dixisset
1065 5271 1077 5307 :
1111 5250 1410 5307 Confestim
1443 5266 1549 5304 una
1579 5266 1702 5305 cum
1729 5251 1958 5322 geminis

2077 5258 2149 5304 :0;
2190 5260 2278 5313 μοι
2314 5243 2407 5296 καὶ
2452 5244 2714 5310 εἰπόντος·
2785 5243 3044 5318 Ἐξαυτῆς
3077 5248 3192 5318 ἅμα
3231 5251 3362 5313 τοῖς
3420 5253 3686 5326 διδύμοις

390 5351 501 5405 tuis
540 5348 740 5420 pueris,
790 5362 823 5402 ο
872 5346 1097 5410 mulier,
1138 5343 1309 5398 Roma
1345 5344 1562 5398 discede
1616 5343 1682 5397 ad
1731 5342 1954 5412 aliquod

2077 5350 2152 5386 του
2186 5334 2413 5401 τέκνοις,
2464 5329 2508 5389 ῶ
2544 5336 2723 5406 γύναι,
2766 5337 2857 5389 ἐπὶ
2902 5337 3087 5409 χρόνον
3134 5335 3255 5391 τινὰ
3310 5341 3535 5415 μέχρις
3589 5347 3680 5396 ὅτε

392 5448 625 5506 tempus.
672 5438 846 5491 donec
900 5436 995 5490 tibi
1044 5450 1238 5491 rursus
1278 5433 1589 5487 indicavero
1629 5441 1688 5486 ut
1730 5432 1952 5500 redeas;

2077 5424 2284 5497 ιηνύσω
2315 5442 2395 5477 σοι
2421 5424 2579 5478 πάλιν
2611 5426 2941 5492 ἐπανελθεῖν,
2970 5426 3274 5497 ἕκϐηθιτὴν
3323 5429 3679 5503 Ῥωμαίων

388 5530 590 5598 alioqui
636 5546 762 5584 cum
795 5530 912 5583 viro
943 5528 1262 5597 cunctisque
1300 5526 1408 5581 tuis
1441 5526 1625 5581 liberis
1667 5525 1957 5593 derepente

2077 5522 2184 5574 επεὶ
2221 5523 2335 5593 ἅμα
2380 5522 2533 5592 ἀνδρὶ
2582 5523 2675 5575 καὶ
2707 5522 2841 5575 πᾶσί
2877 5539 2968 5574 σου
3006 5525 3118 5586 τοῖς
3154 5522 3385 5589 τέκνοις
3413 5566 3431 5592 ,
3469 5528 3546 5582 ὲκ
3578 5528 3678 5582 τοῦ

388 5620 589 5690 peribis
620 5620 778 5675 male.
811 5619 985 5676 Simul
1010 5629 1191 5675 autem
1221 5634 1286 5674 ac
1312 5617 1587 5685 somnium
1625 5617 1946 5672 ementitum

2077 5613 2309 5683 ιὶερνιδίου
2343 5613 2529 5679 κακῶς
2560 5614 2917 5687 τελευτήσεις.
2952 5613 3101 5685 Ἅμα
3122 5614 3178 5667 δὲ
3202 5612 3284 5685 τῷ
3311 5617 3420 5674 τὸν
3454 5621 3679 5694 ὄνειρόν

1650 5750 1882 5807 ΥΑΒΙᾸΞ
1922 5748 2314 5807 LECTIONES‘.

1438 5870 1483 5910 δι
1523 5865 1753 5930 οὐδενός.
1816 5866 1863 5906 δ⁵
1904 5864 1974 5919 al.
2003 5863 2118 5917 τοῦ.
2210 5863 2257 5895 ⁸⁸
2296 5862 2366 5917 al.
2410 5863 2692 5934 παύσηται.
2805 5863 2849 5897 ⁴⁷
2890 5866 2960 5919 al.
3003 5866 3432 5927 κολακεύοντος.

460 5873 504 5911 δ’
534 5870 583 5925 al
635 5871 785 5926 deest
817 5871 869 5925 in
896 5871 966 5926 al.
1044 5870 1089 5905 δ’
1128 5870 1196 5926 al.
1239 5868 1358 5941 ᾄδῃ.
