4022 6336
353 224 455 283 5‘29

1163 214 1629 275 οιΕΜΕΜιΝΑ.
1669 244 1738 253 —
1776 208 2080 267 EPITOME
2113 208 2202 266 DE
2240 207 2487 266 GESTIS
2525 206 2582 260 S.
2624 200 2850 258 PETRI.

3484 190 3588 247 550

357 358 421 412 με
462 336 764 411 ψεύσασθαι
794 332 840 377 ῖσ
883 342 1016 416 πρὸς
1075 340 1167 394 τὸν
1200 340 1369 413 ἄνδρα
1391 379 1408 403 ,
1442 336 1601 401 αὐτὸς
1627 333 1909 408 περίφοδος

2020 331 2140 386 viro
2163 330 2381 385 narravi
2409 370 2425 397 ,
2454 330 2650 383 timore
2679 338 2877 395 magno
2898 325 3225 382 commotus,
3254 327 3340 368 me
3368 323 3421 365 ct
3448 311 3587 367 duos

349 433 654 503 γενόμενος,
688 434 815 499 τούς
847 452 909 488 τε
948 433 1041 488 δύο
1076 432 1255 496 υἱοὺς,
1288 429 1505 491 δούλους
1529 445 1589 480 τε
1618 427 1710 481 καί
1740 424 1917 478 παιδί-

350 540 503 587 σκας,
537 526 633 578 καὶ
665 528 919 597 χρήματα
966 522 1133 595 συχνὰ
1173 524 1233 575 ἐν
1278 519 1446 590 πλοίῳ
1488 518 1797 589 ἐνθέμενος,
1838 516 1919 581 εἰς

357 612 586 685 Ἀθήνας
617 615 919 687 ἐξέπεμψεν
941 655 957 681 ,
990 612 1362 684 ἐντειλάμενος
1396 610 1522 673 τοὺς
1550 609 1697 672 υἰοὺς
1727 610 1919 661 ἐκπαι-

343 706 528 761 δεῦσαί
565 725 653 779 με,
680 709 887 781 Μέχρις
924 706 1011 771 ἂν,
1055 704 1220 777 φησὶ,
1254 703 1335 775 τῷ
1370 700 1767 775 χρηματίσαντι
1791 697 1919 773 δόξῃ

346 799 622 855 ἐπανιέναι
666 818 744 856 σε.
792 802 901 855 Καὶ
956 800 1021 873 δὴ
1058 801 1155 854 σὺν
1201 798 1317 869 ἅμα
1360 797 1569 860 τέκνοις
1609 797 1642 867 ἡ
1693 794 1918 848 τάλαινα

346 896 619 961 πλέουσα,
670 896 774 950 ὑπὸ
806 898 1020 968 ἀνέμων
1059 892 1284 960 ἀταξίας
1323 895 1402 957 εἰς
1428 892 1648 953 τούτους
1684 890 1917 961 άπορῤιο

344 992 502 1057 φείσα
544 989 672 1053 τοὺς
710 989 943 1055 τόπους,
988 987 1182 1052 νυκτὸς
1228 986 1326 1058 τῆς
1385 985 1511 1056 νηὸς
1555 981 1914 1053 διαλυθείσης,

342 1080 581 1151 ναυαγίῳ
613 1080 1027 1152 περιεπέσομεν.
1063 1080 1284 1134 Πάντων
1314 1077 1371 1131 δὲ
1400 1076 1664 1129 θανόντων
1683 1112 1698 1138 ,
1724 1074 1757 1145 ὴ
1790 1073 1918 1126 άτυ-

342 1172 441 1242 χὴς
471 1171 582 1241 ἐγὼ
619 1172 751 1243 μόνη
790 1171 893 1225 ὑπὸ
923 1171 1152 1243 σφοδροῦ
1186 1170 1427 1241 κύματος
1461 1166 1789 1241 ριπισθεῖσα,
1825 1164 1917 1217 ἐπὶ

341 1264 549 1334 πέτρας
594 1264 860 1336 ἐρῤίφην·
906 1262 990 1332 ἐφ’
1035 1257 1103 1334 ἧς
1152 1260 1472 1314 καθεσθεῖσα
1516 1256 1688 1310 ἐλπίδι
1721 1253 1814 1308 τοῦ
1848 1252 1917 1308 τὰ

338 1355 505 1408 τέκνα
558 1370 626 1425 με
654 1352 833 1419 ζῶντα
860 1354 1061 1425 εὑρεῖν,
1107 1352 1186 1415 εἰς
1222 1350 1315 1403 τὸν
1353 1348 1510 1420 βυθὸν
1542 1345 1790 1417 ἐμαυτὴν
1817 1343 1916 1397 ούκ

338 1445 538 1517 ἔρριψα
562 1444 705 1511 τότε,
740 1445 829 1499 ὅτε
850 1444 941 1497 καί
960 1444 1058 1514 τὴν
1085 1441 1261 1514 ψυχὴν
1292 1436 1439 1511 εἰχον
1470 1441 1583 1501 τοῖς
1605 1437 1706 1507 τῆς
1738 1434 1915 1506 λύπης

340 1537 575 1607 κύμασιν
595 1536 696 1609 ἢδη
733 1534 1167 1608 μεμεθυσμένην,
1202 1533 1295 1587 καὶ
1327 1531 1529 1603 πρᾶξαι
1558 1527 1717 1583 τοῦτο
1750 1528 1914 1581 εύπε-

337 1627 445 1691 τῶς
472 1610 777 1699 ἠδυνάμην.

2023 424 2190 489 ﬁlios,
2208 436 2507 491 servosque
2529 431 2582 475 et
2604 417 2851 481 ancillas,
2870 416 3034 483 atque
3054 409 3277 463 multam
3302 404 3586 475 pecuniam

2020 516 2075 570 in
2105 529 2297 569 navem
2334 513 2645 583 imponens,
2701 502 2940 562 Athenas
2992 500 3163 565 misit,
3199 496 3472 568 jussitque
3528 500 3587 547 ut

2019 616 2275 661 natorum
2305 601 2602 660 eruditioni
2643 614 2922 661 vacarem,
2949 593 3160 659 Quoad,
3190 589 3384 660 inquit,
3415 585 3585 639 visio-

2020 700 2107 755 nis
2146 697 2358 753 auctori
2399 693 2664 766 placuerit
2701 691 2879 748 redire
2923 698 2993 746 te.
3025 686 3210 756 Itaque
3235 697 3335 754 ego
3363 680 3585 743 misera,

2018 806 2125 846 una
2149 805 2274 846 cum
2304 788 2487 843 liberis
2516 785 2744 856 navigo,
2786 791 2841 838 et
2867 786 3152 835 ventorum
3173 776 3225 831 vi
3248 772 3505 846 projicior
3530 768 3585 822 in

2018 882 2135 938 haec
2163 880 2281 936 loca
2301 919 2316 946 ,
2357 879 2593 949 navique
2625 884 2790 932 noctu
2822 872 3109 935 dissoluta,
3139 869 3193 922 in
3237 865 3583 936 naufragium

2018 974 2330 1030 lncidimus.
2362 970 2593 1026 Mortuis
2626 977 2807 1024 autem
2842 964 3119 1028 omnibus,
3151 977 3260 1017 una
3302 976 3401 1028 ego
3444 956 3587 1013 infe~

2016 1066 2113 1132 lix,
2146 1064 2357 1136 magnis
2376 1064 2576 1133 jactata
2616 1060 2892 1127 fluctibus,
2922 1058 2975 1112 in
3008 1070 3200 1112 saxum
3226 1053 3396 1123 ejecta
3429 1066 3583 1106 sum:

2019 1159 2071 1214 in
2110 1172 2221 1228 quo
2270 1156 2490 1221 sedens,
2532 1154 2661 1224 quia
2714 1167 2801 1206 me
2848 1159 3006 1205 natos
3051 1148 3204 1202 vivos
3246 1153 3585 1215 reperturam

2017 1246 2305 1317 sperabam
2334 1286 2349 1311 ,
2399 1244 2455 1299 in
2499 1245 2723 1313 pelagus
2750 1256 2837 1296 me
2868 1256 2979 1294 non
3008 1239 3178 1309 dejeci
3258 1247 3416 1297 tum,
3453 1247 3579 1289 cum

2014 1346 2070 1392 et
2110 1337 2351 1391 animum
2388 1335 2653 1388 habebam
2683 1331 2887 1386 doloris
2924 1329 3179 1385 fluctibus
3203 1328 3315 1399 jam
3350 1327 3584 1393 ebrium,

2016 1441 2069 1488 et
2098 1432 2203 1487 hoc
2226 1430 2405 1487 facere
2434 1429 2594 1485 facile
2620 1438 2886 1499 poterant.

407 1693 600 1775 LXXX
611 1693 670 1775 νζ
678 1693 822 1790 Πλὴν
835 1718 1019 1790 ἐπειδὴ
1034 1717 1226 1791 ὄρθρος
1241 1715 1472 1785 ἐγένετο,
1490 1713 1696 1785 μεγάλα
1712 1711 1909 1784 βοῶσα,

2085 1697 2349 1755 LXXXV.
2385 1696 2586 1752 Verum
2638 1695 2730 1751 ubi
2770 1696 2972 1763 illuxit,
3016 1695 3309 1765 plurimum
3341 1693 3587 1748 clamans

337 1813 429 1865 καὶ
464 1811 650 1882 νγοερὰ
692 1810 980 1865 κωκύουσα
1020 1808 1489 1881 περιεὸλεπόμην,
1541 1803 1779 1878 ζητοῦσα
1807 1803 1915 1856 τῶν

334 1905 482 1975 ἐμῶν
510 1903 871 1976 ταλαιπώρων
904 1901 1118 1975 βρεφῶν
1145 1901 1215 1955 τὰ
1244 1901 1413 1974 νεκρά
1441 1898 1686 1971 σώματα.
1735 1897 1917 1969 Ἐλεή-

337 2014 532 2061 σαντες
574 1992 667 2050 οὖν
718 2013 783 2068 με
844 1998 892 2050 οἰ
943 1994 1245 2067 ἐπιχώριοι,
1298 1994 1392 2046 καὶ
1441 1989 1652 2062 γυμνὴν
1694 1989 1912 2052 ἰδόντες,

333 2090 610 2143 ἐνέδυσαν.
663 2086 795 2144 Εἶτα
837 2089 932 2144 καί
974 2089 1065 2142 τὸν
1116 2087 1275 2158 βυθὸν
1320 2083 1652 2157 ἀνηρεύνων,
1696 2081 1765 2134 τὰ
1806 2079 1916 2151 ἐμὰ

330 2183 498 2235 τέκνα
530 2180 832 2252 ζητοῦντες.
879 2181 1038 2234 Ἑπεί
1070 2179 1127 2233 δὲ
1165 2178 1238 2251 μὴ
1266 2176 1539 2249 εὕρισκον,
1570 2172 1916 2246 παραμυθίας

332 2270 496 2342 χάριν
538 2271 682 2333 τινές
715 2269 823 2324 τῶν
870 2269 1160 2339 φιλοξένων
1193 2265 1462 2337 γυναικῶν
1499 2260 1911 2337 προσελθοῦσαι,

330 2362 616 2435 διηγοῦντο
637 2362 840 2434 ἑκάστη
872 2361 942 2416 τὰ
973 2361 1171 2432 ἑαυτῆς
1193 2357 1359 2422 κακὰ,
1390 2358 1477 2412 ἵνα
1504 2359 1569 2427 τῇ
1585 2354 1692 2408 τῶν
1713 2354 1913 2426 ὁμοίων

336 2456 626 2526 συμφορᾷ,
665 2452 1017 2525 παραμυθίας
1054 2451 1218 2525 μέρος
1245 2453 1301 2504 ἐν
1334 2453 1448 2514 τοῖς
1478 2451 1630 2520 ἐμοῖς
1662 2446 1911 2519 εὕροιμι·

330 2546 359 2598 ὃ
390 2547 453 2617 δή
490 2563 558 2617 με
589 2547 687 2600 καί
722 2544 920 2617 μᾶλλον
943 2544 1153 2607 ἐλύπει,
1184 2542 1279 2595 καὶ
1303 2541 1403 2614 τὴν
1423 2540 1601 2611 ψυχὴν
1620 2539 1712 2591 ἐπὶ
1731 2537 1914 2591 πλεῖον

332 2640 627 2713 κατήσθιε,
677 2639 949 2709 γυναικῶν
992 2640 1085 2693 καὶ
1136 2637 1311 2693 ἄλλων
1352 2635 1654 2689 ἀκούουσαν
1705 2650 1914 2705 συμφο-

335 2734 449 2804 ράς.
484 2732 597 2786 Καὶ
627 2734 691 2803 δὴ
728 2733 823 2787 καὶ
846 2733 928 2795 εἰς
975 2730 1148 2797 ξενίαν
1188 2729 1399 2783 πολλῶν
1440 2746 1505 2800 με
1540 2727 1694 2796 ἄγειν
1734 2726 1914 2793 ἀξιου-

332 2826 459 2889 σῶν,
486 2826 585 2895 μία
608 2842 693 2888 τις
719 2824 828 2878 τῶν
857 2822 1087 2877 ἐνταῦθα
1117 2819 1367 2893 πενιχρὰ,
1399 2820 1568 2873 πολλὰ
1586 2817 1910 2890 βιασαμένη,

330 2918 409 2981 εἰς
446 2917 508 2971 τὸ
544 2918 743 2987 ἑαυτῆς
781 2916 953 2971 ἐλθεῖν
997 2915 1251 2969 ἀνέπεισε
1282 2912 1649 2982 καταγώγιον,
1688 2910 1910 2981 Θάρσει,

331 3010 590 3080 λέγουσα⁶
629 3010 723 3063 καί
747 3008 855 3080 γὰρ
882 3009 911 3061 ό
941 3006 1072 3080 ἐμὸς
1102 3006 1262 3079 ἀνὴρ,
1301 3003 1501 3075 ναύτης
1530 3002 1588 3057 δὲ
1626 2994 1777 3064 οὗτος
1816 2996 1908 3072 ἦν.

2016 1800 2070 1848 et
2095 1790 2481 1847 miserabiliter
2505 1788 2742 1859 ejulans,
2775 1788 3308 1858 circumspiciebam,
3337 1802 3587 1858 quaerens

2016 1886 2316 1942 infelicium
2353 1886 2651 1943 liberorum
2691 1899 2937 1943 meorum
2970 1883 3255 1938 cadavera.
3289 1880 3456 1951 Igitur
3483 1880 3587 1934 mi-

2014 1976 2313 2032 sericordia
2345 1973 2492 2029 ducti
2537 1956 2785 2043 regionis.
2826 1972 2970 2026 illius
2996 1971 3270 2036 homines,
3304 1976 3358 2023 et
3384 1967 3585 2021 nudam

2016 2068 2217 2134 intuiti,
2276 2066 2592 2121 induerunt.
2645 2064 2724 2119 Ac
2785 2063 2980 2119 deinde
3039 2061 3204 2116 maris
3253 2060 3583 2130 profundum

2015 2159 2242 2216 scrutati
2275 2166 2426 2220 sunt,
2479 2162 2786 2227 quaerentes
2825 2162 2983 2209 natos
3011 2168 3181 2207 meos.
3230 2150 3292 2205 Et
3321 2153 3447 2220 quia
3476 2166 3581 2203 non

2015 2249 2385 2316 inveniebant,
2433 2247 2711 2303 nonnulla:
2760 2246 3060 2315 hospitales
3107 2244 3360 2299 mulieres
3389 2258 3583 2297 conso-

2015 2339 2163 2394 laudi
2195 2339 2301 2393 mei
2329 2338 2503 2410 gratia
2542 2344 2893 2393 accesserunt
2920 2380 2934 2404 ,
2966 2346 3020 2390 et
3052 2351 3149 2389 sua
3179 2334 3407 2405 singulae
3442 2333 3581 2387 mala

2015 2431 2384 2496 enarrahant,
2418 2438 2480 2483 ut
2511 2428 2774 2485 similium
2816 2427 3125 2482 calamitate
3146 2434 3355 2497 partem
3388 2440 3584 2480 conso-

2013 2523 2235 2579 lationis
2284 2523 2339 2577 in
2380 2521 2518 2577 meis
2551 2520 2976 2575 adversitatibus
3015 2518 3364 2573 nanciscerer
3394 2536 3407 2570 :
3436 2516 3583 2586 quod

2013 2625 2159 2672 certe
2189 2630 2275 2669 me
2302 2615 2477 2684 magis
2502 2613 2811 2684 torquebat,
2847 2610 3199 2679 animumque
3223 2610 3342 2678 plus
3372 2609 3583 2663 lacera-

2012 2707 2126 2773 bat,
2170 2707 2299 2761 dum
2339 2706 2570 2760 aliarum
2617 2705 2908 2759 mulierum
2949 2700 3286 2757 calamitates
3309 2700 3578 2755 audirem.

2011 2799 2278 2855 Caeterum
2326 2813 2451 2853 cum
2499 2798 2685 2852 multa;
2714 2812 2802 2851 me
2848 2795 3084 2865 hospitio
3131 2795 3371 2864 recipere
3412 2809 3580 2862 cupe~

2014 2898 2155 2956 rent,
2182 2889 2431 2961 quaedam
2457 2888 2578 2959 ejus
2613 2888 2719 2945 loci
2743 2886 3071 2959 paupercula
3098 2928 3113 2953 ,
3152 2886 3324 2940 multa
3349 2886 3399 2939 vi
3425 2885 3581 2940 adhi-

2014 2981 2124 3036 bita
2174 2981 2449 3052 persuasit
2492 2988 2550 3035 ut
2594 2980 2661 3034 ad
2694 2995 2854 3035 suum
2884 2978 3219 3035 domicilium
3258 2992 3575 3049 pergerem:

496 3060 1226 3169 vddlatqeav‘réﬁvqaa'rrdv;
1248 3060 1533 3168 ’νεώτερος
1568 3095 1644 3149 ὢν
1667 3111 1682 3131 ν
1719 3060 1813 3147 καὶ
1840 3060 1906 3158 ’ἐξ

2010 3073 2255 3139 Confide,
2273 3074 2481 3139 dicens,
2507 3072 2709 3128 etenim
2731 3072 2817 3125 vir
2837 3085 2994 3126 meus
3014 3078 3131 3124 erat
3180 3065 3297 3139 ipse
3370 3078 3535 3123 nauta
3560 3113 3576 3136 ,

330 3196 537 3250 ἐκείνου
570 3193 778 3247 πολλῶν
825 3210 893 3264 με
919 3190 1211 3258 ἀξιούντων
1240 3191 1322 3253 εἰς
1352 3188 1527 3259 γάμον
1566 3185 1759 3250 ἐλθεῖν,
1794 3183 1905 3254 ἐγὼ

329 3289 583 3358 χηρεύειν
611 3285 853 3355 εἱλόμην,
888 3284 979 3337 τὸν
1012 3282 1142 3353 ἐμὸν
1170 3280 1339 3353 ἄνδρα
1365 3276 1634 3333 ποθοῦσα*
1666 3277 1817 3329 ἔσται
1847 3275 1905 3329 δὲ

331 3378 480 3432 κοινά
502 3379 654 3448 ἡμῖν,
700 3374 737 3429 ἃ
766 3373 854 3428 διὰ
887 3373 1085 3446 χειρῶν
1108 3371 1416 3444 ἀμφότεραι
1458 3367 1703 3441 πορίζειν
1741 3366 1903 3421 δυνά·-

335 3470 630 3543 μεθαΑΚαὶ
656 3466 828 3523 ταῦτα
871 3465 971 3539 μὲν
1007 3463 1212 3535 ἐκείνη.

395 3756 584 3812 LXXX
595 3756 631 3809 γ
640 3754 680 3811 l.
716 3753 857 3824 Ἐγὼ
866 3753 946 3818 δέ,
973 3753 1060 3807 ἵνα
1072 3753 1145 3824 μή
1162 3768 1243 3805 σοι
1256 3748 1481 3822 μηκύνω
1492 3746 1619 3809 τοὺς
1631 3744 1773 3815 ὑπὲρ
1783 3743 1904 3797 τού-

327 3870 413 3907 του
424 3852 635 3922 λόγους,
643 3848 854 3920 συνῴκη
862 3865 928 3901 σα
936 3845 1106 3916 ταύτῃ
1122 3844 1210 3898 διὰ
1221 3844 1321 3915 τὴν
1340 3838 1668 3912 φιλανδρίαν.
1682 3837 1756 3894 Ού
1770 3835 1904 3890 πολὺ

325 3945 384 3998 τὸ
405 3947 462 3998 ἐν
503 3944 675 4015 μέσῳ,
709 3942 802 3995 καὶ
833 3940 933 4010 τῆς
957 3935 1303 4007 ταλαιπώρου
1337 3934 1435 4006 μέν
1471 3932 1528 3985 αἰ
1562 3932 1743 4003 χεῖρες
1769 3926 1903 3999 ἐμοῦ

325 4036 426 4090 ὑπὸ
460 4035 572 4089 τῶν
603 4034 898 4104 δηγμάτων
934 4029 1289 4101 παρείθησαν,
1326 4027 1421 4081 καὶ
1460 4026 1493 4096 ὴ
1534 4020 1903 4093 ὑποδεξαμένη

328 4146 391 4199 με
416 4127 555 4197 αῦτη
584 4125 722 4195 γυνὴ
757 4124 862 4178 ὑπὸ
883 4121 1088 4182 πάθους
1116 4117 1262 4182 τινὸς
1288 4117 1383 4188 ὅλη
1413 4111 1746 4177 συνδεθεῖσα,
1777 4128 1902 4199 σχε-

321 4198 406 4274 δὸν
444 4219 701 4290 ἀκίνητος
737 4215 829 4269 ἐπὶ
868 4215 967 4285 τῆς
1006 4211 1184 4274 οἰκίας
1223 4209 1496 4281 ἔρριπται.
1562 4203 1715 4258 Ἐπεὶ
1746 4198 1839 4257 οὖν
1875 4203 1904 4257 ό

320 4313 428 4367 τῶν
458 4311 630 4365 πάλαι
662 4306 935 4379 γυναικῶν
974 4305 1121 4368 ἔλεος
1150 4303 1254 4375 ἢδη
1291 4299 1676 4372 παρήκμασεν,
1708 4294 1818 4364 ἐγὼ
1842 4294 1901 4348 δέ

2008 3164 2061 3218 in
2092 3164 2226 3218 mari
2270 3163 2564 3219 admodum
2602 3162 2820 3233 juvenis
2862 3161 3026 3226 obiit,
3062 3169 3224 3231 atque
3250 3161 3319 3214 ab
3347 3175 3410 3215 eo
3444 3169 3579 3214 tem-

2004 3270 2158 3327 pore,
2208 3255 2333 3311 licet
2375 3255 2531 3310 multi
2562 3255 2810 3325 rogarint
2838 3269 2925 3309 me
2957 3264 3015 3307 ut
3044 3254 3261 3323 nuptias
3290 3251 3579 3307 contrahe-

2004 3364 2142 3416 rem,
2168 3364 2268 3420 ego
2298 3348 2400 3402 viri
2429 3347 2537 3402 mei
2573 3346 2872 3412 desiderio,
2906 3360 3064 3417 agere
3093 3344 3148 3403 in
3170 3344 3429 3398 viduitate
3462 3358 3579 3397 ma~

2004 3440 2081 3495 lui
2111 3458 2124 3493 :
2157 3447 2322 3494 erunt
2353 3446 2533 3493 autem
2564 3439 2709 3494 inter
2736 3454 2837 3493 nos
2868 3438 3202 3503 communia,
3239 3452 3577 3507 quaecunque

2004 3529 2259 3584 manibus
2302 3528 2472 3584 ambae
2514 3527 2822 3597 poterimus
2862 3543 3201 3599 comparare.
3241 3528 3419 3599 Atque
3458 3527 3577 3598 ipsa

2006 3621 2290 3676 hactenus.

2076 3731 2362 3788 LXXXVI.
2393 3732 2507 3803 Ego
2534 3747 2662 3787 vero
2694 3730 2811 3787 :Ne
2848 3732 2942 3787 tibi
2972 3749 3280 3790 sermonem
3314 3734 3382 3790 de
3406 3734 3493 3789 his
3520 3734 3572 3788 in

2006 3825 2226 3896 longum
2250 3818 2560 3894 protraham
2578 3865 2595 3890 ,
2639 3839 2764 3878 cum
2806 3840 2870 3878 ea
2897 3824 3154 3886 habitavi,
3178 3835 3400 3895 propter
3421 3841 3572 3881 amo-

2005 3930 2120 3969 rem
2166 3929 2275 3984 quo
2324 3914 2582 3971 maritum
2635 3913 3085 3984 prosequebatur.
3168 3914 3279 3969 Nec
3340 3918 3570 3974 multum

2005 4015 2220 4076 tempus
2257 4005 2642 4061 intermedium
2674 4005 2796 4070 fuit,
2842 4007 3062 4076 quando
3087 4015 3144 4061 et
3181 4024 3312 4063 mea:
3353 4026 3570 4078 manus,

2006 4096 2239 4153 infelicis
2276 4098 2545 4162 mulieris,
2583 4099 2862 4154 morsibus
2891 4098 3185 4155 debilitatae
3217 4109 3373 4169 sunt,
3424 4111 3478 4158 et
3506 4120 3571 4160 ea

2005 4189 2204 4243 mulier
2225 4204 2347 4259 quae
2379 4204 2467 4244 me
2493 4199 2833 4259 susceperat,
2860 4190 3057 4245 morbo
3076 4193 3314 4261 quodam
3342 4202 3455 4249 tota
3476 4211 3572 4250 oc-

2000 4291 2222 4351 cupata,
2257 4280 2371 4337 fere
2412 4282 2710 4336 immobilis
2738 4281 2886 4335 domi
2918 4281 3112 4351 jacuit.
3146 4282 3412 4350 Quoniam
3442 4302 3571 4358 ergo

323 4407 472 4476 καίή
506 4402 629 4457 κατ’
674 4372 849 4463 οἷκον,
885 4372 1191 4468 ἀμφότεραι
1233 4392 1537 4463 συμφοραῖς
1575 4387 1769 4457 ἐπίσης
1804 4404 1898 4441 κε-

2010 4374 2381 4430 misericordia
2426 4372 2747 4439 mulierum,
2791 4389 2912 4443 quae
2952 4374 3081 4429 olim
3122 4376 3570 4432 commiseresce-

323 4494 590 4567 χρήμεθα,
628 4489 927 4561 καθέζομαι
953 4486 1070 4553 νῦν,
1107 4485 1182 4548 ὼς
1218 4484 1369 4554 ὁρᾷς,
1403 4478 1638 4534 ἐνταῦθα
1666 4495 1895 4549 προσαι-

322 4588 507 4653 τοῦσα,
542 4587 636 4640 καὶ
669 4577 745 4638 ὧν
765 4582 830 4637 ἂν
864 4580 1171 4652 εύπορήσω,
1204 4573 1356 4629 κοινὰ
1381 4569 1674 4641 ποιουμένη
1706 4568 1799 4623 καὶ
1826 4570 1892 4639 τῇ

324 4676 767 4750 συνταλαιπώρῳ.
806 4675 916 4728 Καὶ
937 4674 1006 4726 τὰ
1041 4669 1139 4742 μὲν
1171 4665 1281 4738 ἐμὰ
1308 4664 1495 4719 τοῦτον
1528 4661 1750 4733 ἔχειτὸν
1773 4660 1895 4731 τρό-

323 4789 441 4827 πον.
493 4769 695 4825 Λοιπὸν
713 4768 758 4799 "
793 4766 856 4819 σὺ
904 4764 977 4836 μὴ
1013 4760 1265 4833 κωλύσῃς
1309 4759 1408 4829 τὴν
1442 4755 1731 4826 ὑπόσχεσιν
1759 4752 1895 4823 πλη-

327 4863 493 4935 ρῶσαι
523 4860 617 4914 τοῦ
649 4858 831 4913 δοῦναι
873 4855 936 4909 τὸ
967 4853 1277 4924 φάρμακον,
1327 4848 1475 4911 ὅπως
1519 4846 1611 4899 καὶ
1654 4846 1720 4915 τῇ
1769 4860 1893 4896 συν-

322 4955 456 5026 οίκῳ
487 4954 667 5007 θανεῖν
715 4946 1054 5019 ἐπιθυμούσῃ
1077 4985 1092 5009 ,
1152 4941 1247 4996 τοῦ
1279 4939 1518 5001 δοθέντος
1552 4937 1893 5026 κοινωνήσω,

324 5025 457 5117 αὐτή
484 5062 545 5098 τε
581 5039 945 5115 μετασχοῦσα,
977 5037 1075 5108 τῆς
1107 5032 1254 5103 ζωῆς
1281 5029 1485 5102 ταύτης
1512 5029 1703 5082 θᾶττον
1728 5025 1899 5081 ἁπαλ-

327 5137 490 5207 Ααγῶ.

395 5332 703 5391 LXXXVII.
729 5329 912 5385 Ταῦτα
938 5327 1038 5397 τῆς
1055 5324 1310 5395 γυναικὸς
1327 5324 1605 5395 εἰπούσης,
1633 5326 1661 5377 ό
1686 5322 1888 5393 Πέτρος

2001 4466 2153 4530 bant,
2183 4466 2299 4535 jam
2325 4465 2565 4536 vigorem
2595 4464 2799 4528 amisit,
2833 4479 2897 4519 ac
2921 4479 3043 4534 ego,
3074 4473 3127 4520 et
3150 4466 3238 4520 illa
3261 4466 3446 4522 clausa
3469 4468 3569 4524 do-

2002 4558 2097 4621 mi,
2126 4556 2298 4611 ambze
2324 4555 2560 4611 miseriis
2579 4571 2646 4610 ex
2674 4570 2830 4624 αξηυο
2852 4556 3087 4622 utimur;
3122 4572 3284 4623 nunc,
3312 4567 3373 4614 ut
3395 4560 3567 4627 vides,

2000 4647 2089 4703 hic
2113 4648 2274 4705 sedeo
2295 4648 2489 4717 stipem
2519 4656 2727 4718 petens,
2751 4656 2805 4702 et
2829 4663 2952 4718 qua:
2971 4648 3102 4702 mihi
3131 4650 3564 4720 suppeditantur,

1999 4739 2312 4796 communia
2340 4738 2493 4807 facio
2520 4755 2645 4794 cum
2678 4740 2768 4793 illa
2818 4740 3021 4809 pariter
3047 4740 3269 4797 misera.
3311 4741 3391 4798 Ac
3433 4758 3567 4799 mea:

1998 4832 2216 4902 quidem
2240 4847 2328 4889 res
2348 4832 2451 4886 hoc
2470 4832 2630 4886 modo
2654 4847 2713 4886 se
2737 4832 2956 4887 habent.
2987 4831 3263 4904 Superest,
3283 4843 3343 4889 ut
3373 4844 3424 4890 te
3455 4851 3565 4891 non

1998 4925 2248 4982 inhibeas
2275 4926 2329 4980 in
2353 4924 2676 4994 complenda
2700 4939 2765 4979 eo
2789 4925 2933 4995 quod
2960 4927 3280 4995 promisisti,
3308 4928 3562 4984 daturum

2000 5025 2051 5071 te
2081 5017 2473 5086 pharmacum;
2511 5031 2621 5087 quo
2654 5024 2709 5072 et
2743 5031 2868 5072 cum
2910 5018 3309 5087 contubernali,
3334 5030 3561 5076 mortem

2002 5120 2244 5180 Optante,
2298 5110 2445 5180 quod
2486 5110 2700 5167 dederis
2748 5112 3169 5181 communicem,
3216 5122 3270 5169 et
3315 5131 3414 5185 ego
3469 5131 3562 5171 su-

2002 5217 2178 5265 mens,
2213 5202 2317 5257 hac
2346 5200 2453 5256 vita
2483 5201 2647 5257 citius
2683 5202 2899 5260 liberer.

2076 5310 2383 5367 LXXXVII.
2426 5310 2551 5369 Haec
2580 5312 2791 5371 dicente
2827 5312 3085 5383 muliere,
3120 5313 3313 5373 Petrus
3357 5316 3564 5389 cogita-

1594 5462 1827 5522 VARUE
1867 5458 2267 5519 LECTIONES.

404 5628 451 5664 “
490 5627 563 5683 al.
586 5626 996 5697 διαψεύσασθαι.
1076 5628 1119 5659 δ’
1160 5624 1229 5681 al.
1256 5625 1420 5685 inser.
1456 5620 1568 5680 οὖν.
