4022 6336
449 266 544 319 εδι
1333 271 1392 327 S.
1437 270 1827 328 ειιειιιεῖςτιδ
1864 272 1885 327 l
1934 272 2034 330 R01

2142 275 2345 335 PUNT.
2386 275 2618 333 ΟΡΕΠΑ
2656 279 2886 336 DUBIA.
3578 285 3670 340 552

446 380 692 437 tionibus
721 389 869 437 stare
904 398 1205 453 suspensus
1249 381 1557 436 videbatur.
1596 381 1707 452 Ego
1745 398 1878 437 vero
1924 396 2018 438 su-

2136 386 2223 439 Βπδ
2232 385 2504 459 λογισμῶν
2516 388 2761 442 ἵστασθαι
2777 389 3044 462 μετέωρος
3054 390 3241 445 ἐδόκει.
3262 390 3397 460 Ἐγὼ
3406 391 3458 445 δὲ
3469 394 3671 459 ἐπιστὰς

445 474 793 542 perveniens,
827 484 883 530 et
912 476 1236 546 magistrum
1268 491 1396 530 cum
1445 474 1673 529 muliere
1701 476 2021 546 colloquen-

2136 480 2219 533 καὶ
2244 481 2334 534 τὸν
2361 481 2678 536 διδάσκαλον
2702 485 2767 552 τῇ
2800 483 3019 550 γυναικὶ
3055 486 3521 554 κοινολογούμενον
3544 485 3673 541 οὕτω

447 572 558 619 tem
610 567 683 621 ita
732 576 982 622 nactus:
1034 565 1400 633 Iamdudum,
1452 567 1707 637 inquam,
1758 568 2022 626 oberrans

448 659 758 725 quaerebam
789 668 868 727 te;
913 668 967 715 et
995 677 1140 715 nunc
1168 660 1296 730 quid
1334 660 1641 715 faciendum
1685 662 1800 717 est?
1830 661 2022 719 Petrus

448 755 630 800 autem
675 747 983 817 imperavit,
1027 758 1088 804 ut
1136 751 1516 818 praecederem,
1552 767 1616 806 ac
1655 751 1709 805 in
1756 753 1879 807 navi
1924 768 2024 807 ex-

451 846 779 905 spectarem.
809 839 876 895 Et
906 840 1035 911 quia
1067 856 1175 895 non
1213 841 1410 896 licebat
1441 842 1813 898 contradicere
1847 845 1894 899 ei
1930 845 2025 915 qui

451 929 525 982 ita
553 942 902 1001 praeceperat,
932 934 1076 1002 quod
1108 931 1283 988 fuerat
1303 933 1520 1003 jussum
1560 933 1684 990 feci.
1716 936 1786 990 At
1806 935 2022 1007 Petrus,

451 1028 511 1072 ut
561 1020 674 1089 ipse
722 1023 858 1077 mihi
914 1032 1112 1079 cuncta
1159 1034 1347 1094 postea
1389 1028 1676 1097 exposuit,
1715 1028 2028 1099 suspicione

449 1112 645 1183 exigua
676 1114 729 1168 in
759 1124 976 1184 pectore
999 1117 1270 1186 pulsatus,
1302 1118 1671 1188 interrogabat
1718 1122 2023 1187 mulierem,

450 1204 639 1259 dicens
670 1224 683 1261 :
717 1205 881 1262 Refer
912 1208 1066 1274 mihi,
1097 1207 1320 1278 femina,
1346 1227 1518 1281 genus
1541 1223 1595 1265 et
1626 1211 1921 1279 civitatem,
1953 1223 2031 1268 at-

451 1314 560 1366 que
601 1298 765 1354 etiam
814 1299 1109 1356 liberorum
1150 1303 1409 1371 nomina,
1452 1304 1746 1374 statimque
1786 1306 2028 1361 medica-

2124 572 2460 637 καταλαϐών,
2490 574 2584 626 Ἐκ
2613 572 2807 626 πολλοῦ
2835 591 2892 627 σε
2924 592 2989 626 πε
2999 575 3361 646 ριερχόμενος.
3387 574 3533 647 ἔφην,
3560 576 3675 647 ὲζή-

2122 680 2268 718 τουψ
2319 666 2410 717 καὶ
2433 664 2501 718 τὰ
2527 666 2641 730 νῦν,
2673 666 2727 719 τί
2756 668 3043 738 ποιητέον;
3085 668 3141 720 Ὀ
3168 666 3223 719 δὲ
3263 666 3460 739 Πέτρος
3497 668 3677 738 προσέ-

2123 755 2252 819 ταξέ
2296 774 2383 826 μοι
2427 758 2789 828 προαγαγόντι
2840 759 3022 829 μένειν
3063 758 3154 811 ἐπὶ
3198 756 3293 809 τοῦ
3342 756 3538 810 πλοίου.
3577 759 3675 811 Καὶ

2126 847 2313 919 ἐπειδὴ
2350 850 2619 901 ἀντειπεῖν
2653 846 2842 921 ούκιῆν
2884 850 3026 902 οὕτω
3077 849 3409 911 κελεύσαντι,
3444 848 3676 921 τδ-προσ-

2126 938 2323 1007 ταχθὲν
2379 939 2633 992 ἐποίουν.Δ
2670 942 2726 994 '0
2772 940 2829 993 δὲ
2867 940 3086 1011 Πέτρος⁵
3114 940 3285 1010 μικρᾷ
3328 956 3434 991 τινι
3471 940 3675 1008 ὑποψίᾳ,

2128 1028 2203 1091 ὡς
2234 1030 2397 1092 αὐτὸς
2427 1048 2516 1101 μοι
2544 1031 2720 1084 πάντα
2755 1030 2979 1103 ὕστερον
3020 1032 3328 1101 διεγήσατο,
3372 1029 3681 1099 παλλόμενος

2126 1124 2224 1194 τὴν
2254 1123 2495 1194 καρδίαν,
2527 1122 2851 1176 ἐπυνθάνετο
2873 1122 2975 1192 τῆς
3010 1123 3267 1191 γυναικὸς
3315 1121 3506 1190 λέγων·
3560 1121 3682 1174 Εἰπέ

2133 1232 2248 1286 μοι,
2275 1214 2455 1282 γύναι,
2486 1214 2546 1267 τὸ
2581 1215 2736 1283 γένος
2770 1216 2862 1268 καὶ
2886 1215 2984 1286 τὴν
3029 1214 3200 1279 πόλιν,
3231 1216 3323 1267 κα)⁸
3363 1213 3467 1266 τῶν
3499 1213 3686 1265 τέκνων

2128 1305 2192 1377 δὴ
2231 1304 2299 1358 τὰ
2340 1306 2598 1376 ὀνόματα,
2630 1308 2723 1360 καὶ
2752 1307 3093 1378 παραχρῆμα
3129 1305 3321 1376 δίδωμί
3367 1322 3444 1358 σοι
3487 1321 3536 1357 σο
3564 1306 3688 1377 φάρ-

452 1400 695 1446 mentum
730 1393 827 1449 tibi
861 1395 1091 1451 tradam.
1120 1394 1217 1452 Illa
1266 1413 1419 1464 vero,
1463 1415 1586 1469 qua:
1617 1407 1921 1468 cogeretur,
1965 1414 2031 1455 ac

2136 1414 2326 1469 μακον.
2371 1398 2435 1451 Ἠ
2465 1399 2521 1452 δὲ
2559 1398 2851 1470 βιαζομένη
2885 1400 3002 1470 μὲν,
3030 1400 3123 1453 καὶ
3148 1401 3322 1451 εἰπεῖν
3362 1410 3459 1451 ρει
3496 1397 3690 1451 ἐθέλου-

454 1482 623 1537 nollet
650 1483 870 1553 quidem
892 1485 1096 1554 dicere,
1122 1495 1177 1542 et
1197 1496 1379 1543 tamen
1409 1491 1764 1559 pharmacum
1788 1492 2032 1560 accipere

2136 1507 2221 1553 σα,
2251 1490 2311 1542 τὸ
2338 1490 2625 1561 φάρμακον
2649 1491 2705 1544 δὲ
2733 1492 2881 1561 ὅμως
2911 1491 3169 1562 ὲιριεμὲνη
3193 1490 3399 1553 λαϐεῖν,
3427 1490 3691 1558 ἐσοφίσατο

453 1583 696 1642 cuperet,
723 1576 778 1631 id
820 1590 1127 1635 commenta
1152 1591 1258 1647 est,
1290 1590 1352 1635 ut
1377 1596 1478 1650 pro
1507 1583 1629 1636 aliis
1667 1583 1867 1638 diceret
1901 1584 2029 1651 alia,

2136 1584 2251 1637 ἀντὶ
2286 1582 2459 1636 ἄλλων
2488 1584 2662 1635 εἰπεῖν
2686 1582 2866 1656 ἕτερα,
2896 1586 2988 1637 καὶ
3025 1585 3176 1655 ὁμῶς
3202 1583 3374 1654 αὐτὴν
3419 1583 3513 1653 μὲν
3551 1582 3693 1650 Ἐφε-

455 1660 728 1731 simulque
755 1678 815 1719 se
843 1664 1133 1734 Ephesiam
1165 1683 1287 1723 esse
1310 1672 1700 1738 pronuntiavit,
1733 1673 1911 1727 virum
1946 1673 2033 1728 Si-

2136 1674 2254 1725 σίαν
2281 1670 2415 1726 εἶναι
2444 1674 2632 1744 ἔφησε,
2669 1674 2760 1727 τὸν
2802 1674 2967 1746 ἄνδρα
2996 1675 3053 1727 δὲ
3093 1674 3310 1727 Σικελὸν
3331 1714 3345 1737 ,
3376 1667 3607 1737 ὁσαύτως
3640 1673 3691 1726 δὲ

454 1749 672 1817 culum;
706 1751 956 1808 similiter
997 1771 1217 1826 quoque
1264 1758 1426 1813 trium
1475 1774 1768 1828 puerorum
1808 1763 2028 1817 nomina

2136 1765 2361 1818 καὶτῶν
2405 1764 2572 1835 τριῶν
2616 1765 2817 1819 παίδων
2858 1766 3056 1835 ήμειψε
3103 1766 3171 1830 τὰ
3218 1765 3479 1837 ὀνόματα.
3530 1766 3632 1819 Kal
3668 1767 3693 1818 6

455 1842 832 1897 commutavit.
879 1842 1018 1898 Tum
1069 1844 1285 1909 Petrus,
1333 1849 1630 1905 arbitratus
1677 1868 1797 1905 eam
1841 1869 2028 1908 verum

454 1930 637 1985 dicere
665 1949 679 1987 :
710 1931 848 2001 Heu,
882 1936 1098 2003 mulier,
1130 1936 1330 2007 inquit,
1363 1940 1747 1997 existimabam
1791 1960 1879 1999 me
1916 1961 2033 1999 ma-

456 2038 618 2092 gnam
648 2023 888 2081 laetitiam
909 2028 1175 2084 hodierno
1194 2031 1282 2085 die
1301 2032 1619 2101 allaturum,
1644 2036 1956 2106 suspicatus
1982 2049 2033 2094 te

456 2115 750 2183 quamdam
768 2132 909 2186 esse,
928 2119 1087 2190 cujus
1099 2135 1188 2177 res
1210 2123 1415 2190 audivi,
1436 2133 1488 2177 et
1503 2125 1668 2193 probe
1691 2128 1836 2182 novi.
1854 2130 1921 2183 At
1943 2130 2033 2185 illa

458 2207 729 2275 :uljuravit
745 2224 891 2278 eum,
911 2211 1131 2268 dicens:
1153 2212 1261 2269 Oro
1282 2224 1351 2282 te,
1368 2217 1509 2271 refer
1533 2218 1688 2287 mihi,
1710 2235 1819 2288 quo
1838 2222 2031 2291 sciam,

460 2307 642 2352 utrum
671 2300 811 2355 inter
831 2304 1088 2369 mulieres
1109 2305 1179 2360 sit
1208 2306 1314 2360 alia
1343 2309 1611 2378 quaepiam
1633 2326 1718 2365 me
1741 2311 2028 2369 infelicior.

532 2389 866 2446 LXXXVIII.
910 2393 977 2449 Et
1002 2394 1216 2463 Petrus,
1249 2399 1466 2452 mentiri
1506 2394 1774 2467 nesciens,
1811 2412 1865 2456 et
1899 2404 2034 2459 alio-

460 2482 553 2548 qui
586 2484 960 2540 misericordia
993 2503 1118 2557 erga
1153 2489 1299 2543 illam
1334 2491 1623 2559 adductus,
1655 2494 1800 2563 quod
1842 2512 2031 2552 verum

460 2580 580 2625 erat
609 2574 772 2644 ccepit
802 2574 983 2631 dicere
1009 2576 1132 2632 :Est
1170 2580 1301 2632 mihi
1346 2582 1567 2651 quidam
1587 2584 1828 2653 juvenis,
1855 2602 1888 2641 ο
1914 2604 2037 2642 mu-

460 2664 582 2730 lier,
609 2681 921 2723 sermonum
949 2669 1017 2724 ad
1042 2672 1246 2725 cultum
1275 2671 1365 2726 Dei
1392 2674 1753 2743 spectantium
1778 2678 2031 2747 cupidus,

461 2766 518 2812 et
540 2757 674 2811 civis
717 2758 1020 2828 Romanus,
1051 2762 1164 2831 fqui
1211 2763 1345 2817 mihi
1405 2764 1646 2819 narravit
1692 2780 1803 2835 quo
1846 2768 2031 2834 modo,

464 2862 586 2900 cum
620 2848 842 2903 haberet
884 2862 1115 2921 patrem,
1149 2867 1214 2908 ac
1239 2852 1378 2908 duos
1420 2853 1616 2909 fratres
1646 2855 1910 2924 geminos,
1939 2873 2036 2912 ne-

465 2940 664 2997 minem
689 2958 877 2998 eorum
906 2945 1131 3001 videret.
1169 2943 1304 2999 Nam
1335 2958 1527 3013 mater,
1556 2948 2032 3020 quemadmodum,

465 3029 663 3099 inquit,
696 3033 827 3088 mihi
867 3036 1331 3090 commemorabat
1372 3047 1545 3107 pater,
1576 3039 1694 3092 viso
1737 3039 2031 3108 insomnio,

2133 1856 2335 1927 Πέτρος
2363 1856 2564 1928 οἰηθεὶς
2589 1855 2753 1928 αὐτὴν
2786 1855 3087 1927 ἀληθεύειν,
3106 1858 3286 1927 Οίμοι,
3317 1857 3495 1926 γύναι,
3523 1858 3691 1926 φησὶν,

2132 1944 2377 2017 ἐνόμιζον
2407 1947 2647 2018 μεγάλην
2668 1946 2789 2000 τινὰ
2804 1947 2977 2020 χαρὰν
2992 1950 3056 2019 τῇ
3078 1950 3315 2019 σήμερον
3339 1950 3491 2018 ἄγειν
3507 1950 3692 2020 ἡμέρᾳ,

2133 2038 2418 2093 ὑπολαϐών
2459 2040 2518 2093 σέ
2557 2057 2680 2093 τινα
2726 2035 2884 2102 εἶναι,
2912 2033 2980 2109 ἧς
3018 2038 3086 2091 τὰ
3129 2040 3434 2111 πράγματα
3477 2040 3697 2103 ἀκούσας

2134 2132 2377 2204 ἀκριϐῶς
2404 2134 2721 2202 ἐπίσταμαι.
2752 2132 2816 2185 Ἦ
2844 2133 2898 2185 δὲ
2922 2129 3181 2201 ἐξώρκισε
3214 2131 3470 2201 λέγουσα·
3514 2131 3696 2201 Δέομαί

2136 2246 2250 2291 σου,
2284 2227 2406 2281 είπέ
2437 2244 2546 2297 μοι,
2592 2227 2678 2280 ἵνα
2716 2227 2840 2280 εἰδῶ
2867 2231 2915 2282 εί
2956 2228 3071 2282 ἔστι
3110 2246 3194 2292 τις
3222 2230 3279 2283 ὲν
3309 2226 3553 2297 γυναιξὶν
3575 2224 3697 2295 ἄλλη

2133 2319 2438 2389 ἀθλιωτέρα
2469 2316 2624 2389 ἐμοῦ.

2207 2411 2537 2469 LXXXVIII.
2569 2413 2678 2465 Kal
2705 2414 2733 2465 6
2760 2412 2961 2483 Πέτρος
2976 2410 3264 2481 ψεύδεσθαι
3292 2411 3398 2464 οὑκ
3423 2409 3587 2472 εἰδὼς,
3613 2408 3699 2460 καὶ

2135 2503 2310 2567 ἄλλως
2324 2502 2427 2556 ὑπὸ
2446 2502 2629 2565 ἐλέους
2643 2502 2736 2555 τοῦ
2754 2502 2890 2574 πρὸς
2908 2503 3077 2573 αὐτὴν
3099 2502 3415 2573 ἑλκόμενος,
3438 2502 3498 2555 τὸ
3518 2498 3699 2570 ἀληθὲς

2134 2594 2312 2663 λέγειν
2342 2592 2567 2664 ἤρξατο·
2583 2590 2734 2663 Ἐμοί
2752 2608 2836 2653 τις
2863 2590 2980 2642 ἐστὶ
3003 2590 3237 2653 νεανίας,
3260 2583 3304 2642 ὦ
3328 2589 3509 2659 γύναι,
3533 2585 3635 2639 τῶν
3656 2582 3698 2615 ⁵⁸

2134 2688 2234 2758 τῆς
2254 2685 2560 2748 θεοσεϐείας
2580 2684 2901 2756 ὀρεγόμενος
2925 2683 3097 2752 λόγων
3120 2682 3186 2747 δί,
3225 2681 3514 2754 Ῥωμαίων
3540 2677 3702 2748 ὑπάρα-

2136 2797 2245 2851 χων
2258 2778 2498 2847 πολίτης,
2516 2778 2662 2840 ὅστις
2677 2775 3062 2847 μοιδιηγεῖται,
3082 2775 3196 2839 πῶς
3208 2774 3254 2806 "
3265 2774 3479 2845 πατέρα
3498 2789 3553 2824 τε
3574 2770 3701 2840 ἔχων

2138 2873 2230 2926 καὶ
2249 2870 2507 2939 ἀδελφοὺς
2532 2869 2623 2921 δύο
2653 2868 2925 2939 διδύμους,
2948 2867 3138 2922 οὐδένα
3168 2866 3381 2921 τούτων
3425 2866 3543 2938 ὁρᾷ.
3576 2863 3701 2914 Ἥτε

2136 2966 2244 3037 γὰρ
2277 2965 2477 3036 μήτηρ,
2512 2962 2588 3025 ὡς
2618 2962 2646 3013 6
2678 2962 2880 3032 πατὴρ,
2907 2961 3060 3032 φησὶ,
3090 2960 3332 3029 διηγεῖτό
3368 2976 3477 3031 μοι,
3513 2957 3701 3024 ὄνειρον

2142 3056 2343 3119 ἰδοῦσα,
2382 3056 2483 3125 τῆς
2523 3053 2807 3123 Ῥωμαίων
2842 3051 3047 3115 πόλεως
3074 3052 3167 3104 ἐπὶ
3202 3050 3398 3122 χρόνον
3428 3046 3548 3102 τινὰ
3571 3043 3703 3115 ἐξῄει

464 3138 531 3176 ex
565 3124 697 3178 urbe
728 3124 899 3180 Roma
927 3128 993 3181 ad
1025 3128 1298 3196 quoddam
1325 3136 1539 3197 tempus
1572 3146 1679 3184 una
1709 3145 1831 3185 cum
1866 3134 2034 3203 gemi-

2143 3145 2280 3220 μετὰ
2300 3146 2407 3199 τῶν
2435 3124 2669 3215 διδύμων
2696 3143 2867 3212 αὐτῆς
2892 3142 3116 3206 τέκνων,
3142 3141 3227 3193 ἵνα
3258 3139 3335 3211 μὴ
3368 3136 3520 3207 κακῷ
3533 3134 3705 3188 τελευ-

466 3215 552 3270 nis
596 3217 711 3271 suis
738 3218 881 3272 natis
926 3219 1116 3282 exivit,
1151 3235 1219 3275 ne
1252 3220 1451 3274 misera
1497 3230 1672 3277 morte
1721 3223 2033 3296 decederet;

466 3316 631 3376 atque
658 3323 782 3362 cum
817 3310 923 3364 illis
963 3326 1204 3382 egressa,
1248 3328 1394 3367 nunc
1438 3328 1545 3367 non
1578 3314 1890 3371 invenitur:
1916 3318 2037 3387 ejus

468 3407 651 3451 autem
689 3400 792 3465 vir,
826 3410 979 3470 pater
1010 3418 1141 3458 vero
1173 3419 1349 3470 meus,
1381 3404 1427 3459 is
1456 3419 1674 3476 quoque
1701 3409 1767 3462 ad
1795 3426 2038 3480 quaren-

468 3491 591 3545 dam
624 3509 743 3548 eam
768 3494 1069 3565 digressus,
1105 3513 1204 3552 nec
1237 3498 1352 3569 ipse
1379 3500 1609 3555 inveniri
1641 3512 1840 3571 potest.

541 3582 826 3640 LXXXIX.
867 3585 945 3642 Ita
975 3603 1099 3643 cum
1147 3588 1341 3645 Petrus
1392 3589 1644 3657 dixisset,
1675 3596 1891 3660 mulier,
1920 3613 2040 3666 quae

469 3676 535 3730 ad
568 3692 628 3730 ea
657 3677 900 3733 animum
937 3682 1291 3751 applicuerat,
1324 3692 1547 3754 stupore
1578 3689 1888 3744 exanimata
1932 3700 2038 3745 est.

468 3764 662 3821 Petrus
700 3776 903 3836 autem,
964 3779 1022 3823 ut
1064 3773 1526 3843 expergisceretur
1561 3776 1732 3846 ipsam
1770 3780 2039 3847 hortatus,

468 3862 731 3930 quidnam
797 3872 941 3918 esset
1003 3865 1150 3934 quod
1202 3876 1478 3936 pateretur
1545 3870 1920 3942 interrogavit.
1968 3874 2039 3929 At

470 3955 581 4021 illa,
612 3955 767 4024 quasi
798 3971 865 4010 ex
896 3956 1158 4012 ebrietate
1193 3974 1252 4015 se
1283 3961 1604 4032 recolligens
1625 4006 1638 4030 ,
1670 3979 1796 4019 cum
1847 3981 1909 4021 os
1938 3966 2041 4022 fri-

468 4044 673 4099 cuisset
699 4064 712 4099 :
740 4042 803 4099 Et
830 4046 923 4100 ubi
947 4056 1051 4112 est,
1080 4048 1277 4116 inquit,
1304 4048 1396 4103 ubi
1429 4061 1766 4106 memoratus
1791 4052 2042 4125 juvenis?

470 4135 777 4209 lntelligens
817 4147 998 4194 autem
1041 4155 1155 4193 rem
1190 4139 1385 4195 Petrus
1416 4158 1429 4194 :
1464 4141 1543 4195 Ttt
1575 4142 1708 4196 mihi
1739 4143 1826 4198 die
1866 4145 2039 4214 prius,

470 4229 875 4298 inquitzaliter
920 4231 1064 4285 enim
1115 4246 1241 4286 eum
1290 4232 1473 4287 videre
1522 4248 1633 4287 non
1680 4235 1902 4304 poteris.
1948 4236 2043 4290 Illa

468 4337 601 4377 vero
659 4321 945 4391 festinans,
978 4323 1093 4378 ait:
1124 4322 1236 4394 Ego
1285 4339 1405 4379 sum
1451 4325 1811 4380 adolescentis
1845 4336 2040 4392 mater,

470 4422 525 4466 et
571 4428 770 4468 nomen
820 4416 897 4469 illi
954 4424 1037 4470 est
1066 4415 1338 4470 Clemens.
1368 4414 1487 4482 Quo
1514 4415 1706 4473 Petrus
1734 4418 1922 4474 audito
1950 4438 1963 4474 :
1990 4420 2041 4476 Is

472 4505 590 4576 ipse
613 4515 719 4569 est,
739 4505 935 4575 inquit,
966 4507 1013 4562 is
1041 4508 1155 4577 ipse
1178 4517 1288 4574 est;
1315 4516 1477 4578 atque
1516 4508 1562 4565 is
1592 4519 1729 4579 erat,
1757 4513 1851 4581 qui
1878 4514 2040 4582 paulo

475 4607 603 4653 ante
632 4599 884 4665 accessit,
924 4609 979 4655 et
1006 4616 1218 4655 mecum
1263 4602 1478 4659 locutus
1524 4613 1623 4667 est,
1657 4619 1931 4674 quemque
1986 4604 2044 4659 iu

476 4692 603 4747 navi
633 4699 947 4759 exspectare
965 4692 1125 4762 jussi.
1162 4691 1300 4746 Tum
1334 4694 1423 4748 illa
1448 4694 1515 4749 ad
1537 4694 1678 4748 Petri
1710 4710 1885 4764 genua
1917 4711 2045 4765 pro-

477 4783 685 4846 cidens,
716 4781 940 4849 rogabat
963 4790 1023 4835 ut
1043 4783 1110 4837 ad
1137 4798 1326 4837 navem
1352 4793 1689 4854 prOperaret.
1718 4782 1786 4837 Et
1813 4784 2042 4841 Petrus:

478 4875 534 4930 Si
571 4874 738 4942 mibi,
768 4874 975 4943 inquit,
1015 4889 1201 4929 servas
1232 4882 1418 4943 pacta,
1459 4875 1565 4929 boc
1603 4890 1820 4945 quoque
1862 4891 2043 4945 agam.

480 4970 573 5022 Illa
602 4979 785 5024 autem
816 4966 1132 5036 respondit:
1164 4965 1357 5021 Omnia
1402 4967 1633 5035 faciam;
1665 4976 1876 5023 tantum
1906 4969 2042 5024 mihi

476 5062 649 5116 tilium
684 5060 1020 5131 unigenitum
1056 5058 1318 5113 ostende:
1350 5074 1447 5128 per
1472 5075 1597 5114 eum
1636 5060 1836 5130 quippe
1860 5061 2044 5117 videre

474 5151 613 5207 mibi
640 5151 865 5205 videbor
891 5160 945 5205 et
972 5148 1112 5205 duos
1136 5162 1288 5201 meos
1316 5148 1409 5217 qui
1436 5149 1525 5203 hic
1548 5149 1748 5205 mortui
1780 5158 1910 5203 sunt
1939 5164 2041 5202 na-

476 5255 582 5302 tos.
601 5243 882 5301 AcPetrus
911 5263 924 5299 :
956 5241 1062 5298 Sed
1088 5257 1212 5296 cum
1239 5241 1450 5295 videbis
1473 5257 1621 5308 eum,
1648 5244 1832 5314 quieta
1858 5257 2040 5308 mane,

477 5337 653 5394 donec
686 5353 755 5393 ex
784 5336 963 5395 insula
990 5334 1194 5407 egressi
1225 5333 1509 5390 fuerimus.

2138 3241 2280 3311 τήσῃ
2315 3237 2549 3307 θανάτῳ,
2575 3235 2668 3288 καὶ
2698 3234 2795 3288 σὺν
2819 3232 3003 3295 αὐτοῖς
3032 3230 3238 3285 ἐκϐᾶσα
3262 3228 3366 3284 νῦν
3420 3228 3518 3298 οὐχ
3564 3222 3702 3294 εὑρί-

2142 3348 2350 3386 σκεται·
2396 3331 2423 3383 6
2447 3328 2503 3381 δὲ
2534 3326 2736 3397 ταύτης
2764 3325 2862 3396 μὲν
2891 3324 3049 3395 ἀνὴρ,
3095 3321 3259 3376 αὐτοῦ
3295 3320 3359 3373 δὲ
3398 3319 3593 3389 πατὴρ,
3620 3314 3707 3368 καὶ

2140 3424 2301 3485 αὐτὸς
2329 3423 2407 3485 εἰς
2439 3420 2756 3491 ἐπιζήτησιν
2799 3415 2970 3486 αὐτῆς
3013 3413 3198 3477 ἐκϐὰς,
3226 3412 3351 3466 οὐδὲ
3380 3407 3530 3473 οὗτος
3556 3410 3599 3440 ⁸³
3621 3407 3704 3459 εὑ-

2142 3515 2409 3586 ρίσκεται.

2212 3602 2499 3657 LXXXIX.
2531 3597 2716 3654 Ταῦτα
2742 3598 2835 3652 τοῦ
2863 3596 3068 3668 Πέτρου
3093 3594 3360 3658 εἰπόντος,
3388 3592 3709 3661 ὲπιστήσασα

2088 3724 2091 3727 -
2138 3695 2230 3748 τὸν
2251 3694 2375 3748 νοῦν
2391 3695 2571 3756 αὐτοῖς
2586 3692 2654 3756 ⁸³,
2679 3689 2785 3744 ὑπὸ
2810 3687 3120 3760 ἐκπλήξεως
3138 3686 3416 3756 ἁπέψυξεν
3439 3686 3472 3755 ἡ
3492 3681 3641 3752 γυνή.
3659 3679 3711 3731 Ὁ

2140 3788 2195 3840 δὲ
2221 3788 2425 3858 Πέτρος
2451 3787 2639 3856 νήφειν
2681 3783 2848 3853 αὐτὴν
2891 3779 3464 3851 παρακελευσάμενος,
3493 3774 3556 3827 Τί
3591 3768 3709 3824 ποτέ

2141 3882 2285 3933 ἐστιν
2306 3880 2334 3932 ὃ
2362 3878 2608 3948 πάσχεις,
2630 3874 3030 3929 διεπυνθάνετο.
3061 3872 3127 3925 Ἦ
3149 3871 3226 3934 δὲ,
3249 3871 3443 3942 ὥσπερ
3547 3864 3713 3963 μέθης

2142 3970 2524 4039 ἁνενεγκοῦσα,
2572 3969 2665 4023 καὶ
2706 3967 2767 4019 τὸ
2818 3966 3107 4037 πρόσωπον
3155 3963 3420 4035 τρίψασα·
3461 3961 3568 4013 Kal
3617 3961 3710 4007 που

2142 4062 2309 4125 ἐστιν,
2344 4060 2469 4130 ἔφη,
2499 4058 2600 4112 ποῦ
2624 4058 2670 4089 ⁸⁵
2696 4058 2725 4109 6
2748 4054 3138 4127 θρυλλούμενος
3176 4052 3435 4118 νεανίας;
3462 4047 3641 4108 Συνεὶς
3662 4042 3712 4095 δὲ

2141 4156 2170 4207 6
2199 4153 2405 4224 Πέτρος
2436 4150 2497 4203 τὸ
2524 4150 2725 4221 δρᾶμα,
2766 4147 2901 4200 Είπέ
2939 4164 3027 4217 μοι
3057 4148 3123 4200 σὺ
3164 4145 3403 4216 πρῶτον,
3465 4143 3595 4210 ἔφη·
3628 4136 3714 4190 ἄλ-

2141 4248 2249 4310 λως
2274 4244 2381 4317 γὰρ
2413 4243 2539 4296 ἰδεῖν
2584 4239 2772 4293 τοῦτον
2804 4239 2865 4291 ού
2890 4238 3133 4291 δύνασαι.
3175 4238 3239 4289 ’Π
3283 4237 3342 4289 δὲ
3385 4232 3711 4288 σπεύδουσα,

2156 4336 2314 4406 Ἐγὼ,
2343 4335 2525 4407 φησιν,
2561 4336 2594 4404 ἡ
2625 4332 2718 4385 τοῦ
2744 4331 3025 4385 νεανίσκου
3060 4332 3241 4401 μήτηρ
3266 4331 3405 4399 εἰμὶ,
3451 4327 3545 4381 καὶ
3576 4326 3715 4394 κλή..

2148 4446 2252 4501 μης
2269 4426 2414 4497 αὐτῷ
2435 4425 2618 4495 ὄνομα.
2640 4424 2749 4477 Καὶ
2768 4426 2796 4476 ὁ
2814 4422 3016 4492 Πέτρος
3035 4420 3290 4484 ἀκούσας,
3309 4420 3483 4482 Αὐτός
3498 4420 3640 4471 ἐστιν
3653 4414 3715 4478 ⁵⁸,

2143 4518 2314 4585 εἶπεν,
2345 4518 2503 4581 αὑτός
2534 4519 2676 4569 ἐστι·
2711 4514 2806 4569 καὶ
2830 4508 2983 4576 οὗτος
3007 4508 3075 4583 ἦν
3100 4515 3128 4566 6
3157 4513 3263 4584 πρὸ
3309 4510 3509 4583 μικροῦ
3561 4522 3718 4578 προσ-

2143 4592 2313 4666 ελθὼν
2337 4610 2431 4664 καὶ
2456 4609 2697 4681 λαλήσας
2729 4625 2838 4679 μοι,
2863 4607 2921 4659 ὃν
2945 4606 3040 4659 καὶ
3063 4604 3351 4675 ἀναμένειν
3370 4606 3429 4656 ὲν
3455 4601 3534 4674 τῷ
3557 4596 3719 4667 πλοίῳ

2144 4700 2468 4774 προσέταξα.
2513 4701 2578 4753 Ἡ
2633 4699 2691 4752 δὲ
2736 4696 3123 4772 προσπεσοῦσα
3168 4696 3247 4768 τῷ
3293 4696 3519 4767 Πέτρῳ,
3573 4690 3718 4761 ἠξίου

2147 4795 2394 4849 σπεύδειν
2422 4792 2516 4846 ἐπὶ
2539 4792 2600 4846 τὸ
2623 4790 2825 4847 πλοῖον.
2854 4791 2963 4845 Καὶ
2988 4792 3017 4843 6
3042 4789 3248 4861 Πέτρος
3267 4828 3281 4851 ,
3306 4789 3373 4841 Εἴ
3403 4804 3496 4859 μοι
3516 4785 3716 4856 τηρείς,

2146 4887 2272 4957 ἔφη,
2302 4885 2401 4948 τὰς
2431 4882 2722 4955 συνθήκας,
2754 4882 2849 4935 καὶ
2884 4878 3044 4934 τοῦτο
3070 4883 3298 4951 ποιήσω.
3332 4878 3397 4930 Ἡ
3432 4877 3513 4941 δὲ,
3540 4874 3719 4928 Πάντα

2150 4977 2310 5043 ποιῶ,
2326 4978 2477 5049 φησὶ,
2496 4976 2652 5047 μόνον
2673 4991 2761 5047 μοι
2776 4975 2837 5027 τὸ
2855 4974 3044 5027 τέκνον
3054 4972 3115 5026 τὸ
3136 4971 3418 5044 μονογενὲς
3435 4968 3715 5041 γνώρισον,

2151 5067 2290 5135 δόξω
2310 5068 2419 5140 γὰρ
2448 5068 2516 5122 δι’
2550 5064 2716 5120 αὐτοῦ
2742 5064 2922 5120 καὶτὰ
2948 5064 3041 5119 δύο
3070 5081 3172 5135 μου
3199 5062 3267 5116 τὰ
3293 5061 3529 5115 ἐνταῦθα
3544 5057 3719 5126 τεθνη-

2150 5161 2284 5214 κότα
2324 5160 2490 5213 τέκνα
2534 5160 2685 5232 ὁρᾷν.
2735 5157 2847 5210 Καὶ
2887 5158 2916 5210 6
2953 5155 3188 5226 Πέτροςο
3231 5154 3367 5208 Ἀλλ’
3404 5154 3533 5207 ὅταν
3563 5146 3716 5205 αὐτὸν

2151 5250 2620 5326 ἴδῃςμὴσύχασον,
2652 5249 2845 5323 μέχρις
2868 5247 2934 5304 ἂν
2962 5246 3062 5318 τῆς
3087 5247 3250 5319 νήσου
3273 5245 3546 5318 ὲκϐὦμεν.

1749 5481 1984 5538 VARUE
2023 5481 2419 5538 LECTIONES.

555 5645 604 5679 ⁸⁸
641 5646 711 5700 al.
742 5646 855 5703 τόν.
929 5645 972 5678 ³³
1000 5644 1072 5700 al.
1113 5641 1291 5713 λόγον.
1363 5642 1407 5677 ³²
1426 5642 1497 5699 al.
1527 5643 1623 5709 ὡς.
1697 5642 1948 5717 ⁸ξοῦτως.
2023 5643 2153 5699 “al.
2198 5642 2395 5713 ἑαυτῆς
2424 5648 2478 5696 et
2509 5638 2700 5711 αὐτῆς.
2777 5638 2908 5695 "al.
2949 5637 3054 5695 ποῦ
3087 5640 3255 5697 ἐστίν.
3330 5640 3542 5697 l“deest
3562 5639 3614 5694 in
3641 5635 3706 5693 ai.
