4022 6336
300 206 407 265 553

1128 206 1591 264 CLEMENTINA.
1634 239 1703 249 —
1737 206 2043 265 EPITOME
2077 206 2167 263 DE
2203 208 2453 266 GESTIS
2492 211 2552 265 S.
2596 207 2821 266 PETRI.

3458 213 3563 271 534

372 317 484 373 XC.
528 318 841 391 Λαϐόμενος
880 316 975 375 οὗν
1015 321 1117 393 τῆς
1161 322 1344 394 χειρὸς
1384 321 1555 393 αὐτῆς
1598 323 1627 375 ό
1673 320 1885 391 Πέτρος

2072 320 2187 377 XC.
2229 318 2444 375 Tenens
2468 334 2598 390 ergo
2645 318 2792 375 illius
2831 333 3054 375 manum
3102 318 3316 386 Petrus,
3348 336 3466 374 eam
3492 320 3558 373 ad

300 402 435 481 ἦγεν
465 411 557 462 ἐπὶ
585 412 645 463 τὸ
676 412 874 469 πλοῖον.
921 413 1061 483 Ἐγὼ
1084 413 1141 466 δὲ
1162 412 1284 467 ίδὼν
1317 415 1758 486 χειραγωγοῦντα
1784 429 1885 482 γυ-

300 503 485 563 ναῖκα,
524 502 772 569 ἐγέλασα.
822 505 933 558 Καὶ
983 504 1315 576 προσελθὼν,
1361 507 1440 568 είς
1485 504 1653 576 τιμὴν
1696 502 1883 567 αὐτοῦ,

298 592 418 645 ἀντ’
451 592 615 646 αὑτοῦ
655 599 1015 667 χειραγωγεῖν
1042 596 1212 668 αὐτὴν
1252 594 1585 667 ὲπειρώμην.
1636 596 1743 649 Καὶ
1770 595 1889 667 ἅμα

295 684 380 754 τῷ
406 683 646 753 ἅψασθαί
682 704 749 757 με
782 687 884 757 τῆς
912 688 1095 760 χειρὸς
1119 686 1314 759 αὐτῆς,
1345 686 1642 751 ὁλολύξασα
1671 686 1746 749 ὼς
1786 687 1888 758 μή·

294 791 408 846 τηρ
440 776 601 847 μέγα,
639 780 731 831 καὶ
766 780 1200 850 περιπλακεῖσα,
1246 778 1449 849 σφόδρα
1496 778 1774 848 κατεφίλει
1820 795 1886 849 με

293 870 393 922 τὸν
420 869 591 939 αὐτῆς
619 871 753 924 υἱόν.
797 870 935 939 Ἐγὼ
959 871 1016 925 δὲ
1044 872 1106 925 τὸ
1131 874 1361 943 πρᾶγμα
1392 872 1530 941 ὅπερ
1559 866 1627 941 ἦν
1656 868 1886 938 ἀγνοῶν,

295 962 379 1025 ὡς
429 964 756 1035 μαινομένην
800 965 1155 1036 ἀπεσειόμην.
1205 964 1529 1036 Αίδούμενος
1562 963 1620 1019 δὲ
1665 964 1758 1016 καὶ
1795 962 1888 1015 τὸν

296 1053 530 1124 Πέτρον,
565 1056 791 1125 πικρίάς
819 1055 1190 1128 ὲπληρούμην.

370 1164 507 1220 XCI.
563 1165 620 1221 Ὀ
650 1167 706 1219 δὲ
739 1167 973 1240 Πέτρος,
1012 1168 1137 1232 Ἔα,
1165 1166 1407 1239 φησὶν,ὧ
1432 1168 1652 1240 Κλήμη.
1684 1168 1751 1221 Τί
1780 1168 1888 1237 γὰρ

295 1257 395 1308 καὶ
422 1259 614 1321 ποιεῖς,
632 1257 774 1311 οὓτω
803 1260 903 1331 τήν
929 1275 988 1312 σε
1010 1258 1272 1313 τεκοῦσαν
1299 1258 1720 1331 ἀποσειόμενος;
1749 1257 1889 1327 Ἐγὼ

292 1346 355 1400 δὲ
385 1346 544 1401 τοῦτο
566 1349 823 1416 ἀκούσας,
852 1350 1183 1423 περίδακρυς
1234 1351 1543 1423 γενόμενος,
1590 1352 1683 1406 καὶ
1719 1368 1887 1405 κατα-

296 1438 544 1510 πεσούσῃ
585 1442 650 1512 τῇ
701 1443 937 1515 τεκούσῃ
985 1441 1331 1515 προσπεσὼν,
1386 1444 1727 1514 κατεφίλουν.
1778 1444 1890 1497 Καὶ

292 1529 406 1601 γὰρ
429 1530 547 1601 ἃμα
580 1530 659 1602 τῷ
692 1532 921 1604 ῥηθῆναί
952 1551 1041 1604 μοι
1072 1532 1250 1598 τοῦτο,
1282 1534 1541 1606 ἀμυδρῶς
1575 1553 1696 1599 πως
1728 1535 1790 1588 τὸ
1814 1532 1890 1589 εἶ-

292 1620 383 1683 δος
424 1622 823 1697 ἀνεκαλούμην.
869 1626 1062 1680 Πολλοὶ
1108 1627 1206 1698 μὲν
1235 1623 1329 1681 οὖν
1376 1626 1521 1697 ὄχλοι
1570 1630 1888 1701 συνέτρεχον

297 1713 587 1785 ἱστορῆσαι
614 1716 675 1769 τὸ
719 1716 922 1789 θαῦμα,
954 1719 1049 1772 καὶ
1087 1721 1251 1773 πᾶσιν
1294 1720 1477 1783 αὐτοῖς
1504 1720 1593 1774 διὰ
1622 1722 1889 1793 στόματος

292 1799 365 1872 ἦν
389 1844 404 1867 ,
441 1806 592 1870 ὅπως
619 1808 760 1881 ἀνὴρ
789 1808 962 1873 οὕτως
993 1809 1288 1879 ἀξιόλογος,
1330 1812 1431 1885 τὴν
1468 1816 1749 1884 προσαῖτιν
1788 1831 1889 1883 γυ⁶

293 1899 483 1960 ναῖκα,
519 1898 732 1972 μητέρα
760 1902 951 1957 ἑαυτοῦ
994 1902 1373 1976 ἁνεγνώρισεν.
1416 1904 1768 1977 Βουλομένοις
1794 1902 1888 1961 οὖν

292 1989 428 2059 ἡμῖν
479 1980 577 2045 σὺν
614 1996 679 2064 τῇ
729 1996 895 2067 μητρὶ
926 1995 1026 2065 τῆς
1068 1996 1233 2065 νήσου
1269 1993 1562 2061 ὲκϐαίνειν,
1592 1998 1626 2067 ή
1664 1996 1885 2068 μήτηρ,

286 2082 363 2141 Ὠ
391 2088 585 2142 τέκνον
620 2104 721 2159 μου
749 2086 1018 2157 ποθεινὸν,
1050 2083 1223 2155 εἶπεν,
1265 2086 1486 2156 εὔλογόν
1522 2088 1643 2141 ἐστι
1689 2088 1885 2142 συντά-

294 2181 493 2248 ξασθαι
522 2179 616 2234 καὶ
655 2181 721 2250 τῇ
753 2176 1125 2252 ὑποδεξαμένῃ
1154 2179 1199 2211 ⁸⁷
1240 2178 1478 2247 γυναικὶ,
1504 2178 1624 2249 ἦτις
1655 2177 1887 2250 πενιχρὰ

291 2269 452 2336 οὖσα,
469 2273 564 2325 καὶ
579 2270 674 2342 ὅλη
696 2272 1021 2343 παρειμένη,
1038 2272 1129 2324 ἐπὶ
1148 2271 1246 2343 τῆς
1273 2271 1449 2334 οἰκίας
1479 2270 1753 2343 ἔρριπται.
1776 2272 1888 2323 Καὶ

290 2370 321 2422 ὁ
348 2366 557 2437 Πέτρος
582 2363 822 2427 ἀκούσας
856 2363 1153 2437 ἐθαύμασε,
1182 2364 1277 2417 καὶ
1298 2364 1346 2396 ⁸⁸
1390 2365 1590 2428 πάντες
1616 2364 1668 2417 οἱ
1704 2380 1887 2437 περιε-

294 2459 559 2531 στηκότες
596 2458 643 2491 ⁸⁸
685 2457 832 2528 δ’χλοι
873 2456 933 2510 τὸ
970 2456 1075 2527 τῆς
1123 2457 1380 2524 γυναικὸς
1410 2454 1665 2525 φρόνημα
1689 2452 1887 2507 “.Ka‘t

296 2549 501 2613 εὐθέως
531 2547 784 2602 ἐκέλευσέ
821 2564 931 2601 τισι
970 2546 1324 2619 πορευθῆναι,
1374 2548 1469 2599 καὶ
1510 2547 1609 2617 τὴν
1652 2547 1887 2615 γυναῖκα

296 2644 389 2699 ἐπὶ
429 2641 619 2711 κλίνης
658 2638 914 2710 κομίσαι,
951 2632 1019 2710 ἦς
1058 2638 1377 2709 ὲναχθείσης
1401 2638 1468 2702 ⁸⁸,
1517 2637 1739 2708 τεθῆναι
1787 2637 1887 2708 μὲν

298 2735 577 2788 ἐπιτάττει
618 2733 719 2805 τὴν
767 2730 989 2803 κλίνηνο
1035 2730 1197 2794 αὐτὸς
1255 2730 1313 2783 δὲ
1359 2730 1462 2783 ὑπὸ
1502 2732 1622 2793 ταῖς
1668 2729 1886 2784 πάντων

296 2823 505 2887 ἀκοαῖς,
536 2822 599 2875 Εἰ
639 2820 895 2893 ἀληθείας
929 2818 1109 2892 κῆρυξ
1151 2818 1281 2888 ἐγὼ,
1312 2818 1438 2889 ἔφη,
1468 2818 1751 2892 ὲγερθήτω
1794 2820 1886 2887 ἐξ-

298 2915 470 2985 αυτῆς
499 2914 679 2987 ὑγιὴς,
723 2914 803 2976 εἰς
843 2913 941 2985 τὴν
980 2912 1102 2985 τῶν¹
1138 2910 1503 2985 παρεστώτων
1546 2912 1750 2976 πίστιν,
1800 2912 1887 2965 ἵνα

1988 413 2263 485 navigium
2312 410 2491 466 duxit.
2518 410 2692 477 Quem
2730 427 2832 481 ego
2866 410 3059 467 videns
3100 427 3265 466 manu
3294 411 3563 467 deducere

1987 507 2292 572 mulierem,
2324 504 2419 559 risi
2450 522 2463 558 :
2491 512 2546 559 et
2569 504 2859 572 accedens,
2890 504 2945 558 in
2976 505 3240 560 honorem
3266 504 3433 569 illius,
3462 521 3563 574 pro

1988 599 2107 667 ipso
2132 612 2298 651 manu
2330 595 2531 651 ducere
2560 611 2681 650 eam
2710 595 2881 649 volui.
2916 593 2982 649 Et
3007 595 3171 649 simul
3202 604 3365 665 atque
3409 594 3561 665 tetigi

1989 704 2211 743 manum
2264 687 2475 758 ipsius,
2506 694 2726 758 magno
2776 694 3037 755 tanquam
3104 698 3276 743 mater
3323 687 3565 743 clamore

1986 783 2173 847 edito,
2231 794 2425 850 meque
2486 779 2803 849 complexa,
2852 779 3201 833 vehementer
3256 793 3342 833 me
3388 778 3563 832 filium

1988 890 2150 929 suum
2177 873 2492 928 deosculata
2516 880 2617 926 est.
2650 871 2761 941 Ego
2790 879 3000 939 autem,
3026 871 3280 941 ignorans
3301 870 3563 942 quidnam

1989 966 2067 1020 rei
2095 974 2261 1030 esset,
2294 975 2553 1034 tanquam
2583 965 2949 1019 insanientem
2982 964 3344 1033 rcpellcbam;
3374 963 3567 1018 simul-

1988 1072 2095 1127 que
2127 1059 2399 1113 reveritus
2423 1056 2663 1121 Petrum,
2687 1058 2881 1125 plenus
2912 1073 3060 1110 eram
3087 1055 3471 1111 amaritudine.

2059 1166 2194 1222 XCI.
2240 1166 2377 1221 Tum
2402 1167 2631 1222 Petrus:
2663 1166 2813 1231 Sine,
2844 1167 3041 1238 inquit,
3070 1182 3104 1222 ο
3126 1167 3399 1222 Clemens.
3422 1164 3565 1234 Quid

1988 1261 2135 1316 enim
2184 1261 2322 1331 agis,
2372 1261 2445 1319 ita
2493 1261 2761 1331 repellens
2809 1278 2928 1315 eam
2980 1277 3104 1331 quae
3153 1271 3205 1315 te
3236 1260 3475 1331 peperit?
3508 1258 3567 1314 Id

1990 1368 2123 1407 cum
2150 1368 2252 1423 ego
2296 1352 2597 1418 audissem,
2649 1354 2882 1407 multum
2932 1354 3264 1424 lacrymans,
3305 1360 3360 1407 et
3405 1351 3567 1407 matri

1990 1461 2113 1515 quae
2140 1461 2199 1501 se
2247 1444 2516 1514 dejecerat
2555 1444 2827 1512 accidens,
2861 1445 3172 1501 osculabar.
3202 1442 3339 1499 Nam
3380 1443 3567 1505 statim

1992 1554 2056 1592 ac
2080 1537 2131 1591 id
2158 1538 2287 1591 mihi
2324 1538 2527 1592 dictum
2556 1536 2680 1602 fuit,
2711 1537 3049 1595 subobscure
3072 1537 3307 1595 formam
3336 1537 3569 1608 genitri-

1993 1628 2071 1683 cis
2117 1627 2443 1682 recolebam.
2488 1626 2683 1700 Magna
2745 1644 2874 1695 ergo
2943 1628 3226 1683 hominum
3276 1627 3569 1681 multitudo

1990 1720 2274 1775 concurrit
2294 1720 2361 1775 ad
2394 1720 2687 1775 videndum
2722 1720 3085 1787 miraculum;
3111 1720 3287 1790 iisque
3313 1720 3570 1775 omnibus

1990 1812 2043 1867 iu
2072 1828 2166 1870 ore
2193 1822 2330 1881 erat,
2355 1830 2465 1884 quo
2496 1814 2660 1869 modo
2686 1814 2825 1868 adeo
2859 1813 3231 1869 memorabilis
3264 1813 3343 1868 vir
3368 1812 3569 1867 mulie-

1990 1921 2103 1961 rem
2134 1907 2441 1962 mendicam
2466 1921 2625 1961 suam
2658 1914 2888 1960 matrem
2927 1904 3358 1977 recognovisset.
3396 1902 3567 1959 Porro

1986 1996 2333 2067 cupientibus
2364 1997 2523 2052 nobis
2550 2012 2619 2052 ex
2652 1997 2831 2052 insula
2862 2013 2986 2052 cum
3020 2005 3194 2051 matre
3235 1996 3408 2063 exire,
3431 1994 3570 2049 dixit

1988 2096 2163 2143 mater
2198 2107 2211 2143 :
2246 2087 2349 2144 Fili
2392 2089 2468 2144 mi
2510 2089 2885 2159 optatissime,
2916 2105 3131 2159 aequum
3178 2096 3299 2155 est,
3341 2095 3401 2142 ut
3449 2087 3569 2141 vale

1986 2180 2166 2236 dicam
2194 2182 2406 2238 mulieri
2436 2198 2559 2253 quae
2580 2198 2666 2237 me
2707 2182 2967 2252 suscepit,
2996 2196 3228 2253 qumque
3262 2194 3467 2249 pauper
3512 2192 3569 2235 et

1988 2280 2104 2329 tota
2132 2274 2454 2345 paralytica,
2486 2275 2637 2330 domi
2675 2274 2842 2344 jacet.
2880 2274 3036 2340 Quod
3073 2273 3300 2327 audiens
3349 2270 3565 2338 Petrus,

1988 2380 2115 2421 cum
2140 2365 2492 2436 ingentiqua:
2526 2364 2715 2420 aderat
2746 2364 3115 2431 multitudine,
3144 2364 3449 2418 admiratus
3485 2370 3571 2418 est

1988 2458 2235 2515 mulieris
2258 2457 2639 2529 prudentiam;
2667 2457 2969 2528 statimque
2989 2457 3268 2511 nonnullis
3292 2455 3567 2525 przecepit,

1988 2561 2050 2607 ut
2081 2551 2246 2616 irent,
2281 2559 2337 2605 et
2362 2550 2646 2604 mulierem
2682 2549 2735 2603 in
2782 2548 2983 2605 lectulo
3017 2558 3318 2618 portarent.
3347 2545 3465 2617 Qua
3492 2544 3567 2597 il—

1987 2644 2129 2711 lata,
2186 2642 2355 2713 jussit
2395 2642 2615 2713 quidem
2647 2641 2773 2711 poni
2805 2642 3043 2706 lectum;
3084 2638 3202 2714 ipse
3244 2652 3373 2691 vero
3425 2652 3573 2692 cun-r

1990 2736 2095 2790 ctis
2125 2734 2515 2789 audientibus:
2548 2731 2629 2799 Si,
2681 2733 2880 2802 inquit,
2916 2730 3164 2785 veritatis
3200 2744 3320 2784 sum
3364 2742 3566 2803 praeco,

1990 2835 2181 2897 surgat
2209 2826 2473 2880 continuo
2504 2839 2670 2889 sana,
2695 2823 2762 2877 ad
2788 2821 2947 2877 ﬁdem
2990 2836 3182 2877 eorum
3218 2819 3312 2891 qui
3342 2828 3563 2886 _astaut,

1992 2927 2052 2974 ut
2090 2927 2431 2988 cognoscant
2459 2931 2628 2971 unum
2677 2929 2802 2970 esse
2849 2912 3020 2968 Deum
3059 2912 3308 2983 opilicem
3352 2911 3565 2967 mundi.

297 3008 497 3077 γνῶσιν
525 3008 606 3061 ὅτι
651 3003 731 3071 εἷς
758 3007 872 3060 ἔστι
911 3006 1042 3070 Θεὸς
1086 3007 1115 3061 ό
1158 3006 1251 3060 τὸν
1294 3006 1496 3077 κόσμον
1534 3006 1786 3078 ποιήσας.
1827 3006 1885 3059 '0

1992 3009 2170 3080 Atque
2200 3011 2316 3065 haac
2341 3008 2562 3080 quidem
2608 3008 2696 3063 ille
2725 3006 2885 3075 dixit,
2928 3005 3328 3077 confestimque
3370 3004 3568 3059 mulier

302 3098 399 3175 μὲν
426 3093 521 3152 οὖν
557 3095 730 3150 ταῦτα
759 3094 879 3150 εἷπε
899 3114 914 3129 ·
940 3096 1035 3151 καὶ
1078 3097 1112 3169 ἡ
1140 3096 1277 3167 γυνὴ
1306 3095 1468 3161 εὐθὺς
1496 3096 1541 3129 ⁸³
1570 3097 1729 3169 ὑγιὴς
1755 3097 1890 3152 ἀνα-

300 3190 472 3242 στᾶσα
496 3189 597 3260 τῆς
624 3188 829 3259 κλίνης,
862 3188 941 3260 τῷ
974 3187 1167 3261 Πέτρῳ
1211 3188 1587 3260 προσέπεσεν⁹
1634 3184 1751 3243 εἶτα
1790 3190 1885 3243 καὶ

297 3279 394 3350 τὴν
436 3278 645 3351 συνήθη
672 3280 765 3332 καὶ
790 3278 949 3349 φίλην
978 3276 1420 3349 καταφιλήσασα,
1462 3278 1790 3334 ἐπυνθάνετο
1830 3278 1883 3332 τί

301 3371 385 3442 εἴη
411 3369 595 3425 τοῦτο.
647 3370 711 3424 Ἥ
740 3371 797 3424 δὲ
821 3370 939 3424 ὅλον
967 3370 1103 3441 αὐτῇ
1135 3370 1196 3423 τὸ
1240 3372 1473 3443 πρᾶγμα
1510 3370 1605 3425 τοῦ
1638 3372 1883 3441 ἀναγνω-

302 3459 496 3535 ρισμοῦ
525 3459 839 3531 διηγήσατο,
868 3460 962 3513 καὶ
998 3460 1048 3512 οἱ
1074 3458 1407 3523 ἀκούσαντες
1436 3460 1880 3532 κατεπλάγησαν.

298 3551 431 3604 Τότε
485 3552 519 3622 ή
572 3553 754 3623 μήτηρ
795 3552 895 3615 τὴν
940 3551 1213 3623 ξενοδόχον
1261 3552 1501 3606 ίαθεῖσαν
1565 3553 1883 3625 παραδόξως

302 3643 507 3707 ἰδοῦσα,
557 3645 853 3716 παρεκάλει
899 3644 992 3698 καλ¹
1046 3644 1185 3716 αὑτὴ
1241 3644 1535 3717 θεραπείας
1578 3648 1780 3715 τυχεῖν.
1825 3647 1883 3699 '0

297 3734 506 3807 Πέτρος
544 3733 605 3787 δὲ
644 3734 744 3807 τὴν
788 3737 948 3805 χεῖρα
988 3733 1218 3799 ἐπιθεὶς,
1258 3735 1351 3789 καὶ
1376 3734 1544 3807 αὐτὴν
1583 3734 1886 3807 ἐθεράπευ-

298 3846 408 3883 σεν.

368 3940 530 3997 XCII.
573 3938 688 3995 Εἶθ’
717 3940 889 4007 οὕτως
939 3940 1068 4014 περὶ
1106 3940 1386 4005 εὐσεϐείας
1429 3940 1747 4014 διαλεχθεὶς,
1789 3943 1885 3996 ἐπὶ

295 4035 371 4107 τῷ
400 4034 548 4088 τέλει
577 4035 631 4087 δὲ
658 4035 751 4088 καὶ
793 4034 1067 4107 προσθείς·
1112 4035 1202 4099 Ὡς
1228 4034 1280 4088 εἴ
1316 4051 1400 4098 τις
1435 4033 1681 4105 βούλεται
1710 4032 1885 4089 ταῦτα

301 4128 487 4202 μαθεῖν
542 4126 819 4199 ἀκριϐῶς,
869 4129 949 4191 είς
985 4127 1312 4198 ⁹Αντιὸχειαν
1352 4127 1699 4197 ἀφικόμενος,
1745 4126 1882 4182 ὅπου

298 4219 519 4283 πλείους
548 4219 760 4290 ἡμέρας
784 4219 972 4291 ἔκρινα
997 4219 1333 4291 παραμένειν
1356 4218 1423 4285 ⁸⁸,
1452 4222 1572 4273 ἐκεῖ
1592 4218 1764 4273 ταῦτα
1789 4219 1885 4273 καὶ

301 4312 637 4384 μανθανέτω.
685 4314 748 4366 El
794 4311 901 4385 γὰρ
945 4311 1213 4384 ἐμπορίας
1260 4311 1445 4366 ἕνεκεν
1489 4311 1523 4383 ἢ
1572 4312 1878 4383 στρατείας,

1988 3116 2055 3156 ex
2084 3102 2224 3157 lecto
2250 3102 2490 3157 surrexit
2518 3116 2674 3170 sana,
2698 3112 2753 3155 et
2798 3098 3038 3170 procidit
3081 3099 3147 3154 ad
3192 3098 3355 3169 pedes
3396 3096 3562 3164 Petri,

1988 3210 2052 3250 ac
2080 3204 2268 3265 postea
2296 3192 2625 3249 familiarem
2653 3202 2707 3248 et
2734 3192 2970 3248 amicam
2998 3191 3337 3257 deosculata,
3375 3191 3565 3246 scisci-

1987 3288 2203 3343 tabatur
2228 3287 2489 3358 quidnam
2521 3287 2622 3342 hoc
2650 3296 2815 3343 esset.
2842 3286 2940 3342 Illa
2967 3302 3098 3343 vero
3126 3294 3297 3340 totum
3328 3284 3377 3339 ei
3405 3300 3567 3355 nego-

1988 3379 2125 3433 tium
2175 3379 2565 3449 recognitiouis
2591 3380 2878 3450 exposuit;
2922 3386 2977 3434 et
3011 3379 3195 3434 cuncti
3238 3378 3332 3448 qui
3372 3378 3564 3432 audie-

1988 3479 2116 3524 runt
2147 3468 2509 3539 obstupefacti
2536 3480 2685 3525 sunt.
2712 3469 2869 3526 Tunc
2898 3482 3097 3535 mater,
3134 3470 3403 3540 hospitem
3456 3468 3563 3523 mi-

1986 3562 2231 3617 rabiliter
2254 3573 2503 3618 sanatam
2528 3563 3029 3633 cernens,rogavit,
3061 3563 3175 3632 ipsa
3208 3576 3427 3631 quoque
3452 3576 3567 3615 me-

1985 3657 2162 3712 delam
2194 3655 2484 3725 acciperet.
2514 3656 2706 3711 Petrus
2742 3664 2947 3721 autem,
2978 3671 3141 3710 manu
3164 3654 3446 3726 imposita,
3482 3653 3563 3723 ip-

1987 3763 2105 3803 sam
2131 3747 2296 3803 etiam
2321 3748 2563 3802 curavit.

2056 3928 2215 3986 XCII.
2256 3928 2324 3984 Et
2364 3937 2555 3999 postea
2604 3928 2672 3983 de
2723 3928 2923 3999 pietate
2971 3926 3253 3995 disseruit,
3297 3936 3461 3997 atque
3504 3927 3561 3981 itt

1984 4025 2092 4080 fine
2121 4022 2332 4078 addidit
2365 4040 2380 4078 :
2414 4020 2472 4076 Si
2500 4020 2624 4095 quis
2664 4021 2779 4076 hac
2810 4020 2925 4075 vult
2949 4020 3236 4089 diligenter
3263 4032 3567 4091 cognosce-

1985 4135 2063 4185 re,
2088 4116 2437 4191 Antiochiam
2465 4115 2670 4181 veniat,
2699 4114 2789 4172 ubi
2819 4114 3134 4185 complures
3179 4113 3299 4168 dies
3340 4127 3563 4169 manere

1985 4211 2175 4278 statui,
2206 4220 2261 4266 et
2294 4209 2369 4266 ibi
2391 4209 2569 4264 discat
2611 4224 2695 4264 ea.
2728 4205 2784 4262 Si
2807 4208 2951 4265 enim
2983 4205 3368 4277 negotiationis
3395 4220 3564 4261 causa

1987 4304 2070 4359 vel
2098 4302 2326 4370 militiae,
2354 4301 2665 4375 relinquere
2691 4300 2888 4355 domos
2931 4299 3144 4365 soletis,
3165 4309 3218 4353 et
3254 4298 3324 4353 ad
3364 4297 3561 4369 longos

297 4404 473 4471 οἰκίας
490 4404 536 4435 ⁸⁸
555 4403 989 4475 καταλιμπάνειν
1013 4402 1208 4467 οἴδατε,
1240 4402 1333 4457 καὶ
1362 4403 1441 4466 είς
1459 4402 1706 4473 μακροὺς
1734 4402 1883 4455 ἀπεῖ-

1987 4398 2205 4455 labores
2229 4394 2537 4467 proficisci,
2572 4409 2641 4451 an
2687 4408 2796 4451 non
2839 4402 3056 4447 acterna:
3098 4392 3223 4447 vitae
3252 4392 3447 4463 gratia,
3479 4392 3562 4446 vel

298 4515 384 4550 ναι
441 4497 644 4560 πόνους
668 4496 735 4561 ⁸⁸,
775 4495 999 4559 αἰωνίας
1038 4495 1095 4548 δὲ
1140 4494 1300 4569 χάριν
1342 4491 1509 4564 ζωῆς,
1561 4493 1681 4547 οὐδὲ
1720 4492 1887 4565 τριῶν

295 4591 519 4662 ἡμερῶν
544 4590 663 4643 ὁδὸν
685 4588 925 4659 οἴχεσθαι
952 4584 1368 4660 προθυμήσεσθε
1395 4586 1460 4653 6‘;
1489 4584 1675 4649 Οὕτως
1696 4583 1884 4649 είπὼν,

295 4684 403 4737 τῶν
432 4683 611 4751 λόγων
644 4681 973 4735 κατέπαυσε.
1003 4676 1159 4733 Μετά
1195 4677 1253 4730 δὲ
1294 4676 1467 4730 ταῦτα
1496 4675 1605 4745 ἐγὼ
1629 4678 1695 4747 τῇ
1727 4677 1884 4743 ὑγια-

298 4776 487 4847 σθείσῃ
516 4774 738 4843 γυναικὶ
761 4772 855 4826 ἐπὶ
878 4771 1081 4834 παντὸς
1115 4769 1209 4822 τοῦ
1240 4769 1395 4839 ὄχλου
1423 4768 1601 4839 χιλίας
1637 4766 1885 4840 δραχμὰς

297 4869 373 4930 εἰς
402 4867 612 4938 τροφὰς
639 4865 1054 4937 δωρησάμενος,
1085 4858 1203 4915 εἶτα
1244 4862 1338 4914 καὶ
1381 4858 1759 4932 παραθέμενος
1787 4857 1885 4911 αὐ-

297 4959 393 5029 τὴν
420 4956 615 5026 ἀγαθῷ
642 4956 748 5009 τινὶ
780 4955 934 5026 ἀνδρὶ
963 4952 1162 5025 πρώτῳ
1183 4952 1285 5023 τῆς
1315 4952 1521 5015 πόλεως
1557 4951 1692 5016 ὄντι,
1726 4950 1884 5019 φύσει

302 5050 437 5121 μετά
460 5050 638 5120 χαρᾶς
656 5047 813 5101 τοῦτο
830 5048 872 5078 ⁸⁷
900 5048 1159 5119 πράττειν
1186 5044 1554 5117 προῃρημένῳ
1574 5061 1586 5075 ·
1619 5043 1700 5097 ἔτι
1717 5044 1773 5098 δὲ
1791 5044 1886 5101 καὶ

299 5143 484 5205 ἄλλαις
534 5140 757 5204 πολλαῖς
802 5140 1041 5212 ἀργύρια
1095 5138 1375 5210 διανείμας
1411 5141 1549 5203 ..ταῖς
1610 5154 1743 5191 ποτε
1784 5137 1886 5208 τὴν

304 5235 513 5307 μητέρα
536 5232 1132 5306 παραμυθησαμέναιςσ
1157 5232 1554 5305 εὐχαριστήσας
1576 5230 1653 5301 τῷ
1676 5228 1883 5302 Κυρίῳ,

1989 4491 2152 4545 trium
2172 4490 2396 4557 dierum
2429 4489 2532 4543 iter
2555 4486 2778 4557 aggredi
2800 4486 2853 4540 iu
2884 4485 3129 4539 animum
3160 4486 3460 4541 inducetis?
3485 4484 3562 4540 lta

1987 4584 2239 4649 locutus,
2282 4580 2525 4637 sermoni
2576 4579 2739 4634 finem
2792 4577 3072 4649 imposuit.
3120 4576 3325 4633 Deinde
3378 4588 3559 4633 autent

1984 4685 2109 4743 ego,
2154 4682 2442 4742 postquam
2492 4666 2709 4724 mulieri
2734 4683 2858 4737 quae
2900 4675 3087 4722 curata
3136 4666 3330 4735 fuerat,
3377 4683 3561 4723 coram

1984 4763 2133 4817 omni
2158 4764 2379 4837 populo,
2408 4762 2556 4819 mille
2583 4762 2874 4818 drachmas
2902 4760 2969 4815 ad
2991 4761 3195 4816 victum
3217 4760 3373 4828 dedi;
3404 4762 3563 4816 insu-

1984 4870 2188 4928 perque
2230 4856 2374 4910 bono
2423 4855 2639 4911 cuidam
2681 4854 2822 4919 viro,
2855 4853 3095 4909 civitatis
3144 4853 3429 4924 primario,
3463 4852 3559 4924 qui

1984 4956 2178 5015 sponte
2218 4945 2271 5000 id
2317 4962 2449 5003 cum
2492 4944 2689 5015 gaudio
2730 4945 2909 5001 facere
2936 4946 3243 5017 proposuit,
3274 4960 3589 5032 comment-rt

1983 5038 2107 5094 davi
2132 5055 2253 5095 eam
2283 5056 2297 5093 :
2325 5048 2379 5094 et
2406 5048 2667 5110 praeterea
2700 5039 2824 5094 aliis
2851 5039 3013 5097 etiam
3051 5040 3260 5105 multis,
3292 5056 3413 5109 quae
3442 5040 3575 5094 ma-'

1985 5133 2052 5188 tri
2079 5132 2356 5203 quondam
2401 5131 2657 5187 solatium
2706 5133 3069 5201 praebuerant,
3116 5132 3400 5202 pecuniam
3441 5130 3555 5187 dis-

1987 5226 2152 5281 tribui
2185 5244 2198 5278 :
2232 5223 2423 5296 gratiis
2458 5223 2572 5280 Deo
2616 5224 2774 5289 actis,
2806 5222 3162 5287 Antaradum,
3190 5237 3314 5277 cum
3363 5234 3555 5285 matre,

1574 5395 1809 5451 VARUS
1837 5390 2236 5449 LECTIONES.

380 5493 425 5526 ³⁷
465 5494 538 5548 al.
593 5493 759 5549 inser.
796 5511 879 5551 us.
983 5497 1029 5527 ⁸⁸
1057 5497 1127 5551 al.
1168 5496 1302 5550 ἀλλὰ
1326 5498 1439 5550 καί.

1534 5496 1579 5527 ⁸⁸
1597 5495 1669 5549 al.
1711 5492 2091 5564 περιεστῶτες.

2202 5489 2248 5521 ⁶⁰
2287 5490 2358 5543 al.
2401 5486 2604 5557 ἀγαθὸν
2636 5484 2920 5557 φρόνημα.
3027 5483 3069 5557 ‘_‘
3112 5482 3184 5537 al.
3225 5480 3553 5557 ἐνεχθείσης.

380 5511 420 5526 ἰ
465 5511 538 5548 at.
593 5511 759 5549 mser.
983 5511 1029 5527 ὐ
1057 5511 1127 5551 at.
1168 5511 1302 5550 αΑΑα
1326 5511 1439 5550 και.
1534 5511 1669 5549 "at.
1711 5511 2091 5564 περιεστῶτες.
2203 5511 2247 5521 υ-
2287 5511 2358 5543 ιιι.
2401 5511 2604 5557 αγαυον
2636 5511 2909 5557 φρυνημα.
3031 5511 3068 5514 --
3112 5511 3184 5537 ω.
3225 5511 3553 5605 ενεόιυειυιις.

305 5564 723 5641 ⁶¹ἀςεειίηριη
769 5565 790 5595 ⁸
852 5566 918 5641 al.
965 5568 1297 5641 περιμένειν.
1377 5568 1423 5601 ⁸⁵
1461 5567 1531 5622 al.
1575 5564 1858 5637 πατρίδας.
1939 5563 1985 5596 ⁵⁸
2026 5563 2095 5616 al.
2136 5560 2352 5625 τόπους.
2421 5560 2466 5637 f‘
2494 5560 2563 5613 al.
2608 5552 3093 5629 προθυμηθήσεσθε
3120 5561 3174 5609 et
3198 5569 3305 5625 προ
3342 5549 3575 5623 υμηθή--

307 5634 508 5689 στσθαι.
590 5636 636 5668 ⁸⁷
676 5635 747 5691 al.
788 5637 985 5700 τούτῳ.
