4022 6336
493 162 597 221 535

1299 159 1359 216 S.
1398 155 1793 215 CLEMENTIS
1839 153 1861 208 I
1900 152 2069 211 ROM.
2108 141 2311 208 PONT.
2354 151 2588 208 OPERA
2624 149 2853 209 DUBIA.

3622 151 3718 207 556

492 283 673 339 Pet-'0.
703 279 1026 349 caeterisque
1054 276 1333 334 sodalibus
1359 276 1673 346 enavigavi;
1698 283 1861 344 atque
1888 272 1962 327 ita
1991 271 2056 325 ad
2085 318 2091 329 .

2175 269 2448 323 ῑιέπλευοα
2478 269 2558 332 είς
2598 267 2923 339 ’Δντάραδον
2949 265 3064 336 ἅμα
3101 267 3168 336 τῇ
3208 280 3281 335 μη
3300 265 3388 336 τρὶ
3420 264 3509 325 καὶ
3542 264 3713 351 Πέτρῳ

493 372 790 444 hospitium
815 369 1204 443 processimus.

563 529 746 585 XCIII.
790 528 836 562 ⁸⁸
860 529 996 585 Cum
1020 539 1199 585 autem
1233 544 1339 585 una
1371 543 1617 585 essemus
1642 536 1695 583 et
1736 526 2064 596 sumpsisse-

500 638 620 677 mus
652 623 833 677 cibum
858 664 873 688 ,
923 631 1262 692 restaretque
1310 620 1489 676 adhuc
1531 619 1735 688 aliquid
1776 617 2061 687 temporis,

458 772 463 775 Α
498 730 596 782 ego
618 714 726 768 dixi
752 713 932 771 Petro:
960 713 1325 769 Humanitatis
1360 729 1518 784 Opus,
1546 712 1764 768 domine
1780 712 1853 765 mi
1882 709 2061 775 Petrc,

499 808 742 863 exercuit
771 815 944 861 mater
975 822 1117 873 mea,
1151 822 1272 876 quae
1317 805 1544 875 hOSpitre
1585 804 1830 858 mulieris
1876 816 2062 858 recor-

502 899 626 953 data
664 898 847 953 fnerit.
901 897 1201 968 ReSpondit
1248 897 1440 953 Petrus
1471 916 1485 952 :
1518 896 1697 963 Itane,
1728 911 1761 949 ο
1790 894 2062 959 Clemens,

503 1005 629 1046 vere
659 990 961 1055 existimas,
988 989 1340 1045 humanitatis
1368 1006 1504 1060 opus
1520 989 1720 1044 Iactum
1749 1003 1778 1042 a
1806 984 2067 1058 genitrice

506 1092 618 1146 tua,
652 1082 869 1151 quando
910 1082 959 1139 ci
1005 1097 1126 1153 qua:
1168 1082 1339 1154 ipsam
1380 1098 1445 1138 ex
1477 1082 1759 1152 naufragio
1792 1085 2068 1148 receperat

505 1174 706 1244 gratias
762 1173 978 1241 retulit;
1030 1189 1098 1228 an
1151 1182 1211 1228 ut
1260 1175 1422 1229 tnatri
1490 1173 1915 1246 gratificareris,
1961 1173 2068 1228 hoc

503 1266 727 1320 dixisti?
761 1264 814 1320 Si
860 1266 1005 1321 enim
1048 1282 1154 1321 non
1199 1275 1258 1321 ut
1304 1282 1417 1321 rem
1460 1277 1667 1336 gratam
1710 1265 1942 1331 faceres,
1971 1263 2065 1319 sed

504 1366 565 1411 ut
585 1357 865 1412 veritatem
887 1359 1187 1431 loquereris
1204 1358 1398 1416 eﬂatus
1417 1374 1475 1414 es
1491 1400 1504 1425 ,
1532 1359 1728 1414 videris
1753 1358 1887 1412 mihi
1908 1358 2065 1428 igno-

506 1465 628 1505 rare
660 1466 907 1519 quamam
942 1451 1014 1507 sit
1063 1452 1377 1521 magnitudo
1425 1451 1797 1516 humanitatis,
1825 1465 1945 1521 qua:
1984 1456 2067 1503 est

506 1558 661 1597 amor
694 1544 746 1597 in
778 1544 1093 1613 quemlibet,
1125 1551 1393 1613 quatenus
1430 1544 1726 1607 hominem,
1772 1552 1827 1597 et
1860 1543 2067 1611 absque

509 1635 618 1688 ullo
649 1609 882 1689 naturali
915 1609 1261 1689 alicam-Sed
1304 1650 1402 1690 nec
1440 1634 1640 1703 hospes
1674 1649 1796 1703 qua:
1840 1609 2068 1687 matrem
2098 1609 2142 1663 Β

506 1735 653 1779 tuam
691 1742 759 1780 ex
794 1726 1078 1796 naufragio
1102 1726 1359 1795 suscepit,
1389 1725 1626 1779 lnnnana
1658 1741 1688 1778 a
1724 1740 1809 1779 me
1836 1725 2066 1779 dicetur.

505 1817 874 1872 Misericordia
901 1818 1047 1873 enim
1074 1832 1411 1888 compressa,
1449 1818 1681 1887 impulsa
1711 1827 1795 1873 est
1821 1818 1887 1872 ad
1932 1818 2071 1872 bene

506 1908 811 1964 faciendum
847 1911 1056 1966 mulieri
1079 1910 1418 1983 naufragium
1445 1928 1634 1980 passae,
1660 1920 1817 1966 natos
1844 1908 2068 1981 lugenti,

506 2002 823 2073 peregrinae,
849 2003 1027 2069 nuda},
1060 2005 1349 2072 destitutae,
1374 2005 1715 2076 multumque
1737 2005 2072 2061 calamitates

507 2110 636 2149 suas
665 2095 1002 2150 lamentanti.
1034 2094 1090 2150 In
1125 2097 1289 2153 tantis
1315 2113 1445 2169 ergo
1487 2098 1907 2154 adversitatibus
1949 2113 2072 2153 ver-

506 2195 736 2249 santem,
766 2189 890 2257 quis
914 2187 1127 2251 videns,
1156 2205 1288 2257 non,
1318 2190 1481 2245 etiam
1510 2206 1577 2245 ex
1606 2190 1809 2261 impiis,
1841 2191 2072 2246 misera-

507 2288 594 2333 tus
639 2277 865 2334 fuisset?
907 2279 1087 2347 Quare
1129 2297 1471 2353 nequaquam
1516 2284 1868 2339 humanitatis
1908 2298 2067 2353 opus.

507 2388 607 2428 nec
652 2374 848 2428 mulier
892 2375 1104 2445 hospita
1157 2392 1282 2446 erga
1337 2392 1456 2430 eam
1502 2376 1777 2448 peregisse
1828 2376 2067 2443 videtur;

507 2465 600 2520 sed
625 2467 690 2522 ad
717 2467 1035 2523 beneﬁcium
1072 2480 1214 2525 mota
1244 2469 1413 2524 fuisse
1449 2470 1820 2527 misericordia
1857 2486 1920 2525 ex
1951 2471 2072 2539 plu-

509 2559 662 2616 rimis
689 2560 933 2618 adversis
974 2572 1116 2619 orta.
1150 2561 1364 2617 Etenim
1411 2579 1604 2633 parcns
1652 2574 1769 2629 tua,
1798 2560 2067 2616 facultati-

508 2651 611 2705 bus
640 2651 945 2721 abundans,
989 2664 1041 2710 et
1088 2654 1357 2725 hospitam
1409 2664 1783 2720 remunerata,
1820 2668 1927 2707 non
1965 2652 2069 2706 hu-

508 2742 809 2812 manitatis,
840 2761 1032 2800 verum
1055 2746 1260 2802 amoris
1290 2761 1427 2816 opus
1461 2746 1656 2800 etii-cit.
1684 2744 1848 2799 Multa
1891 2753 2070 2798 autem

508 2837 794 2893 intercedit
815 2837 1114 2909 differentia
1140 2854 1380 2895 amorem
1408 2839 1546 2893 inter
1567 2848 1620 2893 et
1644 2837 2067 2897 humanitatem:

508 2928 633 2999 quia
667 2944 821 2984 amor
846 2930 1064 3000 quidem
1095 2946 1157 2984 ex
1194 2930 1635 2985 remuneratione
1672 2940 1788 2997 est;
1822 2930 2073 2986 humani-
2099 2946 2140 3002 ο

512 3026 594 3074 tas
616 3035 747 3075 vero
774 3020 981 3090 absque
1004 3022 1110 3074 ulla
1142 3021 1377 3075 naturali
1409 3021 1773 3090 propensione
1796 3022 2071 3078 hominem

510 3126 752 3179 omnem,
794 3122 1066 3183 quatenus
1114 3111 1278 3166 homo
1317 3122 1419 3177 est,
1461 3112 1658 3183 diligit,
1688 3129 1752 3170 ac
1796 3115 2073 3169 beneficiis

511 3204 694 3258 allicit.
727 3203 912 3274 Itaque
941 3203 987 3260 si
1016 3219 1080 3259 ea
1108 3205 1308 3273 hospes
1333 3222 1454 3276 quae
1496 3207 1718 3262 miserta
1760 3217 1863 3273 est,
1910 3209 2071 3263 etiam

512 3297 697 3352 hostes
723 3297 863 3351 male
888 3297 955 3352 de
1000 3311 1063 3351 ea
1104 3297 1329 3353 meritos
1365 3298 1643 3366 miserata,
1671 3296 1934 3352 beneficio
1962 3297 2077 3351 alii-

512 3399 680 3453 cerct,
708 3390 945 3444 humana
973 3389 1239 3446 essctzsin
1263 3404 1389 3443 vero
1410 3399 1631 3460 pr0pter
1652 3389 1780 3461 quid
1794 3391 1966 3445 amica
1994 3401 2077 3446 est

512 3480 597 3535 vel
627 3480 879 3546 inimica;
902 3481 1018 3536 haec
1055 3480 1254 3548 amica,
1280 3479 1512 3550 alicujus
1538 3481 1612 3535 rei
1638 3496 1759 3551 quae
1790 3497 1952 3536 causa
1982 3482 2072 3543 sit,

514 3573 690 3627 amica
720 3582 803 3627 est
825 3573 906 3627 vel
932 3572 1176 3641 inimica,
1204 3588 1312 3627 non
1336 3582 1516 3627 autem
1546 3572 1804 3627 hominis.

585 3663 768 3720 XCIV.
810 3664 877 3720 Et
920 3680 1022 3735 ego
1075 3665 1329 3734 respondi
1359 3683 1371 3719 :
1404 3662 1523 3717 Non
1571 3680 1702 3734 ergo
1732 3664 1829 3718 tibi
1861 3664 2078 3717 videtur

522 3774 637 3816 esse
682 3760 943 3823 humana,
970 3757 1162 3811 saltem
1194 3756 1419 3826 hospes,
1452 3771 1576 3826 qua:
1623 3757 1677 3810 in
1733 3757 2074 3826 peregrinam

517 3869 682 3924 quam
728 3868 836 3906 non
891 3858 1138 3916 noverat,
1166 3849 1490 3904 beneficium
1521 3849 1949 3905 contulit‘ITum
1979 3848 2080 3905 Pe-

520 3957 680 4002 trus:
731 3942 863 3997 Eam
912 3942 1130 4014 quidem
1180 3942 1589 3997 misericordem
1625 3943 1900 4012 appellare
1929 3945 2078 4010 novi,

522 4040 814 4092 humanam
839 4046 1021 4091 autem
1055 4051 1161 4089 non
1194 4033 1367 4089 audeo
1391 4034 1573 4089 dicere
1593 4076 1607 4103 ,
1640 4035 2076 4105 quandoquidem

522 4146 625 4186 nec
668 4138 894 4183 matrem
968 4135 1237 4182 amantem
1292 4124 1592 4180 liberorum
1626 4144 1638 4179 :
1668 4126 1867 4196 quippe
1908 4144 2081 4198 qnaea

521 4234 708 4293 partus
738 4220 1021 4295 doloribus
1052 4227 1107 4272 et
1151 4218 1219 4271 ab
1259 4217 1584 4272 educatione
1633 4216 1701 4270 ad
1744 4217 2077 4287 diligendum

522 4313 801 4380 compulsa
832 4311 920 4365 sit.
953 4308 1418 4374 Quemadmodum
1437 4308 1580 4363 enim
1599 4309 1693 4378 qui
1722 4308 1974 4379 cupidine
1998 4309 2082 4363 in-

523 4404 851 4470 flammatur,
879 4420 908 4459 a
933 4402 1328 4457 consuetudine
1356 4401 1654 4468 mulcetur;
1689 4411 1743 4457 et
1768 4402 1862 4472 qui
1929 4419 2081 4456 amo-

523 4515 581 4553 re
608 4498 972 4568 prosequitur,
997 4511 1027 4549 a
1062 4493 1542 4549 remuneratione:
1570 4494 1643 4547 ita
1690 4503 1743 4548 et
1792 4494 1886 4563 qui
1918 4495 2083 4549 mise-

522 4600 694 4657 retur,
740 4606 770 4643 a
817 4587 1147 4643 calamitate.
1191 4586 1445 4639 Attamen
1496 4585 1813 4640 misericors
1844 4585 2085 4640 humano

524 4681 739 4737 vicinus
764 4688 847 4734 est
877 4698 889 4733 :
917 4678 1177 4748 quoniam
1209 4677 1415 4745 absque
1445 4676 1556 4730 ullo
1584 4686 1796 4745 quaestu
1840 4691 1905 4730 ac
1956 4690 2083 4730 mu-

527 4789 680 4840 nere,
704 4772 771 4827 ad
801 4768 1171 4841 praestandum
1203 4769 1525 4823 beneficium
1562 4767 1764 4834 fertur;
1796 4767 1889 4822 sed
1940 4784 2083 4823 non-

526 4868 657 4922 dum
690 4867 963 4919 humanus
1018 4870 1121 4917 est.
1168 4860 1234 4915 Et
1289 4876 1391 4929 ego
1423 4860 1532 4916 dixi
1573 4859 1694 4916 :Ob
1730 4876 1867 4930 quas
1920 4861 2084 4933 igitur

532 4958 774 5016 actiones
802 4954 1074 5009 humanus
1105 4951 1231 5024 quis
1260 4966 1381 5007 esse
1408 4952 1621 5022 potest?
1649 4951 1948 5023 Respondit
1974 4953 2078 5009 Pe-

530 5064 649 5109 trus
677 5049 856 5115 :Quia
892 5046 1049 5103 video
1100 5053 1153 5100 te
1199 5043 1456 5114 cupidum
1489 5043 1767 5109 audiendi,
1808 5046 2085 5113 quodnam

527 5147 600 5201 sit
653 5139 1008 5198 humanitatis
1058 5137 1317 5201 ofﬁcium,
1371 5151 1479 5189 non
1512 5134 1712 5204 pigebit
1743 5136 1941 5191 dicere.
1972 5137 2085 5193 Hu-

528 5251 726 5292 manus
773 5234 866 5289 ille
907 5239 1011 5297 est,
1039 5229 1134 5299 qui
1164 5227 1329 5283 etiam
1355 5241 1480 5297 erga
1509 5226 1759 5283 inimicos
1786 5228 1993 5297 placide
2024 5246 2088 5285 ac

2161 362 2254 414 καὶ
2284 365 2398 425 τοῖς
2425 361 2630 424 λοιποῖς
2654 361 2922 431 ἑταίροις·
2952 357 3048 413 καὶ
3085 356 3257 419 οὓτως
3292 358 3375 419 είς
3414 354 3581 421 ξενίαν
3616 356 3714 425 ὠρ-

2164 470 2237 524 μη
2245 470 2435 524 σαμεν.

2231 543 2412 601 XCIII.
2452 542 2763 615 Γενομένων
2796 542 2853 597 δὲ
2893 540 3049 614 ἡμῶν
3094 540 3188 593 ἐπὶ
3212 538 3271 593 τὸ
3305 537 3451 603 αὐτὸ,
3480 538 3569 591 καὶ
3589 554 3705 610 τρο-

2162 636 2271 707 φῆς
2316 636 2742 707 μεταλαϐόντων,
2778 634 3095 706 τεινομένης
3133 631 3211 685 ἔτι
3253 632 3351 702 τῆς
3385 629 3543 701 ὥρας,
3585 628 3708 697 ἐφξν

2163 727 2273 797 ἐγὼ
2297 729 2376 801 τῷ
2398 729 2588 803 Πέτρῳ
2605 746 2618 759 ·
2648 726 3056 800 Φιλανθρωπίας
3081 725 3258 799 ἔργον,
3288 722 3442 795 κύριέ
3482 740 3578 793 μου
3602 722 3711 775 Πέ-

2162 838 2279 893 τρε,
2306 824 2339 894 ή
2367 820 2474 893 ἐμὴ
2513 821 2776 891 πεποίηκε
2804 821 3004 891 μήτηρ,
3032 819 3133 889 τῆς
3172 815 3442 885 ξεινοδόκου
3480 815 3710 884 ὑπομνη-

2165 912 2354 966 σθεῖσα
2401 912 2675 981 γυναικός.
2714 912 2822 965 Kal.
2871 913 2899 966 6
2945 910 3150 981 Πέτρος
3200 907 3554 978 ἀπεκρίνατο·
3581 901 3716 976 Ἆρά

2164 1020 2249 1072 γε,
2280 995 2324 1056 ὦ
2361 1003 2580 1074 Κλήμη,
2614 1001 2828 1072 ἀληθῶς
2876 1001 3162 1071 νενόμικας
3206 994 3600 1068 φιλανθρωπίας
3634 995 3714 1064 ἐρ-

2164 1111 2261 1163 γον
2293 1094 2647 1162 πεποιηκέναι
2679 1093 2777 1163 τήν
2811 1109 2871 1145 σε
2912 1088 3197 1154 τεκοῦσαν,
3231 1088 3352 1142 καθ’
3379 1087 3407 1140 ὂ
3432 1088 3476 1120 ⁶⁹
3503 1087 3595 1157 τήν
3626 1085 3718 1138 ὑπὸ

2165 1186 2422 1255 ναυαγίου
2457 1186 2623 1256 αὐτὴν
2659 1182 3057 1254 ὑποδεξαμένην
3096 1180 3393 1253 ἠμείψατο·
3444 1179 3476 1251 ἢ
3510 1178 3580 1241 ὡς
3625 1194 3719 1248 μη-

2163 1279 2253 1350 τρὶ
2280 1277 2632 1349 χαριζόμενος
2657 1275 2816 1329 τοῦτο
2846 1276 3071 1346 εἴρηκας
3098 1291 3113 1339 ;
3154 1274 3217 1325 Εί
3250 1271 3309 1325 δὲ
3347 1271 3420 1344 μὴ
3453 1269 3723 1342 χαριζόμε-

2165 1387 2273 1435 νος,
2307 1370 2422 1423 ἀλλ⁹
2454 1370 2530 1433 ὡς
2569 1367 2847 1439 ἀληθεύων
2897 1366 3051 1439 ἔφης,
3100 1365 3283 1427 ἔοικάς
3326 1380 3414 1431 μοι
3452 1363 3650 1429 ἀγνοεῖν
3675 1360 3723 1412 τί

2168 1463 2295 1518 ποτέ
2337 1464 2452 1517 ἐστι
2499 1460 2901 1533 φιλανθρωπίας
2952 1456 3197 1530 μέγεθος,
3251 1456 3286 1527 ἦ
3314 1473 3398 1519 τις
3437 1455 3580 1507 ἐστὶν
3608 1453 3723 1506 ἄνευ

2168 1552 2262 1607 τοῦ
2289 1552 2532 1622 φυσικῶς
2565 1551 2841 1613 πείθοντος
2878 1550 2911 1619 ἡ
2958 1548 3094 1619 πρὸς
3117 1542 3226 1599 οἷον
3256 1545 3323 1615 δή
3356 1561 3484 1597 ποτε
3518 1540 3722 1613 στοργὴ,

2171 1644 2293 1698 καθ’
2321 1643 2349 1697 ὃ
2371 1642 2655 1713 ἄνθρωπός
2685 1643 2850 1695 ἐστιν.
2883 1638 3020 1692 Ἀλλ’
3041 1637 3159 1690 ούδέ
3191 1638 3224 1708 ἡ
3259 1634 3540 1704 ξενοδόχος
3570 1633 3602 1704 ή
3632 1628 3725 1684 ὑπὸ

2171 1737 2425 1806 ναυαγίου
2460 1737 2556 1807 τὴν
2598 1736 2646 1767 ὀ
2677 1733 2939 1788 τεκοῦσαν
2983 1727 3395 1799 ὑποδεξαμένη,
3442 1724 3727 1797 φιλάνθρω-

2171 1845 2270 1892 πος
2300 1827 2365 1882 ἂν
2390 1829 2435 1860 ⁷³
2470 1829 2601 1899 παρ’
2632 1826 2757 1897 ἐμοὶ
2789 1827 2833 1857 ⁷³
2861 1822 3089 1891 λέγοιτο.
3133 1820 3269 1874 ’Υπδ
3304 1818 3412 1891 γὰρ
3449 1817 3619 1879 ἐλέους
3641 1831 3724 1868 κο-

2169 1917 2429 1971 λασθεῖσα
2457 1917 2747 1970 ἐπέπειστο
2777 1914 2824 1946 ⁷³
2862 1912 3110 1984 γενέσθαι
3144 1910 3407 1979 γυναικὸς
3452 1906 3724 1980 εὐεργέτις,

2170 2009 2412 2080 ναυαγίῳ
2442 2005 2861 2080 περιπεσούσης,
2889 2006 3055 2060 τέκνα
3087 2002 3410 2072 πενθούσης,
3452 1999 3617 2069 ξένης,
3641 2012 3729 2063 γυ-

2174 2101 2332 2173 μνῆς,
2369 2100 2781 2172 μεμονωμένης,
2817 2098 2909 2151 καὶ
2938 2096 3139 2167 σφόδρα
3176 2096 3266 2148 ἐπὶ
3300 2096 3417 2156 ταῖς
3449 2090 3727 2162 συμφοραῖς

2170 2189 2591 2262 ὀλοφυρομένης.
2635 2189 2722 2242 Ἐν
2765 2186 3053 2250 τοσαύταις
3096 2181 3188 2238 οὖν
3233 2182 3407 2253 αὐτὴν
3450 2180 3727 2251 συμφοραῖς

2171 2284 2333 2343 οὖσαν
2361 2286 2443 2349 τίς
2473 2285 2572 2339 ούκ
2607 2284 2671 2338 ἂν
2703 2282 2822 2337 ἰδὼν
2857 2282 3095 2354 ἐλεήσειε
3132 2280 3178 2311 ⁷⁴
3207 2279 3306 2331 καὶ
3350 2276 3456 2329 τῶν
3499 2271 3726 2336 dicamini;

2174 2381 2337 2432 Ὥστε
2377 2376 2526 2432 οὔπω
2577 2373 2984 2447 φιλανθρωπίας
3025 2372 3183 2443 ἔργον
3246 2369 3375 2422 οὐδέ
3413 2369 3445 2439 ὴ
3486 2362 3729 2434 ξενοδόχος

2171 2468 2307 2540 γυνὴ
2338 2468 2670 2536 πεποιηκυῖα
2698 2465 2833 2536 πρὸς
2859 2464 3026 2535 αὐτὴν
3059 2461 3332 2532 φαίνεται,
3377 2458 3487 2512 ἀλλ’
3514 2453 3612 2509 ὑπὸ
3645 2450 3728 2506 τοῦ

2172 2561 2265 2613 ἐπὶ
2294 2559 2513 2631 μυρίαις
2544 2560 2849 2629 συμφοραῖς
2880 2554 3031 2608 ἐλέου
3074 2553 3210 2625 πρὸς
3251 2549 3565 2623 εὐεργεσίαν
3595 2562 3729 2599 κεκι-

2172 2653 2396 2723 νημένη.
2432 2651 2540 2704 Kal.
2570 2648 2678 2721 γὰρ
2708 2650 2743 2719 ἦ
2770 2664 2827 2701 σε
2858 2644 3092 2700 τεκοῦσα
3120 2644 3234 2715 βίου
3269 2642 3615 2713 εύπορήσασα
3648 2634 3731 2687 καὶ

2171 2744 2267 2815 τὴν
2308 2741 2574 2812 ξενοδόχον
2630 2738 2996 2811 ἀμειψαμένη.
3027 2737 3087 2790 οὐ
3138 2733 3569 2806 φιλανθρωπίας,
3613 2725 3732 2782 ἀλλὰ

2175 2828 2354 2897 φιλίας
2383 2828 2634 2897 ἐποίησεν
2666 2826 2843 2897 ἔργον.
2874 2824 3051 2894 Πολλὴ
3083 2823 3138 2877 δὲ
3170 2821 3407 2894 διαφορά
3439 2818 3627 2892 μεταξὺ
3657 2833 3733 2884 φι-

2173 2920 2290 2984 λίας
2314 2936 2373 2972 τε
2400 2920 2495 2973 καὶ⁷
2523 2916 2953 2989 φιλανθρωπίας·
2994 2916 3075 2968 ὅτι
3103 2916 3135 2986 ἡ
3173 2916 3270 2985 μὲν
3325 2914 3472 2984 φιλία
3502 2911 3557 2976 ἐξ
3594 2911 3734 2979 ἀμοι-

2175 3012 2275 3082 ϐῆς
2315 3011 2553 3080 γίνεται,
2606 3010 2639 3079 ἡ
2690 3006 3067 3079 φιλανθρωπία
3114 3004 3171 3059 δὲ
3212 3006 3348 3061 ἄνευ
3387 3002 3478 3057 τοῦ
3517 2998 3734 3072 φυσικῶς

2174 3103 2471 3167 πείθοντος,
2520 3100 2696 3154 πάντα
2748 3098 3056 3172 ἄνθρωπον,
3106 3097 3241 3151 καθὸ
3290 3095 3574 3169 ἄνθρωπός
3612 3094 3732 3153 ἐστι,

2175 3193 2399 3265 φιλοῦσα
2429 3192 2705 3264 εὐεργετεῖ
2725 3207 2739 3221 ·
2774 3192 2822 3244 ει
2853 3192 2951 3262 μὲν
2980 3186 3073 3243 οὖν
3106 3193 3139 3261 ἠ
3192 3189 3466 3260 ἐλεήσασα
3494 3184 3734 3253 ξενοδόχος

2175 3283 2337 3356 αὕτη,
2385 3283 2478 3337 καὶ
2527 3281 2888 3352 ἀδικήσαντας
2930 3279 3155 3351 ἐχθροὺς
3201 3276 3432 3333 ἐλεοῦσα
3464 3274 3732 3346 εὐεργετεῖ,

2176 3375 2553 3447 φιλάνθρωπος
2575 3372 2640 3427 ἂν
2683 3372 2787 3440 εἴη·
2828 3373 2875 3425 εί
2913 3371 2968 3424 δὲ
3010 3371 3141 3424 διότι
3163 3370 3209 3402 ⁷⁸
3234 3369 3370 3439 φίλη
3420 3368 3452 3440 ἢ
3511 3364 3668 3438 ἐχθρά
3701 3366 3731 3433 ἡ

2177 3468 2305 3540 φίλη
2336 3465 2557 3536 τοιαύτη
2579 3463 2647 3529 ⁷⁸,
2684 3462 2776 3516 τοῦ
2804 3479 2948 3526 τινος
2974 3460 3145 3515 αίτίου
3172 3458 3306 3531 φίλη
3332 3461 3475 3513 ἐστὶν
3502 3457 3533 3527 ἢ
3561 3454 3731 3527 ἐχθρὰ,

2176 3560 2236 3613 ού
2264 3556 2358 3610 τοῦ
2386 3553 2686 3626 ἀνθρώπου.

2245 3669 2430 3727 XCIV.
2471 3667 2639 3737 Κάγὼ
2665 3666 3072 3738 ἀπεκρινάμην·
3104 3664 3179 3718 Ού
3223 3663 3377 3718 δοκεῖ
3407 3680 3488 3717 σοι
3532 3657 3618 3714 οὖν
3647 3675 3728 3727 φι-

2188 3764 2506 3835 λάνθρωπος
2528 3756 2663 3814 εἶναι
2690 3758 2795 3812 κᾶν
2824 3761 2857 3829 ή
2891 3757 3184 3826 ξενοδόχος,
3220 3755 3380 3827 ξένην
3410 3758 3474 3827 ἣν
3494 3756 3588 3808 οὐκ
3614 3750 3732 3822 ἡπί-

2183 3875 2343 3911 στατο
2374 3854 2781 3926 εύεργετήσασα
2808 3867 2823 3917 ;
2856 3850 2965 3903 Καὶ
3000 3851 3028 3901 6
3061 3850 3291 3921 Πέτρος·
3340 3850 3625 3919 Ἐλεήμονα
3648 3843 3732 3915 μὲν

2180 3948 2348 4020 αὐτὴν
2392 3948 2564 3999 εἰπεῖν
2612 3943 2933 4013 ἐπίσταμαι,
2974 3939 3360 4012 φιλάνθρωπον
3386 3941 3440 3994 δὲ
3472 3941 3530 3993 ού
3571 3933 3733 4006 τολμῶ

2180 4040 2379 4109 λέγειν,
2412 4037 2507 4091 ἆτε
2534 4036 2597 4107 δὴ
2640 4033 2772 4107 μηδὲ
2819 4034 2918 4103 τὴν
2966 4032 3234 4087 τεκοῦσαν
3279 4034 3615 4103 φιλότεκνον·
3642 4028 3734 4083 ὑπὸ

2180 4134 2385 4187 ὠδίνων
2402 4129 2510 4201 γὰρ
2530 4128 2623 4181 καὶ
2642 4126 2949 4197 ἀνατροφῆς
2976 4126 3222 4197 στέργειν
3240 4125 3545 4180 πέπεισται·
3567 4123 3734 4191 ὥσπερ

2182 4223 2290 4295 γὰρ
2317 4223 2346 4274 ὁ
2390 4220 2534 4293 ἐρῶν
2583 4218 2687 4272 ὑπὸ
2732 4218 2831 4289 τῆς
2878 4216 3161 4288 συνηθείας
3192 4217 3560 4281 κολακεύεται,
3600 4214 3683 4269 καὶ
3710 4213 3735 4265 ὁ

2186 4308 2335 4386 φίλος
2371 4313 2477 4366 ὑπὸ
2512 4311 2611 4381 τῆς
2634 4310 2887 4381 ἀμοιϐῆς·
2926 4308 3072 4362 οὕτω
3114 4311 3208 4363 καὶ
3234 4312 3262 4363 6
3292 4311 3479 4375 ἐλεῶν,
3510 4311 3608 4366 ὑπὸ
3644 4307 3735 4377 τῆς

2187 4406 2489 4478 συμφορᾶς.
2518 4403 2665 4475 Πλὴν
2695 4404 2861 4471 ἐγγὺς
2902 4403 2931 4454 6
2978 4402 3225 4474 ἐλεήμων
3252 4404 3332 4474 τῷ
3362 4403 3729 4475 φιλανθρώπῳ·

2185 4500 2267 4553 ὅτι
2299 4498 2427 4553 ἄνευ
2455 4495 2550 4550 τοῦ
2578 4514 2629 4549 τι
2660 4496 2892 4567 θηρᾶσαι
2944 4495 3037 4548 καὶ
3077 4495 3278 4559 λαϐεῖν,
3306 4498 3603 4568 εὐεργετεῖν
3630 4493 3733 4546 πεί-

2186 4592 2363 4645 θεται·
2396 4588 2549 4643 ούπω
2585 4588 2642 4641 δὲ
2685 4589 2777 4641 καὶ
2813 4587 3205 4657 φιλάνθρωπος.
3256 4588 3426 4657 Κάγὼ
3463 4585 3735 4658 ἀπεκρινάο

2189 4701 2296 4756 μην
2312 4700 2325 4713 ·
2372 4682 2496 4735 Ἐπὶ
2517 4680 2695 4743 ποίαις
2719 4676 2814 4733 οὖν
2840 4678 3074 4750 πράξεσι
3111 4680 3486 4753 φιλάνθρωπός
3509 4698 3590 4744 τις
3614 4676 3735 4732 εἶναι

2185 4776 2445 4839 δύναται;
2480 4773 2591 4825 Καὶ
2635 4773 2662 4824 6
2705 4771 2911 4841 Πέτρος
2954 4772 3314 4845 ἀπεκρίνατο·
3359 4775 3510 4827 Ἐπεὶ
3555 4772 3657 4845 όρῶ
3685 4786 3733 4823 σε

2182 4866 2497 4937 γλιχόμενον
2520 4862 2772 4926 ἀκοῦσαι,
2793 4864 2845 4916 τί
2866 4865 2994 4917 ποτέ
3018 4866 3130 4918 ἐστι
3152 4866 3338 4936 φιλανθ
3348 4868 3553 4938 ρωπίας
3573 4866 3734 4938 ἔργον,

2188 4959 2289 5011 οὐκ
2331 4958 2544 5027 ὀκνήσω
2590 4957 2792 5008 εἰπεῖν·
2846 4955 3225 5028 φιλάνθρωπος
3253 4959 3456 5022 ἐκεῖνός
3495 4961 3632 5014 ἐστιν
3656 4955 3736 5009 καὶ

2194 5049 2408 5120 ἐχθροῖς
2460 5048 2683 5120 ἡμέρως
2745 5048 2839 5100 καὶ
2879 5050 3241 5121 εὐεργετικῶς
3295 5051 3731 5123 προσφερόμενος.

2197 5142 2393 5196 ’Ότιδέ
2422 5140 2595 5205 οὕτως
2620 5141 2750 5211 ἔχει,
2783 5141 2969 5211 σαφῶς
2994 5143 3175 5197 ἄκουε.
3208 5144 3318 5215 Τὴν
3351 5140 3734 5214 φιλανθρωπίαν

2194 5234 2257 5285 ὲκ
2285 5232 2375 5285 δύο
2402 5250 2491 5303 μοι
2532 5232 2638 5285 νόει
2682 5233 2995 5301 συγκεῖσθαι
3021 5234 3231 5305 μερῶν·
3261 5229 3333 5291 ὧν
3363 5236 3424 5289 τὸ
3463 5235 3557 5306 μὲν
3585 5230 3734 5298 αὐτῆς

1784 5345 2019 5401 VARUE
2059 5346 2457 5402 LECTIONES.

610 5448 655 5482 “
699 5444 973 5508 Clement.,
1004 5447 1151 5497 hom.
1178 5456 1278 5513 xu,
1302 5453 1359 5513 Ac.
1396 5438 1603 5513 εὕρω.
1764 5440 1835 5493 al.
1878 5439 2012 5494 καθό
2033 5482 2047 5503 ,
2078 5443 2158 5513 al.
2191 5441 2313 5497 καθ’
2356 5444 2437 5495 ὃτι
2471 5442 2583 5497 ἐπί.
2624 5443 2708 5496 Al.
2744 5442 2931 5496 καθότι
2959 5444 3057 5513 τὴν
3085 5442 3210 5496 ἀπό.

530 5519 577 5553 τί
617 5520 767 5584 deest
803 5519 856 5571 in
903 5507 975 5570 al.
1040 5515 1083 5545 τ’
1125 5512 1263 5584 Παρ’
1287 5507 1634 5584 ἐμοίηυηιιε
1662 5509 1799 5584 liber
1838 5512 1967 5584 παρξ

528 5588 669 5645 Cor.
745 5589 787 5619 ⁷³
817 5588 887 5641 al.
930 5586 1207 5639 πέπειστο.

3288 5444 3335 5474 τ’
3362 5443 3434 5497 al.
3475 5443 3627 5496 inser.
3659 5449 3728 5488 σε.

2025 5511 2182 5581 ἐμοῦ.
2216 5514 2307 5582 qui
2339 5513 2499 5567 etiam
2533 5513 2965 5567 κατακλατθεῖσα
2998 5509 3252 5579 exhibet,
3280 5514 3371 5568 ubi
3415 5509 3726 5582 κολασθεῖσαι

1284 5578 1582 5650 “mg-qn.
1660 5580 1704 5611 ⁷⁵
1740 5579 1810 5634 al.
1851 5578 2154 5649 δι’ότιίιιί.
2198 5578 2354 5637 δίάτι.

2436 5584 2481 5624 ⁷³
2512 5584 2580 5638 al.
2618 5584 2710 5637 καί
2754 5583 2839 5636 διὰ
2876 5601 2932 5635 τι
2976 5582 3199 5654 ἐχθράή
3240 5576 3399 5654 φίλη,
3436 5584 3466 5652 ή
3502 5576 3724 5642 τοιαύτη.
