4022 6336
332 223 435 279 5'57

1138 226 1599 303 CLEMENTINA.
1635 263 1708 275 —-
1744 204 2045 292 EPITOME
2080 234 2170 292 DE
2203 236 2451 296 GESTIS
2487 238 2544 294 S.
2582 238 2808 297 PETRI.

3466 248 3572 306 558

329 336 689 411 ἐλεημοσύνη,
720 338 780 392 τὸ
811 338 867 393 δὲ
896 340 1081 413 ἀγάπη
1105 344 1250 398 ἐστὶν
1278 347 1310 417 η
1341 347 1477 420 πρὸς
1497 348 1589 403 τὸν
1634 349 1889 422 πλησίον·

1999 352 2256 408 munifice
2289 368 2348 409 se
2380 353 2541 425 gerit.
2575 354 2731 420 Quod
2776 362 2956 409 autem
3018 352 3093 409 ita
3140 353 3361 421 haheat,
3389 356 3569 412 mani-

329 431 557 501 πλησίον
580 431 637 484 δὲ
665 429 934 504 ἀνθρώπῳ
961 434 1127 498 ἐστὶν,
1157 436 1186 487 6
1215 438 1324 500 πᾶς
1369 438 1673 510 ἄνθρωπος,
1697 446 1795 517 οὐχ
1819 447 1899 501 δτι

328 521 410 590 εἷς
440 526 752 598 ἄνθρωπος·
783 525 1066 596 ἄνθρωπος
1107 527 1216 600 γάρ
1271 531 1384 583 ὲστι
1430 533 1523 585 καὶ
1552 535 1720 601 κακὸς
1745 540 1837 593 καὶ
1871 542 1899 594 6

326 619 552 686 ἀγαθὸς,
573 619 666 673 καὶ
692 618 886 691 ἐχθρὸς
905 624 999 677 καὶ
1021 625 1189 695 φίλος.
1218 625 1335 697 Χρὴ
1358 621 1451 680 οὖν
1472 628 1565 683 τὸν
1600 629 1901 703 φιλανθρω-

326 713 459 764 πίαν
489 712 777 779 ἀσκοῦντα,
819 718 1059 788 μιμητὴν
1088 715 1224 771 εἶναι
1250 718 1406 783 Θεοῦ,
1445 722 1834 793 εὐεργετοῦντα
1851 726 1896 758 ⁷⁷

324 801 385 855 δὲ
410 802 651 868 δικαίους
679 822 741 857 τε
789 805 883 860 καὶ
930 807 1167 873 ἀδίκους,
1196 810 1271 875 ὡς
1300 812 1463 878 αὐτὸς
1494 814 1522 869 6
1555 814 1690 880 Θεὸς
1732 818 1791 871 ὲν
1819 817 1899 890 τῷ

326 892 421 946 νῦν
448 894 639 965 κόσμῳ
661 895 753 949 τόν
775 914 835 950 τε
860 897 1009 969 ἥλιον
1052 900 1147 953 καὶ
1190 904 1318 967 τοὺς
1358 905 1546 969 ὑετοὺς
1570 906 1736 961 αὑτοῦ
1763 911 1898 963 πᾶσι

326 984 583 1056 παρέχων
611 986 677 1041 ’⁸.
717 988 779 1041 El
829 988 886 1044 δὲ
946 990 1117 1055 θέλεις
1164 992 1404 1062 ἀγαθοὺς
1434 996 1534 1067 μὲν
1568 999 1894 1071 εὐεργετεῖν,

323 1077 529 1141 κακοὺς
553 1077 609 1131 δὲ
641 1078 910 1146 κολάζειν,
938 1083 1125 1154 κριτοῦ
1179 1084 1341 1157 ἔργον
1386 1088 1645 1160 πράττειν
1689 1092 1895 1164 ἐπιχει-

320 1171 456 1239 ρεῖς.

390 1432 554 1490 XCV.
570 1436 738 1520 Κάγὼ
768 1435 1094 1509 ἔφην’Ἃρά
1116 1457 1178 1510 γε
1204 1441 1299 1494 καὶ
1322 1441 1351 1493 6
1376 1441 1508 1508 Θεὸς
1536 1441 1663 1497 πότε
1676 1443 1744 1475 '9'
1768 1444 1894 1516 μέλ-

317 1524 423 1579 λων
469 1526 693 1597 κρίνειν,
752 1528 828 1591 ὡς
876 1528 1147 1594 διδάσκεις
1194 1533 1362 1601 ἡμᾶς,
1408 1531 1469 1585 οὐ
1517 1531 1893 1604 φιλάνθρωπός

316 1621 431 1672 ἐστι
464 1615 611 1690 (10);
640 1620 749 1673 Kal
771 1622 800 1674 6
828 1621 1061 1693 Πέτρος·
1088 1622 1412 1677 Τούναντίον
1432 1623 1629 1693 λέγεις.
1675 1624 1890 1700 Ἐπειδὴ

314 1709 424 1781 γάρ
446 1712 644 1782 κρίνει,
670 1690 1048 1785 φιλάνθρωπός
1089 1713 1234 1767 ἐστι’
1273 1714 1438 1784 φιλῶν
1467 1690 1575 1788 γάρ
1605 1718 1699 1770 καὶ
1726 1690 1891 1773 ἐλεῶν
1921 1690 1963 1748 Β

312 1803 441 1865 τοὺς
492 1804 874 1874 ἠδικημένους,
928 1808 1249 1877 τιμωρεῖται
1318 1807 1447 1872 τοὺς
1505 1807 1886 1879 ἀδικήσαντας.

314 1894 490 1964 Κάγὼ
508 1894 646 1967 ἔφην
661 1914 674 1927 ·
709 1896 939 1961 Οὐκοῦν,
965 1899 1013 1950 εί
1035 1896 1189 1967 κάγὼ
1210 1898 1450 1967 ἀγαθοὺς
1474 1898 1572 1971 μὲν
1595 1901 1888 1975 εὐεργετῶ,

311 1994 439 2057 τοὺς
470 1993 527 2047 δὲ
557 1992 879 2058 ἀδικοῦντας
909 1993 1030 2047 καθ’
1061 1993 1089 2047 δ
1132 1993 1453 2064 ἀνθρώπους
1493 1994 1761 2067 ἠδίκησαν
1808 2013 1891 2049 τι-

315 2085 632 2157 μωροῦμαι,
666 2084 1044 2157 φιλάνθρωπός
1063 2088 1195 2156 είμι.
1223 2087 1331 2140 Καὶ
1365 2088 1393 2138 6
1431 2087 1639 2159 Πέτρος
1662 2088 1889 2160 ἀπεκρί-

310 2195 442 2232 νατο
461 2195 476 2209 ·
510 2179 573 2231 El
599 2177 734 2249 μετά
763 2178 857 2231 τοῦ
889 2179 1197 2250 πρόγνωσιν
1227 2179 1388 2249 ἔχειν,
1414 2179 1594 2249 ὲφεῖτό
1621 2197 1702 2236 σοι
1734 2182 1828 2235 καὶ
1852 2183 1885 2253 ἡ

308 2270 406 2324 τοῦ
436 2272 643 2341 κρίνειν
671 2270 909 2340 ἐξουσία,
937 2271 1111 2343 ὀρθῶς
1131 2271 1197 2325 ἂν
1225 2272 1382 2325 τοῦτο
1405 2260 1629 2335 ἐποίεις⁹
1667 2271 1755 2326 διά
1786 2272 1886 2343 μὲν

309 2361 404 2415 τοῦ
443 2362 723 2433 εἰληφέναι
750 2363 849 2436 τὴν
887 2363 1155 2431 ἐξουσίαν,
1190 2351 1567 2429 καταδικάζων
1589 2363 1683 2429 οὒς
1710 2365 1738 2417 6
1756 2364 1888 2430 Θεὸς

306 2455 741 2528 ἐδημιούργησεο
770 2455 857 2509 διὰ
884 2456 939 2510 δὲ
962 2457 1062 2528 τὴν
1087 2457 1390 2527 πρόγνωσιν
1427 2455 1536 2528 (11)
1576 2456 1888 2522 ἀπταίστως

308 2548 367 2600 ὲν
395 2546 479 2617 τῷ
506 2547 735 2618 κρίνειν,
778 2546 873 2612 οὓς
917 2547 1016 2619 μὲν
1066 2548 1142 2611 ὡς
1173 2548 1412 2611 δικαίους
1440 2548 1685 2613 δικαιῶν,
1713 2547 1807 2612 οῦς
1828 2549 1887 2603 δὲ

308 2641 383 2705 ὡς
414 2641 634 2705 ἀδίκους
666 2641 1059 2707 καταδικάζων.
1094 2641 1263 2710 Κάγὼ
1309 2641 1475 2713 ἔφην’
1516 2642 1719 2714 Ὀρθῶς
1751 2642 1887 2716 ἔφης

308 2736 405 2788 καὶ
434 2733 673 2804 ἀληθῶς
705 2734 962 2788 ἀδύνατον
980 2734 1087 2806 γάρ
1112 2752 1231 2787 τινα
1258 2734 1562 2807 πρόγνωσιν
1581 2735 1681 2789 οὐκ
1697 2734 1887 2805 ἔχοντα

307 2828 519 2899 κρίνειν
549 2826 746 2899 ὀρθῶς.
792 2825 993 2880 Ἐνίοτε
1018 2824 1127 2897 γάρ
1154 2826 1434 2895 φαίνονταί
1488 2843 1635 2888 τινες
1668 2826 1884 2895 ἀγαθοὶ,

307 2920 547 2992 ἀθέμιτα
604 2919 790 2992 κρύφα
850 2919 1333 2992 διαπραττόμενον
1383 2918 1515 2973 ἔνιοι
1558 2918 1617 2972 δὲ
1666 2918 1883 2989 ἀγαθοὶ,

2003 442 2144 499 festo
2198 444 2346 500 audi.
2395 444 2527 499 Mihi
2578 445 2782 513 cogita,
2826 445 3225 501 humanitatem
3258 462 3322 502 ex
3356 448 3569 503 duabus

2002 533 2250 604 partibus
2272 544 2524 591 constare
2547 552 2562 599 ;
2588 550 2822 606 quarum
2854 549 2962 590 una
2992 534 3235 605 quidem,
3258 535 3570 591 miscricor-

2004 627 2093 682 dia
2127 627 2230 695 sit;
2269 628 2440 683 altera
2490 643 2643 697 vero,
2670 628 2891 684 dilectio
2920 627 2975 682 in
3004 629 3315 700 proximum
3339 646 3353 684 :
3376 628 3568 699 proxi-

2001 738 2126 779 mus
2168 731 2347 777 autem
2396 721 2605 776 homini
2628 730 2731 789 est,
2765 720 3027 792 quilibet'
3065 717 3230 779 l‘omo
3254 765 3271 791 ,
3355 722 3555 779 nedum

1999 830 2143 869 unus
2189 813 2391 882 homo;
2433 815 2595 870 homo
2626 813 2773 869 enim
2797 820 2902 879 est,
2933 811 3099 866 etiam
3145 814 3345 877 malus,
3385 822 3440 869 et
3464 813 3566 867 bo-

1998 922 2124 972 nus,
2156 908 2331 964 hostis
2376 907 2579 979 pariter
2628 921 2694 962 ac
2736 904 2971 961 amicus.
3010 902 3235 975 Oportet
3279 919 3408 975 ergo
3439 920 3565 959 eum

1998 1000 2094 1072 qui
2143 998 2542 1054 humanitatem
2573 996 2725 1062 colit,
2755 995 3087 1050 imitatorem
3121 993 3215 1049 Dei
3258 1009 3398 1058 esse,
3422 1004 3476 1049 et
3501 995 3568 1051 de

1992 1091 2158 1163 justis
2203 1100 2367 1161 atque
2420 1088 2641 1159 injustis
2672 1087 2812 1142 bene
2841 1085 3041 1141 mereri
3072 1103 3088 1153 ;
3121 1084 3263 1141 sicut
3285 1084 3399 1156 ipse
3424 1084 3567 1140 Deus

1996 1183 2051 1238 in
2085 1183 2187 1239 hoc
2213 1183 2417 1237 mundo
2444 1181 2614 1237 solem
2662 1178 2974 1247 imbresque
3004 1191 3138 1233 suos
3181 1177 3396 1232 cunctis
3426 1192 3565 1246 prae-

1994 1271 2170 1327 bet".
2207 1270 2362 1338 Quod
2401 1271 2448 1327 si
2488 1270 2571 1325 vis
2617 1247 2779 1324 bonis
2827 1265 3047 1336 quidem
3080 1264 3421 1332 benefacere,
3452 1280 3567 1319 ma-

1994 1362 2077 1419 los
2104 1377 2233 1417 vero
2263 1364 2479 1433 punire,
2504 1360 2702 1432 iudicis
2725 1375 2928 1414 munus
2954 1358 3180 1428 implere
3207 1355 3418 1412 niteris.

2071 1447 2234 1505 XCV.
2277 1448 2345 1505 Et
2364 1465 2464 1521 ego
2493 1448 2605 1504 dixi
2632 1464 2647 1501 :
2676 1445 2846 1518 Igitur
2870 1455 2925 1502 et
2953 1444 3117 1514 Deus,
3148 1447 3240 1516 qui
3274 1455 3385 1501 tum
3413 1446 3565 1516 judi-

1992 1549 2216 1595 caturus
2245 1547 2347 1606 est,
2380 1549 2439 1595 ut
2489 1554 2593 1595 nos
2622 1538 2809 1605 doces,
2837 1555 2945 1594 non
3003 1547 3088 1593 cst
3140 1538 3456 1594 humanus?
3484 1540 3564 1592 Ac

1992 1632 2185 1690 Petrus
2208 1652 2223 1688 :
2248 1630 2552 1705 Pugnantia
2576 1631 2834 1703 loqueris.
2867 1628 3002 1685 Nam
3030 1629 3158 1701 quia
3198 1628 3429 1699 judicat,
3459 1630 3565 1684 hu-

1993 1739 2191 1781 manus
2219 1732 2306 1780 est
2334 1742 2349 1779 :
2376 1723 2609 1795 diligens
2639 1722 2783 1779 enim
2808 1738 2873 1778 ac
2907 1723 3202 1779 miseratus
3246 1721 3445 1792 injuria
3476 1719 3558 1775 af-

1991 1818 2179 1887 fectos,
2208 1818 2465 1891 injuriam
2501 1816 2798 1873 inferentes
2826 1817 3032 1887 plectit.
3074 1815 3138 1871 Et
3181 1830 3305 1887 ego,
3350 1814 3558 1887 Itaque,

1992 1910 2238 1981 inquam,
2272 1910 2318 1965 si
2350 1910 2465 1981 ipse
2495 1909 2656 1965 bonis
2685 1908 2985 1974 benefacio,
3010 1918 3065 1963 et
3094 1908 3394 1977 injuriosos
3427 1909 3559 1978 quia

1990 2001 2175 2073 injurii
2221 2017 2349 2073 erga
2402 2002 2656 2058 homines
2714 2001 2936 2058 fuerunt
2983 2003 3214 2073 castigo,
3275 2004 3551 2058 humanus

1988 2109 2134 2151 sum.
2174 2092 2242 2148 Et
2278 2093 2472 2150 Petrus
2500 2094 2784 2163 reSpondit
2817 2113 2830 2148 :
2865 2092 2921 2149 Si
2957 2110 3063 2149 una
3100 2110 3223 2149 cum
3262 2096 3558 2166 praenotio-

1990 2199 2058 2238 ne
2086 2183 2476 2239 concederetur
2509 2184 2604 2239 tibi
2643 2191 2696 2239 et
2717 2183 2999 2253 iudicandi
3029 2194 3291 2253 potestas,
3325 2194 3471 2241 recte
3503 2185 3556 2241 id

1989 2273 2356 2346 faceres:per
2404 2285 2683 2346 acceptam
2729 2276 2949 2345 quidem
3005 2284 3328 2346 potestatem
3358 2317 3373 2344 ,
3428 2291 3560 2331 con-

1988 2368 2255 2424 demnans
2292 2382 2388 2423 eos
2426 2383 2563 2438 quos
2587 2366 2732 2422 Deus
2766 2367 3007 2434 creavit;
3038 2382 3132 2437 per
3162 2369 3557 2437 praenotionem

1986 2473 2119 2512 vero
2148 2457 2423 2528 inculpate
2472 2458 2527 2512 in
2582 2458 2898 2528 iudicando,
2925 2468 3038 2512 tum
3101 2459 3241 2515 alios
3297 2468 3555 2529 tanquam

1983 2550 2162 2621 justos
2190 2550 2499 2616 absolvens,
2530 2558 2645 2603 tum
2673 2549 2810 2605 alios
2837 2559 3097 2620 tanquam
3135 2550 3370 2621 iniustos
3398 2552 3555 2606 dam-

1988 2657 2146 2696 nans.
2189 2640 2254 2695 Et
2279 2656 2378 2711 ego
2405 2640 2519 2695 dixi
2549 2656 2563 2691 :
2595 2637 2762 2696 Recte
2790 2638 3007 2694 locutus
3032 2654 3091 2694 es
3134 2654 3199 2694 ac
3228 2656 3353 2695 vere
3384 2658 3398 2695 :
3431 2641 3547 2695 fieri

1987 2732 2131 2788 enim
2166 2733 2372 2802 nequit,
2403 2740 2463 2786 ut
2484 2732 2577 2802 qui
2603 2730 2944 2801 praenotione
2966 2728 3357 2799 caret,judicct
3387 2740 3553 2786 recte.

1987 2822 2261 2878 Interdum
2291 2823 2496 2894 quippe
2522 2822 2768 2877 nonnulli
2796 2820 3049 2876 videntur
3073 2820 3225 2886 boni,
3251 2820 3343 2890 qui
3370 2820 3553 2875 illicita

1987 2908 2127 2966 clam
2158 2919 2473 2980 perpetrant
2513 2909 2802 2967 :uonnulli
2833 2924 2962 2964 vero
3004 2908 3156 2977 boni,
3188 2909 3429 2965 hostium
3463 2925 3548 2965 ca-

308 3014 413 3066 ὑπὸ
455 3012 714 3082 διαϐολῆς
755 3011 964 3085 ἐχθρῶν
988 3012 1148 3065 κακοὶ
1180 3011 1704 3083 ῦπολαμδανόμενοι.
1745 3012 1885 3067 Ἀλλ’

1989 3002 2199 3057 lumnia
2243 3002 2373 3057 mali
2416 3016 2539 3058 esse
2586 3000 2905 3058 creduntur.
2952 2998 3056 3056 Sed
3096 3011 3150 3057 et
3177 3002 3223 3058 si
3253 3001 3377 3072 quis
3404 3010 3557 3071 pote-

303 3109 351 3160 εἰ
372 3104 471 3159 καὶ
493 3102 591 3158 τοῦ
617 3104 923 3175 βασανίζειν
944 3105 1036 3158 καὶ
1051 3104 1360 3176 ἀνακρίνειν
1379 3102 1623 3169 ἐξουσίαν
1645 3122 1729 3169 τις
1747 3105 1885 3176 ἔχων

1989 3104 2126 3153 state
2158 3094 2447 3165 torquendi
2499 3106 2554 3150 et
2594 3093 2953 3165 quaestionem
3004 3094 3238 3149 habendi
3295 3092 3556 3164 praeditus

302 3197 540 3261 δικάζει,
574 3196 693 3249 οὐδὲ
715 3195 887 3259 οὕτως
908 3194 1019 3261 ἔξει
1045 3195 1262 3259 πάντως
1285 3196 1347 3249 τὸ
1365 3196 1589 3262 δικαίως
1609 3197 1851 3263 δικάζειν
1866 3216 1880 3230 ο

304 3290 435 3343 ἔνιοι
490 3288 599 3359 γάρ
648 3291 829 3357 φονεῖς
877 3287 1046 3351 ὄντες,
1081 3286 1200 3341 εἷτα
1225 3287 1325 3351 τὰς
1356 3287 1621 3358 βασάνους
1658 3291 1886 3360 ὑπενεγ-

303 3384 494 3445 κόντες
516 3421 532 3445 ,
579 3380 877 3451 ἀφείθησαν
912 3379 986 3443 ὡς
1007 3377 1193 3432 ἀθῶοι·
1232 3379 1408 3450 ἕτεροι
1446 3380 1502 3432 δὲ
1531 3380 1690 3434 πάλιν
1715 3381 1883 3436 ἀθῶοι

302 3472 690 3543 τυγχάνοντες,
724 3470 827 3534 τὰς
875 3470 1142 3541 βασάνους
1196 3471 1294 3541 οὐχ
1336 3472 1743 3542 ὑπομείναντες,
1790 3476 1884 3528 καὶ

301 3565 389 3619 διὰ
427 3562 592 3617 τοῦτο
635 3562 1109 3634 καταψευσάμενοι
1137 3560 1366 3626 ἑαυτῶν,
1394 3563 1470 3626 ὡς
1496 3564 1657 3617 αἴτιοι
1694 3565 1883 3620 ἐκολά-

304 3659 533 3730 σθησαν.

368 3748 561 3805 XCVL
605 3750 714 3802 Καὶ
746 3747 773 3800 6
802 3746 1032 3818 Πέτρος,
1068 3747 1221 3817 Ἔχει
1270 3746 1504 3818 μετρίως
1551 3747 1645 3801 καὶ
1686 3747 1879 3813 ταῦτα,

302 3844 434 3915 ἔφη’
474 3844 536 3897 τὸ
577 3843 634 3897 δὲ
668 3842 852 3913 μεῖζον
876 3842 1123 3896 ἄκουσον.
1160 3839 1346 3893 Ἐνίων
1373 3838 1672 3910 ἀνθρώπων
1710 3842 1884 3914 ἀμαρ-

300 3935 579 3989 τανόντων
627 3934 661 4004 ἢ
709 3928 768 3986 εὖ
825 3931 1210 4003 πραττόντων,
1258 3931 1294 3985 ἃ
1344 3932 1443 4002 μὲν
1497 3923 1571 3985 ὧν
1635 3933 1879 3989 ποιοῦσιν

302 4029 410 4084 ίδιά
463 4030 615 4079 ἐστιν
655 4024 858 4090 αὐτῶν,
906 4024 943 4079 ἃ
996 4024 1052 4082 δὲ
1099 4025 1193 4077 καὶ
1232 4023 1513 4095 ἀλλότρια·
1565 4024 1773 4080 δίκαιον
1821 4025 1879 4081 δὶ

300 4124 538 4177 ἕκαστον
579 4119 671 4172 ἐπὶ
712 4121 826 4180 τοῖς
867 4118 1019 4180 ἰδίοις
1050 4116 1409 4187 ἁμαρτήμασι
1436 4116 1878 4191 τιμωρεῖσθαι,ῆ

302 4216 395 4268 ἐπὶ
428 4216 545 4276 τοῖς
606 4209 1025 4283 κατορθώμασιν
1076 4209 1309 4280 ἀμοιϐῆς
1350 4208 1648 4275 ἀξιοῦσθαι·
1686 4210 1879 4266 ἀδύνα-

300 4328 388 4364 τον
415 4311 477 4364 δέ
496 4324 603 4360 τινι
627 4305 764 4376 πλὴν
784 4304 1035 4375 προφήτῃ
1064 4303 1208 4373 μόνῳ
1236 4301 1538 4373 πρόγνωσιν
1563 4303 1673 4375 (12)
1704 4303 1876 4374 ἔχοντι

1980 3186 2208 3257 judicet,
2244 3201 2423 3255 neque
2464 3185 2547 3241 sic
2572 3186 2773 3257 poterit
2799 3184 3024 3240 omnino
3067 3184 3217 3255 juste
3262 3184 3551 3256 judicare:

1985 3278 2208 3349 quidam
2238 3278 2408 3343 enim,
2443 3293 2570 3334 cum
2610 3276 2904 3332 homicidae
2932 3285 3135 3343 essent,
3176 3286 3361 3346 postea
3400 3293 3554 3347 quae-

1984 3369 2182 3424 stionis
2227 3376 2498 3423 tormenta
2554 3368 2911 3435 sustinentes,
2957 3368 3172 3425 dimissi
3222 3378 3370 3437 sunt,
3409 3370 3556 3424 velut

1983 3458 2223 3525 innoxii;
2254 3466 2309 3513 et
2347 3458 2439 3512 alii
2488 3474 2704 3524 rursus,
2730 3460 2824 3528 qui
2858 3459 3179 3515 innocentes
3219 3469 3396 3526 erant,
3428 3475 3554 3517 cum

1984 3557 2254 3604 tormenta
2288 3547 2431 3604 ferre
2476 3564 2585 3603 non
2628 3550 2958 3618 potuissent,
3000 3550 3231 3621 ideoque
3262 3564 3449 3606 contra
3495 3567 3555 3607 se

1983 3642 2195 3696 mentiti
2219 3642 2475 3710 fuissent,
2506 3650 2765 3711 tanquam
2791 3642 2871 3696 rei
2902 3642 3076 3697 affecti
3106 3652 3235 3697 sunt
3264 3644 3552 3713 supplicio.

2054 3751 2241 3808 XCVI.
2284 3751 2423 3807 Tum
2451 3751 2649 3808 Petrus
2676 3771 2690 3806 τ
2713 3752 2890 3823 Atque
2920 3753 3057 3819 haec,
3092 3754 3289 3824 inquit,
3339 3754 3551 3810 modica

1988 3854 2153 3913 sunt;
2190 3844 2317 3899 audi
2368 3859 2498 3899 vero
2547 3844 2729 3914 majus
2771 3844 3072 3915 quidpiam.
3105 3844 3333 3912 Quando
3383 3847 3551 3916 aliqui

1983 3938 2237 3993 homines
2281 3949 2530 4007 peccant,
2591 3937 2675 3991 vel
2729 3936 2869 3992 bene
2930 3946 3136 4008 agunt;
3190 3953 3381 3993 eorum
3430 3954 3553 4008 qua:

1982 4040 2302 4102 operantur,
2349 4031 2455 4085 alia
2509 4030 2754 4101 ipsorum
2806 4030 3024 4100 pr0pria
3070 4039 3220 4100 sunt,
3252 4032 3354 4087 alia
3385 4034 3547 4087 etiam

1980 4123 2158 4179 aliena
2185 4142 2197 4178 :
2224 4139 2440 4194 aequum
2464 4138 2596 4178 vero
2627 4131 2711 4176 est
2742 4138 3190 4194 unumquemque
3216 4140 3317 4194 pro
3339 4125 3550 4181 delictis

1981 4215 2220 4285 propriis
2262 4215 2393 4270 dare
2441 4230 2652 4287 poenas,
2692 4224 2786 4269 aut
2819 4229 2918 4285 pro
2963 4225 3110 4271 recte
3140 4215 3299 4273 factis
3326 4220 3549 4288 prtemio

1982 4306 2195 4361 donari.
2223 4304 2367 4362 Fieri
2404 4316 2588 4361 autem
2626 4322 2735 4362 non
2781 4316 2982 4378 potest,
3014 4319 3073 4365 ut
3103 4310 3397 4379 quispiam,
3444 4312 3545 4367 nisi

303 4402 408 4456 ὑπό
434 4416 587 4462 τινος
629 4396 895 4467 γενόμενα
943 4394 1140 4447 εἰδέναι
1191 4394 1396 4464 σαφῶς,
1424 4397 1551 4448 ποῖα
1587 4397 1682 4467 μὲν
1714 4395 1875 4449 αὐτοῦ

1989 4400 2133 4454 solus
2184 4399 2586 4471 propheta,qui
2626 4398 3021 4470 praenotionem
3056 4401 3240 4471 habet,
3267 4402 3335 4457 ah
3364 4403 3549 4474 aliquo

1570 4506 1804 4562 VARI/12
1844 4508 2247 4569 LECTIONES.

372 4612 586 4667 "deest
618 4609 670 4663 in
687 4608 756 4662 al.
820 4605 949 4660 “al.
990 4604 1236 4679 παρέχει.
1308 4605 1375 4636 ⁷⁸⁹
1392 4602 1582 4676 δία·ιῆ
1604 4606 1705 4676 leg.
1726 4607 2007 4675 7:015,Lat.
2022 4626 2152 4666 vero
2175 4613 2461 4683 aliquando
2477 4612 2743 4670 locatum.
2764 4613 2863 4668 En.
2881 4609 3055 4666 Pun.
3122 4607 3546 4677 "Matth.v,45.

1610 4726 1972 4784 VARIORUM
2006 4728 2233 4785 NOTAE.

369 4828 500 4901 (ιο),
530 4827 623 4901 Οὐ.
644 4823 1060 4894 φιλάνθρωπός
1085 4822 1240 4901 ἐστιἶ
1269 4820 1461 4876 Melius
1487 4821 1741 4901 vertisset
1769 4838 1872 4901 no-

296 4890 408 4956 ster
439 4890 753 4953 {hominum
786 4890 995 4964 aniens,
1020 4908 1185 4964 quam
1220 4890 1501 4964 humanus,
1542 4892 1871 4964 ambiguita-

294 4972 366 5026 tis
388 4968 627 5023 vitauda:
659 4981 845 5021 causa.
876 4963 979 5020 Sed
1030 4962 1232 5032 ubique
1276 4962 1438 5016 verba
1470 4962 1654 5017 lectori
1696 4962 1871 5032 adnu-

297 5050 497 5099 merat.
533 5052 638 5091 non
685 5034 960 5104 appendit.
990 5032 1087 5087 Vir
1110 5029 1324 5104 doctus,
1361 5032 1456 5102 qui
1480 5046 1547 5085 ex
1576 5046 1670 5104 ore
1699 5029 1864 5104 Henr.

308 5109 509 5165 Valesii
537 5101 1078 5175 excepit—versionem
1114 5101 1507 5157 llistoricOrum
1534 5101 1867 5175 ecclesiasti-

297 5196 514 5243 corum,
550 5170 1009 5231 animadverterat
1056 5175 1232 5229 virum
1274 5187 1550 5243 summum
1592 5170 1866 5243 interdum

296 5240 534 5305 nimium
573 5262 603 5301 a
641 5245 823 5300 verbis
860 5245 1173 5310 abscedere,
1202 5243 1297 5298 sed
1347 5243 1465 5312 ipse
1492 5240 1656 5312 nimis
1685 5241 1867 5295 adhae-

299 5336 427 5375 rens
458 5326 721 5388 perpetuo
761 5312 1099 5439 βαὲὅαρίςει,
1129 5328 1229 5368 nec
1258 5310 1470 5382 semper
1509 5310 1737 5391 feliciter
1765 5326 1865 5380 po-

299 5400 550 5439 testatem
596 5401 793 5439 vocum
868 5400 1131 5439 raacarum
1162 5383 1435 5439 exprimit.
1467 5380 1586 5436 Hoc
1613 5382 1788 5435 obiter
1810 5388 1864 5434 et

297 5380 572 5444 testatem'
596 5380 793 5440 vocum
819 5380 1131 5439 Graecarum
1162 5380 1435 5452 exprimit.
1467 5380 1586 5452 Hoc
1613 5382 1788 5452 obiter
1810 5388 1864 5434 et

299 5460 488 5524 semel,
507 5456 655 5581 qgod
682 5455 990 5511 sexcenties
1017 5454 1125 5510 dici
1155 5451 1353 5523 potuit,
1376 5452 1465 5508 hic
1488 5451 1859 5507 adnotandum

301 5531 508 5581 sensui.
593 5541 717 5581 LER.

301 5544 508 5584 80118111.
546 5541 717 5581 υιειι.

370 5599 480 5669 (ll)
519 5597 639 5669 Τὴν
668 5596 1025 5669 πρόγνωσιν.
1057 5593 1156 5649 Hic
1179 5610 1281 5648 vox
1315 5592 1617 5669 πρόγνωσις
1640 5605 1753 5669 non
1784 5600 1866 5645 est

304 5663 799 5741 ιπίὲιιόιὶσέλιιιίειι⁷
828 5666 969 5723 enim
996 5682 1272 5737 praenosse
1299 5664 1493 5736 delicta
1523 5663 1743 5728 minime
1769 5676 1863 5716 ne-

1978 4840 2133 4881 cesse
2180 4827 2364 4892 habet,
2418 4826 2511 4882 sed
2571 4835 2782 4882 tantum
2832 4824 2974 4882 scire
3009 4821 3547 4893 praeteritapneque

1974 4896 2118 4968 enim
2160 4911 2353 4968 poenas
2381 4897 2553 4968 sumit
2596 4898 2663 4953 de
2703 4897 2905 4952 futuris
2932 4892 3174 4968 flagitiis,
3203 4893 3305 4968 sed
3321 4892 3389 4946 de
3417 4907 3527 4960 prae

1973 4962 2180 5049 teritis:
2203 4967 2375 5049 Igitur
2426 4967 2756 5049 πρόγνωσις,
2803 4966 2947 5036 apud
3007 4962 3154 5049 hunc
3203 4962 3541 5049 scriptorem,

1972 5044 2055 5090 est
2103 5037 2207 5110 hoc
2231 5031 2386 5091 'loco
2418 5031 2527 5090 τῶν
2547 5031 2821 5110 ’πρότερον
2838 5031 3154 5110 ’γεγονότων
3190 5031 3410 5110 γνῶσις,
3448 5046 3541 5110 seu

1974 5105 2214 5174 cognitio
2238 5122 2428 5176 eorum
2455 5123 2578 5176 qua:
2600 5103 2754 5176 prius
2784 5103 3081 5161 fac‘ta'sunt
3106 5103 3388 5176 ab__i_is,_de
3413 5103 3540 5169 qui-

1974 5172 2076 5229 bus
2100 5177 2364 5231 sententia
2397 5172 2702 5231 fer'turfAn
2732 5192 2860 5231 vero
2882 5188 3114 5244 usquam
3136 5172 3265 5227 alibi
3298 5172 3411 5244 haec
3437 5185 3539 5224 vox

1974 5244 2075 5298 hoc
2101 5246 2407 5315 signiﬁcatu
2434 5256 2711 5313 occurrat,
2737 5246 2912 5301 fateor
2939 5242 3027 5299 me
3052 5244 3321 5315 ignorare.
3352 5242 3429 5315 In:

2040 5308 2551 5397 (12)”Πρόγνῳσιν.
2588 5308 2930 5397 ῌίοήιιοίιυε
2960 5308 3536 5397 Ιιειοξινοοοᾼξίβῐιίῗίξοςι.

1968 5380 2059 5460 tur
2080 5380 2187 5440 τῶν
2205 5380 2510 5460 γένὸμένων
2525 5380 2745 5456 γνῶσις,
2773 5380 3148 5460 ut'sequentia
3164 5380 3331 5435 verba
3354 5389 3540 5460 osten-

1966 5455 2133 5522 dunt;
2172 5450 2348 5525 neque
2382 5450 2548 5511 enim'
2580 5450 3075 5525 cumﬂpravis—ione
3125 5450 3434 5525 futurorum
3462 5450 3535 5525 _in

1972 5520 2565 5596 prephetis'conjuncta
2585 5525 2692 5580 fuit
2711 5520 2951 5597 cognitio
2982 5520 3376 5597 praeteritorum
3398 5538 3413 5590 ;
3460 5520 3534 5575 ita

1972 5593 2031 5651 ut
2068 5593 2333 5665 posterior
2360 5593 2395 5653 ὁ
2427 5597 2607 5666 priore
2637 5593 2977 5666 sequeretur.
3005 5593 3172 5647 Cncn.
