4066 6330
536 312 640 369 5⁸59

1371 305 1430 364 S.
1470 300 1861 361 CLEMENTIS
1898 300 1919 356 I
1957 297 2122 356 ROM.
2165 294 2369 352 PONT.
2411 292 2647 349 OPERA
2684 289 2916 349 DUBIA.

3646 283 3739 339 540

533 432 684 493 gesta
737 431 888 479 certo
938 404 1109 489 sciat;
1163 437 1417 493 quamam
1465 420 1685 491 quidem
1725 418 1845 488 ejus
1884 415 2139 487 propria,

2224 426 2352 461 ιστιν
2380 408 2507 470 ἴδια,
2534 409 2658 458 ποῖα
2683 404 2740 457 δὲ
2769 399 2877 456 οὐκ
2898 401 3032 455 ἔστι.
3055 400 3226 469 Κάγὼ
3248 397 3407 469 ἔφην’
3448 395 3742 470 Ἐὗουλὸμην

534 519 666 585 sint,
695 531 949 588 quzenam
998 531 1127 570 vero
1170 532 1279 570 non
1314 515 1443 571 sint.
1496 512 1564 567 Et
1591 529 1714 583 ego.
1755 510 1982 577 Vellem,
2019 508 2105 562 in-

536 627 724 683 quam,
761 610 972 675 audire,
1026 624 1136 679 quo
1194 608 1355 663 modo
1387 623 1451 661 ex
1477 604 1801 661 criminibus
1837 602 1940 656 alia
1978 599 2098 671 qui-

535 705 657 759 dem
699 704 807 758 sint
837 701 1076 771 propria,
1109 700 1215 754 alia
1246 715 1376 753 vero
1406 699 1603 754 aliena.
1654 696 1722 750 Et
1748 695 1942 750 Petrus
1972 691 2106 747 mihi

537 794 815 865 respondit
847 810 860 845 :
899 792 1164 846 Dominus
1215 800 1402 847 noster
1444 788 1604 845 Jesus
1653 788 1907 842 Christus
1936 785 2108 839 Filius

537 886 630 941 Dei
667 884 805 940 dixit
836 902 847 938 :
887 881 1103 953 Oportet
1142 891 1203 934 ut
1228 882 1438 935 veniant
1481 878 1635 932 bona.
1667 878 1862 932 Beatus
1908 884 2106 939 autem,

536 978 737 1050 inquit,
779 994 870 1047 per
918 991 1071 1047 quem
1122 975 1355 1028 veniunt.
1402 971 1667 1026 Similiter
1701 984 1902 1022 necesse
1926 977 2025 1029 est,
2051 975 2110 1019 ut

535 1071 699 1127 etiam
742 1069 956 1126 veniunt
1013 1069 1300 1120 malama:
1353 1072 1530 1117 autem
1578 1060 1660 1115 illi
1693 1076 1787 1131 per
1830 1075 1981 1131 quem
2027 1073 2112 1111 ve-

538 1160 776 1215 niunt“.
809 1159 980 1213 Porro
1013 1159 1058 1215 si
1110 1174 1205 1228 per
1256 1156 1433 1211 malos
1461 1155 1688 1210 veniunt
1739 1152 1904 1218 mala,
1935 1161 1988 1205 et
2016 1166 2113 1220 per

539 1253 713 1306 bonos
754 1251 896 1304 bona
937 1249 1277 1314 inferuntur;
1311 1248 1490 1302 inesse
1532 1244 1829 1315 unicuique
1873 1252 2109 1315 oportet,

540 1344 654 1398 sive
688 1344 890 1397 bonum
929 1343 1043 1397 sive
1067 1342 1269 1396 malum
1296 1339 1551 1409 gesserit,
1585 1346 1645 1393 ut
1673 1346 1728 1393 et
1756 1338 1902 1408 quod
1931 1354 1961 1391 a
1983 1336 2111 1406 Spi-

541 1437 648 1490 ritu
698 1436 900 1490 dictum
950 1434 1087 1489 fuit:
1119 1435 1225 1499 Qui
1275 1432 1455 1487 reddet
1497 1431 1779 1501 unicuique
1827 1429 2113 1483 secundum

541 1540 697 1593 opera
726 1524 840 1593 ejus
866 1523 911 1555 ³³
931 1566 946 1590 ,
970 1539 1157 1577 verum
1185 1523 1256 1578 sit
1278 1538 1504 1593 prorsus
1530 1536 1595 1576 ac
1612 1520 1917 1575 indubium.
1942 1519 1989 1551 ⁸⁸
2008 1518 2115 1573 Sed

541 1624 723 1669 tamen
760 1615 854 1684 qui
885 1615 1139 1669 virtutem
1171 1615 1397 1669 omnino
1443 1614 1679 1677 allectat,
1710 1613 1891 1678 debet,
1923 1627 2116 1681 quem-

544 1709 839 1762 admodum
868 1707 1006 1760 dixit
1025 1706 1300 1771 Christus,
1326 1707 1583 1761 inimicos
1607 1719 1826 1776 quoque
1855 1704 2111 1774 diligere;

2211 500 2399 574 μαθεῖν
2430 497 2547 562 πῶς
2573 498 2682 551 τῶν
2719 496 3069 567 ἀδικημάτων
3103 495 3170 559 ⁸⁵,
3199 492 3270 546 τὰ
3312 492 3410 563 μὲν
3458 490 3575 551 ῐδια,
3604 492 3663 545 τὰ
3688 492 3739 546 δὲ

2207 593 2481 665 ἁλλᾶτρια.
2512 591 2623 645 Καὶ
2644 590 2674 642 6
2704 589 2910 660 Πέτρος
2956 605 3044 661 μοι
3089 586 3450 658 ἀπεκρίνατο·
3482 583 3741 656 Ὀ·Κύριος

2205 684 2365 758 ἡμῶν
2430 682 2638 754 Ἰησοῦς
2703 682 2939 754 Χριστὸς
2981 682 3010 734 6
3058 680 3186 745 Υἱὸς
3231 678 3328 735 τοῦ
3357 676 3484 733 Θεοῦ
3515 678 3630 749 ἔφη’
3677 680 3745 732 Τὰ

2208 778 2398 849 ἀγαθὰ
2426 776 2626 831 ἐλθεῖν
2653 775 2761 830 δεῖ.
2789 773 3092 844 Μακάριος
3130 773 3219 837 δὲ,
3250 774 3401 844 φησὶ,
3432 772 3500 826 δι’
3518 771 3581 826 οὗ
3599 773 3747 840 ἔρχε-

2210 892 2303 928 ται
2318 871 2448 945 (15),
2467 872 2709 941 Ὁμοίως
2734 868 2963 939 ἀνάγκη
2999 868 3101 921 καῖ
3121 868 3193 921 τὰ
3220 866 3371 919 κακὰ
3396 863 3579 919 ἐλθεῖν
3594 882 3607 895 ·
3630 862 3748 918 οὐαὶ

2210 966 2277 1020 δὲ
2304 964 2377 1018 δι’
2399 963 2469 1017 οὗ
2500 964 2753 1030 ἔρχεται.
2776 962 2839 1014 Εἰ
2870 958 2926 1013 δὲ
2954 958 3041 1012 διά
3068 956 3252 1012 κακῶν
3291 956 3500 1027 ἔρχεται
3524 953 3588 1007 τὰ
3602 953 3747 1018 κακά,

2210 1060 2305 1113 καὶ
2321 1057 2408 1111 διὰ
2422 1055 2642 1125 ἀγαθῶν
2658 1052 2834 1123 ἀγαθὰ
2848 1053 3093 1124 φέρεται,
3108 1053 3385 1122 προσεῖναι
3400 1048 3475 1100 δεῖ
3489 1046 3681 1116 ἑκάστῳ
3691 1047 3748 1108 θ’,

2213 1152 2319 1205 εἴτε
2353 1147 2558 1218 ἀγαθὸν
2600 1143 2855 1219 ἔπραξεν,
2882 1146 2989 1197 εἴτε
3020 1141 3240 1214 φαῦλον,
3279 1141 3368 1194 ἵνα
3397 1139 3486 1193 καὶ
3524 1139 3580 1192 τὸ
3623 1140 3755 1209 εἰρη-

2216 1244 2374 1315 μένον
2404 1240 2509 1294 ὐπὸ
2561 1238 2655 1292 τοῦ
2705 1239 3054 1308 Πνεύματος’
3089 1238 3194 1301 Ὃς
3230 1231 3522 1288 ἀποδώσει
3546 1230 3756 1293 ἑκάστῳ

2213 1336 2364 1390 κατὰ
2390 1333 2463 1388 τὰ
2498 1334 2643 1403 ἔργα
2692 1331 2899 1394 αὐτοῦ,
2929 1328 3123 1399 ἀληθὲς
3213 1327 3430 1390 πάντως
3477 1325 3566 1379 καὶ
3606 1324 3759 1393 ἀναμ-

2214 1427 2451 1497 φίλογον.
2488 1423 2638 1494 Πλὴν
2661 1421 2796 1475 ἀλλά
2826 1421 2918 1474 τὸν
2949 1420 3149 1492 ἀρετῆς
3173 1419 3307 1482 ὅλως
3328 1416 3758 1486 ἀντιποιούμενον,

2213 1520 2331 1573 δέον
2358 1518 2505 1571 ἐστὶν
2534 1517 2611 1579 ὡς
2649 1518 2677 1570 6
2706 1514 2943 1587 Χριστὸς
2981 1514 3197 1585 εἴρηκε,
3245 1512 3339 1566 καὶ
3394 1512 3516 1573 τοὺς
3559 1509 3761 1580 ἐχθροὺς

2215 1611 2453 1682 ἀγαπᾷν·
2492 1608 2570 1662 ἔτι
2601 1609 2708 1680 μὴν
2734 1608 2827 1661 καὶ
2859 1607 2999 1678 ὑπὲρ
3028 1604 3206 1659 αὐτῶν
3243 1602 3515 1674 εὐχεσθαι,
3548 1601 3763 1664 καὶτοὺς

2214 1700 2586 1773 λοιδοροῦντας
2609 1700 2871 1768 εὐλογεῖν,
2900 1698 2997 1751 καὶ
3024 1700 3137 1760 τοῖς
3172 1696 3531 1768 ὲπηρεάζουσι
3574 1710 3764 1764 συγχω-

547 1808 602 1852 et
630 1807 889 1867 praeterea
914 1814 1014 1867 pro
1050 1798 1158 1853 illis
1184 1814 1366 1864 orare,
1397 1806 1454 1852 et
1482 1795 1922 1853 conviciantibus
1953 1795 2117 1850 bene-

2224 1797 2355 1866 ρεῖν.
2392 1792 2704 1865 Οὐτωογὰρ
2724 1790 2958 1863 ἀκριϐὴς
3000 1789 3153 1843 ἔσται
3189 1788 3363 1858 φύλαξ
3394 1786 3500 1844 τῶν
3538 1785 3763 1847 ἐντολῶν,

543 1890 744 1958 dicere,
775 1897 830 1946 et
874 1892 1337 1948 calumniantibus
1391 1893 1708 1948 condonare
1727 1891 1796 1947 ⁸³.
1829 1889 1923 1947 Sic
1966 1889 2114 1946 enim

543 1986 775 2056 diligens
827 1988 929 2041 erit
990 1987 1377 2042 mandatorum
1449 1996 1683 2055 custos;
1725 1996 1890 2056 atque
1955 1982 2116 2057 venia

544 2080 789 2134 omnium
840 2090 1183 2150 peccatorum
1236 2082 1306 2137 ob
1370 2081 1695 2138 charitatem
1750 2096 1882 2152 erga
1928 2078 2118 2150 proxi-

547 2185 694 2223 mum
735 2178 978 2240 accepta,
1008 2186 1038 2225 e
1060 2171 1169 2225 vita
1199 2171 1463 2229 discedet.

617 2261 828 2317 XCVII.
869 2261 1027 2317 “llis
1057 2278 1157 2335 ego
1184 2264 1383 2321 auditis
1410 2284 1424 2322 :
1458 2265 1648 2335 Multa,
1677 2268 2117 2340 inquam,facere

545 2372 876 2427 possumus:
901 2367 955 2413 at
982 2359 1221 2415 inimicis
1240 2358 1580 2428 benefacere,
1599 2376 1789 2417 omnes
1811 2378 2001 2418 eorum
2029 2365 2118 2419 in-

541 2451 718 2521 jurias
754 2452 1072 2519 tolerando,
1122 2463 1183 2508 ut
1226 2453 1358 2508 insit
1396 2453 1452 2507 in
1495 2453 1739 2509 humana
1764 2464 1981 2521 natura,
2014 2456 2118 2510 im-

547 2544 810 2612 possibile
837 2555 988 2613 puto.
1025 2545 1161 2599 Tum
1198 2543 1392 2601 Petrus
1418 2547 1736 2616 respondit:
1770 2545 1937 2603 Recte
1959 2547 2116 2603 locu-

549 2640 638 2687 tus
662 2649 740 2688 es.
776 2632 913 2688 Cum
944 2635 1090 2689 enim
1129 2635 1445 2691 humanitas
1476 2653 1642 2693 causa
1679 2639 1751 2692 sit
1794 2638 2119 2693 immortali-

550 2726 700 2791 tatis,
730 2727 900 2780 multo
922 2736 1157 2781 constat.
1189 2726 1325 2782 Nam
1357 2728 1403 2784 si
1430 2729 1554 2798 quis
1577 2738 1726 2784 certo
1756 2728 1857 2784 sibi
1886 2745 2118 2799 persua-

549 2820 692 2885 deat,
718 2819 991 2886 inimicos,
1039 2819 1169 2874 dum
1209 2836 1349 2889 quos
1395 2821 1630 2875 oderunt
1656 2830 1857 2876 vexant
1887 2822 1955 2876 ad
1984 2831 2121 2876 tem-

551 2925 675 2981 pus,
699 2909 1038 2964 liberationis
1081 2911 1151 2964 ab
1199 2919 1406 2965 aeterno
1429 2911 1700 2981 supplicio
1732 2911 1840 2967 illis
1869 2921 2121 2969 auctores

551 3018 699 3067 esse,
730 3016 824 3056 eos
866 3009 1125 3071 tanquam
1170 3000 1443 3056 beneﬁcos
1481 3017 1667 3057 amore
1705 3004 2119 3073 complectetur.

2219 1887 2315 1941 καὶ
2360 1885 2431 1939 τὰ
2480 1886 2861 1957 ἁμαρτήματα
2888 1883 3066 1936 πάντα
3105 1881 3193 1936 διὰ
3219 1881 3320 1956 τῆς
3351 1883 3432 1944 εἰς
3456 1878 3542 1937 τὸν
3568 1878 3767 1949 πλησίον

2223 1977 2444 2050 ἀγάπης
2477 1975 2873 2049 συγχωρηθεὶς,
2906 1975 3282 2033 ἀπελεύσεται.

2296 2253 2502 2309 XCVII.
2527 2255 2743 2309 Τούτων
2763 2254 3003 2320 ἀκούσας
3024 2254 3205 2319 αὐτὸς,
3238 2252 3423 2307 Πολλά
3438 2252 3598 2324 ⁸⁷’μὲν
3621 2250 3775 2322 πράτ-

2223 2364 2335 2400 τειν
2353 2347 2399 2379 ⁸⁸
2432 2347 2671 2412 δυνατὸν,
2692 2347 2849 2419 ἔφην’
2878 2347 3107 2420 ἐχθροὺς
3138 2334 3201 2400 δὲ
3235 2348 3564 2418 εὐεργετεῖν,
3618 2346 3776 2396 πᾶσαν

2223 2441 2400 2496 αὐτῶν
2439 2442 2781 2514 ὐποφέροντα
2809 2440 2911 2511 τὴν
2942 2440 3235 2511 ἐπήρειαν,
3267 2440 3374 2492 οὐκ
3405 2434 3551 2509 οἶμαι
3578 2435 3776 2493 δυνατὸν

2223 2533 2536 2607 ἀνθρωπεία
2576 2537 2857 2605 προσεῖναι
2903 2531 3089 2603 φύσει.
3131 2534 3242 2585 Καὶ
3279 2530 3308 2581 6
3343 2532 3565 2603 Πέτρος,
3597 2527 3780 2601 Ὀρθῶς

2223 2625 2379 2697 ἔφης,
2409 2625 2763 2698 ἀπεκρίνατο.
2805 2624 3131 2688 Ἀθανασίας
3174 2624 3283 2695 γὰρ
3309 2625 3462 2681 αἰτία
3490 2619 3671 2691 οὖσαὴ
3702 2636 3778 2687 φι-

2222 2716 2559 2790 λανθρωπία,
2604 2716 2799 2771 πολλοῦ
2857 2717 3085 2773 δίδοται.
3123 2716 3246 2769 Ἐὰν
3276 2716 3391 2788 γάρ
3420 2711 3779 2786 πληροφορηθῇ

2225 2828 2331 2875 τις,
2353 2810 2435 2863 ὅτι
2457 2811 2506 2863 οἱ
2537 2810 2721 2883 ἐχθροὶ
2750 2808 2889 2881 πρὸς
2918 2809 3110 2881 καιρὸν
3148 2807 3545 2879 κακουχοῦντες
3580 2805 3665 2868 οὓς
3707 2822 3783 2875 μι-

2229 2902 2432 2965 σοῦσιν,
2467 2904 2688 2955 αἰωνίου
2717 2901 2991 2965 κολάσεως
3030 2899 3352 2970 ἀπαλλαγῆς
3383 2901 3561 2962 αὐτοῖς
3576 2899 3617 2929 δ’
3642 2898 3784 2951 αἴτιοι

2188 3020 2191 3023 λ
2225 2995 2489 3065 γίνονται,
2516 2994 2593 3059 ὡς
2624 2995 2919 3066 εὐεργέτας
2958 2995 3156 3058 αὐτοὺς
3180 2994 3574 3065 ἀγαπήσουσιν.
3602 2990 3785 3051 ’Ἄλλως

552 3092 727 3148 Aliter
753 3103 932 3147 autem
964 3107 1126 3146 nemo
1154 3100 1334 3161 potest
1362 3093 1464 3148 hoc
1488 3094 1804 3149 mandatum
1842 3096 2122 3165 perlicere,

2226 3085 2284 3139 δὲ
2322 3086 2583 3141 ἀδύνατόν
2619 3105 2740 3143 τινα
2770 3088 2870 3158 τὴν
2907 3085 3163 3158 τοιαύτην
3191 3085 3418 3159 ἐντολὴν
3450 3083 3785 3156 κατορθῶσαι,

554 3186 662 3241 ιιἱεί
702 3185 859 3239 valde
894 3183 1066 3238 Deum
1092 3185 1306 3255 diligat,
1337 3194 1392 3241 et
1421 3185 1478 3240 in
1522 3186 1670 3243 illius
1699 3188 1898 3244 timore
1938 3188 2009 3243 sit
2032 3190 2121 3250 in-

554 3278 799 3331 stitutus.
832 3276 921 3331 Ait
945 3276 1090 3330 enim
1120 3295 1133 3331 :
1159 3276 1387 3330 Initium
1411 3279 1709 3348 sapientia,
1741 3280 1902 3333 timor
1928 3279 2027 3335 Dei
2050 3282 2119 3336 ’°.

556 3368 662 3435 Qui
714 3382 895 3425 autem
928 3370 1128 3425 timore
1156 3369 1251 3425 Dei
1289 3370 1532 3426 imbutus
1562 3371 1747 3441 fuerit,
1774 3374 1843 3429 ad
1886 3374 2126 3429 charita-

558 3472 663 3516 tem
720 3462 948 3517 omnino
990 3464 1308 3533 perveniet,
1370 3466 1675 3536 eodemque
1720 3466 1843 3521 loco
1908 3463 2128 3520 habebit

556 3551 889 3622 proximum,
911 3568 1021 3623 quo
1042 3553 1304 3623 seipsum.
1323 3551 1427 3608 Ista
1453 3563 1741 3624 postquam
1757 3553 1951 3609 Petrus
1969 3553 2129 3621 dixit,

557 3660 782 3714 vespera
804 3645 1148 3711 succedente,
1179 3645 1250 3700 ad
1275 3660 1531 3701 somnum
1551 3661 1673 3709 .nos
1701 3647 2055 3703 contulimus.

564 3812 565 3815 η
627 3736 862 3792 XCVIII.
905 3736 1173 3792 "EXOI'IO
1215 3747 1396 3793 autem
1454 3753 1637 3802 mane,
1691 3738 1975 3807 ingressus
2029 3737 2131 3792 Pe-

559 3839 703 3896 trus,
757 3829 834 3886 alt
866 3848 879 3884 :
909 3829 1162 3886 Clemens
1209 3845 1335 3886 cum
1390 3837 1567 3884 matre
1609 3845 1709 3884 sua
1756 3828 2036 3883 Matthidia
2077 3842 2132 3885 et

560 3937 683 3976 mea
715 3935 885 3975 uxore
940 3921 1180 3976 simulin
1205 3936 1370 3977 curru
1401 3920 1741 3975 consideant.
1773 3919 2130 3990 Pergentibus

561 4003 742 4071 dutem
772 4016 926 4071 nobis
948 4030 1044 4086 per
1066 4015 1209 4069 viam
1242 4030 1363 4085 qua!
1386 4013 1667 4069 Balanzeas
1689 4012 1863 4081 ducit,
1895 4014 2133 4068 interro-

563 4111 709 4180 gavit
734 4124 819 4163 me
845 4118 1040 4174 mater,
1078 4122 1190 4177 quo
1220 4106 1380 4161 modo
1411 4115 1566 4175 pater
1604 4114 1810 4175 ageret.
1844 4104 1967 4160 Dixi
1992 4122 2131 4178 ego:

562 4202 642 4256 Ad
677 4202 1080 4274 indagationem
1112 4198 1191 4253 tui
1222 4206 1275 4252 et
1302 4199 1642 4268 geminorum
1665 4196 1963 4252 liberorum
1994 4198 2138 4254 Fau-

565 4294 691 4348 stini
720 4302 774 4348 et
806 4291 1149 4348 Faustiniani
1193 4305 1469 4361 egressus,
1506 4289 1880 4359 incompertus
1913 4300 2133 4348 manet:

566 4392 697 4455 puto
717 4394 897 4439 autem
922 4398 1048 4439 eum
1078 4397 1205 4436 mox
1229 4360 1432 4436 obiisse
1455 4399 1469 4447 ;
1496 4380 1582 4435 vel
1614 4380 1758 4435 enim
1784 4382 2043 4439 incidisse
2078 4383 2132 4439 in

2234 3180 2283 3233 εἱ
2314 3180 2388 3251 μὴ
2421 3178 2629 3249 σφόδρα
2657 3179 2747 3232 τὸν
2773 3179 2905 3233 Θεὸν
2935 3179 3163 3250 ἀγαπῶν
3198 3180 3303 3251 εἴη,
3328 3179 3412 3251 τῷ
3443 3178 3625 3232 τούτου
3659 3175 3787 3245 φόὸῳ

2235 3271 2767 3343 παιδαγωγούμενος.
2801 3274 2938 3344 Φησὶ
2982 3273 3119 3345 γάρ’
3157 3272 3338 3341 Ἀρχὴ
3375 3273 3593 3342 σοφίας
3628 3270 3788 3339 φόϐος

2240 3365 2385 3419 Θεοῦ
2405 3365 2471 3420 ’⁸.
2510 3365 2603 3436 Τῷ
2627 3364 2836 3419 ἐκείνου
2884 3365 2940 3418 δὲ
2993 3364 3142 3435 φόϐῳ
3186 3363 3553 3434 στοιχειωϐείς
3596 3378 3693 3423 τις,
3722 3361 3790 3420 εἰς

2236 3456 2457 3530 ἀγάπην
2483 3457 2599 3529 ἥξει
2629 3458 2866 3521 πάντως,
2897 3459 2993 3510 καὶ
3019 3456 3191 3521 οὕτως
3219 3455 3331 3523 ἕξει
3362 3456 3565 3511 καὶτὸν
3589 3452 3791 3523 πλησίον

2233 3549 2311 3613 ὼς
2332 3550 2542 3604 ἑαυτὸν.
2575 3551 2762 3603 Ταῦτα
2779 3550 2877 3603 τοῦ
2908 3550 3115 3621 Πέτρου
3147 3549 3419 3614 εἰπόντος,
3443 3548 3672 3620 ἑσπέρας
3692 3548 3790 3597 ἐπι-

2234 3643 2669 3715 καταλαϐούσης,
2708 3645 2789 3707 εἰς
2809 3641 2975 3697 ὕπνον
3006 3643 3348 3714 ἐτράπημεν.

2306 3734 2538 3791 XCVIII.
2583 3734 2820 3807 Ὀρθρου
2850 3735 2905 3788 δὲ
2932 3735 3223 3806 γενομένου
3243 3736 3311 3800 ³³,
3338 3734 3523 3789 εἰσιὼν
3552 3735 3579 3786 6
3616 3732 3794 3801 Πέτρος

2237 3827 2373 3900 ἔφη·
2418 3828 2476 3881 'O
2506 3828 2604 3899 μὲν
2630 3826 2862 3898 Κλήμης
2896 3827 3032 3897 μετά
3061 3828 3162 3898 τῆς
3205 3827 3402 3881 ἑαυτοῦ
3436 3827 3635 3900 μητρὸς
3660 3826 3792 3878 Ματ-

2239 3918 2433 3985 θιδίας,
2459 3920 2552 3973 καλ⁸
2573 3919 2674 3990 τῆς
2707 3919 2848 3990 ἐμῆς
2881 3920 3158 3987 γυναικὸς,
3204 3920 3321 3991 ἅμα
3355 3922 3452 3975 ἐπὶ
3484 3920 3576 3973 τοῦ
3618 3917 3792 3987 ὀχήμα-

2237 4030 2329 4077 τος
2356 4011 2791 4077 καθεζέσθωσαν.
2833 4011 3157 4083 Ὀρμώντων
3183 4014 3238 4066 δὲ
3267 4016 3299 4084 ἡ
3310 4014 3431 4083 μῶν
3477 4013 3573 4084 τὴν
3606 4011 3691 4062 ἐπὶ
3715 4008 3782 4058 Ba

2237 4104 2464 4167 λαναίας
2482 4103 2531 4135 ’δ
2553 4103 2691 4167 ὁδὸν,
2717 4103 2947 4157 ἐπύθετό
2974 4121 3074 4175 μου
3107 4107 3140 4176 ἡ
3186 4106 3391 4177 μήτηρ,
3432 4107 3548 4168 πῶς
3579 4106 3605 4156 6
3640 4100 3799 4169 πατὴρ

2237 4196 2428 4266 διάγει.
2454 4195 2624 4265 Κάγὼ
2653 4196 2817 4268 ἔφην’
2857 4197 2980 4250 Ἐπὶ
3009 4197 3233 4269 ζήτησίν
3275 4214 3370 4251 σου
3404 4199 3500 4252 καὶ
3536 4197 3641 4250 τῶν
3682 4192 3801 4245 διδύ-

2243 4306 2360 4361 μων
2388 4288 2539 4353 υἰῶν,
2570 4289 2866 4342 Φαυστίνου
2914 4307 2973 4341 τε
3022 4290 3113 4343 καὶ
3151 4291 3539 4345 Φαυστινιανοῦ
3571 4287 3800 4355 ἐξελθὼν,

2240 4379 2527 4453 ἀνεύρετος
2555 4380 2722 4452 μένει·
2769 4377 2920 4453 οἶμαι
2940 4381 2994 4435 δὲ
3018 4382 3158 4452 τάχα
3181 4384 3275 4436 καὶ
3296 4384 3615 4453 τελευτῆσαι
3638 4379 3801 4439 αὐτὸν,
3886 4446 3889 4449 Α

551 4476 938 4547 naufragium,
964 4475 1048 4530 vel
1066 4473 1119 4528 in
1148 4473 1234 4528 via
1268 4473 1533 4528 cecidisse
1564 4473 1647 4527 vel
1671 4473 1859 4529 dolore
1875 4475 2138 4531 exedente

2242 4474 2275 4546 ἢ
2306 4473 2538 4544 ναυαγίᾳ
2582 4474 2966 4544 περιπεσόντα,
2996 4472 3028 4543 ἢ
3060 4474 3118 4526 ὲν
3140 4474 3243 4545 ὁδῷ
3273 4475 3544 4544 σφαλέντα
3566 4475 3631 4536 ³⁵,
3661 4472 3691 4543 ἢ
3722 4487 3802 4537 τη-

546 4566 745 4622 ιιὼεῐη
780 4582 1186 4638 θεεοιριιεευῐη.
1230 4563 1322 4619 Illa
1355 4579 1486 4618 vero
1514 4562 1765 4631 audiens,
1797 4574 1851 4619 et
1875 4564 1927 4617 in
1966 4565 2139 4637 lacry-

570 4676 691 4715 mas
721 4658 914 4725 eﬂusa,
946 4657 1211 4729 ingemuit
1253 4657 1496 4728 quidem,
1526 4673 1591 4712 ac
1616 4672 1758 4727 aegre
1782 4656 1973 4711 habuit
1999 4672 2013 4708 :
2041 4670 2138 4712 ve-

570 4766 693 4806 rum
720 4750 868 4822 quod
919 4765 1006 4805 me
1040 4748 1361 4816 invenisset,
1399 4750 1631 4804 multum
1676 4749 1744 4804 de
1787 4762 2024 4805 maerore
2050 4749 2140 4804 de-

2245 4566 2421 4619 κεδὸνι
2452 4565 2629 4637 λύπης
2656 4565 2944 4637 μαρασμὸν
2990 4566 3359 4637 ὑπομείναντα
3378 4568 3448 4619 ⁸⁸.
3492 4568 3553 4619 Ἡ
3574 4566 3628 4618 δὲ
3659 4560 3798 4616 ἀκού-

2247 4676 2387 4712 σασα
2412 4660 2507 4712 καὶ
2531 4658 2826 4729 ὲπίδακρυς
2849 4658 3136 4730 γενομένη,
3160 4660 3412 4726 ἐστέναξε
3457 4661 3554 4731 μὲν
3596 4658 3685 4712 καὶ
3728 4655 3803 4707 λυ-

2243 4750 2437 4822 πηρῶς
2463 4751 2697 4823 εἷχε’τῇ
2724 4751 2765 4803 δ’
2803 4752 2909 4822 ἐμῇ
2940 4750 3163 4822 εὑρέσει
3201 4752 3262 4806 τὸ
3315 4753 3451 4807 πολύ
3497 4753 3598 4823 τῆς
3647 4749 3802 4815 λύπης

1828 4893 2066 4950 VARle
2100 4894 2484 4952 LECTIONES

658 5044 706 5076 ⁸⁸
744 5043 815 5097 al.
863 5041 986 5097 add.
1017 5040 1050 5112 ἢ
1082 5037 1541 5112 κατορθωμάτωνἶ

572 5123 741 5171 ment.
776 5115 923 5181 hom.
973 5108 1071 5178 XII,
1097 5108 1347 5181 cap.f52.g
1397 5110 1461 5181 ξε
1499 5108 1688 5181 Matth.
1724 5125 1785 5174 v;
1818 5108 1975 5181 Luc.“
1997 5125 2071 5162 vi.

574 5200 817 5255 praeponi.
854 5178 1016 5255 εἶναι.
1094 5177 1248 5255 δεξιῇ.
1291 5179 1485 5255 αὐτῆςἶ
1557 5180 1604 5212 ⁹⁰
1640 5177 1806 5255 Prov.
1843 5196 1899 5255 l_.
1941 5179 1997 5255 7.

574 5249 612 5315 I.
640 5249 736 5322 vn,
766 5270 813 5311 c.
846 5254 936 5322 25,
957 5263 1063 5309 etc.
1140 5252 1185 5285 ⁸³
1203 5251 1603 5320 διαγενομένου.
1679 5251 1727 5282 ’⁸
1757 5252 1829 5305 al.
1863 5249 2152 5313 Βαλανέας.

1640 5037 1685 5070 ⁸¹
1716 5036 1905 5092 Matth.
1940 5053 2107 5105 xvut;
2137 5036 2270 5091 Luc.
2296 5053 2431 5091 xvu.
2509 5036 2553 5069 θ’
2580 5034 2652 5089 al.
2695 5034 2820 5089 add.
2850 5032 2911 5086 τὸ
2941 5032 3093 5086 ἴδιον.
3151 5029 3198 5059 ⁸³
3228 5028 3386 5105 Βοιιι.
3427 5024 3571 5105 nati.
3628 5018 3795 5105 “fit?

2096 5104 2101 5105 γ
2169 5109 2216 5143 ⁸⁸
2266 5108 2555 5169 Clement.,
2598 5107 2742 5159 hom.
2789 5121 2903 5170 xxi,
2935 5121 2985 5158 c.
3039 5104 3126 5158 55.
3226 5104 3270 5130 ⁸⁷
3301 5104 3370 5151 al.
3404 5104 3456 5147 τ’
3486 5104 3639 5150 ἄλλα.
3678 5104 3793 5140 "at

2075 5180 2117 5212 ⁹¹
2153 5178 2225 5232 al.
2266 5179 2473 5248 κυρίου.
2509 5247 2513 5248 ν
2551 5178 2595 5209 ³⁸
2626 5176 2888 5248 Clement.
2921 5176 3071 5248 hom.
3101 5186 3218 5248 mn.
3246 5169 3378 5248 c_l,
3410 5177 3548 5231 etc.,
3583 5164 3793 5231 Recogita

2229 5250 2276 5281 "
2310 5242 2451 5315 Quid
2474 5247 2519 5301 si
2551 5245 2843 5317 σφαγέντα.
2921 5245 2967 5277 ³⁵
3006 5244 3077 5299 al.
3112 5242 3418 5311 ὑπομεῖναι,

3226 5100 3271 5130 ⁸⁷
3301 5099 3370 5151 al.
3404 5097 3456 5147 τ’
3476 5088 3639 5150 ἄλλα.
3678 5092 3720 5120 ⁸⁸
3741 5088 3802 5140 al.

1841 5360 2207 5420 VARIORUM
2244 5362 2479 5417 NOTAE.

648 5509 759 5582 (l3)
795 5509 870 5582 Td
920 5507 1111 5578 ἀγαθὰ
1155 5505 1355 5582 ἐλθεῖν
1378 5504 1515 5582 δεῖ..-
1534 5503 1836 5582 Μακάριος
1861 5502 1953 5568 δὲ,
1978 5503 2150 5582 φησι,

577 5575 751 5634 δι”οὗ
794 5575 1049 5649 ἔρχεται,
1096 5585 1202 5649 ctc.
1234 5576 1331 5631 Vix
1358 5575 1806 5649 credideritntin
1842 5576 2141 5649 esemplari

580 5644 1180 5715 Ehionitico’Matthmi,
1231 5648 1305 5703 ita
1356 5648 1577 5703 lectum.
1619 5644 2141 5700 Verisimiliusinihi

580 5721 795 5778 videtur
815 5720 974 5777 citari
1018 5720 1107 5799 hic
1144 5730 1350 5776 textum
1382 5719 1507 5789 Ieci,
1534 5725 1629 5775 aut
1654 5716 1835 5789 potius
1862 5715 2138 5773 collectio-

2260 5521 2383 5561 nem
2433 5502 2729 5568 Ebionitaa;
2780 5500 2936 5572 quasi
2980 5498 3218 5572 diceret:
3271 5494 3341 5552 Ut
3384 5494 3526 5547 dixit
3572 5486 3802 5572 Christ!!!

2246 5559 2495 5645 oportere
2520 5588 2642 5645 esse
2666 5559 2924 5645 scandala
2948 5588 2963 5623 :
2985 5570 3063 5645 sic
3092 5568 3255 5623 etiam
3278 5573 3493 5645 oportet
3517 5576 3636 5617 esse
3654 5559 3799 5645 licita:

2249 5637 2303 5701 et
2324 5644 2786 5717 quemadmodum
2811 5643 2947 5698 dixit
2974 5637 3113 5717 :_Va:
3140 5638 3527 5717 scandalorum
3556 5639 3755 5717 auctori
3781 5660 3796 5688 υ

2248 5700 2406 5773 itajet
2433 5730 2571 5786 euge
2607 5715 2751 5773 dicet
2784 5728 2969 5771 rerum
2994 5714 3265 5771 bonarum
3298 5703 3532 5764 auctori.
3561 5700 3634 5757 in.
