4066 6330
259 305 354 361 5η

1080 302 1542 361 CLEMENTINA.
1576 331 1648 342 —
1677 300 1977 357 EPITOME
2006 301 2092 357 DE
2126 301 2368 358 GESTIS
2408 302 2465 358 S.
2500 303 2726 360 PETRI.

3396 304 3501 360 543

257 421 648 491 παρεμυθεῖτο.
672 423 1103 494 Κατηντήσαμεν
1118 418 1302 486 οῦνείς
1325 419 1683 484 Βαλαναίας⁹⁷
1699 418 1833 490 (14),
1864 473 1865 478 η

1944 419 2212 473 trahebat.
2252 416 2608 476 Pervenimus
2657 437 2789 491 ergo
2818 424 3097 482 Balanaas
3122 440 3138 479 :
3166 434 3221 481 et
3253 426 3499 496 sequenti

255 512 353 565 καὶ
382 515 449 583 τῇ
481 513 704 584 ἐπιούσῃ
745 515 825 576 εἰς
866 514 1071 568 Πάλτον
1088 516 1135 547 ⁸⁸
1166 514 1421 586 ήλθομεν,
1466 511 1721 565 κάκεῖθεν
1758 513 1837 575 εἰς

254 604 498 657 Γάϐαλα.
531 605 608 676 Τῇ
637 605 691 657 δὲ
730 606 891 677 ἑτέρᾳ
938 607 1357 678 κατηντήσαμεν
1382 606 1463 668 είς
1498 602 1832 657 Λαοδίκειαν.
1876 592 1879 597 ”

253 697 370 749 Καὶ
426 696 535 750 ἰδοὺ
573 697 679 767 πρὸ
734 697 843 751 τῶν
890 697 1068 769 θυρῶν
1116 698 1361 769 Νικήτης
1390 713 1451 749 τε
1482 696 1577 749 καὶ
1611 693 1838 757 Ἀκύλας

251 789 514 858 ἀπήντων
566 790 720 858 ήμῖν,
779 790 870 841 καὶ
921 789 1383 861 καταφιλήσαντες
1424 782 1558 858 ἦγον
1601 787 1694 839 ἐπὶ
1738 785 1837 858 τὴν

250 882 436 947 ξενίαν
456 883 521 935 ⁸⁸.
540 882 596 937 '0
613 881 668 934 δέ
688 881 892 953 Πέτρος
909 882 1079 953 καλὴν
1100 882 1193 935 καὶ
1216 879 1456 953 μεγάλην
1479 877 1631 931 πόλιν
1691 876 1835 944 ἰδὼν,

253 974 467 1038 Ἀξιον,
516 972 655 1044 ἔφη,
729 972 966 1027 ἐνταῦθα
1020 974 1233 1045 ⁴ἡμέρας
1279 974 1428 1044 ἡμᾶς
1488 976 1832 1045 προσμεῖναι.

248 1065 490 1117 Δυνατὸν
513 1064 623 1135 γὰρ
652 1065 710 1117 ἐν
754 1063 835 1134 τῷ
882 1064 1098 1136 πλήθει,
1142 1065 1234 1118 καί
1269 1082 1423 1127 τινας
1449 1063 1710 1135 εὑρέσθαι
1738 1064 1839 1135 τῆς

246 1155 350 1208 τοῦ
384 1156 619 1227 Χριστοῦ
650 1157 868 1228 μερίδος
895 1155 1096 1221 ἀξίους.
1149 1157 1207 1212 '0
1234 1156 1335 1228 μὲν
1357 1152 1450 1210 οὖν
1471 1156 1720 1227 Νικήτης
1743 1155 1839 1209 καὶ

264 1246 505 1311 Ἀκύλας
550 1247 910 1302 ἐπυνθάνοντο
956 1265 1080 1319 μου,
1127 1246 1212 1311 τίς
1254 1246 1323 1301 ἂν
1372 1248 1511 1319 εῐηή
1545 1246 1667 1317 ξένη
1697 1245 1838 1317 αῦτη

248 1340 414 1409 γυνή.
446 1337 619 1407 Κάγὼ
661 1338 822 1411 ἔφην·
868 1338 1005 1410 Ἐμή
1036 1339 1237 1409 μήτηρ,
1273 1339 1340 1408 ἡν
1363 1337 1659 1407 ἐπιγνῶναι
1689 1354 1779 1410 μοι
1807 1337 1838 1389 6

249 1428 393 1491 Θεὸς
423 1427 513 1481 διὰ
540 1428 749 1497 Πέτρου
773 1427 868 1481 τοῦ
899 1428 1104 1497 Κυρίου
1145 1444 1245 1499 μου
1277 1426 1606 1499 ἐδωρήσατο.

322 1517 513 1573 XCIX.
547 1518 731 1573 Ταῦτά
770 1536 870 1590 μου
918 1518 1181 1585 εἰπόντος,
1226 1520 1255 1574 6
1313 1518 1518 1590 Πέτρος
1567 1518 1749 1582 αὐτοῖς
1779 1520 1838 1573 ἐν

248 1610 538 1680 κεφαλαίῳ
572 1609 749 1663 πάντα
792 1608 1024 1674 ἐξέθετο,
1052 1610 1151 1662 ὅσα
1185 1626 1246 1664 τε
1294 1608 1447 1680 παρὰ
1484 1610 1583 1681 τῆς
1636 1609 1841 1682 μητρὸς

248 1702 531 1765 ἀκούσειε,
562 1701 657 1753 καὶ
692 1701 793 1753 ὅσα
836 1700 1100 1772 πρότερον
1138 1700 1268 1773 παρ’
1302 1698 1438 1772 ἐμοῦ
1487 1699 1667 1771 μάθοι,
1710 1702 1837 1771 περί

244 1809 310 1846 τε
333 1790 429 1843 τοῦ
462 1790 844 1861 πεπλασμένου
868 1790 1079 1862 ὀνείρου
1108 1791 1236 1863 περί
1260 1808 1320 1845 τε
1349 1790 1450 1862 τῆς
1477 1793 1535 1846 ἐν
1561 1790 1638 1863 τῷ
1669 1791 1837 1864 πλοίῳ

252 1881 395 1953 μετὰ
410 1883 505 1936 καὶ
530 1882 639 1935 τῶν
674 1882 806 1935 υἱῶν
827 1882 1109 1951 ναυαγίας,
1138 1884 1232 1937 καὶ
1259 1883 1408 1946 ὅπως
1434 1881 1656 1955 ὕστερον
1678 1885 1706 1937 6
1734 1901 1838 1938 πα·-

247 1972 356 2043 τὴρ
390 1974 471 2035 είς
516 1972 851 2045 ἀναζήτησιν
880 1975 980 2046 τῆς
1022 1975 1277 2045 γυναικὸς
1307 1974 1401 2027 καὶ
1440 1973 1552 2029 τῶν
1605 1974 1840 2046 διδύμων

250 2065 422 2135 αὐτῆς
444 2064 650 2118 παίδων
685 2064 872 2131 ἐκϐὰς,
903 2065 1030 2137 ἄχρι
1055 2066 1155 2138 τῆς
1187 2065 1347 2138 δεῦρο
1374 2064 1637 2136 διέμεινεν
1665 2064 1845 2134 ἄγνω-

251 2172 399 2219 στος,
459 2154 689 2227 κινδύνῳ
730 2156 890 2228 τυχὸν
933 2158 1029 2211 καὶ
1073 2156 1235 2220 αὐτὸς
1291 2153 1559 2227 θαλαττίῳ
1609 2171 1839 2228 περιπε-

252 2265 384 2301 σων.

322 2343 389 2398 C.
431 2344 649 2397 Τούτων
680 2342 821 2397 οῦτω
864 2342 1251 2413 κεφαλαιωδῶς
1296 2341 1567 2415 ῥηθέντων
1606 2339 1710 2395 ὑπὸ
1743 2339 1841 2394 τοῦ

248 2436 485 2507 Πέτρου,
514 2438 542 2488 6
570 2436 812 2507 Νικήτης
832 2436 925 2490 καὶ
962 2436 1190 2498 Ἀκύλας
1212 2433 1668 2503 καταπλαγέντες⁸
1692 2428 1843 2503 Ἀρά

246 2542 336 2596 γε,
375 2528 623 2580 Δέσποτα
664 2528 758 2580 καὶ
784 2527 953 2599 Κύριε
983 2527 1090 2580 τῶν
1130 2526 1405 2590 ἁπάντων,
1437 2521 1839 2596 εἶπον,άληθές,

247 2620 282 2689 ἢ
317 2619 528 2689 ὄνειρός
570 2621 685 2672 ἐστι
729 2618 936 2683 ταῦτα;
968 2618 1078 2671 Καὶ
1108 2618 1137 2669 6
1174 2617 1396 2690 Πέτρος,
1427 2616 1491 2669 El
1525 2615 1598 2685 μὴ
1631 2611 1842 2684 κοιμὼ-

253 2708 417 2779 μεθα,
453 2708 581 2779 ἔφη,
614 2708 811 2779 ἀληθὲς
843 2708 1117 2778 τυγχάνει.
1155 2709 1216 2762 Ol
1253 2708 1309 2762 δὲ
1341 2707 1511 2779 βραχὺ
1545 2706 1840 2777 μείναντες,

250 2800 346 2852 καὶ
371 2798 563 2869 ὥσπερ
584 2800 673 2851 ἐπὶ
693 2798 936 2862 συννοίας
963 2798 1263 2869 γενόμενοι,
1302 2796 1491 2869 Ἡμεῖς
1513 2797 1679 2867 ἐσμεν
1700 2797 1842 2848 Φαυ-

254 2890 431 2950 στίνος
464 2888 560 2939 καὶ
587 2888 987 2955 Φαυστινιανὸς,
1032 2887 1256 2957 ἔφασαν·
1303 2888 1397 2942 καὶ
1433 2886 1708 2958 άπαρχῆς,
1742 2883 1838 2941 σοῦ

252 2977 660 3049 διαλεγομένου,
691 2978 941 3049 ἀλλήλοις
984 2979 1361 3050 ἐμϐλέποντες,
1391 2979 1561 3033 πολλὰ
1587 2979 1714 3050 περ)⁵
1747 2978 1845 3031 αὑ-

1938 510 2027 565 die
2066 510 2280 565 Paltum
2335 511 2557 579 ivimus,
2607 522 2663 568 et
2709 515 2835 569 inde
2884 516 3362 588 Gabala;aliaque
3412 518 3503 573 die

1940 600 2262 656 Laodiceam
2307 603 2646 658 devenimus.
2700 604 2837 660 Cum
2885 622 3013 662 ecce
3040 618 3163 663 ante
3194 618 3379 678 portas
3408 624 3503 665 oc-

1938 701 2170 748 currunt
2223 694 2379 748 nobis
2435 692 2651 751 Nicetas
2675 706 2729 751 et
2757 697 2988 768 Aquila;
3036 702 3371 767 etosculati,
3400 702 3498 757 du-

1938 796 2073 840 cunt
2101 785 2168 840 ad
2199 786 2518 856 hospitium.
2548 786 2743 843 Petrus
2775 798 2958 845 autem
2993 792 3280 862 pulchram
3309 803 3362 848 et
3386 810 3503 847 ma-

1938 892 2101 946 gnam
2150 876 2423 932 civitatem
2478 878 2668 936 videns
2698 897 2712 932 :
2743 880 2983 952 Equum
3022 892 3125 949 est,
3177 884 3371 954 inquit,
3402 902 3503 941 nos

1938 968 2030 1023 hic
2075 967 2288 1039 aliquot
2338 969 2456 1025 dies
2483 974 2811 1027 commorari
2846 992 2861 1028 :
2896 974 3011 1028 tieri
3043 975 3189 1029 enim
3219 985 3417 1045 potest,
3443 984 3503 1030 ut

1938 1059 2166 1125 intanta
2181 1061 2528 1117 multitudine
2544 1063 2765 1133 quidam
2784 1066 3123 1133 reperiantur
3142 1066 3343 1121 Christi
3360 1082 3504 1129 sorte

1938 1168 2005 1211 ac
2050 1153 2301 1223 partibus
2328 1154 2500 1224 digni.
2528 1153 2797 1209 Caeterum
2824 1154 3041 1212 Nicetas
3066 1167 3118 1212 et
3160 1159 3357 1227 Aquila
3384 1173 3506 1227 ner-

1939 1246 2310 1301 contabantur
2355 1260 2463 1311 me,
2506 1261 2758 1316 quaenam
2787 1257 2933 1303 esset
2958 1248 3049 1303 illa
3074 1226 3503 1303 mulierextera.

1940 1334 2008 1392 Et
2058 1352 2159 1408 ego
2199 1336 2312 1391 dixi
2341 1354 2354 1391 :
2379 1333 2550 1391 Mater
2578 1353 2700 1391 mea
2730 1347 2834 1405 est,
2862 1356 3024 1411 quam
3052 1354 3112 1397 ut
3132 1356 3503 1413 agnoscerem,

1939 1428 2085 1485 Deus
2108 1428 2242 1482 mihi
2265 1442 2362 1497 per
2388 1428 2670 1483 dominum
2694 1445 2874 1484 meum
2900 1429 3119 1485 Petrum
3146 1430 3433 1487 concessit.

2009 1518 2197 1574 XCIX.
2228 1517 2354 1573 lizec
2401 1527 2688 1589 postquam
2741 1512 2887 1587 dixi;
2933 1519 3126 1574 Petrus
3168 1520 3273 1574 illis
3314 1528 3506 1573 cuncta

1944 1611 2263 1668 summatim
2289 1610 2572 1680 exposuit;
2606 1619 2718 1665 tum
2751 1627 2872 1682 qua:
2893 1628 2959 1666 ex
2988 1619 3160 1666 matre
3188 1611 3506 1674 audivisset,

1940 1712 2056 1759 tum
2093 1716 2214 1773 quae
2249 1713 2407 1757 antea
2450 1716 2516 1754 ex
2558 1716 2645 1755 me
2670 1703 3064 1772 comperisset;
3117 1702 3399 1767 nimirum,
3444 1701 3511 1757 de

1938 1793 2155 1850 somnio
2177 1791 2432 1857 conﬁcto,
2457 1792 2524 1846 de
2548 1791 2838 1864 naufragio
2857 1808 2967 1848 una
2985 1808 3108 1849 cum
3135 1792 3322 1847 liberis
3346 1791 3510 1855 facto.

1936 1898 1993 1943 et
2017 1885 2473 1957 quemadmodum
2518 1894 2707 1955 postea
2742 1895 2895 1955 pater
2933 1885 3002 1940 ad
3046 1884 3509 1956 investigationem

1938 1978 2129 2033 uxoris
2175 1984 2339 2045 atque
2371 1976 2712 2046 geminorum
2760 1976 2880 2046 ejus
2918 1984 3170 2030 natorum
3216 1975 3509 2045 profectus,

1939 2085 2113 2139 usque
2145 2069 2324 2123 adhuc
2362 2068 2627 2122 manserit
2668 2066 2908 2137 ignotus,
2953 2067 3202 2123 fortassis
3228 2068 3341 2137 ipse
3370 2080 3511 2137 quo-

1938 2175 2046 2231 que
2070 2160 2124 2214 in
2155 2160 2325 2214 maris
2343 2159 2636 2215 discrimen
2658 2160 2933 2229 delapsus.

2008 2339 2072 2401 Ο.
2105 2339 2202 2397 His
2224 2340 2301 2397 ita
2326 2339 2664 2410 capitulatim
2716 2354 2748 2395 a
2789 2337 2949 2394 Petro
2980 2330 3189 2406 relatis,
3219 2336 3435 2393 Nicetas
3461 2347 3517 2394 et

1939 2433 2135 2505 Aquila
2161 2443 2382 2504 stupore
2407 2432 2649 2503 percussi
2679 2431 2967 2486 dixerunt:
3009 2429 3147 2486 Here
3191 2446 3255 2485 ac
3288 2429 3516 2485 Domine

1941 2528 2213 2594 omnium,
2244 2541 2505 2581 verumne
2535 2533 2618 2579 est
2649 2523 2794 2594 quod
2823 2532 3094 2591 narratur,
3120 2538 3189 2577 an
3210 2524 3517 2578 somnium?

1941 2620 2009 2676 Et
2035 2620 2250 2688 Petrus,
2278 2617 2394 2674 Nisi
2417 2618 2746 2681 dormimus,
2779 2614 2977 2685 inquit,
3002 2629 3091 2670 res
3117 2614 3190 2669 ita
3221 2614 3403 2669 habet.
3447 2614 3517 2670 At

1942 2714 2019 2768 illi
2069 2714 2346 2784 paululum
2397 2712 2616 2775 morati,
2663 2725 2728 2765 ac
2777 2709 2923 2764 velut
2964 2704 3515 2778 cogitabundizNos,

1942 2804 2278 2875 inquierunt,
2298 2818 2490 2858 sumus
2510 2801 2805 2857 Faustinus
2827 2807 2881 2855 et
2900 2798 3288 2853 Faustinianus
3312 2814 3326 2850 :
3356 2808 3517 2865 atque

1941 2894 2012 2953 ab
2036 2894 2189 2949 initio
2217 2903 2322 2948 tua:
2346 2892 2700 2960 narrationis,
2724 2891 2859 2946 alter
2887 2891 3117 2945 alterum
3143 2888 3513 2958 inspicientes,

1942 2988 2237 3058 plurimum
2259 2985 2403 3041 circa
2426 3000 2525 3039 nos
2549 2982 3035 3040 considerabamus
3080 2997 3209 3035 num
3228 2995 3348 3050 qua
3370 2979 3517 3033 dice-

252 3070 362 3124 τῶν
400 3070 929 3141 κατεστοχαζόμεθα,
965 3073 1038 3143 μὴ
1072 3072 1177 3143 ἄρα
1208 3072 1305 3143 οὐχ
1340 3074 1476 3143 ήμῖν
1517 3071 1749 3144 διαφέρῃ
1775 3070 1844 3125 τὰ

1945 3080 2147 3136 bantur
2167 3078 2233 3133 ad
2257 3092 2357 3132 nos
2384 3077 2747 3147 pertinerent;
2779 3084 3110 3145 reputantes,
3132 3073 3299 3127 multa
3318 3070 3517 3126 similia

253 3160 549 3233 λεγόμενα,
595 3160 934 3233 λογιζόμενοι
980 3163 1059 3216 ὅτι
1095 3162 1266 3216 πολλὰ
1313 3162 1591 3235 παρόμοια
1638 3162 1844 3231 γίνεται

252 3255 309 3306 ἐν
340 3253 421 3325 τῷ
454 3253 577 3325 βίῳ·
616 3254 698 3307 διὸ
725 3254 818 3307 καὶ
855 3254 1175 3325 ἐσιωπῶμεν
1216 3254 1542 3326 παλλόμενοι
1567 3254 1666 3317 τὰς
1710 3271 1845 3325 καρ-

254 3344 393 3406 δίας.
431 3344 582 3415 Πρὸς
619 3343 678 3397 δὲ
717 3344 779 3397 τὸ
821 3342 974 3408 τέλος
1001 3343 1096 3398 νῦν
1135 3343 1245 3398 τῶν
1282 3344 1589 3416 λεγομένων
1629 3344 1845 3413 ἰδόντες,

256 3437 347 3487 καὶ
376 3434 601 3502 γνόντες
629 3434 893 3506 ἀκριϐῶς,
925 3435 1006 3488 ὅτι
1036 3452 1142 3506 περ
1172 3437 1301 3507 ἡμῖν
1335 3436 1581 3507 διαφέρει
1609 3435 1679 3491 τὰ
1706 3437 1849 3507 είρη-

259 3527 416 3598 μένα,
439 3526 564 3579 τότε
591 3526 815 3590 ἑαυτοὺς
837 3526 1351 3598 ἀνωμολογήσαμεν.
1375 3528 1481 3581 Καὶ
1500 3526 1658 3580 τοῦτο
1678 3530 1852 3584 εἰπόν-

255 3637 364 3685 τες,
404 3619 547 3691 μετά
582 3618 832 3689 δακρύων
861 3618 1178 3690 ἐπεισῆλθον
1202 3621 1267 3689 τῇ
1303 3619 1487 3691 μητρὶ,
1520 3621 1611 3672 καὶ
1642 3638 1846 3690 κοιμω-

260 3712 429 3781 μένην
462 3710 734 3782 εὑρόντες,
766 3710 1188 3782 περιπλέκεσθαι
1222 3710 1323 3781 ήδη
1360 3709 1656 3767 ἐϐούλοντο.
1701 3713 1758 3767 '0
1788 3712 1846 3766 δὲ

258 3805 467 3873 Πέτρος
495 3801 767 3856 ἐκώλυσεν
805 3803 1022 3867 αὐτοὺς,
1054 3802 1241 3855 είπών·
1292 3802 1519 3855 Ἑάσατέ
1572 3820 1668 3873 με,
1688 3803 1849 3868 αὐτὸς

262 3897 403 3965 ὑμᾶς
428 3897 500 3964 τῇ
538 3895 706 3966 μητρὶ
748 3893 1099 3964 προσαγάγω,
1137 3893 1333 3963 μήπως
1376 3892 1479 3945 ὑπὸ
1506 3892 1605 3962 τῆς
1648 3893 1850 3964 πολλῆς

263 3986 530 4056 αἰφνιδίου
558 3985 751 4056 χαρᾶς,
794 3984 886 4036 καὶ
916 3984 995 4046 είς
1022 3982 1276 4037 ἔκστασιν
1310 3982 1451 4036 ἔλθοι
1484 3982 1719 4054 φρενῶν,
1753 3984 1849 4037 ac:

265 4078 325 4148 δὴ
366 4076 463 4129 καὶ
516 4074 858 4145 κοιμωμένη,
901 4072 1087 4127 καὶτὸ
1140 4072 1357 4144 πνεῦμα
1385 4073 1491 4126 ὑπὸ
1535 4072 1630 4128 τοῦ
1678 4073 1849 4130 ὕπνου

266 4169 371 4239 άπη
381 4167 549 4238 τχολη
559 4166 717 4236 μένον
745 4165 867 4236 ἔχου
876 4181 960 4218 σα.

330 4260 415 4315 Cl.
454 4261 649 4329 Ὅμως
679 4257 800 4310 ἐπεὶ
829 4258 988 4326 κόρον
1014 4254 1139 4325 ἐσχε
1164 4254 1259 4309 τοῦ
1292 4256 1482 4321 ὕπνου,
1512 4256 1851 4331 διεγερθείσῃ

266 4354 325 4422 τῇ
360 4352 554 4423 μητρὶ,
587 4352 615 4402 6
650 4350 856 4420 Πέτρος
886 4349 1013 4419 περὶ
1052 4346 1359 4412 θεοσεϐείας
1395 4349 1530 4419 αὐτῇ
1556 4348 1851 4419 διαλεχθεὶς

1947 3171 2002 3226 in
2027 3170 2139 3226 vita
2172 3170 2486 3240 contingere
2516 3186 2529 3222 :
2568 3167 2825 3237 quocirca
2850 3175 2905 3220 et
2945 3164 3219 3229 siluimus,
3255 3178 3379 3216 cum
3424 3176 3521 3215 cor

1948 3270 2193 3319 nostrum
2224 3260 2529 3331 palpitaret.
2564 3256 2719 3313 Nunc
2749 3272 2879 3311 vero
2910 3256 2962 3309 in
2988 3254 3094 3310 [ine
3123 3254 3410 3314 sermonis,
3435 3252 3519 3304 vi-

1947 3354 2136 3411 dentes
2166 3366 2229 3407 ac
2273 3352 2442 3421 probe
2484 3350 2737 3416 scientes,
2762 3363 2901 3418 qua:
2940 3363 2971 3402 a
3004 3356 3056 3401 te
3086 3347 3226 3401 dicta
3273 3354 3419 3408 sunt,
3454 3344 3519 3397 ad

1947 3462 2049 3502 nos
2077 3445 2367 3517 pertinere,
2418 3454 2549 3499 tunc
2588 3459 2689 3499 nos
2733 3442 3151 3498 declaravimus.
3196 3440 3373 3509 Atque
3419 3439 3522 3492 hoc

1948 3539 2113 3604 dicto,
2141 3553 2265 3592 cum
2300 3536 2551 3608 lacrymis
2577 3536 2939 3605 properabant
2976 3535 3041 3587 ad
3073 3544 3299 3587 matrem
3325 3573 3338 3597 ,
3372 3548 3521 3585 eam-

1948 3645 2055 3700 que
2079 3629 2437 3684 dormientem
2466 3628 2633 3692 nacti,
2659 3626 2907 3696 protinus
2931 3625 3212 3693 complecti
3248 3623 3520 3677 volebant.

1950 3720 2056 3776 Sed
2083 3719 2277 3775 Petrus
2305 3718 2604 3789 prohibuit,
2650 3717 2877 3772 dicens:
2912 3714 3083 3769 Sinite
3122 3729 3239 3779 me;
3273 3714 3386 3782 ipse
3425 3728 3520 3765 vos

1949 3813 2017 3871 ad
2048 3820 2274 3865 matrem
2303 3810 2599 3873 adducam;
2626 3822 2693 3862 ne
2721 3807 2858 3861 forte
2882 3807 3050 3860 multo
3082 3805 3280 3875 gaudio
3305 3812 3523 3871 repente

1952 3900 2290 3964 adveniente,
2317 3897 2371 3951 in
2405 3898 2572 3951 animi
2602 3905 2877 3965 stuporem
2919 3894 3156 3959 incidat;
3190 3902 3372 3962 utpote
3402 3907 3521 3959 quae

1950 3994 2114 4050 etiam
2142 3991 2397 4055 dormiat,
2426 3990 2787 4060 spiritumque
2826 4003 3019 4043 somno
3052 3987 3244 4040 habeat
3284 4000 3521 4052 occupa-

1950 4095 2089 4140 tum.

2020 4240 2109 4297 Cl.
2147 4242 2413 4297 Caeterum
2459 4249 2747 4311 postquam
2799 4254 3051 4295 somnum
3095 4238 3163 4292 ad
3212 4238 3520 4292 satietatem

1953 4339 2116 4411 cepit,
2145 4354 2210 4393 ac
2235 4347 2549 4407 experrecta
2572 4346 2657 4392 est
2679 4347 2870 4401 mater,
2892 4334 3084 4389 Petrus
3109 4334 3177 4388 ad
3202 4334 3345 4388 illam
3372 4333 3523 4402 prius

268 4445 531 4517 πρότερον
563 4443 657 4495 καὶ
696 4441 885 4494 εἰπών·
918 4437 1213 4493 Γινώσκειν
1259 4457 1317 4493 σε
1363 4440 1519 4505 θέλω,
1552 4439 1732 4510 γύναι,
1757 4441 1855 4512 τῆς

1957 4445 2261 4488 sermonem
2296 4430 2486 4484 habuit
2507 4430 2575 4484 de
2615 4429 2763 4482 cultu
2794 4427 2912 4495 Dei,
2946 4442 3010 4481 ac
3054 4426 3232 4480 dixit:
3283 4423 3435 4479 Scire
3474 4434 3525 4477 te

266 4532 539 4603 ἡμετέρας
570 4531 803 4592 πίστεως
829 4529 928 4601 τὴν
951 4528 1256 4600 ἀκρίϐειαν.
1296 4530 1431 4582 Ἕνα
1472 4529 1582 4602 γὰρ
1610 4530 1743 4583 Θεὸν
1775 4529 1857 4583 σέ-

1956 4523 2103 4587 volo,
2120 4522 2333 4585 mulier,
2350 4528 2552 4574 nostra:
2562 4520 2684 4573 iidei
2711 4517 3049 4586 disciplinam
3065 4516 3153 4570 ‘°°.
3170 4513 3349 4569 Unum
3379 4514 3523 4567 enim

268 4624 431 4695 ϐομεν
468 4624 559 4676 τὸν
600 4621 937 4692 πεποιηκότα
978 4622 1203 4694 οὐρανόν
1250 4638 1309 4674 τε
1348 4621 1441 4674 καὶ
1488 4622 1612 4693 γῆν,
1657 4623 1749 4675 καὶ
1796 4621 1855 4676 ὃν

1961 4614 2132 4670 Deum
2165 4612 2419 4676 colimus,
2463 4611 2769 4666 effectorem
2801 4609 2923 4663 cmli
2960 4617 3015 4663 et
3059 4617 3237 4673 terrae,
3274 4619 3327 4660 et
3363 4606 3526 4674 hujus

267 4715 395 4784 ὁρᾷς
431 4713 657 4783 κόσμον·
698 4712 793 4765 καὶ
819 4710 1009 4763 τούτου
1049 4710 1391 4781 φυλάσσομεν
1418 4710 1511 4763 τὸν
1540 4710 1723 4781 νόμον,
1755 4728 1854 4763 πε·-

276 4806 520 4875 ριέχοντα
549 4806 607 4855 ἐν
635 4801 873 4874 πρώτοις
918 4802 1082 4854 αὐτὸν
1119 4801 1295 4855 σέϐειν
1329 4801 1509 4873 μόνον,
1541 4801 1636 4854 καὶ
1662 4801 1724 4853 τὸ
1754 4802 1854 4854 αὑ-

271 4895 358 4947 τοῦ
390 4894 640 4963 ἁγιάζειν
686 4894 875 4964 ὄνομα,
906 4894 1070 4963 τιμᾷν
1101 4909 1161 4945 τε
1206 4895 1382 4961 γονεῖς
1411 4893 1505 4945 καὶ
1540 4895 1853 4961 σωφρονεῖν,

274 4986 519 5055 βιοῦντας
538 4985 936 5055 ἀνεπιλήπτως,
953 4984 1045 5037 καὶ
1076 4982 1351 5055 τραπέζης
1373 4982 1590 5053 ἐθνικῆς
1623 4982 1697 5053 μὴ
1726 4998 1857 5052 μετ-

1959 4722 2122 4777 quem
2153 4705 2305 4760 vides
2342 4703 2562 4770 mundi;
2602 4701 2829 4771 ejusque
2865 4702 3036 4771 legem
3076 4715 3378 4763 servamus,
3407 4714 3528 4768 qua:

1960 4798 2015 4852 in
2044 4796 2235 4868 primis
2282 4794 2542 4857 continet,
2593 4793 2770 4862 ipsum
2816 4792 2994 4846 solum
3048 4791 3332 4846 colendum
3383 4805 3523 4853 esse,

1964 4887 2416 4945 sanctiﬁcandum
2446 4899 2643 4939 nomen
2692 4883 2831 4954 ejus,
2858 4883 3207 4936 honorandos
3252 4890 3524 4951 parentes,

1963 4988 2327 5049 temperanter
2373 4977 2663 5031 vivendum
2703 4984 2754 5029 et
2786 4975 3097 5044 inculpate;
3137 4990 3238 5029 nec
3282 4988 3524 5027 mensam

277 5078 436 5146 ἐχειν,
478 5076 567 5129 διὰ
597 5076 660 5128 τὸ
697 5074 1016 5145 άκαθάρτως
1049 5074 1243 5137 αὐτοὺς
1271 5072 1659 5127 πολιτεύεσθαι.
1693 5073 1858 5124 Ὅταν

1964 5084 2087 5123 cum
2118 5068 2407 5139 gentilibus
2438 5081 2783 5121 communem
2817 5065 3138 5131 habendam,
3169 5064 3313 5133 quod
3352 5064 3527 5130 impu—

279 5169 331 5222 δὲ
360 5171 634 5239 πείσωμεν
663 5168 862 5230 αὐτοὺς
893 5166 963 5220 τά
1000 5167 1100 5237 τῆς
1132 5166 1384 5237 ἀληθείας
1412 5167 1629 5238 φρονεῖν
1664 5180 1723 5216 τε
1762 5161 1857 5215 καὶ

1960 5175 2081 5215 ram
2106 5160 2273 5214 vitam
2324 5159 2543 5229 degant.
2574 5157 2711 5212 Cum
2755 5166 2935 5212 autem
2965 5158 3044 5212 eis
3096 5154 3524 5224 persuaserimus

1552 5298 1789 5356 VARUE
1826 5296 2227 5355 LECTIONES.

355 5450 395 5482 ³⁷
434 5448 505 5502 al.
546 5442 843 5505 Βαλανέας.

918 5442 963 5473 ³⁸
1000 5441 1072 5495 al.
1129 5440 1360 5495 Πάλταν.
1437 5441 1482 5473 ⁹⁹
1522 5440 1591 5494 al.
1634 5438 1829 5493 οἰκίαν.
1908 5439 1978 5471 ¹⁰⁰
2016 5439 2053 5493 l.
2086 5437 2216 5497 Rec.
2240 5440 2278 5496 l.
2302 5456 2357 5508 ι,
2381 5454 2431 5496 c.
2460 5438 2549 5495 47.

1545 5546 1913 5604 VARIORUM
1947 5546 2177 5604 NOTIE.

357 5648 984 5723 (IMBaJaralucLetc.
1018 5645 1093 5702 De
1138 5646 1247 5703 situ
1304 5646 1501 5702 horum
1557 5644 1734 5717 Syria
1764 5645 2010 5703 locorum
2077 5647 2198 5703 vide
2248 5662 2371 5718 quae
2408 5644 2623 5716 collegit
2670 5641 2982 5713 Christoph.
3015 5636 3299 5709 Qellarius.
3331 5634 3517 5706 (ἴσον.

295 5715 407 5780 Aut.
439 5725 533 5779 lib.
563 5737 650 5786 lit,
673 5735 794 5790 cap.
823 5717 911 5772 21.
936 5715 1101 5771 Cum.
