4066 6330
608 258 710 313 543

1481 255 1538 315 Β.
1576 254 1965 312 CLEMENTIS
2000 257 2019 311 1
2063 254 2227 310 ROM.
2269 248 2470 306 PONT.
2510 248 2737 303 OPERA
2773 245 2998 305 DUBIA.
3717 250 3806 306 5H

602 373 807 431 sentire
852 387 918 428 ac
961 370 1142 429 facere
1191 386 1255 429 ea
1301 384 1423 441 qua:
1467 368 1535 423 ad
1585 368 1865 424 veritatem
1916 375 2159 435 spectant

2292 363 2482 424 ποιεῖν,
2525 358 2618 411 τοῦ
2659 356 2806 429 ίεροῦ
2855 354 3222 427 βαπτίσματος
3251 351 3566 418 ἀξιώσαντες
3602 354 3652 408 ἐν
3678 372 3805 425 τρισ-

602 482 761 522 sacro
784 466 1057 536 baptismo
1081 464 1136 518 in
1167 472 1249 519 ter
1286 462 1440 517 beata
1478 461 1713 532 quadam
1750 459 1986 515 nominis
2016 458 2172 512 invo-

600 558 816 612 catione
840 557 919 612 eis
948 556 1174 621 donato,
1209 563 1322 609 tum
1348 556 1567 607 demum
1597 566 1703 606 una
1734 567 1856 606 cum
1882 551 1987 605 illis
2008 550 2173 604 etiam
2216 612 2221 616 δ

600 651 894 705 vescimur.
941 646 1162 718 Alioqui
1187 661 1287 701 nec
1319 646 1362 700 si
1414 652 1566 715 pater
1600 643 1694 710 sit,
1740 652 1834 697 aut
1862 652 2051 706 mater,
2079 650 2174 695 aut

599 755 760 804 uxor,
788 748 883 794 aut
916 739 1117 809 proles,
1152 745 1249 793 aut
1298 736 1485 802 frater,
1509 744 1603 789 aut
1644 734 1824 805 quivis
1847 732 1986 788 alius
2010 740 2173 785 natu-

596 831 697 885 rali
722 846 909 886 amore
937 831 1159 897 charus,
1185 844 1310 884 cum
1342 829 1461 899 ipso
1505 827 1686 882 cibum
1719 840 1933 882 sumere
1964 824 2171 879 licitum

596 931 678 977 est
710 921 888 976 nobis.
933 919 1047 976 Hoc
1075 921 1275 991 quippe
1305 919 1602 990 praesertim
1632 918 1701 973 ob
1741 917 1898 972 fidem
1936 916 2170 987 agimus.

597 1011 675 1068 Ne
703 1015 868 1084 igitur
898 1014 1285 1070 contumeliam
1318 1014 1619 1079 existimes,
1650 1013 1794 1082 quod
1825 1028 1968 1067 nunc
1992 1020 2169 1067 tecum

597 1109 740 1164 filius
765 1110 945 1164 cibum
976 1126 1080 1164 non
1104 1109 1305 1180 capiat,
1336 1124 1620 1180 usquequo
1657 1116 1715 1163 tu
1756 1108 1943 1163 eadem
1985 1106 2171 1163 nobis-

597 1216 722 1255 cum
760 1202 967 1256 sentias
996 1210 1048 1258 et
1083 1216 1233 1271 agas.

665 1310 773 1366 Cll.
803 1309 897 1365 His
926 1312 1016 1366 illa
1045 1310 1267 1377 auditis,
1301 1309 1417 1365 ait:
1456 1307 1598 1377 Quid
1639 1325 1769 1381 ergo
1802 1308 2025 1381 impedit
2068 1308 2170 1365 lto-

593 1403 680 1458 die
710 1418 795 1458 me
824 1402 1127 1473 baptizari?
1159 1418 1281 1473 quaz
1296 1410 1349 1457 et
1365 1411 1490 1456 ante
1515 1417 1680 1475 quam
1708 1400 1947 1456 viderem
1977 1410 2049 1471 te,
2073 1417 2168 1457 eos

593 1495 686 1564 qui
712 1494 967 1549 dicuntur
995 1509 1115 1549 esse
1152 1492 1225 1547 dii
1256 1500 1504 1547 aversata
1542 1507 1684 1557 sum,
1710 1506 1806 1561 per
1827 1492 1967 1548 hanc
1997 1492 2167 1548 ratio-

592 1584 946 1649 cinationem,
976 1583 1119 1653 quod
1153 1599 1277 1638 cum
1308 1583 1476 1637 multa
1503 1582 1611 1637 fere
1629 1583 1869 1653 quotidie
1899 1582 2031 1654 ipsis
2059 1583 2165 1638 im-

593 1679 878 1744 molarem,
905 1679 1039 1732 mihi
1070 1677 1122 1730 in
1141 1677 1387 1732 adversis
1425 1677 1587 1731 rebus
1620 1693 1725 1731 non
1764 1676 2054 1732 adfuerint.
2089 1676 2165 1735 De

592 1778 783 1839 stupro
809 1781 990 1824 autem
1023 1769 1153 1840 quid
1198 1778 1412 1839 oportet
1444 1784 1531 1823 me
1556 1769 1776 1823 dicere?
1815 1770 2160 1840 quandoqui-

590 1863 713 1918 dem
742 1878 841 1918 nec
872 1863 1092 1917 divitem
1122 1862 1329 1918 delicia:
1355 1878 1440 1917 me
1464 1862 1530 1916 ad
1557 1863 1661 1916 hoc
1691 1861 2006 1932 pellexerint
2028 1881 2043 1930 ;
2065 1878 2165 1919 nec

590 1955 882 2010 subsecuta
927 1965 1219 2026 paupertas
1263 1969 1329 2009 co
1359 1954 1545 2008 venire
1593 1970 1676 2007 Ille
1702 1955 2057 2025 compulerit;
2105 1965 2164 2010 ut

588 2063 710 2117 quae
755 2048 1072 2115 pudicitiam
1121 2048 1267 2103 velut
1315 2046 1616 2101 maximum
1658 2046 1863 2100 bonum
1913 2062 2163 2116 capesse-

587 2153 700 2191 rem
725 2155 738 2204 ;
772 2140 927 2207 cujus
954 2136 1128 2206 gratia
1151 2145 1206 2191 et
1228 2136 1282 2190 in
1308 2146 1511 2190 tantam
1549 2136 1911 2192 calamitatem
1945 2137 2157 2192 deveni.

589 2228 692 2283 Sed
724 2244 823 2283 nec
859 2239 911 2283 te
957 2228 1213 2295 arbitror,
1264 2228 1487 2285 domine
1536 2226 1607 2282 mi
1652 2226 1835 2291 Petre,
1884 2227 2157 2296 ignorare,

586 2318 848 2386 majorem
894 2318 1246 2387 cupiditatem
1287 2335 1354 2374 ex
1398 2319 1518 2374 laeta
1552 2317 1769 2373 fortuna
1800 2318 1972 2374 oriri:
2020 2318 2162 2374 unde

584 2423 685 2477 ego
711 2424 832 2478 quae
875 2410 927 2463 in
958 2412 1212 2465 secundis
1248 2410 1413 2465 rebus
1444 2419 1739 2480 temperate
1774 2410 1905 2475 vixi,
1950 2411 2005 2464 in
2034 2410 2162 2465 allii-

584 2501 764 2555 ctione
793 2516 879 2556 me
916 2502 1288 2572 voluptatibus
1318 2519 1424 2558 non
1460 2501 1619 2558 dedo.
1652 2501 1837 2572 Neque
1862 2518 1990 2558 vero
2015 2517 2161 2557 nunc

583 2590 828 2644 animum
867 2608 1047 2646 meum
1083 2592 1364 2647 existimes
1390 2592 1709 2662 aegritudine
1745 2608 1865 2647 esse
1906 2592 2157 2657 liberum,

584 2681 679 2751 qui
712 2682 1055 2752 aliquantum
1103 2683 1494 2738 consolationis
1540 2693 1733 2738 nactus
1779 2691 1863 2738 cst
1914 2699 2008 2753 per
2038 2682 2157 2737 Cle-

582 2779 782 2833 mentis
831 2779 1278 2850 recognitionem.
1313 2776 1623 2833 Succedens
1663 2793 1900 2848 namque
1938 2778 2157 2833 tristitia

580 2890 647 2931 ex
674 2875 890 2932 duobus
915 2877 1103 2932 liberis
1145 2875 1280 2930 meis
1311 2885 1460 2941 nata,
1496 2872 1597 2926 hoc
1618 2869 1996 2940 qualecunque
2020 2883 2157 2939 gau-

580 2963 734 3019 dium
765 2965 1044 3020 obscurat.
1074 2962 1193 3018 Non
1228 2963 1373 3020 enim
1404 2962 1540 3016 adeo
1582 2974 1684 3014 nos
1724 2958 2030 3026 contristat,
2062 2972 2158 3013 eos

580 3056 636 3110 in
667 3057 805 3112 mari
832 3057 971 3111 male
989 3056 1239 3127 periisse,
1262 3069 1428 3125 quam
1455 3053 1573 3108 sine
1595 3051 1795 3121 pietate
1812 3065 1939 3121 erga
1963 3048 2153 3116 Deum,
2184 3074 2226 3131 ο

580 3159 689 3202 nna
722 3163 845 3202 cum
895 3148 1093 3202 animis
1137 3146 1411 3202 interiisse
1457 3159 1649 3199 eorum
1698 3156 1949 3212 corpora.
1998 3140 2158 3196 Pater

579 3248 761 3294 autem
782 3255 997 3304 eorum,
1021 3255 1287 3310 meusque
1311 3238 1560 3305 maritus,
1581 3235 2039 3307 quemadmodum
2064 3249 2159 3304 per

578 3329 913 3387 Clementem
951 3331 1212 3399 comperi,
1245 3328 1313 3385 ad
1350 3328 1701 3400 quaerendum
1730 3341 1815 3381 me
1845 3341 1909 3381 ac
1955 3325 2156 3379 liberos

579 3438 928 3495 progressus,
961 3431 1040 3478 tot
1064 3424 1225 3481 annis
1269 3440 1377 3478 non
1410 3430 1688 3492 comparet
1715 3439 1729 3475 :
1760 3435 1985 3490 prorsus
2024 3434 2155 3473 vero

580 3525 631 3569 et
661 3514 777 3585 ipse
805 3516 959 3570 obiit.
993 3514 1206 3569 Etenim
1237 3514 1423 3579 miser,
1452 3514 1522 3569 ob
1543 3511 1933 3570 continentiam
1961 3511 2154 3582 dilige-

578 3610 671 3664 bat
701 3625 787 3664 me
809 3617 864 3664 et
885 3620 1003 3665 erat
1028 3625 1221 3665 amans
1247 3610 1543 3664 liberorum
1571 3624 1585 3662 :
1612 3622 1782 3677 quare
1809 3607 2024 3663 cunctis
2058 3621 2156 3660 no-

577 3700 685 3766 bis,
711 3717 741 3756 a
774 3717 833 3756 se
860 3716 1023 3770 super
1048 3701 1233 3755 omnia
1271 3700 1504 3766 dilectis,
1542 3698 1767 3755 orbatus
1812 3714 1999 3765 senex,
2043 3714 2154 3769 pra:

577 3793 821 3847 maximo
842 3791 1031 3847 dolore
1055 3791 1333 3847 occubuit.

645 3980 777 4038 Clll.
808 3981 1034 4037 Matrem
1064 3997 1196 4038 vero
1224 3982 1343 4039 haec
1385 3982 1625 4038 locutam
1658 3982 1941 4043 audientes
1970 3984 2148 4054 liberi,

574 4089 684 4129 non
743 4075 999 4144 amplius,
1054 4074 1353 4130 secundum
1402 4074 1550 4130 Petri
1593 4076 2043 4145 admonitionem,
2091 4093 2151 4135 se

572 4167 854 4222 continere
896 4174 1235 4236 potuerunt:
1289 4165 1387 4221 sed
1424 4175 1799 4237 exsurgentes,
1846 4177 1962 4222 tum
1995 4183 2149 4223 com-

573 4258 951 4328 plectebantur
977 4272 1122 4322 eam,
1149 4265 1204 4312 et
1232 4272 1358 4312 cum
1387 4256 1644 4328 lacrymis
1669 4258 2145 4315 deosculabantur.

2278 450 2524 522 μακαρίᾳ
2564 450 2672 502 τινὶ
2732 447 3088 518 ἐπονομασίᾳ,
3126 446 3249 498 τότε
3284 444 3352 515 δὴ
3395 445 3567 508 αὐτοῖς
3592 446 3675 499 καὶ
3703 464 3810 500 συν-

2273 540 2598 611 αυλιζόμεθα
2622 541 2660 595 ¹.
2702 540 2854 592 Ἐπεὶ
2874 538 2983 593 οὐδ’
3022 536 3088 591 ἂν
3123 536 3304 606 πατὴρ
3323 534 3358 605 ἦ
3386 537 3558 607 μήτηρ
3574 538 3802 609 τυγχάνῃ,

2273 633 2307 705 ἢ
2337 633 2495 704 γυνὴ,
2532 633 2566 704 ἢ
2594 633 2803 695 τέκνον,
2832 632 2864 702 ἢ
2897 628 3142 700 ἀδελφὸς,
3176 627 3210 699 ἢ
3239 626 3393 690 ἄλλος
3421 644 3502 689 τις
3533 629 3593 680 ἐκ
3621 628 3811 696 φύσεως

2271 726 2371 799 τὴν
2398 726 2633 798 στοργὴν
2663 725 2820 797 ἔχων,
2859 720 3235 777 συνεστιᾶσθαι
3263 719 3409 790 αύτῷ
3444 718 3644 790 θεμιτὸν
3671 722 3803 790 ἡμῖν.

2273 818 2461 872 Πίστει
2486 817 2594 891 γὰρ
2608 816 2966 889 διαφερόντως
2977 813 3137 869 τοῦτο
3160 810 3435 881 ποιοῦμεν*
3459 810 3548 881 Μὴ
3568 806 3654 864 οὖν
3672 809 3809 883 ὓϐριν

2273 910 2474 980 ἡγήσῃ,
2506 909 2567 962 τὸ
2615 909 2690 981 μὴ
2717 907 2813 961 νῦν
2850 904 3223 961 συνεστιᾶσθαί
3267 920 3347 956 σοι
3383 902 3471 955 τὸν
3520 902 3647 968 υἱὸν,
3673 902 3812 974 ἄχρις

2274 1002 2343 1057 ἂν
2374 1003 2395 1034 ³
2423 1000 2492 1056 τὰ
2521 1001 2659 1055 αὐτὰ
2686 1004 2818 1074 ἡμῖν
2851 1002 3056 1074 φρονῇς
3084 997 3178 1053 καὶ
3210 997 3410 1067 ποιῇς,

2339 1309 2447 1367 CII.
2496 1310 2560 1364 Ἦ
2593 1310 2650 1364 δέ
2688 1308 2987 1375 ἀκούσασα,
3024 1309 3148 1381 ἔφη·
3191 1309 3257 1362 Τί
3296 1303 3389 1362 οὖν
3430 1305 3623 1360 κωλύει
3652 1321 3712 1374 με
3737 1307 3821 1377 σή-

2272 1419 2440 1475 μερον
2472 1400 2861 1474 βαπτισθῆναις
2890 1402 3049 1465 Ἥτις
3075 1399 3170 1454 καὶ
3196 1399 3301 1472 πρὸ
3327 1398 3425 1453 τοῦ
3457 1397 3580 1451 ἰδεῖν
3610 1414 3685 1460 σε,
3710 1396 3821 1458 τοὺς

2268 1495 2592 1567 λεγομένους
2621 1495 2774 1559 θεοὺς
2820 1493 3173 1566 ἀπεστράφην
3200 1491 3445 1564 λογισμῷ
3484 1490 3719 1561 τοιούτῳ,
3745 1490 3819 1542 ὅτι

2268 1588 2438 1643 πολλὰ
2485 1588 2669 1659 σχεδὸν
2720 1588 2842 1642 καθ’
2883 1587 3093 1661 ἡμέραν
3144 1586 3349 1660 θυούσῃ
3395 1603 3484 1657 μοι
3533 1583 3749 1646 τούτοις,
3776 1585 3825 1636 ἐν

2265 1682 2387 1745 ταῖς
2423 1679 2690 1749 ἀνάγκαις
2725 1680 2786 1733 οὐ
2837 1679 3253 1752 παρεστάθησάν
3303 1696 3413 1749 μοι.
3450 1675 3585 1748 Περὶ
3626 1674 3681 1729 δέ
3720 1692 3824 1746 μοι·

2263 1769 2415 1840 χείας
2440 1770 2494 1824 τί
2521 1769 2600 1823 δεῖ
2656 1787 2723 1841 με
2762 1770 2856 1823 καὶ
2885 1768 3090 1839 λέγειν;
3143 1767 3290 1822 ὁπότ’
3330 1767 3398 1822 ἂν
3436 1766 3558 1821 οὺδέ
3589 1763 3829 1820 πλουτούς

2264 1878 2364 1915 σαν
2392 1862 2569 1934 τρυφή
2616 1879 2683 1933 με
2725 1860 2861 1933 πρὸς
2914 1858 3072 1913 τοῦτο
3110 1859 3417 1931 ἠπάτησενσ
3470 1856 3591 1911 ούδέ
3632 1859 3663 1929 η
3707 1854 3829 1926 μετά

2260 1950 2436 2006 ταῦτα
2464 1952 2623 2005 πενία
2664 1951 2756 2006 ἐπὶ
2791 1950 2948 2005 τοῦτο
2975 1967 3038 2021 γε
3078 1950 3251 2003 ἐλθεῖν
3289 1948 3724 2020 κατηνάγκασεν,
3747 1947 3831 2000 an

2262 2042 2326 2117 δὴ
2348 2044 2447 2115 τῆς
2484 2043 2835 2116 σωφροσύνης
2863 2043 2938 2108 ὡς
2979 2042 3231 2115 μεγίστου
3268 2039 3443 2094 καλοῦ
3476 2037 3832 2106 ἀντιποιουμέ-

2262 2154 2359 2207 νης
2390 2154 2511 2209 μου·
2544 2130 2611 2208 ἦς
2640 2136 2825 2200 ἕνεκα,
2856 2135 2951 2188 καὶ
2992 2135 3072 2198 είς
3100 2134 3373 2205 τοσαύτην
3400 2128 3564 2203 ἦλθον
3598 2130 3833 2200 περίστα-

2263 2244 2365 2282 σιν.
2422 2228 2559 2281 Ἀλλ’
2591 2229 2711 2283 οὐδέ
2743 2246 2801 2281 σε
2849 2226 3022 2301 οἶμαι,
3054 2227 3209 2300 κύριέ
3245 2244 3351 2297 μου
3391 2226 3587 2295 Πέτρε,
3617 2224 3831 2291 ἀγνοεῖν,

2260 2317 2341 2371 ὅτι
2402 2320 2435 2389 ἡ
2483 2318 2681 2373 πλείων
2736 2318 2997 2389 ἐπιθυμία
3045 2317 3103 2385 ἐξ
3145 2316 3427 2387 εύθυμιῶν
3466 2316 3687 2385 γίνεται·
3728 2311 3834 2365 ὅθεν

2260 2408 2372 2480 ἐγὼ
2422 2412 2478 2464 ἐν
2526 2409 2761 2482 εὐθυμία
2814 2411 3229 2483 σωφρονήσασα,
3276 2410 3339 2461 ἐν
3398 2407 3666 2477 δυσθυμία
3715 2403 3836 2474 πρὸς

2260 2501 2453 2571 ἡδονὰς
2481 2503 2679 2576 ἑαυτὴν
2707 2504 2807 2556 ούκ
2845 2503 3119 2574 ἐκδίδωμι,
3168 2501 3333 2555 Ἀλλά
3366 2500 3504 2574 μηδὲ
3528 2499 3621 2553 νῦν
3650 2513 3835 2551 κακου-

2258 2594 2381 2663 χίας
2410 2595 2752 2667 ἀπηλλάχθαι
2790 2596 3019 2668 νομίσῃς
3047 2613 3146 2668 μου
3183 2595 3282 2667 τὴν
3314 2594 3521 2665 ψυχὴν,
3551 2593 3648 2662 τὴν
3676 2587 3839 2650 ποσῶς

2259 2685 2613 2757 παραμυθίας
2642 2685 2929 2756 τυχοῦσαν,
2958 2684 3046 2739 διὰ
3068 2686 3165 2758 τὴν
3196 2684 3523 2754 Κλήμεντος
3554 2678 3840 2750 ἀναγνώρι-

2260 2793 2357 2831 σιν.
2403 2775 2880 2848 Ἀντεισερχομένη
2908 2776 3078 2848 γάρὴ
3123 2777 3186 2828 ἐκ
3216 2772 3329 2827 τῶν
3374 2771 3471 2827 δύο
3505 2789 3605 2843 μου
3651 2769 3841 2822 τέκνων

2258 2865 2464 2937 ἀθυμία
2488 2866 2530 2931 ³,
2561 2868 2655 2921 καὶ
2682 2866 2779 2939 τὴν
2821 2866 3001 2930 ποσῶς
3035 2866 3272 2938 ἀμαυροῖ
3316 2854 3524 2937 χαράν.
3555 2862 3725 2917 Λυπεῖ
3743 2858 3840 2930 γὰρ

2259 2958 2405 3030 ἡμᾶς
2429 2957 2488 3011 ού
2518 2957 2775 3013 τοσοῦτον
2799 2958 2860 3012 τὸ
2889 2958 2946 3012 ἐν
2971 2961 3038 3030 τῇ
3062 2957 3309 3030 θαλάσσῃ
3350 2955 3582 3019 τούτους
3612 2967 3843 3024 παραπο-

2257 3047 2462 3115 λέσθαι,
2494 3048 2616 3103 ὅσον
2644 3049 2739 3104 καὶ
2763 3050 2786 3081 ⁸
2815 3050 2984 3121 χωρὶς
3013 3048 3111 3119 τῆς
3149 3048 3227 3111 είς
3255 3047 3399 3100 Θεὸν
3430 3043 3711 3106 εὐσεϐείας
3739 3041 3842 3093 δια-

2261 3137 2526 3211 φθαρῆναι
2559 3139 2696 3211 μετά
2723 3157 2787 3210 γε
2814 3140 2920 3193 τῶν
2951 3138 3139 3211 ψυχῶν
3166 3139 3357 3202 αὐτοῖς
3390 3138 3491 3192 καὶ
3517 3136 3589 3189 τὰ
3613 3133 3842 3204 σώματα.

2271 3229 2327 3283 '0
2357 3228 2415 3283 δέ
2463 3229 2671 3284 τούτων
2722 3229 2926 3302 πατὴρ,
2963 3229 3093 3299 ἐμὸς
3137 3227 3194 3281 δέ
3240 3226 3529 3290 σύνευνος,
3578 3224 3655 3285 ὡς
3708 3219 3845 3291 παρὰ

2258 3321 2571 3394 Κλήμεντος
2614 3321 2833 3393 ἔμαθον,
2868 3319 2960 3376 ἐπί
3004 3338 3065 3374 τε
3114 3320 3213 3391 τὴν
3241 3320 3390 3392 ἐμὴν
3432 3320 3531 3375 καὶ
3574 3317 3683 3370 τῶν
3727 3314 3848 3367 υἱῶν

2257 3411 2481 3485 ζήτησιν
2526 3410 2713 3477 ἐκϐὰς,
2764 3411 3040 3476 τοσούτοις
3072 3411 3245 3465 ἔτεσιν
3274 3412 3505 3483 ἀφανής
3544 3411 3682 3463 ἐστι’
3725 3408 3848 3463 πάν-

2256 3521 2362 3569 τως
2389 3503 2446 3558 δέ
2479 3504 2572 3557 καὶ
2601 3503 2761 3568 αὐτὸς
2797 3503 3134 3576 ἐτελεύτησε.
3165 3503 3273 3557 Καὶ
3310 3502 3426 3575 γὰρ
3456 3505 3487 3556 ὁ
3516 3502 3851 3571 ταλαίπωρος

2258 3594 2363 3648 ὑπὸ
2411 3595 2762 3667 σωφροσύνης
2813 3610 2879 3667 με
2932 3594 3181 3664 ἀγαπῶν,
3219 3595 3553 3664 φιλότεκνος
3604 3590 3692 3666 ἦν’
3720 3592 3850 3653 ,ὅθεν

2254 3688 2469 3741 πάντων
2500 3687 2655 3759 ἡμῶν
2699 3686 2810 3743 τῶν
2859 3686 3002 3759 ὑπὲρ
3044 3686 3222 3740 πάντα
3276 3687 3675 3759 ἠγαπημένων
3716 3682 3854 3753 αύτῷ

2255 3778 2532 3850 στερηθεὶς
2560 3780 2589 3833 ὁ
2630 3777 2828 3853 γέρων,
2869 3779 2975 3832 ὑπὸ
3012 3779 3272 3852 μεγίστης
3303 3780 3560 3853 ἀθυμίας
3588 3776 3850 3847 διαπεφὼ-

2253 3887 2403 3943 νηκε.

2321 3959 2455 4037 CIII.
2490 3981 2605 4053 Τῆς
2632 3981 2690 4036 δέ
2734 3981 2938 4054 μητρὸς
2966 3981 3139 4038 ταῦτα
3181 3981 3464 4055 λεγούσης
3493 3981 3786 4044 ἀκούοντες
3808 3981 3852 4032 oi

2252 4074 2460 4142 παῖδες,
2488 4074 2675 4129 οὐκέτι
2700 4074 2839 4129 κατὰ
2865 4076 2969 4148 τὴν
2997 4074 3093 4128 τοῦ
3122 4075 3334 4147 Πέτρου
3374 4077 3715 4150 παραίνεσιν
3739 4074 3858 4145 ἡδύ-

2250 4182 2411 4220 ναντο
2462 4167 2698 4236 στέγειν*
2753 4166 2868 4221 ἀλλ’
2900 4167 3227 4232 ἀναστάντες
3266 4169 3712 4241 περιεπλέκοντο
3740 4167 3854 4219 τότε

2250 4258 2410 4331 αὐτῇ,
2442 4259 2537 4312 καί
2560 4258 2789 4332 δάκρυσι
2816 4262 2839 4295 ⁸
2876 4259 3212 4328 κατεφίλουν.
3256 4260 3381 4330 Ἐφ’
3481 4261 3550 4334 δὴ
3577 4262 3673 4316 καὶ
3702 4262 3734 4331 ὴ
3762 4260 3858 4330 μή-

571 4348 656 4403 Ob
681 4349 827 4419 quod
867 4358 1042 4404 mater
1086 4348 1348 4415 attonita,
1376 4349 1508 4420 quid
1550 4350 1654 4404 hoc
1682 4350 1789 4405 sibi
1832 4351 2013 4419 vellet,
2039 4368 2150 4422 pra:

2260 4367 2358 4423 τηρ
2387 4349 2821 4420 καταπλαγεῖσα,
2851 4351 2904 4405 τί
2934 4350 3076 4404 θέλοι
3115 4350 3275 4405 τοῦτο
3303 4348 3483 4419 εἶναι,
3520 4353 3632 4406 ὑπὸ
3669 4349 3859 4405 ἐκστάσ-

575 4448 798 4508 stupore
818 4439 975 4508 juxta
1018 4449 1181 4509 atque
1214 4411 1558 4511 ignoratione
1594 4456 1801 4509 rerum,
1847 4411 2150 4515 interro-ga-

2260 4411 2398 4505 σέως
2428 4442 2617 4515 ὥσπερ
2645 4411 2740 4495 καὶ
2763 4411 2982 4510 ἀγνοίας
3008 4443 3116 4497 τῶν
3136 4411 3481 4513 γινομένων,
3507 4442 3723 4517 ἠρώτα.
3756 4440 3861 4496 Καὶ

573 4530 687 4584 bat.
740 4528 1049 4599 Statimque
1086 4529 1283 4585 Petrus
1325 4530 1465 4585 dixit
1502 4548 1518 4585 :
1568 4530 1809 4597 Advoca,
1846 4546 1880 4586 0
1927 4532 2146 4599 mulier,

574 4618 788 4671 fortiter
815 4628 1048 4673 mentem
1075 4627 1246 4687 tuam,
1277 4628 1339 4673 ut
1361 4620 1504 4676 natis
1528 4621 1638 4676 tuis
1664 4620 1864 4676 fruaris
1884 4621 2146 4691 jucunde.

573 4707 641 4763 lli
669 4713 814 4764 enim
843 4720 974 4766 sunt
1001 4711 1298 4766 Faustinus
1332 4720 1387 4767 et
1424 4712 1833 4779 FauStinianus,
1867 4730 2005 4784 quos
2034 4717 2150 4772 aie-

572 4803 673 4859 bas
717 4804 773 4858 in
821 4806 1012 4875 pelago
1038 4806 1262 4871 abiisse,
1306 4822 1558 4878 quosque
1600 4808 1730 4864 dum
1781 4808 1953 4879 luges,
1978 4809 2145 4865 vitam

573 4905 722 4950 tuam
765 4895 813 4951 is
845 4896 1026 4952 luctus
1059 4912 1169 4952 non
1202 4899 1418 4954 vitalem
1462 4898 1744 4956 efficiebat.
1776 4898 1880 4967 Qui
1915 4916 2042 4956 vero
2068 4903 2150 4957 al-

573 4997 655 5041 ter
688 5003 876 5043 eorum
900 4985 1137 5046 Nicetas.
1170 4990 1307 5044 alter
1332 4989 1528 5061 Aquila
1557 5000 1800 5058 vocetur,
1829 4992 1933 5063 ipsi
1961 4993 2147 5064 auspi~

571 5083 696 5129 cato
726 5074 910 5130 dicant
938 5085 992 5130 et
1040 5077 1291 5132 doceant.
1323 5078 1449 5134 Haac
1475 5079 1636 5136 Petro
1665 5081 1903 5147 dicente,
1944 5093 2140 5151 mater,

572 5166 771 5238 gaudio
804 5168 1102 5225 immodico
1152 5171 1378 5239 repleta,
1420 5174 1811 5242 propemodum
1847 5183 1903 5231 et
1948 5175 2143 5245 spiritu

570 5261 768 5317 defecit
794 5286 808 5319 ;
834 5272 1071 5318 attamen
1093 5265 1416 5337 recolligens
1440 5282 1519 5334 se,
1549 5282 1614 5323 ac
1633 5269 1780 5324 velut
1808 5270 1893 5325 sui
1917 5286 2140 5343 compos

572 5354 754 5412 facta:
791 5356 913 5412 Filii
946 5358 1050 5413 mei
1081 5360 1430 5429 optatissimi,
1465 5360 1661 5433 inquit,
1689 5362 1783 5418 filii
1810 5364 2134 5433 dulcissimi,

2252 4534 2282 4587 ὁ
2311 4533 2515 4606 Πέτρος
2555 4533 2735 4600 εὐθύς,
2758 4534 3130 4606 Παράστησον,
3162 4529 3207 4589 ὦ
3244 4534 3438 4603 γύναι,
3489 4538 3714 4608 εἴρηκε,
3738 4551 3858 4602 γεν-

2254 4626 2419 4690 ναίως
2445 4625 2537 4680 τὸν
2565 4626 2690 4681 νοῦν
2720 4643 2835 4691 σου,
2866 4625 3007 4681 ὥστε
3043 4627 3152 4681 τῶν
3192 4625 3300 4681 σῶν
3325 4627 3518 4699 ἡδέως
3557 4626 3862 4683 ἀπολαῦσαι

2250 4720 2476 4774 τέκνων.
2507 4714 2666 4775 Οὗτοι
2702 4720 2811 4792 γάρ
2851 4721 2956 4773 εισι
2978 4722 3265 4784 Φαυστῖνος
3299 4723 3401 4775 καὶ
3440 4720 3855 4783 Φαυστινιανὸς,

2251 4812 2345 4876 οὓς
2372 4812 2556 4882 ἔλεγες
2578 4815 2634 4867 ἐν
2667 4813 2811 4885 βυθῷ
2836 4814 3104 4878 τεθνᾶναι,
3134 4814 3226 4868 καί
3249 4806 3324 4868 ὧν
3351 4816 3421 4869 τὸ
3453 4815 3666 4881 πένθος
3707 4813 3862 4870 ἀϐίω-

2252 4922 2345 4959 τον
2372 4906 2540 4959 ἐτίθει
2574 4923 2664 4960 σου
2686 4907 2707 4938 ⁶
2733 4907 2832 4979 τὴν
2856 4905 3020 4978 ζωήν.
3051 4906 3174 4969 Πῶς
3197 4907 3254 4960 δὲ
3284 4907 3466 4962 αὑτοῦ
3492 4913 3524 4964 ὁ
3558 4912 3663 4981 μὲν
3691 4909 3858 4977 Νική-

2248 5013 2370 5069 της,
2394 5000 2423 5051 ὀ
2451 4998 2508 5051 δέ
2553 4998 2780 5063 Ἀκύλας
2810 4998 3073 5063 καλεῖται,
3103 4998 3258 5052 αὐτοὶ
3299 4999 3503 5066 καλῶς
3547 4999 3857 5072 λεγέτωσαν

2247 5108 2307 5143 τε
2338 5091 2431 5144 καί
2461 5091 2875 5145 διδασκέτωσαν.
2907 5089 3089 5144 Ταῦτα
3127 5090 3222 5144 τοῦ
3268 5091 3497 5164 Πέτρου
3545 5096 3795 5155 εἰπόντος
3823 5093 3855 5161 ὴ

2251 5181 2436 5253 μήτηρ
2465 5182 2704 5254 ἀμέτρου
2739 5181 3035 5253 πλησθεῖσα
3063 5185 3255 5255 χαρᾶς,
3293 5186 3516 5255 μικροῦ
3558 5187 3633 5242 ἂν
3661 5185 3855 5241 ἀπολε-

2246 5271 2424 5325 λοίπει
2477 5273 2570 5326 καὶ
2602 5273 2702 5345 τὴν
2751 5275 2939 5346 πνοήν⁸
2994 5273 3362 5343 ἀνενεγκοῦσα
3392 5277 3459 5330 δὲ
3518 5280 3700 5350 ὅμως,
3765 5276 3855 5329 καὶ

2243 5363 2433 5436 ὥσπερ
2468 5365 2665 5437 ἑαυτῆς
2694 5368 2715 5399 ⁷
2744 5366 3029 5439 γενομένη,
3065 5366 3240 5421 Τέκνα
3267 5382 3376 5437 μου
3435 5370 3702 5436 ποθεινὰ,
3731 5370 3875 5439 ἔφην

1821 5526 2059 5584 VABIA‘J
2093 5526 2495 5585 LECTIONES.

652 5619 684 5689 '_
697 5618 765 5671 al.
809 5617 1218 5689 συναλιζόμεθα.

564 5684 601 5759 ι’
639 5686 707 5739 al.
749 5688 836 5757 ἐφ’
863 5684 1079 5759 ἐαυτῆςξ
1112 5688 1183 5744 al.
1224 5690 1280 5743 ἐν
1314 5684 1502 5760 ἐαυτῇῖ

1296 5622 1316 5650 ³
1356 5619 1429 5672 al.
1483 5630 1721 5690 praepon.
1769 5619 1861 5690 μή.
1942 5618 1961 5651 ³
2003 5618 2071 5673 al.
2116 5618 2446 5691 βαρυθυμία.
2528 5621 2546 5653 ⁸
2588 5622 2656 5677 al.
2698 5623 2776 5676 τό.

2883 5625 2904 5656 ³
2945 5625 3015 5679 al.
3060 5626 3156 5680 σὺν
3184 5625 3453 5699 δάκρυσι.
3579 5631 3604 5664 ⁸
3644 5633 3717 5687 al.
3745 5646 3839 5685 σοι
