4066 6330
273 350 382 419 5w

1085 353 1546 413 CLEMENTINA.
1584 384 1654 396 -—
1691 351 1988 410 EPITOME
2022 351 2110 407 DE
2143 351 2393 410 GESTIS
2430 351 2490 409 S.
2529 349 2759 409 PETRI.

3434 343 3540 403 5M5

269 476 437 529 τέκνα
468 475 798 543 γλυκυτατα,
824 472 989 527 τέκνα
1019 474 1244 547 καρδίας
1266 473 1546 539 καύσωνες
1572 474 1672 545 τῆς
1697 471 1855 551 ἐμῇς,

1962 470 2055 525 lilii
2083 472 2305 528 ardores
2350 470 2531 527 cordis
2561 468 2688 537 mei,
2732 467 2896 523 dicite
2924 466 3059 523 mihi
3086 480 3341 538 quasnam
3374 479 3442 520 vo
3456 463 3507 521 bi

271 564 467 620 εἴπατέ
495 582 606 636 μοι,
638 565 760 617 τίνα
788 565 853 637 δὴ
895 564 967 619 τὰ
1003 565 1146 620 κατά
1173 566 1197 598 ⁸
1222 565 1323 632 τὴν
1368 565 1613 638 χαλεπὴν
1646 566 1861 636 ἐκείνην

271 654 443 713 ὑύκτα
475 654 758 726 συμϐάντα
794 655 941 726 ὑμῖν.

283 750 297 763 ⁵
341 743 480 801 CIV.
510 745 622 797 Kal.
658 745 687 797 ό
711 744 956 815 Νικήτης
996 743 1191 799 αὐτίκα
1220 744 1314 800 τὸν
1353 743 1510 815 λόγον
1559 743 1861 812 ἀναλαϐὼν,

270 840 447 903 οὓτως
484 838 608 908 ἔφη·
654 833 917 914 Ἡμῖνηῶ
973 841 1167 912 μῆτερ,
1203 840 1280 904 ὡς
1322 824 1499 907 οἶσθα,
1542 840 1637 895 τοῦ
1673 841 1861 897 πλοίου

270 935 413 989 κατά
450 935 552 1007 τὴν
597 933 770 989 νύκτα
796 936 819 967 ‘
846 935 1252 1009 διαρραγέντος,
1283 935 1476 1009 ἄνδρες
1520 938 1661 1001 τινὲς
1706 937 1763 991 ἐν
1784 936 1864 1010 τῷ

273 1027 422 1099 βυθῷ
450 1025 733 1099 λῃστεύειν
764 1025 823 1080 οὐ
858 1026 1174 1093 δεδοικότες,
1206 1029 1355 1100 ἡμᾶς
1397 1027 1731 1099 ἀνελόμενοι,
1768 1029 1864 1083 καί

271 1135 378 1171 τινι
413 1117 689 1188 ἐνθέμενοι
733 1118 951 1188 σκάφει,
995 1118 1185 1172 ἔπειτα
1214 1118 1272 1172 δὲ
1318 1118 1531 1183 κώπαις
1569 1119 1861 1192 χρώμενοι,

272 1210 353 1273 εἰς
380 1208 482 1281 τὴν
512 1208 826 1280 Στράτωνος
871 1204 1004 1280 ἦγον
1048 1210 1406 1282 Καισάρειαν·
1454 1211 1617 1265 κάκεῖ
1659 1213 1863 1285 σφόδρα

275 1301 667 1373 συνεχομένους
703 1303 853 1375 ἡμᾶς
905 1300 984 1373 τῷ
1012 1300 1177 1374 λιμῷ,
1209 1302 1347 1374 πρὸς
1367 1302 1422 1356 δὲ
1452 1303 1547 1357 καὶ
1594 1305 1863 1376 περιδεεῖς

274 1391 454 1456 ὄντας,
489 1393 636 1464 μήτι
667 1393 761 1446 καὶ
792 1393 1061 1464 προπετὲς
1089 1390 1315 1444 καὶτῶν
1341 1391 1523 1455 αὐτοῖς
1553 1391 1615 1444 οὐ
1646 1391 1865 1445 δοκούν-

273 1500 384 1536 των
428 1482 809 1554 φθεγξώμεθα,
843 1485 1038 1536 ἐκεῖνοι
1073 1481 1141 1537 τὰ
1186 1482 1426 1555 ὀνόματα
1460 1481 1617 1555 ὴμῶν
1648 1482 1861 1556 διαμεί-

274 1576 498 1646 ψαντες,
530 1576 612 1639 είς
655 1574 897 1628 δουλείαν
945 1574 1146 1639 ἀθλίως
1173 1574 1453 1629 ἀπέδοντο.
1490 1574 1632 1647 Γυνὴ
1674 1575 1732 1630 δέ
1780 1594 1864 1641 τις

276 1668 424 1739 ἡμᾶς
472 1667 744 1733 Ἰουδαίοις
791 1668 1126 1742 προσήλυτος
1175 1667 1451 1737 ἀξιόλογος
1482 1669 1646 1733 πάνυ,
1695 1668 1865 1742 ὄνομα

289 1761 498 1815 Ἱούστα
542 1761 892 1834 ὠνησαμένη,
924 1764 982 1815 ἐν
1018 1760 1225 1816 τέκνων
1262 1761 1527 1832 ἐφύλαττε
1560 1762 1745 1835 μοίρᾳ,
1770 1770 1863 1817 καὶ⁹

1965 564 2019 618 in
2051 564 2139 620 illa
2168 579 2309 619 saeva
2330 573 2489 620 nocte
2517 562 2868 633 contigerint.

2032 733 2183 799 CIV:
2205 741 2342 798 Tum
2368 740 2605 807 Nicetes,
2634 738 2920 797 confestim
2954 748 3233 808 resumpto
3261 748 3517 791 sermone

1962 834 2037 890 ita
2087 833 2244 889 iniit:
2275 832 2504 900 Quando
2552 832 2732 899 nobis,
2771 845 2805 887 ο
2845 840 3041 897 mater,
3078 828 3537 899 quemadmodum

1964 928 2092 996 scis,
2130 927 2407 998 navigium
2454 935 2618 980 noctu
2647 924 2954 994 disruptum
2994 929 3099 989 est,
3134 921 3382 977 homines
3416 919 3538 992 qui-

1963 1017 2088 1073 dam
2119 1019 2213 1090 qui
2248 1019 2301 1073 in
2332 1017 2469 1072 mari
2499 1017 2711 1087 praedas
2739 1030 2902 1085 agere
2931 1029 3043 1070 non
3074 1019 3352 1081 verentur,
3383 1028 3543 1082 cepe-

1963 1122 2093 1169 runt
2115 1128 2235 1180 nos,
2263 1120 2316 1167 et
2344 1113 2560 1183 scapha:
2588 1112 3007 1181 imposuerunt;
3041 1117 3341 1179 posteaque
3372 1107 3543 1165 remis

1964 1207 2072 1274 usi,
2096 1206 2371 1261 duxerunt
2411 1204 2715 1259 Caesaream
2747 1203 3016 1258 Stratonis
3049 1220 3063 1257 :
3092 1211 3256 1272 atque
3286 1201 3358 1256 ibi
3380 1202 3544 1256 vehe-

1964 1297 2340 1355 menter‘l‘ame
2369 1312 2737 1367 compressos,
2779 1306 2838 1351 ut
2872 1305 3016 1351 metu
3049 1294 3225 1350 affecti
3253 1295 3387 1350 nihil
3406 1309 3543 1365 prae-

1963 1406 2112 1461 ceps,
2142 1390 2396 1461 quodque
2435 1390 2502 1445 iis
2530 1388 2840 1459 displiceret
2886 1387 3268 1458 loqueremur;
3302 1387 3401 1453 illi,
3445 1402 3546 1441 no-

1964 1482 2205 1538 minibus
2228 1482 2430 1537 nostris
2462 1482 2707 1549 mutatis,
2742 1480 2796 1535 in
2843 1481 3158 1537 servitutem
3190 1482 3388 1537 misere
3428 1490 3542 1536 tra-

1962 1575 2240 1631 diderunt.
2279 1573 2451 1629 Porro
2480 1573 2678 1628 mulier
2704 1573 2950 1645 quaedam
2997 1575 3140 1643 apud
3170 1571 3389 1628 Judaios
3414 1588 3545 1645 pro-

1963 1668 2157 1741 selyta,
2206 1666 2363 1722 valde
2413 1665 2725 1733 laudabilis,
2776 1666 2996 1721 nomine
3044 1664 3223 1733 Justa,
3267 1680 3392 1721 cum
3443 1681 3543 1721 nos

1964 1762 2207 1828 emisset,
2240 1760 2431 1815 habuit
2474 1760 2595 1815 loco
2626 1760 2887 1825 ﬁliorum,
2922 1759 3290 1828 omnibusque
3336 1757 3542 1812 Graecis

278 1854 427 1926 πάσῃ
471 1853 723 1927 ἐλληνικῇ
758 1852 975 1925 παιδείᾳ
1023 1851 1162 1925 μετά
1199 1851 1435 1924 σπουδῆς
1468 1850 1858 1918 ἐξεπαίδευσεν.

1964 1853 2265 1923 disciplinis
2302 1852 2548 1908 studiose
2589 1854 2843 1908 erudivit.
2875 1850 2988 1906 Nos
3032 1866 3162 1906 vero
3187 1867 3283 1921 per
3326 1858 3541 1906 tetatem

287 1945 481 2016 Ἡμεῖς
516 1946 574 2000 δὲ
611 1946 889 2018 γινόμενοι
940 1946 1025 2015 ἐφ’
1045 1944 1259 2016 ἡλικίας
1300 1944 1590 2016 ἔμφρονες,
1630 1944 1725 1999 καὶ
1763 1945 1862 2019 τὴν

278 2034 577 2108 θρησκείαν
590 2038 973 2109 ἠγαπήσαμεν,
989 2035 1159 2089 καὶτὰ
1173 2036 1271 2107 τῆς
1285 2034 1529 2099 παιδείας
1541 2033 1862 2107 ἐφιλοπονή-

278 2145 472 2199 σαμεν,
504 2129 653 2193 ὅπως
683 2120 819 2201 πρὸς
842 2127 909 2182 τὰ
930 2127 1092 2181 λοιπά
1121 2126 1249 2198 ἔθνη
1288 2127 1677 2200 διαλεγόμενοι,
1708 2126 1851 2197 ἐλέγ-

275 2238 390 2292 χειν
416 2220 557 2273 αὐτά
578 2221 706 2293 περὶ
736 2219 942 2293 πλάνης
955 2219 1193 2283 δυνατῶς
1217 2218 1452 2291 ἔχωμεν,
1475 2219 1861 2293 ὴκριὸὠσαμεν

274 2311 334 2365 δὲ
362 2313 457 2365 καὶ
485 2311 557 2365 τὰ
601 2312 925 2383 φιλοσόφων,
954 2311 1246 2383 ἐξαιρέτως
1279 2311 1350 2364 τά
1377 2310 1675 2366 ἀθεώτατα.
1703 2311 1861 2381 Λέγω

274 2405 342 2476 δὴ
390 2405 461 2459 τά
501 2405 825 2478 Ἐπικούρου
873 2405 967 2459 καὶ
1019 2405 1331 2478 Πύρρωνος,
1380 2405 1467 2461 ἵνα.
1514 2406 1609 2460 καὶ
1661 2405 1860 2477 μᾶλλον

274 2499 669 2563 ἀνασκευάζειν
694 2497 1000 2570 δυνώμεθα.

343 2610 458 2668 CV.
482 2613 685 2683 Σίμωνι
710 2612 768 2665 δέ
790 2629 895 2667 τινι
918 2612 1096 2683 Μάγῳ
1117 2609 1301 2683 σχεδὸν
1333 2609 1613 2681 γενόμενοι
1636 2608 1859 2683 σύντρο-

274 2721 398 2774 φοι,
451 2704 636 2774 φιλίας
695 2704 801 2775 ὁδῷ
854 2705 1198 2776 ἀπατηθῆναι
1270 2702 1369 2775 ῆδη
1430 2699 1855 2772 ἐκινδυνεύομεν.

278 2796 471 2867 Ὅμως
503 2795 701 2861 ταῦτα,
737 2794 933 2868 μῆτερ,
973 2796 1065 2849 ἐπὶ
1112 2793 1304 2865 καιροῦ
1342 2810 1424 2847 σοι
1472 2792 1860 2865 ἀκριϐέστερον

276 2887 646 2958 ἐκτεθήσεται.
674 2888 822 2963 Πλὴν
845 2886 1129 2959 μέλλουσιν
1150 2888 1281 2959 ἡμῖν
1300 2885 1611 2940 ἀπατᾶσθαι
1635 2885 1740 2940 ὑπὸ
1763 2883 1858 2939 τοῦ

278 2980 540 3050 Σίμωνος,
570 2979 784 3051 ἑταῖρός
815 2996 901 3043 τις
940 2977 1037 3032 τοῦ
1069 2978 1260 3052 κυρίου
1292 2977 1447 3049 ἡμῶν
1481 2976 1689 3049 Πέτρου
1716 2979 1859 3031 Ζακ-

278 3076 427 3143 χαῖος
457 3071 767 3142 λεγόμενος,
792 3071 1206 3145 προσηκάμενος
1229 3070 1547 3142 ἐνουθέτησε
1575 3071 1649 3143 μὴ
1675 3069 1861 3123 συνθέ-

1964 1946 2089 2001 lacti
2112 1945 2428 2017 prudentes,
2459 1954 2511 2001 et
2545 1945 2861 2016 religionem
2899 1944 3230 2010 amavimus,
3260 1952 3313 1997 et
3347 1941 3544 1997 litteris

1962 2039 2206 2110 gnaviter
2229 2053 2451 2107 operam
2475 2037 2762 2104 dedimus;
2794 2045 2851 2091 ut
2882 2050 3007 2090 cum
3040 2033 3267 2104 reliquis
3288 2032 3542 2104 gentibus

1962 2131 2324 2201 disputantes,
2374 2145 2468 2185 eas
2518 2143 2806 2200 possemus
2847 2128 2914 2183 de
2960 2141 3147 2183 errore
3199 2139 3430 2195 arguere
3473 2123 3539 2178 '°.

1962 2219 2358 2277 Perdidicimus
2379 2222 2542 2275 etiam
2570 2218 3020 2290 philosophorum
3041 2217 3278 2281 decreta,
3305 2215 3543 2269 maxime

1962 2327 2085 2383 qua:
2116 2327 2145 2366 a
2176 2312 2372 2382 pietate
2413 2312 2466 2365 in
2509 2310 2678 2366 Deum
2719 2310 3051 2365 alienissima
3088 2320 3262 2364 sunt:
3299 2306 3540 2377 Epicuri,

1964 2403 2209 2473 inquam,
2234 2412 2286 2457 ct
2314 2400 2645 2473 Pyrrhonis;
2684 2415 2796 2470 quo
2819 2408 2873 2454 et
2896 2399 3070 2469 magis
3099 2413 3389 2469 possemus
3415 2413 3544 2452 con-

1963 2496 1989 2550 l'
1991 2505 2163 2551 utare.

2029 2610 2142 2666 CV.
2181 2608 2450 2666 Caeterum
2496 2622 2604 2664 una
2642 2623 2769 2664 cum
2821 2608 3048 2665 Simone
3095 2609 3341 2680 quodam
3381 2608 3541 2683 Mago

1958 2704 2204 2770 educati,
2234 2704 2446 2759 ratione
2482 2702 2757 2768 amicitiae,
2790 2701 2847 2758 in
2892 2700 3139 2758 fraudem
3171 2703 3286 2759 fere
3334 2704 3540 2759 inducti

1961 2795 2187 2852 fuimus.
2219 2794 2423 2850 Verum
2448 2795 2551 2850 ista
2575 2795 2918 2872 tibi,.mater,
2950 2796 3004 2848 in
3037 2804 3280 2865 tempore
3311 2795 3542 2867 diligen-

1961 2889 2070 2943 tius
2100 2896 2460 2958 exponentur.
2494 2884 2600 2942 Sed
2646 2901 2771 2941 cum
2820 2886 3123 2955 decipiendi
3169 2902 3417 2943 essemus
3446 2904 3542 2957 per

1963 2979 2265 3046 Simonem,
2308 2978 2594 3036 familiaris
2638 2979 2863 3049 quidam
2901 2979 3110 3034 domini
3166 2980 3341 3034 nostri
3369 2978 3536 3046 Petri,

1962 3070 2256 3126 Zacchteus
2280 3070 2481 3137 dictus,
2515 3071 2781 3126 accedens
2826 3071 3041 3126 monuit
3063 3086 3130 3126 ne
3159 3087 3319 3142 mago
3350 3089 3540 3127 assen-

280 3164 400 3219 σθαι
426 3164 507 3236 τῷ
545 3164 725 3235 μάγῳ’
763 3164 1039 3218 ἐπελθόντι
1079 3164 1136 3218 δὲ
1162 3163 1241 3235 τῷ
1262 3163 1455 3235 Πέτρῳ
1493 3163 1858 3236 προσήγαγεν,

1964 3165 2222 3231 tireinur,
2256 3162 2528 3234 Petroque
2560 3164 2868 3220 advenienti
2917 3165 3134 3232 obtulit,
3161 3175 3224 3220 ut
3257 3181 3359 3221 nos
3384 3168 3541 3235 plene

277 3258 425 3321 ὅπως
451 3257 601 3327 ἡμᾶς
636 3256 1057 3329 πληροφορήσας
1089 3256 1257 3330 πείσῃ
1284 3256 1411 3327 περὶ
1442 3256 1552 3309 τῶν
1577 3258 1643 3327 τῇ
1677 3254 1860 3308 θεοσε-

278 3348 398 3420 ϐείᾳ
432 3348 816 3420 διαφερόντων.
856 3347 948 3403 Διὸ
986 3348 1082 3401 καὶ
1128 3347 1209 3413 σέ,
1243 3348 1435 3420 μῆτερ,
1476 3348 1763 3420 εὐχόμεθα,
1786 3349 1862 3415 ὡς

280 3442 436 3512 ὴμεξ
467 3440 884 3513 κατηξιώθημεν
921 3440 1159 3510 ἀγαθῶν,
1184 3440 1391 3495 τούτων
1428 3441 1523 3495 καὶ
1559 3441 1729 3513 αὐτὴν
1762 3459 1857 3513 με-

277 3536 518 3604 τασχεῖν,
550 3534 699 3596 ὅπως
730 3533 923 3587 κοινῶν
948 3534 1090 3587 ἀλῶν
1115 3533 1210 3588 καὶ
1242 3532 1521 3606 τραπέζης
1546 3533 1860 3605 δυνηθῶμεν

281 3625 623 3696 μεταλαϐεῖν.
655 3624 803 3697 Αὕτη
835 3621 928 3679 οὖν
975 3626 1121 3679 ἐστιν
1150 3626 1185 3697 ἡ
1214 3624 1383 3691 αἰτία,
1408 3623 1474 3679 δι’
1505 3626 1575 3697 ἢν
1615 3624 1862 3697 ἐνόμιζες

277 3719 424 3789 ἡμᾶς
445 3718 507 3771 ἐν
529 3719 599 3788 τῇ
625 3716 869 3790 θαλάσσῃ
899 3716 1152 3771 τεθνᾶναι
1195 3716 1256 3771 “.

343 3832 486 3890 CVI.
526 3832 713 3887 Ταῦτα
769 3830 863 3885 τοῦ
928 3830 1226 3884 Φαυστίνου
1283 3828 1562 3892 εἰπόντος,
1601 3831 1635 3899 ἡ
1680 3829 1861 3901 μήτηρ

275 3928 434 4001 ἡμῶν
481 3926 787 3998 προσέπεσε
824 3924 901 3996 τῷ
940 3923 1150 3994 Πέτρῳ,
1207 3921 1433 3993 δεομένη
1482 3921 1575 3975 καὶ
1613 3920 1857 3987 ἀξιοῦσα,

277 4021 427 4083 ὅπως
457 4017 631 4089 αὑτήν
666 4032 725 4068 τε
750 4014 844 4068 καὶ
873 4014 971 4086 τὴν
1007 4010 1277 4085 ξενοδόχον
1301 4012 1471 4083 αὐτῆς
1500 4011 1858 4083 μεταπεμψά-

282 4127 439 4182 μενος
456 4108 695 4179 βαπτίσῃ
717 4123 732 4137 ο
754 4107 890 4169 Ἵνα,
907 4105 1060 4176 φησὶ,
1096 4104 1335 4175 μηδεμία
1362 4120 1445 4167 τις
1472 4104 1696 4175 ἄμοιρος
1725 4103 1862 4174 ἡμέ-

284 4218 349 4273 ρα
388 4201 659 4271 γένηται,
719 4197 815 4268 ἀφ’
851 4191 920 4268 ἧς
960 4195 1029 4249 τά
1066 4194 1309 4267 ἐμαυτῆς
1358 4192 1631 4247 ἀπέλαϐον
1671 4193 1856 4258 τέκνα,

280 4293 401 4349 καθ’
436 4292 509 4364 ῆν
545 4292 615 4347 ἂν
648 4290 709 4344 οὐ
757 4288 1159 4360 συνεστιαθείην
1189 4289 1372 4352 αὐτοῖς
1397 4288 1457 4339 ⁸³.
1479 4285 1592 4340 Καὶ
1616 4286 1775 4358 ήμῶν
1801 4287 1859 4340 δὲ

278 4387 348 4440 τὰ
385 4386 641 4457 ὅμοιατῇ
677 4382 842 4455 μητρὶ
888 4378 1358 4444 συνικετευόντων,
1402 4379 1430 4433 ὁ
1471 4379 1677 4451 Πέτρος
1715 4378 1854 4449 ἔφη·

281 4478 345 4531 Τί
366 4477 571 4541 οἴεσθε,
603 4476 761 4546 μόνος
788 4473 897 4543 ἐγὼ
914 4471 1257 4543 ἄσπλαγχνος
1286 4473 1422 4543 είμι,
1451 4471 1533 4524 ὅτι
1556 4470 1631 4543 μὴ
1675 4470 1859 4543 βούλο-

285 4588 380 4642 μαι
420 4539 839 4653 συνεστιαθῆναι
873 4565 1016 4637 ὑμᾶς
1051 4539 1354 4635 cii—primi,—
1382 4539 1630 4635 σήμερον⁷
1666 4539 1859 4633 βαπτί-
1889 4539 1934 4594 Ῐ)
1963 4543 2131 4653 νεεεξν

282 4678 383 4725 σας
425 4661 600 4730 αὑτήν
628 4659 715 4724 ¹³;
752 4650 825 4712 Οὖ
861 4656 959 4728 μὲν
986 4650 1098 4709 οὖν.
1145 4653 1304 4708 Ἀλλά
1345 4652 1447 4707 κᾶν
1493 4653 1856 4724 μίανὴμέραν

282 4754 388 4825 πρὸ
432 4746 531 4805 τοῦ
584 4749 939 4821 βαπτισθῆναι
990 4746 1282 4819 νηστεῦσαι
1338 4745 1506 4818 αὐτὴν
1530 4746 1631 4799 δεῖ⁶
1671 4746 1855 4799 emi“

281 4843 375 4899 καί
400 4861 525 4897 τινα
548 4842 690 4912 ὑπὲρ
724 4842 922 4911 ἑαυτῆς
961 4839 1256 4911 ἐφθέγξατο
1278 4840 1311 4908 ἡ
1340 4839 1539 4909 μήτηρ
1585 4837 1726 4908 τάχα
1745 4837 1855 4910 γὰρ

281 4936 331 4987 εί
387 4933 465 5006 μὴ
510 4930 703 4996 τοῦτο,
762 4928 974 4983 πολλῶν
1021 4928 1247 5001 ἡμερῶν
1312 4926 1479 4999 αὐτὴν
1535 4926 1853 4997 ἀγνισθῆναι

419 5026 467 5059 ί.

281 5026 510 5173 EaeCVII.
564 5116 837 5189 Ἐρομένῳ
882 5110 974 5169 οὖν
1023 5131 1133 5186 μοι,
1164 5113 1218 5167 τί
1242 5113 1349 5185 ἄρα
1380 5114 1475 5168 καὶ
1504 5112 1847 5187 φθεγξαμένη

1963 3267 2125 3327 atque
2154 3266 2304 3312 certo
2346 3271 2468 3326 quae
2510 3267 2758 3327 spectant
2791 3257 2859 3312 ad
2901 3258 3107 3313 cultum
3157 3257 3253 3313 Dei
3298 3260 3537 3315 doceret.

1961 3349 2145 3418 Quare
2174 3350 2338 3405 etiam
2369 3358 2421 3405 te
2448 3364 2693 3417 oramus,
2722 3359 2914 3415 mater,
2945 3359 3005 3405 ut
3043 3367 3166 3421 quae
3201 3366 3305 3406 nos
3339 3368 3538 3407 conse-

1958 3441 2074 3497 cuti
2102 3457 2293 3497 sumus
2314 3441 2487 3509 bona,
2518 3441 2607 3495 illa
2632 3452 2685 3498 et
2708 3452 2763 3497 tu
2797 3443 3095 3513 percipias;
3126 3459 3237 3514 quo
3258 3444 3539 3500 communi

1960 3535 2175 3591 saleac
2206 3548 2397 3588 mensa
2448 3533 2526 3587 uti
2556 3533 2852 3603 possimus.
2908 3532 2983 3588 Ea
3028 3535 3194 3602 igitur
3230 3550 3397 3590 causa
3431 3543 3537 3603 est,

1961 3635 2183 3698 propter
2212 3640 2379 3696 quam
2409 3640 2510 3679 nos
2538 3626 2592 3679 in
2619 3626 2757 3681 mari
2791 3625 3018 3695 periisse
3047 3626 3393 3682 existimasti.

2030 3802 2166 3860 CVI.
2206 3800 2333 3858 Hac
2382 3817 2508 3857 cum
2584 3800 2880 3856 Faustinus
2934 3800 3255 3869 prolocutus
3314 3799 3535 3865 luisset,

1960 3905 2137 3953 mater
2164 3903 2354 3951 nostra
2384 3893 2617 3965 procidit
2636 3908 2821 3949 coram
2853 3892 3036 3960 Petro,
3068 3908 3267 3964 rogans
3293 3902 3346 3947 et
3374 3893 3539 3947 obsc-

1959 4004 2145 4055 erans,
2197 3988 2273 4042 uti
2332 4001 2391 4041 se
2438 4000 2707 4055 suamque
2746 3985 3016 4055 hospitem
3067 3984 3411 4049 accersitam,
3439 3986 3538 4037 ba-

1959 4084 2187 4153 ptizaret
2223 4098 2237 4135 :
2274 4077 2363 4145 Ut,
2402 4077 2601 4147 inquit,
2645 4092 2709 4131 ex
2765 4091 2876 4146 quo
2925 4088 3083 4131 natos
3129 4092 3280 4131 meos
3331 4079 3533 4146 recepi,

1959 4174 2144 4230 nullus
2160 4172 2276 4227 dies
2287 4171 2626 4235 excludatur,
2646 4170 2699 4223 in
2714 4185 2825 4240 quo
2841 4185 2965 4224 cum
2984 4168 3052 4222 iis
3072 4184 3179 4222 non
3202 4170 3534 4239 sumpserim

1959 4266 2163 4322 cibum.
2210 4263 2461 4333 Cumque
2490 4278 2592 4317 nos
2619 4262 2807 4316 eadem
2860 4277 2983 4330 qua:
3014 4269 3184 4315 mater
3211 4275 3535 4331 compreca-

1960 4374 2163 4422 remur,
2215 4356 2411 4414 Petrus
2438 4356 2515 4411 ait
2549 4373 2563 4409 :
2598 4354 2738 4421 Quid
2768 4354 2968 4423 putatis
3002 4394 3017 4421 ,
3048 4368 3192 4407 unus
3227 4369 3328 4423 ego
3352 4355 3535 4409 itumi-

1959 4451 2195 4507 sericors
2247 4465 2392 4516 sum,
2445 4447 2590 4519 quod
2652 4446 2819 4500 nolim
2845 4460 2947 4527 yos
2986 4460 3110 4500 cum
3148 4454 3321 4499 matre
3347 4458 3528 4500 vestra

2189 4542 2351 4597 hodie
2403 4556 2524 4595 eam
2596 4536 3166 4609 baptizans?Minime
3218 4553 3368 4593 vero.
3423 4536 3530 4594 Sed

1959 4646 2193 4706 oportet,
2223 4644 2285 4690 ut
2309 4635 2447 4704 ipsa,
2470 4642 2597 4688 ante
2642 4646 2807 4702 quam
2835 4629 3160 4701 baptizctur,
3188 4632 3379 4686 saltem
3419 4648 3530 4687 uno

1957 4729 2046 4785 die
2069 4728 2281 4799 jejunet
2312 4744 2327 4782 :
2359 4725 2803 4797 quandoquidem
2834 4733 2889 4778 et
2914 4724 3177 4778 nonnulla
3223 4738 3324 4795 pro
3361 4740 3421 4780 se
3448 4726 3532 4779 lo-

1960 4831 2083 4877 cuta
2114 4829 2199 4876 est
2227 4830 2401 4874 mater
2436 4820 2621 4888 :quoil
2664 4818 2710 4873 si
2747 4830 2857 4871 non
2902 4824 3067 4883 esset,
3112 4817 3300 4873 multis
3337 4817 3529 4874 diebus

1957 4927 2079 4969 eam
2119 4924 2342 4968 necesse
2370 4909 2561 4965 fuisset
2590 4907 2820 4979 expiari.

2027 5108 2187 5166 CVII.
2229 5080 2599 5191 lnterrogapti
2632 5121 2763 5177 ergo
2806 5106 2964 5172 mihi,
2998 5106 3260 5177 quidnam
3284 5123 3346 5160 ea
3373 5107 3524 5160 locu-

280 5213 378 5286 τὴν
404 5212 587 5266 πίστιν
615 5210 782 5280 αὐτῆς
809 5208 1066 5279 ἐξέφηνεν
1096 5207 1159 5270 ¹⁶,
1183 5209 1211 5260 ό
1238 5206 1444 5276 Πέτρος
1462 5205 1564 5276 ἔφη
1585 5206 1650 5238 ’⁷ο
1701 5205 1853 5259 Ἀπό-

1961 5213 2030 5270 ta,
2057 5201 2215 5256 fidem
2240 5214 2394 5255 suam
2426 5198 2739 5264 indicasset,
2782 5194 2977 5251 Petrus
3000 5197 3278 5265 respondit
3312 5215 3324 5249 :
3360 5196 3520 5250 Sulli-

281 5325 391 5379 χρη
429 5307 527 5361 καὶ
572 5304 728 5377 μόνον
772 5302 941 5373 αὐτῆς
968 5303 1000 5371 ἠ
1030 5298 1251 5365 ἀξίωσις
1295 5298 1388 5352 τοῦ
1440 5298 1851 5370 συμϐαπτισθῆ-

1958 5296 2032 5353 cit
2056 5300 2322 5349 duntaxat
2350 5292 2496 5348 illius
2520 5289 2814 5362 postulatio
2838 5288 2905 5344 de
2938 5288 3151 5359 hospita
3176 5296 3228 5342 et
3258 5287 3518 5355 beneﬁca,

1534 5437 1766 5493 VARUE
1805 5434 2209 5491 LECTIONES.

355 5540 377 5573 ⁸
418 5539 573 5610 μετά.
663 5539 703 5610 _'
743 5536 814 5591 aI.
845 5536 1008 5610 inser.
1060 5533 1282 5610 ἐκείνηνΔ
1338 5532 1423 5586 vel
1491 5530 1713 5610 ταυτην.

282 5678 377 5734 οὖν
408 5666 500 5733 itii.
525 5666 682 5800 ἧμῶν
712 5679 779 5747 τῇ
807 5666 976 5777 μητρὶ
1009 5666 1633 5755 συμπαρακαλεσόωτων,
1685 5666 1951 5742 όἩέτρος
1978 5671 2102 5740 ἔφη’
2135 5666 2217 5749 τί-
2232 5668 2478 5738 νομίζετε

288 5752 334 5783 ³⁸
372 5752 443 5800 al.
485 5750 564 5800 ἀπ
596 5747 690 5800 ῶς.
786 5748 800 5777 ¹
868 5748 934 5800 al.
980 5747 1100 5800 ἐπεὶ
1140 5744 1346 5796 πολλων
1385 5744 1606 5800 ἡμερῶν
1651 5741 1818 5800 αὐτὴν
1866 5741 2318 5800 ἀφελληνισθηναι
2371 5739 2476 5791 ἔδει

288 5752 334 5783 ³⁸
372 5752 443 5805 al.
485 5739 690 5810 ἁπλῶς.
752 5739 827 5777 "‘5
868 5739 934 5800 ini
980 5739 1100 5800 ἐπεὶ
1140 5739 1346 5796 πολλῶν
1385 5742 1606 5813 ἡμερῶν
1651 5741 1818 5812 αὐτὴν
1860 5739 2318 5812 ’ἀφελληνισθῆναι
2371 5739 2496 5791 ἔδει.

287 5820 587 5891 ἐφθέγξατο
613 5815 863 5886 λόγον,ὃς
890 5818 1006 5887 τήν.
1088 5816 1130 5848 ²⁷
1166 5814 1326 5870 Deest
1350 5814 1403 5867 in
1439 5813 1509 5866 al.

1830 5531 1873 5561 ¹⁰
1930 5529 2168 5598 Recogn.
2231 5529 2270 5582 I.
2332 5542 2430 5580 vui
2461 5566 2475 5589 ,
2525 5542 2582 5598 c.‘
2632 5525 2683 5577 7.

283 5599 465 5680 ἐκείνῃ
492 5611 557 5679 τῇ
592 5607 962 5680 χαλεπωτάτη
996 5607 1148 5659 νυκτὶ
1193 5599 1298 5656 ὑπὸ
1344 5602 1625 5680 ,πειρατῶν
1650 5599 1896 5680 ’ἀχθῆναι
1938 5603 2000 5680 ἐν
2034 5600 2276 5680 πελάγει.
2343 5600 2400 5680 ’ζ’
2421 5599 2491 5650 al.

2801 5523 2943 5575 “al.
3005 5518 3130 5573 add.
3208 5517 3327 5571 τότε
3358 5556 3378 5581 »,
3457 5520 3516 5571 ἐν

2568 5592 3061 5667 ὴξσυνεστιαθεῖσαι
3094 5590 3309 5667 ἀὐτοῖς’
3343 5588 3517 5667 ταῦτα

2568 5614 2603 5667 η
2631 5614 3061 5648 συνεστιαυεισαι
3106 5614 3309 5652 annos;
3343 5614 3515 5641 ταυτα

2526 5614 2658 5733 gyri),
2694 5667 2906 5733 p.6vo;._
2986 5659 3029 5690 ¹⁸
3059 5660 3135 5713 al.
3170 5660 3321 5733 deest
3354 5661 3404 5713 in
3433 5662 3515 5733 al.

2579 5739 2622 5773 η
2646 5727 2837 5802 Κάγὼ
2857 5727 3029 5785 εἷπον*
3077 5732 3196 5784 εἰπὲ
3224 5732 3375 5803 ἡμῖν,
3394 5730 3518 5783 sive!
