4066 6330
543 329 647 386 547

1390 332 1448 388 S.
1485 332 1868 391 CLEMENTIS
1904 334 1925 390 I
1958 334 2123 392 ROM.
2160 336 2362 394 PONT.
2402 337 2632 394 OPERA
2664 338 2889 396 DUBIA.

3674 340 3779 397 548

546 456 606 501 ut
638 462 824 502 secum
872 447 1260 518 baptizaretur.
1307 445 1492 520 Neque
1518 450 1661 505 enim
1686 452 1739 506 id
1767 452 1978 508 dilectae
2005 469 2095 508 sua

2218 470 2306 508 ναι
2331 455 2465 528 αὐτῇ
2509 457 2607 529 τὴν
2660 458 2935 531 ξενοδόχον
2963 459 3057 514 καὶ
3081 459 3359 532 εὐεργέτιν
3385 462 3446 517 ’⁸.
3478 463 3592 517 Οὐκ
3628 462 3694 516 ἂν
3719 461 3777 515 δὲ

545 537 686 589 tradi
732 537 1081 607 postulasset,
1106 538 1211 594 nisi
1260 540 1414 610 prius
1463 556 1591 612 erga
1635 542 1965 613 baptismum
1990 554 2112 600 tan-

2209 543 2364 599 τοῦτο
2401 548 2467 617 τῇ
2505 547 2610 600 ὑπὸ
2637 548 2808 618 αὐτῆς
2853 548 3161 623 ποθουμένη
3208 552 3428 623 δοθῆναι
3465 552 3509 590 ⁸⁸
3536 553 3711 624 ἡξίου,
3735 555 3786 607 εί

545 644 709 697 quam
743 645 869 698 erga
905 645 1159 700 magnum
1188 630 1389 685 donum
1434 630 1634 688 fuisset
1672 633 1882 690 affecta.
1932 634 2095 702 Quart

2212 636 2287 709 μὴ
2336 636 2596 709 πρότερον
2630 638 2769 710 αὐτὴ
2805 640 3011 711 διετέθη
3057 641 3133 705 ὡς
3174 643 3268 696 ἐπὶ
3318 643 3527 717 μεγάλῃ
3568 647 3634 716 τῇ
3688 644 3786 699 τοῦ

546 733 646 788 ego
708 721 907 776 multos
960 722 1218 779 damnare
1249 738 1355 777 non
1396 724 1586 779 dubito
1618 743 1633 792 ;
1665 726 1806 795 quod
1845 742 1967 782 eum
2007 728 2110 797 ipsi

547 809 800 879 haptizati
845 812 1070 878 fuerint,
1121 823 1175 869 et
1202 815 1556 884 profiteantur
1589 832 1647 871 sc
1679 817 1918 885 credere,
1973 821 2109 875 nihil

546 900 748 956 faciant
771 903 991 973 dignum
1027 905 1151 971 lide,
1193 921 1371 975 neque
1405 921 1501 962 eos
1528 923 1669 977 quos
1687 908 1919 981 diligunt
1943 912 2109 980 (uxo-

543 1009 652 1056 res,
683 995 926 1065 inquam,
959 1006 1013 1050 et
1043 997 1202 1063 filios,
1234 1005 1395 1068 atque
1418 1000 1647 1071 amicos)
1677 1000 1745 1055 ad
1780 1002 1884 1057 hoc
1913 1003 2108 1057 exhor-

544 1090 743 1138 tentur.
797 1082 930 1139 Nam
960 1086 1005 1140 si
1033 1087 1337 1155 crederent,
1369 1088 1534 1142 vitam
1570 1098 1827 1145 aeternam
1856 1107 1979 1147 eum
2010 1092 2107 1147 bo-

542 1173 629 1228 nis
657 1175 912 1244 operibus
948 1176 1002 1231 in
1035 1177 1303 1246 baptismo
1327 1193 1358 1232 a
1390 1177 1499 1234 Deo
1541 1181 1731 1236 donari
1764 1223 1779 1248 ,
1813 1182 1971 1251 plane
2011 1199 2106 1239 eos

542 1282 679 1335 quos
706 1267 1013 1337 diligerent,
1036 1269 1103 1324 ad
1124 1270 1274 1324 illum
1307 1273 1710 1343 suscipiendum
1737 1274 2102 1332 hortarentur.

541 1355 770 1421 Quando
792 1361 1025 1431 denique
1045 1376 1141 1417 eos
1172 1362 1355 1417 vident
1384 1374 1668 1433 mgrotare,
1699 1367 1871 1420 autin
1916 1367 2105 1423 mortis

540 1450 683 1504 viam
730 1451 947 1519 abduci,
995 1463 1090 1508 aut
1110 1455 1215 1509 alia
1259 1456 1485 1512 molesta
1525 1458 1815 1525 sustinere,
1860 1467 2101 1529 gemunt,

538 1556 603 1595 ac
646 1542 920 1598 ducuntur
986 1545 1481 1603 commiseratione.
1534 1547 1610 1601 Ita
1681 1548 1728 1603 si
1794 1549 2098 1615 crederent,

541 1631 718 1697 ignem
763 1643 1083 1706 perpetuum
1138 1652 1358 1691 manere
1386 1652 1481 1691 eos
1508 1638 1603 1707 qui
1636 1637 1804 1692 Deum
1850 1654 1957 1693 non
2003 1653 2100 1693 eo-

2212 728 2586 801 βαπτίσματος
2621 732 2799 804 δωρεᾷ
2823 734 2890 787 ³ο.
2919 732 3080 788 Ὅθεν
3106 733 3217 804 ἐγὼ
3244 736 3453 791 πολλῶν
3477 737 3585 809 ἔχω
3607 755 3785 792 καταδ

2208 820 2494 890 γινώσκειν
2517 824 2583 889 ’³,
2619 824 2768 878 ὁπότ’
2821 824 2888 879 ἂν
2931 826 3083 880 αὐτοὶ
3136 827 3519 897 βαπτισθέντες
3550 830 3645 883 καὶ
3695 847 3785 883 πι-

2209 910 2418 965 στεύειν
2439 914 2821 984 ὁμολογοῦντες
2844 916 2908 981 ’⁸,
2944 915 3108 988 μηδὲν
3132 916 3276 984 ἄξιον
3303 919 3535 982 πίστεως
3567 919 3781 981 ποιῶσι,

2210 1002 2344 1073 μηδὲ
2392 1003 2485 1068 οὓς
2522 1005 2794 1073 ἀγαπῶσι,
2834 1006 2977 1076 λέγω
3025 1008 3089 1080 δὴ
3126 1012 3387 1078 γυναῖκας
3428 1011 3632 1064 ἑαυτῶν
3689 1012 3787 1065 καὶ

2205 1094 2357 1159 υἱοὺς
2373 1097 2488 1167 ἄμα
2516 1098 2610 1151 καὶ
2636 1099 2841 1167 φίλους,
2861 1100 2940 1163 είς
2963 1098 3121 1153 τοῦτο
3139 1102 3555 1173 προτρέπονται.
3590 1103 3654 1155 Εί
3676 1103 3785 1175 γὰρ

2205 1187 2600 1242 πεπιστεύκασι
2630 1188 2773 1260 ζωὴν
2801 1189 3015 1244 αἰώνιον
3050 1192 3146 1245 σὺν
3183 1192 3364 1264 ἔργοις
3385 1192 3568 1257 καλοῖς
3588 1194 3782 1265 δωρεῖ-

2206 1274 2329 1329 σθαι
2358 1276 2449 1330 τὸν
2484 1278 2616 1330 Θεὸν
2643 1278 2689 1309 ⁸³
2728 1279 2821 1332 ἐπὶ
2845 1281 2923 1352 τῷ
2966 1280 3322 1352 βαπτίσματι,
3357 1282 3573 1345 πάντως
3600 1282 3665 1337 ἂν
3689 1286 3784 1339 καὶ

2202 1364 2296 1430 οὓς
2323 1366 2369 1398 ⁸⁵
2390 1368 2617 1437 ἡγάπων
2669 1372 3065 1442 προετρέποντο
3122 1371 3503 1443 βαπτισθῆναι.
3563 1374 3780 1427 Ἐπεί³³

2202 1468 2260 1505 τι
2317 1453 2513 1526 δήποτε
2571 1458 2859 1523 νοσοῦντας
2908 1461 3159 1531 ὁρῶντες,
3188 1462 3219 1533 ἢ
3251 1462 3628 1533 ἀπαγομένους
3682 1464 3779 1535 τὴν

2202 1544 2294 1599 ἐπὶ
2324 1546 2548 1602 θάνατον
2575 1550 2643 1614 ’⁸,
2669 1550 2702 1621 ἢ
2732 1550 2864 1605 ἄλλα
2906 1551 3029 1605 τινὰ
3054 1552 3266 1623 χαλεπὰ
3298 1554 3625 1624 πάσχοντας,
3660 1556 3780 1609 ὀδύ-

2207 1648 2386 1705 ρονται
2424 1638 2517 1692 καὶ
2536 1638 2581 1669 ’τ
2627 1639 2995 1694 κατελεοῦσιν.
3066 1642 3251 1705 Οὕτως
3298 1644 3346 1695 εί
3371 1645 3415 1675 ’⁸
3458 1646 3780 1699 ὲπεπιστεύο

540 1725 677 1790 Iunt,
734 1741 840 1779 non
874 1736 1155 1782 cessarent
1185 1744 1428 1796 monere,
1454 1729 1538 1783 vel
1561 1745 1726 1799 super
1754 1729 1863 1785 illis
1885 1730 2095 1799 plorare

2202 1741 2388 1778 κεισαν
2429 1725 2642 1781 αἰώνιον
2670 1728 2780 1801 πῦρ
2801 1730 3110 1802 περιμένειν
3152 1733 3277 1795 τοὺς
3295 1732 3385 1785 τὸν
3430 1733 3559 1787 Θεὸν
3583 1734 3658 1805 μὴ
3686 1735 3775 1788 σέ-

537 1826 592 1871 et
612 1818 846 1886 graviter
892 1818 1095 1883 dolere,
1128 1820 1256 1874 dum
1294 1836 1389 1876 eos
1421 1832 1650 1876 cernunt
1672 1838 1778 1877 non
1809 1822 2009 1877 habere
2034 1823 2095 1876 fi-

2202 1816 2528 1881 6οντας,ούκ
2559 1818 2623 1872 ἂν
2656 1819 2961 1873 ἐπαύσαντο
3010 1821 3400 1888 νουθετοῦντες,
3439 1824 3471 1895 ἦ
3502 1826 3595 1878 καὶ
3627 1826 3777 1879 ἀπει-

537 1908 679 1961 dem.
712 1910 887 1978 Atque
922 1925 1069 1964 nunc
1101 1911 1367 1981 hospitam
1400 1922 1679 1969 evocatam
1732 1915 2097 1984 interrogabo,

537 2014 667 2052 num
700 1999 870 2069 legem
922 2010 1165 2056 nostram
1215 2003 1343 2058 velit
1372 2003 1624 2074 amplecti
1654 2022 1667 2058 :
1694 2013 1748 2059 et
1785 2004 1859 2059 ita
1902 2020 2101 2061 conse-

536 2098 766 2158 quenter
792 2105 913 2160 quae
940 2101 1153 2161 oportet
1178 2092 1461 2150 faciemus.
1499 2094 1669 2149 Mater
1691 2107 1869 2150 autem
1893 2106 2097 2162 vestra,

535 2182 794 2249 quoniam
828 2192 990 2252 prout
1040 2184 1194 2239 decet
1228 2186 1463 2251 fidelem,
1490 2186 1544 2240 in
1584 2188 1848 2256 baptisma
1888 2187 2099 2243 anima-

535 2276 588 2323 ta
622 2279 725 2336 est,
759 2279 882 2326 ante
902 2272 1231 2341 baptismum
1257 2274 1467 2345 jejuuet
1502 2292 1611 2332 uno
1637 2277 1745 2333 die.

604 2444 788 2502 CVIII.
829 2447 898 2502 At
945 2448 1034 2503 illa
1094 2448 1333 2519 jurabat.
1367 2466 1425 2505 se
1468 2451 1680 2508 duobus
1726 2453 2095 2523 superioribus

531 2537 743 2602 diebus,
773 2539 900 2593 dum
926 2550 1111 2595 narrat
1135 2542 1348 2596 mulieri
1404 2544 1792 2614 recognitionis
1818 2554 2093 2611 eventum,

531 2641 642 2695 prae
681 2627 852 2683 multo
882 2630 1083 2699 gaudio
1108 2630 1288 2685 cibum
1346 2647 1455 2685 non
1505 2633 1753 2703 cepisse;
1787 2634 1893 2689 nisi
1922 2634 2096 2705 pridie

532 2719 793 2774 duntaxat
818 2721 1038 2789 paulum
1070 2737 1245 2792 aquae.
1272 2722 1372 2778 Cui
1394 2724 1706 2793 juramento
1746 2734 1799 2780 et
1828 2740 1968 2779 uxor
1994 2724 2095 2780 Pe-

533 2810 600 2863 tri
640 2811 1011 2865 testimonium
1052 2814 1305 2882 praebuit,
1357 2814 1566 2881 dicens,
1619 2830 1747 2870 vere
1794 2831 1914 2870 eam
1960 2816 2095 2871 nihil

531 2911 799 2968 gustasse.
829 2899 895 2954 Et
919 2901 1112 2971 Aquila
1144 2903 1220 2957 ait
1253 2921 1267 2956 :
1302 2901 1449 2956 Nihil
1489 2920 1618 2973 ergo
1666 2905 1909 2974 impedit,
1951 2922 2091 2971 eam,

529 2990 747 3045 domine
776 2991 871 3057 mi,
920 2992 1182 3047 hodierno
1227 2994 1313 3047 die
1355 2993 1635 3063 baptizari.
1675 2994 1813 3049 Tum
1846 2994 2041 3049 Petrus
2074 3014 2089 3050 :

2202 1908 2425 1973 θοῦντας
2476 1910 2727 1983 ὁρῶντες,
2752 1912 3076 1984 δακρύοντες
3102 1915 3187 1967 ἐπ’
3211 1916 3390 1979 αὐτοῖς
3413 1915 3504 1968 καὶ
3524 1915 3779 1986 χαλεπῶς

2198 1998 2539 2071 ὀδυνώμενοι.
2589 2003 2697 2055 Kal.
2736 2002 2805 2056 τὰ
2835 2004 2880 2035 ¹⁹
2911 2003 3006 2057 νῦν
3064 2003 3164 2075 τὴν
3225 2004 3497 2076 ξενοδόχον
3552 2006 3777 2079 πέμψας

2197 2093 2470 2164 ἀνακρινῶ
2505 2095 2553 2148 εί
2585 2095 2677 2148 τὸν
2720 2095 2882 2167 νόμον
2909 2097 3070 2169 ἡμῶν
3106 2098 3325 2169 ἀγαπᾷν
3374 2099 3641 2169 αἱρεῖται·
3679 2101 3777 2153 καὶ

2197 2181 2366 2246 οὕτως
2410 2183 2714 2248 ἀκολούθως
2742 2184 2778 2238 ἃ
2808 2186 2889 2239 δεῖ
2920 2184 3213 2257 πράξομεν.
3252 2187 3316 2239 Ἡ
3338 2187 3394 2240 δὲ
3414 2189 3593 2259 μήτηρ
3619 2190 3774 2260 ὑμῶν

2196 2272 2383 2345 ἐπειδὴ
2414 2274 2617 2337 πιστῶς
2652 2274 2917 2328 διάκειται
2969 2277 3097 2347 περὶ
3134 2275 3226 2329 τοῦ
3258 2275 3647 2348 βαπτίσματος,
3677 2296 3775 2348 νη-

2199 2362 2473 2416 πευσάτω
2498 2363 2711 2436 ἡμέραν
2741 2365 2784 2396 ³⁰
2817 2363 2923 2436 πρὸ
2941 2364 3034 2418 τοῦ
3063 2365 3449 2436 βαπτίσματος.

2265 2451 2442 2507 cvm.
2497 2452 2560 2505 'H
2610 2452 2667 2506 δὲ
2705 2438 2887 2524 ὤμνυε
2916 2453 3009 2506 δύο
3037 2444 3143 2506 τῶν
3198 2453 3515 2507 διελθουσῶν
3538 2456 3765 2527 ἡμερῶν

2194 2544 2260 2613 τῇ
2301 2542 2520 2611 γυναικὶ
2550 2542 2592 2573 ³¹
2640 2540 2968 2612 διηγουμένη
3013 2540 3082 2593 τὰ
3136 2539 3276 2593 κατὰ
3327 2540 3415 2593 τὸν
3464 2542 3769 2612 ἀναγνωρι-

2197 2633 2352 2704 σμὸν,
2398 2632 2504 2686 ὑπὸ
2554 2632 2750 2703 πολλῆς
2780 2634 2974 2704 χαρᾶς,
3003 2631 3209 2702 τροφῆς
3246 2631 3320 2703 μὴ
3351 2632 3669 2703 μεταλαϐεῖν
3700 2634 3766 2694 ”,

2195 2724 2396 2796 ἢ’χθὲς
2432 2724 2589 2795 μόνον
2628 2724 2857 2797 βραχέος
2896 2723 3104 2787 ὓδατος.
3151 2725 3504 2796 Μαρτυρήσει
3526 2724 3569 2756 ³³
3604 2741 3665 2776 τε
3687 2724 3768 2793 τῷ

2194 2814 2341 2885 ὅρκῳ
2372 2813 2465 2867 καὶ
2505 2816 2539 2883 ἡ
2586 2814 2722 2885 γυνὴ
2762 2814 2969 2885 Πέτρου
3015 2812 3265 2881 λέγουσα,
3303 2813 3377 2877 ὡς
3420 2813 3633 2883 ἀληθῶς
3664 2815 3767 2867 ούκ

2195 2902 2478 2971 ἐγεύσατο.
2507 2903 2616 2956 Καὶ
2642 2905 2671 2956 6
2720 2902 2948 2966 Ἀκύλας
2972 2902 3073 2972 ἔφη
3095 2918 3109 2931 ’
3141 2902 3346 2955 Οὐκοῦν
3382 2904 3535 2956 οὐδὲν
3570 2904 3766 2957 κωλύει

2193 2994 2361 3066 αὐτὴν
2389 2995 2454 3058 ³⁵,
2482 2988 2527 3048 ὧ
2559 2995 2715 3067 κύριέ
2750 3013 2871 3067 μου,
2910 2995 3009 3067 τὴν
3040 2996 3085 3027 ³⁸
3108 2997 3345 3067 σήμερον
3385 2995 3761 3068 βαπτισθῆναι.

531 3084 600 3139 At
623 3086 746 3151 hoc,
776 3100 881 3139 non
913 3093 996 3139 est
1020 3084 1271 3154 baptismi
1300 3086 1566 3156 jejunium
1600 3103 1617 3154 ;
1652 3087 2090 3158 quandoquidem

2196 3088 2304 3142 Kal.
2330 3088 2358 3140 6
2379 3087 2612 3159 Πέτρος’
2666 3087 2801 3141 Ἀλλ’
2830 3088 2930 3141 οὐκ
2974 3087 3087 3140 ἔστι
3123 3088 3279 3142 τοῦτο
3322 3088 3542 3159 νηστεία
3567 3089 3763 3159 βαπτί-

531 3191 632 3230 nec
677 3188 961 3246 propterea
1015 3177 1215 3232 factum
1267 3188 1370 3233 est.
1422 3177 1487 3232 Et
1529 3177 1954 3234 Faustinianus:
1986 3179 2090 3236 Sed

2196 3197 2401 3250 σματος
2431 3180 2497 3243 ³⁸,
2532 3180 2653 3232 ἐπεὶ
2685 3180 2821 3252 μηδὲ
2866 3180 2932 3233 δι’
2960 3179 3087 3233 αὐτὸ
3118 3179 3161 3211 ³⁷
3188 3180 3345 3233 τοῦτο
3390 3181 3598 3249 γέγονε.
3655 3184 3766 3237 Καὶ

530 3266 759 3322 fortasse
785 3267 927 3322 Deus
956 3268 1144 3322 volens
1175 3276 1404 3321 matrem
1450 3276 1693 3323 nostram
1738 3284 1805 3323 ne
1835 3285 1946 3324 uno
1970 3271 2094 3340 qui-

2190 3274 2218 3324 6
2252 3272 2297 3303 ³⁸
2331 3271 2709 3335 Φαυστινιανός
2747 3272 2811 3303 ³⁸⁸
2854 3273 3015 3335 Ἴσως
3062 3266 3153 3325 οῦν
3193 3274 3221 3326 6
3266 3272 3396 3335 Θεὸς
3442 3273 3770 3343 βουλόμενος

528 3360 648 3412 dem
682 3367 803 3427 post
848 3358 1272 3427 recognitionem
1305 3358 1392 3412 die
1424 3374 1453 3412 a
1486 3368 1670 3414 nostra
1714 3376 1902 3416 mensa
1930 3377 2093 3431 sepa-

2196 3360 2344 3431 ἡμῶν
2390 3360 2488 3432 τὴν
2534 3362 2762 3432 μητέρα,
2815 3360 3082 3432 μηδεμίαν
3128 3361 3263 3432 μετὰ
3308 3361 3400 3413 τὸν
3455 3362 3770 3431 ἀναγνωρι-

528 3452 657 3513 rari,
693 3452 793 3504 hoc
815 3450 1081 3520 jejunium
1116 3451 1446 3520 prastruxit.
1480 3449 1634 3505 Sicut
1673 3451 1819 3505 enim
1852 3452 1903 3505 in
1931 3452 2087 3523 igno-

525 3543 736 3597 ratione
770 3541 1005 3597 servavit
1048 3541 1384 3610 pudicitiam,
1418 3541 1470 3595 id
1503 3542 1647 3612 quod
1678 3542 1960 3597 veritatem
1989 3543 2084 3598 de-

526 3644 613 3688 cet
641 3633 847 3688 faciens
880 3673 895 3697 ,
929 3633 1001 3687 ita
1032 3641 1085 3687 et
1112 3648 1259 3687 nunc
1293 3632 1436 3688 Deus
1479 3632 1617 3688 forte
1664 3633 1919 3703 providit,
1966 3650 2087 3690 eam

525 3736 650 3781 ante
694 3742 859 3780 unum
901 3725 1069 3792 diem,
1100 3725 1155 3780 in
1193 3725 1497 3797 ignorantia
1539 3725 1808 3795 jejunare,
1835 3741 1932 3796 pro
1956 3741 2087 3781 vero

525 3813 794 3886 baptismo
821 3833 836 3882 ;
871 3823 932 3869 ut
958 3830 987 3869 a
1016 3816 1191 3885 primo
1232 3815 1321 3870 die
1367 3830 1478 3885 quo
1508 3830 1609 3870 nos
1638 3816 1875 3885 agnovit,
1902 3816 2089 3872 nobis-

525 3923 646 3963 eum
673 3917 855 3979 posset
876 3909 1039 3963 etiam
1068 3909 1236 3963 salem
1259 3923 1352 3963 seu
1381 3908 1562 3962 cibum
1598 3908 1893 3977 percipere.

592 4089 727 4144 CIX.
770 4089 907 4144 Tum
931 4089 1126 4143 Petrus
1158 4102 1174 4141 :
1204 4084 1282 4143 Ne
1308 4102 1430 4151 nos,
1462 4086 1657 4157 inquit,
1698 4088 1881 4143 vincat
1927 4088 2085 4142 mali-

524 4182 621 4248 tia,
654 4191 971 4252 praetextum
1005 4191 1166 4236 nacta
1207 4178 1609 4234 Providentiam
1642 4187 1696 4233 et
1720 4179 1910 4234 matris
1935 4194 2080 4233 amo-

525 4273 798 4339 rem;sed
834 4272 1018 4342 potius
1069 4287 1188 4337 vos,
1236 4276 1291 4324 et
1324 4283 1424 4338 ego
1461 4268 1763 4336 vobiscum,
1813 4269 1973 4325 hodie
2030 4271 2084 4326 in

519 4365 726 4435 jejunio
758 4377 1194 4434 permaneamus,
1216 4368 1270 4414 et
1297 4374 1419 4415 cras
1438 4358 1819 4428 baptizabitur.
1847 4358 2002 4415 Hunc
2030 4361 2082 4414 in

2191 3451 2326 3522 σμὸν
2351 3452 2564 3524 ἡμέραν
2591 3453 2691 3521 τῆς
2735 3453 3009 3525 ἡμετέρας
3027 3453 3071 3484 ⁵⁸
3100 3453 3329 3523 χωρίσαι
3379 3451 3657 3523 τραπέζης
3690 3454 3766 3516 δ’.

2190 3544 2613 3615 προῳκονόμησε
2648 3543 2746 3614 τὴν
2798 3544 3068 3613 νηστείαν.
3122 3544 3208 3605 Ὠς
3235 3542 3342 3614 γὰρ
3382 3544 3771 3615 ἐσωφρόνησεν

2189 3635 2247 3687 ὲν
2268 3634 2478 3705 ἀγνοίᾳ,
2507 3634 2568 3687 τὸ
2593 3633 2802 3707 πρέπον
2831 3637 2898 3707 τῇ
2932 3633 3157 3704 ἀληθείᾳ.
3188 3633 3232 3665 δ’
3271 3634 3542 3704 ποιήσασα
3560 3650 3574 3664 ο
3617 3634 3771 3687 οὓτω

2189 3727 2283 3780 καὶ
2316 3725 2411 3779 νῦν
2436 3727 2464 3780 6
2496 3725 2629 3790 Θεὸς
2676 3726 2806 3789 ἴσως
2845 3725 3193 3797 ᾠκονόμησεν
3224 3725 3389 3797 αὐτὴν
3417 3725 3521 3796 πρὸ
3548 3727 3676 3797 μιᾶς
3702 3728 3767 3779 ὲν

2186 3820 2380 3890 ἀγνοίᾳ
2424 3817 2737 3890 νηστεῦσαι,
2792 3818 2929 3890 ὑπὲρ
2956 3818 3051 3871 τοῦ
3080 3816 3312 3887 ἀληθοῦς
3362 3817 3763 3888 βαπτίσματος,

2187 3908 2253 3962 ἵν’
2280 3908 2387 3962 ἀπὸ
2415 3907 2636 3979 πρώτης
2663 3906 2877 3979 ἡμέρας
2910 3906 3005 3959 τοῦ
3029 3907 3293 3978 γνωρίσαι
3328 3908 3494 3977 ἡμᾶς,
3528 3906 3769 3977 μεταλα-

2188 3998 2301 4053 6εῖν
2322 4000 2417 4052 σὺν
2443 4002 2578 4070 ἡμῖν
2602 4000 2696 4051 καὶ
2724 3997 2864 4052 ἀλῶν
2886 3997 3154 4069 δυνηθείη.

2256 4088 2386 4143 CIX.
2432 4090 2543 4143 Kal.
2579 4091 2607 4142 6
2645 4089 2881 4161 Πέτρος’
2916 4087 3007 4159 Μὴ
3052 4089 3198 4158 ἡμᾶς
3221 4087 3285 4151 ⁸³,
3318 4087 3441 4158 ἔφη,
3490 4088 3691 4142 νικάτω
3720 4091 3759 4162 ἡ

2187 4182 2354 4235 κακία
2381 4180 2648 4252 πρόφασιν
2674 4178 2908 4249 εὑροῦσα
2932 4180 3029 4251 τὴν
3059 4179 3315 4251 πρόνοιαν
3342 4182 3435 4234 καὶ
3462 4179 3559 4251 τὴν
3580 4181 3624 4211 ⁵⁵
3653 4181 3763 4250 τῆς

2184 4260 2445 4341 τεκούσης
2472 4272 2700 4343 στοργήν
2722 4271 2767 4302 ⁸⁵
2790 4287 2804 4301 ·
2834 4271 2967 4324 ἀλλά
2993 4271 3189 4342 μᾶλλον
3231 4272 3405 4341 ὑμεῖς,
3457 4271 3612 4339 κάγὼ
3657 4272 3762 4327 σὺν

2187 4362 2312 4433 ὑμῖν
2333 4360 2689 4432 διαμείνωμεν
2729 4360 2825 4432 τὴν
2859 4362 3093 4431 σήμερον
3118 4362 3173 4411 ὲν
3211 4361 3431 4431 νηστεία
3452 4360 3517 4424 ⁸⁸,
3542 4361 3635 4413 καὶ
3656 4360 3764 4413 αὖ·

525 4457 742 4511 modum
805 4456 1020 4510 locutus
1077 4460 1161 4508 est
1228 4450 1442 4516 Petrus,
1494 4449 1784 4519 cunctique
1847 4451 2081 4505 orationi

2196 4470 2300 4524 ριον
2339 4451 2781 4523 βαπτισθήσεται.
2814 4450 2997 4514 Οῦτως
3042 4450 3143 4523 ἔφη
3171 4452 3393 4521 Πέτρος,
3418 4453 3509 4505 καὶ
3533 4453 3580 4503 οἱ
3613 4454 3760 4505 πάν-

521 4548 730 4601 assensi
789 4562 980 4601 sumus
1008 4546 1074 4599 ⁵⁸.
1126 4543 1292 4597 Multo
1343 4552 1521 4597 autem
1593 4541 1862 4597 maturius
1913 4558 2076 4613 quam

2196 4562 2271 4607 re;
2316 4543 2393 4614 τῷ
2446 4542 2588 4614 λόγῳ
2636 4543 3104 4613 συνευδοκὴσαμεν
3148 4542 3211 4595 ⁸⁷.
3279 4541 3665 4614 Ὀρθριώτερον
3693 4544 3757 4597 δὲ

522 4638 763 4709 quotidie
820 4637 1045 4699 solebat,
1100 4634 1293 4690 Petrus
1346 4640 1714 4702 experrectus,
1760 4632 1827 4686 ad
1858 4648 1955 4688 nos
1987 4635 2075 4688 in-

521 4745 740 4801 gressus
787 4737 891 4795 est,
933 4742 1073 4797 quos
1106 4740 1301 4781 somno
1329 4723 1604 4790 excitavit,
1634 4738 1700 4778 ac
1729 4722 1866 4777 dixit
1894 4722 2077 4778 :Fau-

2184 4636 2362 4707 πολλῷ
2404 4636 2496 4689 τοῦ
2536 4635 2655 4689 καθ’
2692 4636 2904 4706 ἡμέραν
2942 4636 2970 4688 6
3014 4634 3216 4705 Πέτρος
3262 4634 3608 4700 διῦπνισθεὶς,
3635 4638 3754 4690 είσ-

2182 4728 2269 4799 ῄει
2306 4728 2441 4800 πρὸς
2474 4729 2642 4798 ἡμᾶς,
2671 4728 2763 4782 καί
2792 4728 3172 4798 διαναστήσας,
3198 4728 3509 4789 Φαυστῖνος,
3538 4722 3656 4779 εἷπε
3676 4729 3752 4794 δ’,

1776 4901 2009 4958 VARIJE
2047 4904 2445 4959 LECTIONES.

522 5121 633 5192 ρεᾷ.

594 5049 635 5080 ⁸⁸
675 5048 748 5101 al.
786 5046 955 5117 αὐτὴν
982 5048 1046 5118 τῇ
1079 5043 1332 5116 ξενοδόχῳ
1366 5044 1459 5097 καὶ
1479 5042 1792 5115 εύεργέτιδι.
1838 5092 1839 5095 η
1873 5044 1915 5076 ¹⁹
1929 5043 1999 5097 al.
2021 5042 2335 5113 παρεκάλει.
2413 5041 2539 5095 "al.
2580 5040 2722 5163 alni;
2738 5043 2801 5111 τῇ
2837 5040 2929 5093 τοῦ
2962 5039 3330 5111 βαπτίσματος
3350 5040 3747 5125 προσῆλθε..ἆο-

594 5121 620 5163 i
741 5119 783 5149 ιι
806 5117 1211 5163 κατανινώσκω.
1275 5118 1318 5147 ﬂ
1339 5115 1409 5163 al.
1434 5114 1696 5163 λέγοντες.
1774 5114 1819 5146 ³⁸
1861 5114 2018 5163 Deest
2059 5114 2111 5163 in
2146 5113 2215 5163 al.
2293 5112 2422 5163 “al.
2454 5111 2691 5163 ἀνυπεοθ
2725 5128 2830 5163 τως
2857 5110 2965 5163 οὓς.
3045 5111 3088 5143 ⁸⁸
3117 5113 3184 5163 al.
3220 5110 3341 5163 add.
3374 5109 3487 5161 ἀλλ’
3517 5112 3628 5163 eost
3658 5129 3743 5163 τις

741 5111 1211 5199 ²¹καταγινώσκω.
1256 5111 1409 5199 ἠρι.
1434 5111 1696 5199 λέγοντες.
1774 5111 2215 5199 ".Deestminﬁl.
2262 5112 2422 5199 νηλέι.
2454 5111 2691 5199 ἀνυπερθ

2725 5109 2830 5174 τως
2857 5109 2971 5173 οὓς.
3045 5111 3088 5181 ’β
3117 5113 3184 5181 al.
3220 5110 3341 5163 add.
3374 5109 3487 5181 ἀλλ’
3507 5109 3630 5181 Δἐρεῖ
3658 5129 3743 5176 τις

520 5178 671 5260 ύμῶν
691 5206 705 5222 ο
735 5178 1021 5260 ἀγαπῶσιν
1040 5188 1235 5250 αὐτοὺς
1254 5186 1349 5260 κα).
1383 5178 1983 5260 φροντίζουσννᾲαύτῶν.
2026 5181 2196 5260 Τοῦτο
2230 5181 2421 5253 εὔηθές
2453 5178 2639 5260 εστιν(
2660 5182 2840 5260 ςΕιτῖείζ
2910 5179 3301 5260 ¹⁶κερ1.θανάτῳ.⁵
3330 5180 3460 5232 "al.
3480 5178 3740 5260 ἐλεοῦσιν.

519 5258 569 5294 ³⁸
603 5265 672 5315 al.
716 5258 1180 5312 πεπιστεύκεισαν.

519 5333 628 5384 Καὶ
652 5333 738 5385 τά.
818 5330 861 5361 ³⁸
900 5330 970 5383 al.
1000 5330 1164 5383 inser.
1196 5326 1298 5380 κᾶν
1331 5325 1474 5396 μίαν.
1554 5325 1595 5356 ³⁸
1629 5323 1697 5378 al.
1720 5324 1884 5379 inser.
1908 5323 2113 5424 Πέτρου
2144 5323 2227 5375 vel

519 5402 684 5446 τύηει,
767 5402 811 5434 ﬂ
847 5399 917 5446 al-
953 5399 1119 5446 αὐτὴν
1150 5395 1527 5446 Βαπτισθῆναι.
1625 5394 1670 5425 ³³
1714 5395 1783 5446 al.
1823 5396 1912 5446 τῇ.
2032 5395 2053 5425 ⁸
2091 5391 2161 5446 al.
2201 5392 2229 5444 6

2149 5412 2295 5464 ,ομ

517 5402 711 5474 τύρειη
767 5402 811 5434 ³⁸
847 5399 918 5454 al.
944 5399 1119 5474 abripi
1150 5394 1527 5474 βαπτισθῇναι.
1594 5394 1673 5474 βξ
1714 5395 1783 5447 al.
1818 5396 1912 5474 fil.

1295 5257 1337 5287 ”
1362 5252 1435 5308 al.
1473 5254 1547 5317 ώς
1574 5255 1703 5324 περὶ
1750 5254 1990 5306 ἀπίστων
2031 5252 2199 5304 ὀδυνώ

2245 5249 2382 5305 ενοι*
2425 5251 2521 5322 τὴν
2556 5252 2674 5304 κατ’
2706 5250 2883 5303 αὐτῶν
2914 5251 3127 5303 κόλασιν
3173 5249 3489 5321 πεπληροφο
3525 5267 3560 5320 η
3614 5252 3735 5305 λνοι.

2254 5325 2320 5373 τῆ
2340 5321 2611 5373 Ξενοδόγω.
2690 5322 2735 5352 ³³
2768 5322 2839 5373 al.
2867 5319 3298 5373 add.h6uvf10nv.
3378 5320 3423 5350 ³³
3462 5267 3533 5373 al.
3567 5269 3735 5373 illina-

2177 5270 2199 5304 L)
2245 5270 2382 5305 ’νον
2425 5270 2521 5322 την
2556 5270 2656 5304 κατ
2706 5270 2883 5303 αυτων
2914 5270 3127 5303 κολασιν
3173 5270 3489 5321 πεπληροφο
3525 5270 3560 5320 η
3614 5270 3735 5305 ’νοι.

2177 5270 2284 5375 el:
2340 5321 2611 5392 ξενοδόχῳ.
2690 5322 2735 5352 ³³
2768 5322 2839 5375 al.
2867 5319 3298 5390 (ιαὼἡδυνήθην.
3378 5320 3423 5350 ³³
3462 5270 3533 5373 al.
3567 5270 3739 5394 ἔμαρ-

2201 5392 2229 5444 ὃ
2257 5325 2351 5514 μῇγ.
2456 5392 2498 5422 ³⁷
2542 5392 2701 5446 Deest
2727 5392 2870 5445 inal.
2974 5391 3016 5422 ³⁸
3053 5391 3362 5453 Φαυστῖνος.
3461 5391 3503 5422 ³⁸
3521 5390 3735 5448 aLadd.

2198 5466 2240 5498 “
2284 5480 2312 5514 a
2342 5503 2354 5514 .
2401 5461 2612 5514 ἡμέραν
2650 5463 2749 5514 τῆς
2787 5460 2944 5514 ἡμῶν
2975 5459 3317 5514 ἐπιγνώσεως
3362 5460 3592 5514 γωοίσαι
3635 5462 3739 5514 τῆς

516 5459 861 5543 ἀτξεκρίνατο.
940 5470 984 5502 to
1022 5459 1091 5523 al:
1110 5459 1362 5549 χωρίσαι.
1389 5459 1507 5518 Duo
1537 5462 1673 5518 m'ss.
1701 5459 1965 5536 χωρῆσαι.
2001 5463 2134 5516 (301'.
2198 5459 2354 5517 u'al.
2401 5461 2612 5533 ἡμέραν
2650 5463 2749 5533 τῆς
2787 5460 2944 5532 ἡμῶν
2975 5459 3317 5543 ἐπιγνώσεως
3362 5460 3592 5560 χωρίσαι
3635 5462 3739 5584 τῇς

518 5542 795 5584 τωπέἴτιρο
892 5544 935 5575 ιι
966 5540 1035 5584 al-
1076 5555 1175 5584 τηε
1202 5536 1471 5584 ἀληθείας.
1556 5534 1690 5584 “al.
1733 5534 1894 5584 suae.
1973 5538 2020 5571 ιδ
2057 5533 2128 5584 al.
2157 5534 2211 5584 ἡ.
2289 5535 2334 5567 δ’
2365 5534 2434 5584 al.
2478 5532 2699 5584 στοργή.
2775 5538 2821 5571 δ’
2861 5530 2930 5584 al.
2970 5546 3334 5584 νηστευοντες.
3414 5531 3436 5561 ⁸
3502 5532 3571 5584 aI.
3604 5532 3668 5584 ad
3713 5572 3729 5584 .

518 5530 813 5616 τραπέζης.
892 5544 935 5616 ῗ
966 5540 1050 5616 a|._
1076 5530 1175 5608 τῆς
1198 5530 1471 5616 ἀληθείας.
1503 5605 1514 5616 .
1556 5534 1604 5572 “
1620 5530 1894 5616 ᾳ1;”ύμᾷς.
1973 5533 2231 5616 ιχιιικὴῖ.
2253 5603 2263 5616 ⁸
2289 5535 2334 5567 ’⁸⁸
2365 5530 2452 5586 al.
2478 5530 2714 5616 στοργή.
2775 5530 2930 5616 “al.
2970 5530 3334 5616 νηστεύοντεῆ
3414 5530 3457 5616 ’ξ
3502 5532 3571 5584 aI.
3604 5530 3729 5585 add.

517 5590 840 5686 eam.
867 5590 1230 5686 samem
1261 5590 1472 5686 rem
1500 5590 1971 5686 ἐπιτήδειάξρδτιν
2113 5590 2511 5686 aramve.
2530 5590 2635 5686 κξί
2662 5590 2809 5686 ξμως
2840 5590 3339 5686 οὕτωάενέσθαιξι
3611 5619 3734 5686 .m-

519 5670 905 5751 ευδοκῆσοίμεν.
926 5670 959 5681 ’ἡ
980 5682 1024 5712 ⁸⁸
1050 5670 1315 5734 Clemth
1370 5670 1515 5730 hom.
1555 5670 1675 5739 xtv',
1708 5690 1758 5730 c.
1803 5672 1856 5740 I,
1880 5684 1981 5729 etc.
2013 5671 2141 5727 Ilec.
2168 5670 2214 5729 l.'
2236 5690 2332 5740 vu,
2367 5670 2420 5727 c.’
2447 5674 2545 5736 58,
2573 5684 2627 5727 et
2676 5670 2710 5728 l.
2742 5689 2858 5739 vm,
2891 5687 2942 5726 c.
2980 5673 3001 5725 l
3030 5712 3045 5738 ,
3079 5680 3183 5727 etc.
3263 5671 3308 5711 ιθ
3335 5670 3404 5724 al.
3435 5671 3726 5739 ὲξυπνίσας

520 5766 643 5819 εφη.
