4066 6330
348 341 456 401 διο

1163 336 1629 396 CLEMENTINA.
1670 370 1740 382 -
1774 338 2077 396 EPITOME
2116 340 2204 396 DE
2239 338 2486 398 GESTIS
2523 341 2583 398 S.
2624 341 2856 401 PETRI.

3505 345 3610 400 550

345 457 440 512 καὶ
470 452 859 517 Φαυστινιανδς
892 454 1009 526 ἅμα
1056 453 1335 527 Κλήμεντι
1385 454 1523 527 μετά
1551 454 1664 509 τῶν
1709 454 1915 509 οίκείωι

2028 456 2207 511 stinus
2227 466 2282 511 et
2308 454 2724 523 Faustinianus,
2755 473 2975 530 unaque
3021 459 3297 528 Clemens,
3331 476 3455 517 cum
3492 474 3611 518 suis

343 546 870 618 ἀκολουθησάτωσάν
916 563 1029 617 μοι,
1073 547 1223 610 ὅπως
1249 547 1307 599 ὲν
1356 546 1629 618 σκεπεινῷ
1679 546 1780 617 τῆς
1824 545 1922 599 θα-

342 640 548 710 λάσσης
581 639 732 710 τόπῳ
777 637 1055 710 γενόμενοι
1078 638 1234 704 ⁵⁸,τὰ
1274 637 1370 692 τοῦ
1397 638 1771 711 βαπτίσματος
1800 655 1925 709 σχε-

340 729 633 799 διάσωμεν.

411 820 524 876 CX.
579 820 703 874 Ἐπὶ
722 820 815 874 τὸν
839 820 1081 891 αἰγιαλὸν
1107 816 1201 877 οὗν
1226 821 1531 895 γενομένων
1553 823 1586 895 ἠ
1596 822 1712 894 μῶν
1734 822 1804 889 ⁸⁸,
1830 822 1925 877 καὶ

343 913 545 985 μεταξὺ
594 912 809 985 πετρῶν
860 914 1020 969 τινῶν
1067 912 1303 987 γαληνοῦ
1351 916 1446 969 καὶ
1489 914 1731 985 καθαροῦ
1755 915 1922 969 τόπου

339 1004 799 1076 εὐπορησάντων,
850 1004 1141 1060 ἐϐάπτισεν
1189 1006 1358 1079 αὐτὴν
1409 1006 1563 1071 είςτὸ
1608 1006 1781 1077 ὄνομα
1825 1004 1920 1058 τοῦ

340 1096 555 1169 Πατρὸς
597 1096 693 1150 καὶ
750 1094 845 1150 τοῦ
894 1098 1026 1151 Υίοῦ
1092 1098 1187 1152 καῖ⁹
1230 1098 1326 1152 τοῦ
1374 1098 1533 1168 ἁγίου
1584 1097 1918 1169 Πνεὺματος.

349 1190 544 1261 Ἡμεῖς
567 1191 623 1244 δὲ
646 1191 691 1223 ⁸⁸
717 1191 812 1244 καί¹
838 1191 936 1245 σὺν
962 1194 1096 1263 ἡμῖν
1138 1192 1252 1245 ὅσοι
1291 1193 1567 1264 παρῆσαν,
1597 1191 1706 1245 τῶν
1729 1209 1921 1261 γυναι-

338 1284 451 1337 κῶν
476 1283 639 1355 χάριν
669 1284 1124 1356 ὑπεχωρήσαμεν.
1156 1285 1385 1337 Ἔπειτα
1412 1287 1440 1338 6
1464 1283 1669 1357 Πέτρος
1696 1283 1793 1347 τὰς
1822 1301 1922 1352 γυ-

339 1376 534 1437 ναῖκας
581 1372 669 1427 διὰ
703 1373 794 1426 τὸν
842 1372 998 1443 ὄχλον
1023 1372 1343 1446 προέπεμψε
1366 1374 1435 1427 δι’
1463 1373 1629 1445 ἄλλης
1679 1372 1797 1427 ὁδοῦ
1827 1374 1921 1428 ἐπὶ

336 1466 436 1537 τὴν
464 1466 644 1532 ξενίαν
682 1465 856 1519 ἐλθεῖν
880 1466 946 1532 ⁸³,
977 1467 1157 1538 μόνοις
1180 1468 1244 1520 ὲκ
1268 1466 1376 1521 τῶν
1398 1466 1607 1538 ἀνδρῶν
1630 1468 1764 1537 ἡμῖν
1792 1484 1920 1521 συν-

337 1562 477 1613 εῖναι
524 1562 590 1630 τῇ
647 1559 813 1631 μητρὶ
860 1559 954 1613 καὶ
997 1559 1223 1623 ταύταις
1272 1559 1751 1630 ἐγκελευσάμενος.
1798 1559 1918 1613 Ἑλ-

338 1649 525 1713 θόντες
569 1646 661 1703 οὖν
689 1651 736 1683 ⁸⁸
765 1652 858 1705 ἐπὶ
894 1651 992 1724 τὴν
1036 1651 1234 1716 ξενίαν,
1281 1652 1376 1707 καὶ
1414 1652 1773 1723 ἀναμένοντες
1817 1654 1918 1707 αὐ-

335 1742 428 1796 τὸν
455 1744 502 1774 ⁸⁸
528 1743 841 1813 ἀφικέσθαι,
869 1744 1118 1816 ἀλλήλοις
1144 1744 1496 1817 διελεγόμεθα
1522 1746 1587 1799 ⁸⁸.
1616 1745 1769 1800 Μετὰ
1797 1746 1917 1801 ίκα-

2026 562 2115 601 me
2146 555 2468 616 sequantur,
2502 555 2561 601 ut
2588 547 2870 604 venientes
2899 549 2965 605 ad
2988 551 3269 607 obtectum
3318 551 3489 609 maris
3526 550 3609 606 lo»

2024 654 2174 705 cum,
2204 640 2460 710 baptismi
2489 642 2630 696 ritus
2661 656 3008 713 peragamus.

2095 816 2211 873 CX.
2252 816 2391 873 Cum
2450 818 2615 890 igitur
2670 817 2877 875 fuimus
2929 820 2983 875 in
3022 821 3225 890 littore,
3280 823 3423 879 inter
3467 839 3602 881 saxa

2023 910 2294 979 quaedam,
2327 924 2450 980 quae
2494 911 2850 982 tranquillum
2886 921 2940 968 et
2964 915 3426 971 mundumlocum
3458 932 3602 987 prae—-

2024 1000 2245 1064 bcbant,
2277 1000 2571 1071 baptizavit
2617 1018 2737 1057 eam
2785 1004 2841 1059 in
2879 1005 3101 1059 nomine
3152 1004 3352 1069 Patris,
3378 1016 3431 1061 et
3453 1006 3599 1073 Filii,

2021 1103 2076 1149 et
2106 1092 2343 1164 Spiritus
2395 1097 2589 1151 sancti.
2626 1095 2737 1152 Nos
2768 1106 2971 1163 autem,
2997 1107 3052 1151 et
3096 1108 3365 1169 quotquot
3409 1100 3600 1155 nobis-

2022 1203 2147 1242 cum
2175 1187 2423 1254 aderant,
2461 1188 2753 1243 mulierum
2786 1189 2957 1260 gratia
2999 1191 3352 1247 secessimus.
3404 1189 3601 1248 Postea

2022 1279 2217 1335 Petrus
2261 1280 2541 1348 mulieres,
2601 1281 2674 1335 ob
2726 1282 3153 1348 multitudinem,
3203 1283 3489 1352 praemisit,
3540 1292 3602 1339 ut

2021 1387 2117 1442 per
2144 1372 2366 1426 alteram
2391 1372 2535 1426 viam
2560 1373 2700 1425 irent
2732 1375 2799 1426 ad
2826 1372 3121 1442 hospitium
3158 1373 3469 1441 ;jussitque
3497 1390 3601 1431 nos

2022 1462 2170 1517 solos
2194 1478 2261 1517 ex
2310 1463 2445 1519 viris
2486 1474 2716 1518 matrem
2760 1479 2963 1534 easque
2994 1465 3267 1520 comitari.
3303 1464 3600 1522 Venientes

2019 1570 2150 1627 ergo
2201 1557 2267 1610 ad
2319 1557 2704 1625 diversorium,
2751 1565 2805 1611 et
2852 1559 3229 1626 praestolantes
3304 1560 3597 1616 adventum

2019 1648 2191 1715 illius,
2241 1649 2694 1719 colloquebamur
2751 1649 3007 1705 invicem.
3069 1651 3201 1707 Post
3253 1662 3340 1708 sat
3399 1654 3599 1710 multas

2018 1755 2148 1794 vero
2173 1740 2336 1794 horas
2366 1738 2560 1796 Petrus
2590 1756 2894 1811 regressus,
2924 1744 3131 1813 accepit
3153 1760 3370 1814 panem,
3396 1747 3599 1816 gratias

335 1835 434 1898 νάς
462 1836 519 1888 δὲ
545 1834 692 1907 ὧρας
714 1838 742 1890 6
770 1836 976 1909 Πέτρος
1013 1836 1203 1903 ἐλθὼν,
1256 1838 1350 1892 xal.
1398 1838 1561 1910 ἄρτον
1595 1837 1793 1903 λαϐὼν,
1824 1841 1915 1894 εὐ-

2022 1831 2151 1902 egit,
2174 1832 2468 1896 benedixit.
2493 1837 2854 1904 consecravit,
2881 1836 3056 1907 fregit,
3088 1847 3142 1892 et
3171 1838 3331 1892 matri
3360 1838 3598 1908 primum

335 1928 691 1999 χαριστήσας,
734 1928 1052 2000 εὐλογήσας,
1102 1929 1356 2000 ἁγιάσας,
1399 1931 1624 1996 κλάσας,
1655 1933 1721 2003 τῇ
1751 1931 1919 2005 μητρὶ⁵

337 2018 555 2088 πρῶτον
598 2018 843 2073 ἐπέδωκε
884 2019 953 2083 ⁸⁷,
1009 2021 1104 2075 καὶ
1159 2021 1298 2093 μετά
1341 2023 1568 2093 ταύτην,
1622 2025 1755 2095 ἡμῖν
1804 2026 1919 2089 τοῖς

333 2109 471 2172 υἱοῖς
497 2109 562 2163 ⁸³.
602 2110 712 2165 Kal
738 2110 911 2176 οὕτως
946 2115 1082 2185 αὐτῇ
1142 2114 1591 2188 συνειστιάθημεν
1617 2116 1686 2181 ⁸³,
1706 2117 1801 2171 καὶ
1828 2117 1918 2171 τὸν

332 2200 544 2255 διδόντα
570 2203 779 2276 τροφὴν
804 2204 937 2259 Θεὸν
964 2206 1360 2279 εὐλογήσαμεν.

404 2292 542 2347 CXI.
584 2294 716 2348 Τότε
762 2295 945 2351 λοιπὸν
974 2300 1003 2351 6
1030 2298 1255 2370 Πέτρος,
1303 2300 1393 2354 τὸν
1438 2299 1594 2371 ὄχλον
1638 2302 1918 2374 είσεληλυ-

333 2382 462 2437 θὸτα
493 2383 636 2451 ἰδὼν,
682 2386 914 2451 καθίσας
956 2388 1136 2453 αὐτὸς,
1179 2390 1273 2443 καὶ
1295 2390 1339 2423 ⁶⁰
1369 2393 1517 2463 ἡμᾶς
1544 2393 1599 2446 δὲ
1628 2395 1917 2466 παρακαθ-

332 2476 561 2545 εσθῆναι
620 2477 902 2542 κελεύσας,
949 2480 1209 2553 ὑφηγεῖτο
1237 2482 1347 2535 τίνι
1390 2483 1532 2556 λόγῳ
1584 2486 1918 2558 προπέμψας

330 2571 480 2639 ἡμᾶς
504 2569 613 2623 ἀπὸ
634 2570 729 2623 τοῦ
756 2571 1150 2642 βαπτίσματος,
1177 2573 1338 2638 αὐτὸς
1379 2574 1646 2647 βραδύνας
1690 2578 1913 2650 ἐπῆλθε.

331 2662 443 2734 Τὴν
478 2663 537 2716 δὲ
586 2664 764 2718 αἰτίαν
806 2664 991 2734 ἔλεγεν
1015 2666 1059 2696 ’ί
1104 2661 1242 2721 εἶναι
1294 2668 1571 2741 τοιαύτην·
1642 2670 1794 2742 Ἅμα
1838 2670 1917 2742 τῷ

332 2756 498 2827 ὑμᾶς,
543 2757 729 2827 φησὶν,
772 2757 1074 2830 ἀποστῆναί
1097 2758 1144 2790 ⁶¹
1175 2776 1299 2830 μου,
1337 2759 1515 2832 γέρων
1541 2778 1625 2825 τις
1657 2761 1840 2833 συνῄει
1869 2762 1916 2795 ⁸³

332 2850 663 2921 περίεργος,
738 2851 988 2905 κλέπτων
1066 2852 1255 2905 ἑαυτὸν
1306 2850 1372 2917 ⁸⁸,
1438 2853 1533 2907 καὶ
1595 2853 1918 2926 βουλόμενος

330 2942 464 3013 ὀρᾷν
491 2942 559 3005 ⁸³,
593 2942 753 3006 αὐτὸς
800 2942 873 3014 μὴ
922 2943 1186 3015 ὁρᾶσθαι·
1236 2945 1330 2997 καὶ
1380 2948 1917 3019 προκατασκοπήσας

332 3035 502 3104 ἡμᾶς,
532 3033 608 3097 ὡς
634 3034 793 3098 αὐτὸς
822 3034 950 3087 ὖστε
959 3052 1050 3107 ρον
1076 3034 1415 3108 ὡμολόγησε,
1466 3037 1603 3109 πρὸς
1625 3039 1685 3091 τὸ
1714 3040 1841 3093 ἰδεῖν
1863 3037 1916 3093 τί

332 3128 396 3181 ἂν
426 3127 520 3181 καὶ
551 3126 881 3198 πράττοιμεν
915 3129 995 3191 εἰς
1040 3126 1130 3181 τὸν
1160 3128 1446 3182 σκεπεινὸν
1486 3129 1647 3183 τόπον
1689 3131 1914 3203 γενόμεο

329 3237 430 3283 νοι,
461 3217 637 3290 λάθρα
686 3218 874 3282 ἐκϐὰς,
925 3218 1311 3291 ⁴ίιριιολοιΰθησεν.
1355 3218 1485 3273 Εἶτα
1516 3220 1562 3251 ⁸⁸
1587 3222 1643 3274 ἐν
1670 3222 1912 3294 εὐκαίρῳ

329 3313 481 3383 τόπῳ
505 3312 550 3343 ⁸⁷
580 3329 671 3382 μοι
695 3309 1006 3383 προσελθὼν
1033 3312 1126 3365 καὶ
1170 3312 1617 3384 προσαγορεύσας
1644 3312 1748 3385 ἔφη
1767 3330 1780 3343 ·
1818 3313 1914 3367 Ἐκ

330 3403 529 3457 πολλοῦ
562 3421 644 3457 σοι
682 3402 989 3457 ἀκολουθῶν
1018 3405 1112 3459 καὶ
1140 3408 1420 3476 συντυχεῖν
1448 3406 1646 3460 ἐθέλων
1670 3407 1737 3467 ⁸⁸,
1767 3405 1915 3477 ᾐδού-

331 3514 461 3567 μην,
495 3497 695 3569 μήπως
717 3496 795 3560 ὡς
824 3498 1101 3570 περιέργῳ
1147 3516 1237 3570 μοι
1266 3498 1580 3571 χαλεπήνῃς
1600 3516 1613 3529 ·
1646 3498 1739 3552 νῦν
1762 3499 1819 3552 δὲ
1837 3498 1913 3552 ,τὰ

324 3593 590 3648 δοκοῦντα
644 3592 767 3661 ἐμοὶ
810 3590 1008 3662 ἀληθῆ,
1058 3591 1223 3661 λέγω,
1267 3592 1316 3645 εί
1345 3590 1542 3662 βούλει.
1574 3592 1746 3662 Κάγὼ
1770 3595 1910 3648 ἀπε-

325 3686 637 3758 κρινάμην·
688 3682 829 3750 Λέγε
866 3685 998 3755 ἡμῖν
1044 3684 1181 3756 ὅπερ
1232 3701 1315 3737 σοι
1359 3684 1507 3738 δοκεῖ
1549 3684 1712 3738 καλὸν
1750 3683 1910 3751 εἶναι,

324 3778 418 3833 καὶ
446 3774 821 3847 ἀποδεξόμεθά
845 3792 925 3839 σε,
956 3775 1059 3829 κᾶν
1098 3775 1177 3846 τῷ
1202 3775 1312 3828 ὄντι
1343 3775 1417 3847 μὴ
1442 3776 1601 3829 καλὸν
1682 3777 1742 3830 τὸ
1768 3776 1913 3847 λεγό-

326 3888 510 3941 μενον,
538 3868 662 3921 ἐπεί
690 3884 795 3939 περ
823 3868 1000 3938 ἀγαθῇ
1042 3868 1359 3939 προαιρέσει
1382 3867 1443 3922 τὸ
1480 3868 1670 3924 δοκοῦν
1701 3886 1783 3923 σοι
1811 3888 1911 3923 κα-

322 3959 411 4013 λὸν
436 3960 616 4011 εἰπεῖν
646 3956 935 4027 ἠθέλησας.

396 4049 562 4103 CXII.
606 4050 717 4101 Kal.
742 4050 771 4101 6
794 4048 972 4119 γέρων
1000 4048 1093 4102 τοῦ
1122 4048 1301 4118 λέγειν
1345 4048 1548 4120 ἧρξατο
1569 4049 1740 4113 οὕτως
1759 4067 1773 4080 ·
1801 4050 1908 4103 Θα-

324 4143 498 4215 λάσσῃ
553 4142 700 4212 ὑμᾶς
740 4140 1095 4211 λελουμένους
1119 4143 1198 4204 είς
1241 4142 1333 4196 τὸν
1382 4142 1701 4214 ἀπόκρυφον
1745 4143 1907 4196 τόπον

326 4235 795 4307 ὐποχωρήσαντας
852 4232 995 4296 ἰδὼν,
1038 4233 1369 4305 προσελθὼν,
1416 4234 1591 4307 λάθρα
1642 4235 1907 4289 κατεσκὸ-

323 4346 459 4381 πουν
482 4326 545 4379 τὸ
574 4325 624 4378 τί
662 4325 727 4379 ἂν
755 4326 811 4377 ὲν
847 4327 1030 4396 κρυφῇ
1057 4325 1100 4356 ⁸⁸
1127 4326 1438 4397 πράττοιτε.
1474 4328 1583 4380 Kal.
1610 4327 1795 4398 ἐπειδὴ
1820 4328 1909 4382 εὑ-

322 4420 590 4490 χομένους
664 4415 819 4479 εἶδον,
896 4415 1247 4489 ὑπεχώρησα,
1305 4418 1399 4472 καὶ
1450 4418 1734 4489 ὲλεήσας’¹ο
1764 4420 1908 4491 ὑμᾶς

322 4510 606 4578 ἀνέμεινα,
655 4508 803 4569 ὅπως
829 4506 872 4538 ⁷⁸
900 4508 1074 4560 πείσω
1129 4507 1202 4580 μὴ
1255 4508 1598 4561 ἀπατᾶσθαι’
1630 4508 1753 4562 οὔτε
1799 4510 1907 4583 γὰρ
1938 4538 1983 4592 D

322 4604 451 4662 Θεσς
502 4600 677 4660 ἔστιν,
718 4597 841 4650 οὔτε
886 4599 1142 4671 πρόνοια’
1172 4599 1306 4652 ἀλλὰ
1358 4601 1567 4669 γενέσει
1612 4600 1683 4654 τὰ
1730 4602 1909 4656 πάντα

322 4693 631 4753 ὑπόκειται,
660 4691 735 4753 ὡς
762 4690 871 4759 ἐγὼ
897 4691 979 4760 ἐφ’
1008 4686 1088 4753 οἷς
1116 4692 1359 4745 πέπονθα
1388 4692 1905 4765 πεπληροφόρημαι,

322 4784 567 4854 ἀκριῦὦν
588 4785 652 4835 ἐκ
679 4781 876 4835 πολλοῦ
918 4783 977 4836 τὸ
1018 4783 1263 4855 μάθημα.
1304 4784 1394 4857 Μὴ
1422 4781 1513 4839 οὖν
1536 4787 1730 4839 ἀπατῶ
1749 4804 1761 4816 ·
1794 4786 1906 4841 εἴτε

322 4875 427 4945 γάρ
452 4874 612 4948 εὔχῃ,
640 4875 751 4927 εἴτε
781 4876 829 4906 ⁷⁸
854 4875 947 4928 καὶ
969 4875 1063 4947 μὴ,
1116 4876 1184 4929 τὰ
1212 4878 1276 4929 ὲκ
1300 4879 1397 4948 τῆς
1418 4878 1685 4947 γενέσεως
1712 4879 1903 4933 παθεῖν

320 4964 385 5018 ἂν
437 4966 586 5035 ἔχοις
609 4965 675 5017 ⁷³.
705 4965 773 5017 Αἱ
812 4964 921 5036 γὰρ
968 4966 1126 5035 εὐχαὶ
1176 4966 1224 5018 εἰ
1268 4967 1517 5021 ἐδύναντο
1566 4986 1641 5033 τι,
1681 4969 1714 5041 ἢ
1753 4970 1814 5023 τὸ
1840 4966 1900 5025 εὗ

321 5060 515 5122 ποιεῖν,
573 5055 733 5121 αὐτὸς
784 5055 851 5109 ἂν
890 5057 949 5110 ὲν
995 5059 1109 5121 τοῖς
1138 5058 1442 5130 κρείττοσιν
1475 5061 1641 5132 ἥμην.
1670 5061 1778 5114 Καὶ
1807 5062 1903 5115 νῦν

322 5148 370 5200 εἰ
399 5148 475 5219 μὴ
508 5146 572 5201 σὲ
600 5148 785 5217 ἀπατᾷ
808 5148 842 5218 ή
870 5147 1101 5218 πενιχρά
1146 5165 1249 5219 μου
1277 5147 1415 5220 αὕτη
1441 5148 1622 5223 ἐσθὴς,
1649 5150 1748 5203 οὐκ
1775 5150 1903 5203 ἀπι-

2020 1921 2188 1989 dedit,
2218 1939 2281 1979 ac
2310 1932 2431 1994 post
2456 1940 2576 1979 eam
2609 1927 2767 1982 nobis
2804 1928 2922 1998 ejus
2966 1910 3113 1983 ﬁliis.
3149 1928 3325 1998 Atque
3375 1930 3447 1983 ita
3471 1946 3597 1985 cum

2019 2031 2081 2070 ea
2110 2019 2471 2082 comedimus,
2510 2018 2787 2090 Deumque
2833 2022 2938 2077 cibi
2983 2022 3300 2092 largitorem
3340 2022 3598 2081 laudibus

2019 2111 2292 2177 prosecuti
2326 2126 2538 2165 sumus.

2090 2286 2226 2342 CXI.
2269 2286 2408 2342 Tum
2451 2288 2707 2359 deinceps
2737 2288 2952 2357 Petrus,
2990 2292 3293 2363 ingressum
3332 2294 3595 2365 populum

2018 2379 2230 2447 videns,
2261 2396 2386 2436 cum
2422 2382 2535 2451 ipse
2565 2384 2924 2448 consedisset,
2960 2403 3170 2457 nosque
3217 2389 3475 2458 jussisset
3505 2408 3598 2447 as-

2019 2474 2217 2539 sidere,
2255 2473 2485 2529 docebat
2515 2492 2623 2546 qua
2667 2476 2878 2532 ratione
2922 2479 3080 2534 nobis
3110 2491 3232 2550 post
3259 2482 3595 2552 baptismum

2017 2566 2339 2636 praamissis,
2374 2565 2489 2637 ipse
2539 2568 2688 2623 tarde
2719 2569 2992 2627 rediisset.
3034 2572 3270 2629 Causam
3304 2592 3433 2629 vero
3457 2578 3597 2631 hanc

2016 2676 2138 2717 esse
2166 2659 2401 2714 dicebat.
2460 2659 2637 2715 Simul
2686 2672 2851 2733 atque
2895 2680 3015 2733 vos,
3060 2667 3260 2737 inquit,
3295 2684 3325 2723 a
3356 2686 3442 2724 me
3480 2670 3595 2726 dis-

2016 2754 2285 2822 cessistis,
2331 2770 2495 2810 senex
2532 2755 2755 2825 quidam
2808 2757 3060 2813 curiosus
3088 2761 3256 2826 venit,
3308 2764 3594 2819 occultans

2018 2860 2099 2912 se,
2129 2854 2293 2914 atque
2320 2845 2508 2900 volens
2564 2861 2788 2901 cernere
2825 2863 2923 2902 nec
2966 2847 3082 2918 ipse
3138 2851 3287 2904 cerni
3315 2870 3328 2905 :
3359 2869 3595 2923 cumque

2016 2953 2118 2992 nos
2168 2936 2320 3007 prius
2369 2937 2713 2993 observasset
2744 2981 2759 3005 ,
2808 2939 2949 2993 sicut
3020 2941 3131 3009 ipse
3176 2950 3363 3010 postea
3413 2942 3593 3000 fassus

2016 3035 2124 3093 est,
2182 3036 2243 3081 ut
2266 3027 2474 3081 videret
2504 3027 2763 3097 quidnam
2798 3028 2850 3081 in
2887 3030 3101 3083 obtecto
3125 3030 3246 3086 loco
3277 3031 3437 3101 positi
3468 3049 3594 3106 age-

2017 3136 2223 3187 remus,
2255 3120 2395 3176 elam
2434 3120 2587 3186 exiit,
2618 3129 2671 3176 et
2706 3132 2927 3177 secutus
2949 3133 3051 3178 est.
3078 3122 3271 3178 Postea
3314 3126 3364 3178 in
3394 3142 3594 3197 oppor-

2018 3222 2150 3266 tuno
2184 3212 2305 3267 loco
2330 3227 2418 3266 me
2447 3213 2802 3277 conveniens,
2841 3228 2905 3267 ac
2932 3214 3200 3281 salutans,
3227 3216 3366 3271 dixit
3398 3235 3412 3271 :
3443 3217 3595 3273 1am--

2016 3303 2109 3358 diu
2150 3313 2200 3358 te
2224 3320 2481 3375 sequens,
2519 3314 2574 3359 et
2622 3306 2823 3374 alloqui
2871 3307 3118 3377 cupiens,
3154 3310 3380 3364 verebar
3409 3327 3474 3365 ne
3508 3328 3595 3367 me

2016 3404 2279 3465 tanquam
2310 3398 2591 3451 curiosum
2636 3412 2779 3467 :egre
2825 3397 2998 3454 ferres
3031 3416 3044 3453 ι
3074 3416 3221 3456 nunc
3260 3413 3439 3457 autem
3472 3421 3595 3474 qua:

2014 3486 2153 3541 mihi
2188 3502 2317 3541 vera
2348 3485 2621 3551 videntur,
2664 3487 2709 3541 si
2738 3488 2842 3555 vis,
2878 3490 3116 3559 profero.
3146 3490 3211 3546 Et
3233 3508 3332 3564 ego
3368 3511 3595 3565 respon-

2014 3576 2069 3631 di
2100 3594 2114 3631 :
2150 3575 2421 3646 Eloquere
2452 3578 2612 3631 nobis
2638 3579 2784 3648 quod
2815 3580 2910 3635 tibi
2942 3581 3157 3637 videtur
3187 3599 3309 3639 esse
3344 3584 3545 3640 bonum
3574 3604 3589 3653 ;

2013 3678 2069 3725 et
2097 3670 2447 3726 laudabimus
2488 3679 2558 3735 te,
2594 3670 2718 3725 licet
2742 3687 2929 3727 revera
2962 3676 3107 3745 quod
3131 3676 3355 3743 dixeris,
3385 3679 3590 3733 bonum

2013 3780 2123 3819 non
2154 3763 2355 3831 fuerit;
2388 3765 2647 3833 quoniam
2695 3766 2950 3835 prudenti
3007 3770 3260 3836 consilio,
3308 3788 3419 3826 rem
3468 3790 3592 3843 qua:

2011 3856 2109 3911 tibi
2138 3858 2254 3913 visa
2283 3866 2367 3911 est
2395 3857 2561 3924 bona,
2592 3857 2832 3913 volueris
2862 3860 3135 3931 proloqui.

2078 4036 2239 4093 CXII.
2283 4036 2423 4092 Tum
2477 4053 2643 4093 senex
2696 4038 2770 4093 ita
2835 4040 2987 4095 ell'ari
3056 4043 3220 4113 coepit
3254 4064 3267 4099 :
3302 4044 3422 4101 Vidi
3469 4063 3586 4113 vos,

2010 4141 2299 4201 postquam
2332 4132 2383 4186 in
2414 4131 2551 4187 mari
2580 4131 2871 4197 lavissctis,
2898 4134 2965 4188 ad
2998 4136 3269 4191 occultum
3296 4138 3471 4193 locum
3499 4157 3589 4194 50--

2011 4224 2245 4280 cessisse
2278 4224 2451 4291 ;adii,
2497 4225 2637 4280 clam
2688 4226 3003 4294 speculatus
3062 4243 3183 4282 sum
3233 4230 3491 4299 quidnam
3536 4234 3588 4287 in

2011 4317 2195 4372 abdito
2223 4316 2457 4388 ageretis
2483 4332 2502 4370 :
2537 4332 2773 4377 cumque
2819 4333 2915 4373 vos
2956 4332 3177 4376 orantes
3230 4324 3587 4392 aspexissem,

2011 4411 2213 4466 secessi
2246 4429 2259 4478 ;
2290 4420 2344 4466 et
2376 4412 2543 4467 vestri
2596 4412 2875 4479 misertus,
2921 4417 3254 4484 exspectavi,
3284 4426 3341 4471 ut
3366 4434 3589 4488 persua-

2013 4503 2196 4558 derem
2244 4520 2311 4559 ne
2360 4503 2646 4559 fallamini.
2680 4504 2868 4575 Neque
2914 4507 3065 4561 enim
3112 4506 3255 4565 Deus
3278 4520 3381 4577 est,
3413 4527 3590 4580 neque

2013 4593 2361 4651 Providentia
2395 4614 2409 4651 :
2443 4598 2536 4652 sed
2568 4598 2749 4667 genesi
2781 4607 2980 4653 cuncta
3026 4582 3311 4670 subiacent
3350 4620 3588 4673 ;quem-

2014 4687 2308 4743 admodum
2344 4690 2503 4745 exiis
2528 4708 2651 4762 qua:
2698 4692 2831 4747 mihi
2877 4694 3215 4765 acciderunt,
3258 4699 3415 4769 plene
3461 4717 3588 4770 per-

2014 4793 2213 4835 suasus
2249 4794 2367 4834 sum
2397 4823 2412 4846 ,
2443 4781 2766 4851 jampridem
2805 4786 3096 4841 mathesim
3136 4788 3425 4859 diligenter
3456 4791 3585 4845 edo-

2011 4879 2157 4927 ctus.
2179 4869 2257 4925 Ne
2280 4888 2410 4943 ergo
2436 4872 2640 4930 fallaris
2670 4899 2680 4931 :
2713 4876 2828 4932 sive
2847 4878 2992 4933 enim
3015 4881 3276 4949 preceris,
3306 4882 3423 4937 sive
3453 4898 3584 4947 non,

2009 4978 2071 5020 ea
2101 4979 2223 5034 qua:
2269 4975 2423 5019 ortus
2483 4968 2777 5035 portendit,
2830 4973 3142 5028 necessario
3183 4974 3433 5029 accident
3463 4974 3581 5029 tibi.

2008 5052 2145 5109 Nam
2201 5054 2246 5109 si
2276 5071 2465 5125 preces
2508 5067 2730 5127 possent
2775 5061 3000 5132 aliquid,
3052 5074 3147 5119 aut
3196 5065 3337 5120 bona
3391 5081 3577 5135 opera,

2007 5149 2126 5220 ipse
2149 5148 2289 5204 inter
2333 5149 2603 5220 primores
2629 5168 2827 5210 essem.
2856 5156 2935 5211 Ac
2960 5173 3125 5227 nunc,
3166 5158 3272 5215 nisi
3307 5168 3356 5214 te
3382 5159 3583 5229 decipit

1592 5290 1827 5347 VARI/I3
1866 5290 2269 5347 LECTIONES.

386 5444 432 5476 ⁸⁸
443 5444 708 5510 ἐλθόντες,

729 5445 984 5535 βαπτίσαι
1016 5449 1184 5535 αὐτῂν
1204 5449 1539 5535 δυνηθῶμεν.
1572 5452 1726 5535 Πλὴν
1751 5454 1844 5535 ἐπὶ
1872 5460 1981 5535 τῶν
2007 5460 2275 5535 αἰγιαλῶν
2306 5465 2636 5535 γενομένων.
2712 5467 2755 5497 ⁵⁸
2790 5465 2940 5521 deest
2974 5466 3027 5521 in
3050 5467 3123 5521 al.
3193 5467 3322 5521 "al.
3348 5467 3399 5519 οί
3420 5469 3575 5523 ἀδελ-

323 5516 617 5624 ἶῶνιῖο
742 5520 836 5624 ξαὶ
863 5519 1008 5624 (ἷξλοὶ
1040 5516 1183 5624 vitae?
1216 5516 1376 5622 ὑτκεεξἑ
1422 5516 1615 5624 ’1⁵⁸³3Ιέ
1645 5516 1907 5624 κξλεύὲας
2170 5549 2230 5585 τε
2267 5516 2664 5624 μᾷνοιξὴνμῖῖρσ.
2687 5553 2739 5592 τ.
2776 5538 3069 5624 μ.καὶταῖς
3095 5538 3287 5601 αὑταῖς
3306 5542 3572 5608 γυναιξίν.

387 5622 391 5624 ,
626 5604 654 5624 ,ι
729 5605 808 5624 ει
961 5607 1061 5624 ..ε
1135 5608 1212 5624 ε..
1402 5608 1428 5624 ι.
1549 5611 1861 5624 .-......_
2024 5604 2298 5624 _-__.:,--
2411 5606 2517 5624 ..,.
2843 5606 2866 5624 ρ
2991 5606 3061 5624 ι..
3206 5611 3216 5624 .
3367 5612 3425 5624 -.
3537 5614 3549 5624 .

358 5585 480 5640 Ελθ.
539 5587 586 5617 ⁵⁵
625 5585 699 5641 al.
727 5590 829 5652 είς.
886 5590 931 5620 ⁵⁵
960 5590 1234 5645 διελθεῖν.

327 5656 370 5686 ⁸⁸
398 5661 471 5710 al.
514 5656 799 5722 καθεσθεὶς
824 5659 936 5714 καί.

326 5725 369 5796 ξι
389 5728 460 5780 al.
503 5726 659 5796 βουλό

1034 5661 1077 5692 ⁶¹
1125 5663 1277 5717 deest
1303 5663 1354 5715 in
1387 5663 1459 5717 al.

1329 5592 1473 5676 “all.
1514 5592 1895 5676 διελεγόμεθα.
1944 5592 2345 5676 _"deestiual.
2410 5592 2540 5676 ιἐιάἰ.
2574 5607 2699 5661 add.
2734 5592 2927 5676 αὺτῆς.
2989 5592 3162 5661 "Ilaec
3187 5592 3383 5664 desu'nt
3415 5592 3575 5667 aia;

1561 5666 1605 5697 “
1634 5667 1785 5751 deest
1823 5670 1994 5751 ἰπὶ-ιρι..
2061 5672 2192 5751 "al.
2238 5675 2515 5751 συνεισςῄει
2542 5676 2798 5751 ἐργάτης.
2852 5666 3040 5751 _al.
3097 5679 3305 5743 ἑαυτὸν,
3336 5666 3572 5751 προκιτ.

664 5746 831 5803 μενος
851 5731 1013 5803 ὁρῶν.
1055 5733 1134 5803 ίσῗ
1174 5733 1245 5785 al.
1284 5732 1634 5798 εἰσελθόντες·
1670 5732 1810 5791 εἶτα.
1888 5742 1933 5778 ⁸⁷
1962 5741 2114 5797 deest
2150 5744 2202 5796 in
2233 5744 2305 5796 al.

2385 5746 2430 5776 ⁸⁸
2458 5747 2537 5823 _al.
2572 5746 2792 5823 _0_é).u_iv._
2848 5748 2891 5823 ξ’
2915 5747 2984 5801 al.
3013 5752 3266 5823 κρυφαίῳ
3292 5746 3572 5818 είσὶόντες.

328 5790 371 5827 ⁷⁸
408 5796 481 5855 al.
503 5790 748 5864 ’ἐλεήσας
778 5790 858 5858 δέ.
887 5790 899 5803 ’
934 5803 975 5833 ⁷³
1016 5802 1088 5856 al.
1120 5801 1285 5858 inser.
1318 5803 1520 5871 ἐξιοῦσι
1552 5790 2113 5880 προσομιλήσαςῖπῖῖ
2338 5813 2391 5868 in
2424 5790 2537 5871 al..."
2572 5790 3209 5889 τ’ῖὶῙΪάνάγὶἧνῖἱεῖξξ
