4066 6330
333 395 434 449 SS3
1141 391 1601 450 CLEMENTINA.
1638 420 1703 432 —-
1743 386 2042 447 EI’ITOME
2082 386 2167 444 DE
2204 387 2451 445 GESTIS
2488 389 2546 445 S.
2588 389 2815 446 PETRI.

3479 395 3580 450 654

332 516 451 588 μεῖν
474 512 587 586 γάρ
608 513 744 580 ἐστι,
764 512 824 568 τὸ
847 513 1026 584 λέγειν
1044 515 1254 584 γενέσει
1279 516 1597 571 ὑποκεῖσθαι
1618 516 1687 569 τὰ
1708 517 1900 579 πάντα,

2012 512 2206 569 ledicta
2230 523 2284 568 et
2308 513 2676 583 blasphemias
2693 514 3034 584 conjiciunt?
3053 514 3356 587 Respondit
3379 527 3542 570 senex
3562 532 3578 571 :

330 605 489 675 κάγὼ
510 607 528 637 ¹
563 606 702 679 πρὸς
740 606 927 661 αὐτόν’
976 609 1089 661 Καὶ
1123 608 1287 662 πάνυ.
1324 609 1387 661 Εἰ
1412 608 1522 681 γὰρ
1545 610 1566 639 ²
1596 609 1692 663 καὶ
1732 608 1904 661 πᾶσαι

328 704 383 755 αἰ
408 700 520 754 τῶν
549 699 853 772 ἀνθρώπων
893 701 1160 773 ἁμαρτίαι
1192 702 1288 755 καὶ
1320 701 1565 755 άσέϐειαι
1606 704 1702 756 καὶ
1745 702 1904 757 ἀσέλ-

328 810 474 862 γειαι
518 793 578 860 ἐξ
624 793 902 864 ἀστέρων,
931 792 1008 858 ὡς
1032 794 1096 847 σὺ
1132 794 1267 866 φὴς,
1294 794 1561 863 γίνονταιο
1597 794 1658 849 τὸ
1685 795 1742 849 δὲ
1781 794 1907 860 τοὺς

330 886 568 957 ἀστέρας
590 885 763 940 ταῦτα
782 886 803 918 ⁸
828 888 1001 939 ποιεῖν
1029 887 1136 941 ὑπὸ
1158 888 1293 941 Θεοῦ
1315 888 1573 942 τέτακται
1589 887 1631 951 ⁸,
1658 888 1746 941 ἵνα
1770 886 1907 940 πάν-

328 992 438 1031 των
477 978 729 1049 χαλεπῶν
769 976 1178 1034 ἀποτελεστικοὶ
1216 983 1519 1050 γένωνται,
1577 980 1634 1033 αἱ
1691 979 1906 1033 πάντων

328 1069 638 1141 ἀμαρτίαι¹
684 1071 899 1134 πάντως
936 1070 1044 1142 ἀρα
1084 1070 1179 1124 καὶ
1220 1072 1299 1135 εἰς
1343 1072 1502 1126 αὐτὸν
1545 1071 1906 1141 ἀναφέρονται

327 1166 421 1221 τὸν
448 1166 548 1239 τὴν
573 1166 788 1236 γένεσιν
812 1167 1033 1221 ἐνθέντα
1054 1168 1074 1200 ⁸
1096 1170 1210 1231 τοῖς
1236 1168 1475 1238 ἄστροις.

399 1340 563 1396 CXV.
596 1343 705 1395 Καὶ
730 1344 759 1397 6
785 1342 963 1415 γέρων
997 1345 1050 1378 ⁸·
1083 1344 1357 1415 Ἀληθῶς⁹
1400 1345 1565 1416 ἔφης·
1598 1344 1737 1400 ἀλλά
1758 1346 1907 1419 πάσῃ

331 1450 427 1488 σου
462 1436 529 1505 τῇ
558 1435 933 1507 ἀπαραϐλήτῳ
958 1436 1231 1504 ἀποδείξει
1255 1439 1289 1509 ἡ
1321 1438 1427 1509 ἐμὴ
1464 1438 1747 1509 ἐμποδίζει
1782 1455 1908 1493 συν-

329 1525 556 1596 εἰδησις.
618 1522 757 1593 Ἐγὼ
782 1523 891 1597 γάρ
916 1525 1241 1598 ἀστρολόγος
1266 1525 1362 1592 ὢν,
1392 1526 1488 1580 καὶ
1522 1528 1740 1601 Ῥώμην
1765 1529 1909 1601 πρῶ-

328 1635 420 1673 τον
443 1618 671 1691 οἰκήσας
696 1619 760 1683 ιο,
799 1615 919 1674 εἶτα
954 1620 1231 1690 φιλιωθείς
1256 1638 1361 1675 τινι
1389 1621 1527 1694 πρὸς
1559 1621 1751 1690 γένους
1792 1622 1907 1679 ὄντι

330 1707 632 1781 Καίσαρος,
684 1708 849 1763 αὑτοῦ
875 1726 934 1763 τε
962 1710 1057 1764 καὶ
1080 1711 1180 1783 τῆς
1218 1709 1450 1784 συμϐίω
1495 1711 1597 1784 τὴν
1625 1710 1838 1781 γένεσιν
1864 1712 1904 1746 ⁸⁸

329 1798 576 1871 ἀκριϐῶς
616 1800 953 1873 ἠπιστάμην,
1000 1802 1096 1855 καὶ
1138 1802 1433 1875 ἱστορήσας
1472 1801 1781 1866 ἀκολούθως
1808 1801 1909 1866 τὰς

2012 604 2253 671 Scilicet,
2286 604 2339 660 id
2368 615 2453 662 est
2477 606 2763 662 maledicta
2796 605 3068 675 conferre,
3103 609 3285 663 dicere
3316 608 3582 677 geniturae

2008 697 2203 767 subjici
2251 698 2542 753 universa?
2571 694 2708 752 Tum
2742 713 2842 770 ego
2885 698 2950 753 ad
2998 714 3123 754 eum
3155 716 3169 754 :
3196 696 3433 755 Omnino
3475 706 3579 754 est.

2008 786 2142 843 Nam
2190 790 2237 845 si
2284 802 2478 845 omnes
2509 789 2793 844 hominum
2824 805 3064 856 errores,
3094 800 3147 846 et
3177 790 3503 861 impietates.
3529 799 3585 846 et

2009 879 2383 950 impudicitiae,
2403 897 2469 935 ex
2496 881 2691 946 stellis,
2707 882 3168 951 quemadmodum
3196 890 3251 937 ιιι
3271 878 3373 948 ais,
3397 880 3586 936 oriun-

2010 980 2129 1040 tur;
2165 982 2225 1028 ut
2253 984 2436 1030 autem
2464 989 2530 1030 ea
2561 974 2765 1031 faciant
2793 974 2982 1042 stellae,
3013 990 3044 1029 a
3078 973 3189 1029 Deo
3217 975 3581 1031 constitutum

2009 1058 2135 1130 fuit,
2166 1081 2276 1136 quo
2326 1076 2653 1122 cunctorum
2705 1065 3039 1139 flagitiorum
3090 1067 3389 1124 effectrices
3435 1067 3577 1137 sint;
3663 1112 3671 1120 ρ

2009 1159 2257 1214 omnium
2289 1166 2437 1215 certe
2474 1157 2672 1214 delicta
2702 1159 2770 1215 ad
2802 1175 2929 1215 eum
2972 1159 3203 1215 omnino
3243 1159 3578 1227 referuntur,

2006 1253 2101 1324 qui
2131 1253 2185 1307 in
2213 1253 2379 1308 astris
2402 1251 2648 1323 posuerit
2682 1252 2945 1323 genesim.

2076 1343 2241 1400 CXV.
2282 1346 2304 1377 "
2332 1343 2398 1401 Et
2432 1360 2599 1401 senex
2632 1363 2646 1400 :
2685 1343 2884 1401 Verum
2917 1347 3032 1413 ais;
3058 1346 3150 1404 sed
3181 1345 3331 1400 omni
3363 1354 3469 1401 tua:
3493 1345 3582 1402 in-

2008 1436 2369 1507 comparabili
2414 1435 2874 1493 demonstrationi
2913 1452 3034 1493 mea
3060 1438 3256 1494 «obstat
3295 1437 3582 1494 conscien-

1960 1592 1961 1595 η
2008 1528 2104 1584 tia.
2132 1526 2247 1598 Ego
2275 1527 2446 1594 enim,
2493 1527 2590 1599 qui
2636 1529 2945 1600 astrologus
2991 1544 3135 1593 sum,
3168 1538 3222 1583 et
3256 1528 3441 1584 Romae
3471 1527 3585 1599 pri-

2010 1636 2159 1677 mum
2202 1619 2472 1688 habitari,
2510 1629 2701 1690 postea
2727 1620 2940 1678 amicus
2969 1620 3147 1677 factus
3171 1620 3453 1691 cujusdam
3485 1619 3579 1690 qui

2006 1722 2127 1769 erat
2168 1728 2237 1768 ex
2282 1726 2481 1783 genere
2509 1712 2769 1780 Caesaris,
2802 1713 2909 1768 viri
2941 1712 3089 1769 illius
3129 1714 3426 1785 uxorisque
3457 1714 3582 1784 ejus

2008 1804 2315 1874 genituram
2347 1805 2517 1876 probe
2537 1805 2742 1873 callui;
2769 1820 3009 1878 cumque
3029 1806 3277 1875 viderim,
3310 1822 3398 1863 res
3422 1818 3584 1877 prout

327 1890 561 1964 πράξεις
601 1891 1054 1956 άποτελεσθείσας
1074 1893 1117 1923 ¹¹
1150 1891 1331 1946 αὐτῶν
1354 1895 1421 1965 τῇ
1449 1892 1682 1962 γενέσει,
1726 1891 1900 1961 λόγοις

2007 1893 2219 1952 ferebat
2248 1913 2444 1952 eorum
2474 1899 2713 1969 genesis,
2764 1898 3051 1963 evenisse,
3095 1898 3228 1954 solis
3256 1899 3437 1954 verbis
3464 1915 3495 1953 a
3530 1908 3583 1956 te

328 1984 513 2055 μόνοις
536 1982 578 2016 ⁸³
604 1984 706 2037 οὐκ
742 1983 852 2055 ἔχω
892 2000 976 2037 σοι
1023 1983 1326 2041 πείθεσθαι.
1357 1980 1465 2038 Ἦν
1492 1982 1600 2056 γάρ
1625 1983 1727 2053 τῆς
1752 1982 1904 2051 γενέ-

327 2093 467 2141 σεως
512 2076 699 2141 αὐτοῖς
724 2076 769 2107 ⁸⁸
803 2076 864 2130 τὸ
904 2075 1159 2147 διάθεμα,
1202 2076 1390 2131 ποιοῦν
1422 2075 1719 2148 μοιχάδας,
1758 2074 1905 2129 ἰδίων

323 2168 528 2223 δούλων
556 2168 787 2241 ὲρώσας,
820 2171 914 2224 καὶ
954 2170 1045 2223 ἐπὶ
1083 2167 1241 2239 ξένης
1264 2170 1322 2223 ὲν
1349 2167 1505 2222 ὕδατι
1530 2166 1900 2238 θνησκούσας·

323 2259 354 2313 ὃ
398 2262 495 2315 καὶ
517 2261 562 2293 ¹⁸
608 2259 753 2315 οὕτω
795 2260 1037 2331 γέγονεν.
1096 2259 1419 2332 Ἐρασθεῖσα
1459 2259 1568 2331 γάρ
1615 2258 1710 2313 τοῦ
1771 2258 1904 2313 ἰδίου

326 2352 543 2418 δούλου,
570 2354 666 2408 καὶ
701 2354 793 2409 τὸν
825 2354 992 2425 ψόγον
1017 2356 1204 2429 φέρειν
1228 2356 1289 2410 οὐ
1310 2354 1580 2426 δυναμένη
1599 2393 1615 2419 ,
1655 2353 1905 2424 φυγοῦσα

324 2446 384 2498 ὲν
406 2446 452 2478 ¹⁶
477 2446 776 2518 ἀλλοδαπῇ,
807 2450 901 2502 καὶ
925 2449 1111 2519 κοίτης
1142 2448 1292 2520 αὐτῷ
1319 2448 1695 2519 κοινωνήσασα
1714 2486 1730 2512 ,
1760 2445 1905 2501 κατά

323 2535 603 2593 θάλασσαν
629 2539 893 2612 διεφθάρη
922 2541 981 2594 ⁸⁷.

392 2653 583 2709 CXVI.
613 2654 784 2724 Κάγὼ
814 2656 1197 2729 ἀπεκρινάμην
1218 2656 1262 2689 ¹⁸
1285 2674 1297 2686 ·
1329 2657 1441 2711 Καὶ
1476 2656 1593 2721 πιῖις
1613 2656 1656 2689 ³³
1685 2656 1793 2731 ἄρα
1818 2673 1903 2725 γι-

324 2741 560 2808 νώσκεις
584 2745 666 2799 ὅτι
689 2748 721 2817 ὴ
752 2747 1000 2816 φυγοῦσα
1022 2786 1037 2812 ,
1068 2746 1155 2801 ἐπ’
1182 2745 1487 2817 ἀλλοδαπῆς
1507 2746 1774 2820 γενομένη
1809 2749 1902 2803 τὸν

315 2831 512 2888 δοῦλον
532 2834 728 2907 ἔγημε,
756 2838 850 2891 xa't
871 2838 1099 2910 γήμασι
1124 2837 1440 2908 ἐτελεύτησε
1463 2854 1477 2903 ;
1507 2839 1617 2892 Καὶ
1638 2839 1668 2892 6
1689 2839 1867 2913 γέρων
1883 2858 1898 2873 ·

337 2925 623 2996 Ἀσφαλῶς
661 2924 776 2983 οἶδα
820 2928 1050 3000 τάληθῆ,
1081 2930 1178 3000 οὐχ
1213 2930 1294 2984 ὅτι
1334 2930 1562 3003 ἔγημεν,
1590 2930 1750 2985 ὁπότε
1779 2932 1902 2987 οὐδὲ

322 3016 404 3070 ὅτι
430 3018 542 3090 ἦρα
568 3017 862 3087 ἐγίνωσκον
880 3035 895 3049 θ
920 3018 1056 3087 ἀλλά
1099 3020 1237 3091 μετά
1276 3021 1377 3093 τὴν
1420 3022 1636 3095 ἐκείνης
1655 3022 1701 3055 ⁸⁸
1727 3021 1902 3076 ἀπαλ-

322 3109 499 3181 λαγὴν
532 3111 564 3163 6
604 3097 831 3180 ἀδελφὸς
878 3110 973 3166 τοῦ
1014 3111 1207 3185 ἀνδρὸς
1247 3113 1438 3186 αὐτῆς,
1484 3114 1661 3168 πάντα
1702 3131 1791 3185 μοι
1831 3115 1901 3169 τὰ

2005 2002 2220 2059 nequeo
2265 1990 2602 2060 persuaderi.
2635 1989 2767 2045 Erat
2799 1990 2946 2046 enim
2977 2000 3132 2046 ortus
3158 1990 3404 2047 mulieris
3432 1992 3582 2062 posi-

2004 2089 2156 2148 tura,
2205 2096 2328 2151 quae
2388 2081 2621 2138 ediceret
2658 2084 2968 2150 adulteras,
3046 2098 3235 2139 amore
3293 2098 3577 2157 servorum

2003 2187 2232 2229 suorum
2264 2183 2476 2244 captas,
2504 2185 2560 2230 et
2589 2189 2815 2246 peregre
2837 2175 2894 2230 in
2917 2190 3057 2247 aqua
3079 2184 3369 2246 pereuntes
3393 2191 3408 2229 :
3430 2176 3577 2246 quocl

2002 2265 2160 2321 et'ita
2195 2266 2443 2337 contigit.
2474 2264 2613 2321 Nam
2642 2282 2766 2338 qua:
2794 2282 3017 2323 servum
3068 2282 3230 2323 suum
3279 2267 3575 2338 deperiret,

2003 2372 2105 2414 nec
2137 2355 2281 2414 ferre
2325 2368 2514 2428 posset
2559 2360 2915 2430 opprobrium
2935 2402 2951 2428 ,
2982 2360 3159 2417 solum
3185 2360 3312 2432 fuga
3338 2371 3574 2427 vertens.

2001 2457 2058 2506 et
2085 2464 2210 2505 cum
2238 2464 2304 2509 eo
2333 2451 2740 2517 concumbens,
2771 2451 2829 2507 in
2860 2453 3001 2507 mari
3032 2452 3216 2523 periit.

2021 2687 2025 2691 .
2069 2645 2257 2701 CXVI.
2300 2645 2414 2717 Ego
2463 2645 2725 2717 respondi
2766 2663 2781 2700 :
2836 2643 2905 2700 Et
2948 2658 3191 2715 quonam
3233 2634 3399 2701 modo
3433 2646 3572 2714 scis,

2001 2737 2150 2793 illam
2195 2737 2528 2809 fugientem,
2557 2737 2694 2794 etin
2731 2737 2912 2792 alieno
2956 2736 3075 2792 solo
3123 2738 3355 2807 positam
3414 2754 3575 2794 servo

2001 2831 2277 2902 nupsisse.
2309 2846 2374 2885 ac
2401 2831 2676 2886 interiisse
2706 2838 2830 2901 post
2861 2830 3118 2900 nuptias?
3150 2831 3330 2901 Atque
3363 2844 3569 2888 senex:

1999 2925 2164 2983 Certo
2216 2927 2374 2990 novi,
2424 2941 2613 2982 revera
2664 2943 2773 2983 non
2827 2925 2973 2995 quod
3018 2927 3286 2998 nupserit.
3308 2943 3439 2983 cum
3472 2944 3577 2986 nec

1999 3031 2188 3072 amore
2235 3025 2451 3087 captam
2501 3031 2624 3072 esse
2671 3017 2868 3073 scirem
2900 3034 2915 3073 ε
2943 3032 3131 3072 verum
3163 3028 3449 3098 postquam
3481 3022 3573 3078 ιιιι

1998 3110 2273 3175 discessit,
2309 3109 2478 3166 frater
2511 3111 2614 3166 viri
2646 3112 2768 3182 ejus
2795 3126 3014 3168 omnem
3059 3114 3195 3169 mibi
3239 3114 3388 3171 illius
3413 3131 3570 3171 amo-

321 3202 467 3255 κατά
490 3202 584 3255 τὸν
608 3202 779 3273 αὐτῆς
801 3203 978 3276 ἔρωτα
1005 3204 1320 3277 διηγήσατο,
1355 3206 1450 3260 καὶ
1476 3206 1552 3271 ὡς
1580 3206 1774 3277 σεμνὸς
1799 3206 1896 3273 ὣν,

2004 3216 2119 3256 rem
2152 3202 2463 3271 enarravit;
2489 3203 2635 3274 quod
2665 3203 2803 3274 ipse,
2836 3204 2933 3275 qui
2958 3215 3183 3262 sanctus
3212 3216 3267 3262 et
3307 3207 3572 3263 honestus

320 3298 417 3351 ἆτε
442 3296 508 3368 δὴ
537 3297 632 3351 καὶ
655 3297 899 3368 ἀδελφὸς,
928 3298 1027 3352 οὐκ
1050 3298 1316 3372 ἐϐουλήθη
1347 3301 1531 3373 μιᾶναι
1565 3299 1665 3372 τὴν
1689 3301 1893 3372 κοίτην.

319 3389 431 3443 Καὶ
459 3389 580 3453 πῶς
608 3389 904 3461 βουλομένη
924 3431 940 3456 ,
970 3390 1064 3445 καὶ
1086 3390 1377 3464 αἰδουμένη
1397 3391 1442 3422 ’⁸
1469 3390 1630 3446 πάλιν
1655 3390 1817 3445 αὐτόν
1838 3408 1897 3445 τε

248 3493 255 3499 ·
318 3482 415 3534 καὶ
441 3480 535 3535 τὸν
558 3480 723 3552 ψόγον
746 3483 780 3554 ἡ
805 3483 1031 3537 τάλαινα
1048 3499 1062 3513 °
1092 3483 1192 3536 οὐκ
1222 3482 1337 3537 ἔστι
1365 3482 1475 3556 γάρ
1494 3483 1663 3555 αὐτὴν
1689 3482 1900 3555 μέμψα-

322 3569 489 3633 σθαι,
542 3570 625 3623 ὃτι
668 3572 732 3625 ἐκ
781 3570 1046 3641 γενέσεως
1096 3570 1272 3625 ταῦτα
1318 3574 1413 3627 καὶ
1462 3572 1691 3645 πάσχειν
1712 3574 1757 3604 ²¹
1806 3574 1900 3627 καὶ

318 3663 499 3717 ποιεῖν
546 3662 917 3733 ἠναγκάζετοο
956 3662 1165 3735 ὄνειρον
1199 3663 1308 3717 εἴτε
1353 3663 1561 3735 ἀληθῆ,
1594 3663 1704 3717 εἴτε
1726 3665 1897 3737 ψευδῆ

315 3754 599 3811 ιπλάσατο
611 3756 711 3810 οὐκ
727 3755 833 3826 ἔχω
852 3754 1050 3824 λέγειν.
1076 3755 1268 3823 Ἔλεγε
1286 3754 1393 3826 γὰρ
1408 3755 1574 3827 αὐτὴν
1600 3757 1896 3828 εἰρηκέναι,

316 3850 403 3903 ὅτι
450 3848 589 3919 δναρ
625 3848 762 3919 αὐτῇ
800 3864 887 3910 τις
924 3845 1152 3910 ὲπιστάς
1174 3846 1220 3877 ’³
1272 3846 1555 3901 ἐκέλευσεν
1573 3848 1621 3880 ³⁸
1670 3848 1899 3919 ἐξαυτῆς

318 3943 439 4016 ἅμα
460 3942 676 4005 τέκνοις
695 3940 797 4010 τῆς
814 3939 859 3971 ’⁸
900 3939 1185 4019 Ῥωμαίων
1207 3939 1432 4011 ἐκϐῆναι
1457 3941 1664 4003 πόλεως
1686 3943 1732 3972 ’⁸
1748 3959 1762 3972 ’
1787 3943 1814 3995 6
1841 3943 1898 3995 δὲ

316 4036 462 4109 ἀνὴρ
492 4032 759 4099 σώζεσθαι
780 4031 982 4103 ταύτην
1002 4031 1045 4061 ’⁷
1079 4033 1175 4084 σὺν
1200 4036 1314 4096 τοῖς
1348 4033 1482 4096 υἱοῖς
1506 4033 1769 4099 σπεύδων,
1798 4038 1897 4089 αὑ-

316 4131 448 4183 τίκα
476 4126 1009 4198 παιδευθησομένους
1050 4125 1250 4189 αὐτοὺς
1291 4126 1371 4189 είς
1395 4126 1493 4189 τάς
1533 4126 1760 4199 Ἀθήνας
1786 4129 1900 4195 ἐξὲ-

317 4222 505 4295 πεμψε
548 4220 646 4274 σὺν
688 4219 856 4291 μητρὶ
895 4221 989 4273 καί
1030 4219 1272 4284 δούλοις·
1303 4222 1487 4292 τρίτον
1528 4222 1585 4276 δὲ
1623 4222 1736 4277 υἰδν
1759 4222 1898 4294 ἔχων

317 4321 447 4393 παρ’
479 4316 742 4388 ὲαυτῷ¹⁸ν
768 4316 843 4379 ὡς
869 4314 933 4387 δὴ
956 4314 1050 4368 τοῦ
1079 4314 1516 4387 χρηματίσαντος
1542 4318 1599 4369 έν
1641 4318 1833 4390 ὀνείρῳ
1852 4320 1898 4350 υ

320 4415 564 4467 συνεῖναι
606 4407 754 4478 αὑτῴ
773 4408 818 4438 ⁸⁸
865 4404 1276 4478 ἐπιτρέψαντος.
1330 4402 1533 4461 Πολλοῦ
1588 4408 1897 4480 παρεληλυ-

317 4506 471 4568 θότος
498 4502 694 4575 χρόνου
718 4500 784 4563 ³³,
809 4499 885 4563 ὡς
907 4500 1009 4553 οὐκ
1034 4498 1192 4553 ἔλαϐε
1220 4500 1523 4572 γράμματα
1548 4504 1678 4573 παρ’
1703 4502 1892 4574 αὐτῆς,

317 4597 485 4652 αὐτοῦ
534 4593 793 4655 πολλάκις
832 4591 1146 4662 πέμψαντος
1183 4592 1263 4655 εἰς
1314 4590 1559 4664 Ἀθήνας,
1590 4593 1689 4664 ἐμὲ
1718 4611 1894 4666 παρα-

316 4687 495 4744 λαϐὼν
520 4686 598 4749 ὡς
623 4683 838 4738 πάντων
863 4681 1011 4753 αὑτῷ
1043 4680 1411 4753 γνησιώτατον
1456 4681 1613 4747 ὅντα,
1655 4682 1748 4736 ἐπὶ
1795 4685 1894 4756 τὴν

322 4777 554 4852 ζήτησιν
594 4775 762 4845 αὐτῆς
811 4772 1102 4846 ἐπορεύθη.
1136 4773 1315 4826 Πολλά
1351 4773 1448 4845 μὲν
1491 4769 1583 4828 οὖν
1625 4775 1773 4847 αὑτῷ
1800 4779 1895 4831 καὶ

322 4870 463 4925 κατά
515 4869 617 4939 τὴν
657 4865 963 4937 ἀποδημίαν
1005 4865 1337 4936 συνέκαμνον
1359 4865 1403 4897 ³⁸
1444 4866 1765 4939 προθύμως,
1799 4887 1897 4940 με-

328 4981 430 5034 μνη
439 4961 603 5033 μένος
632 4960 715 5013 ὅτι
736 4958 839 5027 τῆς
865 4956 1031 5011 πάλαι
1060 4956 1223 5011 αὑτοῦ
1260 4956 1606 5029 εὐδαιμονίας
1643 4960 1897 5014 κοινωνόν

327 5073 393 5123 με
438 5055 662 5109 πάντων
683 5051 728 5082 ³³
768 5047 944 5119 εἶχεν,
994 5048 1135 5119 ὑπὲρ
1184 5049 1393 5113 πάντας
1436 5049 1602 5105 αὐτοῦ
1660 5067 1726 5120 με
1770 5052 1896 5114 τοὺς

1999 3299 2138 3356 erat,
2165 3299 2354 3362 utpote
2380 3294 2548 3349 etiam
2582 3292 2774 3360 frater,
2800 3295 3038 3352 noluerit
3059 3305 3238 3354 torum
3265 3300 3571 3366 maculare;

2000 3393 2059 3440 et
2082 3398 2195 3455 quo
2238 3386 2401 3442 modo
2433 3387 2649 3453 volens,
2678 3402 2746 3445 ac
2786 3404 2983 3445 rursus
3012 3390 3191 3461 ipsum
3220 3403 3386 3464 atque
3408 3392 3573 3450 dede-

2000 3491 2099 3533 cus
2124 3480 2318 3545 verita,
2351 3478 2441 3533 illa
2473 3477 2662 3538 infelix
2695 3478 2831 3550 (non
2859 3482 3004 3537 enim
3042 3482 3251 3538 licitum
3298 3490 3384 3539 est
3416 3486 3572 3555 queri

2000 3569 2069 3625 de
2107 3585 2206 3635 ea,
2238 3572 2499 3641 quoniam
2551 3587 2617 3627 ex
2664 3574 2833 3627 natali
2890 3575 3007 3631 haec
3052 3591 3181 3631 cum
3231 3575 3411 3634 facere
3456 3588 3571 3634 tum

2000 3663 2209 3733 perpeti
2236 3664 2583 3735 cogebatur),
2618 3666 2895 3720 somnium
2928 3667 3144 3722 finxerit
3171 3686 3186 3735 ;
3212 3684 3475 3725 verumne
3502 3687 3571 3725 an

2003 3755 2224 3819 falsum,
2267 3772 2376 3811 non
2410 3757 2582 3813 habeo
2610 3758 2811 3811 dicere.
2860 3758 3049 3814 Aiebat
3079 3761 3346 3830 siquidem
3398 3764 3571 3832 ipsam

2001 3847 2211 3903 dixisse
2249 3847 2396 3919 quod
2442 3848 2753 3904 insomnis
2815 3850 3035 3919 quidam
3078 3850 3179 3905 sibi
3224 3852 3426 3920 astitit,
3478 3850 3573 3924 qui

1999 3954 2119 3993 eam
2146 3939 2313 4007 jussit
2347 3954 2471 3994 cum
2510 3938 2698 3994 liberis
2724 3939 2871 3995 illico
2900 3941 3035 3995 urbe
3060 3940 3229 3996 Roma
3261 3944 3524 4000 excedere
3556 3964 3572 4000 :

2000 4040 2058 4085 at
2087 4031 2172 4085 vir
2198 4031 2349 4085 illam
2376 4046 2501 4086 cum
2529 4031 3004 4087 filiis‘incolumem
3032 4033 3263 4088 evadere
3294 4043 3571 4107 satagens,

2000 4121 2290 4178 confestim
2340 4138 2434 4178 eos
2473 4123 2804 4180 erudiendos
2852 4126 3090 4180 Athenas
3119 4126 3268 4182 misit
3305 4128 3430 4183 cum
3457 4140 3573 4185 m'a—

2003 4224 2084 4268 tre
2109 4226 2163 4270 et
2190 4215 2398 4279 servis;
2454 4214 2677 4270 tertium
2707 4229 2839 4270 vero
2864 4216 3035 4271 filium
3067 4217 3293 4273 retinuit
3322 4220 3464 4289 apud
3491 4235 3570 4283 se.

2001 4308 2130 4378 quia
2162 4309 2255 4378 qui
2284 4322 2381 4378 per
2410 4309 2688 4363 somnium
2722 4308 2970 4365 ediderat
2998 4312 3306 4377 oraculum.
3337 4329 3463 4370 cum
3504 4331 3574 4372 eo

2004 4410 2225 4456 manere
2268 4401 2614 4470 permiSerat.
2648 4401 2820 4457 Multo
2850 4413 3032 4458 autem
3074 4404 3260 4475 elapso
3305 4415 3571 4478 tempore,

2002 4502 2064 4549 ut
2086 4495 2155 4549 ab
2179 4509 2242 4549 ea
2285 4494 2494 4549 litteras
2541 4510 2652 4549 non
2681 4495 2914 4565 accepit,
2945 4510 3183 4567 cumque
3221 4512 3365 4568 saipe
3406 4499 3574 4554 Athe;

2000 4604 2101 4644 nas
2136 4588 2414 4655 misisset;
2448 4598 2732 4659 assumpto
2760 4598 2867 4656 me,
2901 4589 2993 4660 qui
3022 4589 3072 4644 ei
3104 4591 3349 4646 omnium
3392 4606 3575 4648 essem“

2002 4680 2492 4750 conjunctissimus
2522 4697 2585 4737 ac
2608 4681 2929 4750 fidissimus,
2958 4682 3025 4737 ad
3047 4686 3392 4753 quaerendam
3424 4687 3577 4742 illam’

2002 4773 2280 4844 profectus
2314 4781 2421 4829 est.
2455 4774 2655 4830 Multos
2698 4773 2953 4845 equidem
2978 4790 3111 4829 cum
3153 4775 3271 4846 ipso
3316 4778 3370 4832 in
3420 4788 3575 4848 pere;

2005 4867 2316 4935 grinatione
2350 4867 2563 4922 labores
2605 4867 2860 4921 alacriter
2905 4868 3027 4932 tuli,
3072 4883 3279 4922 memor
3324 4870 3471 4939 quod
3517 4871 3570 4924 in

2003 4958 2182 5027 prisca
2212 4974 2310 5013 sua
2349 4958 2605 5014 felicitate
2635 4974 2722 5014 me
2750 4958 2995 5012 omnium
3028 4958 3308 5015 habuisset
3334 4963 3569 5029 socium,

2006 5066 2072 5107 ac
2109 5068 2272 5121 supra
2310 5048 2511 5107 omnes
2551 5052 2760 5107 amicos
2808 5052 3111 5108 dilexisset.
3166 5050 3352 5122 itaque
3398 5050 3568 5106 Roma

1605 5224 1837 5281 VARIIE
1878 5224 2276 5281 LECTIUNES.

302 5336 305 5337 ⁷
383 5356 400 5387 ι
455 5352 529 5407 al.
577 5346 985 5419 ἀπεκρινάμηνΖ
1030 5343 1162 5419 λιιι.
1193 5341 1346 5419 deest
1380 5357 1433 5395 ιιι
1466 5342 1537 5395 al.
1592 5344 1639 5377 ³·
1672 5346 1927 5419 γίνονταγ
1962 5341 2091 5419 οἰηδὲ
2115 5340 2345 5419 ἀστέρες
2365 5341 2626 5419 ταῦτα.-ξ
2657 5343 2729 5396 al.
2760 5343 3051 5419 ἐτάγησαν.
3092 5346 3151 5419 ,ξ
3191 5346 3261 5419 al.
3296 5345 3559 5419 άμαωίαι

326 5422 432 5500 εἰς..
457 5402 612 5500 ⁷δξειι.
655 5402 813 5500 θέντα
846 5402 926 5471 iv:
964 5402 1308 5500 ’.ςίξηιειςιν
1335 5412 1481 5500 hom.
1502 5428 1633 5500 δινι,
1669 5402 1815 5500 6.6,
1845 5421 1954 5500 etc.
1998 5402 2400 5500 Iffcogn..,'l.'lx
2422 5454 2450 5500 ι
2470 5430 2520 5469 c.
2562 5412 2664 5483 δε,
2684 5422 2793 5500 etc;
2868 5402 2890 5443 δ
2912 5402 3165 5500 Ξιιπλοάιί.
3208 5402 3560 5500 ἀπεκρίνατο.

326 5493 351 5523 ⁹
387 5494 456 5546 al.
509 5492 679 5546 inser.
738 5488 897 5559 μέγα.

1003 5486 1047 5518 ¹⁶
1084 5484 1236 5538 deest
1270 5483 1321 5536 in
1353 5482 1424 5537 al.
1502 5484 1541 5515 ¹¹
1584 5483 1735 5538 deest
1760 5484 1811 5537 in
1841 5484 1914 5539 al.

2027 5483 2068 5513 “
2103 5482 2174 5558 ni.
2218 5483 2382 5554 inser.
2427 5483 2595 5558 ἔργῳ,
2625 5482 2707 5558 σοὶ
2738 5482 2882 5558 λόγῳ
2912 5485 3203 5558 πείθεσθαι
3226 5485 3287 5558 ου
3306 5482 3562 5558 δύναμαι.

332 5562 375 5594 ⁸⁸
405 5563 474 5616 al.
520 5561 698 5631 μόνον.
739 5550 789 5594 ³⁸
820 5550 891 5631 al.
932 5556 1117 5631 αὐτῇς.
1142 5554 1209 5631 ,³⁸
1230 5553 1479 5631 σικύοεῇ
1517 5555 1569 5609 in
1603 5556 1675 5631 al.
1742 5556 1788 5631 f‘
1825 5555 1896 5631 al.
1944 5553 2017 5631 μῂ
2053 5550 2588 5631 φέρουσαίφυγοῦσα
2621 5556 2718 5631 σὺν
2746 5550 2924 5631 αῦτῷ,⁸
2948 5557 3045 5631 ἑν.-
3090 5556 3131 5631 ‘_"
3158 5550 3565 5631 al.6ppfjaaaa,

329 5634 421 5686 καὶ
443 5623 813 5697 κοινωνήσασα
835 5626 1001 5697 αὐτῷ,
1027 5623 1268 5697 θαλάσσῃ
1298 5623 1583 5697 διεφθάρη.
1607 5626 1667 5697 A“
1702 5626 1779 5697 al.
1806 5623 1959 5697 deest
1986 5626 2037 5697 in
2069 5623 2139 5677 al.
2221 5625 2263 5655 ¹⁵
2283 5624 2357 5697 al.
2397 5623 2546 5680 deest
2577 5626 2628 5679 in
2661 5625 2731 5678 al.
2798 5626 2842 5657 ’⁸
2868 5623 2945 5680 ἰιί.
2986 5625 3176 5697 αὐτῆς.
3220 5627 3262 5658 ⁸¹
3287 5623 3571 5685 ’άιξόθεει

331 5702 383 5756 in
411 5704 487 5756 al.
540 5704 584 5733 ”
619 5697 691 5754 al.
734 5702 903 5752 ποιεῖν
936 5699 1028 5751 καὶ
1059 5697 1308 5765 πάσχειν.

330 5774 376 5803 ³⁸
400 5774 469 5826 al.
512 5770 687 5824 πόλιν.
758 5770 801 5801 ²⁷
829 5770 902 5823 al.
938 5769 1125 5837 αὐτήν.
1177 5764 1246 5837 ⁷η
1281 5765 1353 5818 al.
1395 5764 1652 5837 Eaxs_‘7:a

330 5844 520 5912 χρόνου
553 5839 869 5902 διελθόντος.

573 5935 837 5993 Parnm.
875 5931 990 5990 Gn.
1028 5933 1077 5991 ΙΙ

1692 5766 1705 5785 ’
1740 5765 1909 5834 αὐτῷ.

944 5840 987 5869 ³¹
1015 5835 1088 5890 al.
1127 5836 1448 5889 συνέκαμον.
1531 5835 1690 5892 ".al.
1744 5835 1983 5899 πάντως.

1387 5692 1432 5724 ’³
1485 5692 1557 5748 al.
1590 5695 1663 5758 ὡς
1695 5696 1776 5748 ὅτι
1816 5696 1872 5747 ὲν
1903 5695 2137 5765 ὁράματι
2170 5694 2398 5758 ἐπιστάς
2422 5712 2525 5760 τις.
2603 5698 2647 5731 ⁸⁸
2671 5697 2742 5749 ιιι.
2787 5712 3025 5765 ρι’ίευοη.
3262 5699 3307 5730 ³⁸
3335 5698 3407 5751 al.
3441 5701 3567 5771 τήν.

1395 5764 1519 5819 En:
1568 5766 1705 5819 παρ’
1740 5764 1909 5816 αὑτῶ.
1990 5764 2035 5795 ²⁹
2073 5767 2141 5819 al.
2199 5765 2521 5819 κατ’.ὅναο.
2621 5765 2664 5795 ³⁰
2699 5768 2768 5819 al.
2846 5767 3007 5818 αὑτὸν
3040 5767 3208 5819 αὐτῶ.
3317 5770 3356 5799 ³⁸
3394 5768 3466 5819 al-
3505 5768 3567 5819 δὲ

2073 5782 2141 5819 at.
2199 5782 2315 5819 κατ
2334 5804 2347 5825 ,
2367 5782 2521 5836 οναρ.

3317 5770 3356 5799 ³⁸
3394 5768 3466 5828 al.
3497 5768 3567 5823 ’δὲ

2621 5765 2664 5795 ³⁸
2699 5768 2768 5820 al.
2846 5767 3007 5818 αὑτὸν
3040 5767 3208 5837 αὐτῷ,

3180 5934 3252 5993 18
