4066 6330
315 312 418 401 557

1102 345 1566 405 CLEMENTINA.
1599 380 1667 391 -~-
1705 351 2005 407 ΕΡῙΤΟΜΕ
2044 354 2133 410 DE
2170 355 2416 413 CESTIS
2450 358 2507 413 S.
2549 343 2774 416 PETRI.

3451 367 3554 424 558

308 457 526 529 πατήρ;
559 455 618 512 '0
641 453 718 518 δὲ.
760 455 897 527 Ἑγὼ
920 435 1053 533 εἰμι,
1081 464 1203 536 ἔφη.
1234 467 1343 519 Kal
1363 467 1391 519 6
1418 466 1640 539 Πέτρος⁸
1660 468 1782 531 Πῶς
1797 465 1882 522 οὖν

1959 530 1960 535 η
1992 486 2120 526 vero
2170 473 2244 526 ait
2284 492 2297 527 :
2333 472 2442 544 Ege
2489 490 2633 532 sum.
2670 476 2736 530 Et
2783 477 2972 534 Petrus
3002 498 3017 535 :
3047 478 3226 546 Quare
3267 495 3394 552 ergo
3426 491 3550 537 tuos

307 565 398 619 μοι
425 548 555 612 τοὺς
598 549 823 602 σεαυτοῦ
850 551 915 615 ⁸³,
942 553 1016 616 ὼς
1048 557 1176 627 περὶ
1207 557 1366 611 ἄλλου
1390 559 1634 630 διηγήσω
1666 557 1879 626 πόνους,

303 638 476 692 εἰπὼν
509 641 604 694 καὶ
646 639 822 712 λύπην
855 643 948 697 καὶ
980 645 1185 716 tapeta;
1221 650 1331 702 Kal
1371 651 1400 702 6
1425 651 1605 723 πατὴρ
1651 653 1882 724 ἀπεκρίη

302 748 464 786 νατο·
499 733 774 806 Συγγενὴς
798 737 844 768 ⁸⁵
867 734 943 790 ὢν
968 737 1263 811 Καίσαρος,
1293 743 1386 796 καὶ
1422 744 1673 812 γενέσθαι
1716 747 1882 800 κατά-

302 837 484 892 φωρος
509 823 556 855 ⁸⁸
580 825 680 878 οὐκ
712 825 931 890 ἐθέλων,
957 830 1042 880 ἐπ’
1067 829 1211 902 ἄλλῳ
1234 833 1339 886 τινι¹
1361 835 1460 907 τὴν
1485 835 1742 908 ἐξήγησιν
1767 839 1883 891 ἀνε-

300 913 663 985 τυπωσάμην,
705 916 772 968 ἵν’
802 917 984 982 αὐτοῖς
1009 920 1052 951 ⁸⁸
1077 921 1225 987 ὅστις
1256 925 1372 996 εἰμὶ
1423 927 1498 1000 μὴ
1537 929 1875 998 ἐπιγνωσθῶ.

305 1003 493 1076 ’ῌδειν
536 1006 646 1077 γὰρ
684 1008 766 1061 ὅτι
820 1011 869 1063 εἰ
919 1012 1294 1087 ἀναγνώριμος
1332 1016 1606 1091 γένωμαι,
1642 1021 1692 1074 οἱ
1738 1022 1878 1076 κατά

299 1095 392 1148 τὸν
425 1095 589 1150 τόπον
621 1099 909 1171 ἡγούμενοι
955 1103 1128 1159 ταῦτα
1181 1107 1476 1177 μαθόντες,
1526 1112 1879 1167 ἀνακαλέσον·

298 1201 389 1239 ται
411 1187 478 1249 ⁸⁷,
522 1189 763 1262 Καίσαρι
812 1197 1184 1266 κεχαρισμένα
1233 1199 1530 1266 ποιοῦντες,
1557 1203 1604 1236 ⁸⁸
1641 1203 1737 1257 καὶ
1778 1204 1876 1276 τὴν

297 1278 390 1331 τοῦ
425 1279 546 1349 βίου
564 1281 608 1314 ⁸⁸
639 1283 798 1338 πάλιν
822 1287 1164 1359 εὐδαιμονίαν
1193 1308 1280 1362 μοι
1308 1293 1710 1365 περιθήσουσιν,
1737 1298 1874 1370 ὅπερ

296 1367 391 1444 ὅλῃ
436 1375 690 1445 προθέσει
739 1380 1001 1452 πρότερον
1046 1383 1398 1456 ἀπεταξάμην
1421 1387 1489 1450 ⁷ο,
1517 1387 1562 1422 ⁷⁸
1595 1387 1723 1442 ἄνευ
1764 1367 1874 1442 τῶν

295 1463 420 1532 ἐμοὶ
455 1465 726 1534 φιλτάτων
754 1469 958 1526 τέκνων
993 1475 1364 1531 πολιτεύεσθαι
1396 1478 1429 1548 ἢ
1464 1479 1563 1551 ζῇν
1607 1480 1744 1544 ὅλως
1794 1480 1869 1552 μὴ

293 1553 642 1625 ἀνεχόμενος.

360 1664 529 1723 CXX.
565 1671 675 1725 Kal
705 1672 733 1726 6
768 1672 971 1746 Πέτρος
992 1675 1066 1708 ⁷⁸·
1121 1676 1304 1731 Ταῦτα
1345 1677 1443 1750 μὲν
1489 1678 1750 1752 ἐποίησας
1794 1681 1871 1746 ὡς

290 1757 618 1818 ἐϐουλεύσω.
642 1764 777 1836 Περὶ
797 1764 852 1818 δέ
875 1767 1140 1835 γενέσεως
1163 1763 1272 1842 ἄρα
1303 1770 1631 1844 ψευδόμενος
1660 1773 1868 1844 διῖσχυ-

1984 563 2116 615 milii
2150 563 2384 631 labores,
2427 574 2687 638 tanquam
2720 570 2787 625 de
2823 571 2933 625 alio
2978 573 3264 636 enarrasti,
3306 573 3548 630 referens

1981 661 2035 708 et
2076 653 2320 710 dolorem
2355 665 2410 711 et
2455 660 2781 731 exsequias?
2828 661 2967 717 Tum
3022 673 3174 732 pater
3221 666 3546 735 respondit:

1981 745 2119 800 Cum
2172 763 2347 803 essem
2395 761 2658 821 cognatus
2701 753 2958 819 Caesaris,
2999 764 3052 810 et
3105 756 3302 811 nollem
3350 758 3543 827 depre-

1983 836 2141 890 hendi
2165 875 2180 902 ,
2212 837 2280 893 de
2327 838 2434 894 alio
2480 843 2715 910 quodam
2754 845 3121 899 narrationem
3168 845 3382 914 etlinxi,
3417 858 3474 902 ut
3511 865 3543 903 ιι

1979 929 2134 982 vobis
2161 929 2286 999 quis
2327 945 2504 987 essem
2553 949 2658 987 non
2691 949 3037 1005 agnoscerer.
3088 937 3335 992 Sciebam
3374 943 3543 1005 enim,

1978 1019 2122 1086 quod
2155 1019 2201 1073 si
2245 1023 2554 1091 recognitus
2587 1039 2796 1089 essem,
2828 1025 2929 1080 loci
2958 1027 3235 1096 praesides,
3265 1029 3351 1084 his
3395 1045 3545 1084 com-

1979 1107 2169 1176 pertis,
2209 1119 2267 1164 ut
2302 1126 2415 1165 rem
2461 1120 2668 1182 gratam
2707 1114 2906 1170 Caisari
2941 1116 3211 1184 facerent,
3245 1135 3330 1174 me
3360 1132 3546 1176 essent

1977 1199 2314 1265 revocaturi,
2345 1207 2398 1254 et
2430 1201 2654 1270 pristina
2695 1203 2953 1262 felicitate
3001 1208 3418 1277 circumdaturi;
3453 1213 3541 1266 cui

1978 1293 2089 1340 tota
2129 1286 2434 1344 intentione
2475 1301 2636 1348 antea
2680 1296 3008 1363 renuntiavi,
3050 1302 3170 1352 sine
3199 1299 3541 1355 cliarissimis

1974 1379 2105 1434 mihi
2143 1381 2350 1448 liberis,
2383 1383 2436 1438 in
2471 1387 2745 1456 republica
2797 1391 3030 1453 versari,
3059 1400 3155 1445 aut
3196 1393 3376 1448 vivere
3419 1410 3539 1448 om-

1973 1471 2104 1527 nino
2135 1487 2242 1528 non
2277 1477 2574 1532 sustinens.

2040 1671 2204 1728 CXX.
2247 1675 2385 1730 Tum
2431 1676 2664 1733 Petrus:
2700 1678 2826 1736 Haec
2865 1681 3081 1751 quidem
3129 1682 3304 1740 fecisti
3343 1701 3536 1756 quem-

1969 1762 2260 1819 admodum
2296 1768 2519 1836 placuit.
2552 1767 2656 1825 Sed
2687 1771 2753 1826 de
2781 1773 3051 1842 genitura,
3075 1775 3358 1846 ﬁngensne
3390 1779 3534 1834 allii--

291 1845 467 1917 ρίζου,
495 1849 528 1921 ἦ
560 1848 636 1914 ὡς
666 1851 943 1922 ἀληθεύων
987 1853 1298 1925 ὲϐεϐαίους;
1333 1861 1442 1914 Kal
1485 1860 1514 1915 6
1557 1857 1756 1936 πατὴρ
1792 1863 1866 1917 Ού

1972 1853 2188 1922 mabas;
2227 1872 2295 1910 an
2337 1858 2500 1912 veluti
2542 1875 2727 1915 verum
2771 1863 2961 1918 dicens
2991 1868 3294 1942 asserebas.
3330 1869 3396 1924 Et
3436 1888 3533 1942 pa-

286 1935 564 2010 ψεύσομαι
589 1981 604 2005 ,
643 1941 781 2013 ἔφη,
822 1943 958 2016 πρὸς
1001 1946 1094 2000 σέο
1123 1947 1169 1980 ’³
1199 1949 1274 2014 ὡς
1298 1951 1512 2022 ἀληθῶς
1549 1953 1657 2025 ἄρα
1701 1935 1868 2026 ούσης

1969 1954 2088 2000 ter:
2119 1945 2239 2002 Non
2272 1950 2524 2018 mentiar,
2572 1952 2780 2023 inquit,
2817 1955 2959 2024 apud
2994 1966 3084 2012 te:
3115 1937 3372 2030 tanquam
3407 1935 3533 2017 vere

287 2029 558 2096 γενέσεως
609 2032 908 2089 ἐϐεϐαίουν.
934 2037 981 2068 ⁷⁸
1007 2039 1156 2108 Ἔχω
1202 2040 1310 2113 γὰρ
1341 2042 1440 2097 ούκ
1480 2044 1741 2116 ἀμυήτως
1769 2045 1863 2100 τοῦ

1967 2037 2037 2093 sit
2077 2041 2312 2108 genesis,
2351 2044 2768 2101 conﬁrmabam.
2799 2045 2916 2102 Non
2945 2049 3089 2104 enim
3119 2053 3271 2106 rudis
3310 2068 3430 2107 sum
3473 2055 3529 2108 in

286 2117 677 2194 θεωρήματοςο
717 2126 856 2200 πλὴν
881 2129 927 2160 ⁷⁸
961 2129 1097 2184 ἀλλὰ
1127 2132 1221 2185 καὶ
1257 2135 1419 2205 συνῆν
1448 2135 1538 2206 μοί
1567 2152 1651 2199 τις
1675 2137 1867 2208 ἀστρο·

284 2210 462 2282 λόγων
482 2215 622 2288 ἀνὴρ
654 2217 872 2289 ἄριστος
896 2222 1208 2291 Αἰγύπτιος,
1247 2224 1565 2280 Ἀννουϐίων
1601 2227 1770 2300 ὄνομα
1793 2229 1860 2295 ⁷⁸,

283 2303 439 2368 ὅστις
464 2308 521 2360 ἐν
545 2309 663 2372 ταῖς
684 2311 1020 2384 ἀποδημίαις
1045 2319 1165 2369 κατ’
1189 2317 1361 2389 ἀρχάς
1389 2336 1478 2390 μοι
1500 2319 1772 2389 φιλιωθεὶς
1791 2323 1859 2387 ⁷’ν

282 2393 376 2447 τὸν
402 2395 506 2464 τῆς
531 2399 668 2469 ἐμῆς
694 2401 922 2472 συμϐίου
953 2405 1089 2476 μετά
1120 2407 1228 2462 τῶν
1259 2409 1461 2464 τέκνων
1494 2411 1719 2468 θάνατον
1748 2415 1864 2489 ἐδή-

284 2485 398 2540 λου.
426 2489 539 2541 Kal
565 2491 592 2542 6
617 2489 822 2564 Πέτρος
842 2495 888 2526 ⁷⁸
909 2510 922 2525 ·
953 2497 1162 2552 Οὐκοῦν
1199 2498 1345 2572 ἔργῳ
1378 2501 1634 2559 πέπεισαι
1657 2505 1703 2538 ⁷⁹
1741 2485 1856 2573 νῦν,

284 2577 365 2632 ὅτι
392 2580 456 2632 οὐ
490 2583 784 2654 συνέστηκε
810 2586 880 2640 τὰ
903 2589 1042 2643 κατά
1074 2590 1174 2662 τὴν
1201 2592 1446 2661 γένεσιν;
1483 2596 1592 2652 Kal
1622 2599 1651 2652 6
1678 2600 1859 2674 πατὴρ

285 2667 650 2742 ἀπεκρίνατο·
699 2676 934 2752 Ἀνάγκη
976 2699 1044 2752 με
1086 2684 1263 2738 πάντα
1290 2685 1360 2739 τὰ
1401 2687 1492 2740 τὸν
1530 2689 1658 2760 ἐμὸν
1691 2667 1860 2764 {imp-

286 2760 538 2817 ϐαίνοντα
564 2764 686 2820 νοῦν
711 2771 851 2825 κατά
878 2771 1041 2845 μέρος
1065 2775 1317 2831 ἐκθέσθαι
1343 2796 1443 2843 σοι,
1469 2781 1556 2834 ἵνα
1584 2783 1734 2854 παρά
1762 2760 1856 2839 σοῦ

285 2853 447 2906 πάλιν
489 2857 693 2931 τάληθῆ
739 2861 892 2932 μάθω
943 2865 1037 2918 καὶ
1085 2865 1309 2936 βέϐαιαο
1366 2871 1532 2926 πολλά
1556 2873 1601 2905 ⁸⁸
1642 2853 1857 2929 πταίειν

283 2939 399 2998 οἶδα
429 2948 559 3010 τοὺς
586 2949 966 3022 ἀστρολόγους,
994 2953 1164 3010 πολλά
1186 2959 1228 2991 ⁸¹
1251 2958 1306 3013 δὲ
1343 2961 1438 3016 καὶ
1467 2962 1568 3033 τῆς
1601 2963 1856 3036 ἀληθείας

284 3034 481 3101 αὐτοὺς
516 3041 885 3108 ἐφικνεῖσθαι·
921 3044 1056 3103 ἀλλά
1095 3048 1168 3119 μή
1200 3067 1315 3114 πως
1337 3051 1380 3083 ⁸¹
1403 3050 1439 3105 ἃ
1468 3053 1566 3123 μὲν
1598 3034 1856 3126 ἀκριϐοῦ-

285 3143 398 3193 σιν,
428 3129 814 3201 ἀληθεύουσιν
849 3130 881 3184 ἃ
913 3136 970 3190 δὲ
1010 3139 1291 3195 πταίουσιν
1313 3181 1328 3207 ,
1361 3143 1569 3218 ἀμαθίᾳ
1611 3147 1850 3218 πάσχου-

282 3234 362 3273 σιν
384 3238 400 3251 ο
444 3221 521 3286 ὡς
552 3223 798 3280 ὑπονοεῖν
838 3245 939 3299 με,
984 3229 1045 3283 τὸ
1093 3232 1192 3302 μὲν
1234 3233 1462 3306 μάθημα
1497 3239 1814 3294 συνεστάναι
1835 3280 1850 3303 ,
1879 3205 1921 3260 c

278 3311 406 3374 τοὺς
437 3310 494 3364 δὲ
525 3312 595 3366 δι’
629 3315 868 3386 ἀμαθίαν
911 3317 1199 3388 ψεύδεσθαι
1227 3321 1274 3352 ⁸³
1305 3320 1492 3394 μόνην,
1539 3323 1628 3380 διὰ
1667 3323 1729 3378 τὸ
1776 3325 1852 3397 μή

278 3400 488 3464 πάντας
506 3401 554 3433 ⁸⁵
581 3404 708 3474 περὶ
735 3405 950 3460 πάντων
972 3408 1232 3480 ἀκριϐοῦν
1255 3407 1533 3466 δύνασθαι.
1560 3415 1669 3468 Kal
1692 3413 1722 3466 6
1750 3416 1853 3468 Πέ-

273 3509 400 3563 τρος
419 3509 434 3523 ·
479 3494 703 3565 ’Δπεχε,
731 3496 854 3568 ἔφη,
901 3500 972 3570 μή
1001 3505 1118 3564 πως
1138 3501 1184 3533 ⁸⁵
1212 3502 1338 3573 περὶ
1360 3495 1434 3556 ὧν
1477 3502 1848 3576 ἀληθεύουσιν,

271 3585 345 3648 ὡς
384 3588 837 3657 ἐπιτυγχάνοντες
859 3591 924 3656 ⁸⁸,
954 3594 1047 3646 καὶ
1087 3593 1206 3664 οὐχὶ
1239 3594 1316 3659 ὡς
1351 3594 1704 3668 ἀκριϐοῦντες
1742 3600 1850 3671 ἄρα

271 3680 631 3750 προλέγουσιν
654 3682 720 3714 ⁸⁷·
749 3683 962 3755 ἀνάγκη
989 3685 1096 3756 γὰρ
1130 3688 1278 3741 πᾶσα
1304 3688 1367 3741 ἐκ
1405 3687 1614 3742 πολλῶν
1640 3689 1748 3744 τῶν
1771 3690 1850 3744 λε-

271 3770 518 3840 γομένων
557 3771 868 3827 ἀποϐαίνειν
899 3775 1036 3829 τινά.
1074 3778 1183 3830 Kal
1208 3779 1236 3830 6
1279 3778 1456 3848 γέρων
1478 3779 1525 3811 ⁸⁸
1546 3798 1560 3812 ο
1598 3781 1723 3845 Πῶς
1753 3777 1848 3835 οὖν

270 3861 383 3915 ἐπι
413 3865 546 3931 περὶ
568 3862 756 3917 τούτου
788 3883 852 3936 με
880 3867 1232 3939 πιστωθῆναι,
1259 3870 1320 3922 τὸ
1343 3869 1451 3923 εἴτε
1477 3871 1522 3904 ⁸³
1549 3872 1846 3943 συνέστηκε

267 3957 329 4009 τὺ
357 3954 504 4013 κατὰ
530 3955 630 4026 τὴν
655 3955 886 4024 γένεσιν,
921 3956 952 4028 ἢ
980 3956 1073 4022 ob;

331 4178 524 4234 CXXI.
566 4176 908 4249 Ἀμφοτέρων
929 4172 1020 4231 οὖν
1039 4176 1382 4242 σιωπώντων,
1405 4179 1516 4248 ἐγὼ
1527 4183 1572 4213 ⁹⁰
1590 4182 1704 4255 Κλή
1714 4200 1838 4254 μης·

279 4267 496 4340 Ἐπειδὴ
523 4267 586 4320 τὸ
625 4267 872 4338 μάθημα,
915 4267 1068 4338 ἔφην,
1109 4268 1349 4339 ἀκριϐῶς
1378 4270 1696 4342 ἐπίσταμαι,
1730 4275 1759 4326 6
1783 4275 1841 4327 δὲ

265 4358 452 4430 κύριος
486 4356 584 4410 καὶ
606 4357 650 4386 ⁹¹
687 4356 868 4427 πατὴρ
893 4357 990 4426 οὐχ
1012 4355 1185 4421 οὕτως
1203 4397 1218 4421 ,
1246 4357 1425 4411 ἔθελον
1457 4360 1504 4412 εἰ
1532 4361 1693 4426 αὐτὸς
1731 4363 1842 4415 ’Λν-

263 4447 490 4501 νουϐίων
515 4446 722 4517 παρῆν,
760 4446 850 4498 ἐπὶ
873 4445 966 4499 τοῦ
996 4445 1199 4518 πατρὸς
1239 4448 1566 4520 ποιήσασθαι
1589 4451 1634 4483 ’⁸
1662 4451 1834 4522 λόγον.

1965 2133 2239 2202 mysteriis
2271 2134 2436 2204 hujus
2460 2136 2800 2208 disciplinae:
2833 2139 2926 2194 sed
2959 2150 3012 2195 et
3040 2157 3250 2197 mecum
3280 2153 3532 2200 versatus

1961 2231 2046 2276 εει
2087 2224 2306 2294 quidam
2345 2227 2675 2299 astrologus,
2705 2229 2790 2283 vir
2829 2232 3330 2300 prastantissimus,
3360 2233 3531 2304 Egy-

1960 2319 2108 2380 ptus,
2134 2313 2354 2368 nomine
2379 2315 2695 2382 Annubion,
2713 2317 2809 2388 qui
2827 2319 2880 2373 in
2905 2321 3431 2392 peregrinationibus
3457 2325 3531 2378 ab

1959 2402 2114 2458 initio
2146 2404 2278 2458 mihi
2305 2406 2516 2462 amicus
2554 2407 2800 2475 etlectus,
2835 2411 3023 2466 uxoris
3053 2429 3184 2467 mea:
3223 2430 3289 2468 ac
3329 2416 3530 2470 libero-

1959 2509 2080 2548 rum
2113 2505 2344 2550 mortem
2387 2497 2666 2554 indicavit.
2717 2498 2782 2554 Et
2819 2499 3013 2555 Petrus
3051 2521 3065 2557 :
3097 2502 3353 2576 Nunquid
3399 2525 3526 2578 ergo

1959 2605 2105 2646 nunc
2152 2593 2329 2662 reipsa
2381 2609 2705 2663 persuasum
2743 2594 2930 2661 babes,
2981 2613 3198 2668 genesm
3237 2617 3343 2655 non
3387 2617 3523 2657 con-

1957 2681 2183 2738 sistere?
2227 2682 2389 2739 Pater
2438 2687 2720 2756 respondit
2759 2706 2772 2742 :
2828 2686 3058 2746 Necesse
3105 2701 3188 2746 est
3235 2702 3292 2748 ut
3338 2697 3523 2750 omnia

1957 2780 2080 2844 quat
2122 2790 2220 2844 per
2264 2785 2499 2831 mentem
2541 2793 2717 2833 meam
2759 2788 3066 2849 transeunt,
3114 2783 3212 2837 tibi
3255 2800 3521 2854 exponam

1955 2865 2291 2936 singulatim,
2315 2883 2426 2938 quo
2451 2883 2482 2922 a
2521 2877 2573 2924 te
2599 2869 2842 2927 vicissim
2873 2889 2998 2929 vera
3031 2875 3236 2931 discam
3267 2887 3321 2931 et
3349 2888 3516 2935 certa.

1954 2958 2328 3016 Animadverti
2367 2976 2553 3038 errare
2579 2963 2634 3018 in
2663 2965 2851 3022 multis
2883 2968 3212 3040 astrologos,
3238 2968 3292 3023 in
3333 2971 3524 3026 multis

1953 3065 2176 3122 quoque
2199 3068 2294 3110 eos
2325 3056 2608 3112 veritatem
2635 3060 2942 3132 attingere:
2972 3078 3160 3118 verum
3201 3063 3340 3121 forte
3371 3065 3424 3120 in
3453 3068 3524 3124 iis

1953 3159 2074 3214 quae
2099 3155 2375 3215 comperta
2406 3148 2625 3217 habent,
2649 3167 2776 3208 vere
2801 3153 3015 3222 dicunt;
3062 3155 3115 3210 in
3151 3155 3219 3211 iis
3249 3168 3431 3213 autem
3465 3160 3520 3214 in

1956 3234 2157 3305 quibus
2192 3245 2396 3303 errant,
2437 3239 2489 3294 id
2521 3241 2828 3307 ignorantia
2863 3247 3184 3315 patiuntur:
3217 3263 3387 3318 quare
3422 3267 3523 3306 su-

1954 3324 2156 3394 spicor,
2187 3337 2437 3384 constare
2461 3330 2837 3401 disciplinam;
2865 3336 2985 3392 illos
3008 3346 3188 3393 autem
3221 3354 3319 3408 per
3345 3342 3520 3398 solani

1954 3416 2226 3472 inscitiam
2253 3418 2388 3475 falsa
2418 3423 2744 3492 praedicare;
2774 3441 2841 3482 eo
2863 3428 3011 3497 quod
3037 3446 3144 3484 non
3169 3446 3362 3487 omnes
3392 3448 3527 3500 pos-

1952 3513 2062 3570 sint
2085 3515 2153 3570 de
2178 3517 2433 3573 omnibus
2456 3519 2654 3574 habere
2684 3522 2990 3578 scientiam.
3012 3523 3077 3578 Et
3103 3524 3325 3582 Petrus:
3349 3527 3522 3592 Cave,

1953 3608 2162 3678 inquit,
2205 3627 2272 3664 ne
2311 3625 2431 3664 cum
2474 3628 2660 3666 verum
2700 3614 2922 3680 dicunt,
2974 3617 3137 3671 veluti
3183 3635 3314 3674 casu
3361 3635 3522 3675 asse—

1950 3709 2200 3770 quentes,
2248 3710 2302 3756 et
2345 3718 2453 3755 non
2505 3713 2764 3773 tanquam
2815 3716 2964 3761 certo
3011 3707 3266 3774 scientes,
3318 3712 3518 3780 praedi-

1949 3802 2095 3846 cant.
2141 3791 2377 3846 Omnino
2424 3795 2568 3847 enim
2603 3810 2827 3851 necesse
2860 3807 2974 3863 est,
3015 3814 3082 3853 ex
3127 3802 3314 3855 multis
3352 3802 3516 3858 dictis

1947 3881 2164 3935 evenire
2195 3883 2478 3936 nonnulla.
2525 3882 2662 3938 Tum
2715 3901 2879 3940 senex
2918 3905 2933 3942 :
2971 3886 3088 3954 Qua
3129 3903 3261 3958 ergo
3303 3890 3516 3946 ratione

1947 3984 2127 4031 certus
2157 3975 2257 4030 hac
2286 3975 2338 4030 in
2367 3993 2425 4030 re
2463 3992 2584 4032 esse
2619 3993 2874 4048 possum,
2906 3996 2974 4034 an
3013 3991 3246 4049 constet,
3287 3998 3387 4038 nec
3419 3999 3510 4050 ne,

1949 4065 2002 4119 id
2034 4067 2179 4136 quod
2206 4067 2272 4121 ad
2303 4068 2542 4137 genesim
2570 4070 2844 4139 pertinet?

2014 4179 2200 4235 CXXI.
2236 4181 2373 4236 Cum
2404 4181 2572 4253 igitur
2597 4191 2823 4254 uterque
2849 4194 3066 4250 taceret,
3098 4203 3197 4258 ego
3221 4187 3506 4248 Clemens:

1943 4269 2116 4338 Quia,
2164 4270 2423 4340 inquam,
2477 4272 2888 4330 mathematicas
2937 4276 3252 4347 disciplinas
3292 4280 3508 4350 penitus

1944 4363 2101 4430 novi;
2130 4363 2385 4419 dominus
2413 4371 2592 4418 autem
2623 4373 2677 4419 et
2707 4374 2858 4434 pater
2895 4381 3005 4420 non
3035 4367 3194 4434 item;
3228 4384 3504 4439 cuperem,

1943 4453 1987 4507 si
2020 4453 2134 4523 ipse
2175 4454 2465 4508 Annnliion
2503 4455 2739 4520 adesset,
2771 4469 2954 4510 coram
2997 4467 3150 4526 patre
3179 4458 3508 4529 disputatio.

262 4541 416 4593 οὕτω
440 4538 554 4610 γὰρ
580 4539 645 4592 ἂν
674 4538 736 4592 τὸ
759 4541 988 4610 πρᾶγμα
1016 4540 1094 4602 εἰς
1122 4540 1350 4610 φανερὸν
1376 4541 1547 4595 ἐλθεῖν
1578 4544 1830 4614 ἠδύνατο,
1865 4536 1882 4591 Ι

1959 4558 2062 4597 tem
2093 4544 2313 4599 habere.
2354 4543 2427 4598 lta
2470 4544 2672 4616 quippe
2720 4560 2806 4600 res
2839 4546 3019 4614 palam
3065 4551 3248 4603 venire
3289 4561 3505 4618 posset,

259 4629 502 4700 τεχνίτου
530 4629 666 4700 πρὸς
697 4628 983 4698 ὁμότεχνον
1015 4628 1111 4700 τὴν
1135 4628 1359 4700 ζήτησιν
1383 4632 1694 4704 ἐσχηκότος.
1724 4637 1834 4690 Kal

1959 4633 2069 4688 lum
2105 4636 2236 4689 artis
2265 4635 2472 4706 peritus
2497 4638 2762 4693 adversus
2787 4639 3033 4708 ejusdem
3064 4641 3198 4695 artis
3229 4642 3501 4698 hominem

258 4721 285 4773 6
309 4721 494 4792 πατὴρ
525 4721 888 4791 ἀπεκρίνατο·
918 4718 1030 4773 Ποῦ
1061 4716 1151 4774 οὗν
1179 4722 1401 4777 δυνατόν
1436 4725 1583 4778 ἐστιν
1624 4727 1831 4780 Ἀννου-

260 4813 409 4868 ϐίωνι
437 4816 754 4884 συντυχεῖν;
783 4814 892 4866 Kal
913 4815 941 4866 6
980 4814 1200 4886 Πέτρος·
1241 4815 1327 4868 Ἐν
1367 4816 1680 4889 Ἀντιοχείᾳ,
1709 4819 1834 4892 ἔφη’

259 4905 370 4958 ἐκεῖ
401 4903 514 4974 γὰρ
564 4903 815 4972 μανθάνω
859 4904 1078 4974 Σίμωνα
1118 4904 1210 4958 τὸν
1252 4900 1432 4974 Μάγον
1458 4907 1503 4937 ³³
1531 4908 1834 4980 ἐπιδημεῖν,

257 4986 367 5061 qi"
405 4995 504 5048 καὶ
549 4992 925 5065 παρεπόμενος
963 4993 1298 5060 Ἀννουϐίων,
1339 4995 1640 5067 ἀχώριστός
1665 4999 1830 5052 ἐστιν.

1941 4727 2296 4796 quaestionem
2347 4727 2592 4798 agitaret.
2645 4728 2946 4799 Respondit
2998 4739 3193 4800 pater:
3227 4730 3327 4786 Ubi
3374 4749 3506 4804 ergo

1940 4826 2118 4888 potest
2162 4834 2286 4873 cum
2334 4819 2658 4876 Annubione
2694 4835 3025 4892 congressus
3066 4830 3121 4878 et
3169 4825 3501 4895 colloquium

1941 4909 2166 4962 haberi?
2215 4908 2281 4963 Et
2331 4908 2574 4966 Petrus:
2612 4912 2936 4978 Antiochiae,
2980 4913 3175 4983 inquit.
3226 4913 3304 4969 lbi
3356 4917 3500 4970 enim

1937 4998 2101 5052 audio
2137 4997 2416 5054 Simonem
2455 5000 2674 5072 Magum
2704 5018 2857 5070 esse;
2892 5018 3054 5074 quem
3093 5003 3384 5061 Annubion
3413 5022 3501 5061 as-

1529 5132 1762 5187 V’ARUE
1802 5121 2204 5190 LECTIONES.

333 5223 381 5256 “
414 5221 490 5276 al.
532 5217 747 5275 ἐαυτοῦ.
851 5227 898 5260 δι
937 5221 1010 5276 al.

257 5293 396 5357 τινὸς
427 5295 550 5363 τήν.
627 5292 672 5327 ⁸⁸
700 5291 772 5363 al.
807 5291 988 5354 αὐτός.

257 5365 411 5417 ἀπετ.

258 5433 443 5488 ἑαυτὸν
475 5431 765 5486 ἀποδοῦναι
797 5432 974 5499 δόξαν.
1016 5431 1020 5432 ί
1051 5432 1095 5462 ⁷³
1116 5448 1146 5484 ιι

258 5644 543 5697 ὑποπτεύω
585 5639 678 5695 οὗν
715 5644 926 5713 μήπως.

261 5782 310 5836 itt
335 5787 404 5839 al.

1050 5222 2893 5327 “mlieris...2353!“..-ii.‘1';-.:°fi‘t°t:°a;.é.'farraria?!
2932 5200 3112 5327 ,ιέλξιξν
3137 5274 3152 5299 ι
3175 5238 3300 5327 εξ.
3335 5232 3496 5327 ἀὲὶξιέ

1066 5238 1354 5322 τροσγενης
1394 5238 1674 5295 υπαρχων.
1753 5238 1796 5256 ἰ’
1837 5238 1908 5278 at.
1963 5238 2289 5327 καταφορος.
2339 5238 2768 5310 Διηπεριφωρος
2817 5238 2893 5302 μὴ
2932 5238 3152 5314 θέλων,
3210 5238 3292 5294 είς
3335 5238 3350 5286 ἐ

1066 5293 2724 5390 131l-.i§?93:“:€:ferisferis:mitrataetfi
2742 5301 2906 5390 dare
2932 5319 2985 5390 μη
3026 5304 3097 5390 at-
3153 5304 3219 5390 εῖο
3251 5301 3350 5390 ιιι

491 5364 535 5393 ⁷¹
569 5363 632 5414 ού
657 5361 766 5433 γὰρ
791 5363 1058 5432 ἐδυνάμην
1079 5363 1204 5484 περὶ
1222 5362 1329 5417 τῶν
1345 5365 1465 5433 ἐμοὶ
1487 5365 1857 5434 ὴγαπημένων
1875 5365 1943 5418 τά
1963 5367 2191 5435 μέγιστα
2215 5366 2290 5430 ὡς
2309 5369 2436 5438 περὶ
2460 5367 2724 5423 θανόντων
2751 5371 2963 5441 κρίνας,
2989 5373 3123 5438 πρὸς
3141 5372 3238 5444 τὴν
3259 5371 3353 5426 τοῦ
3376 5361 3496 5444 βιοῦ

491 5431 766 5511 ἰποδρῦναι
797 5432 974 5499 δόξαν.
998 5432 1095 5511 __"
1113 5448 1146 5511 ξι
1227 5433 1350 5511 add:
1529 5434 1734 5511 n"_al.
1765 5433 1978 5511 ἀληθῶς
2000 5435 2290 5511 ὡς-οὖμσης.
2330 5439 2378 5511 ξ¹δ
2412 5439 2482 5511 al.
2523 5441 2639 5508 εἰμὶ
2663 5440 2771 5511 γὰρ
2802 5440 2902 5493 οὐκ
2934 5442 3194 5511 ἀμύητος.
3274 5443 3320 5474 ⁷⁸
3344 5445 3498 5499 deest

485 5447 765 5486 αποοουναι
797 5447 974 5499 οοςαν.
1057 5447 1095 5462 ’⁸
1116 5447 1167 5484 at
1227 5447 1350 5486 auu.
1385 5447 1507 5504 εφη.
1591 5447 1632 5464 ’³
1664 5447 1734 5488 at.
1765 5447 1978 5506 αληυως
2000 5447 2075 5500 ως
2107 5447 2290 5506 οῠσης.
2333 5447 2378 5476 τι
2412 5447 2482 5492 al.
2523 5447 2639 5508 εἰμὶ
2663 5447 2771 5511 γὰρ
2802 5447 2902 5493 οὐκ
2934 5447 3194 5513 ἀμύητος.
3274 5447 3320 5474 ⁷⁵
3344 5447 3496 5499 deest

485 5504 532 5534 ⁷⁸
572 5504 646 5557 al.
679 5503 920 5588 ὀνόματι.
946 5573 968 5587 η
998 5502 1042 5533 ⁷⁷
1077 5501 1480 5591 δέ.-“φιληθείς.ι
1511 5505 1577 5591 7",
1613 5505 1684 5558 al.
1729 5507 1860 5591 add;
1883 5505 2014 5591 ἐφη.
2072 5507 2116 5591 :9
2145 5508 2297 5562 deest
2404 5509 2485 5591 'al.
2510 5511 2607 5591 __‘°
2641 5512 2727 5591 al.‘
2755 5511 3124 5591 ῥποτρέχοντά
3158 5529 3248 5591 μοι
3280 5513 3368 5591 είς.
3402 5515 3496 5570 τὸν

257 5574 376 5627 νοῦν
427 5573 736 5627 ἐκτίθεσθαι
779 5572 894 5635 σοι,
946 5573 1031 5625 ἵνα
1089 5572 1224 5642 πρὸς
1256 5573 1393 5626 αύτά
1449 5573 1679 5637 ἀκούων,
1727 5572 2015 5644 μανθάνειν
2069 5575 2212 5645 ἔχω,
2258 5577 2445 5632 πολλά.
2508 5580 2552 5612 ⁸⁸
2608 5572 2910 5643 πολλάκις.’
2960 5572 3009 5613 δ’
3058 5583 3129 5636 al.
3159 5572 3491 5653 ’ἀληθεύειν-

258 5644 543 5697 ὐποπτεύω
585 5639 678 5695 οὗν
715 5644 926 5713 μήπως.
954 5643 1238 5726 ’βλωθρή
1270 5643 1358 5726 ἐπι.
1394 5643 1463 5697 al.
1508 5645 1586 5726 ‘3}
1618 5645 1688 5698 al.
1733 5645 1973 5726 adv-59);.
2044 5645 2095 5726 “_
2121 5647 2392 5726 ξιικέπεχιεΔ
2437 5649 2521 5726 Al.
2557 5649 2920 5726 ἀπεκρίνατο·
2971 5649 3162 5726 ἄπεχε,
3221 5655 3298 5726 μή
3353 5671 3491 5716 πως.

258 5659 543 5697 υποπτευω
585 5660 678 5695 ουν
715 5659 926 5713 μηπως.
1001 5659 1046 5673 ’³-
1087 5659 1238 5696 ιιρεξιι
1291 5659 1345 5695 In
1394 5659 1463 5697 at.
1540 5659 1586 5682 οδ
1618 5659 1688 5698 at.
1733 5662 1964 5709 παντως.
2044 5659 2089 5677 σε’
2124 5659 2174 5699 at
2221 5659 2382 5716 επεχε
2437 5659 2521 5701 At.
2557 5659 2920 5730 ansxptva-co:
2971 5659 3162 5722 ἄπεχε,
3221 5659 3298 5726 μή
3353 5671 3461 5716 πως

257 5713 298 5744 ⁸⁸
335 5715 404 5767 al.
445 5713 879 5799 ἐπιτυγχάνουσι.
932 5715 996 5800 :7
1021 5714 1094 5800 al.
1135 5711 1485 5800 ἀκριϐοῦντες
1508 5713 1792 5800 λέγρυσιν..
1848 5718 1892 5748 ⁸⁸⁸
1926 5717 2156 5800 al_add.
2189 5715 2310 5800 ἐφη.
2352 5720 2493 5800 “9‘al.
2526 5718 3045 5792 πληροφορηθηναι·
3084 5724 3216 5779 εἴτε.
3257 5728 3302 5756 ⁹⁰
3343 5726 3461 5780 dce:

482 5787 525 5816 θ’
571 5786 640 5837 al.
685 5784 777 5835 καὶ
809 5786 856 5838 ὁ.
932 5785 976 5816 ⁹²
1015 5785 1086 5839 al.
1129 5783 1492 5855 εποιησάμην.
1570 5786 1616 5816 ’³
1654 5785 1726 5842 al.
1768 5784 1914 5842 ὄντα.
1994 5790 2038 5827 ἰ
2065 5783 2313 5843 ιΙιιυδιῚὶι
2360 5789 2432 5843 al.

2246 5298 2396 5352 deest
2413 5300 2482 5374 in
2519 5299 2584 5374 ιιιΔ
2665 5298 2709 5334 ⁶⁹
2742 5298 2897 5374 deest
2932 5303 2985 5356 in
3026 5304 3097 5374 al.
3175 5304 3219 5374 ’ξο
3251 5301 3340 5374 al:
3359 5304 3497 5374 ὅπερ

2965 5581 3009 5653 3f
3058 5583 3129 5636 al.
3163 5581 3454 5653 ἀληθεύειν
3477 5603 3491 5615 ·

3343 5726 3496 5782 deest
