4066 6330
296 296 392 353 561

1105 296 1568 353 CLEMENTINA.
1591 286 1982 352 ~EPITOME
2018 295 2107 350 DE
2137 294 2387 351 GESTIS
2424 294 2483 349 S.
2522 266 2747 347 PETRI.
2764 294 2771 313 ‘

3460 290 3573 344 362’

298 416 389 468 τὸν
420 414 520 485 τῆς
548 414 832 479 εὐσεϐείας
868 416 1025 485 λόγον
1064 414 1329 482 ἐδέξαντο,
1353 415 1454 468 οὐκ
1487 415 1555 469 ἂν
1585 414 1881 482 ἐπιγνῶναι

1986 413 2273 483 hucusque
2319 410 2689 473 mansissent,
2741 422 2850 461 non
2908 404 3278 473 suscepissent
3334 404 3561 457 verbum

296 507 397 576 τὴν
424 505 685 577 ἀλήθειαν
718 506 1080 578 ἠδυνήθησαν.
1110 505 1209 560 Διά
1236 506 1394 560 τοῦτο
1435 506 1573 577 μετά
1614 507 1716 576 τῆς
1750 507 1883 559 ἀπο-

293 597 517 668 δημίας,
550 598 644 652 καὶ
680 598 936 666 ναυάγιον
963 597 1309 670 ᾠκονομήθη,
1341 599 1435 650 καὶ
1484 595 1682 668 πικροῦ
1713 596 1881 649 θανά-

294 706 390 742 του
422 688 683 742 ὑπόνοιαι
730 689 951 761 προσέτι
994 690 1051 744 δὲ
1104 692 1198 745 καὶ
1243 691 1276 760 ἡ
1326 690 1453 760 περὶ
1491 689 1560 742 τά
1600 686 1884 758 Ἐλληνικά

292 776 501 830 τούτων
539 775 791 848 ἄσκησις,
828 778 895 831 ἵν’
918 778 993 843 ὡς
1016 779 1276 851 πρότερον
1312 778 1453 831 αὐτά
1482 778 1880 843 παιδευθέντες,

295 862 415 919 εἶτα
454 866 851 938 μεταϐαλόντες
888 869 1025 940 πρὸς
1053 869 1152 940 τὴν
1181 868 1481 931 εὐσέϐειαν,
1512 868 1726 921 δυνατοὶ
1752 861 1883 921 ὦσιν

294 960 531 1031 ἑτοίμως
579 960 721 1013 αὑτά
782 962 875 1015 καὶ
926 959 1063 1032 μετά
1111 960 1314 1031 πολλῆς
1360 959 1748 1025 ἀνασκευάζειν
1783 960 1885 1030 τῆς

296 1050 553 1115 εὐκολίας
576 1067 592 1082 ⁸
638 1052 733 1105 καὶ
774 1051 811 1107 ἃ
842 1051 1028 1115 κακῶς
1076 1050 1380 1123 τηνικαῦτα
1413 1050 1555 1105 κατά
1594 1051 1695 1121 τῆς
1731 1050 1884 1103 εὐσε-

295 1143 452 1208 ϐείας
490 1144 915 1216 προύϐάλλοντο,
941 1145 1153 1210 τούτοις
1180 1145 1365 1209 καλῶς
1397 1146 1539 1218 ὑπὲρ
1576 1145 1746 1215 αὐτῆς
1789 1145 1883 1197 καὶ

294 1236 352 1289 ὲν
392 1236 572 1309 καιρῷ
618 1236 698 1309 τῷ
743 1241 1074 1309 προσήκοντι
1130 1239 1446 1310 χρήσαιντο.
1497 1237 1635 1309 Εἴσῃ
1682 1238 1738 1290 δὲ
1788 1237 1883 1291 καὶ

296 1327 457 1393 αὐτὸς
494 1326 683 1398 σαφῶς
711 1330 818 1383 ἀπό
861 1347 923 1399 γε
972 1330 1067 1383 τοῦ
1113 1328 1325 1401 μακροῦ
1351 1329 1543 1384 τούτου
1578 1331 1882 1401 ἀναγνωρι-

297 1416 477 1485 σμοῦ,
524 1419 618 1472 καὶ
664 1411 739 1470 ὧν
794 1418 996 1489 μεταξὺ
1035 1419 1220 1488 σαφῶς
1241 1417 1282 1450 ³⁷
1325 1420 1358 1489 ἡ
1404 1419 1635 1491 Πρόνοια
1660 1420 1786 1491 περὶ
1817 1418 1876 1471 σὲ

294 1509 669 1581 ᾠκονόμησεν,
698 1511 774 1573 ὼς
801 1511 909 1582 ἄρα
949 1512 1103 1564 οὐδὲν
1144 1510 1254 1565 τῶν
1298 1511 1598 1583 γινομένων
1640 1512 1880 1582 αὐτομά-

292 1620 403 1666 τως
436 1601 611 1665 οὕτως
636 1603 728 1656 καὶ
764 1602 886 1672 είκῆ
918 1602 1127 1672 γίνεται
1148 1620 1161 1633 ο
1189 1601 1301 1656 ἀλλ’
1328 1603 1509 1673 ὲκείνη
1539 1603 1685 1655 ἐστὶν
1708 1603 1741 1673 η
1761 1604 1885 1671 ἐφε-

299 1693 484 1747 στῶσα
530 1694 622 1746 xal
666 1692 785 1745 τόδε
810 1690 870 1745 τὸ
907 1693 1015 1747 πᾶν
1067 1691 1447 1765 συγκρατοῦσα
1479 1692 1739 1763 διηνεκῶς
1790 1692 1883 1746 καὶ

1982 506 2221 577 pietatis.
2262 504 2547 558 veritatem
2578 517 2686 555 non
2727 498 3036 570 potuissent
3081 511 3395 566 agnoscere.
3430 494 3565 549 Pro—

1983 608 2100 667 pter
2145 598 2268 661 hoc,
2311 611 2435 649 cum
2471 590 2910 664 peregrinatione
2954 587 3300 657 naufragium
3346 601 3566 657 quoque

1982 690 2262 761 provisum
2298 698 2414 751 est,
2458 702 2522 740 ac
2555 682 2752 738 mortis
2782 682 2994 737 acerba:
3025 680 3306 749 suspicio:
3339 687 3565 749 prmtcr-

1980 795 2153 850 eaque
2192 796 2387 835 eorum
2433 779 2486 833 in
2520 775 2725 833 Graecis
2772 772 3078 843 disciplinis
3119 770 3471 837 exercitatio;
3505 778 3566 823 ut

1982 873 2073 944 qui
2115 873 2237 927 illas
2272 871 2425 941 prius
2467 868 2766 933 edocti,.et
2799 876 2984 938 postea
3026 864 3091 919 ad
3125 879 3308 918 veram
3340 861 3563 929 religio-

1982 979 2106 1020 nem
2152 964 2403 1020 conversi
2458 962 2727 1025 fuissent,
2774 959 3026 1030 expedite
3087 970 3391 1027 magnaque
3437 970 3563 1010 cum

1980 1056 2243 1112 facilitate
2290 1064 2517 1127 possent
2564 1053 2783 1110 easdem
2830 1050 3149 1115 confutare;
3184 1058 3239 1101 et
3279 1062 3417 1117 quas
3464 1044 3566 1099 ali-

1981 1148 2204 1218 quando
2258 1148 2399 1202 male
2450 1154 2642 1202 contra
2691 1144 3016 1215 religionem
3080 1140 3429 1210 obiecerant,
3476 1136 3565 1192 his

1980 1243 2118 1298 bene
2160 1251 2216 1297 et
2251 1252 2493 1311 tempore
2524 1237 2871 1294 convenienti
2911 1251 3010 1307 pro
3052 1234 3315 1304 religione
3350 1242 3565 1287 uteren-

1984 1344 2092 1389 tur.
2121 1332 2201 1386 Tu
2231 1348 2451 1403 quoque
2475 1348 2541 1386 ex
2580 1332 2683 1386 hac
2724 1338 2845 1401 post
2888 1328 3111 1397 longum
3157 1336 3372 1395 tempus
3417 1338 3567 1377 reco-

1983 1426 2259 1497 gnitione,
2308 1436 2363 1479 et
2415 1424 2482 1479 iis
2524 1438 2646 1493 qua:
2701 1420 2919 1476 interim
2972 1426 3157 1489 aperte
3214 1414 3563 1471 Providentia

1982 1519 2127 1572 circa
2178 1526 2228 1571 te
2272 1515 2593 1581 constituit,
2629 1513 2919 1569 manifesto
2970 1510 3257 1580 intelliges,
3292 1506 3425 1561 nihil
3469 1522 3566 1560 eo-

1984 1626 2105 1664 rum
2133 1624 2255 1679 quze
2285 1608 2443 1675 ﬁunt,
2468 1623 2598 1663 casu
2637 1606 2713 1661 ita
2744 1614 2800 1661 et
2830 1614 3037 1659 temere
3071 1601 3209 1661 ﬁeri,
3241 1598 3333 1652 scd
3373 1596 3562 1651 Provi-

1984 1702 2225 1757 dentiam
2275 1716 2530 1770 pratesse,
2569 1714 2635 1755 ac
2665 1713 2881 1771 semper
2909 1695 3195 1750 continere
3238 1701 3401 1760 atque
3431 1706 3566 1744 con-

298 1787 622 1857 συνέχουσα,
652 1786 701 1838 εί
731 1786 823 1839 καὶ
863 1784 933 1838 τά
967 1785 1136 1839 πολλὰ
1161 1784 1260 1857 τὴν
1287 1785 1525 1840 διάνοιαν
1568 1785 1885 1856 ὑπερϐαίνει

1987 1808 2209 1848 servare
2250 1792 2391 1846 hanc
2440 1790 2873 1856 universitatem,
2926 1787 3051 1842 licet
3092 1785 3262 1840 multa
3306 1789 3567 1854 superent

293 1881 392 1951 τὴν
421 1880 719 1950 ἡμετέραν.

365 1970 582 2025 LXXV.
626 1972 779 2024 Ἐπεὶ
804 1970 1007 2023 τούτων
1035 1971 1267 2041 ἦκουσεν
1294 1971 1323 2023 6
1359 1967 1563 2041 πατὴρ,
1602 1968 1694 2022 τὸν
1722 1968 1880 2038 λόγον

293 2061 585 2117 ἀναλαϐὼν
604 2100 619 2125 ,
646 2060 731 2133 Μὴ
760 2061 947 2132 νόμιζε
965 2102 981 2125 ,
1009 2062 1221 2133 εἴρηκε,
1258 2059 1420 2131 κύριέ
1444 2077 1545 2132 μου
1575 2060 1771 2132 Πέτρε,
1805 2059 1882 2122 ὡς

295 2154 478 2226 πάντη
512 2171 614 2225 μου
663 2153 997 2223 διαπέφευγε
1012 2151 1105 2205 τὸν
1134 2150 1280 2215 νοῦν,
1313 2153 1347 2223 ἡ
1379 2150 1626 2222 περὶτοῦ
1655 2151 1760 2204 ὑπὸ
1787 2148 1881 2205 σοῦ

297 2244 711 2315 κηρυττομένου
741 2244 898 2314 λόγου
928 2243 1159 2314 δύναμις
1183 2259 1196 2272 ⁸
1242 2242 1380 2296 ἀλλά
1419 2242 1515 2295 καὶ
1549 2241 1642 2295 τοῦ
1692 2240 1883 2303 παιδὸς

297 2337 617 2408 Κλήμεντος
669 2336 839 2389 πολλὰ
866 2338 932 2391 δι’
961 2338 1087 2409 ὅλης
1118 2336 1313 2399 νυκτὸς
1355 2334 1671 2406 όμιλοῦντός
1700 2351 1788 2405 μοι
1814 2334 1881 2395 ⁸⁸,

296 2430 443 2484 ὥστε
474 2428 759 2482 συνθέσθαι
786 2431 896 2491 τοῖς
926 2428 1032 2482 ὑπὸ
1076 2426 1168 2482 σοῦ
1197 2427 1535 2498 λεγομένοις,
1578 2428 1673 2481 καὶ
1703 2425 1882 2479 πάντα

295 2521 498 2592 τρόπον
528 2522 608 2583 είς
634 2519 792 2573 τοῦτο
827 2519 1133 2588 ἐνάγοντος·
1161 2519 1228 2571 Τί
1262 2518 1369 2582 δαὶ,
1402 2518 1538 2589 πρὸς
1553 2517 1714 2571 αὑτὸν
1745 2516 1881 2587 ἔφην

299 2612 433 2682 ἐγὼ,
458 2611 683 2667 δύναταί
701 2629 786 2675 τις
829 2609 1170 2664 ὲντέλλεσθαί
1193 2627 1245 2662 τι
1290 2608 1626 2678 καινότερον,
1678 2607 1809 2677 παρ’
1852 2602 1881 2657 ὃ

302 2699 570 2769 πρότερον
591 2698 641 2751 οἱ
697 2697 915 2768 ἀρχαῖοι
962 2695 1319 2768 παρῄνεσαν;
1378 2694 1643 2756 Κάκεῖνος
1698 2692 1884 2763 ἠρέμα

302 2791 559 2859 γελάσας·
590 2789 769 2861 Πολλὴ
794 2788 1043 2860 διαφορὰ,
1087 2788 1281 2859 πάτερ,
1332 2782 1472 2853 εἷπε,
1524 2783 1726 2857 μεταξὺ
1773 2785 1882 2839 τῶν

298 2884 396 2954 τῆς
441 2881 753 2946 θεοσεϐείας
800 2882 971 2951 λόγων
1012 2881 1105 2934 xal
1144 2880 1243 2951 τῆς
1277 2878 1611 2949 φιλοσοφίας.
1663 2876 1723 2932 ⁸0
1774 2876 1884 2948 γάρ

302 2979 396 3049 τῆς
432 2977 693 3048 ἀληθείας
710 2976 867 3045 λόγος
911 2976 1010 3047 τὴν
1035 2976 1099 3029 ὲκ
1129 2974 1470 3048 προφητείας
1516 2974 1629 3044 ἔχει
1658 2971 1881 3045 βεϐαίαν

300 3070 574 3138 ἀπόδειξιν
595 3087 610 3102 ·
645 3073 674 3124 6
702 3070 759 3124 δὲ
778 3071 877 3141 τῆς
905 3069 1221 3139 φιλοσοφίας
1244 3069 1352 3124 ἀπὸ
1382 3068 1684 3132 συνθέσεως
1708 3066 1882 3136 λόγων

301 3164 394 3215 καὶ
420 3162 745 3233 στοχασμιῖνι
764 3160 911 3214 δοκεῖ
931 3160 1284 3231 παριστάνειν
1301 3158 1399 3223 τὰς
1418 3158 1741 3226 ἀποδείξεις.
1771 3159 1883 3212 Kal
1910 3144 1955 3205 Ο

300 3254 455 3327 όμιῖις
494 3253 669 3308 ταῦτα
698 3252 888 3315 εἰπὼν,
908 3251 1200 3323 δείγματος
1223 3250 1384 3322 χάριν
1423 3250 1515 3303 τὸν
1544 3250 1672 3321 περὶ
1701 3250 1884 3319 φιλαν·

300 3347 550 3419 θρωπίας
580 3347 734 3416 λόγον
762 3345 994 3413 ἐξέθετο,
1010 3345 1069 3398 ὃν
1096 3346 1159 3399 οὐ
1186 3342 1366 3414 πολλῷ
1388 3342 1650 3415 πρότερον
1666 3342 1814 3415 αὑτῷ
1836 3345 1879 3375 ἰ

303 3443 593 3511 ὑφηγήσω,
626 3440 702 3504 ὡς
733 3436 1063 3502 ἀδικώτατός
1098 3455 1187 3509 μοι
1219 3437 1418 3509 μᾶλλον
1462 3436 1735 3506 ἐφαίνετο,
1788 3437 1884 3490 καὶ

297 3534 359 3587 τὸ
396 3532 539 3596 πῶς,
582 3530 711 3603 ἐρῶ.
761 3530 980 3584 Δίκαιον
1034 3528 1273 3599 ἔφασκεν
1319 3524 1479 3592 εἶναι,
1528 3529 1623 3582 καὶ
1670 3526 1748 3597 τῷ
1785 3525 1881 3580 τύν-

299 3641 491 3678 πτοντι
524 3622 687 3677 αὐτοῦ
741 3622 842 3694 τὴν
870 3621 1116 3689 σιαγόνα,
1152 3619 1513 3691 παρατιθέναι
1540 3620 1636 3673 καὶ
1654 3618 1754 3689 τὴν
1788 3618 1882 3673 ἄλ-

298 3714 396 3784 λην
420 3731 435 3745 ⁸
474 3713 571 3769 xal
622 3711 701 3782 τῷ
732 3711 937 3783 αἴροντι
990 3709 1156 3765 αὑτοῦ
1178 3709 1239 3762 τὸ
1269 3708 1506 3779 ίμάτιον,
1537 3709 1883 3781 προσδιδόναι

298 3808 394 3859 καὶ
438 3804 534 3859 τὸν
559 3803 763 3875 χιτῶνα
777 3803 844 3865 ⁸⁸,
866 3800 1229 3874 ἀγγαρεύοντι
1260 3801 1317 3855 δὲ
1350 3802 1396 3833 ’³
1428 3800 1603 3873 μίλιον
1652 3801 1731 3867 ἓν,
1760 3818 1884 3855 συν-

297 3898 645 3972 απὲρχεσθαι
669 3898 763 3952 δύο
782 3915 796 3929 ’
844 3898 941 3951 καὶ
967 3897 1067 3951 ὅσα
1088 3893 1335 3950 τοιαῦτα.

363 4095 610 4156 CXXVI.
639 4097 749 4151 Kal
774 4096 803 4150 6
843 4095 1050 4167 Πέτρος
1090 4092 1457 4164 ἀπεκρίνατο·
1512 4091 1651 4145 Ἀλλ’
1697 4092 1883 4163 ενόμι-

303 4210 403 4257 σας
429 4192 621 4247 ἄδικον
643 4206 657 4221 ·
697 4190 876 4244 καίτοι
904 4187 1024 4220 ’Μ’
1048 4203 1111 4255 γε
1165 4186 1503 4240 δικαιότατόν
1533 4188 1667 4239 ἐστι.
1700 4187 1747 4217 ⁸⁸
1774 4188 1885 4240 Καὶ

296 4286 351 4339 εῐ
385 4302 474 4341 σοι
513 4282 669 4353 φίλον
690 4282 857 4341 ἐστὶν,
884 4279 1135 4333 ἄκουσον.
1167 4278 1277 4330 Kal
1302 4276 1363 4340 ὃς
1407 4276 1550 4347 ἔφη⁸
1604 4277 1753 4331 Πάνυ
1794 4294 1883 4349 μοι

297 4375 471 4446 φίλον.
528 4373 644 4427 Kal
665 4373 694 4425 6
740 4371 977 4443 Πέτροςο
1013 4369 1089 4423 Οὐ
1113 4368 1262 4423 δοκεῖ
1290 4385 1394 4433 σοι,
1424 4367 1517 4422 δύο
1549 4368 1762 4440 ἐχθρῶν
1794 4369 1884 4441 βαρ

1982 1875 2215 1940 ιηεηίοιιι
2259 1895 2522 1938 nostram.

2051 1974 2266 2032 CXXV.
2294 1974 2590 2045 Postquam
2647 1974 2763 2029 haze
2813 1970 3022 2027 audivit
3048 1979 3219 2040 pater,
3251 1981 3559 2022 sermonem

1980 2083 2298 2125 resumens:
2324 2064 2400 2121 Ne
2432 2066 2734 2129 arbitreris,
2777 2064 2976 2135 inquit,
3012 2062 3230 2118 domine
3275 2060 3348 2115 mi
3379 2058 3561 2123 Petre,

1982 2161 2207 2217 omnino
2233 2175 2300 2214 ex
2329 2167 2511 2214 mente
2539 2174 2659 2215 mea
2689 2160 2797 2213 vim
2821 2157 3085 2213 doctrinae
3110 2172 3140 2209 a
3178 2164 3230 2209 te
3262 2153 3565 2225 pradicata:

1983 2250 2298 2307 excidisse:
2337 2249 2434 2305 sed
2464 2264 2589 2304 cum
2634 2247 2893 2303 Clemens
2919 2244 3062 2301 illius
3089 2244 3323 2302 multum
3365 2258 3461 2315 per
3481 2250 3567 2297 to-

1991 2352 2104 2397 tam
2158 2350 2375 2397 noctem
2430 2356 2647 2396 mecum
2701 2340 3132 2411 colloqueretur,
3163 2347 3283 2392 uta
3326 2346 3378 2391 te
3402 2334 3567 2392 dictis

1984 2432 2351 2498 assentirem,
2415 2430 2675 2501 omnique
2740 2431 2904 2485 modo
2967 2430 3033 2484 ad
3099 2428 3152 2483 id
3222 2428 3562 2498 impelleret:

1987 2524 2029 2555 “
2053 2522 2195 2589 Quid
2225 2535 2375 2586 vero,
2403 2520 2517 2575 dixi
2565 2535 2666 2590 ego
2715 2520 2785 2574 ad
2828 2519 3030 2589 ipsum,
3060 2526 3310 2589 potestne
3364 2517 3565 2589 aliquis

1986 2614 2281 2685 praecipere
2308 2613 2591 2684 quidpiam
2622 2625 2851 2677 novum,
2881 2618 3077 2679 praeter
3136 2608 3189 2664 id
3216 2610 3364 2681 quod
3403 2620 3573 2665 antea.

1986 2715 2197 2761 veteres
2270 2703 2660 2760 monuerunt?
2709 2702 2780 2756 At
2846 2702 2935 2757 ille
3007 2710 3298 2773 postquam
3369 2700 3567 2756 leuiter

1988 2795 2108 2850 risit
2150 2813 2164 2849 :
2197 2793 2475 2865 Magnum,
2507 2793 2706 2864 inquit,
2754 2793 3046 2849 discrimen
3078 2802 3184 2860 est,
3218 2802 3394 2863 pater,
3425 2793 3567 2848 inter

1988 2886 2270 2958 religionis
2296 2901 2606 2951 sermones,
2662 2900 2727 2941 ac
2759 2884 3138 2955 philosophiae.
3188 2883 3383 2941 Sermo
3410 2901 3566 2940 nam-

1984 2996 2093 3050 que
2118 2979 2387 3047 veritatis,
2414 2995 2481 3035 ex
2512 2978 2794 3049 prophetia
2848 2978 3063 3035 firmam
3096 2977 3305 3035 obtinet
3334 2978 3563 3034 demou-

1987 3073 2358 3139 stratiouem;
2412 3071 2773 3143 philosophiae
2826 3086 2996 3137 vero,
3052 3086 3120 3128 ex
3166 3072 3565 3141 compositione

1984 3165 2279 3220 verborum
2306 3175 2360 3221 et
2388 3163 2834 3233 conjecturarum
2890 3162 3102 3217 videtur
3139 3162 3566 3220 demonstratio-

1986 3273 2084 3312 nes
2104 3257 2319 3313 afferre.
2345 3255 2551 3327 Hisque
2576 3256 2756 3321 dictis,
2775 3257 3007 3327 exempli
3031 3256 3225 3327 gratia,
3257 3255 3563 3312 doctrinam

1985 3349 2052 3404 de
2089 3351 2429 3405 humanitate
2508 3349 2641 3404 mihi
2686 3350 2959 3420 exposuit,
3006 3365 3172 3420 quam
3222 3349 3389 3415 paulo
3440 3361 3565 3405 ante

1986 3441 2038 3496 ei
2086 3457 2447 3498 enarraveras
2476 3442 2522 3474 ¹⁰
2550 3460 2564 3508 ;
2598 3457 2720 3512 qua:
2744 3441 2879 3496 mihi
2926 3441 3171 3511 profecto
3196 3441 3433 3496 maxime
3462 3442 3567 3496 ini—

1985 3547 2093 3601 qua
2142 3531 2449 3587 videbatur.
2525 3530 2593 3587 Et
2640 3548 2752 3603 quo
2820 3533 3020 3596 modo,
3060 3532 3260 3588 dicam.
3320 3533 3565 3605 Equum

1986 3622 2165 3678 aiebat
2211 3637 2333 3679 esse
2408 3632 2463 3677 et
2515 3623 2565 3677 ei
2628 3625 2719 3694 qui
2782 3624 3061 3679 maxillam
3110 3633 3256 3679 tuam
3307 3629 3564 3696 percutit,

1988 3717 2217 3771 alteram
2258 3730 2480 3787 quoque
2547 3730 2856 3785 opponere;
2915 3730 2969 3772 et
3017 3718 3065 3771 ei
3092 3717 3183 3788 qui
3208 3718 3386 3773 aufert
3410 3728 3565 3774 tuum

1991 3805 2238 3876 pallium,
2276 3805 2493 3860 tradere
2542 3804 2704 3860 etiam
2757 3806 2997 3860 tunicam
3034 3825 3048 3871 ;
3097 3816 3151 3861 et
3191 3823 3315 3863 cum
3353 3823 3420 3863 eo
3471 3808 3565 3878 qui

1982 3896 2053 3953 ad
2076 3895 2310 3951 milliare
2332 3912 2500 3950 unum
2518 3894 2709 3966 adigit,
2733 3910 2829 3966 per
2849 3896 2958 3950 duo
2983 3896 3235 3952 milliaria
3260 3898 3528 3971 proﬁcisci
3548 3940 3563 3965 ,

1985 3999 2039 4046 et
2069 3989 2173 4044 alia
2203 3988 2399 4045 similia
2433 4002 2483 4044 δ.

2056 4078 2290 4136 CXXVI.
2350 4079 2651 4151 Respondit
2705 4078 2951 4139 Petrus;
2999 4082 3165 4152 Atqui
3220 4082 3326 4138 hoc
3375 4084 3566 4140 existi-

1986 4173 2149 4229 masti
2175 4173 2468 4244 iniquum:
2511 4190 2825 4245 quanquam
2894 4175 3271 4247 aequissimum
3322 4188 3424 4232 est.
3480 4178 3560 4233 Ae

1985 4265 2032 4319 si
2090 4264 2259 4331 lubet,
2339 4266 2488 4320 audi.
2542 4266 2637 4320 ille
2680 4266 2863 4321 dixit:
2896 4266 3131 4322 Prorsus
3186 4267 3353 4324 lubet.
3423 4267 3563 4327 Tum

1984 4355 2226 4411 Petrus:
2276 4353 2419 4411 Num
2467 4356 2562 4411 tibi
2604 4356 2835 4421 videtur,
2889 4373 3013 4413 cum
3036 4356 3149 4412 duo
3199 4372 3354 4429 reges
3380 4359 3566 4421 hostes

300 4466 495 4520 σιλὲων
522 4464 695 4518 όντων
712 4463 806 4516 καὶ
833 4459 1167 4534 διηρημένας
1192 4458 1291 4522 τάς
1316 4457 1498 4531 χώρας
1522 4460 1775 4531 ἐχόντων,
1834 4460 1888 4515 εί

1988 4446 2248 4511 existant,
2273 4456 2327 4503 et
2372 4446 2576 4503 divisas
2618 4447 2868 4518 regiones
2921 4456 3165 4514 teneant,
3213 4448 3561 4521 siquispiaut

296 4576 383 4622 τις
410 4561 479 4611 ὲκ
504 4555 616 4609 τῶν
639 4553 735 4607 τοῦ
758 4553 874 4616 ἑνὸς
903 4550 1157 4623 ὑπηκόων
1210 4551 1269 4603 ὲν
1291 4552 1359 4622 τῇ
1387 4549 1482 4603 τοῦ
1526 4551 1713 4623 ἐτέρου
1728 4551 1882 4625 χώρᾳ

1988 4556 2055 4594 ex
2110 4538 2177 4595 iis
2202 4539 2296 4611 qui
2330 4538 2487 4594 alteri
2520 4538 2753 4609 subjecti
2774 4550 2924 4607 sunt,
2980 4540 3034 4595 in
3081 4541 3306 4598 alterius
3344 4544 3565 4615 regione

298 4647 606 4720 φωραθείη,
634 4645 729 4700 καὶ
758 4643 846 4697 διά
895 4641 1054 4696 τοῦτο
1076 4640 1304 4696 θάνατον
1331 4640 1535 4711 ὁφείλοι
1560 4642 1627 4706 ³⁷,
1658 4641 1750 4695 ἐάν
1779 4645 1866 4714 ῥα-

300 4741 541 4812 πίσματι
564 4738 661 4792 καὶ
709 4736 784 4808 μὴ
829 4733 1044 4803 θανάτῳ
1070 4731 1173 4802 τῆς
1220 4732 1492 4803 τιμωρίας
1518 4731 1785 4803 ἀπολυθῇ,
1816 4733 1879 4786 οὑ

298 4834 558 4902 φαίνεται
577 4832 607 4884 6
630 4826 907 4890 ἀπολύσας
934 4823 1315 4895 φιλάνθρωπος
1352 4819 1493 4877 εἶναι
1520 4840 1535 4889 ;
1581 4823 1695 4877 Kal
1718 4826 1747 4878 6
1772 4841 1879 4878 πα-

299 4927 403 4997 τὴρ
448 4924 592 4994 ἔφη’
651 4921 759 5000 Kal
797 4918 961 4972 πάνυ.
1008 4917 1169 4970 Kal6
1197 4915 1438 4985 Πέτροςο
1470 4915 1536 4968 Τί
1584 4915 1675 4969 δαὶ
1697 4915 1777 4981 ’⁸,
1830 4918 1879 4971 εί

302 5015 395 5067 καὶ
416 5013 551 5067 ίδιὸν
573 5029 627 5065 τι
656 5010 796 5073 τινὸς
819 5008 979 5071 αὐτὸς
1011 5001 1164 5069 οὗτος
1211 5005 1475 5077 ἀφέληται
1523 5005 1558 5076 ἢ
1582 5005 1882 5077 ἀλλότριον,

300 5106 396 5158 καὶ
418 5105 464 5135 "
490 5103 588 5155 ἐπὶ
613 5100 789 5172 τούτῳ
818 5099 861 5131 ⁸⁸
901 5095 1221 5167 συλληφθεὶς
1244 5094 1301 5147 ἓν
1338 5096 1378 5127 ³¹
1413 5095 1447 5166 ἢ
1492 5095 1773 5149 διπλάσιον
1806 5096 1882 5168 δῷ

304 5194 700 5267 τετραπλάσιον
731 5191 842 5262 (15)
864 5187 1113 5259 ὀφείλων,
1143 5186 1237 5239 καὶ
1261 5185 1323 5239 τὸ
1362 5184 1540 5239 θανεῖν
1587 5187 1663 5250 ὠς
1689 5188 1746 5241 ὲν
1772 5192 1885 5253 τοῖς

374 5315 400 5343 ι
439 5302 576 5358 Luc.
611 5318 688 5369 Vt,
720 5303 825 5369 29;
855 5302 1045 5365 Matth.
1067 5317 1120 5368 ν,
1152 5302 1238 5357 59.

1986 4630 2060 4685 sit
2106 4629 2515 4700 deprehensus,
2566 4630 2801 4701 ideoque
2873 4638 3107 4687 mortem
3158 4642 3464 4699 mereatur;
3512 4645 3567 4693 at

1988 4722 2242 4793 colapho,
2295 4738 2406 4777 non
2438 4729 2620 4776 autem
2652 4723 2830 4792 capite
2887 4723 3111 4789 punitus
3169 4741 3386 4796 poznam
3440 4742 3567 4782 eva-

1988 4813 2114 4876 dat;
2153 4828 2283 4867 num
2332 4811 2545 4868 videtur
2596 4811 2870 4868 humanus
2913 4830 3036 4870 esse
3080 4817 3174 4886 qui
3229 4820 3443 4873 veniam
3480 4819 3569 4875 de:

1990 4910 2116 4964 dit?
2160 4909 2227 4964 Et
2274 4919 2424 4980 pater
2471 4910 2591 4964 ait:
2636 4909 2969 4965 Admodum.
3020 4912 3100 4964 Ad
3161 4917 3276 4970 tunc
3327 4913 3563 4969 Petrus:

1992 5002 2133 5069 Quid
2180 5016 2329 5066 vero,
2381 5003 2427 5058 si
2454 5002 2502 5057 is
2535 5003 2648 5073 ipse
2699 4994 2863 5059 etiam
2901 5004 3109 5077 aliquid
3137 5008 3420 5077 proprium
3449 5010 3568 5062 cui.-

1994 5096 2137 5165 piam
2175 5096 2257 5152 vel
2305 5096 2541 5151 alienum
2573 5095 2830 5164 auferat;
2879 5106 2933 5152 et
2976 5098 3029 5151 in
3084 5114 3151 5153 eo
3200 5101 3560 5169 comprehen-

1994 5204 2133 5255 sus,
2180 5187 2434 5258 simplum
2509 5196 2606 5241 aut
2651 5187 2876 5258 duplum
2917 5188 3031 5252 det,
3080 5203 3208 5244 cum
3269 5190 3560 5264 quadrupli

1591 5400 1827 5456 γΑιιιιΕ
1867 5400 2275 5460 LECTIONES.

374 5488 413 5558 ξ’
450 5487 524 5541 al.
568 5487 769 5558 σοφῶς.

307 5556 400 5609 καὶ

451 5558 513 5611 τὸ
559 5558 885 5630 ᾠμοφόριον.
962 5562 1007 5593 ³³
1040 5558 1117 5616 ἀι.
1144 5578 1226 5615 τε.
1303 5562 1420 5595 ’⁵⁸³⁵
1446 5567 1516 5618 al.
1553 5566 1657 5619 ὅτι.

391 5630 466 5683 al.
501 5627 682 5681 τοῦτο.

763 5631 805 5661 ³⁸
846 5631 917 5685 al.
958 5632 1072 5685 ἐάν.

850 5491 892 5521 ¹⁸
922 5491 1005 5569 al._
1039 5506 1162 5569 μου.
1242 5495 1284 5526 ¹⁹
1381 5489 1629 5569 ⁸-Βιιεςηιι,
1671 5495 1778 5569 48.-
1834 5496 1885 5569 _’°
1927 5496 1961 5549 Ι.
2003 5514 2159 5569 num.
2186 5498 2285 5561 95,
2317 5507 2431 5569 etc.
2465 5500 2509 5531 ⁸¹
2541 5498 2615 5552 al.
2658 5498 2828 5568 όνπερ
2853 5497 3022 5569 αὐτῷ.
3063 5496 3223 5569 ’τοι
3250 5498 3562 5555 ποοδιδόναι

1736 5565 1780 5597 ¹⁶
1813 5566 1963 5623 deest
2000 5567 2053 5621 in
2087 5569 2158 5622 al.
2228 5570 2270 5601 ³⁷
2305 5570 2378 5623 al.
2411 5567 2663 5640 ὀφείλων.
2705 5570 2749 5601 ⁸⁸
2773 5565 2845 5625 al.
2887 5565 3009 5640 ἔφη·
3046 5567 3194 5629 τίδέ.
3222 5573 3269 5604 ¹⁹
3284 5569 3357 5625 al.
3384 5570 3418 5625 ἢ
3444 5571 3561 5629 καί.

1583 5705 1951 5763 νΑιιιοιιυΜ
1978 5706 2212 5761 NOTAE.

378 5792 499 5860 (lii)
538 5791 1003 5861 Τεφιιπλάσιον.
1073 5794 1240 5853 Plena
1286 5797 1577 5869 quadrupli
1624 5801 1680 5856 in
1733 5798 1878 5857 furto
1913 5801 2157 5857 sancitur
2194 5800 2403 5872 legibus
2435 5801 2708 5873 plurimis.
2766 5802 2899 5859 Cor.
