4066 6330
565 285 668 342 i163

1416 298 1476 349 s.
1514 296 1902 353 cceuems
1933 297 1949 351 l
1984 299 2148 354 nou.
2190 300 2391 356 rom.
2438 274 2669 357 oriens
2708 298 2937 356 DEBIA.
3690 306 3780 361 δίει

565 408 908 479 sitdebitor;
947 414 1284 485 insupez'que
1347 419 1565 486 mortis,
1617 421 1712 492 qui
1744 439 1936 494 nempe
1965 424 2018 478 in
2051 424 2136 478 ad-

2242 424 2335 479 τοῦ
2369 424 2611 478 ἐναντίου
2642 422 2805 486 ἁλοὺς
2854 422 3003 492 δροις
3025 436 3037 450 ·
3069 418 3130 472 οὐ
3160 417 3309 472 δοκεῖ
3348 434 3425 470 σοι
3452 416 3528 472 ὅτι
3549 419 3576 473 6
3620 418 3782 475 λαϐὼν

566 504 793 557 versarii
845 505 1045 561 tinibus
1087 518 1281 577 captus
1351 511 1464 578 sit;
1519 530 1701 569 nonne
1758 516 1854 570 tibi
1907 517 2139 583 videtur,

567 594 868 651 humanum
909 614 1031 653 esse
1075 616 1198 654 eum
1224 604 1317 673 qui
1374 606 1598 675 duplum
1630 609 1863 677 accepit,
1894 618 1947 662 et
1994 625 2139 662 mor-

569 696 676 741 tem
706 691 958 744 remisit?
995 692 1061 746 Et
1084 705 1238 763 pater
1267 700 1585 766 ruspoudit:
1623 701 1668 731 ³³
1723 700 1877 755 Nunc
1907 718 2135 770 persua-

566 780 688 834 sisti
735 783 910 849 mihi,
969 800 1065 840 eos
1111 787 1203 857 qui
1265 788 1524 857 injuriam
1576 790 1823 859 faciunt,
1878 793 2135 863 injuriam

567 874 717 942 pati;
771 891 868 931 eos
923 886 1103 933 autem
1152 880 1243 949 qui
1299 880 1498 948 injuria
1568 883 1897 951 afﬁciuntur,
1957 886 2137 955 potius

568 966 824 1035 injuriatu
870 968 1071 1025 facere.
1125 970 1392 1037 Quocirca
1423 975 1686 1044 amplius,
1723 975 1857 1030 mihi
1908 975 2138 1047 iniquis-

560 1058 766 1113 simum
814 1072 1039 1131 apparet
1100 1063 1153 1117 id
1214 1064 1391 1134 ipsum
1436 1068 1583 1137 quod
1635 1068 1732 1121 fit:
1786 1069 2045 1138 quoniam
2098 1068 2135 1121 ii

560 1150 783 1219 quidem
810 1154 901 1222 qui
961 1154 1212 1210 videntur
1255 1157 1508 1213 conferre
1540 1159 1819 1228 injuriam,
1868 1158 1969 1212 sihi
2003 1158 2137 1227 ipsis

563 1242 746 1310 potius
790 1257 1115 1312 nocuerunt,
1148 1258 1198 1301 et
1253 1249 1478 1304 multam
1506 1250 1575 1306 iis
1620 1251 1714 1320 qui
1769 1249 1969 1320 injuria
2002 1249 2134 1303 all‘e-

561 1336 637 1391 cli
693 1348 822 1392 sunt
874 1352 1138 1408 pararunt
1186 1343 1478 1397 utilitatem
1517 1363 1529 1398 :
1564 1345 1657 1414 qui
1710 1360 1838 1399 vero
1882 1344 2136 1397 videntur

561 1424 820 1493 injuriam
887 1429 1184 1495 sustinere,
1243 1432 1342 1501 ipsi
1415 1448 1537 1488 cam
1614 1435 1797 1501 potius
1839 1434 2133 1494 inferunt;

562 1518 691 1584 quia
736 1519 862 1574 licet
913 1521 1211 1590 plurimum
1270 1525 1339 1579 ab
1385 1525 1494 1580 illis
1552 1526 1825 1581 commodi
1884 1526 2131 1592 tulerint,

2244 518 2304 571 τὸ
2328 517 2607 570 διπλάσιον
2632 517 2725 569 καὶ
2755 514 2985 567 θανάτου
3010 511 3171 565 αὑτὸν
3201 508 3490 573 ἀπολύσας,
3518 511 3786 586 φιλάνθρω-

2246 628 2344 674 πος
2371 608 2646 678 τυγχάνει.
2693 608 2802 660 Kal
2840 608 2866 659 6
2898 606 3078 676 πατὴρ
3108 605 3151 634 ³¹
3191 604 3548 673 ἀπεκρίνατο·
3586 605 3687 659 Νῦν
3726 625 3783 677 με

2246 704 2513 765 πέπεικας
2545 703 2625 756 ὅτι
2666 702 2713 754 οἱ
2744 700 3053 762 ἀδικοῦντες
3092 699 3244 751 αὐτοὶ
3290 697 3615 751 ἀδικοῦνται·
3656 702 3701 753 οἱ
3735 702 3785 756 δὲ

2244 793 2611 864 ἀδικούμενοι,
2658 793 2856 865 μᾶλλον
2916 780 3319 845 πλεονεκτοῦσι.
3377 791 3482 843 Kal
3529 791 3609 845 διὰ
3648 792 3788 847 τοῦτο

2244 886 2337 939 ἐπὶ
2359 886 2517 939 πλέον
2543 886 2869 939 ἀδικώτατόν
2901 903 2991 956 μοι
3020 885 3268 954 φαίνεται
3315 883 3609 954 γινόμενον⁵
3642 885 3716 937 δτι
3751 887 3790 918 ⁸⁸

2242 979 2293 1031 οἱ
2348 978 2446 1049 μὲν
2474 978 2755 1042 δοκοῦντες
2794 979 3019 1041 ἀδικεῖν,
3052 978 3280 1040 ἑαυτοὺς
3328 975 3559 1046 ἔϐλαψαν
3590 977 3789 1047 μᾶλλον,

2246 1070 2447 1141 πολλὴν
2471 1072 2526 1124 δὲ
2553 1076 2665 1136 τοῖς
2688 1071 3019 1142 ἀδικηθεῖσιν
3046 1070 3369 1140 ἐπορίσαντο
3395 1070 3492 1140 τὴν
3514 1069 3757 1138 ὠφέλειαν
3778 1086 3793 1135 1

2241 1163 2292 1217 οἱ
2318 1163 2363 1194 ³⁸
2392 1163 2449 1216 δὲ
2477 1162 2756 1226 δοκοῦντες
2787 1162 3108 1226 ἀδικεῖσθαι,
3137 1161 3289 1213 αὐτοὶ
3317 1161 3360 1191 ³⁸
3391 1159 3584 1231 μᾶλλον
3605 1160 3773 1213 ἀδικοῦ

2243 1272 2325 1307 σιν
2348 1271 2364 1285 ο
2410 1256 2495 1310 ὅτι
2533 1256 2709 1310 καίτοι
2758 1254 2985 1308 πλεῖστα
3015 1256 3141 1325 παρ’
3176 1253 3401 1307 ἐκείνων
3431 1252 3794 1323 ὠφεληθέντες.

2240 1350 2352 1410 τοῖς
2389 1348 2597 1418 ὁμοίοις
2636 1348 2831 1411 αὐτοὺς
2854 1348 2953 1401 οὐκ
2983 1346 3325 1417 ἀμείϐονται.
3379 1343 3488 1398 Kal
3523 1347 3550 1397 6
3586 1344 3773 1417 Πέτρος

2257 1436 2392 1491 Ἀλλ’
2413 1439 2474 1492 οὐ
2498 1440 2650 1512 παρά
2678 1441 2777 1511 τὴν
2796 1439 2905 1492 τῶν
2933 1438 3365 1511 ἐπηρεαζόντων,
3395 1436 3529 1491 ἀλλά
3551 1436 3693 1507 παρά
3715 1436 3798 1507 τὴν

2241 1530 2347 1585 τῶν
2375 1531 2678 1603 δεχομένων
2704 1533 2874 1585 ταῦτα
2896 1530 3106 1600 γίνεται
3126 1530 3371 1601 γνώμην.

556 1628 656 1667 eos
688 1614 803 1682 pari
829 1616 997 1685 gratia
1018 1632 1124 1671 non
1154 1629 1524 1674 remunerant.
1559 1619 1625 1675 Et
1646 1619 1839 1675 Petrus
1868 1638 1881 1675 :
1928 1620 2124 1690 Verum
2160 1624 2275 1680 haec
2336 1644 2444 1682 non
2474 1637 2667 1682 contra
2702 1625 3100 1689 infcstantium.
3169 1630 3261 1683 sed
3325 1638 3514 1681 contra
3545 1623 3803 1679 infestato.

563 1721 685 1760 rum
707 1708 1041 1761 voluntatem
1076 1709 1422 1780 contingunt.

630 1818 891 1874 CXXVII.
925 1820 1079 1875 Tunc
1123 1833 1274 1891 pater
1305 1822 1526 1877 laudata
1558 1839 1620 1878 ea
1653 1824 1923 1890 oratione,
1953 1825 2030 1879 ait
2074 1825 2142 1880 ad

2320 1818 2585 1877 CXXVII.
2623 1820 2734 1874 Kal
2782 1821 2812 1873 6
2852 1821 3035 1891 πατὴρ
3090 1819 3392 1882 ἐπαινέσας
3428 1818 3496 1871 τὰ
3543 1818 3804 1889 εἰρημένα,

559 1909 781 1966 Petrum
822 1931 835 1966 :
876 1911 1004 1979 Sed,
1059 1913 1281 1969 domine
1337 1914 1434 1979 mi,
1489 1914 1635 1970 hunc
1682 1930 1903 1987 quoque
1938 1932 2136 1972 sermo«

2251 1915 2388 1987 πρὸς
2429 1914 2519 1968 τὸν
2551 1913 2760 1983 Πέτρον
2803 1912 2966 1984 φησίν
2993 1930 3006 1942 ·
3064 1912 3223 1976 Ἀλλ’,
3259 1906 3304 1964 ὦ
3358 1910 3517 1980 κύριέ
3569 1928 3683 1981 μου,
3724 1910 3806 1964 καὶ

558 2020 683 2058 nem
739 2005 871 2059 mihi
904 2006 1145 2059 declara.
1192 2005 1415 2061 Memini
1444 2007 1588 2063 enim
1638 2008 1972 2063 Clementem
2004 2010 2139 2064 mihi

554 2099 760 2164 dicere,
796 2099 1151 2168 nosinjurias
1172 2110 1225 2154 et
1266 2101 1616 2165 aﬂIictiones,
1668 2102 1735 2155 ad
1792 2113 2141 2172 peccatorum

556 2192 940 2247 remissionem
996 2193 1126 2263 pati.
1159 2192 1224 2247 Et
1277 2193 1471 2248 Petrus
1504 2212 1516 2247 :
1553 2193 1715 2249 Recte
1762 2193 1943 2259 habet,
1980 2203 2143 2265 atque

556 2280 630 2333 ita
693 2287 794 2334 est.
852 2278 986 2346 Quae
1037 2281 1183 2334 enim
1233 2280 1486 2335 homines
1548 2280 1923 2351 possidemus,
1982 2281 2141 2351 plura

556 2381 913 2441 appetentes:
959 2373 1075 2427 sive
1122 2383 1320 2439 vestes,
1363 2372 1614 2443 inquam.
1652 2373 1767 2428 sive
1799 2389 1991 2440 escas,
2024 2374 2140 2428 sive

554 2467 829 2534 potiones,
868 2466 983 2521 sive
1033 2465 1137 2520 alia
1187 2466 1497 2536 quaepiam:
1550 2481 1656 2519 non
1708 2476 1854 2520 recte
1914 2466 2141 2521 omnino

555 2557 840 2622 facientes,
868 2557 1251 2627 possidemus;
1308 2557 1436 2626 quia
1456 2556 1593 2610 nihil
1627 2556 1828 2611 habere
1851 2557 2137 2622 debemus,

551 2648 639 2700 uti
693 2648 857 2718 paulo
926 2655 1053 2702 ante
1113 2648 1274 2704 vobis
1313 2646 1451 2715 dixi,
1504 2645 1640 2701 Nam
1692 2647 1737 2701 si
1792 2648 1843 2701 in
1880 2648 2140 2703 omnibus

553 2741 935 2811 possessiones
960 2740 1136 2795 solent
1172 2741 1239 2795 iis
1291 2740 1385 2812 qui
1418 2740 1699 2810 possident
1727 2740 2021 2795 conciliare
2046 2740 2139 2795 de-

553 2834 722 2900 licta;
769 2849 956 2889 earum
1004 2848 1332 2903 quocunque
1374 2832 1538 2887 modo
1589 2831 1838 2901 privatio.
1866 2832 2140 2902 ademptio

549 2935 640 2980 est
686 2925 1030 2981 delictorum.
1091 2924 1234 2980 Dixit
1273 2934 1427 2995 pater
1468 2940 1481 2976 :
1516 2923 1682 2979 Recte
1730 2923 1911 2977 habet.
1945 2922 2139 2980 Petrus

553 3034 687 3073 vero
737 3035 751 3072 :
806 3017 1137 3073 Justissimc.
1218 3016 1669 3086 Quandoquidem
1743 3016 1888 3069 enim
1948 3031 2136 3072 eorum

552 3112 650 3182 qui
697 3113 978 3166 salvantur
1026 3118 1151 3173 est,
1184 3119 1245 3162 ut
1298 3109 1430 3174 dixi,
1473 3108 1609 3162 nihil
1658 3106 1895 3174 habere;
1952 3106 2139 3161 nmltis

555 3212 741 3258 autem
799 3204 984 3257 multa:
1034 3208 1331 3271 suppetunt
1389 3200 1807 3270 possessiones;
1866 3214 1931 3253 ea
1971 3214 2137 3253 causa

2242 2004 2431 2059 τοῦτόν
2459 2020 2552 2075 μοι
2576 2003 2667 2056 τὸν
2692 2002 2848 2072 λόγον
2878 2004 3191 2074 σαφήνισον.
3217 2002 3524 2074 Μέμνημαι
3541 2000 3645 2072 γὰρ
3670 2001 3807 2072 εἰρη-

2242 2098 2400 2161 κότος
2431 2113 2520 2167 μοι
2546 2093 2881 2166 Κλήμεντος,
2911 2094 2996 2148 ὅτι
3019 2093 3090 2148 τά
3125 2094 3445 2166 ἀδικήματα
3468 2095 3563 2148 καὶ
3588 2092 3652 2147 τά
3675 2092 3806 2162 πάθη

2244 2191 2378 2263 πρὸς
2397 2190 2590 2258 ἄφεσιν
2618 2188 2900 2260 ἁμαρτιῶν
2922 2188 3222 2259 πάσχομεν.
3254 2189 3368 2242 Kal
3389 2191 3418 2242 6
3434 2187 3634 2259 Πέτρος
3652 2204 3666 2217 ο
3702 2187 3811 2257 Ὁρ-

2243 2282 2352 2346 θῶς
2388 2282 2521 2354 εχει,
2578 2283 2672 2336 καὶ
2706 2280 2879 2343 οὕτως
2907 2280 3074 2333 ἐστίν.
3116 2282 3182 2332 Ἀ
3220 2279 3331 2351 γὰρ
3387 2279 3656 2347 ἂνθρωποι
3682 2276 3808 2330 κτώ-

2247 2376 2419 2447 μεθα,
2454 2374 2550 2429 τοῦ
2601 2374 2852 2437 πλείονος
2900 2373 3202 2444 ἐφιέμενοι,
3249 2373 3364 2426 εἴτε
3397 2374 3609 2444 ίμάτια,
3661 2370 3808 2442 φημὶ,

2243 2468 2354 2522 εἴτε
2387 2466 2674 2541 βρώματα,
2707 2466 2813 2519 εἴτε
2861 2465 3019 2528 ποτά,
3070 2464 3180 2518 εἴτε
3218 2463 3359 2519 ἄλλα
3390 2463 3532 2527 τινὰ,
3558 2464 3619 2516 οὐ
3648 2461 3811 2525 καλῶς

2242 2559 2459 2623 πάντως
2505 2556 2785 2621 ποιοῦντες
2817 2555 3095 2627 κτώμεθα,
3127 2555 3215 2610 διὰ
3240 2556 3302 2610 τὸ
3331 2557 3451 2610 δεῖν»
3472 2556 3635 2629 μηδὲν
3662 2556 3809 2625 ἔχειν,

2240 2651 2317 2715 ὡς
2358 2650 2538 2722 μικρῷ
2593 2649 2826 2722 πρόσθεν
2882 2649 3011 2721 ὑμῖν
3070 2649 3287 2721 εἴρηκα.
3346 2651 3410 2704 El
3453 2648 3561 2720 γὰρ
3602 2649 3656 2701 ὲν
3692 2649 3811 2700 πᾶσι

2240 2743 2310 2797 τὰ
2326 2744 2580 2815 κτήματα
2609 2740 2888 2815 προξενεῖν
2914 2737 3055 2795 οἶδεν
3084 2741 3299 2812 ἔχουσιν
3348 2743 3740 2815 ἁμαρτήματα,
3783 2739 3813 2808 ἡ

2240 2835 2443 2890 τούτων
2472 2836 2514 2867 ³⁷
2542 2836 2691 2899 ὅπως
2716 2834 2846 2888 ποτὲ
2876 2834 3132 2906 στέρησις
3166 2835 3459 2906 ἁμαρτιῶν
3486 2836 3632 2887 ἐστιν
3660 2830 3812 2900 ἀφαι-

2243 2946 2412 3001 ρεσις.
2468 2929 2579 2982 Kal
2638 2930 2666 2982 6
2695 2928 2878 2998 πατὴρ
2924 2927 3029 2997 ἔφη
3058 2944 3071 2958 ·
3131 2927 3474 2992 Ἀκολούθως
3521 2927 3653 2999 ἔχει.
3716 2924 3816 2977 Καὶ

2238 3017 2269 3069 6
2306 3016 2547 3087 Πέτρος·
2585 3017 2695 3069 Kal
2739 3015 3073 3068 δικαιότατα.
3137 3014 3293 3068 Ἐπεὶ
3349 3014 3462 3088 γὰρ
3500 3014 3611 3067 τῶν
3659 3011 3816 3075 σωζο⁴

2244 3106 2421 3177 μένων
2449 3108 2616 3172 ἐστὶν,
2666 3106 2741 3169 ὡς
2794 3105 2950 3176 ἔφην,
2994 3106 3055 3159 τὸ
3109 3106 3274 3178 μηδὲν
3313 3106 3466 3177 ἔχειν
3494 3105 3563 3171 ⁸⁸,
3594 3103 3817 3172 ὑπάρχει

2241 3202 2297 3255 δὲ
2322 3200 2534 3264 πολλοῖς
2572 3202 2845 3272 κτήματα,
2868 3199 3056 3252 τούτου
3088 3200 3247 3271 χάριν
3297 3200 3360 3267 ἐξ
3385 3197 3818 3271 ὑπερϐαλλούσης

554 3310 657 3363 per
702 3294 958 3347 eximiam
985 3292 1077 3347 Dei
1111 3292 1505 3347 humanitatem
1536 3291 1926 3361 castigationes
1974 3291 2136 3345 indu-

2244 3294 2378 3347 Θεοῦ
2422 3260 2843 3365 ιιςιιλανθρίδπίας⁷
2874 3260 3176 3362 ἐπάγονται.
3220 3260 3470 3348 παιδεῖαι
3499 3260 3627 3356 ’τοῖς
3678 3289 3748 3361 μὴ
3778 3260 3817 3319 λ’

556 3399 760 3441 cuntur
789 3386 879 3451 iis,
927 3385 1017 3455 qui
1064 3386 1366 3440 secundum
1412 3385 1503 3438 Dei
1534 3384 1869 3438 voluntatem
1897 3397 2005 3437 non
2060 3383 2141 3436 vi-

556 3490 722 3545 vunt;
748 3488 808 3532 ut
833 3487 1052 3548 propter
1081 3478 1417 3546 aliquantam
1447 3492 1573 3546 erga
1599 3474 1767 3529 Deum
1797 3475 2137 3542 eharitatet'n,

558 3570 889 3639 temporaria
945 3569 1211 3639 supplicia
1274 3570 1627 3638 perferentes,
1682 3568 1902 3622 aeternis
1961 3566 2140 3637 pmnis

554 3662 889 3717 eximantur.
950 3659 1088 3715 Tum
1127 3670 1278 3730 pater
1311 3677 1326 3713 :
1366 3658 1506 3725 Quid
1542 3661 1724 3725 enim;
1776 3673 1962 3713 nonne
1998 3659 2140 3713 mul-

552 3764 646 3811 tos
696 3755 892 3825 impios
939 3752 1188 3808 videmus
1247 3751 1677 3822 paupereslAn
1736 3760 2021 3821 propterea
2085 3759 2139 3806 et

556 3850 681 3905 illos
723 3847 971 3903 dicemus
1036 3845 1089 3900 in
1141 3854 1296 3915 parte
1348 3860 1536 3899 eorum
1586 3859 1708 3898 esse
1757 3843 1852 3913 qui
1905 3843 2135 3898 salutem

553 3940 1018 4012 consequuntur?
1066 3937 1130 3992 Et
1176 3936 1371 3993 Petrus
1420 3956 1433 3991 :
1485 3934 1837 4007 Nequaquam
1886 3936 2131 3991 omnino.

554 4027 673 4083 Non
705 4029 849 4084 enim
883 4027 1158 4097 probanda
1176 4035 1260 4080 est
1290 4025 1494 4095 inepia,
1527 4042 1649 4095 quae
1681 4027 1886 4097 appetit
1921 4042 1985 4081 ea
2010 4042 2134 4096 qua:

556 4135 667 4173 non
690 4119 843 4174 decet
867 4137 882 4172 :
925 4118 1053 4188 quia
1078 4126 1131 4171 et
1162 4116 1430 4171 Dominus
1452 4125 1643 4171 noster
1666 4115 1825 4173 Jesus
1854 4116 2131 4184 Christus,

552 4210 730 4265 Filius
766 4210 859 4264 Dei
884 4211 1013 4275 vivi,
1056 4210 1245 4265 beatos
1279 4210 1585 4279 praedicans
1621 4224 1916 4279 pauperes,
1951 4209 2131 4277 Beati,

555 4304 779 4374 inquit,
835 4320 1090 4373 pauperes
1148 4303 1341 4371 spiritu
1386 4316 1405 4356 :
1448 4303 1701 4371 quoniam
1755 4303 1992 4371 ipsorum
2057 4310 2134 4355 est

553 4412 775 4465 regnum
810 4396 1058 4449 ca'lorum
1099 4408 1147 4450 α.
1180 4392 1317 4448 Tum
1355 4403 1553 4463 pater:
1590 4392 1729 4449 Vere
1767 4410 1996 4465 prorsus
2042 4408 2133 4449 se-

551 4488 795 4542 cundum
843 4488 1179 4558 propositam
1212 4487 1570 4557 quaestionem
1618 4502 1707 4541 res
1739 4486 1958 4540 videtur
1985 4495 2132 4543 recte

2245 3387 2386 3443 κατά
2405 3387 2467 3440 τὸ
2488 3387 2678 3441 δοκοῦν
2716 3386 2833 3457 Θεῷ
2852 3386 3311 3457 πολιτευομένοις.
3340 3388 3432 3440 ἵνα
3461 3386 3551 3440 διὰ
3572 3386 3631 3438 τὺ
3654 3380 3820 3442 ποσῶς

2234 3474 2486 3545 Δφιλόθεον
2510 3477 2876 3549 προσκαίρους
2903 3475 3263 3547 ὑπομένοντες
3288 3478 3567 3549 τιμωρίας
3598 3476 3664 3538 ⁸ο,
3704 3474 3819 3528 alto-

2241 3571 2368 3623 νίων
2398 3568 2750 3638 ἀπαλλαγῶσι
2775 3568 3068 3622 κολάσεων.
3097 3568 3206 3621 Kal
3232 3570 3261 3621 6
3285 3571 3507 3641 πατήρ
3539 3568 3605 3621 Τί
3634 3566 3674 3598 ⁶¹
3705 3564 3813 3618 δαί·

2240 3664 2301 3717 οὐ
2330 3664 2375 3694 δ’
2423 3661 2649 3726 πολλοὺς
2690 3662 2905 3725 ἀσεϐεῖς
2930 3664 3147 3734 ὁρῶμεν
3176 3662 3424 3733 πένητας
3453 3678 3468 3723 ;
3524 3658 3659 3714 Εἶτα
3684 3654 3823 3727 παρὰ

2238 3754 2398 3808 τοῦτο
2431 3754 2525 3808 καὶ
2549 3754 2745 3817 αὐτοὺς
2771 3754 2869 3824 τῆς
2895 3754 3004 3805 τῶν
3035 3753 3362 3823 σωζομένων
3419 3748 3563 3806 εἶναι
3623 3748 3823 3822 μερίδος

2241 3850 2515 3921 φήσομενς
2546 3847 2639 3899 καὶ
2666 3848 2692 3901 6
2718 3846 2764 3876 ⁸³
2808 3845 3030 3917 Πέτρος
3060 3845 3134 3899 Οὐ
3163 3845 3412 3909 πάντως.
3464 3844 3541 3897 Οὐ
3564 3842 3672 3913 γὰρ
3701 3842 3823 3894 ἀπο·

2238 3940 2458 4011 δεκτὴὴ
2488 3938 2669 4002 πενία,
2703 3931 2777 3991 ὧν
2835 3938 2909 4008 μὴ
2966 3937 3244 4009 προσῆκεν
3296 3937 3612 4009 όρεγομένη
3650 3952 3663 3966 ·
3710 3929 3824 3988 ἐπεὶ

2238 4027 2283 4061 ⁸⁸
2308 4030 2401 4083 καὶ
2427 4031 2455 4083 ὁ
2476 4030 2675 4102 Κύριος
2695 4027 2850 4100 ἡμῶν
2880 4028 3085 4098 Ἰησοῦς
3106 4029 3339 4099 Χριστὸς
3366 4030 3395 4082 6
3420 4030 3554 4092 Υἱὸς
3576 4026 3668 4081 τοῦ
3696 4024 3820 4091 {div-

2236 4138 2327 4184 τος
2349 4121 2505 4185 Θεοῦ,
2539 4121 2855 4192 μακαρίζων
2880 4121 2924 4152 ⁸⁸
2951 4122 3078 4185 τοὺς
3131 4121 3419 4191 πτωχούςο
3457 4118 3747 4187 Μακάριοι
3775 4117 3825 4169 οι

2236 4211 2477 4279 πτωχοὶ,
2514 4211 2640 4283 ἔφη,
2702 4211 2780 4278 τῷ
2829 4213 3121 4281 πνεύματι
3146 4230 3159 4247 ε
3194 4211 3283 4265 ὅτι
3311 4212 3523 4267 αὐτῶν
3576 4212 3744 4265 ἐστιν
3789 4206 3825 4275 ἠ

2227 4300 2516 4366 βασιλεία
2557 4300 2679 4355 τῶν
2726 4300 3017 4369 οὐρανῶν.
3075 4302 3186 4356 Kal
3231 4301 3259 4353 ὁ
3309 4304 3540 4373 πατήρ*
3598 4296 3827 4366 Ἀληθῶς

2236 4393 2376 4447 πάνυ
2410 4392 2551 4448 κατά
2591 4394 2689 4465 τὴν
2720 4392 2975 4448 ὑπόθεσιν
3003 4392 3179 4464 ὀρθῶς
3228 4392 3377 4464 ἔχειν
3416 4394 3489 4447 τά
3533 4392 3827 4465 πράγματα

2235 4487 2501 4557 φαίνεται·
2527 4486 2606 4541 διὸ
2631 4488 2727 4540 καὶ
2754 4487 3124 4558 προαιρέσεως
3153 4486 3269 4519 δ⁶·”
3301 4487 3417 4558 έχω
3436 4490 3503 4559 τῇ
3527 4486 3681 4551 τάξει
3700 4501 3827 4538 παν-

554 4579 760 4634 habcre
792 4597 806 4632 :
832 4589 1164 4649 quapropter
1185 4579 1239 4633 in
1271 4579 1456 4634 animo
1488 4579 1664 4634 habeo
1715 4586 1883 4633 totum
1935 4578 2130 4633 ordine

2242 4579 2324 4643 τὸς
2349 4580 2651 4634 ἐπακοῦσαι
2681 4580 2775 4635 τοῦ
2819 4579 3001 4649 λόγου.

531 4671 747 4725 εειιιάἰνε
776 4673 1105 4725 doctrinam.

626 4782 914 4839 CXXVIII.
951 4782 1017 4836 Et
1062 4783 1256 4838 Petrus
1287 4802 1298 4837 :
1332 4784 1525 4854 Itaque
1574 4783 1829 4853 deinceps
1890 4781 2130 4838 studenti

551 4879 655 4933 tibi
689 4878 900 4931 discere
922 4892 1044 4945 quae
1077 4875 1142 4929 ad
1180 4884 1421 4929 nostram
1461 4876 1619 4930 Iidem
1658 4876 1950 4944 pertinent,
1990 4875 2130 4930 hanc

555 4971 868 5027 doctrinam
903 4968 1225 5038 explicabo;
1259 4968 1328 5023 ab
1386 4968 1507 5038 ipso
1560 4970 1798 5038 primum
1861 4968 2129 5036 incipiens

556 5063 706 5128 Deo;
752 5070 807 5117 et
873 5059 1167 5114 ostendens
1192 5098 1206 5121 .
1244 5059 1420 5129 ipsum
1478 5058 1652 5116 solum
1687 5058 1976 5115 dicendum
2012 5074 2131 5112 esse

554 5154 749 5217 Deum,
789 5152 928 5207 alios
951 5165 1082 5205 vero
1117 5165 1218 5206 nec
1250 5150 1533 5218 dicendos,
1570 5166 1668 5206 nec
1700 5151 2130 5215 existimandos;

629 5282 655 5310 ι
683 5269 879 5345 Matth.
904 5284 959 5334 v,
990 5267 1045 5322 3.

2292 4780 2377 4836 CX
2388 4781 2429 4835 Χ
2441 4781 2578 4835 VIII.
2594 4784 2703 4836 Kal
2717 4785 2745 4837 6
2762 4782 2985 4853 Πέτρος
3005 4783 3317 4837 Οὐκοῦντοῦ
3331 4783 3534 4839 λοιποῦ
3553 4779 3828 4839 σπεύδοντί

2240 4891 2321 4928 σοι
2345 4874 2413 4928 τὰ
2436 4874 2576 4927 κατά
2598 4874 2696 4946 τὴν
2721 4875 2995 4946 ἡμετέραν
3022 4876 3203 4928 πίστιν
3232 4875 3432 4948 μαθεῖν
3450 4877 3520 4942 ⁵⁸,
3540 4876 3749 4949 προϊών
3773 4890 3827 4926 τε

2236 4968 2329 5021 τὸν
2358 4967 2513 5036 λόγον
2553 4967 2850 5039 ἐκθήσομαι
2888 4969 2980 5021 ἀπ’
3012 4968 3233 5022 alb-:06“
3266 4969 3493 5040 πρῶτον
3534 4969 3827 5042 ἀρχόμενος

2238 5059 2331 5113 τοῦ
2352 5060 2485 5114 Θεοῦ
2506 5078 2519 5091 ·
2550 5062 2641 5115 καὶ
2654 5060 2866 5123 δεικνὺς
2885 5060 3046 5113 αὐτὸν
3073 5061 3230 5131 μόνον
3252 5060 3361 5113 δεῖν
3384 5063 3435 5093 ⁵ο
3462 5064 3649 5132 λέγειν
3678 5059 3825 5120 Θεὸν,

2240 5151 2461 5220 ἑτέρους
2505 5151 2560 5204 δὲ
2604 5151 2737 5223 μήτε
2793 5150 2973 5220 λέγειν
3020 5153 3156 5224 μήτε
3206 5153 3480 5224 νομίζειν,
3535 5156 3631 5208 καὶ
3679 5149 3815 5207 ὃτι⁸⁶
3894 5224 3899 5227 1

1832 5356 2063 5413 V'ARLE
2104 5354 2505 5413 LEC'I'IONES.

630 5458 675 5490 ²²
699 5458 771 5513 al.
809 5458 975 5529 inscr.
1010 5456 1146 5529 πρδς
1170 5457 1358 5513 ταῦτα.
1411 5458 1473 5529 Δ³³
1517 5449 1796 5529 Clement.,
1825 5458 1972 5511 hom.
2002 5473 2091 5519 xv,
2114 5472 2176 5529 cL
2192 5456 2245 5521 8,
2268 5464 2371 5529 (εις.
2415 5456 2468 5529 ξ’,
2490 5453 2578 5529 al_._
2605 5452 2682 5529 έτι

545 5529 620 5581 τὸ
649 5530 909 5599 πρᾶγμα’
946 5521 1065 5581 δτι.⁷
1091 5528 1135 5560 ³⁸
1166 5530 1236 5583 al.
1262 5527 1435 5584 πολλά
1460 5531 1571 5591 τοῖς
1598 5527 1874 5599 ἑλομένοις
1898 5526 2289 5599 συγχωροῦσιν·
2320 5527 2367 5579 οἱ
2414 5525 2491 5578 δέ.
2536 5521 2748 5599 "deest
2769 5524 2932 5599 _in_a|.
2976 5524 3016 5553 ³⁷
3037 5524 3107 5599 al.
3145 5523 3321 5599 inser._
3340 5521 3420 5599 δέ.
3448 5521 3615 5599 ρπβ-Ι.
3649 5540 3687 5599 μ

556 5593 729 5681 μηδξν
769 5593 1053 5681 ὑπάρχειγ.
1136 5599 1187 5681 ³⁸.
1228 5602 1302 5681 ει]⁵
1344 5593 1704 5681 εἰλικρινιῦς;’
1757 5599 1801 5681 ξ’
1845 5599 1917 5652 al.
1960 5593 2315 5681 προσκαίρων
2359 5595 2660 5681 τιμωριᾶῃς.
2737 5594 3033 5681 ⁸¹ηι1ςευηι
3078 5593 3378 5681 in‘al.”‘:q
3406 5594 3484 5681 ali.
3519 5593 3600 5678 δέ.

2719 5451 2915 5523 μᾶλλον
2942 5450 3269 5507 ἀδικώτατον
3289 5450 3436 5504 ὅλων
3466 5469 3560 5522 μοι
3591 5450 3828 5521 φαίνεται

2719 5535 2746 5576 .t
2778 5524 2831 5578 in
2862 5524 2932 5577 al.
2976 5524 3016 5553 ³⁷
3037 5524 3107 5575 al.
3145 5523 3308 5577 inser.
3340 5521 3420 5574 δέ.
3476 5524 3615 5576 “al.
3649 5516 3827 5623 μηδενὶ

2737 5594 2781 5623 δι
2828 5594 3018 5623 ιιηοιιιὶ.
3078 5594 3129 5623 in
3163 5595 3209 5623 ..Ι
3310 5593 3359 5623 81
3408 5594 3459 5623 ..Ι
3520 5593 3577 5623 ἓιί
3682 5594 3701 5623 δ
3760 5589 3802 5623 nl

3682 5589 3726 5625 “
3758 5589 3824 5643 al.

559 5661 713 5739 παρὰ
756 5661 1056 5723 τοῦτο”οὗν
1105 5672 1199 5723 καὶ
1248 5661 1519 5725 οῦτοιτῶν
1572 5669 1893 5738 σωζομένων
1926 5661 2091 5731 εἰσίνς
2124 5661 2217 5721 καῖ
2247 5671 2289 5721 6.
2371 5661 2521 5739 “al:
2547 5665 2705 5739 πλήν.
2750 5663 3073 5739 _“deest_iu
3107 5664 3178 5739 al.
3240 5661 3378 5739 _“""
3414 5666 3495 5719 al.
3540 5662 3821 5735 ἐγενόμην·

556 5738 700 5795 και.
721 5739 1009 5810 ὀφείλοντι,
1039 5743 1103 5812 τῇ
1140 5740 1308 5806 τάξει.
1387 5744 1429 5784 δ”
1459 5741 1611 5797 deest
1651 5743 1704 5796 in
1737 5741 1808 5799 al.

1890 5742 1934 5772 ⁵⁸
1959 5742 2029 5795 al.
2063 5741 2142 5793 ὅτι

2182 5739 2340 5794 αὑτὸν
2378 5755 2437 5810 μ.
2466 5738 2561 5791 δεῖ.
2626 5738 2667 5768 δ’
2712 5736 2781 5792 al.
2826 5737 2915 5789 καὶ
2947 5732 3102 5787 τοῦτο
3126 5734 3309 5788 εἰπὼν.
