4048 6324
355 273 462 331 585

1154 275 1605 331 CLEMENTINA.
1656 304 1720 314 —
1757 275 2055 332 EPITOME
2090 253 2182 331 ne
2212 276 2452 334 GESTIS
2483 280 2540 335 s.
2577 279 2802 337 PETRI.

3477 283 3578 339 suo

522 392 680 446 τοῦτο
709 392 895 460 ποιῶν,
935 394 1127 451 αἰώνια
1155 399 1564 471 κολασθήσεται,
1594 399 1670 464 ὼς
1694 402 1773 463 εἰς
1813 399 1908 453 αύ-

2015 401 2401 472 hominemque
2445 402 2539 472 qui
2604 402 2759 458 aliter
2817 399 3037 468 fecerit,
3073 407 3280 455 :eterno
3305 399 3577 470 supplicio

345 480 438 534 τὸν
464 482 573 535 τῶν
604 483 738 536 ὅλων
765 483 1039 556 ἀσεϐήσας
1066 487 1217 541 Θεόν.
1269 490 1379 542 Καὶ
1421 488 1577 542 τοῦτο
1603 487 1792 553 εἰπὼν,
1823 489 1918 544 καί⁵

341 576 457 636 τοῖς
502 573 609 627 ὑπὸ
657 574 846 630 παθῶν
872 576 1238 648 ὀχλουμένοις,
1271 580 1363 633 καὶ
1389 579 1624 646 νοσοῦσι,
1669 581 1764 634 καὶ
1811 579 1918 633 δαι-

346 665 548 736 μονῶσι
574 665 673 731 τὰς
723 670 906 741 χεῖρας
929 669 1159 733 ἐπιθεὶς,
1198 673 1292 725 καὶ
1317 672 1536 736 τούτους
1570 673 1702 744 εὐχῇ
1751 671 1912 743 θερα-

343 755 571 820 πεύσας,
618 758 716 828 τὴν
756 759 1049 830 ἐκκλησίαν
1099 760 1357 814 διέλυσεν.
1413 758 1526 814 Εἶθ’
1582 760 1754 824 οὕτως
1803 763 1914 814 εἰσ-

340 848 511 902 ελθὼν
529 849 622 903 καὶ
640 851 747 904 τῶν
786 852 1028 924 συνήθων
1063 853 1108 885 ⁵³
1152 854 1293 909 ἀλῶν
1330 853 1649 926 μεταλαϐὼν
1674 893 1689 917 ,
1731 851 1913 905 ὕπνω-

338 957 455 993 σεν.

413 1032 647 1088 CXXIX.
690 1035 924 1108 Ὀρθρου
939 1036 995 1089 δὲ
1023 1037 1072 1069 ⁸⁸
1102 1037 1264 1092 πάλιν
1287 1039 1316 1090 ὁ
1363 1037 1566 1108 Πέτρος
1607 1034 1784 1103 ἐξιὼν,
1817 1034 1911 1087 καί.

333 1121 433 1173 ἐπὶ
457 1122 607 1176 ⁵³τὺν
653 1125 855 1197 συνήθη
879 1125 1220 1196 διαλέγεσθαι
1243 1127 1406 1181 τόπον
1432 1129 1478 1191 '9
1504 1126 1653 1189 στὰς,
1686 1125 1779 1179 ἀτε
1815 1123 1909 1176 κα)⁸

330 1213 548 1268 πολλῶν
583 1215 1089 1289 συνδεδραμηκότων
1128 1217 1320 1289 δχλων,
1349 1219 1465 1290 ἅμα
1492 1217 1536 1248 ⁸⁷
1568 1215 1647 1286 τῷ
1699 1213 1908 1286 μέλλειν

327 1303 678 1373 διαλέγεσθαι
709 1308 892 1372 αὑτὸν,
934 1308 1105 1380 εἰσῄει
1134 1327 1218 1373 τις
1267 1307 1375 1362 τῶν
1427 1306 1590 1362 αὑτοῦ
1643 1304 1907 1358 διακόνων

329 1394 514 1464 λέγων
539 1414 552 1426 ·
591 1397 771 1468 Σίμων
797 1399 906 1452 ἀπὸ
961 1398 1282 1470 Ἀντιοχείας
1314 1396 1670 1469 εἰσεληλυθὼς
1692 1396 1785 1449 ἀπ’
1805 1395 1904 1447 αὑ·-

329 1486 438 1557 τῆς
468 1485 725 1557 ἑσπέρας,
757 1486 942 1558 μαθὼν
971 1488 1338 1561 ὑποσχόμενόν
1361 1505 1420 1540 σε
1446 1488 1536 1541 τὸν
1565 1485 1691 1554 περὶ
1717 1500 1906 1554 μοναρ-

326 1577 459 1647 χίας
480 1576 748 1634 ποιεῖσθαι
772 1576 948 1646 λόγον,
977 1577 1192 1649 ἕτοιμός
1230 1580 1341 1631 ἐστι
1370 1577 1507 1648 μετά
1537 1593 1598 1645 γε
1616 1573 1708 1628 τοῦ
1750 1574 1902 1626 Ἑπι-

2017 493 2373 564 puniendum,
2409 503 2469 548 ut
2499 493 2591 564 qui
2627 493 2682 547 in
2731 493 2908 564 ipsum
2969 491 3349 547 universorum
3401 490 3573 546 Deum

2015 585 2217 656 impius
2265 585 2548 640 exstiterit.
2580 586 2756 654 Atque
2780 584 2885 639 hoc
2916 581 3086 648 dicto,
3120 591 3356 652 cumque
3389 582 3575 652 aliqua

2011 676 2362 746 perpessione
2392 673 2680 742 infestatis,
2699 675 3109 748 aegrotantibus,
3140 683 3198 730 et
3221 674 3576 748 damoniaeis

2012 766 2360 835 imposuisset
2392 783 2607 831 manus,
2634 782 2698 822 ac
2727 782 2823 822 eos
2854 775 3101 822 curasset
3121 780 3302 836 prece,
3349 767 3576 822 concio-

2010 873 2134 913 nem
2166 859 2390 914 dimisit.
2442 858 2645 915 Deinde
2696 859 2770 914 ita
2809 860 3111 929 ingressus,
3145 866 3202 914 et
3239 858 3400 914 solito
3445 857 3573 915 cibo

2009 960 2285 1022 percepto,
2319 968 2376 1008 se
2401 967 2595 1007 somno
2627 953 2796 1009 dedit.

2077 1041 2320 1098 CXXIX.
2357 1043 2403 1074 ⁵³
2428 1042 2586 1098 Mane
2639 1058 2767 1099 vero
2823 1044 3020 1099 iterum
3055 1057 3308 1114 egressus
3338 1042 3568 1109 Petrus;

2007 1149 2132 1190 cum
2179 1135 2421 1190 stetisset
2453 1135 2659 1190 inloco
2692 1135 2748 1190 in
2780 1150 2891 1205 quo
2920 1135 3192 1191 disserere
3226 1135 3461 1198 solebat,
3492 1135 3574 1190 in-

2006 1242 2248 1297 gensque
2280 1226 2564 1282 hominum
2615 1227 2906 1282 multitudo
2963 1227 3368 1294 concurrisset;
3404 1228 3572 1284 simul

2006 1331 2070 1370 ac
2099 1316 2216 1386 ipse
2262 1323 2408 1371 esset
2441 1316 2747 1381 locuturus,
2790 1317 3037 1371 introivit
3068 1316 3292 1386 quidam
3325 1331 3397 1372 ex
3449 1316 3572 1387 ejus

2005 1405 2271 1473 diaeonis,
2312 1406 2499 1462 dicens
2525 1421 2539 1458 :
2566 1404 2754 1462 Simon
2779 1407 2848 1463 ab
2878 1406 3171 1465 Antiochia
3199 1408 3318 1478 ipso
3345 1423 3570 1478 vespere

2005 1495 2304 1566 ingressus,
2329 1495 2558 1553 audiens
2581 1507 2632 1552 te
2657 1497 2980 1567 promisisse
3007 1498 3074 1554 de
3101 1499 3443 1566 monarehia,
3469 1515 3568 1555 seu

2002 1585 2310 1656 principatu
2355 1585 2557 1652 unius,
2605 1584 2770 1640 verba
2816 1600 2938 1642 csse
2982 1584 3291 1649 facturum,
3344 1595 3569 1654 paratus

324 1669 582 1740 xoupeloo
613 1667 972 1741 Ἀθηνοδώρου
987 1669 1347 1741 διαλεγομένῳ
1366 1687 1444 1722 σοι
1461 1667 1725 1731 ἐπελθεῖν,
1742 1667 1816 1729 ὡς
1837 1665 1902 1718 ἂν

2002 1683 2088 1730 est
2132 1689 2240 1729 una
2293 1688 2416 1730 cum
2471 1672 2821 1729 Athenodoro
2872 1673 3182 1744 Epicureo,
3227 1674 3325 1728 tibi
3387 1673 3565 1729 disse-

323 1739 466 1812 πᾱσι
483 1760 529 1791 ³⁸
557 1763 670 1824 τοῖς
693 1739 796 1814 ὑπὸ
813 1739 906 1814 σοῦ
937 1763 1064 1833 περὶ
1087 1739 1380 1833 μοναρχίας
1409 1759 1899 1833 ὑπαγορευομένοις

2003 1765 2143 1820 renti
2191 1763 2565 1830 intervenire;
2632 1772 2691 1819 ut
2727 1772 2919 1819 cuncta
2966 1780 3089 1833 quae
3147 1780 3176 1818 a
3226 1772 3278 1818 te
3336 1763 3404 1818 de
3448 1779 3570 1817 mo—

319 1850 563 1922 δημοσίᾳ
591 1850 776 1924 παρὼν
794 1851 954 1916 αὐτὸς
977 1853 1241 1922 ἀντιλέγοι
1275 1853 1342 1906 ⁸⁸.

397 2025 612 2079 CXXX.
655 2025 840 2078 Ταῦτα
879 2024 973 2078 τοῦ
1007 2024 1256 2079 διακόνου
1304 2024 1574 2094 λέγοντος,
1607 2023 1715 2077 ἰδοῦ
1747 2023 1837 2076 καὶ
1872 2025 1899 2076 ὁ

318 2115 510 2184 Σίμων
564 2117 661 2168 σὺν
709 2114 1054 2188 Ἀθηνοδώρῳ
1095 2117 1185 2168 καί
1244 2133 1389 2169 τισιν
1437 2114 1615 2177 ἄλλοις
1663 2113 1899 2184 ἑταίροις

319 2205 530 2276 εἰσῄειο
562 2207 656 2260 καὶ
681 2206 787 2277 πρὸ
813 2205 907 2258 τοῦ
935 2223 988 2258 τι
1007 2205 1099 2259 τὸν
1127 2206 1328 2276 Πέτρον
1356 2205 1490 2268 ὅλως
1518 2206 1710 2267 εἰπεῖν,
1739 2205 1899 2268 αὐτὸς

323 2295 643 2366 προλαϐὡνο
681 2295 943 2366 Ἐμαθον,
1007 2297 1190 2366 φησὶν,
1224 2297 1304 2348 ὅτι
1358 2295 1484 2367 χθὲς
1535 2295 1770 2368 ὑπέσχου
1820 2293 1897 2366 τῷ

322 2386 550 2458 Φαύστῳ
575 2387 714 2441 κατά
737 2388 833 2459 τὴν
864 2391 1100 2461 σήμερον
1127 2388 1292 2453 δεῖξαι
1316 2392 1380 2460 τῇ
1417 2387 1567 2454 τάξει
1601 2389 1692 2442 τὸν
1741 2387 1896 2456 λόγον

325 2478 673 2549 ποιούμενος·
703 2481 798 2533 κα¹ί
845 2481 937 2534 ἀπ’
977 2479 1139 2533 αὑτοῦ
1184 2478 1398 2552 πρῶτον
1452 2480 1750 2553 ἀρχόμενος
1800 2479 1894 2533 τοῦ

317 2569 434 2620 τῶν
459 2568 591 2623 ὅλων
609 2570 878 2623 ,δεσπότου
900 2587 912 2600 ·
967 2571 1048 2623 ὅτι
1072 2570 1235 2624 αὑτὸν
1255 2570 1337 2623 δεῖ
1362 2569 1521 2640 μόνον
1536 2569 1713 2639 λέγειν
1741 2569 1893 2634 Θεὸν,

314 2659 514 2723 ἄλλους
537 2661 583 2692 ⁸⁸
613 2659 670 2713 δὲ
713 2662 847 2733 μήτε
899 2661 1097 2731 λέγειν,
1147 2662 1281 2734 μήτε
1332 2660 1570 2733 νομίζειν
1597 2677 1611 2692 ⁸
1667 2663 1760 2715 καὶ
1815 2663 1895 2716 ὅτι

311 2749 342 2802 ὁ
371 2750 529 2822 παρά
563 2750 720 2805 τοῦτο
745 2753 938 2819 ποιῶν,
990 2754 1212 2808 αἰωνίαν
1258 2753 1442 2822 ὑφέξει
1473 2753 1571 2823 τὴν
1597 2753 1890 2825 τιμωρίαν·

311 2839 424 2911 πρὸ
463 2839 683 2893 πάντων
725 2837 820 2894 οὖν
874 2842 1086 2914 ἀληθῶς
1145 2842 1604 2914 καταπέπληγμαί
1655 2859 1748 2896 σου
1798 2843 1894 2914 τὴν

309 2930 597 2996 ὑπόνοιαν,
627 2932 708 2985 ὅτι
736 2931 969 3004 ἧλπισας
1000 2936 1319 3005 μεταπεῖσαι
1341 2933 1508 3006 ἄνδρα
1536 2934 1696 3004 σοφδν
1727 2933 1891 2999 οὕτω,

309 3022 402 3074 καὶ
426 3021 607 3076 ταῦτα
663 3023 992 3097 πρεσϐύτην.
1040 3023 1176 3078 Ἀλλ’
1200 3026 1298 3089 οὑκ
1339 3025 1594 3098 ἐπιτεύξῃ
1611 3026 1719 3078 τῶν
1742 3025 1893 3080 ὲλπί-

305 3113 414 3168 δων
438 3115 536 3168 καὶ
563 3114 656 3169 τοῦ
682 3114 999 3188 θελήματος,
1023 3118 1117 3172 ἀτε
1145 3119 1409 3191 παρόντος
1445 3118 1600 3190 ἐμοῦ,
1643 3120 1736 3172 καὶ
1763 3120 1888 3183 τοὺς

305 3205 533 3276 ψευδεῖς
563 3222 655 3260 σου
681 3207 1044 3278 διελέγχοντος
1080 3207 1286 3278 λόγους.
1314 3210 1472 3272 Ἴσως
1522 3208 1632 3280 γὰρ
1681 3208 1747 3262 ἂν
1797 3210 1890 3263 καὶ

309 3299 580 3369 ἠπάτητο
607 3298 682 3369 μὴ
736 3299 1001 3370 παρόντος
1042 3297 1196 3370 ἐμοῦ,
1238 3298 1450 3371 ἰδιώτης
1485 3299 1561 3353 ὢν
1609 3299 1716 3353 τῶν
1739 3298 1892 3372 παρά

319 3389 608 3452 Ἰουδαίοις
651 3389 882 3462 δημοσίᾳ
931 3390 1356 3462 πεπιστωμὲνων
1411 3390 1628 3462 βίϐλων.
1676 3390 1757 3445 Τὰ
1793 3391 1889 3446 νῦν

303 3480 360 3534 δὲ
390 3482 527 3544 τοὺς
557 3480 783 3544 πολλοὺς
805 3482 1186 3554 ὑπερθήσομαι
1216 3482 1424 3552 λόγους,
1453 3484 1539 3536 ἵνα
1571 3483 1761 3536 θᾶττόν
1792 3499 1884 3535 σου

301 3571 406 3642 τὴν
431 3571 729 3642 ὑπόσχεσιν
759 3571 1000 3637 ἀσθενῶς
1022 3573 1248 3645 ἔχουσαν
1276 3573 1553 3643 διελέγξω.
1612 3575 1750 3644 Λέγε
1785 3592 1886 3628 τοι·

302 3660 518 3730 γαροῦν
546 3661 576 3714 ὃ
601 3662 858 3733 ὑπέσχου.
890 3664 953 3717 Εἰ
976 3665 1032 3718 δὲ
1058 3666 1148 3718 τὸν
1189 3665 1408 3737 ἔλεγχον
1443 3665 1773 3736 αἰδούμενος,
1801 3668 1886 3738 ἐφ’

300 3752 470 3823 ἡμῶν
498 3751 679 3805 αὑτῶν
698 3755 794 3824 τὴν
832 3754 1120 3825 ὑπόσχεσιν
1141 3755 1341 3820 ἐθέλοις
1368 3755 1716 3827 παραλιπεῖν,
1756 3758 1888 3811 αὑτ-

301 3845 489 3916 άρκης
540 3847 635 3898 καὶ
699 3845 871 3911 οὕτως
898 3847 1166 3914 ἀπόδειξις
1216 3850 1298 3902 ὅτι
1327 3849 1494 3921 ψευδῆ
1539 3848 1604 3902 τά
1649 3849 1887 3923 ὑπεσχη-

306 3935 476 4008 μένα,
509 3936 633 3989 καθ’
666 3937 747 3990 ὅτι
772 3937 993 3992 ἐπὶτῶν
1040 3939 1140 4003 τὰς
1188 3937 1410 4010 Γραφάς
1461 3938 1675 3993 εἰδότων
1714 3942 1888 3996 εἰπεῖν

300 4028 406 4082 οὐκ
434 4028 766 4101 ἐτόλμησας.
814 4031 924 4084 Καὶ
963 4031 1058 4086 νῦν
1102 4031 1158 4085 δὲ
1188 4032 1241 4085 τί
1272 4032 1548 4105 περιμένω
1596 4051 1654 4089 σε
1687 4033 1883 4104 λέγειν,

305 4118 576 4189 μέγιστον
624 4119 760 4190 ἔχων
803 4121 1053 4194 μάρτυρα
1074 4123 1174 4194 τῆς
1229 4121 1570 4192 ὑποσχέσεως
1623 4141 1737 4190 σου,
1794 4123 1888 4178 τὸν

301 4209 545 4282 γέροντα
571 4210 774 4263 τουτονί
801 4227 815 4274 ;
841 4209 1025 4264 Ταῦτα
1073 4211 1262 4275 εἰπὼν,
1301 4212 1395 4266 καὶ
1423 4213 1502 4284 τῷ
1527 4215 1692 4285 πατρὶ
1729 4232 1889 4286 προσ-

301 4298 539 4369 ϐλέψας,
566 4301 760 4372 φησίν·
800 4301 938 4355 Εἰπέ
983 4319 1071 4372 μοι
1116 4301 1327 4376 ἀνδρῶν
1376 4305 1630 4357 ἁπάντων
1658 4306 1684 4357 ό
1735 4320 1885 4374 τιμι-

2000 1857 2220 1911 narchia
2266 1855 2750 1922 denuntiabunlur,
2786 1854 3004 1925 publice
3039 1857 3158 1926 ipse
3188 1871 3426 1925 praesens
3462 1855 3566 1910 imo

1999 1959 2216 2019 pugnet.

2071 2035 2282 2088 CXXX.
2306 2034 2432 2092 llazc
2455 2036 2669 2092 dicente
2697 2037 2953 2099 diacono,
2993 2051 3118 2090 ecce
3141 2047 3195 2090 et
3226 2034 3415 2091 Simon
3435 2051 3563 2091 cum

1998 2126 2347 2184 Athenodoro
2395 2129 2628 2199 aliisque
2685 2129 2962 2186 nonnullis
2999 2127 3288 2184 sodalibus
3323 2128 3564 2197 ingredi-

1999 2227 2087 2272 tur
2122 2235 2138 2274 :
2172 2228 2226 2274 et
2261 2228 2386 2274 ante
2419 2236 2582 2289 quam
2615 2220 2808 2276 Petrus
2849 2219 3057 2292 aliquid
3109 2221 3334 2275 omnino
3367 2221 3562 2292 loque-

1998 2318 2180 2374 retur,
2215 2309 2331 2379 ipse
2383 2311 2685 2381 auticipans
2725 2329 2738 2364 :
2791 2312 3064 2382 Comperi,
3097 2312 3294 2381 inquit,
3339 2320 3393 2366 te
3445 2305 3561 2364 heri

1997 2400 2297 2469 pollicitum
2321 2416 2444 2457 esse
2467 2401 2690 2470 Fausto,
2725 2404 2870 2474 quod
2901 2404 3060 2458 hodie
3083 2404 3268 2458 habito
3285 2418 3560 2466 sermone,

1996 2492 2186 2547 ordine
2225 2507 2375 2548 esses
2408 2503 2754 2557 ostensurus,
2784 2495 3131 2564 primumque
3166 2494 3468 2566 incipiendo
3493 2494 3562 2549 ab

1995 2582 2115 2654 ipso
2169 2583 2547 2639 universorum
2582 2583 2846 2651 Domino;
2875 2600 3000 2640 eum
3036 2585 3214 2641 solum
3265 2585 3559 2655 dicendum

1994 2690 2118 2731 esse
2170 2673 2361 2741 Deum,
2385 2675 2524 2731 alios
2546 2691 2674 2731 vero
2703 2692 2878 2746 neque
2905 2676 3163 2732 dicendos
3215 2691 3390 2746 neque
3437 2676 3559 2730 exi-

1994 2768 2332 2835 stimandos;
2381 2768 2584 2838 quique
2633 2777 2823 2823 contra
2848 2767 3064 2835 fecerit,
3100 2776 3333 2823 aeternas
3355 2782 3547 2836 plenas

1993 2859 2271 2914 daturum.
2320 2857 2459 2914 Ante
2511 2860 2693 2914 omnia
2727 2874 2856 2930 ergo
2908 2874 3034 2915 vere
3080 2860 3371 2936 insaniam
3405 2869 3554 2913 tuam

1991 2952 2293 3008 demiratus
2349 2967 2493 3018 sum,
2551 2952 2698 3023 quod
2737 2952 2964 3021 sperasti
3002 2962 3054 3008 te
3085 2967 3245 3023 posse
3285 2953 3342 3008 in
3391 2952 3556 3009 aliam

1995 3043 2320 3098 sententiam
2357 3042 2625 3098 adducere
2678 3041 2854 3096 virum
2907 3041 3042 3096 adeo
3089 3042 3426 3112 sapientem,
3485 3041 3556 3098 ad

1995 3131 2109 3186 haec
2135 3145 2339 3187 senem.
2375 3129 2445 3184 At
2473 3145 2597 3202 spes
2629 3145 2694 3186 ac
2736 3132 3071 3187 voluntatem
3106 3146 3214 3186 non
3248 3131 3550 3197 obtinebis;

1993 3207 2179 3290 utpote
2212 3229 2474 3290 praesente
2507 3237 2594 3277 me
2621 3261 2637 3286 ,
2691 3230 2924 3293 tuosque
2957 3220 3128 3278 falsos
3157 3237 3439 3278 sermones
3468 3237 3556 3276 re-

1989 3311 2306 3382 darguentc.
2342 3310 2554 3366 Etenim
2587 3311 2726 3368 forte
2760 3329 2846 3368 me
2879 3313 3101 3369 absente
3126 3313 3384 3383 deceptus
3417 3312 3554 3368 fuis-

1990 3411 2091 3470 set,
2118 3418 2240 3458 eum
2277 3402 2560 3474 imperitus
2612 3405 2686 3460 sit
2711 3405 2976 3460 librorum
3013 3405 3106 3476 qui
3138 3405 3341 3461 Judaeis
3367 3404 3546 3474 palam

1988 3504 2116 3550 sunt
2159 3493 2365 3550 traditi.
2414 3491 2572 3549 Nunc
2625 3504 2807 3550 autem
2843 3496 3010 3550 multa
3043 3495 3209 3550 verba
3241 3495 3549 3566 praeteribo,

1989 3595 2050 3642 ut
2073 3585 2231 3642 citius
2253 3587 2672 3656 promissionem
2706 3596 2854 3641 tuam
2891 3586 3162 3644 inﬁrmam
3191 3602 3311 3643 esse
3325 3586 3555 3642 conviu-
3627 3605 3629 3608 ·

1988 3695 2128 3735 eam.
2154 3678 2251 3733 Dic
2269 3679 2430 3746 igitur
2454 3678 2601 3750 quod
2625 3678 2895 3748 pollicitus
2925 3692 3009 3736 es.
3039 3677 3133 3735 Sin
3151 3686 3333 3736 autem
3366 3693 3552 3746 repre-

1988 3773 2312 3829 hensionem
2337 3772 2571 3838 veritus.
2621 3786 2806 3827 coram
2845 3770 3003 3826 nobis
3028 3771 3164 3826 velis
3214 3772 3547 3843 promissum

1987 3865 2276 3932 omittere;
2313 3864 2476 3920 etiam
2537 3862 2618 3919 sic
2651 3861 2924 3918 suiliciens
2957 3862 3059 3917 erit
3084 3862 3367 3932 probatio,
3403 3861 3538 3916 falsa

1986 3971 2109 4012 esse
2158 3971 2280 4027 quae
2327 3954 2649 4026 promisisti,
2683 3954 3122 4025 quandoquidem
3151 3969 3333 4008 coram
3362 3953 3540 4006 homi-

1986 4049 2148 4104 nibus
2175 4048 2482 4118 Scripturas
2515 4045 2836 4101 callentibus
2865 4061 2971 4100 non
3018 4059 3192 4101 ausus
3218 4043 3295 4100 sis
3341 4043 3542 4100 dicere.

1986 4138 2053 4194 Lt
2099 4154 2226 4195 vero
2257 4139 2372 4208 jam
2440 4152 2540 4192 cur
2597 4145 2851 4207 exspecto
2897 4145 2958 4191 ut
3005 4135 3198 4200 dicas,
3244 4135 3344 4210 qui,
3377 4133 3551 4190 maxi-

1986 4249 2134 4288 mum
2155 4231 2328 4286 habeo
2343 4230 2748 4301 pollicitationis
2773 4241 2878 4284 tuae
2909 4238 3122 4296 testem,
3156 4229 3300 4283 hunc
3334 4228 3545 4302 senem?

1987 4326 2117 4382 Post
2150 4325 2264 4380 haec
2292 4324 2476 4387 verba,
2511 4338 2637 4378 cum
2669 4330 2879 4393 patrem
2923 4321 3244 4393 aspexisset,
3304 4320 3416 4374 ait:
3456 4319 3551 4374 Dic

302 4389 549 4454 ὡτατος,
578 4390 696 4460 οὐχὶ
745 4386 896 4455 οὗτος
957 4391 1228 4464 ὑπέσχετό
1281 4409 1362 4446 σοι
1408 4393 1577 4460 δεῖξαι
1628 4399 1885 4466 σήμερον,

1995 4416 2146 4480 mihi,
2197 4414 2438 4468 virorum
2503 4412 3004 4482 praestantissime,
3061 4427 3241 4466 nonne
3291 4411 3393 4466 iste
3451 4412 3545 4465 tibi

302 4483 390 4535 ὅτι
422 4481 507 4546 εἷς
555 4483 667 4536 ἐστὶ
716 4482 865 4545 Θεὸς,
897 4482 992 4535 καὶ
1036 4483 1096 4535 οὑ
1143 4484 1248 4559 χρὴ
1299 4485 1648 4556 ἓτερόντινα
1707 4485 1884 4555 λέγειν

301 4571 338 4642 ἦ
399 4571 640 4643 νομίζειν
664 4573 816 4636 Θεὸν,
848 4575 874 4626 ό
919 4574 976 4627 δὲ
1026 4574 1176 4646 παρά
1215 4575 1384 4629 ταῦτα
1421 4577 1588 4632 ποιῶν
1618 4577 1881 4636 ἀθάνατον

302 4664 775 4735 εἰσπραχθήσεται
801 4665 1068 4736 τιμωρίαν
1092 4682 1107 4730 ;

380 4855 624 4911 CXXXI.
656 4858 762 4910 Καὶ
789 4859 818 4910 ό
843 4859 1179 4946 πατὴρῗέφη·
1222 4863 1416 4928 Καλῶς
1439 4865 1504 4922 ἂν
1539 4869 1637 4940 τὴν
1667 4890 1878 4946 μαρτυο

313 4948 445 5018 ρίαν
460 4949 589 5019 παρ’
605 4948 736 5020 ἐμοῦ
754 4950 997 5021 ἀπῄτεις,
1023 4945 1065 5004 ὦ
1091 4954 1291 5024 Σίμων,
1317 4957 1366 5009 εἰ
1383 4959 1644 5032 πρότερον
1670 4945 1883 5036 ἠρνεῖτο

313 5039 561 5110 Πέτρος·
591 5039 686 5092 νῦν
723 5040 779 5092 δὲ
825 5043 923 5098 οὐκ
961 5043 1345 5116 αἰδεσθήσομαι
1375 5048 1571 5118 λέγειν,
1609 5052 1646 5107 ἀ
1687 5055 1766 5110 δεῖ
1798 5057 1884 5112 λέ-

306 5147 464 5198 γειν·
490 5125 643 5202 οἶμαί
688 5147 744 5183 σε
781 5131 948 5203 ὀργῆς
979 5133 1352 5206 πεπλησμένον
1391 5140 1728 5215 διαλεχθῆναι
1761 5147 1883 5218 βού-

308 5219 527 5275 λεσθαι.
553 5221 723 5274 Τοῦτο
751 5221 810 5274 δὲ
839 5220 961 5275 οὔτε
986 5240 1067 5276 σοι
1096 5230 1358 5298 προσήκει
1389 5234 1580 5296 ποιεῖν,
1609 5233 1722 5288 οὗθ’
1753 5239 1885 5308 ἡμῖν

308 5309 488 5375 οὕτως
517 5311 704 5381 ἔχοντα
731 5311 1042 5378 ὑπακούειν,
1070 5315 1150 5369 ὅτι
1185 5317 1362 5391 μάχην
1399 5321 1544 5376 ἐστιν
1575 5325 1879 5398 ἱστορῆσαι,

1989 4507 2264 4576 pollicitus
2316 4513 2399 4558 est
2442 4513 2792 4560 ostensurum
2845 4519 2903 4558 se
2958 4503 3139 4569 hodie,
3175 4519 3341 4557 unum
3379 4501 3547 4557 Deum

1983 4612 2125 4661 esse,
2181 4610 2280 4653 nec
2311 4594 2476 4650 alium
2524 4592 2812 4650 dicendum
2861 4602 2954 4646 aut
2987 4591 3299 4648 habendum
3334 4593 3502 4648 Deum
3531 4613 3547 4660 ;

1989 4689 2060 4744 ab
2095 4703 2161 4744 eo
2187 4694 2366 4743 autem
2410 4683 2505 4753 qui
2534 4683 2693 4741 aliter
2741 4681 2951 4750 fecerit,
2986 4682 3293 4741 immortale
3346 4686 3552 4760 suppli-

1992 4781 2136 4836 cium
2180 4766 2431 4832 exactum
2464 4775 2575 4834 iri?

2054 4867 2291 4928 CXXXI.
2331 4865 2630 4939 Respondit
2672 4875 2822 4936 pater
2857 4883 2871 4920 :
2907 4865 3072 4922 Recte
3122 4882 3152 4924 a
3183 4881 3270 4926 me
3300 4869 3550 4924 testimo-

1989 4961 2139 5017 nium
2170 4958 2495 5034 postulares,
2525 4973 2558 5011 ο
2587 4957 2798 5022 Simon,
2822 4957 2866 5012 si
2897 4968 3055 5012 antea
3083 4957 3277 5015 Petrus
3301 4960 3551 5029 negavis-

1989 5060 2109 5118 set;
2158 5064 2304 5107 nunc
2334 5057 2514 5104 autem
2559 5063 2665 5102 non
2697 5049 2921 5103 verebor
2947 5049 3127 5104 dicere
3164 5065 3285 5122 qua;
3321 5049 3549 5105 dicenda

1987 5150 2150 5197 sunt:
2181 5138 2417 5193 arbitror
2447 5147 2499 5193 te
2536 5137 2613 5191 ira
2651 5137 2916 5207 repletum
2959 5137 3093 5195 velle
3122 5137 3544 5207 disputationem

1985 5231 2283 5304 suscipere.
2314 5227 2428 5284 [hc
2453 5244 2618 5299 porro
2648 5244 2824 5298 neque
2868 5238 2919 5283 te
2947 5209 3124 5283 facere
3157 5228 3345 5288 decet.
3372 5243 3552 5298 neque

1985 5329 2198 5391 oportet
2226 5328 2284 5374 ut
2314 5334 2414 5376 nos
2449 5318 2529 5374 sic
2553 5318 2806 5374 allectum
2849 5311 3184 5386 audiamus;
3203 5319 3464 5390 quoniam
3494 5319 3549 5377 id

1575 5458 1812 5518 VARIA‘I
1837 5455 2236 5520 LECTIONES.

358 5537 432 5580 ’κ
481 5547 565 5621 al._
588 5549 681 5601 καὶ
713 5546 1023 5621 εὐξάμενος,
1059 5547 1152 5600 καὶ
1178 5548 1484 5621 ἰασάμενος,
1527 5549 1759 5607 ἀπέλυσε
1784 5552 1908 5615 τοὺς
1930 5552 2118 5621 ὄχλους
2148 5551 2243 5621 καὶ
2276 5543 2386 5621 εἶθξ
2409 5547 2582 5611 οὕτως
2603 5546 2792 5621 εἰσιὼν
2820 5588 2865 5621 ,4
2887 5546 3024 5621 τῶν.
3043 5545 3316 5621 συνήθων..
3348 5545 3394 5578 ⁸³
3424 5544 3545 5605 Cie-

323 5630 518 5680 manu,
555 5619 701 5671 hom.
737 5617 926 5680 nuc.
961 5620 1010 5680 l,
1041 5626 1127 5670 etc
1225 5617 1271 5647 ³⁵⁵
1308 5619 1460 5672 deest
1485 5621 1536 5671 in
1563 5621 1632 5674 al.
1713 5622 1756 5652 ⁵⁸
1789 5623 1858 5675 al.
1904 5617 1996 5674 κάῖ
2021 5619 2265 5681 ἐπιστάς.

312 5704 499 5741 στωτα
530 5683 634 5741 εἶδε
664 5688 756 5742 καὶ
789 5688 920 5761 ἅμα.
995 5689 1040 5720 ⁵⁸
1058 5688 1126 5742 al.
1169 5687 1397 5760 δημοσίᾳ
1427 5692 1577 5742 πᾶσι.
1641 5692 1692 5723 ⁵³
1721 5691 1788 5746 al.
1815 5691 1954 5764 ὑπὲρ
1981 5687 2601 5761 μοναρχίας-λεγομένοις
2631 5687 2824 5755 λόγοις·
2870 5683 3062 5741 ταῦταξ
3136 5689 3271 5742 εο-ειι.
3299 5687 3473 5741 ἄλλον.

2345 5619 2392 5650 ⁵⁸
2421 5621 2572 5688 deest
2603 5618 2654 5688 in
2673 5623 2742 5688 al.
2824 5619 2866 5650 ⁵⁷
2887 5619 2964 5674 al.
2999 5617 3169 5688 ὄχλον
3201 5617 3367 5688 πολύν
3395 5633 3542 5670 owe.
