4066 6330
477 169 584 239 5⁵67

1321 178 1379 233 S.
1425 177 1814 234 CLEMENTIS
1854 178 1875 232 I
1915 176 2081 232 Βοιι.
2124 177 2325 233 ΡΟΝΤ.
2363 178 2594 236 OPERA
2634 180 2860 238 DUBIA.

3594 183 3689 241 568

474 306 711 363 pugnam
742 290 924 350 videre
956 304 1059 360 est,
1093 306 1145 351 et
1167 304 1272 354 non
1300 297 1365 354 ad
1398 299 1672 353 veritatem
1703 300 1904 368 juvari.
1932 296 2037 353 Sed
2067 348 2073 362 ι

2160 302 2235 353 tal
2279 301 2340 354 οὐ
2393 302 2531 373 πρὸς
2574 301 2827 373 ἀλήθειαν
2880 297 3219 369 ὠφελεῖσθαι.
3271 295 3414 350 Ἀλλ’
3464 298 3700 371 ἐκάτερος

477 393 707 454 uterque
731 397 968 441 vestrum
993 386 1187 454 dogma
1214 403 1373 443 suum
1401 399 1666 458 exponat;
1699 398 1751 443 et
1776 389 1842 443 ad
1872 389 2039 442 alium

473 473 735 545 iudicem,
766 474 930 530 verba
959 476 1291 544 habeantur;
1324 480 1512 549 sicque
1542 493 1770 548 prorsus
1803 480 2044 533 invenie-

476 575 573 623 tur
624 568 982 624 dubitationis
1039 585 1233 639 expers
1286 571 1509 626 veritas.
1568 570 1775 626 Placuit
1832 570 2040 625 Simoni

475 660 673 722 oratio.
703 676 871 731 sequ
914 677 977 715 ex
1031 676 1095 717 ea
1140 661 1408 718 facturum
1439 664 1709 733 promisit.
1752 662 2042 718 Verumta-

476 764 635 818 men,
667 751 844 821 inquit
893 750 1127 817 Fausto,
1167 754 1333 808 timeo
1396 766 1467 808 ne
1511 754 1623 822 jam
1675 753 1815 808 Petri
1864 753 2044 809 verbis

476 852 794 913 occupatus,
828 860 936 899 non
962 845 1040 899 sis
1067 845 1179 899 veri
1206 846 1483 902 studiosus
1507 846 1696 915 judex.

542 1026 807 1082 CXXXII.
831 1026 898 1080 Et
918 1036 1070 1098 pater
1096 1028 1415 1096 respondit:
1450 1024 1528 1081 Ne
1547 1040 1634 1080 me
1661 1040 1826 1095 cogas
1847 1034 2048 1081 temere

475 1136 542 1175 ac
595 1119 795 1175 indicta
846 1134 1012 1174 causa
1052 1120 1147 1175 tibi
1201 1119 1476 1187 assentiri,
1506 1128 1566 1173 ttt
1602 1119 1769 1189 judex
1804 1119 2047 1172 veritatis

474 1226 669 1266 amans
694 1211 900 1266 videar.
933 1209 1068 1265 Nam
1095 1211 1141 1266 si
1166 1226 1289 1280 vera
1321 1210 1511 1265 audire
1538 1211 1716 1281 cupis,
1745 1218 1835 1263 tua
1865 1210 2047 1279 potius

474 1299 742 1354 sententia
764 1310 1172 1371 praeoccupatus
1185 1315 1327 1355 sum.
1366 1301 1442 1355 Ac
1467 1298 1655 1355 Simon
1696 1318 1710 1353 :
1740 1298 2048 1366 Quomodo

474 1405 533 1445 es
556 1402 985 1461 praeoccupatus,
1004 1392 1096 1461 qui
1122 1392 1300 1447 nescis
1323 1391 1451 1462 quid
1476 1390 1744 1446 sentiam?
1777 1392 1847 1445 At
1869 1400 2046 1461 pater:

480 1476 662 1535 Facile
687 1491 771 1535 est
793 1480 923 1535 illud
948 1494 1275 1563 cognoscere
1299 1494 1312 1531 :
1340 1486 1394 1533 et
1422 1492 1659 1548 quonam
1685 1486 1863 1548 pacto,
1892 1476 2039 1532 audi.

476 1567 760 1629 Pollicitus
785 1586 865 1635 es,
897 1587 925 1625 a
971 1582 1025 1627 te
1068 1572 1189 1628 falsi
1228 1571 1535 1629 convictum
1575 1572 1640 1627 iri
1677 1569 1917 1633 Petrum,
1948 1571 2040 1642 qui

2142 386 2294 455 ὑμῶν
2318 387 2378 439 τὸ
2405 387 2596 441 ἐαυτοῦ
2628 388 2803 460 δόγμα
2832 387 3090 447 ἐκθέσθω.
3134 385 3227 439 καὶ
3270 385 3375 454 ὑφ’
3395 387 3555 458 ἑτέρῳ
3588 387 3696 459 κρίυ

2140 493 2282 530 νοντι
2312 480 2436 542 τοὺς
2473 478 2663 548 λόγους
2686 481 2865 534 δοτέον
2884 497 2897 510 ·
2940 480 3034 533 καὶ
3059 477 3200 533 οὕτω
3238 479 3450 543 πάντως
3474 480 3689 551 ἀναμφί-

2142 566 2296 637 λογον
2344 569 2573 642 τάληθὲς
2618 569 2987 642 εὑρεθήσεται.
3038 571 3239 641 Ἤρεσε
3282 569 3357 640 τῷ
3399 569 3591 640 Σίμωνι
3630 570 3691 623 τὸ

2142 660 2349 731 λεχθὲν,
2393 662 2487 714 καὶ
2533 663 2777 734 ποιήσειν
2822 663 3085 733 ὑπέσχετο
3134 661 3274 716 κατὰ
3322 660 3509 715 ταῦτα.
3556 662 3691 734 Πλὴν

2142 752 2280 806 ἀλλά
2297 753 2527 819 δέδοικα,
2550 754 2627 826 τῷ
2649 754 2874 826 Φαύστῳ
2892 754 3015 827 ἔφη,
3056 757 3128 827 μή
3160 772 3276 818 πως
3299 755 3398 826 ἠδη
3426 771 3694 825 προκατει-

2144 845 2419 918 λημμένος
2464 848 2575 910 τοῖς
2623 847 2830 920 Πέτρου
2872 847 3066 917 λόγοις,
3126 848 3188 900 οὐ
3242 845 3531 918 φιλαλήθης
3572 845 3695 918 γένῃ

2144 940 2357 1009 κριτής.
3054 934 3061 940 ’

2217 1027 2478 1082 CXXXII.
2509 1030 2617 1083 Kal
2642 1032 2669 1083 6
2699 1030 2877 1101 πατὴρ
2906 1028 3266 1101 ἀπεκρίνατο⁸
3315 1030 3406 1100 Μή
3440 1045 3503 1099 με
3529 1025 3697 1097 βιάζου

2148 1119 2389 1189 ἀκρίτως
2420 1120 2702 1173 συνθέσθαι
2738 1138 2840 1183 σοι,
2873 1120 2947 1183 ὼς
2974 1121 3038 1174 ἂν
3061 1120 3194 1185 δόξω
3241 1118 3536 1190 φιλαλήθης
3576 1113 3702 1170 εἶναι

2150 1215 2361 1285 κριτής.
2395 1216 2455 1267 ΕΞ
2481 1216 2588 1286 γὰρ
2624 1213 2828 1285 τάληθῆ
2860 1212 3035 1284 βούλει
3068 1213 3275 1284 μαθεῖν,
3299 1211 3379 1282 τῷ
3415 1210 3489 1280 σῷ
3518 1210 3703 1283 φρονή-

2154 1323 2281 1376 ματι
2316 1306 2685 1378 προείλημμαι
2720 1307 2933 1379 μᾶλλον.
2984 1307 3093 1359 Kal
3118 1308 3145 1358 6
3170 1303 3384 1375 Σίμων·
3416 1302 3538 1365 Πῶς
3580 1318 3706 1372 προ⁸

2150 1397 2387 1469 είληψαι,
2434 1400 2533 1451 οὐκ
2587 1398 2739 1463 είδὼς
2782 1398 2810 1452 ὃ
2849 1398 3057 1471 φρονῶ;
3095 1398 3203 1452 Kal
3239 1397 3267 1448 6
3309 1398 3519 1474 πατήρ*
3550 1395 3707 1448 Τοῦτο

2154 1489 2333 1561 ῥᾴδιόν
2364 1492 2508 1545 ἐστιν
2551 1492 2773 1545 εἰδέναι·
2820 1493 2914 1546 καὶ
2949 1491 3084 1555 πῶς,
3131 1491 3396 1545 ἄκουσον·
3451 1488 3707 1557 Ἐλέγξειν

2154 1581 2388 1652 ὑπέσχου
2413 1582 2504 1635 τὸν
2535 1583 2739 1655 Πέτρον
2768 1584 2864 1638 ἕνα
2894 1582 3026 1637 Θεὸν
3047 1582 3271 1651 λέγοντα
3296 1578 3458 1645 εἶναι,
3478 1581 3557 1633 ὅτι
3583 1580 3705 1651 ψεύ-

475 1679 644 1719 unum
666 1679 789 1719 esse
814 1662 979 1719 Deum
1004 1671 1211 1719 asserat
1237 1680 1250 1718 :
1276 1672 1531 1718 caeterum
1555 1662 1648 1733 qui
1672 1662 1935 1732 promittit
1958 1677 2043 1717 re-

2160 1672 2322 1725 Βεται.
2372 1673 2429 1727 Ὀ
2465 1674 2520 1727 δὲ
2560 1674 2651 1729 τὸν
2676 1676 2771 1729 ἕνα
2804 1674 3030 1744 λέγοντα
3069 1672 3283 1743 ἐλέγξαι
3328 1671 3713 1743 ἐπαγγελλόμε-

473 1756 889 1821 prehensionem
918 1756 1209 1809 asserentis
1233 1770 1399 1808 unum
1422 1754 1613 1818 Deum,
1641 1754 1799 1824 plane
1822 1752 2044 1810 manife-

475 1852 621 1892 stum
653 1848 734 1893 est
757 1837 903 1909 quod
937 1846 1003 1905 is,
1038 1855 1161 1895 vera
1192 1840 1441 1912 loquens,
1471 1858 1579 1898 non
1610 1844 1749 1899 idem
1778 1844 2043 1901 aﬂirmet:

470 1929 522 1983 si
554 1931 701 1983 enim
736 1930 875 1984 idem
907 1931 1040 1985 dicit
1074 1947 1198 1986 cum
1242 1949 1306 1988 eo
1352 1935 1445 2003 qtti
1490 1938 1747 1991 ementita
1783 1937 2045 2006 loquitur,

474 2028 533 2073 et
556 2019 670 2088 ipse
698 2017 937 2089 profecto
953 2033 1036 2075 est
1060 2022 1322 2088 mendax;
1348 2024 1394 2078 si
1418 2040 1549 2080 vero
1575 2027 1848 2080 contraria
1869 2026 2049 2083 dicere

475 2128 538 2166 se
571 2112 826 2178 ostendit,
863 2128 929 2168 ex
976 2114 1206 2169 adverso
1251 2129 1383 2169 sane
1431 2130 1594 2172 verus
1632 2126 1734 2172 est.
1788 2115 1901 2173 Non
1942 2119 2048 2173 alia

473 2218 605 2272 ergo
646 2204 855 2259 ratione
894 2204 1301 2276 praedicatorem
1354 2208 1515 2263 unius
1552 2207 1643 2262 Dei
1670 2224 1792 2264 esse
1822 2210 2049 2264 menda-

473 2308 595 2350 cem
624 2296 961 2364 pronuntias,
996 2297 1101 2351 nisi
1136 2298 1263 2367 quia
1294 2298 1492 2354 multos
1520 2298 1650 2355 deos
1679 2315 1801 2355 esse
1834 2315 2045 2355 censes.

475 2390 641 2461 Atqui
672 2391 870 2447 multos
898 2406 1020 2447 esse
1048 2391 1184 2447 deos
1212 2406 1312 2463 ego
1338 2408 1557 2464 quoque
1577 2393 1686 2448 aio.
1719 2393 1919 2450 Eadem
1949 2396 2051 2467 igi-

479 2492 569 2537 tur
598 2492 775 2539 tecum
811 2483 1058 2540 doctrina
1102 2494 1228 2540 ante
1274 2486 1721 2555 disceptationem
1755 2497 2051 2558 occupatus

476 2590 600 2630 sttm
630 2594 644 2630 :
676 2585 731 2632 et
756 2588 1039 2646 propterea
1069 2578 1377 2633 nullatenus
1400 2587 1614 2649 oportet
1644 2588 1694 2634 te
1722 2589 1963 2635 metuere
1986 2580 2052 2635 de

480 2681 603 2733 tne,
637 2667 731 2722 sed
758 2665 976 2721 Petrum
1012 2668 1191 2738 potius
1224 2686 1238 2723 :
1269 2668 1569 2725 etiamnum
1616 2669 1816 2738 quippe
1863 2678 2051 2724 contra

477 2766 646 2827 atque
683 2758 772 2812 ille
818 2758 1014 2812 sentio.
1060 2756 1191 2812 Pust
1219 2767 1452 2812 vestram
1498 2766 1679 2813 autem
1723 2758 2051 2829 disputatio-

480 2865 628 2916 item,
662 2865 822 2920 spero
850 2850 965 2905 fore
1002 2860 1062 2905 ut
1090 2851 1201 2905 veri
1244 2852 1523 2906 studiosus
1549 2851 1736 2922 judex,
1775 2852 1925 2907 omni
1960 2852 2056 2908 de-

2152 1782 2258 1828 νος,
2293 1764 2509 1830 πάντως
2537 1766 2757 1839 εὔδηλον
2785 1768 2863 1831 ὡς
2883 1768 3083 1831 ἐκεῖνος
3101 1764 3402 1837 ἀληθεύων,
3424 1765 3485 1817 οὐ
3510 1765 3567 1817 τὸ
3592 1764 3712 1818 αὐτὸ

2151 1856 2324 1926 λέγει’
2354 1858 2402 1910 εί
2440 1857 2547 1928 γὰρ
2572 1858 2650 1928 τῷ
2676 1857 3128 1928 καταψευδομένῳ
3160 1857 3219 1909 τὸ
3256 1855 3393 1909 αὐτὸ
3423 1854 3587 1924 λέγει,
3628 1854 3715 1908 καὶ

2153 1948 2313 2011 αὐτὸς
2336 1950 2377 1980 ⁸⁸
2406 1949 2512 2021 ἀρα
2536 1949 2814 2019 ψεύδεταιο
2851 1950 2899 2001 εί
2940 1949 2997 2002 δέ
3037 1948 3107 2001 τὰ
3148 1948 3370 2001 ἐναντία
3395 1947 3563 2016 λέγων
3593 1948 3717 2000 ἀπο-

2151 2038 2439 2104 δείκνυσιν,
2472 2039 2727 2111 ἄντικρυς
2770 2038 3039 2110 ἀληθεύει.
3102 2039 3216 2092 Οὐκ
3270 2037 3450 2102 ἄλλως
3499 2032 3588 2090 οὖν
3634 2037 3716 2090 τὸν

2152 2130 2247 2184 ἕνα
2279 2131 2411 2185 Θεὸν
2440 2127 2577 2185 εἶναι
2618 2131 2846 2201 λέγοντα
2872 2131 3109 2203 ψεύστην
3150 2130 3346 2199 λέγεις,
3401 2132 3448 2184 εί
3496 2130 3567 2202 μὴ
3588 2130 3630 2160 ⁶¹
3658 2130 3717 2182 ἂν

2153 2225 2233 2278 ὃτι
2256 2223 2477 2288 πολλοὺς
2520 2225 2683 2289 αὐτὸς
2716 2224 2958 2291 δοξάζεις
2999 2223 3175 2288 θεούς·
3207 2222 3368 2286 θεοὺς
3413 2222 3469 2276 δὲ
3510 2221 3719 2283 πολλοὺς

2153 2312 2290 2369 εἶναι
2321 2316 2413 2370 καὶ
2433 2315 2543 2385 ἐγώ
2572 2334 2743 2388 φημιο
2780 2315 2859 2388 τῷ
2883 2316 3031 2387 αὐτῷ
3057 2311 3150 2370 οὖν
3192 2332 3271 2369 σοι
3301 2314 3416 2387 πρὸ
3442 2315 3541 2384 τῆς
3560 2311 3718 2383 ζητή-

2155 2426 2293 2472 σεως
2336 2408 2478 2478 λόγῳ
2521 2407 2676 2477 κάγὼ
2716 2407 3222 2480 προκατείλημμαι·
3249 2404 3343 2459 καὶ
3400 2403 3539 2458 κατά
3576 2402 3722 2456 τοῦτο

2155 2501 2283 2572 περὶ
2326 2498 2459 2572 ἐμοῦ
2500 2516 2558 2553 σε
2595 2499 2656 2552 τὸ
2702 2498 2958 2571 παράπαν
2989 2500 3049 2563 ού
3086 2496 3386 2551 δεδοικέναι
3430 2496 3555 2568 χρὴ,
3598 2493 3723 2548 ἀλλά

2155 2593 2360 2664 Πέτρον
2391 2591 2622 2663 μᾶλλονο
2652 2590 2905 2661 τυγχάνω
2949 2589 3057 2662 γὰρ
3099 2590 3248 2660 αὐτῷ
3288 2590 3390 2643 καὶ
3421 2588 3500 2642 ἔτι
3537 2587 3602 2641 τὰ
3643 2588 3723 2639 ἐν-

2155 2681 2309 2736 αντία
2339 2680 2565 2752 φρονῶν.
2597 2679 2751 2735 Μετά
2774 2680 2829 2735 δέ
2850 2680 2947 2751 τὴν
2969 2680 3236 2751 ὑμετέραν
3261 2678 3514 2752 ζήτησιν,
3536 2675 3725 2740 ἐλπίζω

2155 2773 2453 2846 φιλαλήθης
2472 2772 2545 2827 ῶν
2566 2773 2777 2845 κριτὴς,
2808 2774 2986 2825 πᾶσαν
3016 2771 3428 2842 ἀποδυσάμενος
3451 2770 3722 2843 πρόληψιν,

2152 2863 2231 2936 τῷ
2261 2862 2643 2935 ἐπικρατοῦντι
2677 2862 2960 2917 συνθέσθαι
2989 2860 3149 2933 λόγῳ.
3181 2861 3370 2915 Ταῦτα
3399 2862 3493 2915 τοῦ
3535 2859 3727 2931 πατρὸς

482 2942 657 3011 posita
708 2941 1122 3011 anticipatione,
1183 2940 1495 3010 praevalenti
1535 2955 1906 2996 consensurus
1948 2940 2052 2995 sim

2160 2955 2418 3018 είπόντος,
2449 2953 2634 3026 ἡρέμα
2669 2953 2762 3025 βοή
2791 2971 2874 3019 τις
2910 2954 3132 3007 ἐπαίνου
3167 2954 3229 3005 ἐκ
3265 2952 3377 3005 τῶν
3420 2952 3593 3025 ὄχλων
3618 2950 3728 3020 ἐγέ-

481 3034 737 3089 orationi.
782 3031 908 3089 Haec
952 3049 1074 3087 cum
1119 3041 1272 3103 pater
1316 3033 1563 3099 dixisset,
1600 3034 1805 3089 sensim
1849 3034 2057 3090 clamor

2160 3062 2298 3109 νετο,
2330 3046 2422 3097 ἐπὶ
2449 3043 2525 3114 τῷ
2547 3043 2720 3108 οὕτως
2758 3044 2845 3098 τὸν
2872 3045 3083 3098 πατέοα
3109 3043 3480 3113 διαλεχθῆναι.

480 3125 704 3195 quidam
748 3125 1077 3179 laudationis
1107 3140 1137 3179 a
1164 3125 1364 3194 pepuln
1400 3137 1622 3181 exortus
1664 3139 1767 3193 est,
1797 3129 2055 3198 quoniam

484 3217 560 3271 ita
592 3224 747 3285 pater
775 3225 919 3271 esset
943 3216 1179 3271 locutus.

554 3305 837 3363 CXXXIII.
865 3305 1035 3362 Porro
1073 3306 1266 3364 Petrus
1297 3324 1450 3364 suam
1481 3310 1547 3366 de
1585 3310 1695 3366 Deo
1734 3312 2056 3367 sententiam

481 3397 739 3467 exposuit
764 3397 842 3453 z”
856 3398 1117 3467 pluraque
1141 3398 1208 3452 de
1233 3400 1548 3453 monarchia
1579 3400 1916 3470 prolocutus,
1934 3417 2057 3457 cum

486 3488 747 3562 Iacrymis
775 3505 943 3545 manu
972 3490 1256 3546 advocavit
1294 3490 1734 3560 multitudinem;
1768 3511 1873 3564 qtta
1906 3511 2059 3550 acce-

483 3582 668 3650 dente,
699 3592 812 3636 tum
857 3597 1052 3637 manus
1100 3583 1379 3654 imposuit,
1404 3593 1518 3639 tum
1551 3600 1652 3656 pro
1698 3585 1765 3641 iis
1808 3596 2061 3656 precatus

483 3682 613 3733 est:
646 3674 957 3746 pariterque
1004 3690 1194 3730 omnes
1250 3674 1360 3731 Deo
1404 3677 1800 3733 benedixintus.
1838 3677 1884 3710 “
1915 3676 2062 3733 lntro

485 3777 670 3825 autem
697 3769 856 3825 irruit
886 3768 1103 3839 aliquis,
1130 3767 1339 3825 Simoni
1372 3769 1562 3826 dicens
1590 3787 1603 3825 :
1631 3772 1840 3842 Appion
1868 3770 2063 3827 Plisto-

486 3862 643 3918 nices
664 3877 787 3917 cum
802 3861 1129 3917 Annubione
1158 3861 1321 3917 modo
1344 3862 1492 3919 venit
1520 3863 1827 3919 Antiochia.
1853 3862 2063 3930 Quibus

489 3954 712 4020 auditis,
766 3952 952 4010 Simon
1000 3954 1112 4009 exit
1157 3954 1362 4018 statim,
1395 3955 1549 4025 quasi
1588 3955 1871 4025 praedictos
1907 3972 2065 4012 exce-

489 4056 708 4117 pturus.
739 4045 898 4101 Pater
926 4060 1057 4100 vero
1102 4045 1369 4102 accedens
1422 4047 1487 4101 ad
1515 4046 1732 4101 Petrum
1761 4064 1774 4101 :
1809 4047 1863 4100 Si
1905 4048 2062 4111 mihi,

492 4140 688 4209 inquit,
726 4139 1000 4206 concedis,
1037 4139 1255 4194 domine
1299 4141 1399 4207 mi;
1442 4149 1493 4195 et
1521 4155 1621 4210 ego
1640 4156 1765 4195 cum
1794 4156 1858 4194 eo
1901 4140 2065 4211 proli-

489 4231 689 4297 ciscar,
724 4242 784 4285 ut
813 4230 1041 4286 salutem
1070 4230 1368 4300 Appionem
1398 4239 1450 4284 et
1479 4230 1880 4297 Annubiouem,
1915 4245 2065 4284 meos

2233 3307 2521 3366 CXXXIII.
2554 3308 2662 3362 Kal
2683 3308 2830 3378 ὅμως
2852 3310 2882 3360 6
2910 3307 3111 3375 Πέτρος
3141 3308 3201 3359 τὸ
3224 3304 3425 3359 ἑαυτοῦ
3461 3305 3584 3376 περὶ
3606 3299 3730 3356 Θεοῦ

2162 3401 2375 3469 ἐξέθετο
2412 3401 2696 3473 φρόνημα·
2748 3400 2842 3453 καὶ
2886 3398 3054 3450 πολλά
3099 3398 3225 3469 περὶ
3280 3398 3581 3470 μοναρχίας
3629 3395 3735 3449 δια-

2162 3494 2389 3568 λεχθεὶς,
2424 3491 2562 3565 μετά
2596 3490 2845 3563 δακρύων
2887 3493 2955 3561 τῇ
3002 3490 3142 3561 χειρὶ
3187 3489 3579 3567 προσεκαλεῖτο
3616 3488 3736 3549 τοὺς

2162 3586 2375 3658 ὄχλουςο
2411 3579 2493 3649 οἷς
2526 3581 2898 3655 προσελθοῦσι,
2931 3581 3029 3645 τὰς
3061 3580 3247 3652 χεῖράς
3271 3598 3330 3633 τε
3366 3582 3625 3645 ἐπετίθει,
3647 3578 3736 3632 καὶ

2166 3679 2305 3751 ὑπὲρ
2333 3676 2510 3730 αὐτῶν
2542 3673 2774 3745 ηῦχετο’
2819 3675 2913 3727 καὶ
2947 3671 3081 3744 ὁμοῦ
3128 3672 3327 3735 πάντες
3373 3673 3735 3743 εύλογήσαμεν

2164 3768 2256 3822 τὸν
2290 3767 2442 3822 Θεόν.
2487 3766 2879 3838 ’Υπεισέδραμε
2905 3764 2962 3817 δέ
3002 3781 3086 3827 τις
3119 3764 3292 3831 λέγων
3322 3765 3464 3835 πρὸς
3494 3766 3731 3834 Σίμωνα·

2179 3860 2421 3914 Ἀππίων
2469 3860 2497 3913 6
2546 3858 2927 3928 Πλειστονίκης
2984 3856 3080 3909 σὺν
3126 3855 3173 3887 ⁸⁸
3220 3854 3563 3909 Ἀννουΰίωνι
3613 3848 3737 3925 ἧκεν

2166 3950 2370 4024 ἀρτίως
2390 3949 2498 4002 ἀπὸ
2530 3947 2876 4017 Ἀντιοχείας.
2898 3947 3006 3999 Kal
3026 3944 3201 3999 ταῦτα
3225 3943 3357 3998 ἀκού
3368 3963 3470 4009 σας
3488 3947 3515 3998 6
3544 3944 3734 4015 Σίμων,

2167 4042 2363 4106 ἔξεισιν
2395 4040 2595 4102 εὐθέως
2622 4038 2667 4069 ⁸⁸
2693 4038 2769 4100 ῶς
2809 4037 2935 4099 τοὺς
2972 4034 3294 4106 εἰρημένους
3333 4033 3735 4103 ὑποδεξάμενος.

2180 4137 2238 4190 ’0
2259 4135 2315 4188 δέ
2347 4134 2525 4205 πατὴρ
2553 4132 2595 4162 ⁸⁷
2625 4128 2930 4202 προσελθὼν
2951 4127 3027 4198 τῷ
3048 4128 3269 4199 Πέτρῳ·
3306 4127 3375 4179 Εἴ
3418 4145 3507 4199 μοι
3537 4123 3741 4196 ἐπιτρέ-

2170 4245 2311 4291 πεις,
2357 4225 2482 4295 ἔφη,
2527 4222 2681 4294 κύριέ
2730 4239 2851 4291 μου,
2907 4216 3207 4289 πορεύομαι
3250 4216 3407 4286 κάγὼ
3464 4220 3559 4271 σὺν
3602 4213 3741 4283 αὐτῷ

492 4340 526 4378 a
556 4324 729 4393 prima
759 4332 916 4378 aetate
940 4322 1167 4377 amicos.
1196 4319 1406 4375 Etenim
1436 4321 1574 4376 forte
1602 4321 1912 4378 Annubioni
1940 4338 2052 4393 per-

2174 4313 2629 4388 προσαγορεύσων
2674 4309 2956 4365 Ἀππίωνά
3010 4324 3070 4360 τε
3123 4307 3218 4361 xal
3262 4306 3641 4369 Ἀννουὸίωνα,
3682 4304 3742 4358 ἐκ

495 4415 740 4469 suadebo
778 4424 841 4470 ut
866 4431 990 4470 cum
1025 4414 1302 4469 Clemente
1351 4413 1591 4483 disputet
1623 4413 1690 4469 de
1743 4413 1945 4484 genesi.
2002 4411 2069 4467 Et

497 4505 731 4562 Petrus:
765 4506 1040 4572 Concedo,
1087 4505 1298 4575 inquit;
1348 4505 1509 4560 laudo
1534 4505 1722 4570 etiam,
1756 4505 1901 4575 quod
1926 4506 2067 4558 ami-

495 4615 689 4655 corum
729 4607 1002 4668 partes.et
1030 4597 1204 4652 cilicia
1242 4597 1486 4668 impleas.
1518 4596 1902 4652 Verumtamen
1936 4597 2067 4651 mihi

495 4694 700 4765 cogita,
730 4706 842 4764 quo
878 4694 1039 4747 modo
1071 4691 1368 4747 secundum
1406 4689 1500 4745 Dei
1530 4690 1925 4760 providentiam
1970 4705 2072 4742 un-

497 4786 663 4856 dique
692 4794 1023 4840 concurrant
1040 4799 1162 4854 qua:
1190 4783 1253 4839 ad
1281 4785 1435 4853 plene
1462 4781 1762 4837 faciendam
1784 4782 1882 4836 tibi
1911 4782 2069 4837 [idem

499 4876 808 4948 pertinent,
841 4884 1026 4945 aptum
1061 4875 1391 4945 perlicientia
1446 4882 1800 4930 concentum.
1830 4872 1943 4929 Hoc
1973 4888 2072 4927 au-

499 4979 609 5024 tem
654 4968 767 5024 dixi
810 4967 1399 5039 propter'Annubionis
1444 4967 1757 5033 adventum,
1802 4966 1897 5022 tibi
1945 4974 2089 5021 cum

501 5077 638 5116 usus
668 5060 771 5115 fuit
799 5059 1185 5128 obtingentem.
1231 5057 1295 5112 Et
1323 5067 1511 5129 pater:
1546 5057 1705 5127 Vere,
1737 5058 1934 5129 inquit,
1976 5072 2077 5126 ego

501 5166 727 5225 quoque
756 5149 1040 5220 conspicio
1065 5150 1117 5206 id
1149 5148 1220 5205 ita
1248 5150 1463 5205 habere.

575 5240 863 5299 CXXXIV.
895 5241 1069 5313 Atque
1097 5252 1219 5313 post
1259 5241 1372 5296 haec
1397 5240 1564 5306 dicta,
1595 5248 1868 5311 protectus
1895 5247 1978 5294 est
2007 5237 2078 5292 ad

506 5334 813 5392 Simonem.
852 5330 1090 5388 Inventis
1124 5341 1304 5386 autem
1337 5330 1579 5401 Appioue
1625 5339 1679 5385 et
1729 5327 2075 5393 Annubione,

2177 4404 2399 4479 πρώτης
2421 4403 2636 4477 ἡλικίας
2664 4399 2847 4470 φίλους
2878 4416 2978 4470 μου
3007 4398 3051 4430 ⁸⁸
3072 4398 3413 4468 γενομένους.
3439 4398 3611 4468 Τυχὸν
3644 4396 3744 4467 γὰρ

2177 4503 2272 4555 καὶ
2312 4495 2666 4552 Ἀννουὸίωνα
2715 4493 2888 4547 πείσω
2924 4490 3199 4560 Κλήμεντι
3237 4487 3585 4559 διαλεχθῆναι
3625 4484 3746 4555 περὶ

2177 4591 2458 4662 γενέσεως.
2483 4587 2593 4642 Kal
2614 4588 2641 4640 6
2663 4585 2884 4656 Πέτρος·
2921 4580 3250 4652 Ἐπιτρέπω,
3274 4579 3399 4650 ἐφη,
3424 4581 3521 4633 καὶ
3549 4574 3747 4630 ἐπαινῶ

2175 4682 2247 4735 τὰ
2278 4679 2443 4750 φίλων
2486 4694 2545 4730 σε
2576 4674 2885 4746 πληροῦνται
2931 4673 3091 4745 μέρη.
3137 4672 3282 4743 Πλὴν
3323 4670 3495 4724 ἐννόει
3546 4686 3635 4739 μοι
3677 4667 3747 4730 ὡς

2182 4773 2324 4827 κατὰ
2353 4772 2605 4843 πρόνοιαν
2638 4764 2771 4822 Θεοῦ
2812 4765 3148 4836 πανταχόθεν
3181 4763 3462 4836 συντρέχει
3504 4761 3601 4825 τὰ,
3622 4760 3748 4831 πρὸς

2181 4866 2282 4936 τὴν
2314 4864 2412 4935 σὴν
2440 4860 2828 4933 πληροφορίαν,
2868 4859 3071 4913 οἰκείαν
3115 4855 3477 4911 ἀποτελοῦντα
3519 4855 3618 4925 τὴν
3660 4852 3750 4921 ἀρ’

2182 4957 2389 5028 μονίαν.
2434 4953 2603 5009 Τοῦτο
2638 4953 2695 5009 δὲ
2732 4949 2884 5006 εἷτων
2910 4954 2999 5005 διὰ
3029 4952 3128 5023 τὴν
3161 4949 3540 5011 Ἀννουὸίωνος
3566 4943 3750 5018 χρησί-

2184 5065 2298 5119 μως
2355 5064 2434 5100 σοι
2486 5044 2782 5117 γενομένην
2836 5044 3128 5117 ἐπιδημίαν
3183 5042 3247 5097 ⁸⁸.
3295 5044 3404 5096 Kal
3459 5043 3490 5095 6
3549 5033 3752 5110 πατήρ⁶

2192 5137 2452 5211 Ἀληθῶς,
2483 5137 2608 5207 ἔφη,
2640 5136 2793 5203 κάγὼ
2824 5135 3030 5205 συνορῶ
3060 5133 3217 5189 τοῦτο
3242 5133 3442 5188 οὑτωσὶ
3471 5133 3615 5203 ἔχον.

2249 5230 2534 5287 CXXXIV.
2586 5231 2695 5284 Kal
2741 5228 2912 5282 ταῦτα
2960 5227 3147 5291 εἰπὼν,
3184 5225 3451 5300 ἐπορεύθη
3504 5224 3640 5296 πρὸς
3670 5220 3750 5274 Σί-

2185 5342 2359 5396 μωνα.
2386 5323 2493 5377 Kal
2521 5320 2695 5392 εὑρὼν
2728 5321 3012 5377 ’Ᾱππίωνά
3039 5338 3097 5373 τε
3126 5321 3219 5376 καὶ
3253 5317 3628 5382 Ἀννουϐίωνα,
3665 5315 3751 5368 καὶ

1777 5462 2009 5519 VARI?!)
2048 5459 2452 5517 LECTIONES.

585 5571 630 5601 ⁸·
649 5572 799 5625 deest
829 5570 883 5625 in
910 5570 981 5627 al.
1024 5569 1069 5602 "
1106 5568 1175 5622 al.
1220 5567 1292 5638 μή
1318 5582 1403 5638 τε.

514 5647 567 5692 ιι
594 5642 749 5697 ducat
777 5643 833 5697 in
859 5642 910 5696 al
1010 5642 1051 5675 ⁶⁷
1087 5640 1156 5694 al.
1198 5633 1436 5699 ἀκούσας
1470 5634 1561 5688 καί
1608 5633 1815 5705 χαρείς.

1484 5562 1528 5595 ⁸³
1565 5560 1848 5627 Clemeut.,
1880 5561 2027 5615 hom.
2064 5574 2174 5621 χιιι,
2200 5573 2249 5611 c.
2290 5557 2378 5611 ‘ll.
2459 5560 2504 5592 "
2550 5557 2649 5612 Rec
2679 5551 2757 5617 ,1.
2791 5569 2847 5618 χ,
2875 5567 2925 5607 c.
2959 5550 3168 5614 3‘2,ctc.
3251 5545 3296 5579 "
3318 5549 3389 5604 al.
3424 5542 3750 5599 'Avooﬂiww.

1484 5634 1561 5684 (αἰ
1609 5633 1815 5684 γαοείς.
1894 5630 2031 5684 “al.
2083 5646 2188 5684 μοι.
2271 5628 2315 5658 ‘9
2361 5625 2431 5681 al.
2490 5623 2791 5684 ἐπιτυχίαν.

1894 5631 1936 5661 ⁸⁸
1963 5631 2031 5684 al.
2081 5646 2188 5701 μοι.

2271 5628 2315 5658 ‘9
2361 5625 2431 5681 al.
2490 5623 2791 5695 ἐπιτυχίαν.
