4066 6330
282 224 385 283 569

1081 226 1629 303 CLEIIEN'I‘INA.—-
1664 226 1963 284 EPITOIIE
1998 227 2087 283 DE
2124 227 2368 286 CESTIS
2403 231 2462 287 S.
2501 228 2726 287 PETRI.

3432 231 3535 289 570

279 337 728 413 προσαγορεύσας
759 339 976 405 αὐτοὺς,
1014 340 1301 414 ἐκαθέσθη.
1320 341 1379 394 Ὀ
1410 341 1466 395 δὲ
1495 340 1676 412 Σίμων
1701 340 1863 395 ἀκού-

1965 356 2029 396 ac
2058 341 2328 406 salutatis,
2355 342 2621 399 consedit.
2640 341 2831 398 Simon
2858 359 2988 402 vero
3006 342 3238 430 audiens
3265 348 3538 413 quosdam

279 451 378 497 σας
399 433 761 506 ἐπιδημήσειν
786 432 935 498 τινάς
966 435 1029 487 ἐκ
1060 434 1377 506 προσταγῆς
1422 432 1701 505 βασιλικῆς
1741 434 1861 487 ἑπι-

275 523 577 596 ζητοῦντας
621 524 817 589 αὐτὸν,
861 526 954 580 καὶ
998 527 1304 597 φάσκοντας
1342 525 1465 579 καθ’
1511 525 1594 578 ὅτι
1646 527 1864 598 Καῖσαρ

274 616 509 680 πολλοὺς
545 616 753 688 μάγους
794 617 1016 682 ἀνελὼν,
1067 614 1185 671 εἶτα
1226 618 1321 671 καὶ⁸
1361 616 1431 670 τὰ
1476 616 1618 671 κατά
1642 617 1863 689 Σίμωνα

275 708 583 780 πυθόμενος
608 710 675 773 ⁷⁸,
704 712 785 774 είς
818 698 1139 783 ὲπιζήτῆσιν
1180 707 1347 763 αὑτοῦ
1387 707 1674 779 πέμψειεν,
1712 709 1862 772 ὅπως

272 802 369 853 καὶ
410 801 575 855 αὐτὸν
598 801 642 833 ⁷³
667 802 871 872 ὁμοίως
908 801 1134 881 κολάσῃ,
1182 800 1320 872 πρὸς
1372 799 1727 855 ’Δννουϐίωνα
1764 798 1862 853 καὶ

282 887 571 942 Ἀππίωνα
613 888 744 961 ἔφη·
770 888 1013 944 Φαῦστον
1044 890 1179 961 π’ρδς
1232 890 1380 960 ἡμᾶς
1422 889 1661 950 ἐλθόντα,
1696 907 1861 961 μετα-

272 983 426 1049 σχεῖν
456 980 598 1033 ἁλῶν
630 984 891 1054 ποιήσατε
923 985 1019 1038 σὺν
1047 985 1178 1055 ἡμῖν
1197 1001 1211 1015 ο
1251 983 1360 1054 ἐγὼ
1384 983 1439 1037 es
1474 984 1645 1055 μύρον
1681 1000 1735 1037 τι
1761 1001 1858 1037 κα-

268 1074 595 1128 τασκευάσω
618 1077 682 1139 ⁷³,
716 1076 801 1130 ἴνα
837 1078 1130 1149 δειπνήσας
1154 1079 1251 1133 καὶ
1274 1079 1321 1110 ⁷⁸
1349 1077 1728 1149 ἀλειψάμενος,
1757 1076 1857 1150 τὴν

267 1165 411 1237 ἐμὴν
437 1167 570 1218 πᾶσι
743 1166 888 1239 ἔχειν
912 1169 1148 1239 μορφήν.

337 1342 602 1402 CXXXV.
646 1345 756 1398 Καὶ
785 1344 879 1399 τοῦ
925 1345 1170 1417 Σίμωνος
1215 1346 1389 1402 ταῦτα
1422 1347 1685 1411 είπόντος,
1725 1347 1856 1401 Ἀπ-

267 1435 409 1488 πίων
441 1437 536 1489 καὶ
575 1436 892 1490 Ἀννουϐίων
934 1438 1068 1508 φασὶ
1103 1438 1239 1510 πρὸς
1280 1439 1474 1493 αὐτόν*
1505 1440 1615 1494 Καὶ
1655 1441 1707 1493 τί
1745 1440 1853 1512 ἄρα

270 1546 351 1581 σοι
379 1529 571 1599 κέρδος
592 1529 701 1583 άπδ
718 1530 817 1601 τῆς
850 1530 1098 1601 μηχανῆς
1136 1530 1286 1584 ἔσται
1303 1532 1545 1603 ταύτηςς
1577 1534 1684 1586 Καὶ
1710 1536 1737 1587 6
1761 1533 1851 1585 Σί-

268 1637 386 1689 μων
416 1621 521 1691 ἔφη
540 1638 554 1651 ·
585 1622 809 1692 Πρῶτον
840 1622 935 1692 μὲν
963 1621 1317 1686 συλλαϐόντες
1349 1624 1511 1677 αὑτὸν
1540 1625 1587 1677 οί
1621 1624 1719 1696 ἐμὲ
1756 1624 1852 1694 ζη-

1956 432 2113 502 jussu
2171 435 2319 504 regio
2365 435 2776 501 adventaturos,
2827 436 2921 507 qui
2978 437 3158 507 ipsum
3206 448 3536 508 quaererent,

1959 526 2163 596 quique
2217 526 2479 589 dicerent,
2537 526 2806 583 Cmsarem
2855 529 3040 583 multis
3088 531 3265 601 magis
3311 530 3529 585 interro.

1960 617 2082 681 clis,
2116 618 2308 671 deinde
2340 627 2392 672 et
2423 618 2490 673 de
2526 617 2750 674 Simone
2781 622 3066 676 certiorem
3105 622 3330 690 factum,
3358 624 3423 677 ad
3454 625 3538 677 in-

1958 709 2373 779 vestigationem
2411 710 2557 766 illius
2589 712 2827 775 misisse,
2850 708 2980 763 utin
3010 710 3160 766 illum
3191 715 3538 767 etiamanim-

1961 798 2259 869 advertat;
2354 802 2419 856 ad
2484 802 2864 859 Aunubionem
2920 814 2973 860 et
3025 806 3323 875 Appionem
3375 806 3531 859 iniit:

1958 890 2243 958 Faustum,
2268 894 2359 963 qui
2392 893 2457 948 ad
2492 910 2591 949 nos
2624 897 2789 958 venit,
2843 896 3004 952 tacite
3037 898 3218 952 cibum
3246 899 3532 953 uobiscum

1956 1000 2207 1051 sumere;
2252 1001 2353 1056 ego
2420 998 2601 1043 autem
2658 1000 2991 1059 unguentum
3041 992 3313 1061 quoddam
3366 992 3536 1047 couti-

1956 1078 2120 1142 ciam,
2150 1088 2208 1133 ut
2240 1090 2488 1136 cmnatus
2520 1091 2575 1136 et
2609 1096 2917 1153 pertingens
2959 1099 3041 1151 se,
3093 1086 3306 1139 cunctis
3336 1086 3534 1142 habere

1957 1167 2185 1224 lormam
2232 1187 2408 1227 meam
2457 1173 2720 1229 videatur.

2019 1346 2283 1404 CXXXV.
2318 1351 2567 1423 Cumque
2618 1355 2733 1410 hare
2788 1356 2978 1412 Simon
3033 1359 3281 1426 dixisset,
3318 1360 3529 1431 Appion

1951 1450 2007 1497 et
2038 1442 2330 1499 Annubion
2366 1445 2519 1500 aiunt
2551 1448 2617 1501 ad
2648 1448 2797 1502 illum
2843 1467 2857 1503 :
2892 1448 2954 1503 Et
2990 1453 3261 1521 quodnam
3327 1454 3421 1507 tibi
3449 1454 3532 1508 lu-

1950 1550 2104 1590 crum
2136 1551 2202 1590 ex
2232 1538 2331 1592 hac
2362 1540 2763 1594 maclunatione
2807 1541 3117 1596 adveniet“?
3138 1542 3533 1613 ResponditSi-

1952 1641 2124 1682 mon:
2171 1626 2356 1682 Primo
2390 1631 2630 1701 quidem,
2690 1634 3087 1702 comprehenso
3146 1635 3258 1699 illo,
3304 1636 3396 1706 qui
3443 1653 3531 1692 me

262 1714 505 1777 τοῦντες,
548 1713 845 1767 παύσονται
894 1714 993 1786 τῆς
1041 1714 1160 1768 κατ’
1209 1714 1342 1786 ἐμοῦ
1373 1714 1670 1788 ζητήσεως.
1704 1718 1765 1770 Εἰ
1795 1717 1851 1770 δὲ

1953 1729 2205 1788 quaerunt
2249 1721 2510 1777 desistent
2566 1724 2636 1778 ab
2671 1724 3016 1796 indagatione
3062 1737 3248 1782 contra
3279 1744 3365 1782 me
3400 1745 3528 1784 sus«

262 1807 360 1860 καὶ
387 1807 493 1860 ὑπὸ
521 1806 805 1878 βασιλικῆς
832 1807 1016 1879 χειρὸς
1044 1807 1377 1880 ἀναιρεθείη,
1424 1809 1675 1880 μέγιστον
1718 1809 1845 1863 πέν-

264 1898 354 1964 θος
377 1899 590 1964 ἕξουσιν
616 1900 665 1954 οἱ
688 1899 878 1953 τούτου
903 1900 1111 1965 παῖδες,
1140 1900 1356 1964 οἵτινες
1392 1901 1492 1972 ἐμὲ
1519 1901 1844 1955 καταλιπόν-

262 2012 372 2059 τες,
429 1994 623 2066 Πέτρῳ
666 1994 1202 2066 προσπεφοιτήκασιν
1247 1994 1313 2049 ⁷⁸.
1352 1994 1594 2049 ’Δππίων
1652 1994 1709 2049 δὲ
1750 1995 1845 2050 καὶ

272 2086 596 2140 Ἅννουϐίων
626 2086 745 2140 κατ’
778 2086 912 2141 ἰδίαν
944 2086 1121 2141 πάντα
1142 2086 1223 2157 τῷ
1250 2085 1477 2157 Φαύστῳ
1501 2085 1841 2157 διασαφοῦσι,

260 2180 354 2233 καὶ
375 2178 476 2248 τὴν
500 2177 791 2250 ἐπιϐουλὴν
821 2177 1109 2251 φράζουσι.
1144 2166 1252 2233 Καὶ
1280 2180 1308 2232 6
1330 2178 1567 2243 Φαῦστος
1593 2180 1691 2233 οὐκ
1715 2179 1845 2251 ἀλη-

259 2269 373 2334 θεῖς
416 2264 553 2323 εἶναι
597 2271 722 2334 τοὺς
746 2269 937 2340 λόγους
959 2272 1206 2345 νομίσας,
1236 2272 1622 2344 συνδειπνήσας
1648 2271 1726 2343 τῷ
1755 2271 1845 2325 Σί-

262 2362 568 2432 μωνι-μετά
588 2379 652 2430 γε
669 2361 778 2415 τῶν
804 2362 1035 2437 ἑταίρων
1098 2364 1403 2427 Ἀππίωνός
1431 2381 1490 2416 τε
1515 2364 1609 2417 καὶ
1633 2364 1845 2418 Ἀννου-

256 2450 473 2515 ϐῖωνος,
507 2453 571 2504 ἐκ
614 2452 795 2525 χειρὸς
830 2451 925 2506 τοῦ
962 2454 1204 2526 Σίμωνος
1235 2453 1502 2525 λαμϐάνει
1540 2450 1602 2506 τὸ
1648 2452 1840 2527 μύρον,

258 2544 352 2596 καὶ
380 2544 450 2596 τὸ
472 2543 603 2597 Ξδιον
644 2543 1003 2615 ἀλειψάμενος
1039 2546 1350 2617 πρόσωπον,
1395 2547 1493 2617 τὴν
1527 2544 1619 2599 τοῦ
1664 2547 1845 2619 Σίμω-

258 2652 347 2700 νος
364 2636 415 2667 ’⁸
445 2635 607 2700 εὗθὺς
632 2636 798 2689 ὑπέδυ
822 2638 1056 2709 μορφήν.
1085 2636 1231 2709 Πλὴν
1260 2637 1319 2689 ὲν
1351 2636 1489 2711 μέσῃ
1507 2656 1571 2708 γε
1590 2640 1654 2711 τῇ
1685 2640 1843 2695 νυκτὶ

256 2726 549 2791 διαναστάς
598 2730 626 2782 6
674 2726 879 2798 Σίμων,
930 2728 1029 2799 τὴν
1078 2727 1171 2781 ἐπὶ
1215 2727 1315 2797 τῆς
1354 2727 1616 2793 Ἰουδαίας
1664 2731 1844 2803 φυγὴν

257 2822 512 2873 ἐποιεῖτο.

322 2908 612 2965 cxxxvr.
654 2911 842 2982 Ἡμεῖς
873 2910 929 2964 δέ
958 2928 1021 2980 γε
1050 2911 1100 2964 οἱ
1139 2910 1218 2982 τῷ
1242 2911 1433 2984 Πέτρῳ
1473 2913 1744 2979 συνόντες,
1773 2900 1844 2970 δι’

256 3003 381 3073 ἴλης
406 3001 604 3066 νυχτδς
647 3002 896 3073 ἀλλήλοις
918 3003 965 3034 ’⁸
991 3000 1376 3074 διομιλοῦντες,
1406 3004 1511 3057 ὑπό
1545 3022 1605 3059 τε
1652 3005 1845 3079 ἡδονῆς

255 3092 347 3145 καὶ
386 3093 566 3163 χαρᾶς
590 3092 698 3144 τῶν
733 3090 1060 3161 λεγομένων,
1103 3092 1363 3163 νήφοντες
1399 3093 1841 3167 διενυκτερεύσα-
1868 3080 1909 3138 C

257 3199 371 3253 μεν.
408 3180 548 3252 Ἤδη
575 3181 632 3234 δέ
672 3199 788 3244 πως
808 3182 906 3251 τῆς
933 3180 1127 3245 νυκτὸς
1159 3183 1634 3256 ὑπαυγαζομένης,
1662 3181 1707 3240 ὀί
1730 3187 1835 3241 Πέο

250 3290 376 3345 τρος
399 3272 678 3344 ἐμϐλέψας
705 3273 828 3343 ἐμοὶ
864 3273 957 3325 καὶ
983 3276 1100 3337 τοῖς
1124 3273 1391 3345 ἀδελφοῖς,
1418 3276 1521 3349 ἔφη
1543 3294 1557 3308 ο
1583 3279 1836 3351 Διαπορῶ

250 3367 301 3419 τί
325 3367 436 3437 ἄρα
463 3382 529 3434 γε
552 3361 630 3435 τῷ
655 3364 904 3436 ὑμετέρῳ
931 3366 1097 3436 πατρὶ
1138 3366 1328 3435 γέγονε
1353 3366 1419 3421 ⁷⁷.
1447 3369 1555 3422 Καὶ
1588 3368 1837 3439 λέγοντος

248 3456 445 3521 ταῦτα,
482 3457 591 3511 ἰδοὺ
637 3458 731 3511 καὶ
773 3458 802 3509 6
830 3458 1014 3531 πατὴρ
1037 3453 1160 3531 ἧκε,
1188 3458 1281 3512 τὸν
1319 3460 1524 3532 Πέτρον
1548 3461 1679 3533 ἡμῖν
1706 3463 1835 3534 περὶ

222 3520 435 3603 ἀὐτοῦ
462 3549 840 3620 διαλεγόμενον
887 3520 995 3620 ῆδτί
1037 3520 1360 3604 καταλαϐών
1379 3568 1394 3582 ο
1421 3520 1735 3624 ἀθυμοῦντά
1772 3520 1835 3608 τε

246 3642 394 3703 ἰδὼν,
432 3643 527 3696 καί
554 3641 1013 3714 προσαγορεύσας,
1045 3642 1424 3713 ἀπελογήσατο
1449 3644 1515 3698 δι’
1558 3646 1625 3716 ῆν
1652 3646 1832 3699 αἰτίαν

248 3732 351 3797 ἔξω
379 3731 725 3802 κεκοίμηται.
757 3731 949 3802 Ἡμεῖς
975 3731 1032 3784 δὲ
1059 3730 1423 3801 ἐμϐλέποντες
1447 3732 1595 3803 αὐτῷ
1623 3732 1834 3807 ὲξεστή-

247 3842 459 3896 κειμεν,
484 3824 547 3875 τὸ
568 3818 705 3887 εἶδος
732 3822 976 3894 Σίμωνος
1005 3820 1258 3893 ὁρῶντες,
1302 3823 1484 3893 φωνῆς
1520 3823 1578 3876 δὲ
1605 3823 1698 3876 τοῦ
1724 3841 1833 3878 πα-

246 3917 370 3989 τρὸς
408 3914 567 3987 ἡμῶν
610 3914 898 3977 ἀκούοντες
945 3912 1207 3967 Φαύστου.
1255 3915 1365 3968 Καὶ
1408 3915 1472 3987 δὴ
1520 3916 1832 3985 φευγόντων

246 4010 399 4079 ἡμῶν
426 4007 610 4071 αὐτὸν,
637 4010 666 4061 6
703 4006 886 4078 πατὴρ
908 4006 1283 4078 ἐξεπέπληκτο
1319 4006 1389 4060 ⁷⁸.
1417 4006 1594 4071 Μόνος
1625 4007 1681 4061 δὲ
1723 4008 1829 4061 Πέ-

246 4118 367 4172 τρος
409 4103 513 4173 τὴν
560 4099 704 4155 κατά
756 4099 916 4170 φύσιν
961 4098 1128 4152 αὐτοῦ
1185 4099 1399 4171 μορφὴν
1435 4098 1655 4168 ἐνορῶν,
1690 4100 1830 4171 πρὸς

246 4196 388 4264 ἡμᾶς
418 4193 525 4265 ἔφη
545 4210 560 4223 ·
593 4193 749 4254 Τίνος
768 4193 956 4245 ἕνεκεν
984 4191 1075 4245 τὸν
1104 4191 1366 4263 ὑμέτερον
1392 4190 1697 4245 ἀπωθεῖσθε
1723 4210 1830 4245 πα-

243 4286 375 4358 τέρα
424 4286 522 4338 καὶ
558 4284 1004 4357 ἀποστρέφεσθε;
1049 4284 1239 4355 Ἡμεῖς
1275 4284 1332 4337 δὲ
1369 4284 1505 4355 πρὸς
1535 4283 1695 4337 αὐτὸν
1735 4285 1827 4336 καὶ

242 4379 277 4447 ἡ
306 4378 524 4447 μήτηρο
563 4376 685 4428 Ὀτι
729 4375 911 4445 Σίμων
955 4374 1085 4444 ἡμῖν
1129 4367 1286 4437 οὗτος
1325 4373 1594 4443 φαίνεται,
1642 4374 1826 4443 φωνὴν

402 4441 499 4520 τοῦ
531 4441 1042 4537 ἡμετέρου-πατρίς.
1067 4466 1175 4518 Ka‘t
1192 4467 1219 4518 6
1248 4441 1470 4536 Πέτροςο
1500 4464 1596 4529 Ui),
1622 4441 1823 4536 φησίν·
1858 4441 1900 4496 υ

246 4560 368 4630 ὖμῖν
423 4560 523 4629 μὲν
565 4560 599 4628 ἡ
628 4557 937 4626 ἀμάγευτος
985 4554 1149 4609 αὐτοῦ
1195 4556 1345 4627 φωνὴ
1384 4555 1658 4628 γνώριμός
1709 4559 1826 4609 ἐστι

246 4651 413 4720 μόνη·
464 4648 600 4720 ἐμοῦ
639 4649 696 4702 δὲ
728 4652 841 4712 τοῖς
892 4647 1221 4719 ἀμαγεύτοις
1263 4647 1579 4720 ὀφθαλμοῖς,
1626 4652 1719 4704 καὶ⁸
1761 4651 1825 4705 τὸ

244 4738 377 4806 εἶδος
408 4740 594 4794 ὁποῖόν
634 4741 750 4793 ἐστι
787 4738 1116 4810 καθορᾶται·
1168 4737 1289 4790 ἐπεὶ
1334 4738 1407 4809 μὴ
1455 4738 1636 4809 Σίμων
1674 4741 1823 4795 ἐστὶν

241 4828 410 4895 οὗτος,
441 4829 580 4884 ἀλλά
602 4828 843 4891 Φαῦστος
886 4828 916 4880 6
954 4826 1220 4897 ὑμέτερος
1260 4824 1430 4888 ὅντως
1469 4826 1666 4897 πατήρ.
1690 4827 1825 4881 Τότε

240 4919 304 4982 δὴ
333 4919 753 4991 προσεμϐλέψας
795 4918 891 4972 καὶ
940 4915 1019 4986 τῷ
1064 4914 1234 4986 πατρὶ
1273 4914 1450 4983 λέγει·
1492 4914 1567 4967 Τδ
1603 4917 1825 4988 γνήσιόν

245 5030 336 5068 σου
363 5011 504 5077 εἶδος
528 5013 711 5075 αὐτοῖς
734 5011 797 5064 οὐ
825 5010 1092 5079 φαίνεται,
1115 5006 1251 5061 ἀλλά
1283 5008 1525 5079 Σίμωνος
1557 5008 1652 5061 τοῦ
1692 5010 1824 5064 ἀσες-

243 5104 502 5157 εεστάτου
543 5104 637 5157 καὶ
659 5104 791 5173 ἡμῖν
812 5100 1079 5172 ἐχθίστου.

310 5253 395 5308 CX
406 5252 621 5310 XXVII.
635 5252 817 5307 Ταῦτα
831 5252 923 5307 τοῦ
938 5254 1143 5326 Πέτρου
1168 5250 1820 5330 διαλεγομένου,ὲπεισῄει

1945 1822 2117 1881 cepta.
2166 1813 2319 1880 Quod
2359 1817 2404 1870 si
2457 1818 2620 1873 etiam
2655 1836 2684 1874 a
2724 1836 2887 1875 manu
2922 1822 3065 1890 regia
3094 1822 3307 1878 occisus
3343 1822 3524 1887 fuerit,

1946 1903 2243 1958 maximum
2289 1905 2495 1961 luctum
2533 1908 2807 1964 habebunt
2839 1910 2959 1979 ejus
2985 1912 3160 1977 liberi,
3190 1911 3283 1982 qui
3312 1928 3397 1967 me
3430 1914 3525 1967 dc-

1945 1992 2132 2047 relicto
2172 1995 2238 2049 ad
2286 1994 2507 2051 Petrum
2543 2014 2601 2054 se
2626 2002 2993 2055 contulerunt.
3037 2003 3248 2073 Appion
3308 2018 3437 2057 vero
3469 2010 3526 2059 et

1944 2082 2234 2142 Anuubion
2266 2089 2517 2158 privatim
2542 2094 2723 2146 omnia
2748 2092 2949 2147 Fausto
2975 2095 3245 2164 aperiunt,
3264 2095 3523 2153 insidias-

1944 2192 2051 2247 que
2103 2191 2555 2237 commemorant.
2603 2182 2667 2238 Et
2704 2184 2938 2241 Faustus
2986 2202 3111 2241 vera
3163 2202 3270 2242 non
3306 2203 3425 2243 esse
3455 2204 3521 2244 ea

1946 2270 2107 2324 verba
2142 2272 2460 2340 arbitratus,
2492 2286 2740 2331 comatus
2767 2293 2889 2331 cum
2928 2276 3151 2333 Simone
3188 2287 3389 2334 etcum
3425 2296 3518 2335 so-

1946 2360 2158 2417 dalibus
2206 2364 2452 2434 Appione
2499 2376 2554 2421 et
2596 2367 2940 2436 Aunubione,
2983 2380 3318 2441 unguentum
3353 2373 3522 2427 sumit

1945 2466 2008 2506 ex
2047 2449 2288 2508 Simonis
2315 2471 2514 2523 manu;
2550 2473 2615 2512 ac
2649 2474 2896 2529 unguens
2924 2460 3117 2515 faciem
3147 2477 3325 2527 suam,
3376 2462 3523 2517 illico

1947 2540 2123 2597 induit
2147 2542 2377 2600 formam
2416 2546 2677 2606 Simonis.
2714 2550 2782 2604 At
2818 2552 2993 2607 media
3028 2563 3186 2609 nocte
3219 2571 3520 2627 exsurgens

1947 2630 2157 2700 Simon,
2187 2638 2238 2692 in
2261 2636 2504 2696 Judazam
2539 2642 2661 2715 luga
2690 2659 2751 2700 se
2775 2645 3035 2716 abripuit.

2016 2947 2301 3005 CXXXVI.
2352 2952 2521 3010 Porro
2576 2972 2708 3023 nos,
2752 2957 2847 3028 qui
2893 2975 3017 3015 cum
3067 2960 3225 3017 Petro
3275 2977 3516 3031 eramus,

1946 3055 2043 3110 per
2076 3050 2240 3097 totam
2289 3056 2504 3101 noctem
2542 3058 2732 3104 mutuo
2778 3053 3173 3123 colloquentes,
3217 3073 3328 3126 pra:
3364 3060 3519 3114 volu-

1943 3142 2089 3202 ptate
2121 3150 2184 3189 ac
2218 3136 2401 3193 laetitia
2437 3155 2503 3195 ex
2548 3141 2616 3196 IIS
2650 3158 2772 3213 quae
2802 3145 3123 3202 dicebantur
3151 3161 3291 3215 orta,
3328 3152 3515 3224 vigiles

1940 3228 2400 3295 pernoctavimus.
2432 3229 2551 3286 Jam
2576 3249 2706 3289 vero
2747 3235 2838 3290 ubi
2873 3238 3159 3295 sublucere
3188 3242 3376 3311 ca'pit,
3417 3243 3518 3299 Pe-

1940 3326 2056 3374 trus
2102 3335 2189 3374 me
2228 3330 2283 3376 et
2328 3321 2524 3380 fratres
2556 3326 2796 3395 intuens,
2833 3329 2910 3384 ait
2950 3347 2964 3384 :
3010 3328 3204 3386 Nescio
3252 3333 3515 3403 quidnam

1938 3409 2078 3480 patri
2109 3421 2288 3467 vestro
2322 3414 2632 3485 contigerit.
2687 3417 2937 3491 Dumque
2972 3423 3089 3478 bare
3131 3424 3356 3491 diceret,
3387 3441 3517 3484 ecce

1938 3513 2089 3574 pater
2116 3506 2353 3575 advenit,
2382 3506 2600 3564 Petrum
2631 3513 2788 3569 nobis
2817 3515 2884 3569 de
2918 3516 3036 3584 ipse
3061 3516 3175 3585 jam
3201 3518 3514 3588 loquentem

1935 3606 2131 3653 nactus
2156 3613 2351 3670 :quem
2376 3616 2500 3655 cum
2528 3602 2735 3658 videret
2755 3608 2978 3661 anxium
3013 3617 3176 3678 atque
3200 3612 3511 3680 salutasset,

1934 3687 2199 3744 rationem
2228 3699 2279 3745 et
2310 3706 2534 3746 causam
2560 3693 2792 3750 reddidit
2818 3712 2917 3751 cur
2939 3706 3310 3766 pernoctassct
3339 3700 3507 3760 foras.

1932 3778 2043 3836 Nos
2074 3792 2252 3838 autem
2280 3784 2633 3855 respicientes
2667 3800 2814 3853 eum,
2856 3788 3259 3858 obstupuimus,
3295 3794 3387 3861 qui
3419 3792 3511 3848 Si-

1932 3873 2113 3929 monis
2153 3876 2387 3945 speciem
2424 3876 2756 3940 videremus,
2787 3888 2843 3932 at
2879 3894 3068 3935 vocem
3118 3882 3287 3951 patris
3335 3884 3507 3939 nostri

1931 3966 2117 4021 Fausti
2158 3967 2496 4024 audiremus.
2524 3967 2776 4039 Cumque
2823 3969 3137 4041 fugeremus
3170 3991 3317 4040 eum,
3354 3989 3508 4045 pater

1927 4060 2116 4115 animo
2144 4060 2429 4132 perculsus
2447 4070 2549 4116 est.
2580 4060 2851 4117 Caeterum
2876 4062 3091 4130 Petrus,
3112 4066 3205 4136 qui
3236 4084 3378 4122 unus
3409 4085 3507 4125 na-

1931 4151 2160 4204 turalem
2194 4151 2314 4220 ejus
2344 4149 2575 4206 formam
2606 4153 2886 4219 cernebat,
2916 4152 2992 4209 ait
3042 4156 3109 4209 ad
3151 4171 3290 4211 nos:
3324 4156 3510 4224 Quare

1928 4255 2134 4315 pan-em
2167 4254 2406 4299 vestrum
2447 4244 2707 4314 repellitis
2734 4253 2787 4300 et
2823 4246 3188 4303 aversamini?
3219 4248 3329 4306 Nos
3374 4268 3503 4307 vero

1924 4346 1982 4392 et
2011 4346 2181 4390 mater
2204 4336 2271 4390 ad
2301 4352 2426 4391 eum
2454 4354 2468 4390 :
2500 4335 2768 4403 Quoniam
2797 4337 2888 4393 ille
2938 4339 3098 4395 nobis
3137 4340 3349 4397 videtur
3382 4358 3506 4399 esse

1929 4425 2142 4489 Simon,
2174 4442 2362 4482 vocem
2402 4427 2608 4484 habens
2641 4428 2813 4499 patris
2853 4431 3048 4485 nostri.
3088 4429 3225 4486 Tum
3266 4432 3500 4492 Petrus:

1926 4516 2302 4589 Nequaquam,
2346 4518 2525 4589 inquit
2556 4538 2569 4573 :
2604 4520 2760 4575 vobis
2791 4520 3013 4591 quidem
3049 4538 3153 4577 vox
3185 4524 3350 4589 illius,
3376 4541 3499 4596 quae

1926 4610 2120 4679 magia:
2145 4611 2252 4664 vim
2282 4626 2390 4665 non
2422 4612 2616 4676 sensit,
2654 4620 2780 4666 nota
2823 4622 2908 4667 est
2944 4614 3094 4681 sola;
3144 4618 3279 4671 meis
3315 4629 3497 4681 autem

1924 4718 2032 4757 non
2064 4703 2348 4760 fascinatis
2383 4704 2559 4760 oculis
2600 4706 2762 4759 etiam
2796 4705 3018 4776 clligies,
3057 4708 3271 4778 qualem
3318 4712 3500 4779 habet,

1926 4796 2306 4864 conspicitur:
2346 4798 2788 4867 quandoquidem
2849 4799 2952 4854 iste
2992 4815 3102 4856 non
3152 4811 3237 4857 est
3285 4802 3499 4873 Simon,

1926 4888 2020 4942 sed
2050 4886 2305 4953 Faustus,
2332 4904 2456 4943 vere
2484 4898 2638 4958 pater
2665 4899 2861 4945 vester.
2904 4889 3168 4963 Tuncque
3194 4893 3260 4949 ad
3292 4905 3498 4965 patrem

1924 4978 2246 5048 respiciens,
2277 4981 2352 5034 ait
2379 4998 2393 5034 :
2422 4979 2695 5035 Germana
2742 4982 2950 5051 species
2992 4992 3082 5037 tua
3113 4984 3246 5054 ipsis
3270 5001 3378 5041 non
3402 5002 3501 5056 ap-

1924 5079 2097 5139 paret,
2123 5087 2309 5125 verum
2345 5069 2586 5127 Simonis
2628 5072 2939 5144 impiissimi
2993 5090 3059 5131 ac
3102 5077 3261 5133 nobis
3308 5078 3498 5133 inimi-

1924 5162 2153 5217 cissimi.

1991 5253 2301 5311 CXXXVII.
2332 5254 2409 5309 Ita
2433 5255 2593 5313 Petro
2623 5258 2898 5330 loquente,
2925 5261 3207 5334 ingressus
3245 5271 3329 5319 est
3371 5263 3500 5336 qui-

1522 5414 1762 5472 VARIA'S
1802 5417 2201 5474 LEC'I‘EONES.

316 5530 359 5562 "
392 5533 459 5585 al.
504 5529 713 5601 μαθών.

247 5619 343 5664 σας
368 5599 705 5682 πρρσιρπρν.-
764 5600 811 5632 ⁷⁸
828 5599 905 5682 λι.
944 5600 1354 5682 ίιιτροσςξθυῖόηιίτες⁸
1373 5599 1464 5682 τιῖί
1478 5603 1668 5682 Πέτρῳ
1694 5599 2031 5682 συνεργοᾷσι.

789 5529 831 5560 τ’
868 5528 953 5613 Ial.
992 5528 1068 5591 ὡς
1096 5529 1359 5613 καὶοτοὺς
1406 5531 1521 5613 15p?-
1537 5530 1707 5613 ,αὐτοῦ
1767 5532 1995 5610 μάγους.
2036 5590 2043 5601 ,
2080 5534 2231 5613 "nni.
2258 5533 2528 5613 exsultant.

2635 5535 2682 5608 Ϊ³
2713 5534 2786 5589 aI.
3129 5532 3191 5586 τὸ
3216 5533 3344 5608 ἴδιον
3371 5535 3495 5608 χρι-

2124 5605 2352 5679 7{deest
2377 5606 2432 5679 in
2462 5607 2565 5679 al.‘
2611 5605 2658 5679 "_‘
2698 5608 2771 5660 al.
2815 5602 3129 5673 ἐπαλλήλως
3159 5602 3494 5679 π’δνθανδβνιο

244 5690 344 5726 vsa.
410 5670 451 5703 ττ
482 5674 549 5727 al.
592 5671 755 5737 ἔδοξε.
828 5670 873 5701 ⁷⁸
909 5671 982 5725 al.
1013 5671 1137 5725 add.
1169 5671 1259 5724 ἐπὶ
1308 5671 1369 5725 τὸ
1403 5670 1831 5744 οὕτωςίάπηνῶς
1857 5673 1952 5726 καὶ
1983 5672 2269 5747 ἐχθρωδῶς
2297 5677 2444 5748 αὑτῷ
2470 5676 2681 5748 χρῆσθα
2714 5716 2731 5733 ,
