4066 6330
570 290 668 347 571

1413 285 1473 341 ε.
1510 284 1895 343 CLEMENTIS
1926 283 1944 337 I
1982 282 2146 337 ΠΟΜ.

2250 280 2384 336 )ΝἸ”.
2417 278 2646 334 OI’ERA
2681 276 2906 334 D’UBIA.
3685 269 3773 326 ετξ

570 408 695 463 dam
726 406 875 461 exiis
889 407 978 475 qui
998 414 1401 475 praecesserant,
1416 406 1701 459 Antiochia
1720 406 1960 470 veniens,
1974 404 2140 459 dixit-

2250 420 2324 466 τις
2339 402 2446 456 τῶν
2472 401 2714 473 προόδων
2728 399 2835 453 ἀπὸ
2854 397 2951 468 τῆς
2964 389 3288 462 Ἀντιοχείας
3306 386 3579 460 ἐληλυθὼς,
3594 388 3769 457 λέγων·

568 515 718 568 que;
756 497 879 552 Ilaec
912 499 1052 552 scire
1098 507 1147 550 te
1186 498 1334 564 volo,
1376 498 1597 552 domine
1624 498 1697 551 mi
1736 497 1908 551 Petre.
1953 495 2140 550 Simon

2250 498 2447 550 Εἰδέναι
2473 515 2528 550 σε
2565 496 2721 560 θέλω,
2755 494 2909 566 κύριέ
2942 509 3042 563 μου
3096 491 3287 559 Πέτρε,
3330 486 3407 539 ὅτι
3428 485 3598 555 Σίμων
3624 487 3675 538 ὲν
3716 488 3772 557 τῇ

568 606 699 644 cum
733 599 875 644 esset
907 589 1228 654 Antiochiae,
1269 589 1482 657 publice
1512 589 1681 642 multa
1720 595 2031 657 portentosa
2064 584 2145 638 fa-

568 681 747 745 ciens,
770 680 907 735 nihil
931 680 1075 734 aliud
1105 696 1322 749 operam
1359 681 1544 745 dabat,
1586 695 1750 749 quam
1795 688 1855 732 ut
1896 687 1949 731 te
1994 678 2146 731 odio-

570 790 696 826 sum
729 772 835 826 illis
864 772 1131 835 redderet,
1154 786 1313 841 quem
1347 787 1563 841 magum
1590 771 1908 824 nominabat
1932 778 1983 823 et
2007 784 2147 838 prae—

572 861 934 929 stigiatorem,
967 870 1016 915 et
1056 862 1201 914 caede
1233 861 1403 915 multa
1434 860 1696 929 pollutum
1719 878 1736 913 :
1763 867 1979 929 propter
2002 843 2147 927 quod

573 951 713 1004 adeo
743 950 863 1005 illos
894 951 1157 1005 adversus
1192 959 1241 1004 te
1274 951 1525 1014 irritavit,
1562 959 1618 1002 ut
1651 964 1841 1004 omnes
1869 934 2015 1002 illius
2044 948 2147 1002 loci

574 1053 774 1097 aveant
801 1042 946 1111 ipsas
979 1058 1174 1097 carnes
1219 1052 1339 1098 tuas
1371 1042 1544 1095 ferino
1577 1057 1729 1096 more
1763 1041 2047 1111 deglutire.
2082 1041 2151 1095 At

581 1150 705 1200 nos,
735 1135 965 1188 multum
1012 1147 1203 1189 contra
1257 1144 1308 1189 te
1354 1134 1586 1189 fremere
1625 1134 1896 1189 civitatem
1944 1133 2147 1200 intuiti,

579 1228 829 1281 venimus
857 1237 916 1282 ut
950 1228 1329 1281 nuntiaremus
1366 1227 1484 1281 tibi.
1515 1225 1621 1281 Sed
1657 1236 1709 1279 et
1739 1225 1957 1296 quidam
1988 1227 2149 1279 homo

580 1320 761 1388 regius
801 1333 831 1372 a
862 1319 1075 1373 Caesare
1113 1319 1390 1388 quaerendi
1443 1316 1685 1372 Simonis
1727 1317 1897 1387 gratia
1926 1317 1990 1370 ad
2028 1331 2152 1385 pro-

581 1409 774 1462 vinciae
804 1409 1083 1477 praesidem
1134 1410 1357 1474 missus,
1412 1408 1639 1462 audiens
1686 1407 1835 1461 illum
1881 1409 2003 1476 fuga
2051 1405 2149 1459 Ju-

582 1500 753 1554 dmam
786 1500 1063 1569 petivisse,
1107 1502 1221 1570 ipse
1267 1515 1485 1570 quoque
1535 1500 1602 1553 ad
1645 1515 1768 1553 eum
1800 1498 2150 1568 quaerendum

580 1590 738 1655 abiit,
766 1599 825 1644 ut
846 1606 909 1645 ex
937 1590 1167 1644 Caesaris
1210 1598 1475 1658 praecepto
1502 1604 1691 1657 poenas
1719 1590 1784 1643 de
1810 1604 1875 1643 eo
1914 1589 2109 1657 capiat.

2255 589 2547 659 Ἀντιοχείᾳ
2596 589 2683 640 ὅτε
2736 587 2981 657 ύπῆρχε,
3038 579 3270 651 δημοσίᾳ.
3329 575 3491 628 πολλὰ
3547 575 3776 645 τεράστια

2245 678 2446 741 ποιῶν,
2494 677 2642 729 οὐδὲν
2694 675 2820 729 ἄλλο
2884 668 3194 733 σπουδάζων
3246 663 3345 737 ἦν,
3407 664 3524 736 ἢσὲ
3582 662 3779 734 μισητὸν

2244 769 2424 832 αὐτοῖς
2466 768 2821 837 καταστῆσαι,
2852 764 3020 836 μάγον
3061 779 3119 813 τε
3154 755 3449 829 ὀνομάζων,
3494 756 3579 808 καὶ
3608 756 3777 824 γόητα,

2245 862 2339 913 καὶ
2380 860 2684 931 μιαιφόνον·
2732 858 2816 928 ἐφ’
2854 850 2897 924 ᾧ
2940 856 3033 908 καὶ
3073 850 3324 905 τοσοῦτον
3366 847 3554 909 αὐτοὺς
3587 845 3781 916 ἠρέθισε

2246 951 2384 1005 κατὰ
2412 950 2526 1016 σοῦ,
2550 951 2624 1014 ὡς
2643 949 2921 1020 γλίχεσθαι
2944 948 3072 1009 τοὺς
3096 946 3209 997 ἐκεῖ
3231 940 3453 1003 πάντας,
3469 938 3568 991 τῶν
3592 936 3782 1007 σαρκῶν

2247 1044 2425 1097 αὐτῶν
2448 1042 2727 1113 θηριωδῶς
2754 1035 3156 1108 ἀπογεύσασθαί
3204 1050 3315 1086 σου.
3356 1031 3543 1100 ’Πμεῖς
3578 1027 3630 1080 δὲ
3668 1027 3785 1081 πολὺ

2247 1136 2387 1189 κατὰ
2426 1133 2518 1187 σοῦ
2567 1132 2867 1204 βρύχουσαν
2919 1131 3017 1200 τὴν
3047 1127 3196 1181 πόλιν
3240 1121 3556 1195 ἑωρακότες,
3582 1119 3789 1191 ἤλθομεν

2250 1222 2575 1292 ἀπαγγεῖλαί
2631 1239 2730 1275 σοι.
2773 1220 2930 1274 Ἀλλὰ
2970 1221 3063 1272 καὶ
3108 1218 3212 1273 ὑπὸ
3243 1216 3514 1287 Καίσαρος
3550 1213 3792 1284 πεμφθείς

2248 1332 2332 1378 τις
2362 1313 2634 1385 βασιλικὸς
2657 1313 2793 1382 πρὸς
2817 1313 2907 1365 τὸν
2952 1312 3050 1382 τῆς
3089 1308 3356 1381 ἐπαρχίας
3395 1306 3698 1377 ἡγούμενον,
3725 1307 3793 1367 είς

2250 1404 2582 1476 ἀναζήτησιν
2633 1404 2905 1473 Σίμωνος,
2960 1399 3143 1471 μαθὼν
3197 1400 3277 1451 ὅτι
3326 1397 3502 1468 φυγὰς
3554 1397 3629 1457 είς
3684 1395 3794 1455 Ἰουι

2250 1496 2402 1549 δαίαν
2437 1495 2625 1565 ᾤχετο,
2682 1494 2773 1546 καὶ
2813 1492 2971 1555 αὐτὸς
3016 1490 3153 1544 κατὰ
3197 1488 3422 1561 ζήτησιν
3458 1485 3616 1541 αὑτοῦ
3644 1484 3796 1555 ἀπῆλ-

2252 1585 2360 1648 θεν,
2393 1585 2477 1636 ἵνα
2518 1582 2657 1636 κατὰ
2692 1582 2789 1654 τὴν
2818 1579 3109 1652 πρόσταξιν
3146 1579 3423 1649 Καίσαρος
3449 1576 3798 1647 τιμωρήσηται

2253 1676 2432 1731 αὐτόν.

654 1744 986 1820 cxxxvni.
1027 1762 1237 1829 Quibus
1273 1764 1509 1829 auditis,
1558 1762 1753 1817 Petrus
1788 1763 1856 1816 ad
1889 1761 2148 1817 Faustum

2319 1764 2651 1822 CXXXVIII.
2692 1763 2874 1817 Ταῦτα
2908 1763 3142 1827 ἀκούσας
3167 1762 3299 1832 φησὶ
3340 1760 3475 1831 πρὸς
3498 1759 3586 1811 τὸν
3616 1757 3804 1829 πατέρα

586 1868 793 1927 patrem
823 1857 923 1910 ait:
952 1856 1069 1927 Ipse
1107 1857 1334 1913 auribus
1360 1856 1470 1912 tuis
1510 1856 1707 1910 audisti
1733 1870 1799 1910 ex
1825 1855 1894 1910 iis
1912 1856 2002 1925 qui
2024 1872 2149 1909 cum

587 1950 995 2018 praecessissent
1030 1958 1297 2003 venerunt
1326 1949 1647 2014 Antiochia,
1693 1947 2151 2017 quemadmodum

579 2042 775 2095 Simon
812 2041 921 2096 illic
950 2041 1159 2110 positus
1199 2040 1597 2094 multitudinem
1631 2039 1899 2094 adversus
1938 2055 2023 2093 me
2057 2055 2151 2093 ve-

588 2135 866 2188 hementer
892 2132 1213 2196 concitarit;
1247 2132 1488 2200 planum,
1521 2141 1575 2186 et
1593 2130 1741 2186 caede
1767 2132 2052 2201 pollutum,
2086 2131 2151 2185 ad

582 2226 703 2280 hinc
733 2239 950 2294 magum
976 2239 1039 2278 ac
1080 2223 1551 2294 prmstigiatorem,
1586 2224 1808 2291 aliaque
1838 2222 2151 2291 hujusmodi

585 2331 929 2387 nuncupans.
979 2314 1149 2388 Igitur
1177 2331 1324 2373 nunc
1375 2312 1541 2373 facito
1589 2314 1809 2383 statim,
1860 2314 2005 2389 quod
2053 2330 2153 2389 ego

584 2410 840 2479 prmcipio
882 2409 1018 2464 tibi:
1052 2418 1127 2475 et,
1178 2410 1365 2464 relicto
1393 2410 1672 2463 Clemente
1715 2410 1855 2479 apud
1898 2424 2013 2475 me,
2040 2409 2153 2477 ipse

584 2498 831 2568 praicede
861 2498 925 2552 ad
962 2482 1357 2552 Antiochenam
1408 2500 1621 2565 urbem,
1653 2515 1759 2552 una
1808 2514 1928 2552 cum
1985 2514 2153 2552 uxore

582 2588 870 2643 'Itlattlndia
896 2630 909 2653 ,
945 2598 1107 2659 atque
1152 2589 1414 2645 Faustino
1450 2602 1504 2646 et
1544 2590 1898 2645 Faustiniano
1922 2589 2148 2644 liberis:

582 2690 745 2735 erunt
774 2683 936 2735 etiam
975 2690 1151 2736 tecum
1194 2682 1283 2736 alii
1316 2681 1560 2752 quidam,
1604 2680 1696 2750 qui
1732 2695 1911 2734 meam
1958 2680 2154 2734 volun-

586 2781 748 2824 tatem
776 2781 1029 2849 poterpnt
1069 2772 1292 2842 exsequi
1321 2790 1334 2826 :
1369 2787 1493 2826 cum
1533 2772 1618 2826 his
1675 2772 1980 2826 Antiochia:
2015 2787 2150 2825 con-

585 2860 817 2925 sistens,
867 2861 996 2915 dum
1060 2863 1294 2917 formam
1353 2863 1593 2917 Simonis
1634 2861 1747 2932 jam
1789 2861 2149 2926 circumfers,

582 2951 761 3022 palam
789 2953 1022 3022 prtedica
1055 2962 1200 3008 tuam
1233 2953 1625 3025 pmniteutiam.

649 3128 942 3184 CXXXIX.
982 3127 1087 3184 Ista
1116 3145 1240 3183 eum
1269 3128 1460 3184 Petrus
1493 3128 1748 3191 dixisset.
1778 3126 2014 3184 Faustus
2054 3128 2148 3199 qui

588 3222 786 3275 mentis
815 3220 1064 3274 acumine
1082 3220 1313 3288 pollebat
1337 3238 1350 3274 :
1380 3217 1537 3285 Novi,
1600 3219 1797 3289 inquit,
1817 3219 2035 3276 domine
2051 3219 2148 3286 mi,

587 3311 715 3379 quid
755 3300 867 3364 haec
902 3310 1005 3365 sibi
1031 3311 1199 3364 velint
1221 3311 1380 3365 verba
1406 3328 1421 3377 ;
1446 3325 1617 3380 quare
1651 3324 1719 3363 ne
1755 3310 1982 3365 labora:
2015 3310 2151 3366 mihi

583 3402 733 3456 enim
760 3418 907 3456 cura:
935 3401 1066 3468 erit,
1097 3401 1316 3471 quando
1346 3402 1457 3456 illic
1501 3400 1656 3456 fuero
1693 3401 1953 3471 imperata
1990 3401 2151 3471 perii-

583 3508 729 3548 cere.
762 3492 947 3562 Itaque
984 3501 1143 3548 noctu
1183 3508 1305 3548 cum
1332 3493 1426 3560 iis,
1461 3509 1600 3563 quos
1649 3490 1842 3548 Petrus
1875 3492 2149 3562 iusserat.

587 3586 865 3656 digressus
895 3585 963 3640 ab
993 3586 1124 3641 urbe
1166 3594 1337 3656 pater,
1383 3585 1749 3647 Antiochiam,
1792 3584 2149 3654 propinquam

587 3677 884 3743 civitatem,
914 3680 1081 3733 venit.
1113 3676 1384 3749 Stansque
1414 3678 1467 3731 in
1513 3678 1691 3732 medio
1728 3675 1871 3741 foro,
1904 3676 2044 3730 dixit
2081 3675 2147 3730 ad

586 3758 985 3823 multitudinem
1013 3786 1028 3824 ι
1070 3768 1180 3839 Ego
1203 3769 1413 3835 Simon,
1448 3784 1548 3839 ego
1579 3770 1692 3824 luce
1720 3770 1874 3825 vobis
1901 3784 2149 3839 pronun-

583 3861 705 3922 tio,
750 3868 803 3912 ct
848 3857 1023 3912 fateor
1054 3874 1139 3913 me
1174 3860 1358 3930 inique
1392 3861 1675 3914 mentitum
1717 3875 1837 3914 esse
1890 3859 2151 3916 adversus

584 3951 831 4006 Petrum.
873 3949 989 4003 Non
1023 3959 1105 4005 est
1136 3951 1424 4021 impostor,
1449 3968 1555 4005 non
1593 3951 1998 4022 sanguinarius,
2039 3967 2148 4007 non

586 4042 966 4111 praestigiator,
994 4055 1168 4109 neque
1191 4040 1366 4095 amnis
1393 4038 1486 4093 ulli
1520 4054 1707 4094 eorum
1740 4041 2006 4094 scelerum
2030 4055 2151 4109 qua:

580 4133 881 4202 aliquando
906 4132 972 4185 de
1006 4146 1071 4186 eo
1101 4133 1406 4202 praedicavi.
1443 4131 1713 4202 Deprecor
1748 4148 1843 4188 vos
1883 4148 1984 4205 ego
2011 4133 2147 4203 ipse,

582 4225 678 4293 qui
715 4240 880 4278 causa
927 4223 1036 4278 odii
1087 4238 1215 4292 erga
1270 4224 1421 4276 illum
1452 4212 1619 4277 vestri
1668 4224 1871 4290 exstiti,
1919 4226 2149 4280 desinite

585 4316 711 4371 odio
764 4318 914 4370 illum
967 4316 1242 4385 prosequi.
1298 4315 1430 4370 Nam
1483 4314 1577 4369 Dei
1626 4315 1746 4369 Filii
1789 4316 1883 4386 qui
1933 4328 2149 4386 propter

2250 1854 2488 1909 Φαῦστον
2518 1856 2545 1907 ὁ
2571 1852 2803 1924 Πέτρος·
2830 1850 2999 1914 Αὐτὸς
3026 1850 3175 1910 ἰδίοις
3196 1849 3243 1879 τ’
3274 1847 3413 1899 ὠσὶν
3443 1847 3677 1916 ἀκήκοας
3709 1844 3803 1895 τῶν

2253 1947 2492 2019 προόδων
2544 1945 2654 1998 ἀπὸ
2688 1942 3016 2013 Ἀντιοχείας
3058 1938 3482 2009 εἰσεληλυθότων
3500 1937 3567 2002 ⁸⁸,
3600 1936 3669 1998 ὡς
3706 1935 3805 1987 ἐκεῖ

2252 2039 2492 2109 γεγονὼς
2540 2038 2568 2090 ό
2606 2036 2815 2107 Σίμων,
2847 2034 3080 2106 ἰσχυρῶς
3130 2032 3255 2094 τοὺς
3298 2030 3492 2101 ὄχλους
3549 2026 3805 2099 παρώξυνε

2252 2131 2370 2185 κατ’
2395 2128 2550 2201 ἐμοῦ,
2580 2127 2781 2181 πλάνον
2802 2144 2861 2179 τε
2889 2126 2983 2191 καὶ
3017 2123 3323 2195 μιαιφόνον,
3355 2121 3492 2201 πρὸς
3517 2120 3571 2173 δὲ
3602 2120 3690 2173 καὶ
3716 2117 3805 2189 μά-

2250 2239 2345 2291 γον
2375 2198 2468 2273 καὶ
2502 2220 2703 2291 γόητα,
2728 2220 2823 2273 καὶ
2857 2216 2927 2270 τὰ
2970 2212 3427 2268 τοιαῦτα’καλῶν.
3466 2198 3577 2265 Νῦν
3616 2207 3702 2263 οῦν
3736 2209 3811 2274 ἐξ-

2252 2316 2418 2391 αυτῆς
2459 2313 2682 2391 ποίησον
2711 2313 2739 2371 ὃ
2768 2309 2877 2386 ἐγώ
2908 2307 3363 2383 σοιὲντέλλομαι·
3401 2302 3810 2365 minui-Lm

2251 2409 2544 2480 Κλήμεντα
2571 2408 2701 2480 παρ’
2724 2408 2866 2478 ἐμοὶ,
2891 2404 3174 2477 προλαϐὼν
3196 2404 3365 2467 αὐτὸς
3396 2405 3475 2464 εἰς
3499 2403 3595 2473 τὴν
3629 2396 3811 2451 Ἄντιο-

2250 2500 2387 2570 χέων
2436 2500 2576 2553 κατὰ
2592 2500 2636 2532 “
2681 2500 2780 2570 τῆς
2825 2496 3081 2566 γυναικὸς
3111 2493 3450 2557 Ματθιδίας,
3488 2493 3566 2545 ἔτι
3606 2492 3658 2544 δὲ
3687 2491 3812 2541 Φαυ-

2252 2591 2427 2644 στίνου
2456 2591 2551 2643 καὶ
2576 2585 2961 2643 Φαυστινιανοῦ
2992 2585 3099 2638 τῶν
3130 2584 3263 2639 υίῶν
3282 2602 3297 2615 ·
3333 2586 3638 2639 συνέσονται
3666 2582 3717 2634 δέ
3745 2596 3815 2633 σοι

2250 2682 2344 2735 καὶ
2366 2681 2513 2736 ἄλλοι
2549 2682 2716 2744 τινὲς,
2739 2680 2795 2732 οἵ
2821 2696 2964 2743 τινες
3015 2678 3228 2731 δυνατοὶ
3255 2677 3475 2729 ἔσονται
3502 2672 3815 2745 ὑπουργῆσαί

2252 2789 2353 2843 μου
2376 2773 2425 2803 ⁸²
2465 2771 2542 2843 τῷ
2592 2770 2923 2843 βουλήματι·
2974 2768 3109 2841 μετὰ
3160 2767 3373 2841 τούτων
3416 2768 3473 2819 ὲν
3525 2769 3591 2837 τῇ
3640 2766 3796 2816 Ἀντιο

2249 2863 2370 2935 χείᾳ
2394 2862 2439 2895 ⁸³
2487 2862 2803 2932 γενόμενος,
2849 2862 2906 2913 ὲν
2934 2861 3045 2930 ὅσῳ
3093 2858 3188 2930 τὴν
3224 2859 3448 2930 μορφὴν
3493 2856 3572 2909 ἔτι
3601 2855 3819 2926 Σίμωνος

2250 2956 2604 3027 περιφέρεις,
2656 2953 2890 3026 δημοσίᾳ
2934 2950 3169 3024 κήρυξον
3208 2952 3314 3021 τὴν
3386 2948 3614 3005 σεαυτοῦ
3671 2945 3819 3019 μετά-

2252 3064 2425 3102 νοιαν.

2325 3135 2613 3193 CXXXIX.
2647 3135 2833 3189 Ταῦτα
2861 3134 2955 3189 τοῦ
2978 3134 3185 3206 Πέτρου
3207 3134 3487 3198 εἰπόντος,
3510 3133 3636 3199 ὀξὺς
3660 3130 3729 3181 ὣν
3756 3128 3825 3190 είς

2248 3227 2309 3283 τὸ
2336 3229 2529 3302 νοῆσαι
2557 3226 2817 3292 Φαῦστος·
2842 3224 3153 3296 οἷδα,’ἐφη,
3181 3226 3345 3297 κύριε
3379 3245 3505 3298 μου,
3522 3225 3574 3278 τί
3598 3222 3825 3295 βούλεται

2248 3320 2318 3374 τὰ
2352 3321 2572 3391 ῥήματα
2608 3318 2797 3373 ταῦτα.
2846 3318 2937 3371 Διδ
2981 3318 3056 3389 μὴ
3088 3318 3298 3387 κάμνε·
3349 3318 3581 3389 μελήσει
3612 3314 3714 3383 γάρ
3748 3327 3827 3382 μοι

2248 3412 2429 3465 ἐκεῖσε
2455 3410 2731 3481 γενομένῳ
2748 3410 2794 3442 ⁸⁸
2814 3409 3117 3464 διατελέσαι
3136 3408 3197 3462 τὸ
3219 3409 3712 3479 προσταττόμενον.
3731 3402 3826 3456 Καὶ

2248 3501 2312 3573 δὴ
2338 3502 2404 3554 τὸ
2429 3502 2476 3533 ’³⁸
2510 3501 2616 3554 ὑπὸ
2644 3500 2813 3553 νύκτα
2842 3501 2870 3553 ὁ
2896 3500 3078 3571 πατὴρ
3104 3499 3220 3571 μεθ’
3249 3493 3331 3553 ὧν
3361 3499 3618 3554 ἐκέλευσε
3644 3497 3831 3567 Πέτρος

2248 3593 2347 3664 τῆς
2379 3591 2589 3654 πόλεως
2618 3590 2947 3663 ἐξορμήσας,
2979 3590 3073 3643 ἐπὶ
3104 3589 3203 3661 τὴν
3234 3590 3478 3663 πλησίον
3521 3584 3830 3657 Ἀντιοχείαν

2248 3678 2402 3754 ἦλθε.
2432 3681 2542 3734 Καὶ
2580 3680 2710 3744 στὰς
2750 3683 2808 3733 ὲν
2835 3681 2983 3752 μέσῳ
3003 3681 3101 3752 τῆς
3129 3681 3375 3751 ἀγορᾶς,
3405 3682 3599 3753 εἴρηκε
3629 3678 3756 3750 πρὸς
3780 3673 3833 3727 τὸ

2249 3774 2486 3846 πλῆθος·
2527 3772 2667 3841 Ἐγὼ
2693 3772 2892 3843 Σίμων,
2923 3771 3033 3841 ἐγὼ
3064 3772 3236 3826 ταῦτα
3266 3774 3405 3845 ὑμῖν
3435 3772 3724 3845 κηρύσσω,
3748 3765 3832 3821 καὶ

2248 3866 2499 3938 ὁμολογῶ
2546 3864 2746 3928 ἀδίκως
2800 3864 3241 3935 καταψεύσασθαι
3296 3867 3540 3937 Πέτρου.
3586 3865 3699 3918 υῢκ
3729 3862 3834 3915 ἔστι

2251 3958 2475 4023 πλάνος,
2504 3960 2566 4013 οὐ
2602 3957 2902 4030 μιαιφόνος,
2936 3956 2996 4008 ού
3024 3957 3177 4027 γόης,
3205 3956 3332 4010 οὐδὲ
3361 3958 3469 4011 ὅσα
3512 3957 3643 4011 ποτὲ
3671 3951 3834 4023 φαῦλα

2249 4051 2382 4121 περὶ
2426 4048 2590 4103 αὐτοῦ
2630 4048 2831 4117 ἔλεγον.
2866 4047 3067 4117 Δέομαι
3106 4047 3259 4116 ὑμῶν
3307 4046 3426 4116 ἐγὼ
3460 4047 3646 4110 αὐτὸς,
3692 4046 3721 4098 ό
3750 4040 3835 4095 τοῦ

2251 4140 2391 4212 πρὸς
2417 4142 2560 4211 ὑμᾶς
2592 4140 2783 4212 μίσους
2818 4138 2990 4201 αἴτιος
3016 4137 3163 4208 αὐτῷ
3191 4138 3463 4207 γεγονὼς,
3499 4136 3775 4192 παύσασθε
3794 4133 3835 4166 ⁸⁸

2254 4232 2542 4303 μισοῦντες
2586 4232 2767 4286 αὐτόν.
2814 4229 2921 4282 Τοῦ
2960 4229 3069 4303 γὰρ
3119 4229 3255 4301 πρὸς
3313 4214 3601 4302 σωτηρίαν
3647 4228 3836 4297 κόσμου

2251 4321 2608 4391 ἐπιφανέντος
2630 4319 2758 4373 Υίοῦ
2781 4319 2872 4372 τοῦ
2902 4318 3036 4372 Θεοῦ
3082 4318 3323 4390 ἀψευδής
3350 4321 3507 4373 ἐστιν
3534 4315 3688 4381 οὗτος
3714 4314 3837 4369 ἀπό-

584 4407 771 4459 mundi
800 4407 1029 4459 salutem
1059 4407 1226 4468 venit,
1256 4406 1355 4461 iste
1375 4416 1456 4461 est
1486 4423 1646 4461 verus
1667 4409 1969 4477 apostolus.
1996 4410 2147 4476 Quo-

2253 4410 2458 4475 στολος.
2478 4411 2566 4464 Διὸ
2586 4411 2680 4464 καὶ
2708 4410 2869 4472 αὐτὸς
2890 4407 3000 4479 ἐγὼ
3025 4408 3329 4479 σύμϐουλος
3352 4411 3493 4480 ὑμῖν
3526 4410 3596 4464 τά
3623 4426 3686 4478 γε
3715 4406 3839 4478 πρὸς

586 4499 732 4553 circa
780 4509 832 4554 et
880 4499 995 4567 ipse
1030 4514 1130 4568 ego
1160 4499 1313 4553 vobis
1347 4499 1693 4554 consiliarius
1725 4501 1777 4553 in
1818 4516 1877 4555 re
1921 4518 2041 4571 qua:
2079 4503 2147 4557 ad

584 4590 815 4644 salutem
864 4597 1100 4641 vestram
1142 4588 1376 4657 pertinet
1405 4589 1628 4655 etIicior,
1664 4605 1967 4661 moneoque
2011 4602 2068 4646 ut
2098 4592 2147 4646 ei

584 4680 743 4733 Iidem
782 4679 1054 4743 habeatis,
1091 4678 1306 4747 Deoque
1349 4694 1506 4748 quem
1552 4680 1839 4734 annuntiat
1871 4684 2106 4737 credatis
2130 4702 2148 4737 τ

586 4770 790 4840 alioqui
827 4779 935 4824 tota
969 4780 1145 4824 vestra
1188 4770 1380 4825 civitas
1428 4769 1674 4826 funditus
1707 4773 1933 4841 peribit,
1960 4790 2021 4828 ac
2050 4791 2152 4831 vos

580 4879 709 4918 cum
751 4862 863 4916 illa.
898 4862 1069 4930 Cujus
1102 4868 1282 4914 autem
1316 4861 1486 4929 gratia
1532 4862 1645 4916 haec
1687 4863 1941 4929 dixerim,
1980 4865 2150 4918 etiam

584 4958 637 5011 id
668 4972 764 5011 vos
809 4954 948 5009 scire
976 4953 1118 5007 volo.
1164 4950 1276 5006 Hoc
1324 4951 1470 5006 enim
1521 4961 1678 5007 nocte
1723 4952 1899 5021 angeli
1934 4954 2029 5007 Dei
2065 4968 2152 5007 me

582 5049 809 5119 impium
838 5047 1079 5117 graviter
1109 5044 1449 5115 ﬂagellarunt
1471 5046 1615 5112 quod
1642 5045 1885 5100 veritatis
1911 5045 2149 5116 praeconi

579 5159 760 5198 essem
792 5141 1066 5195 inimicus.
1100 5137 1297 5192 Hortor
1324 5136 1527 5205 itaque,
1560 5152 1625 5190 ne
1654 5140 1864 5192 etiamsi
1895 5138 2012 5207 ipse
2041 5138 2147 5192 alio

583 5246 825 5305 tempore
859 5232 1081 5286 veniens
1133 5238 1411 5284 tentavero
1454 5238 1642 5283 contra
1688 5228 1906 5283 Petrum
1960 5230 2150 5298 loqui,

581 5325 860 5397 recipiatis
894 5338 980 5378 me
1024 5337 1089 5377 ac
1132 5318 1386 5375 audiatis.
1421 5316 1588 5373 Vobis
1618 5320 1816 5389 quippe
1844 5321 2145 5389 conliteor,

2257 4503 2525 4574 σωτηρίαν
2568 4502 2667 4573 τὴν
2715 4501 2984 4572 ὑμετέραν
3036 4499 3399 4570 καθίσταμαι..
3432 4502 3548 4553 Καὶ
3601 4495 3838 4570 παραινῶ

2255 4593 2539 4647 πείθεσθαι
2564 4593 2759 4664 τούτῳ,
2789 4593 2883 4645 καὶ⁹
2913 4591 3186 4645 πιστεύειν
3209 4592 3287 4663 τῷ
3322 4594 3423 4646 ὑπ’
3443 4592 3616 4646 αὐτοῦ
3646 4604 3838 4663 κηρυσο

2258 4686 2468 4756 σομένῳ
2506 4684 2626 4755 Θεῷ
2646 4702 2659 4715 ·
2693 4685 2814 4737 ἐπεὶ
2848 4685 2996 4737 πᾶσα
3030 4683 3184 4754 ὑμῶν
3221 4684 3449 4754 ἡπόλις
3494 4686 3669 4756 ἄρδην
3711 4685 3838 4737 ἀπο·-

2254 4776 2444 4838 λεῖται,
2476 4776 2570 4829 καὶ
2621 4776 2777 4845 ὑμεῖς
2809 4775 2904 4827 σὺν
2953 4774 3110 4844 αὐτῇ.
3139 4774 3301 4826 Ὂτου
3336 4774 3398 4828 δὲ
3448 4775 3618 4848 χάριν
3655 4775 3837 4847 εἴρηκα

2252 4867 2445 4928 ταῦτα,
2484 4866 2577 4920 καὶ
2614 4865 2772 4919 τοῦτο
2791 4867 2934 4936 ὑμᾶς
2963 4866 3157 4919 εἰδέναι
3189 4865 3490 4937 βούλομαι.
3518 4868 3708 4937 Ταύτῃ
3739 4865 3835 4935 γὰρ

2250 4961 2316 5029 τῇ
2363 4960 2517 5011 νυκτὶ
2566 4956 2783 5025 ἄγγελοί
2825 4974 2891 5028 με
2915 4957 2957 4988 ⁸⁷
2987 4955 3121 5009 Θεοῦ
3153 4956 3244 5010 τὸν
3271 4958 3456 5030 ἀσεϐῆ
3478 5001 3494 5025 ,
3530 4959 3614 5023 ὡς
3658 4954 3836 5029 ἐχθρὸν

2250 5053 2380 5106 ὄντα
2420 5051 2497 5122 τῷ
2524 5053 2622 5123 τῆς
2671 5052 2925 5122 ἀληθείας
2981 5051 3207 5121 κήρυκι,
3243 5049 3445 5114 δεινῶς
3492 5051 3834 5122 ἐμαστίγουν.

2255 5143 2563 5213 Παρακαλῶ
2591 5139 2682 5196 οὖν
2709 5142 2827 5213 μηδ’
2853 5144 2916 5196 ἂν
2947 5142 3106 5205 αὐτὸς
3130 5140 3240 5209 ἐγὼ
3272 5140 3477 5195 ἄλλοτε
3507 5142 3683 5195 ἐλθὼν
3707 5137 3835 5195 κατὰ

2254 5232 2457 5301 Πέτρου
2494 5230 2759 5303 ἐπιχειρῶ
2798 5231 3001 5301 λέγειν,
3042 5229 3386 5299 ἀποδέξησθε
3424 5249 3518 5303 με.
3571 5230 3835 5301 Ἐξομολο-

2251 5322 2457 5393 γοῦμαι
2492 5323 2599 5394 γὰρ
2633 5324 2759 5393 ύμῖν
2779 5361 2793 5385 ,
2817 5323 2892 5386 ὼς
2930 5320 3038 5391 ἐγὼ
3080 5320 3251 5391 μάγος
3266 5358 3281 5384 ν
3330 5320 3452 5390 ἐγὼ
3483 5323 3710 5386 πλάνος,
3736 5317 3836 5389 ἐγὼ

1846 5495 2083 5552 νᾹΠΙΑΞ
2109 5498 2510 5556 LECTIONES.

653 5618 703 5647 ⁷⁸
744 5610 1075 5689 Ἱ1.νοὶκείοις-
1103 5616 1149 5689 “f’
1185 5615 1256 5670 al.
1288 5613 1638 5689 ἐληλυθότων,
1694 5615 2269 5689 ξιι.ησυν;).ηλι.ιθὸτων.
2302 5687 2311 5689 _
2342 5620 2383 5650 ⁸¹
2424 5620 2527 5686 leg.
2574 5622 2819 5689 μετέμαι.
2852 5622 3014 5677 inscr.
3065 5623 3177 5678 καί.

612 5685 932 5757 Autolitum
1006 5690 1050 5719 ⁸⁵
1087 5687 1160 5743 al.
1202 5686 1510 5757 γενόμενον.
1588 5685 1727 5741 "al.
1767 5685 1922 5758 δῆτα.
2001 5689 2046 5718 δ’
2075 5687 2397 5755 παύσασθαι

2736 5622 2819 5701 .al.
2852 5622 3014 5701 inscr.
3065 5623 3177 5678 καί.
3283 5622 3333 5655 ⁸³
3379 5627 3455 5681 al.
3505 5646 3597 5701 μοι
3696 5623 3833 5679 "3L

2482 5690 2527 5721 “7
2558 5702 2706 5748 deest
2731 5691 2787 5745 in
2820 5692 2894 5747 al.
3396 5750 3399 5753 _
