4066 6330
339 275 448 331 5T5

1163 272 1622 330 GLEMENTINA.
1653 305 1720 314 -—
1745 274 2048 336 EPITOHE
2084 273 2172 330 DE
2210 273 2458 334 GESTIS
2493 275 2553 330 S.
2596 273 2823 330 PETRI.

3484 276 3593 334 5η

337 397 492 468 γόης·
519 396 656 451 ἀλλὰ
681 394 946 466 μετανοῶ,
968 393 1144 461 ἔξεστι
1176 396 1285 466 γάρ
1306 395 1434 459 ἴσως
1465 396 1719 468 μετανοίᾳ
1740 413 1828 467 μοι
1857 395 1926 449 τὰ

2024 415 2125 470 ego
2163 416 2284 455 sum
2319 417 2546 472 magus,
2584 417 2685 471 ego
2721 399 3020 469 impostor,
3050 411 3150 466 ego
3189 395 3587 468 prmstigiator;

287 521 293 526 ι
339 488 530 551 κακῶς
557 486 923 557 πεπραγμένα
941 486 1010 518 ⁸⁷’
1035 501 1127 556 μοι
1159 486 1603 558 συγχωρηθῆναι.

407 665 568 722 CXL.
597 665 782 720 Ταῦτα
813 664 979 718 είπὼν
1001 667 1031 719 ό
1058 664 1240 736 πατὴρ
1264 664 1547 736 δημοσιαῆ
1573 665 1648 729 ὡς
1667 667 1731 719 ὲκ
1755 683 1920 737 προσ-

333 756 489 812 ώπου
511 757 604 810 τοῦ
625 757 886 828 Σίμωνος,
926 758 1019 811 καὶ
1051 757 1256 829 Πέτρον
1280 756 1598 827 εὐλογήσας,
1621 757 1717 828 τὴν
1741 760 1920 810 πᾶσαν

349 849 667 919 Ἀντιοχέων
691 849 844 902 πόλιν
865 851 945 913 είς
972 848 1064 902 τὸν
1086 848 1301 902 ἐκείνου
1327 847 1490 900 πόθον
1514 848 1801 919 μετέθηκε,
1828 849 1922 901 καί

337 935 537 998 πάντες
575 934 865 1005 ἐπιθυμεῖν
907 934 1072 990 αὑτοῦ
1101 935 1288 999 δεινῶς
1318 935 1532 1004 ἔλεγονο
1565 936 1694 989 ἔνιοι
1726 936 1782 990 δὲ
1826 938 1922 991 καὶ

331 1026 751 1096 χαλεπαίνοντες
769 1027 918 1099 αὐτῷ
942 1023 1082 1098 ἦσαν
1108 1026 1288 1098 δῆθεν,
1312 1021 1400 1080 οἷά
1435 1045 1539 1099 περ
1560 1028 1709 1099 αὐτῷ
1730 1029 1921 1099 ἐκείνῳ

285 1159 288 1161 .
334 1117 540 1186 Σίμωνι
569 1117 705 1182 ὄντι,
731 1116 819 1170 διὰ
852 1117 912 1170 τὸ
942 1116 1277 1188 ὑπερϐάλλον
1311 1115 1412 1186 τῆς
1441 1116 1570 1186 περὶ
1593 1117 1685 1169 τὸν
1716 1117 1920 1187 Πέτρον

332 1208 597 1278 στοργῆς·
643 1209 736 1261 καὶ
786 1211 975 1279 χεῖρας
1010 1206 1289 1260 ἐπιϐαλεῖν
1340 1207 1677 1278 ἐπεχείρουν.
1721 1208 1831 1260 Καὶ
1863 1207 1922 1270 ὃς

335 1295 412 1363 μὴ
447 1294 580 1365 παρ’
618 1293 796 1349 αὐτῶν
844 1295 1101 1367 ἀναιρεθῇ
1159 1295 1442 1359 δεδοικὼς,
1475 1293 1703 1367 ἐξαυτῆς
1747 1296 1922 1350 ἐλθεῖν

331 1384 557 1455 πέμψας
585 1385 738 1456 ἠξίου
778 1387 869 1440 τὸν
910 1387 1132 1457 Πέτρον,
1176 1387 1323 1449 ὅπως
1353 1388 1516 1441 αὑτὸν
1546 1386 1921 1460 ὲπικαταλάϐῃ

331 1475 534 1539 ζῶντα,
559 1478 652 1530 καὶ
682 1476 1009 1551 άκμαζούσῃ
1029 1477 1107 1548 τῷ
1138 1478 1275 1548 πρὸς
1305 1477 1466 1531 αὑτὸν
1501 1476 1650 1548 πόθῳ
1672 1480 1738 1549 τῇ
1770 1478 1920 1530 πόλει

329 1565 605 1638 εὐκαίρως
641 1569 899 1639 ἐπιφανῇ.
940 1568 1145 1638 Πέτρος
1177 1568 1235 1622 δὲ
1275 1569 1480 1621 τούτων
1505 1567 1745 1630 ἀκούσας
1785 1567 1921 1639 πρὸς

327 1655 389 1709 τὸ
424 1656 804 1729 ἐκκλησιάζειν
851 1659 1136 1722 πλείστους
1174 1658 1398 1727 ἀγαγὼν
1419 1659 1488 1723 ⁸⁸,
1521 1659 1817 1712 ἐπίσκοπόν
1858 1678 1919 1714 τε

329 1751 715 1820 καταστήσας,
764 1750 859 1802 καὶ
910 1752 1201 1821 ἰασάμενος
1239 1751 1466 1814 πολλοὺς
1497 1751 1592 1804 καὶ
1627 1751 1914 1822 βαπτίσας,
1947 1765 1990 1819 Β

324 1841 544 1912 ἡμέρας
571 1843 854 1912 ἐπιμείνας
876 1848 1022 1913 τρεῖς
1060 1847 1126 1915 τῇ
1165 1843 1473 1916 Λαοδικείᾳ,
1517 1845 1609 1897 ἐπὶ
1632 1845 1729 1914 τὴν
1771 1843 1911 1914 πλη-

328 1933 443 1986 σίον
476 1936 743 2007 ὁρμήσειν
785 1937 1110 2006 ’Λντιόχειαν
1143 1935 1397 1990 ἔσπευσε.

395 2071 580 2127 CXLI.
619 2073 730 2126 Kal
768 2073 833 2144 δὴ
864 2073 962 2144 τὴν
1001 2060 1154 2126 πόλιν
1180 2072 1574 2137 καταλαϐόντα,
1608 2073 1670 2127 τὸ
1710 2073 1913 2144 πλῆθος

283 2196 286 2198 -
327 2164 637 2236 συνδραμὸν
665 2165 811 2219 ἆπαν
841 2164 978 2235 μετὰ
1009 2167 1181 2236 χαρᾶς
1207 2164 1520 2231 ὑπεδέξατο,
1552 2165 1628 2228 ὼς
1653 2165 1754 2235 τῆς
1782 2164 1913 2237 άλη-

320 2258 478 2322 θείας
512 2259 730 2330 κήρυκα
769 2259 862 2310 καὶ
888 2257 1206 2311 ἀπόστολον.
1247 2258 1694 2330 Προσευξάμενος
1719 2259 1776 2312 δὲ
1816 2259 1912 2312 καὶ

320 2352 510 2420 χεῖρας
541 2348 722 2410 αὐτοῖς
757 2347 996 2412 ἐπιθεὶς,
1042 2349 1248 2412 πάντας
1289 2349 1416 2411 τοὺς
1457 2347 1645 2412 κακῶς
1692 2349 1912 2420 ἔχοντας

320 2440 712 2511 ἐθεράπευσεν,
741 2439 836 2493 ἕνα
863 2456 922 2492 τε
957 2440 1090 2494 Θεὸν
1131 2443 1188 2493 ὲν
1221 2442 1400 2512 τρισὶν
1425 2441 1787 2494 ῦποστάσεσιν
1817 2441 1909 2494 εὑ-

321 2531 753 2602 αγγελισάμενος
773 2571 787 2596 ,
821 2533 914 2585 καὶ
961 2531 1130 2585 πολλὰ
1161 2532 1375 2597 διδάξας
1414 2534 1613 2596 αὐτοὺς
1654 2532 1781 2604 περὶ
1811 2550 1909 2605 μοσ-

317 2623 569 2696 ναρχίας.
599 2619 730 2676 Εἶτα
758 2625 895 2695 πρὸς
938 2624 1038 2696 τὴν
1071 2624 1250 2691 ξενίαν
1283 2625 1571 2697 ἀπῄειμεν.
1607 2627 1770 2688 Γνοὺς
1793 2625 1850 2679 δὲ
1881 2626 1910 2678 6

320 2715 498 2786 γέρων
533 2715 615 2768 ὅτι
641 2716 846 2788 Πέτρος
881 2717 1086 2788 παρῆν,
1118 2717 1507 2790 προσδραμὼν,
1542 2719 1731 2771 ἑαυτόν
1754 2732 1811 2771 τε
1841 2721 1906 2792 τῇ

283 2808 387 2877 γῇ
421 2805 922 2878 προσκαταϐαλὼν,
971 2807 1042 2861 τά
1085 2809 1294 2862 ἐκείνου
1345 2810 1723 2880 κατησπάζετο
1764 2811 1906 2880 ἴχνη,

316 2896 488 2962 ἀξιῶν
529 2897 609 2968 τῷ
654 2897 781 2968 θείῳ
833 2899 1187 2970 τελειωθῆναι
1233 2899 1608 2971 βαπτίσματι,
1657 2899 1795 2953 ὥστε
1847 2902 1908 2954 τὺ

315 2991 545 3063 ἀρχαῖόν
593 3007 652 3043 τε
697 2991 797 3062 τῆς
834 2991 1013 3062 ψυχῆς
1053 2991 1249 3055 κάλλος
1277 2993 1369 3046 καὶ
1415 2992 1514 3064 τὴν
1554 2994 1768 3064 μορφὴν
1811 2993 1905 3046 τοῦ

318 3081 572 3154 σώματος
595 3081 886 3135 ἀπολαϐεῖν
913 3081 1002 3135 διὰ
1032 3082 1126 3135 τοῦ
1167 3083 1558 3155 βαπτίσματος,
1596 3086 1688 3137 καὶ
1716 3101 1904 3137 κοινω-
1931 3115 1973 3173 C

316 3172 406 3235 v6;
431 3171 544 3224 τῶν
575 3170 864 3242 ἀχράντων
892 3171 1146 3240 γενέσθαι
1171 3173 1267 3226 τοῦ
1297 3173 1534 3244 Χριστοῦ
1573 3174 1902 3246 μυστηρίων.

316 3265 426 3317 Καὶ
456 3266 486 3319 ό
535 3264 741 3334 Πέτρος
786 3264 1102 3334 κατηχήσας
1146 3263 1340 3328 αὑτὸν,
1370 3264 1606 3336 είρηκώς
1643 3282 1701 3319 τε
1737 3264 1908 3319 πολλὰ

313 3355 446 3428 περὶ
472 3355 751 3428 σωτηρίας
774 3394 789 3419 ,
833 3355 926 3408 ἐπὶ
957 3355 1100 3408 τέλει
1140 3355 1196 3408 δὲ
1239 3355 1334 3409 καὶ
1376 3355 1534 3411 τοῦτο
1558 3355 1748 3420 είπὼν,
1781 3357 1856 3421 ὡς
1878 3358 1906 3410 6

317 3449 522 3519 Κύριος
564 3448 720 3519 ἡμῶν
763 3445 969 3518 Ἰησοῦς
993 3447 1227 3519 Χριστὸς
1269 3450 1297 3502 6
1333 3447 1462 3512 Υίὸς
1504 3447 1599 3502 τοῦ
1625 3447 1760 3502 Θεοῦ
1795 3453 1906 3513 τοῖς

316 3540 593 3610 μαθηταῖς
637 3539 1043 3609 ἐντελλόμενος·
1090 3533 1153 3592 ὀ
1199 3541 1532 3606 πιστεύσας
1548 3539 1618 3603 ⁸⁸,
1649 3539 1775 3611 ἔφη,
1807 3540 1904 3593 καί

308 3630 698 3695 βαπτισθεὶς,
726 3629 1102 3696 σωθήσεται·
1150 3629 1271 3683 καί·
1325 3633 1487 3685 Κατὰ
1536 3632 1650 3700 τὴν
1697 3634 1904 3685 πίστιν

311 3739 429 3776 σου
468 3721 777 3792 γενηθήτω
825 3739 923 3776 σοι
975 3722 1058 3788 ὡς
1093 3721 1306 3788 θέλεις.
1356 3723 1618 3796 Ἐπείπερ
1655 3726 1684 3778 ὁ
1715 3724 1902 3794 καιρὸς

313 3812 450 3884 πρὸς
475 3811 716 3883 ἑσπέραν
753 3807 841 3882 ἦν,
871 3812 1076 3884 τροφῆς
1110 3812 1511 3883 μεταλαϐόντας
1555 3815 1678 3846 ⁸⁸⁸⁸³
1703 3854 1718 3879 ,
1757 3815 1895 3886 μετὰ

310 3908 409 3978 τὴν
439 3905 648 3978 συνήθη
675 3906 860 3978 εὐχὴν,
891 3908 920 3960 6
950 3905 1114 3970 ὕπνος
1137 3906 1186 3939 ’⁵
1212 3906 1501 3978 ἐλάμϐανε.

374 4079 591 4137 CXLII.
631 4081 708 4152 Τῇ
734 4080 790 4134 δὲ
821 4079 1050 4154 ἐπιούσῃ
1077 4080 1448 4153 ὀρθριαίτερον
1475 4081 1635 4135 πάλιν
1652 4081 1895 4146 ἀναστὰς

307 4175 337 4228 6
363 4174 590 4245 Πέτρος,
620 4174 715 4227 atati.
739 4172 1206 4246 προσευξάμενος,
1240 4174 1624 4244 μετακαλεῖται
1650 4175 1745 4228 σὺν
1764 4175 1895 4245 ἡμῖν

2023 496 2115 551 sed
2160 497 2385 564 ptenitet
2427 511 2543 558 me,
2574 503 2629 548 et
2667 493 2916 549 fortassis
2963 510 3060 564 per
3103 489 3477 560 pmnitentiam
3524 503 3590 544 ea

2020 603 2142 657 quae
2174 585 2418 654 improbe
2445 584 2609 655 gessi,
2643 583 2775 638 mihi
2815 593 3042 654 possunt
3075 581 3394 637 condonari.

2091 676 2250 732 CXL.
2293 675 2418 740 llzcc
2453 691 2576 730 cum
2611 684 2764 746 pater
2803 675 3036 744 publice,
3067 672 3223 742 quasi
3262 689 3328 726 ex
3359 685 3590 741 persona

2023 770 2264 826 Simonis
2293 769 2547 830 dixisset,
2573 777 2630 821 et
2675 767 2894 821 Petrum
2939 765 3236 827 laudasset,
3279 763 3590 817 universam

2020 864 2491 919 Antiochiensium
2525 862 2796 917 civitatem
2829 860 2896 914 ad
2932 859 3075 912 illius
3113 856 3442 912 desiderium
3477 864 3589 909 tra-

2020 955 2198 1018 duxit,
2226 954 2515 1022 cunctique
2541 968 2598 1007 se
2623 967 2748 1005 cum
2781 950 3128 1004 vehementer
3153 957 3413 1018 exoptare
3441 962 3593 1002 asse-

2024 1046 2254 1102 rebant:
2295 1045 2540 1100 nonnulli
2576 1060 2702 1099 vero
2734 1043 2896 1098 etiam
2929 1041 3368 1112 patri,tanquam
3401 1038 3448 1092 is
3477 1038 3593 1106 ipse
3635 1079 3640 1085 .

2021 1148 2167 1192 esset
2209 1137 2436 1203 Simon,
2489 1136 2912 1197 succensebant,
2976 1142 3196 1203 propter
3257 1131 3590 1184 nimietatem

2021 1229 2224 1283 amoris
2251 1244 2379 1299 erga
2409 1227 2648 1291 Petrum,
2679 1234 2734 1281 et
2757 1240 2953 1278 manus
2980 1224 3202 1292 injicere
3230 1220 3588 1277 conabantur.

2020 1320 2206 1374 Atille
2244 1322 2453 1376 veritus
2483 1335 2550 1374 ne
2590 1319 2659 1373 ab
2684 1319 2818 1387 ipsis
2853 1318 3272 1381 interﬁceretur,
3311 1329 3407 1384 per
3448 1313 3592 1382 lega-

2020 1423 2134 1467 tum
2161 1413 2456 1483 postulavit
2487 1427 2516 1466 a
2544 1410 2731 1476 Petro,
2760 1411 3023 1465 continuo
3052 1417 3110 1462 ut
3140 1408 3364 1469 veniret,
3391 1422 3500 1476 quo
3531 1421 3592 1460 se

2021 1504 2433 1582 nancisceretur
2464 1503 2683 1568 vivum,
2719 1513 2771 1556 et
2807 1501 2861 1556 in
2911 1501 3098 1555 urbem
3142 1498 3412 1554 desiderio
3444 1497 3590 1552 illius

2021 1594 2335 1665 ﬂagrantem
2381 1603 2688 1665 opportunae
2731 1592 3064 1648 adventaret.
3113 1589 3323 1657 Quibus
3351 1589 3586 1652 auditis,

2021 1687 2212 1743 Petrus
2253 1688 2519 1758 plurimos
2551 1687 2620 1741 ad
2665 1687 2933 1758 agendum
2979 1694 3306 1739 conventum
3339 1683 3586 1748 adduxit,

2016 1789 2069 1836 et
2094 1781 2409 1850 episcopum
2439 1780 2743 1846 constituit,
2779 1779 2980 1832 multos
3025 1777 3236 1831 curavit
3268 1785 3429 1844 atque
3455 1777 3590 1844 bap-

2013 1873 2218 1937 tizavit,
2255 1873 2546 1943 triduoque
2580 1871 2864 1926 Laodiceae
2903 1879 3161 1940 praeterea
3193 1875 3586 1931 commoratus,

2011 1965 2359 2020 Antiochiam
2387 1964 2749 2036 propinquam
2801 1962 3073 2018 civitatem
3102 1963 3252 2017 adire
3289 1962 3584 2018 festinavit.

2081 2056 2265 2111 CXLI.
2308 2056 2375 2110 Et
2427 2057 2647 2127 quidem
2697 2071 2822 2112 cum
2869 2058 2934 2111 ad
2974 2058 3162 2111 urbem
3211 2058 3584 2124 pervenisset,

2014 2150 2304 2206 universus
2356 2150 2592 2219 populus
2626 2165 2951 2215 accurrens,
3000 2165 3122 2204 cum
3160 2149 3359 2220 gaudio
3404 2149 3582 2219 ipsum

2011 2241 2240 2311 excepit,
2267 2248 2524 2310 tanquam
2555 2240 2803 2295 veritatis
2825 2255 3132 2309 pratconem
3162 2249 3214 2293 et
3242 2239 3574 2307 apostolum.

2011 2337 2271 2393 Precibus
2306 2347 2489 2392 autem
2529 2336 2689 2398 fusis,
2721 2345 2773 2390 et
2817 2336 3072 2390 manibus
3106 2351 3270 2404 super
3308 2349 3406 2388 eos
3433 2333 3583 2402 posi-

2011 2431 2098 2495 tis,
2139 2430 2412 2484 universis
2462 2429 2605 2483 male
2635 2429 2966 2482 habentibus
2997 2427 3180 2482 attulit
3209 2427 3536 2481 medicinam
3565 2443 3580 2481 :

2011 2521 2138 2577 item
2188 2537 2356 2575 unum
2406 2521 2576 2576 Deum
2621 2521 2674 2575 in
2724 2521 2900 2576 tribus
2937 2521 3184 2589 personis
3218 2519 3581 2582 annuntiavit,

2008 2617 2505 2688 pluribusque‘eos
2555 2615 2621 2669 de
2652 2613 2817 2668 unius
2844 2615 3106 2668 numinis
3147 2613 3453 2683 principatu
3487 2613 3586 2665 do-

2010 2709 2142 2763 cuit.
2183 2707 2386 2763 Deinde
2416 2707 2482 2760 ad
2512 2705 2810 2775 hospitium
2855 2720 2957 2759 nos
3004 2706 3330 2775 recepimus.
3379 2704 3585 2759 intelli-

2008 2817 2142 2872 gens
2185 2809 2367 2855 autem
2408 2814 2571 2853 senex
2611 2797 2828 2853 Petrum
2847 2797 3067 2864 adesse,
3109 2798 3374 2862 acdurrit,
3417 2812 3586 2868 seque

2007 2891 2270 2961 dejiciens
2301 2891 2355 2945 in
2389 2898 2590 2944 terram
2617 2929 2632 2953 ,
2683 2889 2829 2942 illius
2879 2888 3043 2957 pedes
3095 2889 3580 2957 complectebatur,

2007 2999 2208 3056 rogans
2243 2992 2301 3038 ut
2349 2983 2536 3038 divino
2565 2981 2897 3051 baptismate
2923 2991 3437 3047 consummaretur;
3471 2996 3583 3050 quo

2007 3075 2285 3145 antiquam
2314 3075 2510 3129 animae
2541 3071 3019 3142 pulchritudinem,
3045 3080 3099 3126 et
3137 3071 3367 3125 formam
3389 3086 3584 3141 corpo-

2012 3165 2088 3219 ris
2129 3165 2396 3234 reciperet
2447 3178 2543 3233 per
2591 3161 2954 3232 baptismum,
3008 3162 3267 3232 ﬁeretque
3311 3164 3584 3233 particeps

2009 3258 2454 3312 intemeratarum
2474 3254 2678 3311 Christi
2705 3254 3113 3326 mysteriorum.
3144 3254 3210 3310 Et
3233 3253 3446 3322 Petrus,
3467 3266 3581 3310 tra-

2007 3349 2117 3403 dita
2143 3349 2190 3402 ei
2215 3347 2543 3402 Christianae
2576 3347 2860 3418 religionis
2884 3348 3157 3412 doctrina,
3191 3348 3488 3419 multisque
3514 3351 3583 3405 de

2005 3440 2180 3494 salute
2219 3439 2462 3509 prolatis,
2505 3441 2720 3494 tandem
2771 3441 2876 3495 hoc
2898 3439 3112 3494 addidit
3148 3439 3439 3496 Dominum
3483 3457 3582 3497 no-

2005 3541 2176 3588 strum
2213 3531 2398 3588 Jesum
2428 3532 2708 3588 Christum
2750 3533 2946 3587 Filium
2978 3533 3092 3598 Dei,
3122 3534 3174 3588 in
3209 3535 3480 3592 mandatis
3511 3537 3579 3590 ad

2003 3622 2304 3691 discipulos
2353 3623 2601 3678 dixisse:
2660 3623 2766 3689 Qui
2805 3625 3126 3690 crediderit,
3175 3635 3226 3679 et
3278 3626 3578 3696 baptizatus

2003 3712 2184 3781 fuerit,
2211 3713 2389 3767 saluus
2415 3715 2514 3765 erit
2539 3714 2615 3779 ";
2643 3724 2698 3767 et
2725 3731 2740 3768 :
2773 3715 3076 3768 Secundum
3105 3716 3265 3784 ﬁdem
3307 3726 3451 3770 tuam
3480 3718 3578 3786 ﬁat

2003 3803 2098 3859 tibi
2128 3806 2264 3860 sicut
2293 3806 2366 3858 vis
2393 3805 2458 3858 ’⁸.
2486 3805 2740 3875 Curaque
2769 3815 2981 3876 tempus
3003 3807 3072 3860 ad
3103 3823 3384 3876 vesperam
3416 3809 3570 3863 incli-

2001 3905 2175 3959 naret,
2211 3897 2390 3951 cibum
2441 3896 2818 3966 sumpsimus;
2871 3907 2924 3952 et
2966 3907 3088 3967 post
3133 3898 3348 3952 solitam
3388 3913 3576 3967 preca-

1999 3989 2227 4056 tionem,
2255 4004 2481 4044 somnus
2506 4005 2608 4044 nos
2631 3991 2938 4059 occupavit.

2065 4079 2272 4134 CXLII.
2317 4080 2574 4150 Sequenti
2601 4096 2733 4135 vero
2754 4080 2842 4136 die
2867 4079 3061 4136 Petrus
3082 4081 3279 4135 iterum
3304 4083 3572 4140 maturius

1996 4187 2262 4242 surgens,
2320 4180 2610 4241 postquam
2659 4181 2856 4235 orarit,
2897 4181 3104 4240 patrem
3143 4180 3196 4225 ει
3243 4187 3342 4227 nos
3386 4187 3573 4228 accer-

309 4261 396 4316 τὸν
424 4263 670 4334 πατέρα,
695 4263 806 4316 καὶ·
840 4263 1108 4334 Σήμερον,
1139 4255 1183 4314 ὦ
1211 4262 1448 4332 ἀδελφοὶ,
1481 4262 1647 4332 λέγει,
1685 4262 1892 4334 μεγάλη

2010 4265 2155 4331 sivit;
2187 4273 2277 4320 et:
2305 4263 2497 4329 Hodie,
2540 4263 2735 4335 inquit,
2772 4264 2986 4330 fratres,
3009 4281 3264 4336 maguum
3312 4266 3568 4336 gaudium

307 4352 449 4425 χαρὰ
488 4352 701 4422 γίνεται
722 4353 782 4405 ὲν
813 4351 892 4422 τῷ
921 4350 1155 4422 οὐρανῷ,
1183 4351 1275 4404 ἐπὶ
1319 4354 1384 4422 τῇ
1417 4350 1732 4422 θεοδωρήτῳ
1757 4351 1889 4404 άνα-

2010 4357 2197 4412 πίοιιιι·
2226 4357 2280 4411 in
2299 4357 2439 4412 caelo
2453 4356 2520 4422 “,
2540 4365 2758 4428 propter
2779 4357 3020 4411 divinum
3047 4373 3249 4412 munus
3281 4374 3573 4414 renascen-

306 4446 557 4516 γεννήσει
591 4441 686 4496 τοῦ
715 4443 881 4497 καλοῦ
920 4443 1177 4514 γέροντος
1201 4442 1462 4497 Φαύστου.
1495 4443 1605 4496 Καὶ
1643 4443 1889 4514 παραλα-
1923 4457 1935 4512 ι

2015 4450 2081 4504 ire
2125 4449 2254 4505 boni
2291 4448 2438 4505 senis
2477 4447 2706 4503 Fausti.
2747 4446 2996 4518 Cumque
3065 4465 3166 4505 nos
3239 4451 3571 4520 assumpsis-

305 4537 415 4590 ϐὼν
434 4539 586 4609 ἡμᾶς
607 4536 859 4608 ἐξῄειμεν
886 4536 1024 4590 κατὰ
1047 4534 1311 4599 ἀνατολὰς
1329 4536 1430 4607 τῆς
1453 4536 1679 4600 πόλεως,
1701 4535 1829 4591 ἔνθα
1843 4536 1889 4567 ’⁵

301 4627 369 4701 ῆν
391 4629 565 4683 ὕδατα
594 4628 766 4682 πολλά
784 4645 846 4681 τε
876 4628 968 4682 καὶ
996 4626 1230 4699 καθαρά,
1254 4627 1348 4680 καὶ
1379 4625 1539 4697 μόνον
1565 4627 1657 4680 τὸν
1678 4628 1890 4700 πατέρα

301 4721 481 4776 λαϐὼν
521 4720 649 4791 ίδία,
683 4723 1001 4792 κατηχήσας
1039 4737 1101 4773 τε
1132 4712 1301 4773 πολλὰ
1343 4719 1440 4773 καί⁸
1469 4718 1688 4786 διδάξας
1729 4721 1889 4776 αὑτὸν

302 4812 370 4866 τά
401 4811 536 4884 περὶ
566 4810 703 4864 Θεοῦ
745 4813 838 4865 καί⁵
883 4812 985 4882 τῆς
1011 4809 1099 4864 διὰ
1147 4811 1348 4883 σαρκὸς
1373 4810 1535 4864 αὑτοῦ
1578 4811 1716 4883 πρὸς
1744 4813 1890 4883 ἡμᾶς

301 4904 617 4976 ἐπιδημίας,
635 4903 925 4958 ἐϐάπτισεν
953 4903 1114 4958 αὑτὸν
1137 4904 1218 4966 είς
1242 4901 1303 4954 τὸ
1331 4901 1503 4974 ὄνομα
1533 4901 1629 4956 τοῦ
1655 4901 1885 4974 Πατρὺς,

1997 4550 2098 4606 set,
2132 4539 2339 4612 egressi
2373 4553 2565 4594 sumus
2601 4538 2667 4592 ad
2699 4537 2816 4592 loca
2862 4537 3148 4591 orientalia
3183 4537 3440 4605 civitatis,
3474 4540 3566 4596 ubi

1996 4631 2182 4686 multae
2237 4640 2394 4687 erant
2449 4645 2606 4700 aquae
2657 4644 2722 4684 ac
2778 4644 2962 4698 pune:
3018 4629 3303 4700 solumque
3358 4640 3565 4701 patrem

1995 4736 2242 4777 seorsum
2272 4736 2521 4786 sumens,
2554 4720 2853 4790 multisque
2885 4718 3198 4786 instituens,
3237 4724 3566 4795 tradensque

1995 4812 2070 4867 illi
2096 4813 2399 4867 doctrinam
2440 4811 2506 4866 de
2540 4810 2648 4866 Deo
2673 4811 2903 4881 ejusque
2933 4811 2986 4865 in
3021 4828 3186 4868 carne
3228 4815 3294 4868 ad
3341 4831 3440 4870 nos
3469 4816 3564 4870 ad-

1995 4913 2179 4968 ventu,
2217 4904 2512 4973 baptizavit
2541 4919 2664 4958 eum
2699 4903 2752 4957 in
2781 4903 2999 4959 nomine
3022 4903 3217 4969 Patris,
3250 4915 3303 4960 et
3333 4905 3476 4971 Filii,
3508 4917 3563 4962 et

303 4999 392 5052 καὶ
430 4997 528 5051 τοῦ
559 4997 714 5060 Υἱοῦ,
749 4998 842 5051 καὶ
889 4996 982 5050 τοῦ
1011 4997 1169 5066 ἁγίου
1215 4997 1560 5068 Πνεῦματος·
1593 4995 1688 5048 καὶ
1726 4996 1887 5066 ἄρτον

2010 4995 2233 5066 Spiritus
2266 4995 2440 5051 sancti
2469 5013 2482 5049 :
2509 5009 2746 5065 cumque
2784 5010 2977 5064 panem
3004 4997 3325 5066 accepisset,
3359 5000 3561 5068 gratias

299 5088 478 5143 λαϐὼν
497 5091 530 5153 ,‘
550 5088 948 5160 εὐχαριστήσας
977 5105 1038 5141 τε
1071 5088 1165 5141 καί¹
1210 5087 1513 5159 εὐλογήσας
1533 5126 1547 5150 ,
1590 5087 1698 5140 τῶν
1721 5087 1886 5159 ἱερῶν

2010 5085 2182 5157 egisset
2199 5099 2262 5139 ac
2285 5083 2827 5149 benedixisset,sacra
2847 5085 2948 5154 ipsi
2966 5087 3216 5156 mysteria
3243 5086 3555 5156 impertivit.

303 5180 448 5252 αὐτῷ
507 5183 756 5234 κοινωνεῖ
805 5178 1140 5252 μυστηρίων.
1168 5179 1280 5232 Καὶ
1327 5175 1469 5251 ἦμεν
1501 5177 1635 5250 ὁμοῦ
1682 5178 1883 5244 πάντες

2010 5177 2056 5232 Et
2087 5193 2307 5232 eramus
2342 5177 2544 5247 pariter
2572 5178 2756 5232 cuncti
2786 5177 2839 5231 in
2887 5177 3116 5232 Domino
3159 5189 3320 5232 noctu
3366 5194 3432 5234 ac
3474 5180 3558 5234 in-

305 5270 700 5343 ἀγαλλιὼμενοι
737 5273 795 5324 ὲν
833 5271 1020 5343 Κυρίῳ
1066 5271 1236 5324 νύκτα
1265 5287 1325 5325 τε
1363 5271 1457 5324 καὶ
1490 5270 1607 5343 μεθ’
1646 5271 1880 5343 ἡμέραν,

2010 5267 2164 5322 erdiu
2193 5268 2550 5330 exsultantes,
2579 5276 2692 5322 tum
2723 5267 2791 5322 de
2817 5267 2987 5337 patris
3016 5283 3114 5338 per
3143 5267 3386 5322 divinum
3429 5267 3555 5339 Spi-

304 5365 391 5418 ἐπί
418 5383 476 5418 τε
497 5367 566 5437 τῇ
595 5361 690 5418 τοῦ
717 5363 923 5436 πατρὸς
946 5363 1032 5417 διὰ
1050 5363 1096 5396 ⁹⁶
1122 5362 1215 5416 τοῦ
1246 5362 1392 5417 θείου
1423 5362 1730 5435 πνεύματος
1753 5364 1882 5417 ἁνα-

2010 5358 2148 5412 itum
2189 5357 2488 5412 instaurata
2517 5356 2818 5420 nativitate,
2852 5367 2964 5411 tum
3009 5358 3076 5412 de
3108 5357 3388 5414 auditione
3423 5373 3553 5414 ora-

371 5486 396 5515 ι
425 5474 593 5530 Marc.
643 5490 757 5541 xvr,
788 5473 875 5529 16.
952 5473 982 5514 δ
1021 5472 1210 5530 Matth.
1240 5488 1316 5540 ix,
1349 5472 1438 5528 ‘29.
1514 5483 1537 5513 ο
1580 5472 1714 5529 Luc.
1753 5488 1840 5539 xv,
1872 5471 1922 5526 7.

1567 5563 1804 5620 νΑΙὶΙᾸΞ
1841 5560 2240 5622 LECTIONES.

311 5728 316 5737 Ι
370 5659 436 5784 νὶ
472 5660 810 5785 degstlinal.’
882 5661 926 5694 ⁸⁸
961 5659 1024 5715 al-
1076 5656 1414 5727 συναγαγών.
1491 5658 1703 5715 "deest
1731 5657 1782 5713 in
1814 5656 1886 5714 al.
1963 5655 2151 5712 “""al
2191 5656 2601 5728 μεταλαϐόντες.
2662 5655 2705 5689 ³³
2745 5655 2817 5712 al.
2865 5656 3028 5711 inscr.
3091 5655 3256 5727 ἡμᾶς.
3319 5658 3364 5692 ’³
3399 5659 3549 5717 deus

311 5743 358 5783 ιιι
385 5748 412 5782 ιι
440 5771 453 5782 .
604 5749 636 5784 3
665 5771 677 5784 .
722 5747 824 5785 επι.
1751 5781 1757 5785 .

310 5743 358 5783 ιιι
385 5743 453 5784 ut.
531 5743 576 5763 τ’
604 5743 677 5785 al.
