4066 6330
294 300 402 354 ιτς-ι

1144 298 1604 358 (ἶιΕΜΕΝΊΊ-ΝΑ.
1628 331 1691 343 --
1716 298 2011 356 ΕΡΙΤΟΜΕ
2038 298 2126 357 DE
2159 298 2406 357 GES'l'lS
2445 299 2503 355 S.
2546 295 2769 354 PETRI.

3441 293 3543 347 578

292 408 582 481 ἐκκλησία·
622 407 913 466 Ἀκούσατέ
950 428 1085 482 μου,
1108 412 1214 484 εφη
1237 452 1252 476 ,
1280 413 1443 466 τέκνα
1479 415 1573 467 καὶ
1613 413 1861 483 ἀδελφοί·

1972 415 2127 469 cione
2156 423 2212 469 et
2256 414 2517 469 ecclesia:
2543 414 2737 469 Audite
2770 430 2876 482 me,
2895 414 3091 485 inquit,
3115 413 3210 469 lilii
3238 423 3291 468 et
3316 412 3539 475 fratres:

290 502 388 555 τοῦ
420 501 522 573 μὲν
547 501 682 573 ἐμοῦ
710 502 915 574 δρόμου
940 503 1003 556 τὸ
1030 503 1183 568 τέλος
1214 504 1410 573 ὲγγύςο
1456 504 1615 558 τοῦτο
1642 504 1753 576 γὰρ
1775 505 1870 558 καὶ

292 593 396 662 ἤδη
445 609 536 663 μοι
562 592 855 662 ἔγνωσται·
898 595 1191 666 Κλήμεντα
1232 595 1289 649 δὲ
1342 596 1532 649 τοῦτον
1575 597 1871 650 ἐπίσκοπον

291 682 422 752 ὑμῖν
463 683 752 755 χειροτονιῦ
792 686 1049 757 σήμερον,
1074 679 1117 753 ᾧ
1144 688 1237 740 καὶ
1260 688 1361 758 τὴν
1396 689 1533 759 ἐμὴν
1562 688 1670 742 τῶν
1697 688 1871 757 λόγων

290 776 588 829 ἐπίστευσα
602 778 670 810 ⁸⁸³
684 779 975 851 καθέδραν,
992 779 1069 842 ὡς
1086 780 1339 850 ἀπαρχῆς
1363 796 1452 851 μοι
1481 777 1750 851 καὶμέχρι
1774 779 1868 832 νῦν

290 867 706 933 συνοδεύσαντα,
762 873 857 923 καὶ
909 868 1053 924 οὕτω
1086 872 1274 925 πασῶν
1325 889 1426 942 μου
1474 871 1583 924 τῶν
1643 870 1869 941 ὁμιλιῶν

286 958 692 1024 ἐπακούσαντα,
723 960 784 1024 ὃς
810 962 871 1014 ἐν
902 960 1035 1014 πᾶσί
1063 978 1153 1032 μοι
1182 960 1293 1014 τῶν
1318 961 1639 1033 πειρασμῶν
1680 976 1870 1016 κοινω-

286 1054 481 1119 νήσας,
529 1054 595 1122 τῇ
647 1051 830 1105 πίστει
881 1052 1310 1125 προσκαρτερῶν
1358 1050 1595 1125 εύρέθη’
1650 1053 1710 1106 δν
1758 1051 1868 1121 ἐγὼ

284 1135 655 1206 ἀκριϐέστατα
686 1138 902 1193 πάντων
938 1134 1056 1195 οἶδα
1079 1140 1303 1211 θεοσεϐῆ
1328 1141 1422 1195 καὶ
1468 1141 1863 1213 φιλάνθρωπον,

286 1228 451 1294 ἁγνόν
479 1245 539 1281 τε
565 1230 658 1282 καὶ
687 1230 956 1303 σώφρονα,
987 1232 1209 1302 ἀγαθὸν,
1236 1233 1463 1297 δίκαιον,
1496 1233 1864 1306 μακρόθυμον,

286 1319 383 1370 καὶ
411 1318 673 1387 γενναίως
697 1320 874 1375 είδότα
914 1321 1100 1393 φέρειν
1138 1321 1237 1386 τὰς
1280 1322 1439 1376 ἐνίων
1465 1322 1573 1375 τῶν
1601 1339 1867 1394 κατηχού-

288 1411 468 1480 μένων
500 1413 835 1483 ἀχαριστίας.
865 1413 956 1467 At?)
972 1414 1122 1485 αὐτῷ
1150 1414 1475 1485 μεταδίδωμι
1498 1414 1599 1484 τῆς
1623 1414 1869 1480 ἐξουσίας

284 1503 380 1556 τοῦ
411 1502 630 1576 δεσμεῖν
652 1524 711 1559 τε
729 1507 823 1559 καὶ
846 1506 1014 1562 λύειν.
1042 1509 1203 1579 Δησει
1224 1506 1333 1579 γὰρ
1356 1505 1384 1560 6
1410 1507 1491 1560 δεῖ
1512 1508 1747 1578 δεθῆναι,
1775 1508 1870 1560 καὶ

285 1594 439 1648 λύσει
487 1596 705 1661 πάντως
745 1598 774 1650 ὂ
795 1597 874 1651 δεῖ
898 1599 1140 1670 λυθῆναι,
1172 1599 1247 1662 ὡς
1273 1598 1363 1652 τδν
1410 1599 1510 1670 τῆς
1545 1599 1873 1669 Ἑκκλησίας

284 1689 488 1742 κανόνα
528 1690 709 1753 καλῶς
748 1689 919 1754 εἰδώς.
967 1691 1140 1745 Αὑτοῦ
1189 1688 1281 1745 οὖν
1324 1689 1627 1755 ἀκούσατε,
1669 1691 1868 1771 εἰδότες

1971 521 2169 561 cursus
2196 506 2412 575 quidem
2439 507 2545 560 mei
2576 507 2701 560 linis
2723 522 2890 577 prOpe
2918 517 3000 562 est
3034 527 3047 562 :
3083 508 3136 562 id
3164 507 3311 561 enim
3342 515 3397 561 et
3430 507 3545 577 jam

1972 594 2110 671 mihi.
2143 604 2227 649 est
2255 595 2533 664 c0gnitum
2571 612 2586 650 :
2618 595 2952 649 Clementem
2983 606 3162 651 autem
3194 598 3365 662 hunc,
3425 596 3546 666 epi-

1972 701 2199 755 sc0pum
2222 686 2552 742 vobishodie
2582 687 2807 751 ordino;
2842 687 2927 741 cui
2950 697 3004 742 et
3033 704 3206 743 meam
3230 704 3543 744 sermonum

1970 779 2280 833 cathedram
2335 779 2532 844 credo;
2603 779 2862 849 quoniam
2924 781 2994 835 ab
3046 781 3202 836 initio
3259 782 3545 852 hucusque

1969 884 2156 923 comes
2203 870 2338 924 mihi
2370 870 2492 936 fuit,
2545 871 2734 940 sicque
2784 887 2976 927 omnes
3002 874 3210 929 audivit
3249 874 3543 931 conciones

1968 973 2155 1024 meas;
2217 959 2310 1029 qui
2362 959 2415 1013 in
2446 961 2700 1016 omnibus
2746 962 3017 1032 particeps
3080 964 3438 1018 teutationum
3488 974 3544 1019 et

1966 1051 2424 1120 periclitationum
2456 1069 2696 1107 mearqu
2727 1054 2925 1120 factus,
2962 1056 3015 1110 in
3047 1056 3151 1111 lide
3187 1072 3541 1127 perseverare

1967 1143 2220 1199 inventus
2269 1154 2383 1210 est;
2426 1138 2591 1216 quem
2641 1163 2741 1217 ego
2790 1150 3037 1203 omnium
3082 1149 3387 1204 certissime
3414 1150 3545 1203 novi

1965 1250 2088 1291 esse
2114 1236 2204 1291 Dei
2234 1239 2523 1305 cultorem,
2559 1249 2613 1294 et
2640 1241 2923 1296 hominum
2963 1250 3260 1306 amantem,
3305 1251 3546 1307 castum,

1966 1342 2030 1382 ac
2081 1335 2508 1398 temperantem,
2566 1330 2792 1397 bonum,
2839 1332 3071 1401 justum,
3122 1333 3440 1401 patientem,
3487 1342 3541 1386 et

1966 1420 2233 1475 valentem
2282 1421 2495 1477 fortiter
2541 1422 2685 1479 ferre
2722 1425 2933 1494 ingrata
2968 1425 3213 1479 facinora
3242 1425 3547 1479 nonnullo-

1968 1527 2092 1567 rum
2153 1514 2246 1584 qui
2298 1514 2610 1570 Christiana
2672 1516 2996 1571 imbuuntur
3043 1517 3313 1573 doctrina.
3359 1516 3542 1582 Quare

1968 1602 2044 1657 illi
2074 1603 2229 1658 trado
2271 1613 2590 1674 potestatem
2632 1605 2834 1676 ligandi
2874 1615 2929 1661 et
2973 1608 3215 1661 solvendi
3245 1619 3292 1661 ι.
3328 1606 3549 1677 Ligabit

1966 1694 2112 1747 enim
2140 1694 2286 1763 quod
2336 1695 2490 1767 ligari
2539 1705 2773 1765 Oportet,
2803 1709 2857 1752 et
2907 1699 3082 1753 solvet
3126 1699 3351 1753 omnino
3392 1698 3539 1768 quod

283 1782 364 1834 ὅτι
393 1784 425 1835 6
452 1782 543 1834 τὸν
574 1782 825 1853 ἀληθείας
860 1783 1329 1855 προκαθεζόμενον
1356 1783 1561 1849 λυπῶν,
1608 1785 1688 1847 εἰς
1728 1785 1864 1854 Χρο-

1968 1786 2102 1841 solvi
2129 1786 2320 1853 debet;
2352 1788 2529 1858 utqui
2581 1787 2835 1844 Ecclesia:
2877 1804 3143 1846 cauonem
3189 1806 3253 1845 ac
3296 1791 3537 1859 regulam

285 1875 413 1928 στὸν
437 1875 762 1947 ἁμαρτάνει,
786 1876 880 1929 καὶ
898 1875 989 1929 τὸν
1013 1877 1223 1945 πατέρα
1248 1876 1357 1929 τῶν
1383 1876 1521 1930 ὅλων
1546 1873 1866 1948 παροργίξει

281 1966 415 2019 Θεόν
438 1984 452 1998 ο
500 1964 561 2021 οὗ
592 1969 796 2021 εἵνεκεν
822 1968 882 2021 ού
916 1968 1159 2039 ζήσεται.
1198 1970 1306 2022 Καὶ
1334 1968 1497 2022 αὑτὸν
1526 1963 1621 2021 οὖν
1654 1966 1736 2020 δεῖ
1770 1966 1863 2019 τὸν

284 2057 795 2129 προκαθεζόμενον,
848 2058 1034 2130 ίατροῦ
1077 2059 1244 2112 τόπον
1293 2059 1532 2129 ἐπέχειν,
1561 2058 1623 2110 οὐ
1672 2058 1864 2129 θηρίου

282 2150 478 2219 ἀλόγου
510 2150 698 2221 θυμόν.

350 2433 585 2489 CXLVI.
613 2433 797 2487 Ταῦτα
822 2432 984 2487 αὑτοῦ
1012 2432 1278 2503 λέγοντος,
1301 2432 1411 2502 ἐγὼ
1432 2433 1663 2505 Κλήμης
1684 2434 1863 2487 πεσὼν

280 2527 372 2581 επὶ
406 2530 533 2599 γῆς,
566 2526 731 2589 πολὺς
758 2523 824 2598 ἦν
847 2526 940 2579 τοῦ
970 2527 1287 2580 διδασκάλου
1333 2528 1600 2598 δεόμενος,
1647 2528 1742 2581 καὶ
1771 2526 1863 2581 τὸν

280 2621 472 2692 θρόνον
535 2620 611 2683 ὡς
661 2619 896 2690 μάλιστα
945 2619 1396 2691 παραιτούμενος.
1467 2619 1602 2672 Ἀλλ’
1647 2622 1674 2672 6
1724 2619 1863 2683 θεῖος

279 2712 615 2773 ἀπόστολος*
643 2712 778 2782 Περὶ
813 2711 1003 2763 τούτου
1046 2728 1111 2782 με
1160 2712 1235 2782 μὴ
1263 2710 1437 2775 ἀξίου,
1472 2709 1660 2775 εἰπὼν,
1692 2709 1727 2763 ἀ
1754 2709 1862 2781 γὰρ

277 2806 307 2860 6
337 2803 474 2867 Θεὸς
503 2802 750 2874 βούλεται
770 2804 814 2865 δ,
842 2802 927 2866 τίς
952 2802 1133 2865 ἱκανὸς
1159 2801 1457 2874 ἀνθρώπων
1478 2802 1859 2865 διασκεδάσαι;

282 2895 404 2947 Ἐτι
437 2894 578 2965 πρὸς
596 2893 657 2946 τὸ
685 2891 888 2963 πλῆθος
917 2891 1036 2945 ἰδών
1059 2908 1073 2922 ⁸
1099 2892 1211 2945 Καὶ
1239 2892 1415 2964 ὑμεῖς,
1440 2892 1564 2964 ἔφη,
1591 2890 1863 2963 ἀγαπητοὶ

276 2987 519 3055 ἀδελφοὶ,
549 2988 648 3058 την
679 2985 1038 3057 ὀφειλομένην
1061 2986 1136 3050 ὡς
1166 2986 1334 3057 πατρὶ
1362 2986 1526 3057 τιμὴν
1552 2986 1648 3039 καὶ
1686 2985 1862 3039 εὐπεί-

277 3080 434 3133 θειαν
484 3078 576 3132 διὰ
628 3077 831 3143 παντὸς
874 3078 1180 3133 ἀποδιδόναι
1228 3077 1307 3150 τῷ
1365 3078 1520 3149 ὑμῶν
1567 3078 1735 3150 πατρὶ
1782 3079 1859 3149 μὴ

277 3170 547 3225 tif-imave
583 3172 605 3203 '
629 3187 644 3202 θ
680 3170 825 3224 οὕτω
863 3170 974 3242 γὰρ
1014 3170 1108 3224 καὶ
1160 3168 1315 3241 ὑμεῖς
1342 3169 1721 3240 ποιμαίνεσθαι
1757 3185 1859 3221 κα-

275 3262 384 3327 λῶς
427 3264 602 3329 ⁴ἕξετε,
634 3263 728 3316 καί⁵
757 3262 960 3333 ποιμὴν
979 3257 1131 3325 οὗτος
1160 3261 1333 3323 ἔσται,
1354 3260 1449 3314 καὶ
1474 3260 1535 3312 ού
1573 3258 1865 3330 μισθωτὸς,

275 3354 369 3407 τοῦ
412 3353 669 3424 ποιμνίου
728 3352 1169 3423 ἐπιμελούμενος.
1229 3351 1457 3405 Ἕσεσθε
1506 3352 1615 3422 γάρ
1665 3350 1864 3412 εἰδότες

274 3449 351 3514 ὡς
387 3450 419 3501 6
464 3447 559 3499 τὸν
601 3444 834 3515 ποιμένα
887 3461 947 3497 τε
975 3443 1068 3498 καὶ
1113 3443 1428 3497 διδάσκαλον
1481 3443 1537 3495 ὲν
1585 3443 1697 3505 τοῖς
1723 3440 1867 3495 κατὰ

275 3541 412 3595 Θεὸν
440 3538 649 3600 λυπῶν,
669 3534 730 3590 τὸ
750 3536 841 3590 τοῦ
862 3536 1000 3590 Θεοῦ
1020 3535 1233 3607 πνεῦμα
1255 3535 1435 3599 λυπεῖ,
1474 3522 1538 3579 οὗ
1574 3536 1674 3606 τὴν
1701 3533 1863 3587 καθέ-

274 3631 408 3703 δραν
440 3626 597 3692 οὗτος
617 3629 712 3682 καὶ
734 3628 825 3681 τὸν
842 3627 1009 3680 τόπον
1028 3626 1210 3698 ἐπέχει
1230 3644 1244 3658 ·
1271 3629 1365 3681 καὶ
1382 3629 1411 3681 6
1437 3626 1563 3690 τοὺς
1586 3624 1749 3679 αὑτοῦ
1775 3626 1863 3679 λό-

274 3738 405 3791 γους
444 3720 678 3783 ἀθετῶν,
716 3718 946 3790 Χριστὸν
984 3718 1182 3782 ἀθετεῖ,
1224 3720 1317 3773 καὶ
1353 3717 1673 3790 παραϐάτης
1695 3718 1860 3790 νόμου

276 3815 615 3885 εὑρίσκεται.
636 3809 749 3882 Πρὸ
772 3810 988 3863 πάντων
1010 3809 1064 3863 δὲ
1084 3810 1154 3863 τὰ
1171 3810 1267 3882 τῆς
1289 3810 1524 3874 πίστεως
1547 3810 1673 3881 ὑμῖν
1695 3810 1864 3879 ὑγιῶς

275 3905 555 3976 ἐχέτωσαν
588 3902 683 3955 καὶ
720 3890 969 3972 βεϐαίως,
1017 3900 1244 3971 κινδύνῳ
1276 3900 1462 3972 μηδενὶ
1489 3899 1859 3971 σαλευόμενα’

277 3997 470 4051 ἔπειτα
495 3995 594 4048 καὶ
616 3996 643 4047 6
666 3993 777 4064 βίος
802 3992 955 4065 ὑμῶν
978 3991 1217 4063 καθαρὸς
1252 3991 1410 4055 ἔστω,
1437 3991 1473 4062 ἢ
1491 3990 1857 4062 καθαιρέσθω

278 4090 365 4141 καὶ
394 4082 829 4158 προηγουμένως
867 4084 896 4135 6
926 4080 1022 4135 τοῦ
1048 4079 1296 4152 σώματος
1333 4081 1601 4152 ἁγιασμὸς
1624 4081 1860 4135 σπουδα-

279 4176 473 4241 ζέσθωο
493 4174 673 4238 οὐδεὶς
694 4174 801 4246 γὰρ
818 4173 1008 4227 τούτου
1024 4174 1212 4246 χωρὶς,
1229 4172 1321 4227 τὸν
1335 4172 1534 4244 Κύριον
1553 4172 1760 4243 ὄψεται.
1783 4173 1859 4225 Τδ

280 4268 559 4342 εἰρηνικόν
581 4284 642 4320 τε
670 4267 763 4319 καὶ
784 4266 989 4337 ἥμερον
1013 4265 1258 4337 ἀλλήλοις
1294 4263 1457 4320 παντὶ
1483 4265 1669 4338 τρόπῳ
1696 4282 1854 4336 περι-

280 4359 543 4412 αοιείσθω
567 4359 655 4410 ⁸⁸⁸.
689 4358 751 4411 El
775 4358 831 4411 δὲ
858 4358 950 4411 καὶ
978 4356 1216 4429 συμϐαίη
1245 4357 1373 4410 ποτὲ
1394 4357 1635 4430 ἀλλήλων
1653 4354 1854 4427 μεταξὺ

1968 1878 2136 1948 probe
2168 1889 2483 1950 cognoscat.
2516 1879 2696 1950 ipsum
2721 1895 2850 1952 ergo
2874 1882 3059 1935 audite
3083 1900 3097 1946 ;
3132 1883 3389 1948 scientes,
3412 1898 3539 1936 eum

1964 1970 2062 2039 qui
2089 1952 2333 2025 veritatis
2362 1970 2578 2041 praesidi
2607 1971 2912 2026 molestiam
2948 1972 3162 2026 exhibet
3190 2012 3207 2038 ,
3253 1975 3307 2027 in
3352 1972 3541 2027 Chris-

1966 2066 2080 2112 tum
2110 2075 2354 2128 peccare,
2384 2070 2438 2115 et
2464 2061 2635 2115 Deum
2663 2062 3044 2117 universorum
3077 2072 3284 2131 patrem
3314 2064 3542 2118 incitare

1964 2150 2032 2204 ad
2064 2151 2230 2217 iram;
2265 2163 2595 2223 quapmpter
2621 2170 2726 2208 non
2751 2170 2871 2210 esse
2895 2156 3187 2210 victurum.
3214 2154 3333 2227 ipse
3360 2158 3543 2225 itaque

1965 2258 2167 2313 praeses
2209 2242 2367 2298 debet
2413 2246 2612 2299 medici
2656 2246 2835 2303 locum
2894 2249 3163 2316 obtinere,
3213 2265 3322 2304 non
3355 2250 3541 2307 bestia:

1964 2334 2174 2388 ratione
2201 2336 2437 2389 carentis
2467 2334 2729 2392 furorem.

2035 2426 2266 2483 CXLVI.
2294 2426 2419 2483 Haec
2454 2444 2517 2483 eo
2564 2430 2799 2493 dicente,
2845 2448 2947 2503 ego
2975 2432 3228 2488 Clemens
3251 2435 3553 2505 procidens

1965 2517 2017 2572 in
2054 2527 2276 2583 terram,
2312 2521 2517 2575 multus
2558 2537 2706 2576 eram
2748 2522 2802 2576 in
2846 2524 3058 2578 orando
3106 2525 3350 2593 doctore,
3390 2534 3443 2579 et
3482 2526 3545 2580 in

1964 2613 2091 2666 sedc
2119 2627 2284 2682 quam
2328 2614 2565 2673 maxim
2587 2615 2947 2684 deprecanda.
2979 2615 3081 2669 Sed
3129 2616 3347 2671 divinus
3409 2632 3540 2687 apo-

1965 2705 2139 2758 stolus
2174 2723 2188 2759 :
2224 2703 2344 2759 Noli
2382 2721 2489 2769 me,
2536 2706 2708 2770 dixit,
2738 2708 2804 2761 de
2835 2707 2937 2761 hoc
2974 2724 3168 2778 rogare
3201 2724 3215 2759 :
3245 2724 3367 2777 quae
3392 2708 3551 2761 (‘Ilim

1963 2795 2107 2851 Deus
2137 2796 2271 2862 vult,
2301 2798 2425 2866 quis
2452 2798 2729 2853 hominum
2755 2800 3024 2869 dissipare
3055 2800 3287 2869 poterit?
3339 2798 3540 2853 Postea

1962 2888 2028 2941 ad
2062 2887 2465 2942 multitudinem
2492 2889 2785 2958 respiciens
2826 2907 2839 2943 :
2883 2888 2949 2944 Et
2976 2905 3094 2955 vos,
3117 2889 3314 2959 inquit,
3342 2888 3553 2943 fratres

1964 2977 2299 3044 charissimi,
2328 2979 2568 3033 debitum
2594 2990 2654 3034 ut
2679 2982 2821 3049 patri
2849 2981 3110 3035 honorem
3127 2990 3181 3035 et
3214 2980 3541 3051 thequium

1960 3086 2056 3142 per
2103 3072 2288 3125 omnia
2338 3071 2550 3127 deferre
2604 3070 2750 3126 Patri
2804 3080 2982 3126 vestro
3032 3087 3098 3127 ne
3153 3070 3428 3127 desinite:
3461 3072 3545 3126 ita

1965 3161 2166 3232 quippe
2184 3172 2238 3217 et
2263 3162 2419 3217 vobis
2442 3172 2586 3218 recte
2612 3162 2725 3233 regi
2745 3178 2839 3217 seu
2866 3163 3014 3233 pasci
3040 3164 3344 3233 continget;
3375 3173 3545 3234 atque

1964 3253 2066 3307 iste
2091 3254 2195 3307 erit
2223 3263 2432 3323 pastor,
2463 3269 2570 3307 non
2597 3255 2988 3318 mercenarius,
3026 3258 3328 3324 curamque
3359 3256 3543 3326 gregis

1963 3345 2247 3414 suscipiet.
2295 3342 2432 3398 Nam
2482 3344 2675 3399 scitote
2728 3359 2853 3401 eum
2886 3344 3006 3415 ,ιιιιί
3037 3346 3239 3415 pastori
3273 3360 3337 3401 ac
3366 3347 3545 3417 magi-r

1962 3448 2079 3491 suo
2112 3436 2387 3506 negotium
2444 3436 2497 3489 in
2552 3436 2716 3492 rebus
2766 3452 2887 3506 quae
2936 3437 3002 3491 ad
3048 3435 3215 3492 Deam
3266 3436 3539 3506 pertinent

1962 3528 2205 3592 facessit,
2260 3528 2354 3583 Dei
2401 3526 2690 3598 Spiritum,
2738 3528 2899 3598 cujus
2946 3528 3035 3584 hic
3060 3528 3242 3584 sedem
3274 3539 3328 3584 et
3351 3531 3539 3585 locum

1961 3622 2191 3686 obtinet,
2244 3621 2566 3674 contristare
2604 3637 2623 3673 :
2651 3634 2886 3690 eumque
2930 3620 3028 3690 qui
3073 3636 3352 3676 sermones
3388 3622 3545 3676 illius

1961 3712 2187 3784 spernit,
2214 3710 2492 3767 Christum
2516 3727 2793 3782 spernere,
2827 3720 2880 3767 et
2910 3712 3044 3784 legis
3075 3722 3537 3784 transgressorem

1961 3804 2193 3860 inveniri
2222 3805 2274 3859 ι’.
2307 3804 2447 3859 Ante
2483 3805 2669 3859 omnia
2696 3821 2827 3860 vero
2856 3806 2990 3860 ﬁdes
3018 3806 3072 3860 in
3101 3807 3258 3860 vobis
3296 3822 3431 3861 sana
3462 3807 3549 3861 sit

1959 3910 2023 3950 ac
2052 3894 2230 3961 firma,
2272 3894 2421 3950 nullo
2450 3895 2692 3965 periculo
2741 3894 3043 3962 fluctuans;
3082 3897 3276 3951 deinde
3326 3907 3380 3953 et
3424 3897 3539 3951 vita

1958 3998 2138 4043 vestra
2183 4003 2317 4059 pura
2361 3997 2455 4042 aut
2499 3988 2606 4052 sit,
2644 3995 2738 4041 aut
2777 3987 3071 4055 elliciatur;
3120 3990 3543 4060 praesertimquer

1956 4080 2239 4134 excolatur
2268 4078 2515 4148 corporis
2537 4079 2937 4145 sanctimonia;
2966 4094 3125 4133 nemo
3147 4081 3292 4133 enim
3325 4080 3539 4150 absque

1955 4188 2018 4227 ea
2053 4170 2343 4226 Dominum
2374 4170 2599 4226 videbit.
2641 4168 2753 4225 Pax
2791 4181 2845 4225 et
2872 4171 3027 4241 quies
3068 4173 3210 4225 inter
3252 4186 3352 4226 vos
3380 4170 3537 4226 omni:

1957 4264 2119 4319 modo
2148 4273 2416 4319 teneatur.
2448 4262 2602 4329 Quod
2636 4263 2682 4316 si
2712 4261 2852 4317 forte
2884 4262 3201 4318 scandalum
3225 4272 3277 4317 et
3303 4262 3539 4318 offensio

1956 4357 2098 4411 inter
2127 4369 2226 4410 vos
2247 4354 2525 4419 acciderit,
2573 4354 2653 4410 sol
2693 4357 2765 4409 ita
2797 4355 3004 4410 affectis
3052 4354 3206 4409 vobis
3244 4370 3352 4409 non
3385 4356 3531 4410 occia

279 4450 603 4513 σκάνδαλον,
641 4450 715 4521 μὴ
744 4448 1008 4503 ἐπιδυέτω
1037 4450 1165 4520 ὑμῖν
1198 4450 1227 4502 6
1256 4448 1405 4519 ἥλιος
1444 4448 1623 4513 οὕτως
1649 4448 1851 4519 έχουσι.
1885 4462 1887 4515 ς

1964 4448 2050 4502 dat
2083 4458 2131 4501 ε.
2161 4445 2417 4502 iudicare
2439 4446 2506 4501 de
2537 4447 2793 4515 proximo
2818 4454 3065 4502 cavetote
3102 4464 3116 4501 :
3151 4446 3201 4499 id
3229 4446 3274 4501 si
3306 4446 3530 4516 quidem

278 4540 385 4593 Τοῦ
410 4541 455 4571 ¹⁶
490 4540 705 4610 κρίνειν
747 4538 840 4591 τὸν
886 4538 1115 4609 πλησίον
1154 4537 1467 4592 εὐλαϐεῖσθε
1493 4555 1506 4569 ·
1534 4538 1856 4611 φαρισαῖκδν

1964 4539 2363 4595 Pharisaeorum
2393 4549 2499 4602 est,
2530 4548 2584 4596 et
2616 4523 2913 4594 obnoxium
2951 4538 3161 4609 judicio
3184 4539 3234 4593 ἀ.
3272 4537 3529 4609 Hospita-

277 4632 386 4701 γὰρ
418 4630 603 4693 τοῦτο,
652 4630 747 4681 καὶ
774 4630 1005 4700 κρίσεως
1046 4630 1246 4701 ἔνοχον.
1291 4631 1405 4701 Τῆς
1433 4630 1729 4701 φιλοξενίας
1764 4631 1858 4685 καὶ

1964 4632 2132 4687 litatis
2176 4640 2231 4687 et
2287 4631 2658 4687 beneﬁcentiae
2706 4647 2774 4687 ne
2818 4631 3216 4687 obliviscamini
3251 4650 3265 4687 :
3296 4632 3398 4686 hoc
3446 4639 3529 4686 est

277 4725 527 4786 ιύποιῖας
576 4723 650 4794 μὴ
695 4722 1143 4777 ἐπιλανθάνεσθε·
1192 4722 1351 4777 τοῦτο
1390 4722 1497 4795 γὰρ
1536 4723 1724 4795 ἐντολὴ
1761 4723 1855 4777 τοῦ

1964 4724 2106 4779 enim
2137 4724 2431 4794 praeceptio
2470 4724 2634 4795 primi
2673 4722 2915 4795 Magistri
2951 4740 3017 4779 ac
3066 4722 3367 4780 Salvatoris
3408 4723 3526 4779 Dei.

278 4817 500 4887 πρώτου
532 4813 865 4868 Διδασκάλου
894 4816 987 4868 καὶ
1015 4816 1261 4887 Σωτῆρος
1293 4816 1333 4846 ¹¹
1362 4815 1518 4869 Θεοῦ.
1559 4815 1682 4879 Τοῖς
1707 4816 1859 4868 πταί-

1964 4815 2031 4869 lis
2064 4814 2157 4885 qui
2212 4814 2494 4869 oli’endunt
2535 4823 2755 4884 peccata
2796 4815 3104 4869 condonate
3130 4832 3143 4869 :
3174 4814 3253 4869 sic
3293 4829 3530 4884 namque

276 4923 397 4961 ουσι
446 4909 782 4978 συγχωρεῖτε
836 4905 906 4959 τὰ
964 4907 1365 4978 ἁμαρτήματα·
1419 4905 1561 4959 οὕτω
1602 4906 1710 4979 γάρ
1761 4910 1856 4961 καὶ

1964 4913 2011 4959 et
2038 4904 2143 4974 ipsi
2171 4904 2289 4959 sine
2318 4904 2423 4959 ﬁne
2464 4904 2656 4960 dicetis
2696 4905 2828 4959 illud
2861 4924 2875 4959 :
2910 4903 3131 4959 Dimitte
3167 4906 3313 4965 nobis
3348 4903 3527 4957 debila

276 5001 433 5054 αὐτοὶ
460 4996 757 5062 ἀπαύστως
776 4999 894 5031 ¹²⁶¹³
912 4996 1185 5071 ὲρείτετόο
1216 5000 1397 5067 ’Ἄφες
1426 4998 1569 5067 ἡμῖν
1594 4999 1665 5052 τὰ
1694 5000 1851 5069 ὀφει-

1964 5004 2143 5049 nostra
2170 5005 2216 5049 ο.
2258 4992 2401 5049 Inter
2428 4994 2692 5059 trutinas,
2721 5010 3032 5058 mensuras,
3056 5003 3314 5065 pondera,
3348 5009 3414 5049 ne
3443 4992 3525 5048 vel

274 5090 522 5158 λήματα
552 5086 735 5157 ἡμῶν.
770 5088 938 5156 Ζυγά,
967 5088 1160 5160 μέτρα,
1183 5090 1275 5143 καὶ
1299 5087 1553 5160 σταθμία,
1586 5089 1719 5162 μηδὲ
1738 5091 1793 5143 ἓν
1812 5090 1853 5123 ’⁵

1964 5103 2128 5142 unum
2162 5086 2347 5141 minus
2377 5102 2591 5156 mquum
2633 5096 2829 5141 exstet.
2882 5086 2963 5140 Ad
3004 5087 3149 5141 hunc
3186 5086 3385 5156 quippe
3408 5100 3527 5137 mo-

277 5178 464 5234 ἀδικον
490 5179 652 5231 ἔστω.
690 5175 847 5231 Οὕτω
886 5178 992 5251 γάρ
1025 5180 1067 5211 ’⁸
1094 5180 1468 5252 εὐνομουμένη
1494 5180 1664 5244 πόλις,
1697 5183 1731 5253 ἡ
1757 5180 1851 5235 τοῦ

1964 5182 2089 5235 ιΙιιιιι
2109 5179 2304 5234 civitas
2329 5179 2602 5248 praeclaris
2627 5179 2834 5248 legibus
2855 5180 3174 5251 gubernata,
3195 5179 3300 5232 erit
3331 5176 3524 5231 catho-

316 5292 344 5317 ι
372 5274 566 5330 Matth.
599 5289 714 5340 ενι,
740 5274 827 5332 19.
869 5274 897 5314 δ
922 5273 1055 5331 Luc.
1094 5291 1149 5340 ι,
1181 5276 1266 5331 16.
1310 5276 1531 5347 'Eplies
1584 5293 1656 5342 IV,
1695 5276 1789 5331 26.
1865 5275 1887 5315 δ

1970 5275 2104 5332 attb.
2143 5280 2241 5333 VII.
2282 5269 2328 5323 l-
2418 5285 2441 5313 ο
2482 5272 2670 5328 Matth.
2708 5288 2788 5339 Vt,
2816 5279 2900 5333 lz‘.

1577 5386 1809 5443 VARI/13
1847 5385 2245 5442 LECTIONES.

355 5488 425 5520 ¹·⁸
460 5488 533 5542 al.
575 5485 833 5540 πιστεύω.
883 5485 997 5540 ‘al.
1062 5482 1423 5555 βεϐούλευται.
1463 5480 1489 5513 ⁸
1524 5481 1596 5535 ai.
1636 5480 1948 5535 ὲλλείποιτε.
2024 5480 2093 5511 ⁶’⁹
2112 5480 2184 5535 al.
2248 5478 2636 5601 περιποιεῖσθε.
2715 5478 2759 5509 ¹⁰
2778 5478 2849 5531 al.
2890 5476 2971 5531 τό.
3008 5488 3011 5489 ⁷
3077 5477 3115 5507 ¹¹
3157 5476 3230 5530 al.
3276 5491 3516 5545 praepon.

355 5558 461 5601 iam-
544 5558 663 5589 ησιι
686 5558 757 5601 ιι,
800 5557 1128 5601 liminum.
1211 5555 1254 5585 ιδ
1281 5552 1353 5601 al.
1380 5553 1546 5601 inser.
1577 5552 1725 5601 ὑμῖν.
1806 5550 1848 5581 ¹⁵
1866 5550 2247 5601 Εὐνομουιιένη
2270 5566 2309 5600 π
2340 5549 2442 5601 λις.
2470 5549 2602 5601 Παο’
2624 5545 2925 5601 ἀνθρώποις
2953 5548 3063 5601 τοῖς
3083 5545 3516 5601 εὐνομουμένοις.

276 5552 461 5630 ἡμῶν.
515 5558 663 5630 ff“
686 5558 758 5611 al.
800 5546 1128 5630 ἀπταίστως.
1211 5555 1254 5585 ⁸⁸
1281 5552 1353 5605 al.
1380 5553 1546 5630 inser_.
1577 5552 1725 5622 ὑμῖν.
1806 5546 2442 5630 ¹ξβὺνομρυμένηιπόλιφ
2470 5546 2925 5630 Παρξάνθρώποις
2946 5548 3063 5630 ¹τοῖς
3083 5546 3521 5630 εύνομουιμένοις,

281 5618 713 5753 Ιῖευιιξοιὶιιὰὶν,
740 5643 861 5697 cap.
886 5626 975 5695 Β,
1026 5642 1122 5696 pro
1166 5638 1276 5694 quo
1313 5632 1470 5679 vetus
1522 5618 1789 5691 interpres
1835 5618 2088 5676 Martvris
2116 5618 2345 5690 legebat
2373 5618 2762 5687 εὐνοουμένοις.
2803 5618 2957 5686 Apud
3007 5618 3276 5683 Ιιοηιὶιιεε,
3308 5620 3516 5689 inqua,

283 5709 548 5753 κκωιοσ.
668 5713 724 5753 τ.
