4066 6330
517 294 621 351 579

1350 297 1406 352 S.
1447 296 1833 355 CLESIENTIS
1874 299 1891 352 Ι
1932 298 2075 356 ROM

2180 300 2342 358 ῸΝΤ.
2383 301 2612 360 OPERA
2654 304 2884 361 DUBIA.
2956 340 2961 349 -
3642 313 3734 371 580

516 413 621 468 Iica
648 412 738 468 Dei
798 412 1059 469 Ecclesia.
1118 414 1223 481 Qui
1273 418 1485 486 negotia
1541 416 1790 487 quaedam
1851 419 1993 472 inter
2026 435 2075 473 se

2185 418 2320 472 Θόυῦ
2349 420 2499 474 ἔσται
2546 420 2806 491 καθολικὴ
2852 420 3163 490 Ἐκκλησία.
3213 420 3287 474 Oi‘
3316 421 3603 494 πράγματά
3627 443 3737 481 τινα

516 505 746 570 habent,
780 508 920 577 apud
966 505 1219 562 Ecclesia:
1257 508 1602 580 presbyteros
1649 508 1996 577 iudicentur;
2030 519 2084 564 et

512 599 659 666 quod
692 599 891 654 bonum
923 608 1007 653 est
1038 601 1419 671 contemplati,
1454 602 1872 657 reconcilientur
1900 617 1913 654 :
1947 619 2081 657 neve

511 690 579 743 ad
617 690 906 745 tribunalia
941 689 1136 746 fratres
1191 693 1482 757 trahitote;
1529 693 1766 762 judicari
1814 695 1961 749 enim
2012 696 2083 751 ab

511 782 787 837 extraneis
826 798 889 838 ac
915 784 1168 849 ethnicis,
1196 784 1247 837 id
1274 800 1404 839 vero
1441 785 1737 840 infidelium
1763 798 1873 852 est;
1906 803 2083 857 quan-

512 872 803 942 doquidem
832 885 905 941 et,
938 874 1163 945 Angelos
1177 876 1544 945 judicabintus
1574 890 1600 917 α
1627 919 1641 943 ,
1679 879 1939 948 scriptum
1972 889 2076 934 est.

514 964 688 1036 Super
718 967 922 1032 omnia,
970 977 1025 1022 et
1075 978 1202 1023 ante
1254 971 1437 1023 omnia
1486 982 1757 1039 pastorem
1793 972 1865 1026 ita
1900 972 2081 1027 intue-

510 1057 667 1120 mini,
694 1066 752 1111 ut
781 1074 867 1111 me
900 1057 1163 1125 Petrum,
1203 1059 1297 1129 qui
1336 1074 1367 1113 a
1417 1058 1527 1115 Deo
1568 1061 1774 1117 electus
1818 1072 1902 1119 est
1925 1061 2078 1117 vobis

509 1149 563 1202 in
594 1149 937 1219 magistrum.
1514 1147 1518 1151 ’

578 1241 829 1297 CXLVII.
878 1242 950 1296 Ita
979 1258 1103 1298 cum
1150 1255 1480 1313 perorasset,
1515 1255 1568 1299 et
1603 1259 1787 1300 coram
1822 1245 2080 1301 omnibus

508 1352 703 1391 manus
748 1338 880 1391 mihi
925 1338 1298 1407 imposuisset,
1352 1338 1410 1392 in’
1463 1354 1561 1393 sua
1597 1338 1855 1395 cathedra
1889 1340 2080 1395 sedere

507 1429 633 1483 fecit
669 1446 682 1483 :
716 1444 955 1499 cumque
999 1430 1285 1494 sedissem,
1330 1429 1435 1483 hoc
1480 1429 1614 1482 mihi
1664 1430 1845 1485 statim
1874 1430 2077 1485 dixit:

502 1519 614 1575 Oro
650 1529 700 1575 te
727 1536 911 1575 coram
944 1522 1196 1576 omnibus
1246 1521 1341 1592 qui
1370 1521 1590 1583 adsunt,
1626 1522 1764 1575 meis
1793 1520 2077 1588 fratribus,

502 1620 564 1665 ut
590 1610 808 1681 quando
845 1626 912 1664 ex
944 1611 1045 1665 hac
1075 1610 1183 1664 vita
1233 1611 1563 1681 migravero,
1614 1612 2076 1679 quemadmodum

502 1701 596 1756 Dei
626 1701 841 1755 censuit
871 1700 1209 1771 providentia
1234 1741 1248 1762 ,
1274 1702 1456 1755 omnia
1485 1700 1706 1755 domino
1736 1700 1939 1757 Iacobo
1968 1700 2078 1756 fra-

500 1793 570 1847 tri
611 1792 821 1846 Domini
856 1792 961 1845 mei
1001 1792 1410 1861 compendiario
1459 1792 1739 1847 describas
1780 1801 1834 1847 et
1870 1795 2075 1860 mittas,

499 1886 663 1940 etiam
704 1900 877 1954 usque
911 1884 977 1938 ad
1027 1884 1270 1954 pueritiae
1296 1894 1401 1939 tua:
1423 1884 1675 1949 consilia,
1724 1894 1777 1938 et
1813 1889 2075 1955 quemad-

500 1975 723 2029 modum
778 1975 846 2029 ab
879 1974 1034 2029 initio
1061 1974 1126 2028 ad
1156 1975 1259 2029 hoc
1293 1989 1466 2044 usque
1489 1984 1701 2044 tempus
1725 1990 1938 2031 meeum
1973 1977 2078 2031 iter

499 2068 715 2133 feceris,
765 2068 1009 2122 audiens-
1036 2081 1320 2121 sermones
1349 2075 1404 2120 et
1449 2074 1603 2120 actus
1634 2081 1664 2119 a
1696 2082 1781 2121 me
1809 2068 2075 2137 praedicac

501 2171 584 2216 tos
615 2180 629 2215 :
660 2160 855 2215 deinde
882 2161 935 2214 in
974 2159 1099 2225 fine,
1132 2168 1186 2213 et
1214 2159 1406 2213 mortis
1428 2174 1563 2213 mea!
1587 2174 1832 2225 causam,
1864 2170 1923 2215 ut
1950 2171 2076 2217 ante

498 2255 634 2318 dixi,
664 2253 905 2308 indicare
938 2268 1006 2307 ne
1037 2251 1282 2305 omittas.
1326 2248 1447 2304 Non
1497 2251 1643 2304 enim
1686 2250 1789 2304 hoc
1826 2251 1874 2305 ei
1906 2252 2076 2306 mole-

498 2347 659 2400 stiam
689 2345 928 2411 creabit;
963 2353 1021 2397 ut
1050 2343 1144 2413 qui
1174 2351 1326 2397 certo
1362 2341 1519 2408 sciat,
1554 2348 1639 2396 me
1668 2342 1816 2412 quod
1850 2344 2075 2398 omnino

497 2437 609 2505 pati
638 2437 927 2501 debebam,
963 2436 1049 2505 pie
1084 2433 1410 2489 reddidisse.
1445 2431 1741 2488 Maximum
1775 2441 1956 2488 autem
1985 2450 2076 2490 so-

497 2530 686 2585 latium
716 2527 954 2592 habebit,
980 2527 1198 2596 quando
1226 2527 1420 2591 discet,
1448 2537 1572 2596 post
1599 2542 1707 2593 me,
1735 2542 1842 2581 non
1867 2527 2074 2582 homini

496 2620 749 2690 imperito
774 2634 839 2675 ac
870 2619 1113 2672 vitalium
1140 2617 1429 2673 verborum
1462 2618 1672 2686 ignaro,
1695 2618 1789 2672 sed
1820 2616 2076 2673 Ecclesia:

495 2728 759 2768 canonem
784 2712 1029 2767 omnium
1059 2711 1295 2765 maxime
1340 2710 1571 2776 scienti,
1610 2710 1923 2765 cathedram
1976 2710 2076 2764 do-

495 2806 666 2861 ctoris
722 2805 982 2859 creditam
1043 2802 1233 2859 fuisse.
1267 2803 1535 2870 Quocirca
1565 2816 1686 2872 ego,
1735 2802 1953 2857 domine
1998 2803 2073 2857 mi

493 2897 715 2963 Jacobe,
735 2914 859 2954 cum
894 2898 1149 2967 magister
1180 2895 1373 2951 Petrus
1405 2897 1520 2951 haec
1558 2895 1692 2949 mihi
1723 2895 2070 2965 praeceperit;

495 2992 641 3060 quod
690 2991 899 3060 justum
949 2998 1052 3054 est,
1096 2986 1372 3057 complere
1419 3001 1524 3040 non
1574 2986 1778 3041 veritus
1825 3002 1969 3052 sum,
2019 2997 2075 3039 et

495 3083 655 3152 quasi
704 3082 760 3135 in
807 3078 1135 3148 compendio
1179 3061 1277 3131 tibi
1314 3086 1511 3131 cuncta
1563 3086 1691 3131 nota
1747 3075 1950 3138 facere.
1998 3078 2073 3132 ita

498 3178 759 3246 inscripto
782 3175 962 3244 operis
992 3182 1316 3242 argumento
1340 3188 1351 3225 :
1386 3170 1676 3227 Clementis
1699 3210 1715 3237 ,
1749 3169 1908 3226 Petri
1925 3187 2072 3241 pere-

492 3269 852 3339 grinationum
875 3276 925 3319 et
949 3265 1388 3334 pradicationum
1417 3262 1684 3331 Epitome.

564 3356 843 3413 CXLVIII.
881 3355 1005 3411 "asc
1046 3357 1229 3426 itaque
1274 3366 1359 3411 est
1395 3356 1554 3425 plena
1592 3354 1833 3410 cielestis
1862 3354 2070 3425 gratiae,

494 3449 640 3503 Petri
674 3449 1048 3519 apostolorum
1080 3448 1345 3517 principis
1384 3446 1891 3518 peregrinationum
1946 3462 2077 3501 nar-

494 3543 655 3604 ratio,
684 3557 806 3610 quze
836 3541 1001 3596 simul
1028 3549 1085 3595 et
1123 3539 1582 3609 compendiariam
1610 3541 1729 3609 ejus
1766 3539 2072 3595 doctrinam

494 3635 773 3700 continet;
802 3644 855 3688 et
886 3632 1069 3703 magni
1096 3632 1514 3702 admirandique
1549 3630 1848 3688 Clementis
1880 3634 2071 3700 vitam,

493 3725 640 3779 velut
680 3725 734 3778 iu
788 3724 970 3778 tabula
1010 3722 1257 3778 oratione
1290 3723 1575 3792 exprimit;
1614 3724 2070 3792 quemadmodum

497 3819 608 3887 ipse
642 3817 710 3871 ad
746 3816 1010 3871 Jacobum
1054 3816 1277 3870 fratrem
1324 3814 1539 3870 Domini
1581 3815 1828 3871 scribens
1859 3815 2069 3871 indica-

493 3914 589 3962 ιιι.
626 3908 794 3963 Porro
832 3907 1107 3962 ardentem
1132 3906 1429 3960 Clementis
1453 3920 1581 3976 erga
1608 3904 1777 3960 Deum
1804 3920 2068 3973 amorem,

492 4014 547 4056 ct
584 4016 841 4070 magnum
869 3999 1017 4053 illum
1046 4013 1144 4067 pro
1183 3996 1384 4066 pietate
1416 3995 1615 4061 zelum,
1646 3996 1925 4051 declarare
1947 4012 2073 4066 pos-

494 4102 621 4147 sunt
651 4107 714 4147 ea
751 4106 873 4160 qua:
901 4089 1044 4144 dicta
1070 4097 1230 4154 sunt,
1274 4088 1576 4158 praesertim
1609 4097 1789 4143 autem
1838 4089 2070 4144 manife-

492 4185 661 4241 stabit
677 4186 923 4240 omnium
950 4182 1298 4253 apertissime
1318 4181 1434 4251 ipse
1461 4196 1557 4252 per
1586 4181 1911 4253 martyrium
1944 4181 2067 4237 finis

490 4282 635 4336 vitze.
1712 4318 1715 4323 ν

563 4369 796 4426 CXLIX.
839 4368 1056 4424 Tertius
1094 4367 1240 4422 enim
1291 4374 1415 4437 post
1456 4380 1713 4436 magnum
1753 4364 1974 4420 Petrum
2011 4368 2065 4421 in

2192 511 2313 581 μετ’
2342 511 2583 583 ἀλλήλων
2614 512 2828 582 ἔχοντες
2848 551 2863 576 ,
2890 511 2982 564 ἐπὶ
3021 513 3130 565 τῶν
3156 510 3255 581 τῆς
3282 512 3592 586 Ἑκκλησίας
3619 535 3738 587 πρε-
3762 548 3765 549 ν

2190 596 2463 668 σϐυτέρων
2486 598 2875 669 κρινέσθωσαν,
2910 600 3004 653 καὶ
3027 600 3087 653 τὸ
3107 600 3270 653 καλὸν
3299 601 3536 667 νοοῦντες
3562 607 3740 677 συμϐι-

2185 684 2569 750 ϐαζέσθωσαν·
2624 689 2721 742 καὶ
2770 689 2844 761 μὴ
2897 690 3083 743 ἕλκετε
3140 691 3219 753 είς
3274 691 3583 764 δικαστήρια
3626 698 3739 761 τοὺς

2184 776 2461 845 ἀδελφούς.
2509 779 2773 833 Ἀπίστων
2816 781 2926 852 γὰρ
2958 781 3136 845 τοῦτο,
3184 784 3297 845 τοῖς
3336 782 3438 848 ἔξω
3461 784 3738 854 κρίνεσθαι.

2200 870 2350 924 Ἐπεὶ
2390 872 2514 930 καὶ,
2555 871 2872 941 ’Δγ-τέλους
2903 873 3243 942 κρινοῦμεν,
3274 873 3587 945 γέγραπται.
3631 875 3743 929 Ἐπὶ

2183 966 2318 1019 πᾶσι
2365 966 2459 1018 καὶ
2506 966 2611 1037 πρὸ
2646 966 2882 1028 πάντων,
2912 966 3083 1028 οὕτως
3107 966 3227 1021 ἐστέ
3270 967 3361 1019 τὸν
3389 968 3612 1037 ποιμένα
3635 968 3737 1001 ¹⁶σ¹¹

2181 1055 2435 1126 ὁρῶντες,
2451 1056 2527 1118 ὡς
2554 1055 2653 1125 ἐμὲ
2678 1056 2900 1127 Πέτρον,
2921 1057 3011 1111 τὸν
3031 1057 3136 1110 ὑπὸ
3157 1056 3292 1110 Θεοῦ
3317 1057 3745 1128 προχειρισθέντα

2181 1143 2311 1214 ὑμῖν
2342 1144 2421 1207 εἰς
2444 1143 2778 1198 διδάσκαλον.

2251 1235 2506 1290 CXLVII.
2538 1236 2722 1289 Ταῦτα
2765 1236 2956 1298 εἰπὼν,
2996 1238 3091 1290 καὶ
3132 1238 3225 1291 ἐπὶ
3276 1237 3498 1291 πάντων
3546 1255 3630 1307 μοι
3657 1239 3749 1303 τὰς

2138 1372 2145 1379 .
2179 1329 2370 1397 χεῖρας
2423 1326 2653 1390 ἐπιθεὶς,
2685 1327 2765 1390 εἰς
2786 1328 2886 1398 τὴν
2917 1327 3083 1381 αὑτοῦ
3116 1345 3181 1399 με
3210 1327 3476 1400 καθέδραν
3498 1328 3748 1400 καθεσθῆ-

2180 1435 2267 1472 ναι
2303 1419 2568 1490 πεποίηκε
2587 1437 2600 1451 ·
2638 1419 2957 1473 καθεσθέντι
2983 1420 3059 1483 δὲ,
3087 1420 3244 1474 τοῦτό
3274 1438 3363 1491 μοι
3398 1421 3595 1485 εὐθέως
3619 1422 3712 1492 ἐφη
3731 1437 3747 1453 ⁸

2193 1511 2352 1579 Ἀξιῶ
2380 1530 2439 1565 σε
2460 1513 2551 1566 ἐπὶ
2582 1512 2799 1565 πάντων
2826 1530 2927 1583 μου
2948 1512 3055 1565 τῶν
3080 1513 3473 1585 συμπαρόντων
3500 1513 3749 1583 ἀδελφῶν,

2177 1604 2414 1675 ὁπηνίκα
2455 1604 2550 1658 τοῦ
2578 1604 2813 1658 ἐνταῦθα
2858 1605 3110 1676 μεταστῶ
3158 1605 3296 1676 βίου,
3338 1606 3417 1670 ὡς
3444 1608 3591 1677 ήτοῦ
3624 1607 3751 1660 Θεοῦ

2179 1695 2404 1767 κέκρικε
2422 1696 2669 1767 πρόνοια,
2688 1696 2867 1749 πάντα
2887 1696 2964 1767 τῷ
2982 1696 3169 1768 Κυρίῳ
3198 1695 3440 1769 Ἰακώϐῳ
3458 1698 3533 1769 τῷ
3552 1698 3751 1769 ἁδελφῴ

2176 1786 2271 1841 τοῦ
2301 1789 2506 1859 Κυρίου
2540 1806 2661 1859 μου,
2693 1790 2750 1842 ἐν
2780 1790 3009 1859 ἐπιτομῇ
3043 1790 3498 1862 ἀναγραψάμενον
3536 1790 3753 1861 διαπέμ-

2177 1881 2310 1950 ψαι,
2359 1881 2520 1952 μέχρι
2568 1881 2661 1934 καὶ
2717 1881 2824 1933 τῶν
2876 1881 2939 1933 ἐκ
2977 1880 3164 1944 παιδός
3205 1898 3298 1935 σου
3342 1881 3639 1952 λογισμῶν,
3667 1881 3755 1933 καὶ

2177 1973 2253 2037 ὡς
2278 1973 2373 2025 ἀπ’
2400 1972 2575 2043 ἀρχῆς
2611 1974 2772 2043 μέχρι
2809 1971 2905 2025 νῦν
2937 1989 3026 2043 μοι
3069 1971 3434 2036 συνώδευσας,
3481 1971 3755 2026 ἐπακούων

2174 2066 2283 2119 τῶν
2311 2064 2451 2119 κατὰ
2487 2065 2642 2118 πόλιν
2674 2065 2765 2117 ὑπ’
2790 2063 2925 2134 ἐμοῦ
2958 2064 3340 2136 κηρυχθέντων
3370 2064 3546 2132 λόγων
3578 2081 3635 2116 τε
3668 2069 3757 2116 καὶ

2175 2157 2448 2229 πράξεων·
2477 2156 2666 2209 ἔπειτα
2696 2154 2831 2226 πρὸς
2845 2153 2923 2225 τῷ
2948 2154 3088 2206 τέλει
3113 2156 3206 2207 καὶ
3222 2155 3319 2227 τὴν
3342 2154 3445 2207 τοῦ
3472 2154 3695 2208 Θανάτου
3712 2152 3757 2183 ⁸³

2178 2264 2278 2318 μου
2315 2248 2609 2317 πρόφασιν,
2643 2244 2719 2308 ὡς
2749 2246 3029 2316 προεῖπον,
3050 2244 3287 2315 δηλῶσαι
3316 2245 3395 2317 μὴ
3427 2244 3752 2316 παραλίπῃς.

2174 2339 2248 2391 Οὐ
2292 2337 2399 2409 γάρ
2449 2336 2610 2391 αὐτὸν
2656 2337 2889 2409 λυπήσει
2926 2336 3114 2400 τοῦτο,
3161 2336 3337 2390 εἰδότα
3393 2336 3579 2405 σαφῶς
3622 2337 3699 2389 ὅτι
3730 2335 3758 2388 δ

2175 2428 2392 2489 πάντως
2416 2426 2521 2480 ἔδει
2551 2443 2617 2497 με
2660 2425 2875 2490 παθεῖν,
2906 2426 3144 2489 εὐσεϐῶς
3193 2425 3541 2479 ἀποδέδωκα.
3589 2425 3755 2493 Mavi-

2176 2538 2306 2589 στης
2350 2520 2407 2572 δὲ
2440 2518 2792 2589 παραμυθίας
2835 2520 3078 2586 τεύξεται
3114 2518 3331 2589 μαθὼν,
3392 2522 3476 2573 ὅτι
3515 2521 3628 2590 μετ’
3666 2517 3761 2589 ἐμὲ

2173 2612 2272 2664 οὐκ
2301 2610 2517 2681 ἀμαθὴς
2539 2610 2679 2681 ἀνὴρ
2704 2611 2796 2662 καὶ
2820 2612 3115 2675 ζωοποιοὺς
3140 2610 3350 2679 ἀγνοῶν
3388 2610 3601 2679 λόγους,
3642 2610 3759 2662 'Ex-

2175 2703 2401 2773 κλησίας
2434 2701 2493 2754 δὲ
2520 2705 2717 2755 κανόνα
2746 2701 2901 2766 εἰδὼς
2931 2702 3185 2773 μάλιστα,
3215 2702 3315 2772 τὴν
3358 2703 3460 2756 τοῦ
3488 2703 3760 2756 διδάσκονο

2172 2810 2265 2857 τος
2316 2793 2611 2864 ἐπιστεύθη
2662 2793 2948 2864 καθέδραν.
3025 2793 3185 2847 Ὅθεν
3241 2792 3397 2861 ἐγὼ,
3460 2793 3616 2864 κύριέ
3666 2809 3763 2863 μου

2187 2883 2432 2947 Ἰάκωϐε,
2463 2883 2558 2937 τοῦ
2600 2885 2921 2938 διδασκάλου
2961 2884 3173 2956 Πέτρου
3198 2884 3375 2938 ταῦτά
3410 2902 3503 2956 μοι
3539 2884 3761 2952 ἐπισκή-

2172 2972 2392 3044 ψαντος,
2422 2975 2523 3027 οὐκ
2549 2973 2770 3045 ὤκνησα
2807 2974 2869 3027 τὸ
2915 2974 3203 3027 κελευσθὲν
3244 2973 3631 3046 ἐκπληρῶσαι,
3676 2970 3766 3024 κει)⁸

2174 3067 2309 3131 dig"
2335 3067 2565 3138 ἐπιτομῇ
2594 3084 2674 3119 σοι
2715 3067 2892 3121 πάντα
2942 3065 3194 3138 γνώριμα
3234 3067 3610 3136 καταστῆσαι,
3654 3065 3765 3117 ἐπι-

2174 3157 2387 3229 γράψας
2408 3156 2505 3227 τὴν
2535 3156 2788 3209 ὑπόθεσιν
2814 3155 2957 3210 οὕτω
2976 3174 2988 3187 ο
3016 3155 3370 3226 Κλήμεντος
3392 3155 3514 3211 τῶν
3543 3155 3766 3223 Πέτρου

2174 3247 2499 3316 ἐπιδημιῶν
2526 3247 2571 3277 ὀ
2606 3246 2702 3300 καὶ
2731 3246 3124 3316 κηρυγμάτων
3168 3246 3487 3317 Ἐπιτομὴ.

2244 3338 2680 3410 (ΞΧΙΝΙΙΙ.Αῦτη
2712 3339 2809 3409 μὲν
2836 3334 2985 3391 οὗν¹¹
3010 3341 3042 3410 ἡ
3077 3339 3288 3411 πλήρης
3309 3340 3416 3411 τῆς
3443 3340 3651 3395 ἄνωθεν
3676 3339 3769 3409 χάο

2178 3449 2343 3503 ριτος,
2370 3430 2463 3484 τοῦ
2493 3430 2793 3503 κορυφαίου
2826 3428 2934 3482 τῶν
2981 3430 3296 3483 ἀποστόλων
3338 3431 3561 3503 Πέτρου
3590 3428 3769 3500 ἐπιδη-

2176 3518 2314 3591 μιῶν
2349 3519 2619 3591 διήγησις,
2662 3518 2923 3589 ἐπίτομόν
2965 3535 3021 3570 τε
3052 3518 3188 3589 ὁμοῦ
3215 3519 3581 3573 διδασκαλίαν
3609 3516 3772 3573 αὐτοῦ

2172 3613 2391 3683 ἔχουσα,
2420 3612 2514 3664 καὶ
2538 3611 2627 3663 τὸν
2660 3609 2753 3662 τοῦ
2783 3609 3018 3680 μεγάλου
3060 3610 3151 3661 καὶ
3180 3610 3498 3680 θαυμασίου
3524 3610 3773 3682 Κλήμευα

2170 3724 2262 3769 τος
2288 3705 2421 3775 βίον,
2448 3703 2702 3774 καθάπερ
2727 3704 2784 3755 ἐν
2812 3702 3000 3755 πίνακι
3029 3702 3106 3772 τῷ
3131 3702 3271 3771 λόγῳ
3299 3702 3669 3766 διατυποῦσα,
3698 3701 3774 3764 ὡς

2172 3799 2333 3863 αὐτὸς
2364 3793 2517 3861 οὗτος
2557 3794 2796 3867 Ἰακώϐῳ
2840 3794 2919 3865 τῷ
2952 3795 3257 3866 ἀδελφοθέῳ
3298 3798 3566 3867 γράφων,
3609 3793 3775 3865 ἐγνώσ

2176 3910 2312 3965 pias.
2341 3892 2444 3945 Τὸν
2492 3886 2589 3963 μέν
2620 3907 2703 3941 τοι
2730 3889 2994 3960 διάπυρον
3034 3888 3199 3941 αὑτοῦ
3232 3888 3376 3958 πρὸς
3402 3890 3543 3943 θεὸν
3572 3890 3772 3962 ἔρωτα,

2171 3984 2266 4038 καὶ
2287 3984 2377 4036 τὸν
2398 3981 2562 4035 πολὺν
2590 3983 2793 4033 ἐκεῖνον
2810 3980 2951 4050 ὑπὲρ
2972 3979 3068 4049 τῆς
3086 3979 3374 4044 εὐσεϐείας
3396 3979 3590 4051 ζῆλον,
3617 3978 3773 4033 ἱκανά

2174 4080 2271 4150 μὲν
2322 4081 2366 4110 ³⁸
2418 4078 2489 4130 τὰ
2537 4075 2771 4147 ρηθέντα
2820 4073 3082 4145 δηλῶσαι,
3135 4072 3369 4142 δηλώσει
3417 4075 3481 4129 δὲ
3536 4075 3777 4146 μάλιστα

2170 4172 2386 4225 πάντων
2418 4167 2728 4238 σαφέστατα
2760 4167 2853 4220 καὶ
2883 4164 3014 4218 αὐτὸ
3038 4163 3101 4216 τὸ
3133 4164 3221 4218 διὰ
3250 4168 3568 4238 μαρτυρίου
3600 4167 3774 4228 τέλος.

2238 4372 2446 4427 CXLIX
2480 4372 2675 4444 Τρίτος
2707 4370 2754 4403 ’³
2790 4368 3035 4441 (18)γάρ
3068 4368 3205 4439 μετὰ
3230 4370 3447 4442 Πέτρον
3475 4372 3575 4425 τὸν
3600 4372 3777 4443 μέγαν

491 4465 708 4519 excelso
736 4462 996 4516 Romana:
1018 4459 1273 4515 Ecclesia:
1302 4459 1500 4512 throno
1527 4458 1745 4523 sedens,
1776 4458 2067 4529 ipsumque

2180 4467 2258 4519 τὸν
2282 4466 2481 4547 ὑψηλὸν
2520 4468 2618 4537 τῆς
2669 4464 2956 4536 Ῥωμαίων
3007 4464 3335 4533 Ἐκκλησίας
3380 4466 3582 4536 θρόνον
3618 4464 3775 4519 καθί-

492 4555 708 4609 virtntis
731 4563 1007 4608 certamen
1043 4551 1379 4620 suscipiens,
1425 4549 1673 4621 magistri
1706 4550 1950 4621 vestigiis
1979 4551 2064 4605 in-

2172 4575 2289 4620 σας,
2325 4559 2418 4611 καὶ
2456 4558 2657 4630 ἀρετῆς
2683 4555 2841 4611 ἆθλον
2884 4555 3047 4608 αὐτὸν
3081 4555 3398 4626 δεξάμενος,
3439 4558 3634 4609 εἵπετο
3658 4556 3775 4609 κατ’

488 4647 752 4711 sistebat,
801 4644 1267 4714 apostolicamque
1312 4641 1619 4697 doctrinam
1669 4642 1785 4712 ipse
1843 4659 2065 4714 quoque

2180 4648 2319 4719 ἴχνος
2364 4649 2441 4721 τῷ
2486 4649 2810 4718 διδασκάλῳ,
2849 4647 2943 4700 καὶ
2991 4647 3358 4716 ἁποστολικὴν
3413 4648 3779 4703 διδασκαλίαν

535 4752 560 4779 ιι
616 4737 636 4791 1
682 4738 805 4792 Cor.
833 4778 848 4803 ,
904 4751 978 4798 γι,
1012 4735 1065 4792 5.

1766 4841 2004 4897 ’νΑῆιῶ
2042 4845 2448 4903 LECTIONES.

564 4942 675 4974 “'"
705 4941 772 4995 al.
819 4940 986 4995 inser.
1024 4936 1199 5008 ὑμῶν.
1271 4936 1313 4967 ¹⁸
1337 4935 1487 5008 deest
1510 4935 1561 4989 in
1596 4934 1667 5008 al.
1748 4936 1790 5008 ’ἢ
1830 4936 1902 4991 al.
1943 4937 2109 4992 inser.
2144 4941 2227 4993 ἐν.

2308 4941 2353 4971 ’θ
2386 4941 2539 4994 deest
2567 4939 2620 4993 in
2647 4953 2790 5010 mss.
2858 4939 2900 4970 ¹¹
2929 4937 3075 5009 Αὕτη
3108 4939 3205 5010 μὲν
3236 4934 3343 5010 οῦν.
3381 4938 3441 4993 in
3477 4958 3597 4996 uno
3627 4952 3777 4994 rele—

490 5029 612 5069 rum
660 5012 908 5085 codicum
956 5005 1289 5079 praeponitur
1340 5005 1569 5070 titulus,
1602 5006 1917 5078 Μαρτύριον
1934 5009 2028 5061 τοῦ
2061 5011 2228 5079 ἁγίου
2251 5009 2587 5081 Κλήμεντος.
2626 5008 2765 5063 Cor.
2843 5011 2888 5040 "
2924 5010 3004 5062 al.
3040 5005 3207 5064 inscr.
3253 5007 3365 5061 καί.
3407 5013 3457 5043 ³³
3503 5014 3582 5067 al.
3630 5014 3776 5085 πρῶ-

490 5102 600 5148 τος.
622 5083 696 5137 al.
724 5082 993 5153 δεύτερος.

1760 5192 2123 5249 νΑιιιΟιιυιι
2163 5194 2393 5250 NOTAE.

565 5290 682 5369 (li!)
706 5290 921 5369 Τρίτος.
948 5288 1088 5369 Infra
1121 5288 1310 5344 Latine
1338 5290 1505 5369 habes
1528 5288 1726 5369 editam
1755 5287 2070 5369 Passionem

494 5378 588 5415 seu
624 5360 799 5414 Vitam
825 5360 1142 5425 Clementis,
1169 5371 1291 5429 post
1331 5360 1795 5427 pseudo-Abdiam
1826 5369 1881 5412 et
1898 5361 2070 5429 ξορυὰ

493 5431 882 5485 Mombritium.
920 5427 1253 5485 Memoratur
1294 5442 1475 5484 autem
1514 5445 1544 5483 a
1582 5429 1845 5498 Gregorio
1896 5427 2073 5481 Turo-

495 5503 674 5566 nensi,
704 5501 1086 5554 Miracutorum
1130 5502 1222 5554 lib.
1286 5517 1323 5558 ι.
1358 5518 1478 5569 cap.
1512 5500 1603 5563 55,
1659 5508 1713 5552 et
1758 5502 2071 5567 excerpitur

495 5587 591 5639 per
614 5572 941 5635 Frecnlfum,
970 5581 1101 5626 tom.
1139 5571 1308 5636 ll,|ib.
1342 5587 1401 5635 ιι,
1433 5586 1552 5639 cap.
1595 5569 1678 5634 l0,
1707 5585 1769 5623 ac
1801 5585 1894 5638 per
1920 5586 2069 5623 mar-

496 5643 789 5711 tyrologos.
820 5640 1081 5695 Joannem
1121 5659 1339 5712 quoque
1361 5642 1882 5712 diacouumszeculo
1910 5655 2067 5712 pono

495 5708 783 5781 scripsisse
832 5722 979 5780 gesta
1029 5708 1327 5767 Clementis
1384 5728 1534 5781 papae
1565 5711 1796 5780 legimus
1826 5711 1877 5763 in
1906 5708 2063 5779 Sige-

498 5782 667 5852 bcrlo,
697 5780 1120 5851 Dcscriploribus
1144 5784 1509 5839 ecclesiasticis
1534 5798 1651 5857 cap.
1684 5782 1802 5850 107,
1830 5795 2063 5850 eumque

2183 5292 2379 5345 librum
2410 5291 2800 5345 ainntexstare
2847 5290 2900 5342 in
2931 5289 3217 5345 Casinensi
3269 5288 3654 5346 Bibliotheca.
3707 5290 3777 5342 De

2180 5361 2369 5416 Graeco
2417 5361 2692 5430 Martyrio,
2728 5361 2942 5414 venisse
2979 5361 3030 5413 in
3073 5375 3266 5414 manus
3307 5357 3625 5430 Nicephori
3654 5362 3778 5415 Cal-

2179 5432 2288 5516 listi
2312 5432 2674 5516 colligere'est
2702 5446 2773 5516 ert
2801 5431 2945 5516 illius
2973 5431 3065 5516 lib.
3102 5446 3183 5511 in,
3213 5446 3334 5516 cap.
3372 5431 3469 5485 i8.
3498 5433 3774 5516 Caeterum

2180 5503 2287 5573 hic,
2324 5500 2499 5556 notari
2553 5500 2711 5553 debet
2762 5501 2952 5569 triplex
3004 5500 3162 5573 lectio
3211 5500 3440 5573 τρίτος,
3493 5503 3772 5573 δεύτερος,

2176 5572 2422 5644 πρῶτος,
2447 5572 2712 5639 originem
2744 5574 3028 5644 ducensJa
3075 5570 3310 5644 diversis
3349 5570 3775 5644 exscriptorum

2175 5639 2488 5768 sentei‘igisé
2508 5656 2649 5709 quas
2673 5642 2829 5695 retuli
2856 5642 2922 5697 ad
2946 5639 3233 5696 Constitui.
3270 5642 3518 5711 upostol.
3548 5639 3647 5699 lib.
3679 5658 3773 5706 vn,

2175 5728 2292 5768 cao.
2405 5754 2417 5766 .
2493 5728 2584 5767 or.

2172 5728 2292 5785 cap.
2329 5713 2417 5768 46.
2448 5713 2584 5767 Cor.
