4066 6330
286 293 378 346 581
1090 292 1545 352 ειΕΜεΝΤιΝΑ.
1584 324 1655 335 -—
1691 292 1842 349 EPIT

1947 292 1988 349 E
2025 294 2111 350 DE
2145 295 2390 352 GESTIS
2426 296 2483 350 S.
2517 295 2738 352 PETRI.

3419 299 3529 357 asa

284 416 378 470 καὶ
422 413 585 479 αὐτὸς
619 413 992 481 ἐπεδείκνυτο,
1031 417 1126 470 καὶ
1178 420 1292 482 τοῖς
1337 417 1544 490 ὁμοίοις
1589 417 1842 488 διέλαμπε

1952 416 2305 488 pmferebat,
2353 427 2410 473 et
2462 418 2736 473 similibus
2760 417 3017 489 {moribus
3044 418 3334 491 eﬂ'ulgebat
3368 437 3383 468 ε
3414 438 3520 475 non

280 509 535 582 τρόποις,
588 511 649 564 οὐ
691 512 1031 581 Χριστιανοίς
1071 509 1230 581 μόνον
1276 509 1602 582 εὐαρεστῶν,
1634 508 1852 580 ἀλλάδὴ

281 601 376 653 καὶ
420 599 696 663 Ἰουδαίοις
742 601 837 654 καὶ
877 600 1059 664 αὐτοῖς
1091 601 1334 670 Ἕλλησι,
1373 601 1468 654 κα)⁵
1494 601 1627 654 πᾶσι
1675 599 1852 653 πάντα

282 690 586 761 γινόμενος,
603 691 691 744 ἴνα
711 691 838 754 τοὺς
854 690 1057 754 πάντας
1075 692 1164 745 καὶ
1185 690 1327 744 οὕτω
1351 693 1468 724 ’Μ’
1485 692 1736 766 κερδάνῃ,
1761 691 1853 744 καὶ

278 782 356 854 τῷ
391 781 610 854 Χριστῷ
642 784 987 856 παραστήσῃ,
1043 783 1135 836 καὶ
1185 785 1422 856 συνδήση
1466 784 1534 855 τῇ
1581 783 1848 855 εὐσεϐείᾳ.

283 871 472 934 Ὅπως
502 870 559 924 δὲ
615 871 688 942 μὴ
723 871 851 941 ψιλὴ
897 871 1053 942 μόνον
1099 869 1366 943 ὑπόληψις
1416 868 1552 926 εἶναι
1599 874 1732 945 δοκῇ
1783 872 1852 926 τά

279 962 540 1032 παρόντα,
575 962 668 1014 καὶ
704 961 804 1026 τὰς
849 961 1024 1026 αἰτίας
1064 961 1313 1034 ἐροῦμεν.
1357 964 1579 1036 Ἕλλησι
1620 963 1718 1035 μὲν
1743 962 1852 1034 γάρ

275 1051 365 1104 διὰ
397 1051 554 1104 τοῦτο
575 1049 880 1122 τιμώμενος
904 1047 994 1122 ἦν,
1029 1051 1122 1104 καὶ
1159 1051 1332 1122 ἡδέως
1375 1051 1523 1123 αὐτῷ
1565 1055 1850 1124 προσεῖχον

275 1143 496 1205 ἐκεῖνοι,
531 1142 611 1194 ὅτι
653 1143 727 1214 μὴ
757 1142 1156 1215 λοιδορούμενος
1187 1144 1387 1207 αὐτοῖς,
1431 1143 1562 1215 μηδὲ
1589 1143 1852 1214 ἀποστρε-

274 1236 530 1306 φόμενος,
565 1234 681 1288 ἀλλ’
711 1235 898 1308 ὥσπερ
925 1234 1374 1306 ἀπολογούμενος,
1418 1237 1508 1290 καὶ
1546 1235 1850 1308 μαρτυρίας

273 1326 544 1380 πάντοθεν
572 1325 834 1396 παράγων
861 1326 968 1380 ἀπὸ
991 1325 1100 1379 τῶν
1133 1329 1262 1397 παρ’
1310 1327 1492 1390 αὐτοῖς
1544 1325 1763 1397 βιϐλίων
1789 1341 1849 1379 τε

274 1419 369 1471 καὶ
392 1417 642 1489 γραφῶν,
679 1415 885 1469 ἑδείκνυ
936 1416 1141 1486 σαφῶς,
1187 1415 1308 1469 ὅθεν
1349 1433 1409 1469 τε
1447 1417 1497 1468 οἱ
1540 1416 1631 1468 ὑπ’
1671 1413 1849 1468 αὐτῶν

272 1511 618 1580 νομιζόμενοι
645 1508 758 1562 θεολ⁵
790 1508 1092 1580 ῶρμηντσι,
1122 1508 1217 1562 καὶ
1239 1508 1372 1586 ὅπου
1416 1507 1785 1578 γεγέννηνται,
1813 1506 1849 1561 ἀ

269 1619 327 1655 τε
369 1601 656 1672 πράξειαν,
700 1601 793 1654 καὶ
837 1601 916 1664 είς
963 1596 1075 1653 οἷον
1116 1599 1316 1652 ἔλθοιεν
1347 1599 1516 1662 τέλος,
1569 1599 1664 1652 καὶ
1699 1599 1848 1662 ὅπως

269 1693 359 1746 τὸν
396 1692 510 1762 βίον
544 1691 742 1754 ἀθλίως
775 1691 1167 1763 κατέστρεψαν.
1201 1687 1333 1744 Εἶτα
1365 1691 1459 1744 καὶ
1483 1690 1558 1754 ὼς
1591 1690 1689 1743 οὐκ
1711 1692 1846 1743 ἀπο-

269 1785 581 1839 κέκλεισται
626 1784 808 1848 αὐτοῖς
844 1782 994 1856 παρά
1039 1782 1131 1836 τοῦ
1174 1782 1308 1836 Θεοῦ
1355 1783 1388 1853 ἡ
1434 1782 1533 1852 τῆς
1561 1781 1843 1852 μετανοίας

267 1877 420 1939 ὁδὸς,
454 1874 576 1928 οὐδὲ
602 1875 917 1928 παντάπασι
942 1873 1041 1945 τῆς
1079 1872 1350 1944 σωτηρίας
1391 1871 1646 1938 ἐξέπεσον
1667 1888 1681 1900 ·
1728 1871 1842 1925 ἀλλ’

268 1971 316 2021 εί
343 1967 440 2021 καὶ
489 1967 650 2038 μόνον
693 1965 1121 2038 ἐπιστρέψαντας
1153 1965 1273 2028 ίδοι,
1315 1964 1409 2016 καὶ
1448 1963 1547 2035 τῆς
1577 1962 1844 2035 προτέρας

267 2059 562 2122 ἀπωλείας,
588 2057 682 2111 καὶ
726 2058 823 2128 τῆς
861 2055 1076 2125 ἀπάτης
1116 2052 1542 2124 ἀποσχομένους,
1577 2052 1670 2105 καὶ
1711 2069 1842 2121 συγ·-

265 2149 538 2219 γνώσεται
576 2149 756 2219 αὐτοῖς
796 2143 1188 2216 φιλανθρώπως
1210 2183 1226 2208 ,
1272 2145 1365 2197 καὶ
1397 2143 1682 2216 προσηνῶς
1711 2145 1844 2198 ὑπο-

266 2241 498 2306 δέξεται,
531 2241 626 2295 καὶ
665 2238 940 2310 βασιλείαν
987 2235 1230 2308 οὐρανῶν
1253 2235 1546 2307 ἑτοιμάσει,
1581 2235 1672 2288 καὶ
1703 2235 1842 2304 ἀγα-

268 2333 374 2386 θῶν
409 2331 630 2399 ἀξιώσει
655 2331 765 2384 τῶν
790 2331 1137 2402 ἀπορρήτων.

320 2425 431 2482 CL.
448 2424 721 2487 Ἰουδαίοις
730 2423 786 2476 δὲ
799 2422 959 2476 πάλιν
970 2419 1215 2474 ἐντεῦθεν
1226 2416 1744 2491 ἐδόκειχαρίζεσθαι,
1758 2417 1842 2471 ὅτι

266 2537 322 2574 τε
356 2520 546 2588 φίλους
567 2517 660 2572 τοῦ
685 2516 818 2570 Θεοῦ
843 2516 969 2578 τοὺς
992 2509 1211 2566 ἐκείνων
1231 2513 1470 2584 πατέρας
1491 2511 1754 2582 ὑπέφαινε
1771 2511 1842 2574 ’⁸,

267 2613 359 2665 καὶ
394 2614 479 2666 ὅτι
504 2611 594 2664 τὸν
633 2608 762 2679 παρ’
784 2609 966 2670 αὐτοῖς
997 2605 1161 2676 νόμον
1201 2603 1342 2675 ἱερόν
1385 2620 1443 2656 τε
1479 2602 1714 2676 παρίστη
1747 2601 1843 2655 καὶ

267 2703 430 2766 θεῖον,
455 2700 551 2754 καὶ
569 2699 689 2753 οὔτε
707 2698 867 2752 αὑτὸν
885 2695 1278 2766 παυθήοεσθαι,
1295 2693 1419 2748 οὕτε
1441 2694 1539 2766 τὴν
1563 2693 1842 2746 πολιτείαν

271 2790 752 2864 μετατεθήσεσθαι,
809 2787 946 2842 ἀλλά
989 2784 1188 2858 κλῆρον
1235 2785 1418 2849 αὐτοῖς
1471 2785 1687 2840 ἔσεσθαι
1740 2784 1840 2855 τὴν

267 2884 629 2954 Παλαιστίνην
647 2880 892 2952 διηνεκῆ,
920 2878 973 2931 εί
1003 2895 1068 2947 γε
1100 2877 1192 2930 τὸν
1219 2880 1264 2917 ’⁷
1284 2878 1522 2932 τοιοῦτον
1560 2877 1654 2932 καὶ
1684 2875 1840 2930 αὐτοὶ

263 2978 428 3049 νόμον
455 2977 780 3047 τηρήσουσιν
797 2988 814 3005 ⁶
842 2970 981 3026 ὥστε
1004 2968 1252 3038 γενέσθαι
1284 2969 1444 3022 αὑτὸν
1484 2968 1694 3040 πατέρα
1715 2985 1840 3020 τοσ-

1953 505 2279 562 Christianis
2324 508 2587 563 duntaxat
2632 509 2873 579 placens.
2904 523 3091 564 verum
3123 509 3285 564 etiam
3317 507 3522 566 Judteis

1954 612 2018 652 ac
2045 599 2178 668 ipsis
2217 599 2530 671 gentilibus,
2572 609 2626 655 et
2650 600 2908 655 omnibus
2937 601 3120 654 omnia
3156 600 3352 664 factus,
3381 612 3437 656 ut
3468 611 3523 655 et

1952 687 2034 742 sic
2062 704 2251 744 omnes
2307 689 2649 745 luerifaceret
2679 702 2736 756 ι,
2787 689 3116 759 Christoque
3161 700 3518 760 praesentaret

1951 793 2016 832 ac
2068 794 2207 833 verae
2256 779 2504 849 religioni
2547 786 2911 833 eonneeteret.
2948 776 3017 832 Ut
3062 789 3240 833 autem
3278 780 3376 834 ista
3409 795 3519 832 non

1951 869 2242 923 videantur
2270 885 2390 925 esse
2420 871 2564 924 nuda
2599 879 2809 946 tantum
2832 871 3092 940 suspicio,
3131 871 3294 924 etiam
3319 885 3518 924 causas

1949 959 2212 1015 dicemus.
2247 959 2491 1016 Ethnieis
2533 961 2678 1016 enim
2730 962 2850 1015 ideo
2898 962 3230 1017 venerationi
3267 971 3406 1025 erat,
3453 977 3518 1016 ac

1950 1048 2005 1102 in
2032 1060 2420 1105 eum-mentem
2472 1051 2701 1106 libenter
2738 1052 2814 1105 illi
2843 1051 3232 1118 intendebant;
3259 1053 3516 1122 quoniam

1949 1156 2058 1196 non
2097 1157 2194 1196 eos
2235 1143 2496 1198 conviciis
2545 1145 2857 1210 insectans,
2901 1158 3002 1197 nec
3047 1152 3367 1208 aversatus;
3420 1143 3517 1199 sed

1950 1232 2107 1303 quasi
2142 1235 2408 1288 rationem
2454 1235 2707 1301 reddens,
2755 1244 2810 1289 et
2843 1235 3080 1304 undique
3109 1234 3417 1290 testimonia
3447 1251 3517 1291 ex

1947 1336 2136 1376 eorum
2166 1322 2319 1377 libris
2349 1338 2412 1378 ac
2430 1324 2648 1394 scriptis
2674 1323 2971 1389 adducens,
2996 1325 3142 1380 clare
3167 1323 3511 1388 ostendebat,

1948 1416 2091 1470 unde
2115 1427 2168 1470 et
2191 1416 2520 1486 prodiissent
2553 1417 2647 1487 qui
2689 1416 2759 1471 ab
2787 1416 3182 1486 illis-putantur
3208 1417 3304 1478 dii,
3330 1425 3386 1470 et
3414 1417 3507 1471 ubi

1947 1507 2058 1562 nati
2081 1505 2334 1575 fuissent,
2358 1524 2482 1578 qua:
2502 1509 2817 1579 gessissent,
2841 1524 3002 1578 quem
3045 1509 3362 1564 habuissent
3388 1509 3513 1563 exi-

1946 1607 2082 1664 tum,
2119 1607 2284 1669 utque
2314 1601 2516 1656 misere
2546 1601 2710 1655 vitam
2765 1602 3100 1656 amisissent.
3160 1600 3360 1655 Deinde
3402 1616 3513 1656 non

1944 1691 2023 1746 eis
2052 1706 2081 1746 a
2127 1690 2238 1746 Deo
2285 1692 2631 1748 interclusam
2675 1708 2795 1746 esse
2821 1692 3150 1761 pmnitentiaa
3195 1691 3368 1753 viam;
3412 1707 3514 1746 nec

1946 1777 2276 1832 Omnimodis
2299 1779 2473 1834 salute
2502 1781 2808 1846 excidisse;
2847 1781 2940 1836 sed
2967 1779 3012 1836 si
3045 1781 3126 1834 vel
3165 1780 3341 1835 solum
3388 1781 3516 1835 illos

1945 1866 2153 1922 videret
2187 1868 2386 1934 redire,
2417 1877 2471 1923 et
2511 1885 2546 1923 a
2591 1871 2820 1940 pristina
2865 1872 3164 1941 perditione
3209 1887 3272 1926 ac
3323 1871 3513 1926 fraude

1945 1958 2230 2025 recedere,
2277 1959 2489 2013 veniam
2514 1958 2647 2029 ipsis
2670 1961 2921 2016 daturum
2967 1963 3310 2029 humaniter,
3337 1973 3392 2017 et
3417 1964 3513 2018 be-

1944 2047 2107 2119 nigne
2139 2059 2552 2119 suscepturum,
2597 2066 2661 2106 ac
2709 2062 3024 2121 paraturum
3066 2069 3292 2123 regnum
3342 2054 3514 2108 cauo-

1943 2155 2089 2208 rum,
2109 2140 2374 2212 bonisque
2393 2143 2720 2199 donaturum
2747 2144 3133 2201 ineﬂ‘abilibus.

2005 2417 2119 2474 CL.
2155 2416 2360 2474 ludatis
2392 2435 2610 2475 rursum
2647 2420 2772 2475 inde
2807 2431 3019 2492 gratum
3052 2422 3229 2480 facere
3285 2424 3508 2480 videba-

1940 2517 2050 2576 tur,
2081 2510 2227 2581 quod
2258 2519 2447 2580 patres
2463 2526 2653 2574 eorum
2682 2510 2777 2567 Dei
2803 2514 3009 2568 amicos
3037 2513 3206 2570 fuisse
3247 2517 3504 2580 ostende-

1940 2611 2042 2667 ret,
2073 2602 2327 2672 quodque
2354 2601 2528 2672 legem
2556 2617 2746 2657 eorum
2774 2618 2989 2659 sacram
3021 2621 3142 2662 esse
3173 2607 3392 2662 doceret
3435 2624 3505 2665 ac

1939 2693 2218 2760 divinam;
2256 2708 2357 2749 nec
2377 2709 2497 2748 eam
2521 2695 2842 2762 desituram,
2876 2693 2976 2750 nec
3008 2713 3205 2752 eorum
3240 2701 3504 2769 populum

1944 2786 2268 2841 translatum
2297 2786 2386 2852 iri,
2417 2787 2508 2841 sed
2547 2785 2892 2841 Palaestinam
2919 2788 3035 2844 fore
3059 2790 3169 2845 illis
3190 2803 3507 2862 perpetuam

1941 2875 2332 2943 hereditatem,
2365 2877 2412 2933 si
2444 2877 2602 2932 talem
2633 2879 2802 2950 legem
2834 2891 3119 2936 servarent
3143 2899 3161 2934 :
3183 2900 3302 2937 esse
3329 2885 3504 2939 Abra-

1939 2967 2161 3023 hamum
2197 2978 2406 3038 patrem
2450 2979 2532 3026 tot
2571 2981 2934 3040 posterorum,
2968 2983 3027 3028 ut
3077 2990 3264 3028 eorum
3316 2978 3504 3030 multi-

264 3071 436 3125 o-me
480 3067 750 3136 ἐκγόνων,
788 3065 863 3128 ὡς
904 3059 1265 3133 παρισοῦσθαι
1296 3060 1355 3114 τὸ
1400 3059 1606 3131 πλῆθος
1655 3059 1838 3112 αὐτῶν

1943 3061 2072 3115 tudo
2098 3061 2374 3116 stellarum
2407 3063 2813 3118 multitudinem
2842 3065 3132 3135 adaequet;
3181 3075 3236 3122 et
3280 3066 3332 3120 iu
3383 3068 3509 3138 ejus

262 3167 340 3237 τῷ
384 3160 581 3233 πλήθει
610 3157 721 3211 τῶν
758 3156 974 3227 ἄστρων
999 3192 1014 3216 ,
1041 3151 1136 3206 καὶ
1161 3153 1219 3206 ὲν
1257 3149 1336 3222 τῷ
1377 3150 1650 3222 σπέρματι
1676 3149 1838 3202 αὑτοῦ

1943 3151 2149 3207 semine
2172 3167 2362 3208 omnes
2385 3163 2574 3224 gentes
2599 3155 2965 3212 hereditatem
3010 3159 3254 3226 accipere
3279 3159 3308 3198 ι»
3336 3176 3355 3224 ;
3384 3176 3505 3213 rur-

264 3249 710 3324 κληροδοτιῐσθαι
736 3247 913 3301 πάντα
932 3244 1000 3298 τά
1029 3243 1157 3314 ἔθνη
1175 3260 1187 3271 '
1223 3241 1316 3296 xui
1337 3241 1365 3294 δ
1397 3239 1534 3312 πρὸς
1560 3239 1650 3293 τὸν
1674 3239 1845 3296 Δαϐὶδ

264 3341 415 3398 εἶπεν
446 3336 602 3403 αὖθις
620 3356 634 3368 '
683 3339 777 3390 Ἐκ
801 3333 1030 3404 καρποῦ
1053 3331 1160 3401 τῆς
1181 3331 1412 3396 κοιλίας
1432 3345 1549 3382 σου
1584 3328 1840 3398 θήσομαι

261 3434 357 3489 ἐπὶ
387 3433 496 3487 τοῦ
524 3433 738 3499 θρόνου
759 3441 874 3481 σου
891 3442 905 3456 σ
931 3425 1024 3479 καὶ
1049 3422 1138 3478 διά
1174 3419 1396 3475 Ἦσαῖου
1424 3419 1603 3482 πάλιν,
1622 3419 1704 3472 ὅτι
1729 3436 1741 3450 ·
1774 3420 1844 3472 Ἡ

261 3523 567 3594 Παρθένος
605 3521 674 3574 ἐν
711 3516 920 3590 γαστρί
963 3514 1242 3583 λήψεται,
1282 3509 1381 3564 καὶ
1421 3509 1650 3574 τέξεται
1681 3510 1837 3572 υἱὸν,

264 3617 356 3670 καί
408 3612 747 3669 καλέσουσι
795 3609 856 3662 τὸ
902 3606 1086 3675 ὄνομα
1112 3603 1296 3658 αὑτοῦ
1348 3598 1737 3670 Ἐμμανουήλ.
1775 3600 1837 3652 El

261 3710 443 3763 τοίνυν
464 3706 539 3778 μὴ
556 3703 856 3764 ἀθετοῦσιν,
878 3698 1010 3754 ἀλλά
1034 3697 1210 3750 πίστει
1229 3693 1623 3766 παραδέχονται
1643 3691 1832 3757 ταῦτα,

262 3803 356 3873 τῆς
389 3797 666 3870 προτέρας
688 3795 882 3855 αὐτοὺς
901 3790 993 3844 τοῦ
1025 3788 1158 3842 θεοῦ
1178 3787 1435 3860 προνοίας
1459 3786 1533 3856 μὴ
1562 3786 1833 3846 ἐκπεσεῖν,

265 3895 374 3948 ἀλλ’
394 3889 761 3960 ἀναφαίρετον
789 3885 966 3955 μένειν
991 3881 1119 3952 παρ’
1147 3881 1328 3943 αὐτοῖς
1353 3877 1448 3949 τὴν
1473 3875 1836 3946 Παλαιστίνην

265 3981 602 4040 διεῦεῦαίουί
636 3976 898 4045 Ἕλληνας
927 3969 1030 4044 μὲν
1063 3972 1178 4004 ¹⁸·³¹
1201 3969 1342 4024 οὕτω
1389 3969 1482 4022 καὶ
1552 3967 1835 4030 Ἰουδαίους

267 4076 447 4144 δεξιῶς
471 4072 613 4139 ἀγαν
645 4068 738 4120 καὶ
768 4063 980 4126 οἰκείως
1005 4063 1279 4132 ὑπήρχετο
1316 4059 1446 4129 (-l9),
1483 4057 1836 4129 χαριζόμενὸς

267 4185 319 4220 τε
335 4166 525 4225 αὐτοῖς
549 4156 709 4230 ὁμοῦ,
731 4156 823 4208 καὶ
845 4151 944 4225 ὴρέ
953 4169 1027 4224 μα
1053 4151 1189 4223 πρὸς
1218 4148 1314 4220 τὴν
1341 4146 1620 4200 εὐσέϐειαν
1643 4145 1836 4214 ἐπαγό-

496 4337 812 4414 Χριστιανοὶ
841 4335 897 4388 δὲ
929 4331 1097 4386 πολλά
1122 4331 1167 4362 ⁸¹
1197 4329 1289 4384 καί
1321 4327 1452 4382 ἄλλα
1488 4326 1587 4396 τῆς
1623 4324 1717 4379 τοῦ
1741 4327 1833 4378 ἀν-

267 4439 382 4511 δρὸς
409 4453 479 4490 πε
489 4435 542 4506 ρ).
566 4430 762 4492 αὐτοὺς
777 4444 848 4497 κη

270 4508 321 4586 δέ
347 4533 451 4602 τὴν
487 4522 736 4580 εὐποιίαν
767 4513 875 4582 οἷος
902 4519 1123 4580 ἐκεῖνος,
1152 4512 1346 4583 πένησι
1375 4509 1717 4602 θησαυρίζων
1748 4508 1834 4561 ἀεὶ

268 4626 381 4686 ταῖς
407 4599 716 4686 ἀσφαλέσιν
743 4609 1065 4681 ἀποθήκαις,
1107 4605 1201 4658 καὶ
1237 4604 1346 4657 τῶν
1383 4599 1835 4656 ἐπιϐουλευόντων

276 4706 678 4782 ἰσχυροτέραιςῐ
707 4701 845 4763 Tomi;
874 4715 932 4752 τε
965 4696 1073 4768 γὰρ
1099 4697 1154 4748 ὲν
1186 4693 1399 4762 ἑκάστῳ
1435 4690 1591 4782 μέρει
1615 4691 1717 4782 τῆς
1740 4688 1836 4782 πο-

269 4778 406 4865 λεως
435 4778 636 4861 ἐνδεεῖς
669 4789 1140 4864 ἀπογραψάμενος,
1163 4783 1270 4838 τῶν
1313 4780 1624 4852 ἀναγκαίων
1655 4778 1836 4840 αὖτοῐς

266 4897 387 4953 καθ’
405 4894 644 4961 ἑκάστην
667 4886 878 4959 ἡμέραν
903 4881 1135 4934 ἐποιεῖτο
1161 4877 1258 4948 τὴν
1277 4873 1538 4946 χορηγίαν
1557 4888 1571 4903 ·
1607 4869 1701 4924 καί
1722 4869 1834 4922 ὅσοι

270 4992 396 5063 παρ’
423 4985 572 5056 αὐτῷ
593 4981 754 5036 πάλιν
775 4975 866 5031 τοῦ
890 4973 1033 5027 θείου
1065 4967 1415 5039 κατηξιοῦντο
1441 4963 1832 5036 βαπτίσματος,

268 5054 753 5156 δηξυοσίωνάύτοὺς
768 5067 968 5124 ἀπέλυε
986 5063 1184 5133 φόρων,
1209 5060 1304 5114 καὶ
1326 5055 1558 5125 παντελῆ
1570 5054 1834 5125 παρεῖχεν

1940 3259 2144 3314 susque
2174 3244 2320 3314 quod
2344 3245 2408 3298 ad
2440 3243 2695 3300 Davidem
2715 3247 2918 3304 dictum
2941 3259 3057 3303 est:
3087 3249 3163 3304 De
3184 3251 3363 3319 {ructu
3395 3269 3508 3306 vei:-

1950 3336 2047 3389 m's
2087 3330 2164 3389 tui
2187 3352 2377 3404 ponam
2407 3353 2564 3407 super
2587 3339 2758 3392 sedem
2776 3348 2921 3392 tuam
2951 3351 2972 3380 ε
3004 3359 3019 3395 :
3047 3351 3100 3395 et
3134 3343 3330 3397 iterum
3355 3345 3502 3414 quod

1938 3441 2033 3495 per
2081 3425 2271 3481 Isaiam
2303 3443 2316 3477 :
2369 3425 2524 3498 Virgo
2563 3429 2619 3482 in
2652 3439 2798 3484 utero
2845 3433 3123 3501 concipiet,
3151 3446 3199 3487 et
3227 3436 3394 3504 pariet
3430 3436 3502 3504 fi-

1937 3516 2092 3580 lium,
2123 3528 2172 3570 et
2200 3518 2454 3570 vocabunt
2479 3535 2662 3572 nomen
2681 3520 2816 3590 eius,
2845 3521 3157 3576 Emmanuel
3180 3525 3226 3579 δ.
3261 3526 3315 3579 Si
3371 3542 3503 3595 ergo

1939 3597 2053 3664 haec
2085 3624 2192 3662 non
2238 3609 2546 3678 rejieerent,
2592 3611 2683 3666 sed
2741 3612 2845 3667 fide
2895 3616 3352 3684 comprobarent,
3393 3636 3500 3672 non

1936 3716 2027 3784 eos
2057 3701 2284 3769 pristina
2320 3700 2409 3754 Dei
2466 3702 2802 3771 providentia
2833 3707 3102 3760 carituros
3130 3722 3144 3770 ;
3177 3723 3360 3761 verum
3396 3708 3502 3762 ιά-

1936 3793 2200 3848 ιωδιίιιοηι
2229 3795 2371 3864 apud
2405 3795 2527 3849 illos
2549 3795 2796 3849 stabilem
2825 3812 3140 3851 mansuram
3171 3799 3499 3856 affirmabat.

1935 3884 2152 3941 Grmeos
2180 3887 2404 3955 quidem
2435 3887 2534 3942 hoc
2560 3887 2740 3953 modo,
2773 3897 2827 3942 et
2847 3886 3064 3944 Judazos
3091 3891 3246 3945 valde
3275 3891 3501 3947 solerte“

1933 3985 1987 4030 et
2007 3977 2414 4031 accommodate
2436 3977 2792 4046 subjiciebat;
2813 3993 2908 4033 eos
2936 3979 3097 4032 simul
3119 3990 3172 4035 et
3191 3981 3498 4049 demet-ens,

1934 4078 1989 4124 et
2029 4070 2230 4124 sensim
2259 4069 2326 4124 ad
2353 4084 2532 4123 veram
2560 4069 2872 4130 religionem
2899 4070 3194 4126 adducens.

2002 4307 2132 4364 CLI.
2165 4302 2462 4363 Christiani
2489 4315 2620 4363 vero
2653 4310 2819 4363 multa
2845 4319 2897 4364 et
2920 4310 3024 4364 alia
3047 4326 3192 4366 cura:
3221 4310 3320 4366 viri
3354 4312 3499 4370 illius

850 4426 904 4480 δε
913 4423 1096 4496 μονίας
1116 4421 1379 4492 δείγματα
1400 4415 1562 4489 εἶχον.
1586 4417 1833 4473 Μάλιστα

1943 4415 2064 4470 erga
2087 4401 2234 4469 ipsos
2271 4399 2597 4454 documenta
2636 4400 2921 4454 habebant.
2954 4399 3257 4456 Prmsertim
3287 4419 3414 4457 vero
3444 4405 3500 4459 in

1941 4490 2292 4546 beneficentia
2324 4499 2561 4560 quantus
2591 4490 2681 4544 ille
2714 4489 2844 4545 fuit!
2869 4489 2972 4557 Qui
3000 4493 3332 4563 pauperibus
3356 4511 3501 4550 sem-

1940 4599 2036 4654 per
2066 4583 2349 4638 thesauros
2379 4590 2691 4637 asservaret
2721 4582 2771 4634 in
2806 4584 2940 4638 tutis
2988 4585 3326 4653 repositoriis
3349 4604 3501 4657 quae-

1940 4699 2044 4754 que
2074 4691 2228 4737 erant
2256 4681 2666 4737 insidiatoribus
2693 4680 2940 4737 fortiora.
2971 4681 3181 4753 Egenos
3208 4687 3352 4741 enim
3386 4688 3498 4741 sin-

1941 4777 2188 4847 gularum
2234 4775 2386 4828 urbis
2425 4773 2660 4843 partium
2688 4774 2739 4826 in
2771 4775 2985 4831 tabulas
3023 4776 3285 4844 referens,
3316 4781 3499 4849 quoti-

1940 4865 2026 4920 die
2055 4865 2162 4920 illis
2184 4864 2695 4934 suppeditabatquaa
2714 4873 2868 4918 erant
2891 4867 3198 4922 necessaria
3229 4884 3242 4920 :
3277 4869 3499 4923 iterum-

1939 4970 2046 5025 que
2076 4963 2345 5025 quotquot
2374 4954 2442 5008 ab
2474 4969 2539 5008 eo
2590 4952 2805 5008 fuerant
2831 4955 3016 5010 divino
3056 4957 3378 5028 baptismate
3400 4962 3469 5014 do

1941 5047 2075 5114 nati,
2107 5063 2200 5102 eos
2227 5063 2256 5101 a
2286 5046 2520 5116 publicis
2547 5046 2814 5102 liberabat
2845 5049 3097 5119 tributis,
3144 5059 3198 5106 et
3229 5051 3494 5125 integram

345 5195 410 5248 Il
438 5193 569 5249 Cor.
601 5204 682 5242 Ix.
714 5179 744 5219 δ
767 5176 1251 5241 Gen.xm,l7,l8.
1272 5188 1293 5215 ε
1317 5173 1458 5229 Psal.
1489 5185 1676 5233 cxxxl,
1702 5167 1788 5221 ll.
1828 5163 1978 5220 dlsa.
2005 5180 2101 5227 vn,
2133 5163 2218 5219 Η.

1560 5261 1794 5318 VARI/1'3
1835 5259 2237 5315 LECTIONES.

345 5383 462 5418 ’⁵⁸⁸⁸
487 5384 559 5439 al.
599 5375 774 5438 οὗτος·

886 5375 931 5408 ’⁸
961 5369 1030 5424 al.
1069 5364 1352 5434 ἀπέιραινε.
1427 5363 1468 5392 ’⁷
1494 5362 1564 5416 al.
1609 5359 1742 5430 πρὸς
1780 5355 2042 5428 Ἀϐραάμ.

2120 5357 2229 5386 ’⁸³⁸
2265 5356 2335 5412 al.
2374 5356 2537 5410 inscr.
2578 5349 2692 5412 οὖν.
2747 5353 2790 5386 ³³
2821 5353 2892 5408 al.
2920 5353 3078 5408 inser.
3116 5340 3231 5404 μέν.

1575 5478 1936 5536 VARIORUM
1975 5478 2207 5536 NOTAE.

355 5597 460 5666 (-19)
500 5593 850 5662 ’Υπ-ήρχετρ.
899 5585 1177 5660 Significat
1213 5577 1540 5649 ὑπέρχεσθαε
1588 5593 1730 5635 τινα,
1780 5575 1832 5628 in
1875 5574 2106 5643 alicujus
2138 5584 2374 5629 mentem
2398 5573 2601 5639 subire,
2649 5583 2881 5637 eumque
2921 5563 3184 5632 obsequio
3217 5575 3410 5632 capere
3434 5574 3496 5614 ar

256 5663 389 5724 'sibi
412 5663 702 5720 «levinritc.
741 5663 880 5714 Cor.
