  <div class='ocr_page' id='page_1' title='image "/cluster/home/n/w/nwhite01/storage/ocr_20150623/2/hvd.32044073501249/297.png"; bbox 0 0 4066 6330; ppageno 0'>
   <div class='ocr_carea' id='block_1_1' title="bbox 467 568 490 715">
    <p class='ocr_par' dir='ltr' id='par_1_1' title="bbox 467 568 490 715">
     <span class='ocr_line' id='line_1_1' title="bbox 467 568 490 715; baseline 0 -26"><span class='ocrx_word' id='word_1_1' title='bbox 467 568 490 715; x_wconf 80' lang='lat' dir='ltr'><strong>l</strong></span> 
     </span>
    </p>
   </div>
   <div class='ocr_carea' id='block_1_2' title="bbox 537 311 641 370">
    <p class='ocr_par' dir='ltr' id='par_1_2' title="bbox 537 311 641 370">
     <span class='ocr_line' id='line_1_2' title="bbox 537 311 641 370; baseline -0.01 0"><span class='ocrx_word' id='word_1_2' title='bbox 537 311 641 370; x_wconf 75' lang='lat'><strong>583</strong></span> 
     </span>
    </p>
   </div>
   <div class='ocr_carea' id='block_1_3' title="bbox 1423 299 2937 367">
    <p class='ocr_par' dir='ltr' id='par_1_3' title="bbox 1423 299 2937 367">
     <span class='ocr_line' id='line_1_3' title="bbox 1423 299 2937 367; baseline -0.007 -1"><span class='ocrx_word' id='word_1_3' title='bbox 1423 309 1482 366; x_wconf 82' lang='lat' dir='ltr'><strong>S.</strong></span> <span class='ocrx_word' id='word_1_4' title='bbox 1521 308 1913 367; x_wconf 81' lang='lat' dir='ltr'><strong>CLEMENTIS</strong></span> <span class='ocrx_word' id='word_1_5' title='bbox 1951 309 1969 363; x_wconf 94' lang='lat' dir='ltr'>I</span> <span class='ocrx_word' id='word_1_6' title='bbox 2002 305 2167 363; x_wconf 77' lang='lat' dir='ltr'><strong>ROM.</strong></span> <span class='ocrx_word' id='word_1_7' title='bbox 2201 302 2404 361; x_wconf 73' lang='lat' dir='ltr'><strong>l’ONT.</strong></span> <span class='ocrx_word' id='word_1_8' title='bbox 2432 303 2663 359; x_wconf 79' lang='lat' dir='ltr'><strong>OPERA</strong></span> <span class='ocrx_word' id='word_1_9' title='bbox 2704 299 2937 360; x_wconf 82' lang='lat' dir='ltr'><strong>DUBIA.</strong></span> 
     </span>
    </p>
   </div>
   <div class='ocr_carea' id='block_1_4' title="bbox 3683 305 3779 362">
    <p class='ocr_par' dir='ltr' id='par_1_4' title="bbox 3683 305 3779 362">
     <span class='ocr_line' id='line_1_4' title="bbox 3683 305 3779 362; baseline 0.021 -2"><span class='ocrx_word' id='word_1_10' title='bbox 3683 305 3779 362; x_wconf 67' lang='lat' dir='ltr'><strong>5M</strong></span> 
     </span>
    </p>
   </div>
   <div class='ocr_carea' id='block_1_5' title="bbox 536 416 2100 507">
    <p class='ocr_par' dir='ltr' id='par_1_5' title="bbox 536 428 2100 507">
     <span class='ocr_line' id='line_1_5' title="bbox 536 428 2100 507; baseline -0.005 -18"><span class='ocrx_word' id='word_1_11' title='bbox 536 434 812 507; x_wconf 74' lang='lat' dir='ltr'><strong>praebebat</strong></span> <span class='ocrx_word' id='word_1_12' title='bbox 843 432 1270 489; x_wconf 87' lang='lat' dir='ltr'><strong>immunitatem.</strong></span> <span class='ocrx_word' id='word_1_13' title='bbox 1316 429 1423 485; x_wconf 86' lang='lat' dir='ltr'><strong>Sed</strong></span> <span class='ocrx_word' id='word_1_14' title='bbox 1452 438 1506 485; x_wconf 91' lang='lat' dir='ltr'><strong>et</strong></span> <span class='ocrx_word' id='word_1_15' title='bbox 1542 446 1639 485; x_wconf 86' lang='lat' dir='ltr'><strong>eos</strong></span> <span class='ocrx_word' id='word_1_16' title='bbox 1665 431 1757 501; x_wconf 86' lang='lat' dir='ltr'><strong>qui</strong></span> <span class='ocrx_word' id='word_1_17' title='bbox 1799 444 2015 499; x_wconf 76' lang='lat' dir='ltr'><strong>semper</strong></span> <span class='ocrx_word' id='word_1_18' title='bbox 2040 428 2100 481; x_wconf 88' lang='lat' dir='ltr'><strong>ad</strong></span> 
     </span>
    </p>
   </div>
   <div class='ocr_carea' id='block_1_6' title="bbox 2201 416 3779 507">
    <p class='ocr_par' dir='ltr' id='par_1_6' title="bbox 2211 416 3779 492">
     <span class='ocr_line' id='line_1_6' title="bbox 2211 416 3779 492; baseline -0.001 -16"><span class='ocrx_word' id='word_1_19' title='bbox 2211 421 2491 479; x_wconf 73' lang='grc' dir='ltr'>ἀτέλειανί</span> <span class='ocrx_word' id='word_1_20' title='bbox 2531 419 2772 492; x_wconf 78' lang='grc' dir='ltr'>Παρῄνει</span> <span class='ocrx_word' id='word_1_21' title='bbox 2812 418 2871 473; x_wconf 81' lang='grc' dir='ltr'><strong>δέ</strong></span> <span class='ocrx_word' id='word_1_22' title='bbox 2895 420 2989 472; x_wconf 80' lang='grc' dir='ltr'>καὶ</span> <span class='ocrx_word' id='word_1_23' title='bbox 3022 419 3134 481; x_wconf 80' lang='grc' dir='ltr'>τοῖς</span> <span class='ocrx_word' id='word_1_24' title='bbox 3174 416 3431 472; x_wconf 76' lang='grc' dir='ltr'>ἑκάστοτε</span> <span class='ocrx_word' id='word_1_25' title='bbox 3463 416 3554 471; x_wconf 84' lang='grc' dir='ltr'><strong>διά</strong></span> <span class='ocrx_word' id='word_1_26' title='bbox 3590 421 3653 472; x_wconf 78' lang='grc' dir='ltr'>τὸ</span> <span class='ocrx_word' id='word_1_27' title='bbox 3687 422 3779 492; x_wconf 80' lang='grc' dir='ltr'>κη-</span> 
     </span>
    </p>
   </div>
   <div class='ocr_carea' id='block_1_7' title="bbox 538 522 2112 599">
    <p class='ocr_par' dir='ltr' id='par_1_7' title="bbox 538 522 2112 599">
     <span class='ocr_line' id='line_1_7' title="bbox 538 522 2112 599; baseline -0.008 -15"><span class='ocrx_word' id='word_1_28' title='bbox 538 530 691 584; x_wconf 88' lang='lat' dir='ltr'><strong>illum</strong></span> <span class='ocrx_word' id='word_1_29' title='bbox 717 536 939 599; x_wconf 85' lang='lat' dir='ltr'><strong>propter</strong></span> <span class='ocrx_word' id='word_1_30' title='bbox 960 524 1405 596; x_wconf 77' lang='lat' dir='ltr'><strong>przcdicationem</strong></span> <span class='ocrx_word' id='word_1_31' title='bbox 1430 533 1600 594; x_wconf 88' lang='lat' dir='ltr'><strong>atque</strong></span> <span class='ocrx_word' id='word_1_32' title='bbox 1622 522 1932 577; x_wconf 78' lang='lat' dir='ltr'><strong>doctrinam</strong></span> <span class='ocrx_word' id='word_1_33' title='bbox 1980 535 2112 574; x_wconf 81' lang='lat' dir='ltr'><strong>con-</strong></span> 
     </span>
    </p>
   </div>
   <div class='ocr_carea' id='block_1_8' title="bbox 538 612 2116 687">
    <p class='ocr_par' dir='ltr' id='par_1_8' title="bbox 538 612 2116 687">
     <span class='ocr_line' id='line_1_8' title="bbox 538 612 2116 687; baseline -0.008 -11"><span class='ocrx_word' id='word_1_34' title='bbox 538 620 847 685; x_wconf 76' lang='lat' dir='ltr'><strong>veniebant,</strong></span> <span class='ocrx_word' id='word_1_35' title='bbox 897 618 1245 687; x_wconf 78' lang='lat' dir='ltr'><strong>maximeque</strong></span> <span class='ocrx_word' id='word_1_36' title='bbox 1273 630 1415 686; x_wconf 89' lang='lat' dir='ltr'><strong>quos</strong></span> <span class='ocrx_word' id='word_1_37' title='bbox 1453 615 1662 670; x_wconf 83' lang='lat' dir='ltr'><strong>sciebat</strong></span> <span class='ocrx_word' id='word_1_38' title='bbox 1702 613 1910 669; x_wconf 82' lang='lat' dir='ltr'><strong>divitiis</strong></span> <span class='ocrx_word' id='word_1_39' title='bbox 1939 612 2116 666; x_wconf 90' lang='lat' dir='ltr'><strong>abun-</strong></span> 
     </span>
    </p>
   </div>
   <div class='ocr_carea' id='block_1_9' title="bbox 535 702 2115 779">
    <p class='ocr_par' dir='ltr' id='par_1_9' title="bbox 535 702 2115 779">
     <span class='ocr_line' id='line_1_9' title="bbox 535 702 2115 779; baseline -0.008 -12"><span class='ocrx_word' id='word_1_40' title='bbox 535 712 686 775; x_wconf 83' lang='lat' dir='ltr'><strong>dare,</strong></span> <span class='ocrx_word' id='word_1_41' title='bbox 730 719 784 765; x_wconf 89' lang='lat' dir='ltr'><strong>et</strong></span> <span class='ocrx_word' id='word_1_42' title='bbox 813 708 1004 779; x_wconf 81' lang='lat' dir='ltr'><strong>largiri</strong></span> <span class='ocrx_word' id='word_1_43' title='bbox 1037 721 1221 776; x_wconf 86' lang='lat' dir='ltr'><strong>posse,</strong></span> <span class='ocrx_word' id='word_1_44' title='bbox 1267 707 1593 762; x_wconf 89' lang='lat' dir='ltr'><strong>hortabatur</strong></span> <span class='ocrx_word' id='word_1_45' title='bbox 1621 718 1690 758; x_wconf 92' lang='lat' dir='ltr'><strong>ne</strong></span> <span class='ocrx_word' id='word_1_46' title='bbox 1730 702 1898 757; x_wconf 86' lang='lat' dir='ltr'><strong>semel</strong></span> <span class='ocrx_word' id='word_1_47' title='bbox 1921 710 2115 755; x_wconf 87' lang='lat' dir='ltr'><strong>sancto</strong></span> 
     </span>
    </p>
   </div>
   <div class='ocr_carea' id='block_1_10' title="bbox 535 791 2116 872">
    <p class='ocr_par' dir='ltr' id='par_1_10' title="bbox 535 791 2116 872">
     <span class='ocr_line' id='line_1_10' title="bbox 535 791 2116 872; baseline -0.011 -11"><span class='ocrx_word' id='word_1_48' title='bbox 535 802 809 872; x_wconf 82' lang='lat' dir='ltr'><strong>baptismo</strong></span> <span class='ocrx_word' id='word_1_49' title='bbox 839 806 1099 870; x_wconf 86' lang='lat' dir='ltr'><strong>purgatos</strong></span> <span class='ocrx_word' id='word_1_50' title='bbox 1140 798 1385 853; x_wconf 83' lang='lat' dir='ltr'><strong>sinerent</strong></span> <span class='ocrx_word' id='word_1_51' title='bbox 1439 795 1656 866; x_wconf 90' lang='lat' dir='ltr'><strong>publice</strong></span> <span class='ocrx_word' id='word_1_52' title='bbox 1705 809 1735 847; x_wconf 88' lang='lat' dir='ltr'><strong>a</strong></span> <span class='ocrx_word' id='word_1_53' title='bbox 1765 792 1969 847; x_wconf 69' lang='lat' dir='ltr'><strong>Iudaeis</strong></span> <span class='ocrx_word' id='word_1_54' title='bbox 1998 791 2116 845; x_wconf 86' lang='lat' dir='ltr'><strong>ino-</strong></span> 
     </span>
    </p>
   </div>
   <div class='ocr_carea' id='block_1_11' title="bbox 536 888 2111 967">
    <p class='ocr_par' dir='ltr' id='par_1_11' title="bbox 536 888 2111 967">
     <span class='ocr_line' id='line_1_11' title="bbox 536 888 2111 967; baseline -0.008 -17"><span class='ocrx_word' id='word_1_55' title='bbox 536 896 639 967; x_wconf 83' lang='lat' dir='ltr'><strong>piae</strong></span> <span class='ocrx_word' id='word_1_56' title='bbox 686 908 855 949; x_wconf 87' lang='lat' dir='ltr'><strong>causa</strong></span> <span class='ocrx_word' id='word_1_57' title='bbox 904 892 1128 957; x_wconf 90' lang='lat' dir='ltr'><strong>nutriri,</strong></span> <span class='ocrx_word' id='word_1_58' title='bbox 1182 889 1633 960; x_wconf 85' lang='lat' dir='ltr'><strong>splendidamque</strong></span> <span class='ocrx_word' id='word_1_59' title='bbox 1684 888 1872 958; x_wconf 72' lang='lat' dir='ltr'><strong>gratiae</strong></span> <span class='ocrx_word' id='word_1_60' title='bbox 1905 894 2111 940; x_wconf 81' lang='lat' dir='ltr'><strong>vestem</strong></span> 
     </span>
    </p>
   </div>
   <div class='ocr_carea' id='block_1_12' title="bbox 537 977 2112 1058">
    <p class='ocr_par' dir='ltr' id='par_1_12' title="bbox 537 977 2112 1058">
     <span class='ocr_line' id='line_1_12' title="bbox 537 977 2112 1058; baseline -0.008 -15"><span class='ocrx_word' id='word_1_61' title='bbox 537 989 751 1058; x_wconf 84' lang='lat' dir='ltr'><strong>impura</strong></span> <span class='ocrx_word' id='word_1_62' title='bbox 782 988 873 1042; x_wconf 92' lang='lat' dir='ltr'><strong>illa</strong></span> <span class='ocrx_word' id='word_1_63' title='bbox 898 984 1288 1041; x_wconf 88' lang='lat' dir='ltr'><strong>communione</strong></span> <span class='ocrx_word' id='word_1_64' title='bbox 1314 982 1584 1053; x_wconf 87' lang='lat' dir='ltr'><strong>polluere.</strong></span> <span class='ocrx_word' id='word_1_65' title='bbox 1616 979 1719 1035; x_wconf 87' lang='lat' dir='ltr'><strong>Per</strong></span> <span class='ocrx_word' id='word_1_66' title='bbox 1740 994 1862 1050; x_wconf 74' lang='lat' dir='ltr'><strong>quae</strong></span> <span class='ocrx_word' id='word_1_67' title='bbox 1894 978 2014 1032; x_wconf 89' lang='lat' dir='ltr'><strong>illos</strong></span> <span class='ocrx_word' id='word_1_68' title='bbox 2044 977 2112 1032; x_wconf 89' lang='lat' dir='ltr'><strong>ad</strong></span> 
     </span>
    </p>
   </div>
   <div class='ocr_carea' id='block_1_13' title="bbox 535 1070 2111 1151">
    <p class='ocr_par' dir='ltr' id='par_1_13' title="bbox 535 1070 2111 1151">
     <span class='ocr_line' id='line_1_13' title="bbox 535 1070 2111 1151; baseline -0.009 -16"><span class='ocrx_word' id='word_1_69' title='bbox 535 1080 860 1151; x_wconf 78' lang='lat' dir='ltr'><strong>explendam</strong></span> <span class='ocrx_word' id='word_1_70' title='bbox 890 1078 1338 1134; x_wconf 85' lang='lat' dir='ltr'><strong>calamitosorum</strong></span> <span class='ocrx_word' id='word_1_71' title='bbox 1369 1072 1753 1130; x_wconf 80' lang='lat' dir='ltr'><strong>necessitatem</strong></span> <span class='ocrx_word' id='word_1_72' title='bbox 1808 1071 1947 1124; x_wconf 89' lang='lat' dir='ltr'><strong>adeo</strong></span> <span class='ocrx_word' id='word_1_73' title='bbox 1994 1070 2111 1124; x_wconf 84' lang='lat' dir='ltr'><strong>ala-</strong></span> 
     </span>
    </p>
   </div>
   <div class='ocr_carea' id='block_1_14' title="bbox 535 1162 2112 1237">
    <p class='ocr_par' dir='ltr' id='par_1_14' title="bbox 535 1162 2112 1237">
     <span class='ocr_line' id='line_1_14' title="bbox 535 1162 2112 1237; baseline -0.008 -8"><span class='ocrx_word' id='word_1_74' title='bbox 535 1189 654 1229; x_wconf 79' lang='lat' dir='ltr'><strong>cres</strong></span> <span class='ocrx_word' id='word_1_75' title='bbox 688 1171 967 1237; x_wconf 88' lang='lat' dir='ltr'><strong>reddebat,</strong></span> <span class='ocrx_word' id='word_1_76' title='bbox 994 1182 1052 1226; x_wconf 92' lang='lat' dir='ltr'><strong>ut</strong></span> <span class='ocrx_word' id='word_1_77' title='bbox 1075 1170 1127 1225; x_wconf 91' lang='lat' dir='ltr'><strong>id</strong></span> <span class='ocrx_word' id='word_1_78' title='bbox 1149 1173 1418 1226; x_wconf 79' lang='lat' dir='ltr'><strong>duntaxat</strong></span> <span class='ocrx_word' id='word_1_79' title='bbox 1436 1168 1650 1222; x_wconf 84' lang='lat' dir='ltr'><strong>lucrum</strong></span> <span class='ocrx_word' id='word_1_80' title='bbox 1672 1162 2112 1237; x_wconf 83' lang='lat' dir='ltr'><strong>putarent,un</strong></span> 
     </span>
    </p>
   </div>
   <div class='ocr_carea' id='block_1_15' title="bbox 534 1264 1154 1336">
    <p class='ocr_par' dir='ltr' id='par_1_15' title="bbox 534 1264 1154 1336">
     <span class='ocr_line' id='line_1_15' title="bbox 534 1264 1154 1336; baseline -0.003 -14"><span class='ocrx_word' id='word_1_81' title='bbox 534 1267 590 1322; x_wconf 89' lang='lat' dir='ltr'><strong>in</strong></span> <span class='ocrx_word' id='word_1_82' title='bbox 621 1282 716 1323; x_wconf 88' lang='lat' dir='ltr'><strong>eos</strong></span> <span class='ocrx_word' id='word_1_83' title='bbox 740 1264 1154 1336; x_wconf 87' lang='lat' dir='ltr'><strong>impendisseut.</strong></span> 
     </span>
    </p>
   </div>
   <div class='ocr_carea' id='block_1_16' title="bbox 603 1437 2111 1513">
    <p class='ocr_par' dir='ltr' id='par_1_16' title="bbox 603 1437 2111 1513">
     <span class='ocr_line' id='line_1_16' title="bbox 603 1437 2111 1513; baseline -0.007 -14"><span class='ocrx_word' id='word_1_84' title='bbox 603 1441 757 1499; x_wconf 83' lang='lat' dir='ltr'><strong>CLII.</strong></span> <span class='ocrx_word' id='word_1_85' title='bbox 788 1442 925 1498; x_wconf 89' lang='lat' dir='ltr'><strong>Cum</strong></span> <span class='ocrx_word' id='word_1_86' title='bbox 957 1457 1090 1513; x_wconf 87' lang='lat' dir='ltr'><strong>ergo</strong></span> <span class='ocrx_word' id='word_1_87' title='bbox 1119 1442 1193 1496; x_wconf 82' lang='lat' dir='ltr'><strong>ita</strong></span> <span class='ocrx_word' id='word_1_88' title='bbox 1239 1450 1425 1512; x_wconf 80' lang='lat' dir='ltr'><strong>ageret</strong></span> <span class='ocrx_word' id='word_1_89' title='bbox 1466 1449 1694 1496; x_wconf 89' lang='lat' dir='ltr'><strong>sanctus</strong></span> <span class='ocrx_word' id='word_1_90' title='bbox 1722 1437 2001 1501; x_wconf 87' lang='lat' dir='ltr'><strong>Clemens,</strong></span> <span class='ocrx_word' id='word_1_91' title='bbox 2055 1444 2111 1489; x_wconf 88' lang='lat' dir='ltr'><strong>et</strong></span> 
     </span>
    </p>
   </div>
   <div class='ocr_carea' id='block_1_17' title="bbox 532 1528 2109 1600">
    <p class='ocr_par' dir='ltr' id='par_1_17' title="bbox 532 1528 2109 1600">
     <span class='ocr_line' id='line_1_17' title="bbox 532 1528 2109 1600; baseline -0.006 -10"><span class='ocrx_word' id='word_1_92' title='bbox 532 1536 606 1591; x_wconf 88' lang='lat' dir='ltr'><strong>ita</strong></span> <span class='ocrx_word' id='word_1_93' title='bbox 642 1536 696 1590; x_wconf 91' lang='lat' dir='ltr'><strong>in</strong></span> <span class='ocrx_word' id='word_1_94' title='bbox 722 1536 967 1590; x_wconf 87' lang='lat' dir='ltr'><strong>omnium</strong></span> <span class='ocrx_word' id='word_1_95' title='bbox 992 1535 1193 1589; x_wconf 89' lang='lat' dir='ltr'><strong>animis</strong></span> <span class='ocrx_word' id='word_1_96' title='bbox 1221 1544 1370 1589; x_wconf 85' lang='lat' dir='ltr'><strong>esset</strong></span> <span class='ocrx_word' id='word_1_97' title='bbox 1402 1533 1768 1598; x_wconf 90' lang='lat' dir='ltr'><strong>constitutus;</strong></span> <span class='ocrx_word' id='word_1_98' title='bbox 1788 1540 1950 1600; x_wconf 90' lang='lat' dir='ltr'><strong>atque</strong></span> <span class='ocrx_word' id='word_1_99' title='bbox 1974 1528 2109 1583; x_wconf 89' lang='lat' dir='ltr'><strong>adeo</strong></span> 
     </span>
    </p>
   </div>
   <div class='ocr_carea' id='block_1_18' title="bbox 532 1615 2108 1688">
    <p class='ocr_par' dir='ltr' id='par_1_18' title="bbox 532 1615 2108 1688">
     <span class='ocr_line' id='line_1_18' title="bbox 532 1615 2108 1688; baseline -0.006 -12"><span class='ocrx_word' id='word_1_100' title='bbox 532 1639 640 1678; x_wconf 90' lang='lat' dir='ltr'><strong>non</strong></span> <span class='ocrx_word' id='word_1_101' title='bbox 661 1632 871 1677; x_wconf 88' lang='lat' dir='ltr'><strong>tantum</strong></span> <span class='ocrx_word' id='word_1_102' title='bbox 899 1621 1265 1686; x_wconf 82' lang='lat' dir='ltr'><strong>Christianos,</strong></span> <span class='ocrx_word' id='word_1_103' title='bbox 1292 1619 1387 1674; x_wconf 89' lang='lat' dir='ltr'><strong>sed</strong></span> <span class='ocrx_word' id='word_1_104' title='bbox 1409 1620 1574 1674; x_wconf 87' lang='lat' dir='ltr'><strong>etiam</strong></span> <span class='ocrx_word' id='word_1_105' title='bbox 1609 1618 1759 1688; x_wconf 88' lang='lat' dir='ltr'><strong>ipsos</strong></span> <span class='ocrx_word' id='word_1_106' title='bbox 1789 1615 2018 1687; x_wconf 84' lang='lat' dir='ltr'><strong>gentiles</strong></span> <span class='ocrx_word' id='word_1_107' title='bbox 2044 1626 2108 1668; x_wconf 85' lang='lat' dir='ltr'><strong>ac</strong></span> 
     </span>
    </p>
   </div>
   <div class='ocr_carea' id='block_1_19' title="bbox 528 1708 2104 1783">
    <p class='ocr_par' dir='ltr' id='par_1_19' title="bbox 528 1708 2104 1783">
     <span class='ocr_line' id='line_1_19' title="bbox 528 1708 2104 1783; baseline -0.006 -13"><span class='ocrx_word' id='word_1_108' title='bbox 528 1714 750 1770; x_wconf 74' lang='lat' dir='ltr'><strong>Judaaos</strong></span> <span class='ocrx_word' id='word_1_109' title='bbox 781 1730 809 1769; x_wconf 91' lang='lat' dir='ltr'><strong>a</strong></span> <span class='ocrx_word' id='word_1_110' title='bbox 856 1730 954 1769; x_wconf 88' lang='lat' dir='ltr'><strong>sua</strong></span> <span class='ocrx_word' id='word_1_111' title='bbox 987 1714 1171 1767; x_wconf 89' lang='lat' dir='ltr'><strong>anima</strong></span> <span class='ocrx_word' id='word_1_112' title='bbox 1200 1721 1254 1769; x_wconf 87' lang='lat' dir='ltr'><strong>et</strong></span> <span class='ocrx_word' id='word_1_113' title='bbox 1286 1712 1474 1783; x_wconf 83' lang='lat' dir='ltr'><strong>lingua</strong></span> <span class='ocrx_word' id='word_1_114' title='bbox 1512 1710 1813 1783; x_wconf 87' lang='lat' dir='ltr'><strong>pendentes</strong></span> <span class='ocrx_word' id='word_1_115' title='bbox 1845 1708 2104 1773; x_wconf 88' lang='lat' dir='ltr'><strong>haberet;</strong></span> 
     </span>
    </p>
   </div>
   <div class='ocr_carea' id='block_1_20' title="bbox 529 1788 2181 1880">
    <p class='ocr_par' dir='ltr' id='par_1_20' title="bbox 529 1788 2181 1880">
     <span class='ocr_line' id='line_1_20' title="bbox 529 1788 2181 1880; baseline -0.005 -16"><span class='ocrx_word' id='word_1_116' title='bbox 529 1823 628 1880; x_wconf 84' lang='lat' dir='ltr'><strong>per</strong></span> <span class='ocrx_word' id='word_1_117' title='bbox 660 1807 963 1863; x_wconf 87' lang='lat' dir='ltr'><strong>Sisinnium</strong></span> <span class='ocrx_word' id='word_1_118' title='bbox 1010 1807 1163 1861; x_wconf 91' lang='lat' dir='ltr'><strong>illum</strong></span> <span class='ocrx_word' id='word_1_119' title='bbox 1197 1807 1336 1875; x_wconf 89' lang='lat' dir='ltr'><strong>(erat</strong></span> <span class='ocrx_word' id='word_1_120' title='bbox 1363 1815 1542 1860; x_wconf 76' lang='lat' dir='ltr'><strong>autem</strong></span> <span class='ocrx_word' id='word_1_121' title='bbox 1594 1803 1641 1859; x_wconf 91' lang='lat' dir='ltr'><strong>is</strong></span> <span class='ocrx_word' id='word_1_122' title='bbox 1675 1802 1887 1857; x_wconf 88' lang='lat' dir='ltr'><strong>amicus</strong></span> <span class='ocrx_word' id='word_1_123' title='bbox 1915 1799 2105 1855; x_wconf 69' lang='lat' dir='ltr'><strong>Nerva:</strong></span> <span class='ocrx_word' id='word_1_124' title='bbox 2141 1788 2181 1843; x_wconf 80' lang='grc' dir='ltr'><strong><em>Β</em></strong></span> 
     </span>
    </p>
   </div>
   <div class='ocr_carea' id='block_1_21' title="bbox 530 1894 2105 1968">
    <p class='ocr_par' dir='ltr' id='par_1_21' title="bbox 530 1894 2105 1968">
     <span class='ocr_line' id='line_1_21' title="bbox 530 1894 2105 1968; baseline -0.006 -12"><span class='ocrx_word' id='word_1_125' title='bbox 530 1910 585 1956; x_wconf 89' lang='lat' dir='ltr'><strong>et</strong></span> <span class='ocrx_word' id='word_1_126' title='bbox 614 1917 759 1956; x_wconf 90' lang='lat' dir='ltr'><strong>unus</strong></span> <span class='ocrx_word' id='word_1_127' title='bbox 800 1916 867 1955; x_wconf 79' lang='lat' dir='ltr'><strong>ex</strong></span> <span class='ocrx_word' id='word_1_128' title='bbox 905 1897 1289 1968; x_wconf 79' lang='lat' dir='ltr'><strong>familiaribus)</strong></span> <span class='ocrx_word' id='word_1_129' title='bbox 1327 1898 1453 1954; x_wconf 85' lang='lat' dir='ltr'><strong>odio</strong></span> <span class='ocrx_word' id='word_1_130' title='bbox 1469 1906 1531 1953; x_wconf 87' lang='lat' dir='ltr'><strong>et</strong></span> <span class='ocrx_word' id='word_1_131' title='bbox 1557 1895 1851 1953; x_wconf 83' lang='lat' dir='ltr'><strong>calumniis</strong></span> <span class='ocrx_word' id='word_1_132' title='bbox 1880 1894 2105 1965; x_wconf 81' lang='lat' dir='ltr'><strong>peteba-</strong></span> 
     </span>
    </p>
   </div>
   <div class='ocr_carea' id='block_1_22' title="bbox 531 1983 2109 2062">
    <p class='ocr_par' dir='ltr' id='par_1_22' title="bbox 531 1983 2109 2062">
     <span class='ocr_line' id='line_1_22' title="bbox 531 1983 2109 2062; baseline -0.008 -14"><span class='ocrx_word' id='word_1_133' title='bbox 531 2000 657 2059; x_wconf 82' lang='lat' dir='ltr'><strong>tur;</strong></span> <span class='ocrx_word' id='word_1_134' title='bbox 701 1991 921 2062; x_wconf 84' lang='lat' dir='ltr'><strong>quando</strong></span> <span class='ocrx_word' id='word_1_135' title='bbox 948 1990 1235 2061; x_wconf 74' lang='lat' dir='ltr'><strong>coniugem</strong></span> <span class='ocrx_word' id='word_1_136' title='bbox 1259 1987 1603 2045; x_wconf 84' lang='lat' dir='ltr'><strong>Theodoram</strong></span> <span class='ocrx_word' id='word_1_137' title='bbox 1632 1985 1908 2042; x_wconf 85' lang='lat' dir='ltr'><strong>Sisinnius</strong></span> <span class='ocrx_word' id='word_1_138' title='bbox 1937 1983 2109 2040; x_wconf 82' lang='lat' dir='ltr'><strong>sensit</strong></span> 
     </span>
    </p>
   </div>
   <div class='ocr_carea' id='block_1_23' title="bbox 527 2080 2103 2153">
    <p class='ocr_par' dir='ltr' id='par_1_23' title="bbox 527 2080 2103 2153">
     <span class='ocr_line' id='line_1_23' title="bbox 527 2080 2103 2153; baseline -0.006 -12"><span class='ocrx_word' id='word_1_139' title='bbox 527 2084 829 2141; x_wconf 87' lang='lat' dir='ltr'><strong>Clementis</strong></span> <span class='ocrx_word' id='word_1_140' title='bbox 855 2084 1121 2140; x_wconf 66' lang='lat' dir='ltr'><strong>doctrinae</strong></span> <span class='ocrx_word' id='word_1_141' title='bbox 1153 2098 1341 2138; x_wconf 88' lang='lat' dir='ltr'><strong>amore</strong></span> <span class='ocrx_word' id='word_1_142' title='bbox 1370 2090 1586 2153; x_wconf 89' lang='lat' dir='ltr'><strong>captam</strong></span> <span class='ocrx_word' id='word_1_143' title='bbox 1616 2095 1758 2145; x_wconf 88' lang='lat' dir='ltr'><strong>esse,</strong></span> <span class='ocrx_word' id='word_1_144' title='bbox 1804 2089 1859 2134; x_wconf 91' lang='lat' dir='ltr'><strong>et</strong></span> <span class='ocrx_word' id='word_1_145' title='bbox 1880 2080 2103 2133; x_wconf 91' lang='lat' dir='ltr'><strong>domum</strong></span> 
     </span>
    </p>
   </div>
   <div class='ocr_carea' id='block_1_24' title="bbox 527 2175 2105 2254">
    <p class='ocr_par' dir='ltr' id='par_1_24' title="bbox 527 2175 2105 2254">
     <span class='ocr_line' id='line_1_24' title="bbox 527 2175 2105 2254; baseline -0.008 -18"><span class='ocrx_word' id='word_1_146' title='bbox 527 2181 772 2254; x_wconf 80' lang='lat' dir='ltr'><strong>quidem,</strong></span> <span class='ocrx_word' id='word_1_147' title='bbox 826 2180 1027 2234; x_wconf 90' lang='lat' dir='ltr'><strong>liberos</strong></span> <span class='ocrx_word' id='word_1_148' title='bbox 1059 2193 1125 2232; x_wconf 91' lang='lat' dir='ltr'><strong>ac</strong></span> <span class='ocrx_word' id='word_1_149' title='bbox 1169 2179 1350 2232; x_wconf 80' lang='lat' dir='ltr'><strong>virum</strong></span> <span class='ocrx_word' id='word_1_150' title='bbox 1400 2175 1699 2245; x_wconf 73' lang='lat' dir='ltr'><strong>negligere,</strong></span> <span class='ocrx_word' id='word_1_151' title='bbox 1750 2182 1922 2229; x_wconf 87' lang='lat' dir='ltr'><strong>totam</strong></span> <span class='ocrx_word' id='word_1_152' title='bbox 1975 2186 2105 2226; x_wconf 82' lang='lat' dir='ltr'><strong>vero</strong></span> 
     </span>
    </p>
   </div>
   <div class='ocr_carea' id='block_1_25' title="bbox 527 2266 2101 2337">
    <p class='ocr_par' dir='ltr' id='par_1_25' title="bbox 527 2266 2101 2337">
     <span class='ocr_line' id='line_1_25' title="bbox 527 2266 2101 2337; baseline -0.007 -10"><span class='ocrx_word' id='word_1_153' title='bbox 527 2271 800 2327; x_wconf 83' lang='lat' dir='ltr'><strong>Clementi</strong></span> <span class='ocrx_word' id='word_1_154' title='bbox 846 2270 1149 2337; x_wconf 67' lang='lat' dir='ltr'><strong>adhaerere,</strong></span> <span class='ocrx_word' id='word_1_155' title='bbox 1199 2269 1267 2324; x_wconf 89' lang='lat' dir='ltr'><strong>ad</strong></span> <span class='ocrx_word' id='word_1_156' title='bbox 1318 2284 1445 2324; x_wconf 88' lang='lat' dir='ltr'><strong>eum</strong></span> <span class='ocrx_word' id='word_1_157' title='bbox 1498 2266 1725 2323; x_wconf 89' lang='lat' dir='ltr'><strong>assiduo</strong></span> <span class='ocrx_word' id='word_1_158' title='bbox 1772 2266 2101 2325; x_wconf 87' lang='lat' dir='ltr'><strong>adventare,</strong></span> 
     </span>
    </p>
   </div>
   <div class='ocr_carea' id='block_1_26' title="bbox 528 2355 2107 2435">
    <p class='ocr_par' dir='ltr' id='par_1_26' title="bbox 528 2355 2107 2435">
     <span class='ocr_line' id='line_1_26' title="bbox 528 2355 2107 2435; baseline -0.008 -15"><span class='ocrx_word' id='word_1_159' title='bbox 528 2365 776 2435; x_wconf 88' lang='lat' dir='ltr'><strong>adeoque</strong></span> <span class='ocrx_word' id='word_1_160' title='bbox 820 2364 874 2417; x_wconf 85' lang='lat' dir='ltr'><strong>in</strong></span> <span class='ocrx_word' id='word_1_161' title='bbox 923 2362 1110 2418; x_wconf 90' lang='lat' dir='ltr'><strong>animo</strong></span> <span class='ocrx_word' id='word_1_162' title='bbox 1146 2377 1248 2417; x_wconf 91' lang='lat' dir='ltr'><strong>suo</strong></span> <span class='ocrx_word' id='word_1_163' title='bbox 1287 2375 1505 2431; x_wconf 88' lang='lat' dir='ltr'><strong>semper</strong></span> <span class='ocrx_word' id='word_1_164' title='bbox 1544 2360 1698 2414; x_wconf 91' lang='lat' dir='ltr'><strong>illum</strong></span> <span class='ocrx_word' id='word_1_165' title='bbox 1744 2355 2107 2427; x_wconf 88' lang='lat' dir='ltr'><strong>spiritualiter</strong></span> 
     </span>
    </p>
   </div>
   <div class='ocr_carea' id='block_1_27' title="bbox 528 2448 2102 2525">
    <p class='ocr_par' dir='ltr' id='par_1_27' title="bbox 528 2448 2102 2525">
     <span class='ocr_line' id='line_1_27' title="bbox 528 2448 2102 2525; baseline -0.008 -13"><span class='ocrx_word' id='word_1_166' title='bbox 528 2456 691 2514; x_wconf 82' lang='lat' dir='ltr'><strong>ferre.</strong></span> <span class='ocrx_word' id='word_1_167' title='bbox 726 2457 795 2512; x_wconf 81' lang='lat' dir='ltr'><strong>At</strong></span> <span class='ocrx_word' id='word_1_168' title='bbox 817 2457 1108 2511; x_wconf 87' lang='lat' dir='ltr'><strong>Theodora</strong></span> <span class='ocrx_word' id='word_1_169' title='bbox 1140 2470 1263 2525; x_wconf 69' lang='lat' dir='ltr'><strong>qua:</strong></span> <span class='ocrx_word' id='word_1_170' title='bbox 1286 2454 1559 2509; x_wconf 79' lang='lat' dir='ltr'><strong>suavitate</strong></span> <span class='ocrx_word' id='word_1_171' title='bbox 1588 2452 1790 2522; x_wconf 78' lang='lat' dir='ltr'><strong>lingua:</strong></span> <span class='ocrx_word' id='word_1_172' title='bbox 1816 2465 1881 2505; x_wconf 93' lang='lat' dir='ltr'><strong>ac</strong></span> <span class='ocrx_word' id='word_1_173' title='bbox 1903 2448 2102 2503; x_wconf 78' lang='lat' dir='ltr'><strong>verbo-</strong></span> 
     </span>
    </p>
   </div>
   <div class='ocr_carea' id='block_1_28' title="bbox 526 2541 2102 2616">
    <p class='ocr_par' dir='ltr' id='par_1_28' title="bbox 526 2541 2102 2616">
     <span class='ocr_line' id='line_1_28' title="bbox 526 2541 2102 2616; baseline -0.008 -10"><span class='ocrx_word' id='word_1_174' title='bbox 526 2566 650 2606; x_wconf 86' lang='lat' dir='ltr'><strong>rum</strong></span> <span class='ocrx_word' id='word_1_175' title='bbox 694 2548 993 2605; x_wconf 89' lang='lat' dir='ltr'><strong>Clementis</strong></span> <span class='ocrx_word' id='word_1_176' title='bbox 1042 2549 1221 2604; x_wconf 78' lang='lat' dir='ltr'><strong>illecta</strong></span> <span class='ocrx_word' id='word_1_177' title='bbox 1261 2556 1402 2611; x_wconf 89' lang='lat' dir='ltr'><strong>erat,</strong></span> <span class='ocrx_word' id='word_1_178' title='bbox 1434 2545 1768 2616; x_wconf 88' lang='lat' dir='ltr'><strong>Christoque</strong></span> <span class='ocrx_word' id='word_1_179' title='bbox 1800 2558 1897 2614; x_wconf 91' lang='lat' dir='ltr'><strong>per</strong></span> <span class='ocrx_word' id='word_1_180' title='bbox 1946 2541 2102 2595; x_wconf 89' lang='lat' dir='ltr'><strong>illum</strong></span> 
     </span>
    </p>
   </div>
   <div class='ocr_carea' id='block_1_29' title="bbox 524 2634 2102 2710">
    <p class='ocr_par' dir='ltr' id='par_1_29' title="bbox 524 2634 2102 2710">
     <span class='ocr_line' id='line_1_29' title="bbox 524 2634 2102 2710; baseline -0.006 -13"><span class='ocrx_word' id='word_1_181' title='bbox 524 2642 854 2706; x_wconf 84' lang='lat' dir='ltr'><strong>crediderat,</strong></span> <span class='ocrx_word' id='word_1_182' title='bbox 905 2641 1189 2696; x_wconf 87' lang='lat' dir='ltr'><strong>ardentius</strong></span> <span class='ocrx_word' id='word_1_183' title='bbox 1220 2639 1477 2710; x_wconf 90' lang='lat' dir='ltr'><strong>pietatem</strong></span> <span class='ocrx_word' id='word_1_184' title='bbox 1507 2636 1850 2707; x_wconf 86' lang='lat' dir='ltr'><strong>capessebat,</strong></span> <span class='ocrx_word' id='word_1_185' title='bbox 1899 2634 2102 2705; x_wconf 86' lang='lat' dir='ltr'><strong>psalle-</strong></span> 
     </span>
    </p>
   </div>
   <div class='ocr_carea' id='block_1_30' title="bbox 525 2725 2102 2802">
    <p class='ocr_par' dir='ltr' id='par_1_30' title="bbox 525 2725 2102 2802">
     <span class='ocr_line' id='line_1_30' title="bbox 525 2725 2102 2802; baseline -0.007 -12"><span class='ocrx_word' id='word_1_186' title='bbox 525 2735 620 2790; x_wconf 88' lang='lat' dir='ltr'><strong>bat</strong></span> <span class='ocrx_word' id='word_1_187' title='bbox 660 2734 946 2802; x_wconf 89' lang='lat' dir='ltr'><strong>continue,</strong></span> <span class='ocrx_word' id='word_1_188' title='bbox 983 2747 1087 2788; x_wconf 88' lang='lat' dir='ltr'><strong>nec</strong></span> <span class='ocrx_word' id='word_1_189' title='bbox 1126 2732 1195 2786; x_wconf 90' lang='lat' dir='ltr'><strong>ab</strong></span> <span class='ocrx_word' id='word_1_190' title='bbox 1230 2731 1337 2785; x_wconf 93' lang='lat' dir='ltr'><strong>ulla</strong></span> <span class='ocrx_word' id='word_1_191' title='bbox 1383 2729 1575 2801; x_wconf 79' lang='lat' dir='ltr'><strong>synaxi</strong></span> <span class='ocrx_word' id='word_1_192' title='bbox 1607 2743 1704 2784; x_wconf 87' lang='lat' dir='ltr'><strong>seu</strong></span> <span class='ocrx_word' id='word_1_193' title='bbox 1754 2725 2102 2782; x_wconf 66' lang='lat' dir='ltr'><strong>Christiano-</strong></span> 
     </span>
    </p>
   </div>
   <div class='ocr_carea' id='block_1_31' title="bbox 524 2824 1337 2899">
    <p class='ocr_par' dir='ltr' id='par_1_31' title="bbox 524 2824 1337 2899">
     <span class='ocr_line' id='line_1_31' title="bbox 524 2824 1337 2899; baseline -0.006 -15"><span class='ocrx_word' id='word_1_194' title='bbox 524 2843 648 2884; x_wconf 82' lang='lat' dir='ltr'><strong>rum</strong></span> <span class='ocrx_word' id='word_1_195' title='bbox 673 2825 1098 2899; x_wconf 80' lang='lat' dir='ltr'><strong>congregatione</strong></span> <span class='ocrx_word' id='word_1_196' title='bbox 1126 2824 1337 2879; x_wconf 88' lang='lat' dir='ltr'><strong>aberat.</strong></span> 
     </span>
    </p>
   </div>
   <div class='ocr_carea' id='block_1_32' title="bbox 594 2910 2101 2983">
    <p class='ocr_par' dir='ltr' id='par_1_32' title="bbox 594 2910 2101 2983">
     <span class='ocr_line' id='line_1_32' title="bbox 594 2910 2101 2983; baseline -0.007 -8"><span class='ocrx_word' id='word_1_197' title='bbox 594 2919 774 2976; x_wconf 85' lang='lat' dir='ltr'><strong>CLIII.</strong></span> <span class='ocrx_word' id='word_1_198' title='bbox 854 2917 1135 2975; x_wconf 87' lang='lat' dir='ltr'><strong>Sisinnius</strong></span> <span class='ocrx_word' id='word_1_199' title='bbox 1205 2927 1338 2971; x_wconf 77' lang='lat' dir='ltr'><strong>vero</strong></span> <span class='ocrx_word' id='word_1_200' title='bbox 1409 2912 1595 2983; x_wconf 87' lang='lat' dir='ltr'><strong>iniqua</strong></span> <span class='ocrx_word' id='word_1_201' title='bbox 1657 2910 1923 2983; x_wconf 83' lang='lat' dir='ltr'><strong>zelotypia</strong></span> <span class='ocrx_word' id='word_1_202' title='bbox 2004 2912 2101 2967; x_wconf 72' lang='lat' dir='ltr'><strong>st“.-</strong></span> 
     </span>
    </p>
   </div>
   <div class='ocr_carea' id='block_1_33' title="bbox 524 3003 2098 3081">
    <p class='ocr_par' dir='ltr' id='par_1_33' title="bbox 524 3003 2098 3081">
     <span class='ocr_line' id='line_1_33' title="bbox 524 3003 2098 3081; baseline -0.009 -11"><span class='ocrx_word' id='word_1_203' title='bbox 524 3017 786 3081; x_wconf 87' lang='lat' dir='ltr'><strong>mulatus,</strong></span> <span class='ocrx_word' id='word_1_204' title='bbox 834 3010 1065 3069; x_wconf 88' lang='lat' dir='ltr'><strong>insidias</strong></span> <span class='ocrx_word' id='word_1_205' title='bbox 1117 3009 1382 3066; x_wconf 86' lang='lat' dir='ltr'><strong>adversus</strong></span> <span class='ocrx_word' id='word_1_206' title='bbox 1426 3020 1651 3061; x_wconf 77' lang='lat' dir='ltr'><strong>uxorem</strong></span> <span class='ocrx_word' id='word_1_207' title='bbox 1708 3003 2098 3069; x_wconf 85' lang='lat' dir='ltr'><strong>meditabatur,</strong></span> 
     </span>
    </p>
   </div>
   <div class='ocr_carea' id='block_1_34' title="bbox 524 3094 2167 3196">
    <p class='ocr_par' dir='ltr' id='par_1_34' title="bbox 524 3094 2167 3196">
     <span class='ocr_line' id='line_1_34' title="bbox 524 3094 2167 3196; baseline -0.01 -31"><span class='ocrx_word' id='word_1_208' title='bbox 524 3108 870 3178; x_wconf 85' lang='lat' dir='ltr'><strong>singulisque</strong></span> <span class='ocrx_word' id='word_1_209' title='bbox 892 3104 1086 3160; x_wconf 86' lang='lat' dir='ltr'><strong>diebus</strong></span> <span class='ocrx_word' id='word_1_210' title='bbox 1119 3101 1439 3196; x_wconf 84' lang='lat' dir='ltr'><strong>armabatur</strong></span> <span class='ocrx_word' id='word_1_211' title='bbox 1467 3098 1634 3196; x_wconf 40' lang='lat' dir='ltr'><strong>ab-eo</strong></span> <span class='ocrx_word' id='word_1_212' title='bbox 1658 3096 1879 3151; x_wconf 81' lang='lat' dir='ltr'><strong>alIectu.</strong></span> <span class='ocrx_word' id='word_1_213' title='bbox 1930 3094 2096 3151; x_wconf 84' lang='lat' dir='ltr'><strong>Cum-</strong></span> <span class='ocrx_word' id='word_1_214' title='bbox 2126 3138 2167 3196; x_wconf 65' lang='grc' dir='ltr'><strong>Ο</strong></span> 
     </span>
    </p>
   </div>
   <div class='ocr_carea' id='block_1_35' title="bbox 521 3188 2095 3270">
    <p class='ocr_par' dir='ltr' id='par_1_35' title="bbox 521 3188 2095 3270">
     <span class='ocr_line' id='line_1_35' title="bbox 521 3188 2095 3270; baseline -0.008 -16"><span class='ocrx_word' id='word_1_215' title='bbox 521 3216 630 3270; x_wconf 90' lang='lat' dir='ltr'><strong>que</strong></span> <span class='ocrx_word' id='word_1_216' title='bbox 657 3215 777 3253; x_wconf 89' lang='lat' dir='ltr'><strong>eam</strong></span> <span class='ocrx_word' id='word_1_217' title='bbox 809 3196 1107 3267; x_wconf 87' lang='lat' dir='ltr'><strong>aliquando</strong></span> <span class='ocrx_word' id='word_1_218' title='bbox 1154 3192 1443 3248; x_wconf 85' lang='lat' dir='ltr'><strong>abeuntem</strong></span> <span class='ocrx_word' id='word_1_219' title='bbox 1489 3188 1558 3245; x_wconf 88' lang='lat' dir='ltr'><strong>ad</strong></span> <span class='ocrx_word' id='word_1_220' title='bbox 1608 3188 1859 3261; x_wconf 72' lang='lat' dir='ltr'><strong>synasim</strong></span> <span class='ocrx_word' id='word_1_221' title='bbox 1901 3188 2095 3243; x_wconf 90' lang='lat' dir='ltr'><strong>obser-</strong></span> 
     </span>
    </p>
   </div>
   <div class='ocr_carea' id='block_1_36' title="bbox 521 3279 2097 3353">
    <p class='ocr_par' dir='ltr' id='par_1_36' title="bbox 521 3279 2097 3353">
     <span class='ocr_line' id='line_1_36' title="bbox 521 3279 2097 3353; baseline -0.008 -9"><span class='ocrx_word' id='word_1_222' title='bbox 521 3296 727 3351; x_wconf 80' lang='lat' dir='ltr'><strong>vasset,</strong></span> <span class='ocrx_word' id='word_1_223' title='bbox 753 3287 894 3342; x_wconf 86' lang='lat' dir='ltr'><strong>clam</strong></span> <span class='ocrx_word' id='word_1_224' title='bbox 925 3300 1050 3340; x_wconf 84' lang='lat' dir='ltr'><strong>eum</strong></span> <span class='ocrx_word' id='word_1_225' title='bbox 1084 3282 1308 3338; x_wconf 80' lang='lat' dir='ltr'><strong>famulis</strong></span> <span class='ocrx_word' id='word_1_226' title='bbox 1348 3282 1466 3353; x_wconf 88' lang='lat' dir='ltr'><strong>ipse</strong></span> <span class='ocrx_word' id='word_1_227' title='bbox 1494 3294 1714 3350; x_wconf 90' lang='lat' dir='ltr'><strong>quoque</strong></span> <span class='ocrx_word' id='word_1_228' title='bbox 1746 3280 1801 3333; x_wconf 90' lang='lat' dir='ltr'><strong>in</strong></span> <span class='ocrx_word' id='word_1_229' title='bbox 1836 3279 2097 3349; x_wconf 90' lang='lat' dir='ltr'><strong>templum</strong></span> 
     </span>
    </p>
   </div>
   <div class='ocr_carea' id='block_1_37' title="bbox 522 3370 2101 3452">
    <p class='ocr_par' dir='ltr' id='par_1_37' title="bbox 522 3370 2101 3452">
     <span class='ocr_line' id='line_1_37' title="bbox 522 3370 2101 3452; baseline -0.008 -16"><span class='ocrx_word' id='word_1_230' title='bbox 522 3385 805 3452; x_wconf 85' lang='lat' dir='ltr'><strong>ingressus</strong></span> <span class='ocrx_word' id='word_1_231' title='bbox 835 3387 939 3442; x_wconf 88' lang='lat' dir='ltr'><strong>est,</strong></span> <span class='ocrx_word' id='word_1_232' title='bbox 977 3385 1036 3432; x_wconf 91' lang='lat' dir='ltr'><strong>ut</strong></span> <span class='ocrx_word' id='word_1_233' title='bbox 1069 3376 1287 3431; x_wconf 89' lang='lat' dir='ltr'><strong>curiose</strong></span> <span class='ocrx_word' id='word_1_234' title='bbox 1319 3374 1645 3445; x_wconf 89' lang='lat' dir='ltr'><strong>inquireret,</strong></span> <span class='ocrx_word' id='word_1_235' title='bbox 1684 3383 1738 3427; x_wconf 93' lang='lat' dir='ltr'><strong>et</strong></span> <span class='ocrx_word' id='word_1_236' title='bbox 1758 3370 2101 3426; x_wconf 85' lang='lat' dir='ltr'><strong>animadver-</strong></span> 
     </span>
    </p>
   </div>
   <div class='ocr_carea' id='block_1_38' title="bbox 528 3463 2100 3540">
    <p class='ocr_par' dir='ltr' id='par_1_38' title="bbox 528 3463 2100 3540">
     <span class='ocr_line' id='line_1_38' title="bbox 528 3463 2100 3540; baseline -0.008 -12"><span class='ocrx_word' id='word_1_237' title='bbox 528 3483 667 3528; x_wconf 87' lang='lat' dir='ltr'><strong>teret</strong></span> <span class='ocrx_word' id='word_1_238' title='bbox 713 3481 910 3526; x_wconf 89' lang='lat' dir='ltr'><strong>cuncta</strong></span> <span class='ocrx_word' id='word_1_239' title='bbox 971 3484 1094 3540; x_wconf 66' lang='lat' dir='ltr'><strong>quae</strong></span> <span class='ocrx_word' id='word_1_240' title='bbox 1143 3469 1197 3523; x_wconf 90' lang='lat' dir='ltr'><strong>in</strong></span> <span class='ocrx_word' id='word_1_241' title='bbox 1229 3481 1296 3523; x_wconf 92' lang='lat' dir='ltr'><strong>eo</strong></span> <span class='ocrx_word' id='word_1_242' title='bbox 1335 3474 1674 3539; x_wconf 83' lang='lat' dir='ltr'><strong>gererentur,</strong></span> <span class='ocrx_word' id='word_1_243' title='bbox 1726 3476 1974 3534; x_wconf 79' lang='lat' dir='ltr'><strong>quasque</strong></span> <span class='ocrx_word' id='word_1_244' title='bbox 2027 3463 2100 3517; x_wconf 91' lang='lat' dir='ltr'><strong>ob</strong></span> 
     </span>
    </p>
   </div>
   <div class='ocr_carea' id='block_1_39' title="bbox 519 3555 2096 3629">
    <p class='ocr_par' dir='ltr' id='par_1_39' title="bbox 519 3555 2096 3629">
     <span class='ocr_line' id='line_1_39' title="bbox 519 3555 2096 3629; baseline -0.006 -10"><span class='ocrx_word' id='word_1_245' title='bbox 519 3581 720 3620; x_wconf 88' lang='lat' dir='ltr'><strong>causas</strong></span> <span class='ocrx_word' id='word_1_246' title='bbox 742 3561 1033 3617; x_wconf 86' lang='lat' dir='ltr'><strong>&#39;I‘heodora</strong></span> <span class='ocrx_word' id='word_1_247' title='bbox 1066 3576 1133 3617; x_wconf 90' lang='lat' dir='ltr'><strong>eo</strong></span> <span class='ocrx_word' id='word_1_248' title='bbox 1160 3560 1384 3615; x_wconf 87' lang='lat' dir='ltr'><strong>assidue</strong></span> <span class='ocrx_word' id='word_1_249' title='bbox 1421 3557 1885 3629; x_wconf 81' lang='lat' dir='ltr'><strong>proﬁcisceretur.</strong></span> <span class='ocrx_word' id='word_1_250' title='bbox 1918 3555 2096 3612; x_wconf 67' lang='lat' dir='ltr'><strong>Caete-</strong></span> 
     </span>
    </p>
   </div>
   <div class='ocr_carea' id='block_1_40' title="bbox 522 3648 2097 3713">
    <p class='ocr_par' dir='ltr' id='par_1_40' title="bbox 522 3648 2097 3713">
     <span class='ocr_line' id='line_1_40' title="bbox 522 3648 2097 3713; baseline -0.005 0"><span class='ocrx_word' id='word_1_251' title='bbox 522 3674 645 3713; x_wconf 91' lang='lat' dir='ltr'><strong>rum</strong></span> <span class='ocrx_word' id='word_1_252' title='bbox 674 3656 984 3711; x_wconf 87' lang='lat' dir='ltr'><strong>admirabili</strong></span> <span class='ocrx_word' id='word_1_253' title='bbox 1010 3654 1291 3709; x_wconf 83' lang='lat' dir='ltr'><strong>Clemente</strong></span> <span class='ocrx_word' id='word_1_254' title='bbox 1322 3651 1541 3708; x_wconf 91' lang='lat' dir='ltr'><strong>solitam</strong></span> <span class='ocrx_word' id='word_1_255' title='bbox 1572 3648 1863 3704; x_wconf 74' lang='lat' dir='ltr'><strong>confestim</strong></span> <span class='ocrx_word' id='word_1_256' title='bbox 1909 3664 2097 3705; x_wconf 85' lang='lat' dir='ltr'><strong>sacro-</strong></span> 
     </span>
    </p>
   </div>
   <div class='ocr_carea' id='block_1_41' title="bbox 516 3740 2107 3822">
    <p class='ocr_par' dir='ltr' id='par_1_41' title="bbox 516 3740 2107 3822">
     <span class='ocr_line' id='line_1_41' title="bbox 516 3740 2107 3822; baseline -0.009 -16"><span class='ocrx_word' id='word_1_257' title='bbox 516 3767 640 3807; x_wconf 90' lang='lat' dir='ltr'><strong>rum</strong></span> <span class='ocrx_word' id='word_1_258' title='bbox 679 3751 1008 3822; x_wconf 82' lang='lat' dir='ltr'><strong>hymnorum</strong></span> <span class='ocrx_word' id='word_1_259' title='bbox 1034 3746 1338 3801; x_wconf 90' lang='lat' dir='ltr'><strong>orationem</strong></span> <span class='ocrx_word' id='word_1_260' title='bbox 1386 3742 1637 3814; x_wconf 80' lang='lat' dir='ltr'><strong>praefato,</strong></span> <span class='ocrx_word' id='word_1_261' title='bbox 1684 3740 1962 3797; x_wconf 84' lang='lat' dir='ltr'><strong>Sisinnius</strong></span> <span class='ocrx_word' id='word_1_262' title='bbox 1990 3755 2107 3794; x_wconf 58' lang='grc' dir='ltr'>οπο.</span> 
     </span>
    </p>
   </div>
   <div class='ocr_carea' id='block_1_42' title="bbox 516 3828 2095 3897">
    <p class='ocr_par' dir='ltr' id='par_1_42' title="bbox 516 3828 2095 3897">
     <span class='ocr_line' id='line_1_42' title="bbox 516 3828 2095 3897; baseline -0.008 -1"><span class='ocrx_word' id='word_1_263' title='bbox 516 3857 617 3897; x_wconf 86' lang='lat' dir='ltr'><strong>cus</strong></span> <span class='ocrx_word' id='word_1_264' title='bbox 648 3856 711 3896; x_wconf 88' lang='lat' dir='ltr'><strong>ac</strong></span> <span class='ocrx_word' id='word_1_265' title='bbox 754 3839 958 3894; x_wconf 89' lang='lat' dir='ltr'><strong>surdus</strong></span> <span class='ocrx_word' id='word_1_266' title='bbox 1000 3836 1147 3890; x_wconf 89' lang='lat' dir='ltr'><strong>illico</strong></span> <span class='ocrx_word' id='word_1_267' title='bbox 1185 3834 1410 3889; x_wconf 71' lang='lat' dir='ltr'><strong>effectus</strong></span> <span class='ocrx_word' id='word_1_268' title='bbox 1439 3843 1545 3896; x_wconf 84' lang='lat' dir='ltr'><strong>est,</strong></span> <span class='ocrx_word' id='word_1_269' title='bbox 1574 3830 1647 3884; x_wconf 85' lang='lat' dir='ltr'><strong>ita</strong></span> <span class='ocrx_word' id='word_1_270' title='bbox 1679 3840 1738 3884; x_wconf 93' lang='lat' dir='ltr'><strong>ut</strong></span> <span class='ocrx_word' id='word_1_271' title='bbox 1769 3845 1867 3884; x_wconf 91' lang='lat' dir='ltr'><strong>nec</strong></span> <span class='ocrx_word' id='word_1_272' title='bbox 1905 3828 2095 3883; x_wconf 84' lang='lat' dir='ltr'><strong>audire</strong></span> 
     </span>
    </p>
   </div>
   <div class='ocr_carea' id='block_1_43' title="bbox 517 3920 2091 4002">
    <p class='ocr_par' dir='ltr' id='par_1_43' title="bbox 517 3920 2091 4002">
     <span class='ocr_line' id='line_1_43' title="bbox 517 3920 2091 4002; baseline -0.012 -11"><span class='ocrx_word' id='word_1_273' title='bbox 517 3952 620 3991; x_wconf 88' lang='lat' dir='ltr'><strong>nec</strong></span> <span class='ocrx_word' id='word_1_274' title='bbox 651 3933 832 3988; x_wconf 83' lang='lat' dir='ltr'><strong>videre</strong></span> <span class='ocrx_word' id='word_1_275' title='bbox 855 3938 1059 4002; x_wconf 83' lang='lat' dir='ltr'><strong>posset.</strong></span> <span class='ocrx_word' id='word_1_276' title='bbox 1084 3927 1506 3996; x_wconf 79' lang='lat' dir='ltr'><strong>Cunversusque</strong></span> <span class='ocrx_word' id='word_1_277' title='bbox 1537 3923 1604 3979; x_wconf 82' lang='lat' dir='ltr'><strong>ad</strong></span> <span class='ocrx_word' id='word_1_278' title='bbox 1641 3921 1880 3978; x_wconf 78' lang='lat' dir='ltr'><strong>faniulos</strong></span> <span class='ocrx_word' id='word_1_279' title='bbox 1908 3939 1921 3975; x_wconf 91' lang='lat'>:</span> <span class='ocrx_word' id='word_1_280' title='bbox 1954 3920 2091 3975; x_wconf 87' lang='lat' dir='ltr'><strong>Pre-</strong></span> 
     </span>
    </p>
   </div>
   <div class='ocr_carea' id='block_1_44' title="bbox 516 4014 2086 4094">
    <p class='ocr_par' dir='ltr' id='par_1_44' title="bbox 516 4014 2086 4094">
     <span class='ocr_line' id='line_1_44' title="bbox 516 4014 2086 4094; baseline -0.013 -10"><span class='ocrx_word' id='word_1_281' title='bbox 516 4028 740 4084; x_wconf 86' lang='lat' dir='ltr'><strong>heudite</strong></span> <span class='ocrx_word' id='word_1_282' title='bbox 772 4042 880 4090; x_wconf 91' lang='lat' dir='ltr'><strong>mc,</strong></span> <span class='ocrx_word' id='word_1_283' title='bbox 908 4023 1106 4094; x_wconf 80' lang='lat' dir='ltr'><strong>inquit,</strong></span> <span class='ocrx_word' id='word_1_284' title='bbox 1135 4031 1190 4077; x_wconf 90' lang='lat' dir='ltr'><strong>et</strong></span> <span class='ocrx_word' id='word_1_285' title='bbox 1221 4020 1286 4075; x_wconf 93' lang='lat' dir='ltr'><strong>ad</strong></span> <span class='ocrx_word' id='word_1_286' title='bbox 1315 4021 1541 4075; x_wconf 88' lang='lat' dir='ltr'><strong>domum</strong></span> <span class='ocrx_word' id='word_1_287' title='bbox 1592 4032 1755 4071; x_wconf 88' lang='lat' dir='ltr'><strong>manu</strong></span> <span class='ocrx_word' id='word_1_288' title='bbox 1789 4014 2041 4070; x_wconf 79' lang='lat' dir='ltr'><strong>deducite</strong></span> <span class='ocrx_word' id='word_1_289' title='bbox 2073 4027 2086 4064; x_wconf 90' lang='lat'><strong>:</strong></span> 
     </span>
    </p>
   </div>
   <div class='ocr_carea' id='block_1_45' title="bbox 514 4104 2087 4188">
    <p class='ocr_par' dir='ltr' id='par_1_45' title="bbox 514 4104 2087 4188">
     <span class='ocr_line' id='line_1_45' title="bbox 514 4104 2087 4188; baseline -0.007 -17"><span class='ocrx_word' id='word_1_290' title='bbox 514 4116 859 4188; x_wconf 84' lang='lat' dir='ltr'><strong>repentinum</strong></span> <span class='ocrx_word' id='word_1_291' title='bbox 893 4114 1094 4183; x_wconf 81' lang='lat' dir='ltr'><strong>quippe</strong></span> <span class='ocrx_word' id='word_1_292' title='bbox 1126 4111 1333 4165; x_wconf 91' lang='lat' dir='ltr'><strong>malum</strong></span> <span class='ocrx_word' id='word_1_293' title='bbox 1371 4106 1593 4179; x_wconf 90' lang='lat' dir='ltr'><strong>aliquod</strong></span> <span class='ocrx_word' id='word_1_294' title='bbox 1626 4107 1680 4161; x_wconf 91' lang='lat' dir='ltr'><strong>in</strong></span> <span class='ocrx_word' id='word_1_295' title='bbox 1713 4120 1800 4160; x_wconf 91' lang='lat' dir='ltr'><strong>me</strong></span> <span class='ocrx_word' id='word_1_296' title='bbox 1832 4104 2049 4160; x_wconf 77' lang='lat' dir='ltr'><strong>irruens</strong></span> <span class='ocrx_word' id='word_1_297' title='bbox 2072 4146 2087 4169; x_wconf 93' lang='lat'><strong>,</strong></span> 
     </span>
    </p>
   </div>
   <div class='ocr_carea' id='block_1_46' title="bbox 513 4199 1683 4278">
    <p class='ocr_par' dir='ltr' id='par_1_46' title="bbox 513 4199 1683 4278">
     <span class='ocr_line' id='line_1_46' title="bbox 513 4199 1683 4278; baseline -0.009 -15"><span class='ocrx_word' id='word_1_298' title='bbox 513 4224 692 4278; x_wconf 82' lang='lat' dir='ltr'><strong>nequc</strong></span> <span class='ocrx_word' id='word_1_299' title='bbox 718 4207 908 4263; x_wconf 89' lang='lat' dir='ltr'><strong>audire</strong></span> <span class='ocrx_word' id='word_1_300' title='bbox 937 4218 1116 4274; x_wconf 85' lang='lat' dir='ltr'><strong>neque</strong></span> <span class='ocrx_word' id='word_1_301' title='bbox 1145 4217 1371 4258; x_wconf 85' lang='lat' dir='ltr'><strong>cernere</strong></span> <span class='ocrx_word' id='word_1_302' title='bbox 1398 4199 1683 4271; x_wconf 88' lang='lat' dir='ltr'><strong>permittit.</strong></span> 
     </span>
    </p>
   </div>
   <div class='ocr_carea' id='block_1_47' title="bbox 582 4284 2088 4365">
    <p class='ocr_par' dir='ltr' id='par_1_47' title="bbox 582 4284 2088 4365">
     <span class='ocr_line' id='line_1_47' title="bbox 582 4284 2088 4365; baseline -0.009 -13"><span class='ocrx_word' id='word_1_303' title='bbox 582 4295 762 4353; x_wconf 79' lang='lat' dir='ltr'><strong>CLIV.</strong></span> <span class='ocrx_word' id='word_1_304' title='bbox 802 4295 991 4365; x_wconf 91' lang='lat' dir='ltr'><strong>Itaque</strong></span> <span class='ocrx_word' id='word_1_305' title='bbox 1017 4293 1269 4363; x_wconf 88' lang='lat' dir='ltr'><strong>protinus</strong></span> <span class='ocrx_word' id='word_1_306' title='bbox 1321 4306 1544 4346; x_wconf 88' lang='lat' dir='ltr'><strong>manum</strong></span> <span class='ocrx_word' id='word_1_307' title='bbox 1586 4290 1636 4345; x_wconf 88' lang='lat' dir='ltr'><strong>ei</strong></span> <span class='ocrx_word' id='word_1_308' title='bbox 1678 4287 1965 4359; x_wconf 82' lang='lat' dir='ltr'><strong>porrigunt</strong></span> <span class='ocrx_word' id='word_1_309' title='bbox 2007 4284 2088 4340; x_wconf 69' lang='grc' dir='ltr'>ία-</span> 
     </span>
    </p>
   </div>
   <div class='ocr_carea' id='block_1_48' title="bbox 513 4380 2085 4455">
    <p class='ocr_par' dir='ltr' id='par_1_48' title="bbox 513 4380 2085 4455">
     <span class='ocr_line' id='line_1_48' title="bbox 513 4380 2085 4455; baseline -0.008 -10"><span class='ocrx_word' id='word_1_310' title='bbox 513 4390 670 4455; x_wconf 88' lang='lat' dir='ltr'><strong>muli,</strong></span> <span class='ocrx_word' id='word_1_311' title='bbox 701 4398 756 4444; x_wconf 91' lang='lat' dir='ltr'><strong>et</strong></span> <span class='ocrx_word' id='word_1_312' title='bbox 802 4389 1083 4443; x_wconf 83' lang='lat' dir='ltr'><strong>abducunt</strong></span> <span class='ocrx_word' id='word_1_313' title='bbox 1127 4385 1195 4439; x_wconf 89' lang='lat' dir='ltr'><strong>ad</strong></span> <span class='ocrx_word' id='word_1_314' title='bbox 1242 4384 1491 4439; x_wconf 87' lang='lat' dir='ltr'><strong>domum.</strong></span> <span class='ocrx_word' id='word_1_315' title='bbox 1523 4380 1690 4437; x_wconf 80' lang='lat' dir='ltr'><strong>Exire</strong></span> <span class='ocrx_word' id='word_1_316' title='bbox 1747 4390 1932 4436; x_wconf 89' lang='lat' dir='ltr'><strong>autem</strong></span> <span class='ocrx_word' id='word_1_317' title='bbox 1976 4394 2085 4433; x_wconf 92' lang='lat' dir='ltr'><strong>non</strong></span> 
     </span>
    </p>
   </div>
   <div class='ocr_carea' id='block_1_49' title="bbox 2215 508 3785 585">
    <p class='ocr_par' dir='ltr' id='par_1_49' title="bbox 2215 508 3785 585">
     <span class='ocr_line' id='line_1_49' title="bbox 2215 508 3785 585; baseline -0.001 -18"><span class='ocrx_word' id='word_1_318' title='bbox 2215 529 2401 585; x_wconf 77' lang='grc' dir='ltr'>ρυτμα</span> <span class='ocrx_word' id='word_1_319' title='bbox 2427 513 2522 566; x_wconf 78' lang='grc' dir='ltr'>καὶ</span> <span class='ocrx_word' id='word_1_320' title='bbox 2544 512 2646 583; x_wconf 83' lang='grc' dir='ltr'>τὴν</span> <span class='ocrx_word' id='word_1_321' title='bbox 2668 509 3019 564; x_wconf 76' lang='grc' dir='ltr'>διδασκαλίαν</span> <span class='ocrx_word' id='word_1_322' title='bbox 3052 508 3190 580; x_wconf 84' lang='grc' dir='ltr'>πρὸς</span> <span class='ocrx_word' id='word_1_323' title='bbox 3222 509 3384 563; x_wconf 85' lang='grc' dir='ltr'>αὑτὸν</span> <span class='ocrx_word' id='word_1_324' title='bbox 3407 509 3668 575; x_wconf 79' lang='grc' dir='ltr'>συνιοῦσι,</span> <span class='ocrx_word' id='word_1_325' title='bbox 3694 512 3785 565; x_wconf 74' lang='grc' dir='ltr'>καὶ</span> 
     </span>
    </p>
   </div>
   <div class='ocr_carea' id='block_1_50' title="bbox 2215 600 3785 677">
    <p class='ocr_par' dir='ltr' id='par_1_50' title="bbox 2215 600 3785 677">
     <span class='ocr_line' id='line_1_50' title="bbox 2215 600 3785 677; baseline -0.002 -19"><span class='ocrx_word' id='word_1_326' title='bbox 2215 605 2450 677; x_wconf 82' lang='grc' dir='ltr'>μάλιστα</span> <span class='ocrx_word' id='word_1_327' title='bbox 2474 603 2634 666; x_wconf 80' lang='grc' dir='ltr'>ὅσους</span> <span class='ocrx_word' id='word_1_328' title='bbox 2656 603 2946 675; x_wconf 79' lang='grc' dir='ltr'>περιττοὺς</span> <span class='ocrx_word' id='word_1_329' title='bbox 2971 603 3089 674; x_wconf 71' lang='grc' dir='ltr'>ᾔδει</span> <span class='ocrx_word' id='word_1_330' title='bbox 3114 602 3193 673; x_wconf 81' lang='grc' dir='ltr'>τῷ</span> <span class='ocrx_word' id='word_1_331' title='bbox 3220 600 3438 672; x_wconf 87' lang='grc' dir='ltr'>πλούτῳ</span> <span class='ocrx_word' id='word_1_332' title='bbox 3456 601 3711 673; x_wconf 75' lang='grc' dir='ltr'>καὶπρὸς</span> <span class='ocrx_word' id='word_1_333' title='bbox 3729 602 3785 655; x_wconf 73' lang='grc' dir='ltr'>τὸ</span> 
     </span>
    </p>
   </div>
   <div class='ocr_carea' id='block_1_51' title="bbox 2210 692 3785 765">
    <p class='ocr_par' dir='ltr' id='par_1_51' title="bbox 2210 692 3785 765">
     <span class='ocr_line' id='line_1_51' title="bbox 2210 692 3785 765; baseline -0.002 -17"><span class='ocrx_word' id='word_1_334' title='bbox 2210 694 2410 749; x_wconf 82' lang='grc' dir='ltr'>διδόναι</span> <span class='ocrx_word' id='word_1_335' title='bbox 2453 693 2697 758; x_wconf 79' lang='grc' dir='ltr'>δυνατῶς</span> <span class='ocrx_word' id='word_1_336' title='bbox 2740 693 2982 765; x_wconf 79' lang='grc' dir='ltr'>ἔχοντας,</span> <span class='ocrx_word' id='word_1_337' title='bbox 3013 693 3088 765; x_wconf 85' lang='grc' dir='ltr'>μὴ</span> <span class='ocrx_word' id='word_1_338' title='bbox 3130 694 3259 757; x_wconf 74' lang='grc' dir='ltr'>τοὺς</span> <span class='ocrx_word' id='word_1_339' title='bbox 3295 692 3442 759; x_wconf 68' lang='lat' dir='ltr'><strong>ama</strong></span> <span class='ocrx_word' id='word_1_340' title='bbox 3483 693 3562 764; x_wconf 83' lang='grc' dir='ltr'>τῷ</span> <span class='ocrx_word' id='word_1_341' title='bbox 3597 693 3785 764; x_wconf 83' lang='grc' dir='ltr'>βαπτί-</span> 
     </span>
    </p>
   </div>
   <div class='ocr_carea' id='block_1_52' title="bbox 2207 784 3786 859">
    <p class='ocr_par' dir='ltr' id='par_1_52' title="bbox 2207 784 3786 859">
     <span class='ocr_line' id='line_1_52' title="bbox 2207 784 3786 859; baseline 0 -20"><span class='ocrx_word' id='word_1_342' title='bbox 2207 804 2383 859; x_wconf 86' lang='grc' dir='ltr'>σματι</span> <span class='ocrx_word' id='word_1_343' title='bbox 2407 786 2487 859; x_wconf 81' lang='grc' dir='ltr'><strong>τῷ</strong></span> <span class='ocrx_word' id='word_1_344' title='bbox 2509 786 2649 858; x_wconf 85' lang='grc' dir='ltr'>ἀγίῳ</span> <span class='ocrx_word' id='word_1_345' title='bbox 2679 784 3072 857; x_wconf 82' lang='grc' dir='ltr'>καθαρθέντας,</span> <span class='ocrx_word' id='word_1_346' title='bbox 3101 787 3362 858; x_wconf 82' lang='grc' dir='ltr'>περιορᾷν</span> <span class='ocrx_word' id='word_1_347' title='bbox 3386 786 3624 858; x_wconf 75' lang='grc' dir='ltr'><strong>δημοσίᾳ</strong></span> <span class='ocrx_word' id='word_1_348' title='bbox 3645 788 3786 858; x_wconf 86' lang='grc' dir='ltr'><strong>παρά</strong></span> 
     </span>
    </p>
   </div>
   <div class='ocr_carea' id='block_1_53' title="bbox 2211 877 3787 952">
    <p class='ocr_par' dir='ltr' id='par_1_53' title="bbox 2211 877 3787 952">
     <span class='ocr_line' id='line_1_53' title="bbox 2211 877 3787 952; baseline -0.001 -19"><span class='ocrx_word' id='word_1_349' title='bbox 2211 879 2321 934; x_wconf 81' lang='grc' dir='ltr'>τῶν</span> <span class='ocrx_word' id='word_1_350' title='bbox 2382 879 2648 934; x_wconf 80' lang='grc' dir='ltr'><strong>Ἰουδαίων</strong></span> <span class='ocrx_word' id='word_1_351' title='bbox 2696 880 3063 952; x_wconf 75' lang='grc' dir='ltr'><strong>τρεφομένους</strong></span> <span class='ocrx_word' id='word_1_352' title='bbox 3105 880 3174 932; x_wconf 84' lang='grc' dir='ltr'><strong>δι’</strong></span> <span class='ocrx_word' id='word_1_353' title='bbox 3224 878 3491 949; x_wconf 81' lang='grc' dir='ltr'>ἀπορίαν,</span> <span class='ocrx_word' id='word_1_354' title='bbox 3548 879 3645 931; x_wconf 79' lang='grc' dir='ltr'>καὶ</span> <span class='ocrx_word' id='word_1_355' title='bbox 3696 877 3787 950; x_wconf 74' lang='grc' dir='ltr'>τὴν</span> 
     </span>
    </p>
   </div>
   <div class='ocr_carea' id='block_1_54' title="bbox 2212 970 3788 1046">
    <p class='ocr_par' dir='ltr' id='par_1_54' title="bbox 2212 970 3788 1046">
     <span class='ocr_line' id='line_1_54' title="bbox 2212 970 3788 1046; baseline -0.003 -18"><span class='ocrx_word' id='word_1_356' title='bbox 2212 973 2469 1046; x_wconf 71' lang='grc' dir='ltr'>λαμπρὰν</span> <span class='ocrx_word' id='word_1_357' title='bbox 2504 974 2694 1045; x_wconf 77' lang='grc' dir='ltr'>στολὴν</span> <span class='ocrx_word' id='word_1_358' title='bbox 2744 972 2838 1027; x_wconf 85' lang='grc' dir='ltr'><strong>τοῦ</strong></span> <span class='ocrx_word' id='word_1_359' title='bbox 2863 972 3217 1045; x_wconf 78' lang='grc' dir='ltr'><strong>χαρίσματος,</strong></span> <span class='ocrx_word' id='word_1_360' title='bbox 3275 971 3366 1025; x_wconf 88' lang='grc' dir='ltr'><strong>διά</strong></span> <span class='ocrx_word' id='word_1_361' title='bbox 3412 971 3514 1041; x_wconf 83' lang='grc' dir='ltr'>τῆς</span> <span class='ocrx_word' id='word_1_362' title='bbox 3566 970 3788 1039; x_wconf 89' lang='grc' dir='ltr'>ἐναγοῦς</span> 
     </span>
    </p>
   </div>
   <div class='ocr_carea' id='block_1_55' title="bbox 2212 1058 3787 1138">
    <p class='ocr_par' dir='ltr' id='par_1_55' title="bbox 2212 1058 3787 1138">
     <span class='ocr_line' id='line_1_55' title="bbox 2212 1058 3787 1138; baseline -0.003 -18"><span class='ocrx_word' id='word_1_363' title='bbox 2212 1066 2428 1138; x_wconf 85' lang='grc' dir='ltr'>ἐκείνης</span> <span class='ocrx_word' id='word_1_364' title='bbox 2451 1066 2734 1129; x_wconf 85' lang='grc' dir='ltr'>κοινωνίας</span> <span class='ocrx_word' id='word_1_365' title='bbox 2770 1065 3110 1137; x_wconf 81' lang='grc' dir='ltr'>μολύνοντας.</span> <span class='ocrx_word' id='word_1_366' title='bbox 3162 1058 3372 1135; x_wconf 80' lang='grc' dir='ltr'>Ἀφ’ὧν</span> <span class='ocrx_word' id='word_1_367' title='bbox 3404 1064 3547 1118; x_wconf 77' lang='grc' dir='ltr'>οὕτω</span> <span class='ocrx_word' id='word_1_368' title='bbox 3587 1063 3787 1137; x_wconf 84' lang='grc' dir='ltr'>προθύ-</span> 
     </span>
    </p>
   </div>
   <div class='ocr_carea' id='block_1_56' title="bbox 2214 1156 3788 1230">
    <p class='ocr_par' dir='ltr' id='par_1_56' title="bbox 2214 1156 3788 1230">
     <span class='ocr_line' id='line_1_56' title="bbox 2214 1156 3788 1230; baseline -0.001 -19"><span class='ocrx_word' id='word_1_369' title='bbox 2214 1175 2331 1230; x_wconf 84' lang='grc' dir='ltr'><strong>μως</strong></span> <span class='ocrx_word' id='word_1_370' title='bbox 2355 1158 2551 1221; x_wconf 74' lang='grc' dir='ltr'>αὐτοὺς</span> <span class='ocrx_word' id='word_1_371' title='bbox 2579 1157 2752 1211; x_wconf 82' lang='grc' dir='ltr'>ἐποίει</span> <span class='ocrx_word' id='word_1_372' title='bbox 2796 1159 2910 1222; x_wconf 83' lang='grc' dir='ltr'>τοῖς</span> <span class='ocrx_word' id='word_1_373' title='bbox 2946 1156 3394 1229; x_wconf 78' lang='grc' dir='ltr'>βασανιζομένοις</span> <span class='ocrx_word' id='word_1_374' title='bbox 3427 1156 3498 1211; x_wconf 78' lang='grc' dir='ltr'><strong>τὰ</strong></span> <span class='ocrx_word' id='word_1_375' title='bbox 3524 1157 3665 1228; x_wconf 83' lang='grc' dir='ltr'>πρὸς</span> <span class='ocrx_word' id='word_1_376' title='bbox 3694 1157 3788 1227; x_wconf 73' lang='grc' dir='ltr'>τὴν</span> 
     </span>
    </p>
   </div>
   <div class='ocr_carea' id='block_1_57' title="bbox 2211 1248 3786 1323">
    <p class='ocr_par' dir='ltr' id='par_1_57' title="bbox 2211 1248 3786 1323">
     <span class='ocr_line' id='line_1_57' title="bbox 2211 1248 3786 1323; baseline -0.001 -19"><span class='ocrx_word' id='word_1_377' title='bbox 2211 1251 2399 1322; x_wconf 84' lang='grc' dir='ltr'>χρείαν</span> <span class='ocrx_word' id='word_1_378' title='bbox 2425 1248 2754 1314; x_wconf 84' lang='grc' dir='ltr'>ἀποδιδόναι,</span> <span class='ocrx_word' id='word_1_379' title='bbox 2773 1251 2850 1314; x_wconf 85' lang='grc' dir='ltr'>ὡς</span> <span class='ocrx_word' id='word_1_380' title='bbox 2871 1249 3032 1303; x_wconf 89' lang='grc' dir='ltr'>τοῦτό</span> <span class='ocrx_word' id='word_1_381' title='bbox 3044 1268 3107 1320; x_wconf 87' lang='grc' dir='ltr'><strong>γε</strong></span> <span class='ocrx_word' id='word_1_382' title='bbox 3128 1251 3289 1322; x_wconf 86' lang='grc' dir='ltr'>μόνον</span> <span class='ocrx_word' id='word_1_383' title='bbox 3315 1248 3505 1323; x_wconf 81' lang='grc' dir='ltr'>κέρδος</span> <span class='ocrx_word' id='word_1_384' title='bbox 3528 1248 3786 1321; x_wconf 73' lang='grc' dir='ltr'>νομίζειν,</span> 
     </span>
    </p>
   </div>
   <div class='ocr_carea' id='block_1_58' title="bbox 2214 1335 3082 1406">
    <p class='ocr_par' dir='ltr' id='par_1_58' title="bbox 2214 1335 3082 1406">
     <span class='ocr_line' id='line_1_58' title="bbox 2214 1335 3082 1406; baseline 0 -11"><span class='ocrx_word' id='word_1_385' title='bbox 2214 1335 2251 1389; x_wconf 75' lang='grc' dir='ltr'>ὃ</span> <span class='ocrx_word' id='word_1_386' title='bbox 2295 1341 2362 1395; x_wconf 83' lang='grc' dir='ltr'>ἂν</span> <span class='ocrx_word' id='word_1_387' title='bbox 2394 1343 2476 1406; x_wconf 89' lang='grc' dir='ltr'><strong>είς</strong></span> <span class='ocrx_word' id='word_1_388' title='bbox 2508 1342 2706 1405; x_wconf 71' lang='grc' dir='ltr'>αὐτοὺς</span> <span class='ocrx_word' id='word_1_389' title='bbox 2728 1340 3082 1395; x_wconf 85' lang='grc' dir='ltr'>ἀναλώσειαν.</span> 
     </span>
    </p>
   </div>
   <div class='ocr_carea' id='block_1_59' title="bbox 2281 1415 3789 1508">
    <p class='ocr_par' dir='ltr' id='par_1_59' title="bbox 2281 1415 3789 1508">
     <span class='ocr_line' id='line_1_59' title="bbox 2281 1415 3789 1508; baseline -0.003 -19"><span class='ocrx_word' id='word_1_390' title='bbox 2281 1432 2436 1489; x_wconf 87' lang='lat' dir='ltr'><strong>CLII.</strong></span> <span class='ocrx_word' id='word_1_391' title='bbox 2464 1434 2619 1488; x_wconf 80' lang='grc' dir='ltr'>Οῦτω</span> <span class='ocrx_word' id='word_1_392' title='bbox 2645 1436 2745 1506; x_wconf 77' lang='grc' dir='ltr'>μὲν</span> <span class='ocrx_word' id='word_1_393' title='bbox 2760 1430 2853 1489; x_wconf 84' lang='grc' dir='ltr'>οὖν</span> <span class='ocrx_word' id='word_1_394' title='bbox 2872 1437 2900 1487; x_wconf 93' lang='grc' dir='ltr'>ὁ</span> <span class='ocrx_word' id='word_1_395' title='bbox 2918 1415 3061 1508; x_wconf 80' lang='grc' dir='ltr'>ἱερὸς</span> <span class='ocrx_word' id='word_1_396' title='bbox 3075 1434 3305 1506; x_wconf 78' lang='grc' dir='ltr'>Κλήμης</span> <span class='ocrx_word' id='word_1_397' title='bbox 3326 1433 3484 1504; x_wconf 80' lang='grc' dir='ltr'>ἔχων,</span> <span class='ocrx_word' id='word_1_398' title='bbox 3510 1433 3606 1487; x_wconf 75' lang='grc' dir='ltr'>καὶ</span> <span class='ocrx_word' id='word_1_399' title='bbox 3618 1432 3789 1497; x_wconf 73' lang='grc' dir='ltr'>οὕτως</span> 
     </span>
    </p>
   </div>
   <div class='ocr_carea' id='block_1_60' title="bbox 2211 1525 3790 1599">
    <p class='ocr_par' dir='ltr' id='par_1_60' title="bbox 2211 1525 3790 1599">
     <span class='ocr_line' id='line_1_60' title="bbox 2211 1525 3790 1599; baseline -0.001 -19"><span class='ocrx_word' id='word_1_400' title='bbox 2211 1527 2268 1581; x_wconf 86' lang='grc' dir='ltr'><strong>ἐν</strong></span> <span class='ocrx_word' id='word_1_401' title='bbox 2292 1530 2413 1591; x_wconf 78' lang='grc' dir='ltr'>ταῖς</span> <span class='ocrx_word' id='word_1_402' title='bbox 2437 1527 2693 1582; x_wconf 82' lang='grc' dir='ltr'>ἀπάντων</span> <span class='ocrx_word' id='word_1_403' title='bbox 2718 1528 2919 1598; x_wconf 77' lang='grc' dir='ltr'>ψυχαῖς</span> <span class='ocrx_word' id='word_1_404' title='bbox 2942 1529 3212 1599; x_wconf 82' lang='grc' dir='ltr'>κείμενος,</span> <span class='ocrx_word' id='word_1_405' title='bbox 3243 1527 3336 1580; x_wconf 71' lang='grc' dir='ltr'><strong>καὶ</strong></span> <span class='ocrx_word' id='word_1_406' title='bbox 3350 1527 3412 1580; x_wconf 84' lang='grc' dir='ltr'>οὐ</span> <span class='ocrx_word' id='word_1_407' title='bbox 3430 1525 3790 1599; x_wconf 80' lang='grc' dir='ltr'>Χριστιανοὺς</span> 
     </span>
    </p>
   </div>
   <div class='ocr_carea' id='block_1_61' title="bbox 2214 1618 3792 1691">
    <p class='ocr_par' dir='ltr' id='par_1_61' title="bbox 2214 1618 3792 1691">
     <span class='ocr_line' id='line_1_61' title="bbox 2214 1618 3792 1691; baseline 0 -19"><span class='ocrx_word' id='word_1_408' title='bbox 2214 1620 2392 1691; x_wconf 85' lang='grc' dir='ltr'>μόνον,</span> <span class='ocrx_word' id='word_1_409' title='bbox 2427 1619 2564 1674; x_wconf 85' lang='grc' dir='ltr'>ἀλλὰ</span> <span class='ocrx_word' id='word_1_410' title='bbox 2585 1619 2680 1675; x_wconf 70' lang='grc' dir='ltr'>καὶ</span> <span class='ocrx_word' id='word_1_411' title='bbox 2704 1622 2903 1686; x_wconf 79' lang='grc' dir='ltr'>αὐτοὺς</span> <span class='ocrx_word' id='word_1_412' title='bbox 2938 1620 3204 1691; x_wconf 86' lang='grc' dir='ltr'>’Έλληνας</span> <span class='ocrx_word' id='word_1_413' title='bbox 3228 1622 3321 1675; x_wconf 71' lang='grc' dir='ltr'>καὶ</span> <span class='ocrx_word' id='word_1_414' title='bbox 3372 1620 3664 1683; x_wconf 84' lang='grc' dir='ltr'>Ἰουδαίους</span> <span class='ocrx_word' id='word_1_415' title='bbox 3695 1618 3792 1690; x_wconf 72' lang='grc' dir='ltr'>τῆς</span> 
     </span>
    </p>
   </div>
   <div class='ocr_carea' id='block_1_62' title="bbox 2210 1712 3791 1786">
    <p class='ocr_par' dir='ltr' id='par_1_62' title="bbox 2210 1712 3791 1786">
     <span class='ocr_line' id='line_1_62' title="bbox 2210 1712 3791 1786; baseline 0 -19"><span class='ocrx_word' id='word_1_416' title='bbox 2210 1714 2416 1779; x_wconf 77' lang='grc' dir='ltr'>οἰκείας</span> <span class='ocrx_word' id='word_1_417' title='bbox 2454 1716 2548 1769; x_wconf 75' lang='grc' dir='ltr'>καὶ</span> <span class='ocrx_word' id='word_1_418' title='bbox 2582 1714 2761 1786; x_wconf 75' lang='grc' dir='ltr'>ψυχῆς</span> <span class='ocrx_word' id='word_1_419' title='bbox 2796 1714 2957 1768; x_wconf 84' lang='grc' dir='ltr'>πάλιν</span> <span class='ocrx_word' id='word_1_420' title='bbox 2989 1715 3197 1778; x_wconf 84' lang='grc' dir='ltr'>ἐκεῖνος</span> <span class='ocrx_word' id='word_1_421' title='bbox 3228 1714 3323 1769; x_wconf 78' lang='grc' dir='ltr'>καὶ</span> <span class='ocrx_word' id='word_1_422' title='bbox 3345 1712 3592 1784; x_wconf 82' lang='grc' dir='ltr'>γλώττης</span> <span class='ocrx_word' id='word_1_423' title='bbox 3617 1713 3791 1784; x_wconf 71' lang='grc' dir='ltr'>ἀνηρα</span> 
     </span>
    </p>
   </div>
   <div class='ocr_carea' id='block_1_63' title="bbox 2207 1800 3794 1880">
    <p class='ocr_par' dir='ltr' id='par_1_63' title="bbox 2207 1800 3794 1880">
     <span class='ocr_line' id='line_1_63' title="bbox 2207 1800 3794 1880; baseline -0.001 -19"><span class='ocrx_word' id='word_1_424' title='bbox 2207 1808 2460 1880; x_wconf 86' lang='grc' dir='ltr'>τημένος,</span> <span class='ocrx_word' id='word_1_425' title='bbox 2487 1806 2566 1879; x_wconf 79' lang='grc' dir='ltr'>τῷ</span> <span class='ocrx_word' id='word_1_426' title='bbox 2592 1806 2840 1878; x_wconf 81' lang='grc' dir='ltr'>Σισιννίῳ</span> <span class='ocrx_word' id='word_1_427' title='bbox 2866 1806 3057 1878; x_wconf 84' lang='grc' dir='ltr'>ἐκείνῳ</span> <span class='ocrx_word' id='word_1_428' title='bbox 3085 1808 3258 1877; x_wconf 83' lang='grc' dir='ltr'>(φίλος</span> <span class='ocrx_word' id='word_1_429' title='bbox 3281 1807 3339 1860; x_wconf 80' lang='grc' dir='ltr'>δὲ</span> <span class='ocrx_word' id='word_1_430' title='bbox 3371 1800 3524 1869; x_wconf 69' lang='grc' dir='ltr'>οὗτος</span> <span class='ocrx_word' id='word_1_431' title='bbox 3566 1805 3649 1877; x_wconf 83' lang='grc' dir='ltr'>τῷ</span> <span class='ocrx_word' id='word_1_432' title='bbox 3702 1806 3794 1877; x_wconf 82' lang='grc' dir='ltr'><strong>βα-</strong></span> 
     </span>
    </p>
   </div>
   <div class='ocr_carea' id='block_1_64' title="bbox 2209 1900 3793 1974">
    <p class='ocr_par' dir='ltr' id='par_1_64' title="bbox 2209 1900 3793 1974">
     <span class='ocr_line' id='line_1_64' title="bbox 2209 1900 3793 1974; baseline 0 -20"><span class='ocrx_word' id='word_1_433' title='bbox 2209 1902 2347 1955; x_wconf 81' lang='grc' dir='ltr'>σιλεῖ</span> <span class='ocrx_word' id='word_1_434' title='bbox 2377 1901 2595 1974; x_wconf 75' lang='grc' dir='ltr'>Νερούα</span> <span class='ocrx_word' id='word_1_435' title='bbox 2630 1902 2726 1955; x_wconf 79' lang='grc' dir='ltr'>καὶ</span> <span class='ocrx_word' id='word_1_436' title='bbox 2755 1901 2867 1957; x_wconf 85' lang='grc' dir='ltr'><strong>τῶν</strong></span> <span class='ocrx_word' id='word_1_437' title='bbox 2899 1900 3242 1973; x_wconf 83' lang='grc' dir='ltr'>ἐπιτηδείων)</span> <span class='ocrx_word' id='word_1_438' title='bbox 3278 1902 3519 1972; x_wconf 78' lang='grc' dir='ltr'>ἐμισεῖτο</span> <span class='ocrx_word' id='word_1_439' title='bbox 3560 1902 3659 1954; x_wconf 81' lang='grc' dir='ltr'>καὶ</span> <span class='ocrx_word' id='word_1_440' title='bbox 3686 1901 3793 1954; x_wconf 86' lang='grc' dir='ltr'>διε-</span> 
     </span>
    </p>
   </div>
   <div class='ocr_carea' id='block_1_65' title="bbox 2207 1992 3796 2066">
    <p class='ocr_par' dir='ltr' id='par_1_65' title="bbox 2207 1992 3796 2066">
     <span class='ocr_line' id='line_1_65' title="bbox 2207 1992 3796 2066; baseline -0.001 -19"><span class='ocrx_word' id='word_1_441' title='bbox 2207 1993 2451 2058; x_wconf 79' lang='grc' dir='ltr'>ϐάλλετο,</span> <span class='ocrx_word' id='word_1_442' title='bbox 2503 1994 2691 2066; x_wconf 79' lang='grc' dir='ltr'>ἐπειδὴ</span> <span class='ocrx_word' id='word_1_443' title='bbox 2735 1994 2835 2066; x_wconf 80' lang='grc' dir='ltr'>τὴν</span> <span class='ocrx_word' id='word_1_444' title='bbox 2883 1992 3113 2063; x_wconf 78' lang='grc' dir='ltr'>σύζυγον</span> <span class='ocrx_word' id='word_1_445' title='bbox 3149 1992 3430 2066; x_wconf 84' lang='grc' dir='ltr'>Θεοδώραν</span> <span class='ocrx_word' id='word_1_446' title='bbox 3462 1994 3491 2046; x_wconf 82' lang='grc' dir='ltr'><em>ὁ</em></span> <span class='ocrx_word' id='word_1_447' title='bbox 3531 1992 3796 2056; x_wconf 88' lang='grc' dir='ltr'>Σισίννιος</span> 
     </span>
    </p>
   </div>
   <div class='ocr_carea' id='block_1_66' title="bbox 2207 2084 3797 2161">
    <p class='ocr_par' dir='ltr' id='par_1_66' title="bbox 2207 2084 3797 2161">
     <span class='ocr_line' id='line_1_66' title="bbox 2207 2084 3797 2161; baseline -0.001 -22"><span class='ocrx_word' id='word_1_448' title='bbox 2207 2086 2547 2161; x_wconf 75' lang='grc' dir='ltr'>ὐπῃσθάνετο</span> <span class='ocrx_word' id='word_1_449' title='bbox 2566 2085 2728 2158; x_wconf 75' lang='grc' dir='ltr'>ἔρωτι</span> <span class='ocrx_word' id='word_1_450' title='bbox 2758 2085 2859 2156; x_wconf 85' lang='grc' dir='ltr'>τῆς</span> <span class='ocrx_word' id='word_1_451' title='bbox 2881 2085 3090 2139; x_wconf 80' lang='grc' dir='ltr'>ἐκείνου</span> <span class='ocrx_word' id='word_1_452' title='bbox 3118 2084 3468 2150; x_wconf 77' lang='grc' dir='ltr'>διδασκαλίας</span> <span class='ocrx_word' id='word_1_453' title='bbox 3500 2085 3797 2157; x_wconf 71' lang='grc' dir='ltr'>ἁλισκομέ-</span> 
     </span>
    </p>
   </div>
   <div class='ocr_carea' id='block_1_67' title="bbox 2205 2177 3794 2250">
    <p class='ocr_par' dir='ltr' id='par_1_67' title="bbox 2205 2177 3794 2250">
     <span class='ocr_line' id='line_1_67' title="bbox 2205 2177 3794 2250; baseline -0.001 -17"><span class='ocrx_word' id='word_1_454' title='bbox 2205 2187 2305 2249; x_wconf 83' lang='grc' dir='ltr'><strong>νην</strong></span> <span class='ocrx_word' id='word_1_455' title='bbox 2321 2196 2335 2209; x_wconf 73' lang='grc' dir='ltr'><strong>ο</strong></span> <span class='ocrx_word' id='word_1_456' title='bbox 2363 2179 2457 2233; x_wconf 74' lang='grc' dir='ltr'>καὶ</span> <span class='ocrx_word' id='word_1_457' title='bbox 2471 2178 2620 2233; x_wconf 75' lang='grc' dir='ltr'>οἴκου</span> <span class='ocrx_word' id='word_1_458' title='bbox 2647 2178 2745 2250; x_wconf 82' lang='grc' dir='ltr'>μὲν</span> <span class='ocrx_word' id='word_1_459' title='bbox 2766 2179 2860 2232; x_wconf 77' lang='grc' dir='ltr'>καὶ</span> <span class='ocrx_word' id='word_1_460' title='bbox 2886 2178 3091 2231; x_wconf 84' lang='grc' dir='ltr'>παίδων</span> <span class='ocrx_word' id='word_1_461' title='bbox 3118 2179 3211 2231; x_wconf 76' lang='grc' dir='ltr'>καὶ</span> <span class='ocrx_word' id='word_1_462' title='bbox 3236 2178 3429 2250; x_wconf 81' lang='grc' dir='ltr'>ἀνδρὸς</span> <span class='ocrx_word' id='word_1_463' title='bbox 3455 2177 3794 2250; x_wconf 78' lang='grc' dir='ltr'>ἀμελοῦσαν,</span> 
     </span>
    </p>
   </div>
   <div class='ocr_carea' id='block_1_68' title="bbox 2204 2270 3793 2342">
    <p class='ocr_par' dir='ltr' id='par_1_68' title="bbox 2204 2270 3793 2342">
     <span class='ocr_line' id='line_1_68' title="bbox 2204 2270 3793 2342; baseline 0.001 -19"><span class='ocrx_word' id='word_1_464' title='bbox 2204 2271 2333 2341; x_wconf 86' lang='grc' dir='ltr'>ὅλην</span> <span class='ocrx_word' id='word_1_465' title='bbox 2353 2270 2410 2323; x_wconf 83' lang='grc' dir='ltr'>δὲ</span> <span class='ocrx_word' id='word_1_466' title='bbox 2441 2270 2519 2342; x_wconf 83' lang='grc' dir='ltr'>τῷ</span> <span class='ocrx_word' id='word_1_467' title='bbox 2542 2270 2819 2341; x_wconf 83' lang='grc' dir='ltr'>Κλήμεντι</span> <span class='ocrx_word' id='word_1_468' title='bbox 2854 2270 3274 2342; x_wconf 78' lang='grc' dir='ltr'>προσκειμένην,</span> <span class='ocrx_word' id='word_1_469' title='bbox 3313 2272 3406 2322; x_wconf 73' lang='grc' dir='ltr'>καὶ</span> <span class='ocrx_word' id='word_1_470' title='bbox 3444 2270 3593 2342; x_wconf 81' lang='grc' dir='ltr'>αύτῷ</span> <span class='ocrx_word' id='word_1_471' title='bbox 3636 2288 3793 2324; x_wconf 81' lang='grc' dir='ltr'>συνε-</span> 
     </span>
    </p>
   </div>
   <div class='ocr_carea' id='block_1_69' title="bbox 2205 2362 3797 2435">
    <p class='ocr_par' dir='ltr' id='par_1_69' title="bbox 2205 2362 3797 2435">
     <span class='ocr_line' id='line_1_69' title="bbox 2205 2362 3797 2435; baseline 0 -19"><span class='ocrx_word' id='word_1_472' title='bbox 2205 2363 2314 2435; x_wconf 81' lang='grc' dir='ltr'>χῶς</span> <span class='ocrx_word' id='word_1_473' title='bbox 2358 2362 2653 2433; x_wconf 82' lang='grc' dir='ltr'>φοιτῶσαν,</span> <span class='ocrx_word' id='word_1_474' title='bbox 2700 2365 2795 2417; x_wconf 83' lang='grc' dir='ltr'>καὶ</span> <span class='ocrx_word' id='word_1_475' title='bbox 2837 2362 3028 2417; x_wconf 90' lang='grc' dir='ltr'>τοῦτον</span> <span class='ocrx_word' id='word_1_476' title='bbox 3064 2364 3108 2397; x_wconf 84' lang='grc'>³³</span> <span class='ocrx_word' id='word_1_477' title='bbox 3140 2364 3303 2418; x_wconf 82' lang='grc' dir='ltr'>πάλιν</span> <span class='ocrx_word' id='word_1_478' title='bbox 3328 2365 3423 2417; x_wconf 71' lang='grc' dir='ltr'>ἐπὶ</span> <span class='ocrx_word' id='word_1_479' title='bbox 3461 2364 3561 2434; x_wconf 82' lang='grc' dir='ltr'>τῆς</span> <span class='ocrx_word' id='word_1_480' title='bbox 3582 2364 3797 2429; x_wconf 84' lang='grc' dir='ltr'>οίκείας</span> 
     </span>
    </p>
   </div>
   <div class='ocr_carea' id='block_1_70' title="bbox 2203 2454 3797 2529">
    <p class='ocr_par' dir='ltr' id='par_1_70' title="bbox 2203 2454 3797 2529">
     <span class='ocr_line' id='line_1_70' title="bbox 2203 2454 3797 2529; baseline 0 -21"><span class='ocrx_word' id='word_1_481' title='bbox 2203 2455 2380 2525; x_wconf 76' lang='grc' dir='ltr'>ψυχῆς</span> <span class='ocrx_word' id='word_1_482' title='bbox 2414 2456 2501 2509; x_wconf 67' lang='grc' dir='ltr'>ἀεὶ</span> <span class='ocrx_word' id='word_1_483' title='bbox 2534 2454 2917 2527; x_wconf 71' lang='grc' dir='ltr'>πνευματικῶς</span> <span class='ocrx_word' id='word_1_484' title='bbox 2962 2454 3386 2528; x_wconf 79' lang='grc' dir='ltr'>περιφέρουσαν.</span> <span class='ocrx_word' id='word_1_485' title='bbox 3437 2455 3577 2508; x_wconf 82' lang='grc' dir='ltr'>Ἀλλ’</span> <span class='ocrx_word' id='word_1_486' title='bbox 3617 2457 3663 2529; x_wconf 69' lang='grc' dir='ltr'>ἡ</span> <span class='ocrx_word' id='word_1_487' title='bbox 3702 2457 3797 2528; x_wconf 77' lang='grc' dir='ltr'>μὲν</span> 
     </span>
    </p>
   </div>
   <div class='ocr_carea' id='block_1_71' title="bbox 2202 2545 3785 2620">
    <p class='ocr_par' dir='ltr' id='par_1_71' title="bbox 2202 2545 3785 2620">
     <span class='ocr_line' id='line_1_71' title="bbox 2202 2545 3785 2620; baseline 0.002 -21"><span class='ocrx_word' id='word_1_488' title='bbox 2202 2545 2455 2619; x_wconf 81' lang='grc' dir='ltr'>Θεοδώρα</span> <span class='ocrx_word' id='word_1_489' title='bbox 2478 2550 2545 2620; x_wconf 79' lang='grc' dir='ltr'>τῇ</span> <span class='ocrx_word' id='word_1_490' title='bbox 2575 2548 2785 2619; x_wconf 84' lang='grc' dir='ltr'>σειρῆνι</span> <span class='ocrx_word' id='word_1_491' title='bbox 2816 2548 2916 2618; x_wconf 83' lang='grc' dir='ltr'>τῆς</span> <span class='ocrx_word' id='word_1_492' title='bbox 2942 2546 3035 2600; x_wconf 89' lang='grc' dir='ltr'><strong>τοῦ</strong></span> <span class='ocrx_word' id='word_1_493' title='bbox 3070 2547 3386 2619; x_wconf 79' lang='grc' dir='ltr'>Κλήμεντος</span> <span class='ocrx_word' id='word_1_494' title='bbox 3412 2546 3670 2617; x_wconf 83' lang='grc' dir='ltr'>γλώττης</span> <span class='ocrx_word' id='word_1_495' title='bbox 3697 2566 3785 2602; x_wconf 90' lang='grc' dir='ltr'>κα-</span> 
     </span>
    </p>
   </div>
   <div class='ocr_carea' id='block_1_72' title="bbox 2201 2638 3796 2712">
    <p class='ocr_par' dir='ltr' id='par_1_72' title="bbox 2201 2638 3796 2712">
     <span class='ocr_line' id='line_1_72' title="bbox 2201 2638 3796 2712; baseline 0 -18"><span class='ocrx_word' id='word_1_496' title='bbox 2201 2639 2582 2712; x_wconf 84' lang='grc' dir='ltr'>ταθελχθεῖσα,</span> <span class='ocrx_word' id='word_1_497' title='bbox 2618 2642 2713 2694; x_wconf 76' lang='grc' dir='ltr'>καὶ</span> <span class='ocrx_word' id='word_1_498' title='bbox 2735 2638 2813 2712; x_wconf 81' lang='grc' dir='ltr'><strong>τῷ</strong></span> <span class='ocrx_word' id='word_1_499' title='bbox 2842 2639 3066 2711; x_wconf 85' lang='grc' dir='ltr'>Χριστῷ</span> <span class='ocrx_word' id='word_1_500' title='bbox 3091 2639 3159 2693; x_wconf 83' lang='grc' dir='ltr'><strong>δι’</strong></span> <span class='ocrx_word' id='word_1_501' title='bbox 3185 2639 3396 2693; x_wconf 83' lang='grc' dir='ltr'>ἐκείνου</span> <span class='ocrx_word' id='word_1_502' title='bbox 3423 2639 3796 2703; x_wconf 83' lang='grc' dir='ltr'>πιστεύσασα,</span> 
     </span>
    </p>
   </div>
   <div class='ocr_carea' id='block_1_73' title="bbox 2203 2729 3795 2804">
    <p class='ocr_par' dir='ltr' id='par_1_73' title="bbox 2203 2729 3795 2804">
     <span class='ocr_line' id='line_1_73' title="bbox 2203 2729 3795 2804; baseline -0.001 -19"><span class='ocrx_word' id='word_1_503' title='bbox 2203 2729 2534 2804; x_wconf 78' lang='grc' dir='ltr'>θερμότερον</span> <span class='ocrx_word' id='word_1_504' title='bbox 2557 2731 2892 2786; x_wconf 82' lang='grc' dir='ltr'>ἀντεποιεῖτο</span> <span class='ocrx_word' id='word_1_505' title='bbox 2923 2729 3025 2801; x_wconf 80' lang='grc' dir='ltr'>τῆς</span> <span class='ocrx_word' id='word_1_506' title='bbox 3058 2730 3360 2796; x_wconf 74' lang='grc' dir='ltr'>εὐσεϐείας,</span> <span class='ocrx_word' id='word_1_507' title='bbox 3396 2732 3491 2784; x_wconf 71' lang='grc' dir='ltr'>καὶ</span> <span class='ocrx_word' id='word_1_508' title='bbox 3522 2730 3795 2802; x_wconf 78' lang='grc' dir='ltr'>διηνεκῶς</span> 
     </span>
    </p>
   </div>
   <div class='ocr_carea' id='block_1_74' title="bbox 2202 2822 3549 2897">
    <p class='ocr_par' dir='ltr' id='par_1_74' title="bbox 2202 2822 3549 2897">
     <span class='ocr_line' id='line_1_74' title="bbox 2202 2822 3549 2897; baseline -0.001 -18"><span class='ocrx_word' id='word_1_509' title='bbox 2202 2824 2419 2897; x_wconf 71' lang='grc' dir='ltr'>ἔψαλλε,</span> <span class='ocrx_word' id='word_1_510' title='bbox 2454 2823 2550 2877; x_wconf 78' lang='grc' dir='ltr'>καὶ</span> <span class='ocrx_word' id='word_1_511' title='bbox 2573 2822 2672 2877; x_wconf 86' lang='grc' dir='ltr'>οὐκ</span> <span class='ocrx_word' id='word_1_512' title='bbox 2698 2822 3105 2895; x_wconf 84' lang='grc' dir='ltr'>ἀπελιμπάνετο</span> <span class='ocrx_word' id='word_1_513' title='bbox 3130 2823 3231 2895; x_wconf 76' lang='grc' dir='ltr'>τῆς</span> <span class='ocrx_word' id='word_1_514' title='bbox 3257 2822 3549 2889; x_wconf 81' lang='grc' dir='ltr'>συνάξεως.</span> 
     </span>
    </p>
   </div>
   <div class='ocr_carea' id='block_1_75' title="bbox 2273 2913 3794 2985">
    <p class='ocr_par' dir='ltr' id='par_1_75' title="bbox 2273 2913 3794 2985">
     <span class='ocr_line' id='line_1_75' title="bbox 2273 2913 3794 2985; baseline -0.001 -14"><span class='ocrx_word' id='word_1_515' title='bbox 2273 2913 2451 2971; x_wconf 80' lang='lat' dir='ltr'><strong>CLIII.</strong></span> <span class='ocrx_word' id='word_1_516' title='bbox 2492 2914 2549 2968; x_wconf 92' lang='lat'><strong>&#39;0</strong></span> <span class='ocrx_word' id='word_1_517' title='bbox 2580 2913 2845 2977; x_wconf 88' lang='grc' dir='ltr'>Σισίννιος</span> <span class='ocrx_word' id='word_1_518' title='bbox 2865 2913 2922 2966; x_wconf 85' lang='grc' dir='ltr'>δὲ</span> <span class='ocrx_word' id='word_1_519' title='bbox 2955 2913 3061 2971; x_wconf 80' lang='grc' dir='ltr'>ὑπὸ</span> <span class='ocrx_word' id='word_1_520' title='bbox 3092 2914 3190 2985; x_wconf 83' lang='grc' dir='ltr'><strong>τῆς</strong></span> <span class='ocrx_word' id='word_1_521' title='bbox 3226 2914 3413 2969; x_wconf 84' lang='grc' dir='ltr'>ἀδίκου</span> <span class='ocrx_word' id='word_1_522' title='bbox 3455 2914 3794 2985; x_wconf 79' lang='grc' dir='ltr'>ζηλοτυπίας</span> 
     </span>
    </p>
   </div>
   <div class='ocr_carea' id='block_1_76' title="bbox 2202 3005 3793 3080">
    <p class='ocr_par' dir='ltr' id='par_1_76' title="bbox 2202 3005 3793 3080">
     <span class='ocr_line' id='line_1_76' title="bbox 2202 3005 3793 3080; baseline -0.001 -18"><span class='ocrx_word' id='word_1_523' title='bbox 2202 3006 2579 3079; x_wconf 81' lang='grc' dir='ltr'>κεντούμενος,</span> <span class='ocrx_word' id='word_1_524' title='bbox 2609 3005 2901 3079; x_wconf 82' lang='grc' dir='ltr'>ἐπιϐουλὴν</span> <span class='ocrx_word' id='word_1_525' title='bbox 2928 3005 3069 3060; x_wconf 86' lang='grc' dir='ltr'>κατὰ</span> <span class='ocrx_word' id='word_1_526' title='bbox 3106 3005 3209 3077; x_wconf 84' lang='grc' dir='ltr'>τῆς</span> <span class='ocrx_word' id='word_1_527' title='bbox 3241 3007 3501 3076; x_wconf 83' lang='grc' dir='ltr'>γυναικὸς</span> <span class='ocrx_word' id='word_1_528' title='bbox 3526 3008 3793 3080; x_wconf 76' lang='grc' dir='ltr'>ἐμελέτα,</span> 
     </span>
    </p>
   </div>
   <div class='ocr_carea' id='block_1_77' title="bbox 2201 3098 3795 3174">
    <p class='ocr_par' dir='ltr' id='par_1_77' title="bbox 2201 3098 3795 3174">
     <span class='ocr_line' id='line_1_77' title="bbox 2201 3098 3795 3174; baseline -0.001 -18"><span class='ocrx_word' id='word_1_529' title='bbox 2201 3102 2296 3156; x_wconf 77' lang='grc' dir='ltr'>καὶ</span> <span class='ocrx_word' id='word_1_530' title='bbox 2327 3100 2432 3155; x_wconf 79' lang='grc' dir='ltr'><strong>ὑπὸ</strong></span> <span class='ocrx_word' id='word_1_531' title='bbox 2455 3099 2550 3153; x_wconf 87' lang='grc' dir='ltr'><strong>τοῦ</strong></span> <span class='ocrx_word' id='word_1_532' title='bbox 2578 3098 2784 3163; x_wconf 80' lang='grc' dir='ltr'>πάθους</span> <span class='ocrx_word' id='word_1_533' title='bbox 2804 3098 2928 3152; x_wconf 89' lang='grc' dir='ltr'>καθ’</span> <span class='ocrx_word' id='word_1_534' title='bbox 2947 3099 3182 3170; x_wconf 76' lang='grc' dir='ltr'>ἑκάστην</span> <span class='ocrx_word' id='word_1_535' title='bbox 3204 3099 3473 3165; x_wconf 77' lang='grc' dir='ltr'>ὡπλίζετο</span> <span class='ocrx_word' id='word_1_536' title='bbox 3511 3101 3613 3173; x_wconf 75' lang='grc' dir='ltr'>τὴν</span> <span class='ocrx_word' id='word_1_537' title='bbox 3648 3102 3795 3174; x_wconf 73' lang='grc' dir='ltr'><strong>ἡμέ-</strong></span> 
     </span>
    </p>
   </div>
   <div class='ocr_carea' id='block_1_78' title="bbox 2206 3192 3797 3269">
    <p class='ocr_par' dir='ltr' id='par_1_78' title="bbox 2206 3192 3797 3269">
     <span class='ocr_line' id='line_1_78' title="bbox 2206 3192 3797 3269; baseline 0.001 -21"><span class='ocrx_word' id='word_1_538' title='bbox 2206 3211 2321 3269; x_wconf 82' lang='grc' dir='ltr'>ραν.</span> <span class='ocrx_word' id='word_1_539' title='bbox 2358 3193 2470 3254; x_wconf 78' lang='grc' dir='ltr'><strong>Καὶ</strong></span> <span class='ocrx_word' id='word_1_540' title='bbox 2503 3193 2565 3266; x_wconf 83' lang='grc' dir='ltr'>δή</span> <span class='ocrx_word' id='word_1_541' title='bbox 2603 3210 2755 3259; x_wconf 86' lang='grc' dir='ltr'>ποτε,</span> <span class='ocrx_word' id='word_1_542' title='bbox 2792 3194 3041 3265; x_wconf 75' lang='grc' dir='ltr'>τηρήσας</span> <span class='ocrx_word' id='word_1_543' title='bbox 3063 3192 3232 3263; x_wconf 77' lang='grc' dir='ltr'>αὐτὴν</span> <span class='ocrx_word' id='word_1_544' title='bbox 3260 3193 3397 3265; x_wconf 75' lang='grc' dir='ltr'>πρὸς</span> <span class='ocrx_word' id='word_1_545' title='bbox 3427 3193 3526 3267; x_wconf 75' lang='grc' dir='ltr'>τὴν</span> <span class='ocrx_word' id='word_1_546' title='bbox 3562 3194 3797 3264; x_wconf 61' lang='grc' dir='ltr'>σύναξιν</span> 
     </span>
    </p>
   </div>
   <div class='ocr_carea' id='block_1_79' title="bbox 2202 3283 3795 3357">
    <p class='ocr_par' dir='ltr' id='par_1_79' title="bbox 2202 3283 3795 3357">
     <span class='ocr_line' id='line_1_79' title="bbox 2202 3283 3795 3357; baseline 0.004 -18"><span class='ocrx_word' id='word_1_547' title='bbox 2202 3284 2487 3351; x_wconf 81' lang='grc' dir='ltr'>ἀπιοῦσαν,</span> <span class='ocrx_word' id='word_1_548' title='bbox 2521 3283 2695 3357; x_wconf 80' lang='grc' dir='ltr'>λάθρα</span> <span class='ocrx_word' id='word_1_549' title='bbox 2724 3284 2861 3355; x_wconf 86' lang='grc' dir='ltr'><strong>μετά</strong></span> <span class='ocrx_word' id='word_1_550' title='bbox 2880 3285 2990 3339; x_wconf 82' lang='grc' dir='ltr'>τῶν</span> <span class='ocrx_word' id='word_1_551' title='bbox 3014 3286 3242 3340; x_wconf 80' lang='grc' dir='ltr'>οἰκετῶν</span> <span class='ocrx_word' id='word_1_552' title='bbox 3276 3287 3370 3341; x_wconf 76' lang='grc' dir='ltr'>καὶ</span> <span class='ocrx_word' id='word_1_553' title='bbox 3403 3289 3564 3351; x_wconf 82' lang='grc' dir='ltr'>αὐτὸς</span> <span class='ocrx_word' id='word_1_554' title='bbox 3589 3291 3683 3354; x_wconf 80' lang='grc' dir='ltr'><strong>είς</strong></span> <span class='ocrx_word' id='word_1_555' title='bbox 3701 3292 3795 3345; x_wconf 73' lang='grc' dir='ltr'><strong>τὸν</strong></span> 
     </span>
    </p>
   </div>
   <div class='ocr_carea' id='block_1_80' title="bbox 2201 3376 3795 3452">
    <p class='ocr_par' dir='ltr' id='par_1_80' title="bbox 2201 3376 3795 3452">
     <span class='ocr_line' id='line_1_80' title="bbox 2201 3376 3795 3452; baseline 0.004 -22"><span class='ocrx_word' id='word_1_556' title='bbox 2201 3378 2326 3432; x_wconf 74' lang='grc' dir='ltr'>ναὸν</span> <span class='ocrx_word' id='word_1_557' title='bbox 2359 3376 2746 3448; x_wconf 74' lang='grc' dir='ltr'>παρεισῆλθεν,</span> <span class='ocrx_word' id='word_1_558' title='bbox 2797 3376 2937 3430; x_wconf 85' lang='grc' dir='ltr'>ὥστε</span> <span class='ocrx_word' id='word_1_559' title='bbox 2980 3378 3447 3452; x_wconf 83' lang='grc' dir='ltr'>περιεργάσασθαι</span> <span class='ocrx_word' id='word_1_560' title='bbox 3486 3382 3581 3434; x_wconf 74' lang='grc' dir='ltr'>καὶ</span> <span class='ocrx_word' id='word_1_561' title='bbox 3614 3399 3795 3437; x_wconf 81' lang='grc' dir='ltr'>κατα-</span> 
     </span>
    </p>
   </div>
   <div class='ocr_carea' id='block_1_81' title="bbox 2205 3467 3794 3548">
    <p class='ocr_par' dir='ltr' id='par_1_81' title="bbox 2205 3467 3794 3548">
     <span class='ocr_line' id='line_1_81' title="bbox 2205 3467 3794 3548; baseline 0.003 -26"><span class='ocrx_word' id='word_1_562' title='bbox 2205 3469 2394 3542; x_wconf 84' lang='grc' dir='ltr'>μαθεῖν</span> <span class='ocrx_word' id='word_1_563' title='bbox 2419 3471 2488 3523; x_wconf 88' lang='grc' dir='ltr'><strong>τά</strong></span> <span class='ocrx_word' id='word_1_564' title='bbox 2511 3471 2568 3522; x_wconf 83' lang='grc' dir='ltr'><strong>ἐν</strong></span> <span class='ocrx_word' id='word_1_565' title='bbox 2592 3470 2739 3542; x_wconf 82' lang='grc' dir='ltr'>αὐτῷ</span> <span class='ocrx_word' id='word_1_566' title='bbox 2765 3470 2943 3524; x_wconf 84' lang='grc' dir='ltr'>πάντα</span> <span class='ocrx_word' id='word_1_567' title='bbox 2975 3471 3294 3543; x_wconf 79' lang='grc' dir='ltr'>τελούμενα,</span> <span class='ocrx_word' id='word_1_568' title='bbox 3325 3473 3419 3525; x_wconf 80' lang='grc' dir='ltr'>καὶ</span> <span class='ocrx_word' id='word_1_569' title='bbox 3458 3467 3532 3526; x_wconf 82' lang='grc' dir='ltr'>ὧν</span> <span class='ocrx_word' id='word_1_570' title='bbox 3559 3474 3732 3548; x_wconf 71' lang='grc' dir='ltr'>χάριν</span> <span class='ocrx_word' id='word_1_571' title='bbox 3758 3476 3794 3548; x_wconf 74' lang='grc' dir='ltr'><strong>η</strong></span> 
     </span>
    </p>
   </div>
   <div class='ocr_carea' id='block_1_82' title="bbox 2200 3560 3792 3636">
    <p class='ocr_par' dir='ltr' id='par_1_82' title="bbox 2200 3560 3792 3636">
     <span class='ocr_line' id='line_1_82' title="bbox 2200 3560 3792 3636; baseline 0.003 -21"><span class='ocrx_word' id='word_1_572' title='bbox 2200 3560 2452 3636; x_wconf 80' lang='grc' dir='ltr'>Θεοδὼρα</span> <span class='ocrx_word' id='word_1_573' title='bbox 2488 3562 2728 3633; x_wconf 87' lang='grc' dir='ltr'>συνεχῶς</span> <span class='ocrx_word' id='word_1_574' title='bbox 2753 3563 2868 3615; x_wconf 84' lang='grc' dir='ltr'>ἐκεῖ</span> <span class='ocrx_word' id='word_1_575' title='bbox 2893 3564 3220 3633; x_wconf 77' lang='grc' dir='ltr'>ἀφικνεῖται.</span> <span class='ocrx_word' id='word_1_576' title='bbox 3260 3564 3366 3618; x_wconf 87' lang='grc' dir='ltr'>Τοῦ</span> <span class='ocrx_word' id='word_1_577' title='bbox 3385 3564 3707 3635; x_wconf 85' lang='grc' dir='ltr'>θαυμασίου</span> <span class='ocrx_word' id='word_1_578' title='bbox 3734 3565 3792 3619; x_wconf 77' lang='grc' dir='ltr'><strong>δέ</strong></span> 
     </span>
    </p>
   </div>
   <div class='ocr_carea' id='block_1_83' title="bbox 2199 3651 3792 3727">
    <p class='ocr_par' dir='ltr' id='par_1_83' title="bbox 2199 3651 3792 3727">
     <span class='ocr_line' id='line_1_83' title="bbox 2199 3651 3792 3727; baseline 0.004 -22"><span class='ocrx_word' id='word_1_579' title='bbox 2199 3652 2515 3725; x_wconf 79' lang='grc' dir='ltr'>Κλήμεντος</span> <span class='ocrx_word' id='word_1_580' title='bbox 2537 3651 2633 3724; x_wconf 80' lang='grc' dir='ltr'>τὴν</span> <span class='ocrx_word' id='word_1_581' title='bbox 2663 3652 2865 3725; x_wconf 82' lang='grc' dir='ltr'>συνήθη</span> <span class='ocrx_word' id='word_1_582' title='bbox 2893 3655 3235 3726; x_wconf 82' lang='grc' dir='ltr'>παραχρῆμα</span> <span class='ocrx_word' id='word_1_583' title='bbox 3266 3653 3374 3707; x_wconf 84' lang='grc' dir='ltr'><strong>τῶν</strong></span> <span class='ocrx_word' id='word_1_584' title='bbox 3404 3653 3565 3727; x_wconf 85' lang='grc' dir='ltr'>ἱερῶν</span> <span class='ocrx_word' id='word_1_585' title='bbox 3593 3656 3792 3727; x_wconf 81' lang='grc' dir='ltr'>ὕμνων</span> 
     </span>
    </p>
   </div>
   <div class='ocr_carea' id='block_1_84' title="bbox 2197 3740 3793 3816">
    <p class='ocr_par' dir='ltr' id='par_1_84' title="bbox 2197 3740 3793 3816">
     <span class='ocr_line' id='line_1_84' title="bbox 2197 3740 3793 3816; baseline 0.002 -19"><span class='ocrx_word' id='word_1_586' title='bbox 2197 3744 2362 3816; x_wconf 76' lang='grc' dir='ltr'>εὐχὴν</span> <span class='ocrx_word' id='word_1_587' title='bbox 2389 3742 2760 3814; x_wconf 82' lang='grc' dir='ltr'>προειπόντος,</span> <span class='ocrx_word' id='word_1_588' title='bbox 2795 3740 2994 3810; x_wconf 75' lang='grc' dir='ltr'>τυφλὸς</span> <span class='ocrx_word' id='word_1_589' title='bbox 3026 3742 3187 3806; x_wconf 79' lang='grc' dir='ltr'>εὐθὺς</span> <span class='ocrx_word' id='word_1_590' title='bbox 3207 3743 3235 3795; x_wconf 87' lang='grc' dir='ltr'>ὁ</span> <span class='ocrx_word' id='word_1_591' title='bbox 3260 3743 3523 3807; x_wconf 84' lang='grc' dir='ltr'>Σισίννιος</span> <span class='ocrx_word' id='word_1_592' title='bbox 3563 3746 3793 3814; x_wconf 74' lang='grc' dir='ltr'>ἐγένετο</span> 
     </span>
    </p>
   </div>
   <div class='ocr_carea' id='block_1_85' title="bbox 2196 3832 3790 3906">
    <p class='ocr_par' dir='ltr' id='par_1_85' title="bbox 2196 3832 3790 3906">
     <span class='ocr_line' id='line_1_85' title="bbox 2196 3832 3790 3906; baseline 0.007 -23"><span class='ocrx_word' id='word_1_593' title='bbox 2196 3835 2291 3888; x_wconf 69' lang='grc' dir='ltr'>καὶ</span> <span class='ocrx_word' id='word_1_594' title='bbox 2317 3833 2517 3904; x_wconf 80' lang='grc' dir='ltr'>κωφὸς,</span> <span class='ocrx_word' id='word_1_595' title='bbox 2542 3833 2617 3896; x_wconf 85' lang='grc' dir='ltr'>ὡς</span> <span class='ocrx_word' id='word_1_596' title='bbox 2647 3834 2782 3905; x_wconf 82' lang='grc' dir='ltr'>μήτε</span> <span class='ocrx_word' id='word_1_597' title='bbox 2810 3832 3028 3886; x_wconf 80' lang='grc' dir='ltr'>ἀκούειν</span> <span class='ocrx_word' id='word_1_598' title='bbox 3048 3835 3183 3906; x_wconf 69' lang='grc' dir='ltr'>μήτε</span> <span class='ocrx_word' id='word_1_599' title='bbox 3208 3835 3339 3905; x_wconf 76' lang='grc' dir='ltr'>όρᾷν</span> <span class='ocrx_word' id='word_1_600' title='bbox 3365 3833 3655 3893; x_wconf 85' lang='grc' dir='ltr'>δύνασθαι.</span> <span class='ocrx_word' id='word_1_601' title='bbox 3676 3841 3790 3893; x_wconf 74' lang='grc' dir='ltr'><strong>Καὶ</strong></span> 
     </span>
    </p>
   </div>
   <div class='ocr_carea' id='block_1_86' title="bbox 2197 3925 3792 4003">
    <p class='ocr_par' dir='ltr' id='par_1_86' title="bbox 2197 3925 3792 4003">
     <span class='ocr_line' id='line_1_86' title="bbox 2197 3925 3792 4003; baseline 0.006 -26"><span class='ocrx_word' id='word_1_602' title='bbox 2197 3928 2333 4000; x_wconf 81' lang='grc' dir='ltr'>πρὸς</span> <span class='ocrx_word' id='word_1_603' title='bbox 2355 3928 2483 3991; x_wconf 71' lang='grc' dir='ltr'>τοὺς</span> <span class='ocrx_word' id='word_1_604' title='bbox 2506 3925 2724 3988; x_wconf 81' lang='grc' dir='ltr'>οἰκέτας</span> <span class='ocrx_word' id='word_1_605' title='bbox 2760 3925 3132 3996; x_wconf 79' lang='grc' dir='ltr'>ἐπιστραφείς·</span> <span class='ocrx_word' id='word_1_606' title='bbox 3163 3925 3371 3979; x_wconf 85' lang='grc' dir='ltr'>Λά6ετέ</span> <span class='ocrx_word' id='word_1_607' title='bbox 3400 3944 3488 3998; x_wconf 87' lang='grc' dir='ltr'><strong>με,</strong></span> <span class='ocrx_word' id='word_1_608' title='bbox 3526 3928 3662 4003; x_wconf 77' lang='grc' dir='ltr'>ἔφη,</span> <span class='ocrx_word' id='word_1_609' title='bbox 3694 3931 3792 3986; x_wconf 70' lang='grc' dir='ltr'>καὶ</span> 
     </span>
    </p>
   </div>
   <div class='ocr_carea' id='block_1_87' title="bbox 2195 4002 3793 4093">
    <p class='ocr_par' dir='ltr' id='par_1_87' title="bbox 2195 4002 3793 4093">
     <span class='ocr_line' id='line_1_87' title="bbox 2195 4002 3793 4093; baseline -0.006 -19"><span class='ocrx_word' id='word_1_610' title='bbox 2195 4021 2332 4093; x_wconf 81' lang='grc' dir='ltr'>πρὸς</span> <span class='ocrx_word' id='word_1_611' title='bbox 2353 4020 2452 4092; x_wconf 78' lang='grc' dir='ltr'>τὴν</span> <span class='ocrx_word' id='word_1_612' title='bbox 2468 4018 2645 4072; x_wconf 72' lang='grc' dir='ltr'>οὶκίαν</span> <span class='ocrx_word' id='word_1_613' title='bbox 2670 4018 3118 4090; x_wconf 81' lang='grc' dir='ltr'>χειραγωγησατε</span> <span class='ocrx_word' id='word_1_614' title='bbox 3139 4034 3152 4047; x_wconf 77' lang='grc' dir='ltr'><strong>ο</strong></span> <span class='ocrx_word' id='word_1_615' title='bbox 3180 4017 3375 4090; x_wconf 77' lang='grc' dir='ltr'>ἀθρόον</span> <span class='ocrx_word' id='word_1_616' title='bbox 3398 4019 3507 4092; x_wconf 83' lang='grc' dir='ltr'>γάρ</span> <span class='ocrx_word' id='word_1_617' title='bbox 3535 4002 3589 4074; x_wconf 70' lang='grc' dir='ltr'>τὶ</span> <span class='ocrx_word' id='word_1_618' title='bbox 3616 4002 3793 4077; x_wconf 49' lang='lat' dir='ltr'><strong>sum-</strong></span> 
     </span>
    </p>
   </div>
   <div class='ocr_carea' id='block_1_88' title="bbox 2195 4107 3793 4183">
    <p class='ocr_par' dir='ltr' id='par_1_88' title="bbox 2195 4107 3793 4183">
     <span class='ocr_line' id='line_1_88' title="bbox 2195 4107 3793 4183; baseline 0.002 -17"><span class='ocrx_word' id='word_1_619' title='bbox 2195 4111 2411 4183; x_wconf 67' lang='grc' dir='ltr'>σκῆψαν</span> <span class='ocrx_word' id='word_1_620' title='bbox 2449 4112 2528 4174; x_wconf 85' lang='grc' dir='ltr'><strong>είς</strong></span> <span class='ocrx_word' id='word_1_621' title='bbox 2566 4110 2667 4181; x_wconf 85' lang='grc' dir='ltr'>ἐμὲ</span> <span class='ocrx_word' id='word_1_622' title='bbox 2716 4108 2885 4163; x_wconf 80' lang='grc' dir='ltr'>κακὸν</span> <span class='ocrx_word' id='word_1_623' title='bbox 2927 4107 3051 4162; x_wconf 73' lang='grc' dir='ltr'>οὔτε</span> <span class='ocrx_word' id='word_1_624' title='bbox 3091 4108 3330 4175; x_wconf 88' lang='grc' dir='ltr'>ἀκούειν,</span> <span class='ocrx_word' id='word_1_625' title='bbox 3373 4110 3499 4165; x_wconf 82' lang='grc' dir='ltr'>οὔτε</span> <span class='ocrx_word' id='word_1_626' title='bbox 3553 4112 3793 4182; x_wconf 79' lang='grc' dir='ltr'>βλέπειν</span> 
     </span>
    </p>
   </div>
   <div class='ocr_carea' id='block_1_89' title="bbox 2191 4204 2393 4275">
    <p class='ocr_par' dir='ltr' id='par_1_89' title="bbox 2191 4204 2393 4275">
     <span class='ocr_line' id='line_1_89' title="bbox 2191 4204 2393 4275; baseline -0.01 -17"><span class='ocrx_word' id='word_1_627' title='bbox 2191 4204 2393 4275; x_wconf 87' lang='grc' dir='ltr'>ἀνίησι,</span> 
     </span>
    </p>
   </div>
   <div class='ocr_carea' id='block_1_90' title="bbox 2258 4290 3791 4373">
    <p class='ocr_par' dir='ltr' id='par_1_90' title="bbox 2258 4290 3791 4373">
     <span class='ocr_line' id='line_1_90' title="bbox 2258 4290 3791 4373; baseline 0.003 -23"><span class='ocrx_word' id='word_1_628' title='bbox 2258 4293 2437 4351; x_wconf 79' lang='lat' dir='ltr'><strong>CLIV.</strong></span> <span class='ocrx_word' id='word_1_629' title='bbox 2494 4294 2813 4367; x_wconf 60' lang='grc' dir='ltr'>Χεῖραλμὲν</span> <span class='ocrx_word' id='word_1_630' title='bbox 2866 4290 2958 4350; x_wconf 80' lang='grc' dir='ltr'><strong>οῦν</strong></span> <span class='ocrx_word' id='word_1_631' title='bbox 3007 4294 3169 4359; x_wconf 82' lang='grc' dir='ltr'>εὐθὺς</span> <span class='ocrx_word' id='word_1_632' title='bbox 3209 4296 3493 4367; x_wconf 80' lang='grc' dir='ltr'>όρέγουσιν</span> <span class='ocrx_word' id='word_1_633' title='bbox 3536 4299 3701 4373; x_wconf 76' lang='grc' dir='ltr'>αὐτῷ</span> <span class='ocrx_word' id='word_1_634' title='bbox 3736 4300 3791 4355; x_wconf 67' lang='grc' dir='ltr'>οἱ</span> 
     </span>
    </p>
   </div>
   <div class='ocr_carea' id='block_1_91' title="bbox 2189 4386 3790 4460">
    <p class='ocr_par' dir='ltr' id='par_1_91' title="bbox 2189 4386 3790 4460">
     <span class='ocr_line' id='line_1_91' title="bbox 2189 4386 3790 4460; baseline 0.004 -18"><span class='ocrx_word' id='word_1_635' title='bbox 2189 4388 2419 4453; x_wconf 80' lang='grc' dir='ltr'>οίκέται,</span> <span class='ocrx_word' id='word_1_636' title='bbox 2445 4388 2540 4441; x_wconf 76' lang='grc' dir='ltr'>καὶ</span> <span class='ocrx_word' id='word_1_637' title='bbox 2572 4386 2864 4458; x_wconf 82' lang='grc' dir='ltr'>ἀπαίρουσι</span> <span class='ocrx_word' id='word_1_638' title='bbox 2897 4386 3057 4459; x_wconf 81' lang='grc' dir='ltr'>δῆθεν</span> <span class='ocrx_word' id='word_1_639' title='bbox 3081 4387 3218 4458; x_wconf 85' lang='grc' dir='ltr'>πρὸς</span> <span class='ocrx_word' id='word_1_640' title='bbox 3242 4387 3341 4460; x_wconf 80' lang='grc' dir='ltr'>τὴν</span> <span class='ocrx_word' id='word_1_641' title='bbox 3364 4389 3563 4445; x_wconf 79' lang='grc' dir='ltr'>οἰκίαν.</span> <span class='ocrx_word' id='word_1_642' title='bbox 3596 4392 3790 4460; x_wconf 76' lang='grc' dir='ltr'>Ἐξελ-</span> 
     </span>
    </p>
   </div>
   <div class='ocr_carea' id='block_1_92' title="bbox 511 4473 2100 4558">
    <p class='ocr_par' dir='ltr' id='par_1_92' title="bbox 511 4473 2084 4552">
     <span class='ocr_line' id='line_1_92' title="bbox 511 4473 2084 4552; baseline -0.005 -17"><span class='ocrx_word' id='word_1_643' title='bbox 511 4489 786 4552; x_wconf 87' lang='lat' dir='ltr'><strong>poterant,</strong></span> <span class='ocrx_word' id='word_1_644' title='bbox 813 4480 938 4534; x_wconf 87' lang='lat' dir='ltr'><strong>licet</strong></span> <span class='ocrx_word' id='word_1_645' title='bbox 966 4487 1078 4533; x_wconf 80' lang='lat' dir='ltr'><strong>tota</strong></span> <span class='ocrx_word' id='word_1_646' title='bbox 1117 4476 1300 4547; x_wconf 88' lang='lat' dir='ltr'><strong>templi</strong></span> <span class='ocrx_word' id='word_1_647' title='bbox 1329 4476 1501 4545; x_wconf 82' lang='lat' dir='ltr'><strong>janua</strong></span> <span class='ocrx_word' id='word_1_648' title='bbox 1526 4484 1723 4546; x_wconf 86' lang='lat' dir='ltr'><strong>aperta</strong></span> <span class='ocrx_word' id='word_1_649' title='bbox 1756 4482 1937 4530; x_wconf 89' lang='lat' dir='ltr'><strong>esset:</strong></span> <span class='ocrx_word' id='word_1_650' title='bbox 1992 4473 2084 4527; x_wconf 91' lang='lat' dir='ltr'><strong>scd</strong></span> 
     </span>
    </p>
   </div>
   <div class='ocr_carea' id='block_1_93' title="bbox 2201 4473 3789 4558">
    <p class='ocr_par' dir='ltr' id='par_1_93' title="bbox 2201 4475 3789 4558">
     <span class='ocr_line' id='line_1_93' title="bbox 2201 4475 3789 4558; baseline 0.005 -26"><span class='ocrx_word' id='word_1_651' title='bbox 2201 4478 2304 4534; x_wconf 78' lang='grc' dir='ltr'>θεῖν</span> <span class='ocrx_word' id='word_1_652' title='bbox 2344 4480 2401 4534; x_wconf 81' lang='grc' dir='ltr'>δὲ</span> <span class='ocrx_word' id='word_1_653' title='bbox 2439 4480 2541 4533; x_wconf 80' lang='grc' dir='ltr'>οὐκ</span> <span class='ocrx_word' id='word_1_654' title='bbox 2580 4475 2745 4550; x_wconf 74' lang='grc' dir='ltr'>εἶχον,</span> <span class='ocrx_word' id='word_1_655' title='bbox 2784 4480 2963 4533; x_wconf 85' lang='grc' dir='ltr'>καίτοι</span> <span class='ocrx_word' id='word_1_656' title='bbox 2998 4496 3061 4548; x_wconf 88' lang='grc' dir='ltr'><strong>γε</strong></span> <span class='ocrx_word' id='word_1_657' title='bbox 3097 4478 3278 4551; x_wconf 84' lang='grc' dir='ltr'>πάσης</span> <span class='ocrx_word' id='word_1_658' title='bbox 3314 4480 3408 4534; x_wconf 90' lang='grc' dir='ltr'><strong>τοῦ</strong></span> <span class='ocrx_word' id='word_1_659' title='bbox 3433 4480 3567 4536; x_wconf 84' lang='grc' dir='ltr'>ναοῦ</span> <span class='ocrx_word' id='word_1_660' title='bbox 3594 4486 3789 4558; x_wconf 80' lang='grc' dir='ltr'>πύλης</span> 
     </span>
    </p>
   </div>
   <div class='ocr_carea' id='block_1_94' title="bbox 510 4563 2087 4637">
    <p class='ocr_par' dir='ltr' id='par_1_94' title="bbox 510 4563 2087 4637">
     <span class='ocr_line' id='line_1_94' title="bbox 510 4563 2087 4637; baseline -0.003 -16"><span class='ocrx_word' id='word_1_661' title='bbox 510 4584 634 4623; x_wconf 90' lang='lat' dir='ltr'><strong>eum</strong></span> <span class='ocrx_word' id='word_1_662' title='bbox 668 4584 763 4637; x_wconf 93' lang='lat' dir='ltr'><strong>per</strong></span> <span class='ocrx_word' id='word_1_663' title='bbox 797 4575 964 4621; x_wconf 90' lang='lat' dir='ltr'><strong>totam</strong></span> <span class='ocrx_word' id='word_1_664' title='bbox 992 4566 1280 4620; x_wconf 84' lang='lat' dir='ltr'><strong>ecclesiam</strong></span> <span class='ocrx_word' id='word_1_665' title='bbox 1313 4565 1619 4632; x_wconf 86' lang='lat' dir='ltr'><strong>ducebant,</strong></span> <span class='ocrx_word' id='word_1_666' title='bbox 1648 4563 1793 4619; x_wconf 87' lang='lat' dir='ltr'><strong>inter</strong></span> <span class='ocrx_word' id='word_1_667' title='bbox 1838 4563 2087 4617; x_wconf 77' lang='lat' dir='ltr'><strong>multitu-</strong></span> 
     </span>
    </p>
   </div>
   <div class='ocr_carea' id='block_1_95' title="bbox 510 4656 2086 4716">
    <p class='ocr_par' dir='ltr' id='par_1_95' title="bbox 510 4656 2086 4716">
     <span class='ocr_line' id='line_1_95' title="bbox 510 4656 2086 4716; baseline -0.003 0"><span class='ocrx_word' id='word_1_668' title='bbox 510 4663 694 4716; x_wconf 88' lang='lat' dir='ltr'><strong>dinem</strong></span> <span class='ocrx_word' id='word_1_669' title='bbox 726 4660 1061 4716; x_wconf 88' lang='lat' dir='ltr'><strong>canentium.</strong></span> <span class='ocrx_word' id='word_1_670' title='bbox 1104 4658 1462 4714; x_wconf 76' lang='lat' dir='ltr'><strong>Praeeluserat</strong></span> <span class='ocrx_word' id='word_1_671' title='bbox 1482 4657 1628 4713; x_wconf 89' lang='lat' dir='ltr'><strong>enim</strong></span> <span class='ocrx_word' id='word_1_672' title='bbox 1656 4657 1738 4712; x_wconf 92' lang='lat' dir='ltr'><strong>eis</strong></span> <span class='ocrx_word' id='word_1_673' title='bbox 1769 4656 1977 4711; x_wconf 79' lang='lat' dir='ltr'><strong>exitum</strong></span> <span class='ocrx_word' id='word_1_674' title='bbox 2003 4656 2086 4711; x_wconf 86' lang='lat' dir='ltr'><strong>vis</strong></span> 
     </span>
    </p>
   </div>
   <div class='ocr_carea' id='block_1_96' title="bbox 509 4748 2079 4823">
    <p class='ocr_par' dir='ltr' id='par_1_96' title="bbox 509 4748 2079 4823">
     <span class='ocr_line' id='line_1_96' title="bbox 509 4748 2079 4823; baseline -0.003 -14"><span class='ocrx_word' id='word_1_675' title='bbox 509 4755 716 4820; x_wconf 82' lang='lat' dir='ltr'><strong>divina,</strong></span> <span class='ocrx_word' id='word_1_676' title='bbox 748 4751 1154 4823; x_wconf 89' lang='lat' dir='ltr'><strong>prudentiorem</strong></span> <span class='ocrx_word' id='word_1_677' title='bbox 1183 4751 1409 4806; x_wconf 87' lang='lat' dir='ltr'><strong>reddere</strong></span> <span class='ocrx_word' id='word_1_678' title='bbox 1432 4748 1623 4805; x_wconf 76' lang='lat' dir='ltr'><strong>volens</strong></span> <span class='ocrx_word' id='word_1_679' title='bbox 1652 4749 1878 4804; x_wconf 91' lang='lat' dir='ltr'><strong>stultum</strong></span> <span class='ocrx_word' id='word_1_680' title='bbox 1904 4748 2079 4804; x_wconf 78' lang='lat' dir='ltr'><strong>illum.</strong></span> 
     </span>
    </p>
   </div>
   <div class='ocr_carea' id='block_1_97' title="bbox 507 4840 2080 4912">
    <p class='ocr_par' dir='ltr' id='par_1_97' title="bbox 507 4840 2080 4912">
     <span class='ocr_line' id='line_1_97' title="bbox 507 4840 2080 4912; baseline -0.005 -10"><span class='ocrx_word' id='word_1_681' title='bbox 507 4843 915 4902; x_wconf 83' lang='lat' dir='ltr'><strong>Circumeundo</strong></span> <span class='ocrx_word' id='word_1_682' title='bbox 957 4853 1142 4897; x_wconf 91' lang='lat' dir='ltr'><strong>autem</strong></span> <span class='ocrx_word' id='word_1_683' title='bbox 1193 4842 1399 4911; x_wconf 91' lang='lat' dir='ltr'><strong>ubique</strong></span> <span class='ocrx_word' id='word_1_684' title='bbox 1446 4857 1544 4912; x_wconf 85' lang='lat' dir='ltr'><strong>per</strong></span> <span class='ocrx_word' id='word_1_685' title='bbox 1588 4841 1874 4911; x_wconf 88' lang='lat' dir='ltr'><strong>templum,</strong></span> <span class='ocrx_word' id='word_1_686' title='bbox 1918 4840 2080 4896; x_wconf 75' lang='lat' dir='ltr'><strong>uxori</strong></span> 
     </span>
    </p>
   </div>
   <div class='ocr_carea' id='block_1_98' title="bbox 505 4932 2083 5010">
    <p class='ocr_par' dir='ltr' id='par_1_98' title="bbox 505 4932 2083 5010">
     <span class='ocr_line' id='line_1_98' title="bbox 505 4932 2083 5010; baseline -0.004 -16"><span class='ocrx_word' id='word_1_687' title='bbox 505 4939 627 5010; x_wconf 86' lang='lat' dir='ltr'><strong>ejus</strong></span> <span class='ocrx_word' id='word_1_688' title='bbox 666 4935 909 5008; x_wconf 88' lang='lat' dir='ltr'><strong>precanti</strong></span> <span class='ocrx_word' id='word_1_689' title='bbox 947 4942 1268 4989; x_wconf 88' lang='lat' dir='ltr'><strong>occurrunt.</strong></span> <span class='ocrx_word' id='word_1_690' title='bbox 1318 4932 1385 4989; x_wconf 82' lang='lat' dir='ltr'><strong>Et</strong></span> <span class='ocrx_word' id='word_1_691' title='bbox 1416 4933 1507 4988; x_wconf 89' lang='lat' dir='ltr'><strong>illa</strong></span> <span class='ocrx_word' id='word_1_692' title='bbox 1539 4933 1717 4987; x_wconf 81' lang='lat' dir='ltr'><strong>virum</strong></span> <span class='ocrx_word' id='word_1_693' title='bbox 1752 4948 1876 4987; x_wconf 91' lang='lat' dir='ltr'><strong>cum</strong></span> <span class='ocrx_word' id='word_1_694' title='bbox 1907 4932 2083 4988; x_wconf 81' lang='lat' dir='ltr'><strong>servis</strong></span> 
     </span>
    </p>
   </div>
   <div class='ocr_carea' id='block_1_99' title="bbox 507 5025 2086 5098">
    <p class='ocr_par' dir='ltr' id='par_1_99' title="bbox 507 5025 2086 5098">
     <span class='ocr_line' id='line_1_99' title="bbox 507 5025 2086 5098; baseline -0.006 -11"><span class='ocrx_word' id='word_1_695' title='bbox 507 5031 724 5096; x_wconf 84' lang='lat' dir='ltr'><strong>intuita,</strong></span> <span class='ocrx_word' id='word_1_696' title='bbox 758 5027 936 5098; x_wconf 90' lang='lat' dir='ltr'><strong>primo</strong></span> <span class='ocrx_word' id='word_1_697' title='bbox 978 5025 1199 5095; x_wconf 87' lang='lat' dir='ltr'><strong>quidem</strong></span> <span class='ocrx_word' id='word_1_698' title='bbox 1244 5026 1437 5080; x_wconf 89' lang='lat' dir='ltr'><strong>oculos</strong></span> <span class='ocrx_word' id='word_1_699' title='bbox 1465 5026 1707 5092; x_wconf 80' lang='lat' dir='ltr'><strong>deﬂexit,</strong></span> <span class='ocrx_word' id='word_1_700' title='bbox 1730 5026 1903 5079; x_wconf 81' lang='lat' dir='ltr'><strong>verita</strong></span> <span class='ocrx_word' id='word_1_701' title='bbox 1931 5039 2000 5079; x_wconf 91' lang='lat' dir='ltr'><strong>ne</strong></span> <span class='ocrx_word' id='word_1_702' title='bbox 2030 5032 2086 5078; x_wconf 89' lang='lat' dir='ltr'><strong>et</strong></span> 
     </span>
    </p>
   </div>
   <div class='ocr_carea' id='block_1_100' title="bbox 505 5119 2081 5194">
    <p class='ocr_par' dir='ltr' id='par_1_100' title="bbox 505 5119 2081 5194">
     <span class='ocr_line' id='line_1_100' title="bbox 505 5119 2081 5194; baseline -0.006 -14"><span class='ocrx_word' id='word_1_703' title='bbox 505 5126 622 5194; x_wconf 85' lang='lat' dir='ltr'><strong>ipse</strong></span> <span class='ocrx_word' id='word_1_704' title='bbox 663 5138 784 5177; x_wconf 89' lang='lat' dir='ltr'><strong>eam</strong></span> <span class='ocrx_word' id='word_1_705' title='bbox 815 5122 1063 5175; x_wconf 85' lang='lat' dir='ltr'><strong>videret:</strong></span> <span class='ocrx_word' id='word_1_706' title='bbox 1100 5119 1235 5174; x_wconf 87' lang='lat' dir='ltr'><strong>nihil</strong></span> <span class='ocrx_word' id='word_1_707' title='bbox 1267 5119 1466 5190; x_wconf 86' lang='lat' dir='ltr'><strong>quippe</strong></span> <span class='ocrx_word' id='word_1_708' title='bbox 1510 5119 1691 5174; x_wconf 88' lang='lat' dir='ltr'><strong>adhuc</strong></span> <span class='ocrx_word' id='word_1_709' title='bbox 1730 5134 1921 5173; x_wconf 90' lang='lat' dir='ltr'><strong>eorum</strong></span> <span class='ocrx_word' id='word_1_710' title='bbox 1959 5133 2081 5189; x_wconf 70' lang='lat' dir='ltr'><strong>qure</strong></span> 
     </span>
    </p>
   </div>
   <div class='ocr_carea' id='block_1_101' title="bbox 506 5208 2077 5284">
    <p class='ocr_par' dir='ltr' id='par_1_101' title="bbox 506 5208 2077 5284">
     <span class='ocr_line' id='line_1_101' title="bbox 506 5208 2077 5284; baseline -0.005 -15"><span class='ocrx_word' id='word_1_711' title='bbox 506 5226 655 5284; x_wconf 79' lang='lat' dir='ltr'><strong>gesta</strong></span> <span class='ocrx_word' id='word_1_712' title='bbox 690 5219 847 5268; x_wconf 85' lang='lat' dir='ltr'><strong>erant</strong></span> <span class='ocrx_word' id='word_1_713' title='bbox 870 5211 1078 5267; x_wconf 89' lang='lat' dir='ltr'><strong>sciebat</strong></span> <span class='ocrx_word' id='word_1_714' title='bbox 1105 5208 1426 5265; x_wconf 86' lang='lat' dir='ltr'><strong>Theodora:</strong></span> <span class='ocrx_word' id='word_1_715' title='bbox 1452 5219 1639 5281; x_wconf 89' lang='lat' dir='ltr'><strong>postea</strong></span> <span class='ocrx_word' id='word_1_716' title='bbox 1667 5218 1848 5263; x_wconf 90' lang='lat' dir='ltr'><strong>autem</strong></span> <span class='ocrx_word' id='word_1_717' title='bbox 1882 5224 1994 5263; x_wconf 91' lang='lat' dir='ltr'><strong>uno</strong></span> <span class='ocrx_word' id='word_1_718' title='bbox 2016 5224 2077 5263; x_wconf 78' lang='lat' dir='ltr'><strong>ex</strong></span> 
     </span>
    </p>
   </div>
   <div class='ocr_carea' id='block_1_102' title="bbox 504 5300 2080 5373">
    <p class='ocr_par' dir='ltr' id='par_1_102' title="bbox 504 5300 2080 5373">
     <span class='ocr_line' id='line_1_102' title="bbox 504 5300 2080 5373; baseline -0.006 -11"><span class='ocrx_word' id='word_1_719' title='bbox 504 5308 725 5362; x_wconf 76' lang='lat' dir='ltr'><strong>l‘atnulis</strong></span> <span class='ocrx_word' id='word_1_720' title='bbox 746 5302 1033 5369; x_wconf 86' lang='lat' dir='ltr'><strong>accersito,</strong></span> <span class='ocrx_word' id='word_1_721' title='bbox 1057 5317 1284 5357; x_wconf 85' lang='lat' dir='ltr'><strong>causam</strong></span> <span class='ocrx_word' id='word_1_722' title='bbox 1303 5303 1548 5373; x_wconf 83' lang='lat' dir='ltr'><strong>rogabat,</strong></span> <span class='ocrx_word' id='word_1_723' title='bbox 1578 5310 1796 5372; x_wconf 85' lang='lat' dir='ltr'><strong>propter</strong></span> <span class='ocrx_word' id='word_1_724' title='bbox 1817 5316 1981 5371; x_wconf 90' lang='lat' dir='ltr'><strong>quam</strong></span> <span class='ocrx_word' id='word_1_725' title='bbox 2007 5300 2080 5354; x_wconf 90' lang='lat' dir='ltr'><strong>ita</strong></span> 
     </span>
    </p>
   </div>
   <div class='ocr_carea' id='block_1_103' title="bbox 502 5394 2069 5472">
    <p class='ocr_par' dir='ltr' id='par_1_103' title="bbox 502 5394 2069 5472">
     <span class='ocr_line' id='line_1_103' title="bbox 502 5394 2069 5472; baseline -0.004 -16"><span class='ocrx_word' id='word_1_726' title='bbox 502 5419 627 5456; x_wconf 87' lang='lat' dir='ltr'><strong>cum</strong></span> <span class='ocrx_word' id='word_1_727' title='bbox 656 5403 762 5457; x_wconf 91' lang='lat' dir='ltr'><strong>illis</strong></span> <span class='ocrx_word' id='word_1_728' title='bbox 788 5402 1018 5457; x_wconf 90' lang='lat' dir='ltr'><strong>maritus</strong></span> <span class='ocrx_word' id='word_1_729' title='bbox 1054 5416 1150 5472; x_wconf 91' lang='lat' dir='ltr'><strong>per</strong></span> <span class='ocrx_word' id='word_1_730' title='bbox 1174 5398 1435 5470; x_wconf 89' lang='lat' dir='ltr'><strong>templum</strong></span> <span class='ocrx_word' id='word_1_731' title='bbox 1466 5396 1767 5452; x_wconf 87' lang='lat' dir='ltr'><strong>oberraret.</strong></span> <span class='ocrx_word' id='word_1_732' title='bbox 1799 5394 1877 5449; x_wconf 78' lang='lat' dir='ltr'><strong>Ac</strong></span> <span class='ocrx_word' id='word_1_733' title='bbox 1909 5394 1998 5448; x_wconf 92' lang='lat' dir='ltr'><strong>ille</strong></span> <span class='ocrx_word' id='word_1_734' title='bbox 2021 5397 2069 5449; x_wconf 92' lang='lat' dir='ltr'><strong>ei</strong></span> 
     </span>
    </p>
   </div>
   <div class='ocr_carea' id='block_1_104' title="bbox 498 5487 2075 5565">
    <p class='ocr_par' dir='ltr' id='par_1_104' title="bbox 498 5487 2075 5565">
     <span class='ocr_line' id='line_1_104' title="bbox 498 5487 2075 5565; baseline -0.004 -17"><span class='ocrx_word' id='word_1_735' title='bbox 498 5496 687 5548; x_wconf 78' lang='lat' dir='ltr'><strong>oninia</strong></span> <span class='ocrx_word' id='word_1_736' title='bbox 710 5492 1262 5565; x_wconf 83' lang='lat' dir='ltr'><strong>enarratdiligenter;</strong></span> <span class='ocrx_word' id='word_1_737' title='bbox 1287 5500 1400 5548; x_wconf 91' lang='lat' dir='ltr'><strong>tum</strong></span> <span class='ocrx_word' id='word_1_738' title='bbox 1427 5487 1888 5561; x_wconf 87' lang='lat' dir='ltr'><strong>quemadmodum</strong></span> <span class='ocrx_word' id='word_1_739' title='bbox 1921 5498 2075 5558; x_wconf 87' lang='lat' dir='ltr'><strong>post-</strong></span> 
     </span>
    </p>
   </div>
   <div class='ocr_carea' id='block_1_105' title="bbox 2192 4568 3787 4648">
    <p class='ocr_par' dir='ltr' id='par_1_105' title="bbox 2192 4568 3787 4648">
     <span class='ocr_line' id='line_1_105' title="bbox 2192 4568 3787 4648; baseline -0.001 -22"><span class='ocrx_word' id='word_1_740' title='bbox 2192 4572 2565 4643; x_wconf 76' lang='grc' dir='ltr'>ἀνεῳγμένης,</span> <span class='ocrx_word' id='word_1_741' title='bbox 2604 4570 2741 4624; x_wconf 84' lang='grc' dir='ltr'><strong>ἀλλά</strong></span> <span class='ocrx_word' id='word_1_742' title='bbox 2777 4568 2867 4624; x_wconf 85' lang='grc' dir='ltr'><strong>διά</strong></span> <span class='ocrx_word' id='word_1_743' title='bbox 2906 4569 3088 4639; x_wconf 83' lang='grc' dir='ltr'>πάσης</span> <span class='ocrx_word' id='word_1_744' title='bbox 3113 4569 3275 4625; x_wconf 79' lang='grc' dir='ltr'>αὐτόν</span> <span class='ocrx_word' id='word_1_745' title='bbox 3299 4587 3359 4623; x_wconf 83' lang='grc' dir='ltr'><strong>τε</strong></span> <span class='ocrx_word' id='word_1_746' title='bbox 3382 4572 3652 4644; x_wconf 81' lang='grc' dir='ltr'>περιῆγον</span> <span class='ocrx_word' id='word_1_747' title='bbox 3678 4576 3787 4648; x_wconf 72' lang='grc' dir='ltr'>τῆς</span> 
     </span>
    </p>
   </div>
   <div class='ocr_carea' id='block_1_106' title="bbox 2192 4660 3786 4735">
    <p class='ocr_par' dir='ltr' id='par_1_106' title="bbox 2192 4660 3786 4735">
     <span class='ocr_line' id='line_1_106' title="bbox 2192 4660 3786 4735; baseline 0.003 -18"><span class='ocrx_word' id='word_1_748' title='bbox 2192 4664 2505 4735; x_wconf 84' lang='grc' dir='ltr'>ἐκκλησίας,</span> <span class='ocrx_word' id='word_1_749' title='bbox 2542 4661 2645 4716; x_wconf 84' lang='grc' dir='ltr'>ἀνὰ</span> <span class='ocrx_word' id='word_1_750' title='bbox 2686 4662 2748 4715; x_wconf 81' lang='grc' dir='ltr'>τὸ</span> <span class='ocrx_word' id='word_1_751' title='bbox 2785 4660 2894 4715; x_wconf 84' lang='grc' dir='ltr'><strong>τῶν</strong></span> <span class='ocrx_word' id='word_1_752' title='bbox 2937 4660 3171 4733; x_wconf 76' lang='grc' dir='ltr'>ᾀδόντων</span> <span class='ocrx_word' id='word_1_753' title='bbox 3204 4662 3426 4733; x_wconf 77' lang='grc' dir='ltr'>πλῆθος.</span> <span class='ocrx_word' id='word_1_754' title='bbox 3484 4664 3786 4722; x_wconf 78' lang='grc' dir='ltr'>Ἀπέκλειε</span> 
     </span>
    </p>
   </div>
   <div class='ocr_carea' id='block_1_107' title="bbox 2189 4750 3786 4829">
    <p class='ocr_par' dir='ltr' id='par_1_107' title="bbox 2189 4750 3786 4829">
     <span class='ocr_line' id='line_1_107' title="bbox 2189 4750 3786 4829; baseline 0.004 -21"><span class='ocrx_word' id='word_1_755' title='bbox 2189 4754 2298 4828; x_wconf 80' lang='grc' dir='ltr'><strong>γὰρ</strong></span> <span class='ocrx_word' id='word_1_756' title='bbox 2327 4755 2427 4828; x_wconf 78' lang='grc' dir='ltr'>τὴν</span> <span class='ocrx_word' id='word_1_757' title='bbox 2454 4754 2630 4821; x_wconf 76' lang='grc' dir='ltr'>ἔξοδον</span> <span class='ocrx_word' id='word_1_758' title='bbox 2652 4752 2835 4816; x_wconf 82' lang='grc' dir='ltr'>αὐτοῖς</span> <span class='ocrx_word' id='word_1_759' title='bbox 2849 4750 3077 4823; x_wconf 82' lang='grc' dir='ltr'>δύναμις</span> <span class='ocrx_word' id='word_1_760' title='bbox 3100 4751 3368 4825; x_wconf 85' lang='grc' dir='ltr'>θειοτέρα,</span> <span class='ocrx_word' id='word_1_761' title='bbox 3404 4759 3786 4829; x_wconf 78' lang='grc' dir='ltr'>σωφρονέστε-</span> 
     </span>
    </p>
   </div>
   <div class='ocr_carea' id='block_1_108' title="bbox 2194 4844 3782 4920">
    <p class='ocr_par' dir='ltr' id='par_1_108' title="bbox 2194 4844 3782 4920">
     <span class='ocr_line' id='line_1_108' title="bbox 2194 4844 3782 4920; baseline 0.003 -20"><span class='ocrx_word' id='word_1_762' title='bbox 2194 4862 2285 4918; x_wconf 85' lang='grc' dir='ltr'><strong>ρον</strong></span> <span class='ocrx_word' id='word_1_763' title='bbox 2332 4846 2423 4898; x_wconf 82' lang='grc' dir='ltr'>τὸν</span> <span class='ocrx_word' id='word_1_764' title='bbox 2480 4845 2704 4917; x_wconf 88' lang='grc' dir='ltr'>ἀνόητον</span> <span class='ocrx_word' id='word_1_765' title='bbox 2762 4844 2971 4897; x_wconf 82' lang='grc' dir='ltr'>ἐκεῖνον</span> <span class='ocrx_word' id='word_1_766' title='bbox 3025 4844 3383 4917; x_wconf 77' lang='grc' dir='ltr'>ἐργαζομένη.</span> <span class='ocrx_word' id='word_1_767' title='bbox 3451 4848 3782 4920; x_wconf 85' lang='grc' dir='ltr'>Περιῖόντες</span> 
     </span>
    </p>
   </div>
   <div class='ocr_carea' id='block_1_109' title="bbox 2184 4934 3779 5014">
    <p class='ocr_par' dir='ltr' id='par_1_109' title="bbox 2184 4934 3779 5014">
     <span class='ocr_line' id='line_1_109' title="bbox 2184 4934 3779 5014; baseline 0.002 -24"><span class='ocrx_word' id='word_1_768' title='bbox 2184 4938 2364 4992; x_wconf 87' lang='grc' dir='ltr'>τοίνυν</span> <span class='ocrx_word' id='word_1_769' title='bbox 2380 4934 2653 5007; x_wconf 78' lang='grc' dir='ltr'>πανταχοῦ</span> <span class='ocrx_word' id='word_1_770' title='bbox 2670 4935 2763 4989; x_wconf 86' lang='grc' dir='ltr'><strong>τοῦ</strong></span> <span class='ocrx_word' id='word_1_771' title='bbox 2780 4935 2930 5001; x_wconf 87' lang='grc' dir='ltr'>ναοῦ,</span> <span class='ocrx_word' id='word_1_772' title='bbox 2945 4938 3325 5008; x_wconf 79' lang='grc' dir='ltr'>ἐντυγχάνουσι</span> <span class='ocrx_word' id='word_1_773' title='bbox 3348 4942 3779 5014; x_wconf 66' lang='grc' dir='ltr'>προσευχομένη</span> 
     </span>
    </p>
   </div>
   <div class='ocr_carea' id='block_1_110' title="bbox 2182 5028 3839 5105">
    <p class='ocr_par' dir='ltr' id='par_1_110' title="bbox 2182 5028 3839 5105">
     <span class='ocr_line' id='line_1_110' title="bbox 2182 5028 3839 5105; baseline 0.003 -22"><span class='ocrx_word' id='word_1_774' title='bbox 2182 5032 2248 5101; x_wconf 81' lang='grc' dir='ltr'>τῇ</span> <span class='ocrx_word' id='word_1_775' title='bbox 2282 5030 2447 5083; x_wconf 86' lang='grc' dir='ltr'>αὑτοῦ</span> <span class='ocrx_word' id='word_1_776' title='bbox 2474 5028 2711 5101; x_wconf 72' lang='grc' dir='ltr'>συζύγῳ.</span> <span class='ocrx_word' id='word_1_777' title='bbox 2754 5032 2999 5103; x_wconf 84' lang='grc' dir='ltr'>Κάκείνη</span> <span class='ocrx_word' id='word_1_778' title='bbox 3022 5032 3113 5085; x_wconf 72' lang='grc' dir='ltr'>τὸν</span> <span class='ocrx_word' id='word_1_779' title='bbox 3147 5033 3316 5105; x_wconf 84' lang='grc' dir='ltr'>ἄνδρα</span> <span class='ocrx_word' id='word_1_780' title='bbox 3352 5033 3449 5085; x_wconf 72' lang='grc' dir='ltr'>σὺν</span> <span class='ocrx_word' id='word_1_781' title='bbox 3480 5036 3596 5099; x_wconf 81' lang='grc' dir='ltr'>τοῖς</span> <span class='ocrx_word' id='word_1_782' title='bbox 3619 5036 3775 5088; x_wconf 82' lang='grc' dir='ltr'>οίκέ-</span> <span class='ocrx_word' id='word_1_783' title='bbox 3834 5062 3839 5068; x_wconf 95' lang='grc'><strong>-</strong></span> 
     </span>
    </p>
   </div>
   <div class='ocr_carea' id='block_1_111' title="bbox 2181 5121 3774 5195">
    <p class='ocr_par' dir='ltr' id='par_1_111' title="bbox 2181 5121 3774 5195">
     <span class='ocr_line' id='line_1_111' title="bbox 2181 5121 3774 5195; baseline 0.003 -21"><span class='ocrx_word' id='word_1_784' title='bbox 2181 5139 2302 5186; x_wconf 89' lang='grc' dir='ltr'>ταις</span> <span class='ocrx_word' id='word_1_785' title='bbox 2347 5122 2549 5187; x_wconf 77' lang='grc' dir='ltr'>ἰδοῦσα,</span> <span class='ocrx_word' id='word_1_786' title='bbox 2578 5121 2772 5194; x_wconf 83' lang='grc' dir='ltr'>πρῶτα</span> <span class='ocrx_word' id='word_1_787' title='bbox 2799 5124 2898 5194; x_wconf 85' lang='grc' dir='ltr'>μὲν</span> <span class='ocrx_word' id='word_1_788' title='bbox 2922 5123 3159 5177; x_wconf 84' lang='grc' dir='ltr'>ἐκκλίνει</span> <span class='ocrx_word' id='word_1_789' title='bbox 3185 5124 3280 5195; x_wconf 80' lang='grc' dir='ltr'>τὴν</span> <span class='ocrx_word' id='word_1_790' title='bbox 3305 5123 3454 5187; x_wconf 80' lang='grc' dir='ltr'>θέαν,</span> <span class='ocrx_word' id='word_1_791' title='bbox 3489 5124 3774 5179; x_wconf 82' lang='grc' dir='ltr'>δεδοικυῖα</span> 
     </span>
    </p>
   </div>
   <div class='ocr_carea' id='block_1_112' title="bbox 2188 5210 3773 5290">
    <p class='ocr_par' dir='ltr' id='par_1_112' title="bbox 2188 5210 3773 5290">
     <span class='ocr_line' id='line_1_112' title="bbox 2188 5210 3773 5290; baseline 0.001 -22"><span class='ocrx_word' id='word_1_792' title='bbox 2188 5215 2260 5286; x_wconf 80' lang='grc' dir='ltr'>μὴ</span> <span class='ocrx_word' id='word_1_793' title='bbox 2286 5216 2380 5268; x_wconf 72' lang='grc' dir='ltr'>καὶ</span> <span class='ocrx_word' id='word_1_794' title='bbox 2398 5210 2550 5279; x_wconf 74' lang='grc' dir='ltr'>οὗτος</span> <span class='ocrx_word' id='word_1_795' title='bbox 2564 5216 2733 5287; x_wconf 82' lang='grc' dir='ltr'>αὐτὴν</span> <span class='ocrx_word' id='word_1_796' title='bbox 2759 5216 2877 5270; x_wconf 76' lang='grc' dir='ltr'>ἴδοι·</span> <span class='ocrx_word' id='word_1_797' title='bbox 2909 5216 3059 5271; x_wconf 83' lang='grc' dir='ltr'>οὐδὲν</span> <span class='ocrx_word' id='word_1_798' title='bbox 3078 5216 3185 5290; x_wconf 77' lang='grc' dir='ltr'>γὰρ</span> <span class='ocrx_word' id='word_1_799' title='bbox 3202 5216 3339 5280; x_wconf 83' lang='grc' dir='ltr'>τέως</span> <span class='ocrx_word' id='word_1_800' title='bbox 3357 5216 3466 5269; x_wconf 87' lang='grc' dir='ltr'><strong>τῶν</strong></span> <span class='ocrx_word' id='word_1_801' title='bbox 3487 5216 3773 5289; x_wconf 78' lang='grc' dir='ltr'>πραχθέν-</span> 
     </span>
    </p>
   </div>
   <div class='ocr_carea' id='block_1_113' title="bbox 2179 5306 3769 5381">
    <p class='ocr_par' dir='ltr' id='par_1_113' title="bbox 2179 5306 3769 5381">
     <span class='ocr_line' id='line_1_113' title="bbox 2179 5306 3769 5381; baseline 0.002 -21"><span class='ocrx_word' id='word_1_802' title='bbox 2179 5308 2346 5378; x_wconf 80' lang='grc' dir='ltr'>τωνή</span> <span class='ocrx_word' id='word_1_803' title='bbox 2376 5306 2625 5379; x_wconf 81' lang='grc' dir='ltr'>Θεοδὼρα</span> <span class='ocrx_word' id='word_1_804' title='bbox 2657 5308 2775 5379; x_wconf 72' lang='grc' dir='ltr'>ᾔδει</span> <span class='ocrx_word' id='word_1_805' title='bbox 2795 5326 2808 5338; x_wconf 94' lang='grc'><strong>·</strong></span> <span class='ocrx_word' id='word_1_806' title='bbox 2845 5308 3036 5363; x_wconf 76' lang='grc' dir='ltr'>ἔπειτα</span> <span class='ocrx_word' id='word_1_807' title='bbox 3059 5308 3113 5361; x_wconf 86' lang='grc' dir='ltr'>δὲ</span> <span class='ocrx_word' id='word_1_808' title='bbox 3146 5309 3256 5362; x_wconf 84' lang='grc' dir='ltr'>τῶν</span> <span class='ocrx_word' id='word_1_809' title='bbox 3276 5308 3504 5362; x_wconf 86' lang='grc' dir='ltr'>οίκετῶν</span> <span class='ocrx_word' id='word_1_810' title='bbox 3530 5309 3628 5361; x_wconf 71' lang='grc' dir='ltr'>ἕνα</span> <span class='ocrx_word' id='word_1_811' title='bbox 3662 5328 3769 5381; x_wconf 82' lang='grc' dir='ltr'>με-</span> 
     </span>
    </p>
   </div>
   <div class='ocr_carea' id='block_1_114' title="bbox 2178 5398 3771 5472">
    <p class='ocr_par' dir='ltr' id='par_1_114' title="bbox 2178 5398 3771 5472">
     <span class='ocr_line' id='line_1_114' title="bbox 2178 5398 3771 5472; baseline 0.001 -21"><span class='ocrx_word' id='word_1_812' title='bbox 2178 5398 2613 5472; x_wconf 85' lang='grc' dir='ltr'>τακαλεσαμένη,</span> <span class='ocrx_word' id='word_1_813' title='bbox 2665 5400 2764 5471; x_wconf 78' lang='grc' dir='ltr'>τὴν</span> <span class='ocrx_word' id='word_1_814' title='bbox 2797 5400 2976 5454; x_wconf 81' lang='grc' dir='ltr'>αἰτίαν</span> <span class='ocrx_word' id='word_1_815' title='bbox 3013 5398 3221 5472; x_wconf 70' lang='grc' dir='ltr'>ἠρώτα,</span> <span class='ocrx_word' id='word_1_816' title='bbox 3267 5401 3334 5455; x_wconf 85' lang='grc' dir='ltr'><strong>δι’</strong></span> <span class='ocrx_word' id='word_1_817' title='bbox 3373 5401 3440 5472; x_wconf 76' lang='grc' dir='ltr'>ἢν</span> <span class='ocrx_word' id='word_1_818' title='bbox 3488 5400 3632 5454; x_wconf 78' lang='grc' dir='ltr'>οὕτω</span> <span class='ocrx_word' id='word_1_819' title='bbox 3662 5398 3771 5453; x_wconf 78' lang='grc' dir='ltr'><strong>σὺν</strong></span> 
     </span>
    </p>
   </div>
   <div class='ocr_carea' id='block_1_115' title="bbox 2180 5489 3768 5565">
    <p class='ocr_par' dir='ltr' id='par_1_115' title="bbox 2180 5489 3768 5565">
     <span class='ocr_line' id='line_1_115' title="bbox 2180 5489 3768 5565; baseline 0.003 -25"><span class='ocrx_word' id='word_1_820' title='bbox 2180 5489 2362 5552; x_wconf 74' lang='grc' dir='ltr'>αὐτοῖς</span> <span class='ocrx_word' id='word_1_821' title='bbox 2403 5490 2432 5541; x_wconf 83' lang='grc' dir='ltr'>ὁ</span> <span class='ocrx_word' id='word_1_822' title='bbox 2473 5489 2611 5563; x_wconf 82' lang='grc' dir='ltr'>ἀνὴρ</span> <span class='ocrx_word' id='word_1_823' title='bbox 2649 5489 2752 5545; x_wconf 83' lang='grc' dir='ltr'><strong>ἀνά</strong></span> <span class='ocrx_word' id='word_1_824' title='bbox 2790 5490 2881 5545; x_wconf 71' lang='grc' dir='ltr'><strong>τὸν</strong></span> <span class='ocrx_word' id='word_1_825' title='bbox 2923 5490 3050 5545; x_wconf 81' lang='grc' dir='ltr'>ναὸν</span> <span class='ocrx_word' id='word_1_826' title='bbox 3084 5491 3444 5565; x_wconf 74' lang='grc' dir='ltr'>περιέρχοιτο.</span> <span class='ocrx_word' id='word_1_827' title='bbox 3489 5492 3768 5551; x_wconf 80' lang='grc' dir='ltr'>Κάκεῖνος</span> 
     </span>
    </p>
   </div>
   <div class='ocr_carea' id='block_1_116' title="bbox 1806 5662 2486 5724">
    <p class='ocr_par' dir='ltr' id='par_1_116' title="bbox 1806 5662 2486 5724">
     <span class='ocr_line' id='line_1_116' title="bbox 1806 5662 2486 5724; baseline -0.001 -2"><span class='ocrx_word' id='word_1_828' title='bbox 1806 5662 2044 5722; x_wconf 71' lang='lat' dir='ltr'><strong>VARUE</strong></span> <span class='ocrx_word' id='word_1_829' title='bbox 2083 5664 2486 5724; x_wconf 77' lang='lat' dir='ltr'><strong>LECTIONES.</strong></span> 
     </span>
    </p>
   </div>
   <div class='ocr_carea' id='block_1_117' title="bbox 576 5770 971 5829">
    <p class='ocr_par' dir='ltr' id='par_1_117' title="bbox 576 5770 971 5829">
     <span class='ocr_line' id='line_1_117' title="bbox 576 5770 971 5829; baseline 0.003 -2"><span class='ocrx_word' id='word_1_830' title='bbox 576 5770 621 5805; x_wconf 83' lang='grc'><strong><em>⁸³</em></strong></span> <span class='ocrx_word' id='word_1_831' title='bbox 639 5774 786 5829; x_wconf 86' lang='lat' dir='ltr'><strong>deest</strong></span> <span class='ocrx_word' id='word_1_832' title='bbox 821 5773 872 5827; x_wconf 91' lang='lat' dir='ltr'><strong>in</strong></span> <span class='ocrx_word' id='word_1_833' title='bbox 898 5773 971 5829; x_wconf 81' lang='lat' dir='ltr'><strong>al.</strong></span> 
     </span>
    </p>
   </div>
  </div>
