4066 6330
291 309 396 365 585

1063 312 1608 396 cantamina-5
1637 296 1938 371 EPITOME
1976 311 2063 367 ns
2098 311 2340 368 casus
2381 311 2441 366 s.
2483 311 2703 367 PETRI.

3416 314 3519 370 586

288 429 424 502 αὐτῇ
471 431 645 486 πάντα
687 431 976 502 καταλέγει
1018 435 1113 489 σὺν
1137 435 1413 509 ἀκριϐείᾳ.-
1449 436 1596 500 ὂπως
1621 454 1679 495 τε
1719 434 1857 506 μετὰ

1958 450 2122 504 quam
2154 433 2244 488 illa
2273 433 2437 489 domo
2467 433 2712 497 exiisset,
2746 432 2882 486 clam
2914 430 3076 486 etiam
3112 430 3213 500 ipsi
3241 429 3307 485 ad
3347 430 3523 485 eccle-

296 523 386 593 τὴν
405 524 484 576 ,ἐκ
516 522 612 575 τοῦ
638 523 790 577 οἴκου
834 526 1003 598 αὐτῆς
1036 525 1407 600 ὑποχώρησιν,
1441 526 1616 599 λάθρα
1640 527 1735 598 τὴν
1761 529 1854 579 ἐκ·

289 613 517 682 κλησίαν
544 615 637 667 καὶ
663 614 816 668 αὐτοὶ
841 615 1212 671 καταλάϐοιεν·
1264 619 1359 672 καὶ
1385 619 1550 682 ὅπως,
1577 617 1673 688 τὴν
1696 617 1857 688 εὐχὴν

285 699 379 754 τοῦ
409 702 1197 774 πατριάρχουιδιατελέσαντος,
1216 706 1412 777 τυφλρς
1432 707 1592 772 εὐθὺς
1613 708 1641 760 ὁ
1671 707 1858 778 γύριος

288 791 466 845 αὐτῶν
513 792 721 861 γένοιτο
772 795 866 848 καὶ
916 795 1115 864 κωφός.
1145 797 1254 851 Καὶ
1286 797 1360 861 ὡς
1392 796 1714 869 προστάξειε
1760 796 1856 868 μὲν

286 882 472 946 αὐτοῖς
498 885 906 956 χειραγωγῆσαι
933 886 1093 940 αὐτὸν
1119 887 1212 940 ἐπὶ
1253 886 1351 960 τὴν
1389 889 1585 952 οίκίαν,
1634 887 1857 957 οὐδεμία

285 976 342 1054 δέ
367 975 552 1040 αὐτοῖς
571 975 771 1043 ἔξοδος,
800 978 974 1030 καίτοι
1003 977 1177 1031 πολλὰ
1200 979 1434 1051 καμοῦσι
1467 980 1560 1034 καὶ
1586 976 1858 1048 πανταχοῦ

285 1069 386 1140 τῆς
408 1069 701 1138 ἐκκλησίας
728 1086 794 1120 πε
805 1068 1122 1140 ριελθοῦσιν,
1162 1068 1484 1142 ιὺρίσκεται.

356 1159 514 1220 CLV.
545 1159 760 1212 Τούτων
803 1161 984 1231 ἐκείνη
1022 1157 1322 1224 ἀκούσασα,
1370 1161 1598 1231 συνῆκεν
1637 1159 1855 1224 εὐθέως,

283 1252 406 1308 ὅθεν
446 1255 480 1322 ἡ
524 1251 632 1305 τῶν
665 1251 815 1305 ὤτων
845 1251 992 1322 αύτῷ
1041 1252 1133 1305 καὶ
1163 1252 1268 1304 τῶν
1291 1251 1582 1322 ὀφθαλμῶν
1611 1253 1856 1324 πήρωσις

281 1340 348 1416 ἦν
365 1363 377 1374 ·
405 1345 500 1398 καὶ
519 1343 710 1416 βοηθὸς
731 1344 774 1374 ³⁸
791 1341 1002 1415 ἀληθῶς
1027 1335 1174 1415 αὐτῷ
1200 1343 1425 1412 γίνεται.
1455 1345 1734 1415 Τραπεῖσα
1753 1344 1858 1416 γὰρ

284 1438 364 1498 εἰς
391 1436 558 1506 εὐχὴν
582 1434 802 1498 αὐτίκα,
848 1435 942 1487 καὶ
965 1418 1174 1505 δάκρυα
1202 1433 1337 1505 μετὰ
1367 1434 1466 1503 τῆς
1492 1433 1656 1504 εὐχῆς
1683 1431 1860 1505 θερμὰ

285 1527 482 1600 χέουσα
517 1527 581 1592 ³⁸,
612 1526 781 1579 ἐδεῖτο
823 1525 914 1579 τοῦ
942 1525 1095 1590 Θεοῦ,
1123 1526 1262 1580 ὥστε
1297 1527 1394 1598 τὴν
1421 1524 1593 1591 ἔξοδον
1634 1526 1856 1596 ἐπιτρα·

286 1626 452 1695 πῆναι
485 1623 564 1694 τῷ
595 1622 860 1692 Σισιννίῳ,
890 1624 982 1676 καὶ
1022 1622 1203 1675 οἴκαδε
1237 1619 1570 1693 ὑποστρέψαι
1604 1619 1648 1650 ³⁸
1676 1618 1854 1674 αὐτόν.

284 1717 395 1770 Καὶ
426 1714 566 1786 πρὸς
594 1713 720 1776 τοὺς
763 1712 978 1775 οἰκέτας
1020 1712 1441 1783 ἐπιστραφείσα’
1471 1707 1607 1780 (ᾔδει
1640 1708 1747 1780 γάρ
1783 1709 1858 1772 ὡς

281 1806 402 1875 οὐδὲ
436 1805 530 1858 τὸν
563 1803 730 1876 ἄνδρα
764 1803 1081 1875 περιόψεται
1122 1802 1336 1865 πάντως
1358 1804 1385 1856 ὁ
1418 1801 1637 1872 ἐκείνης
1659 1799 1850 1874 ,Θεός)·

289 1897 520 1963 Ἄγετε,
567 1893 722 1964 φησὶ,
769 1892 858 1946 τὸν
897 1891 1083 1964 κύριον
1127 1892 1278 1963 ὑμῶν
1314 1891 1448 1965 πρὸς
1491 1891 1530 1923 ³²
1576 1890 1666 1945 τὸν
1712 1889 1855 1944 οἷκον

283 1988 759 2060 χειραγωγήσατε·
791 1971 1188 2054 καταλαμϐάνω
1214 1983 1270 2036 δὲ
1307 1983 1442 2054 μετά
1485 1981 1656 2054 βραχῦ
1697 1983 1853 2054 αὐτή.

283 2077 470 2138 Ταῦτα
514 2077 638 2147 ἔφη,
677 2077 770 2129 καὶ⁵
804 2076 960 2148 ῥᾳδία
996 2077 1029 2146 ἡ
1063 2073 1238 2141 ἔξοδος
1271 2073 1428 2136 εὐθὺς
1467 2075 1582 2137 ’τοῖς
1623 2072 1857 2134 οἰκέταις

284 2169 522 2242 ἐγένετο.
550 2167 660 2222 Καὶ
685 2169 713 2219 ὁ
745 2167 1004 2230 Σισίννιος
1035 2164 1342 2236 ὀφθαλμοὺς
1367 2163 1445 2217 ἔτι
1478 2165 1570 2218 καὶ
1607 2157 1718 2218 ὦτα
1763 2180 1857 2215 πε-

284 2259 631 2330 πηρωμένος,
656 2259 1074 2329 ἐχειραγωγεῖτο
1102 2256 1239 2327 πρὸς
1263 2255 1359 2327 τὴν
1385 2257 1582 2310 οἰκίαν.
1621 2256 1682 2308 0i
1710 2255 1856 2308 οἰκέ-

281 2368 371 2403 ται
415 2351 597 2404 τοίνυν
656 2349 896 2413 ἐλθόντες
933 2347 1086 2421 παρὰ
1107 2349 1203 2421 τὴν
1239 2347 1535 2421 Θεοδὼραν,
1580 2349 1672 2401 καὶ
1704 2343 1857 2411 αὖθις

282 2442 361 2495 ἔτι
388 2444 571 2512 κωφὸν
595 2438 733 2496 εἶναι
757 2442 850 2495 καὶ⁸
871 2442 1067 2512 τυφλὸν
1090 2441 1180 2494 τὸν
1203 2439 1408 2493 ἑαυτῶν
1428 2439 1856 2509 ἀπαγγέλλουσιν

282 2533 489 2604 κύριον.
540 2532 654 2586 Καὶ
680 2530 818 2602 αὐτὴ
847 2531 1214 2602 συντονωτέρᾳ
1261 2529 1418 2583 πάλιν
1446 2529 1583 2601 πρὸς
1613 2530 1704 2584 τὸν
1726 2531 1856 2585 Θεὸν

281 2629 347 2698 τῇ
383 2626 570 2696 δεήσει
604 2625 696 2677 καὶ
728 2623 1075 2694 θερμοτέροις
1124 2623 1293 2675 ἐδεῖτο
1340 2623 1386 2654 ³⁸
1425 2626 1535 2686 τοῖς
1578 2622 1855 2695 δάκρυσιν,

281 2718 426 2772 ὥστε
450 2717 542 2770 τὸν
574 2716 742 2787 ἄνδρα
767 2714 860 2768 τοῦ
897 2714 1102 2777 πάθους
1127 2712 1501 2784 ἀπαλλαγῆναι
1519 2731 1531 2742 ε
1559 2713 1656 2784 ἤδη
1681 2712 1736 2766 δὲ
1765 2714 1859 2766 καὶ

284 2809 379 2865 τοῦ
437 2806 778 2881 πατριάρχου
827 2806 926 2876 τὴν
987 2803 1137 2877 ἱερὰν
1193 2803 1573 2867 ἐκτελέσαντος
1618 2803 1858 2877 λειτουρ-

282 2902 405 2971 γίαν
429 2898 564 2970 (20),
597 2899 782 2950 πίπτει
801 2895 933 2968 πρὸς
953 2896 1077 2958 τοὺς
1099 2894 1262 2949 αὑτοῦ
1277 2895 1437 2957 πόδας
1451 2896 1484 2965 ἡ
1498 2893 1863 2966 Θεοδὼρα,καὶ

280 2994 378 3064 τὴν
394 2991 641 3062 πήρωσιν
651 2988 742 3042 τοῦ
764 2986 951 3059 ἀνδρὸς
975 2986 1299 3055 ἀπαγγέλλει
1332 2986 1425 3040 καὶ
1440 2985 1606 3038 δεῖται
1630 2986 1723 3038 καὶ
1753 2987 1863 3039 ἱκε-

281 3081 446 3144 τεύει,
472 3071 786 3150 καὶδᾶκρυα
797 3077 904 3130 τῶν
932 3075 1104 3129 ποδῶν
1126 3076 1408 3148 καταχέει,
1434 3074 1763 3148 θεραπεῦσαι
1781 3074 1860 3147 τῷ
1884 3111 1930 3172 c

278 3170 436 3243 ἀνδρὶ
455 3176 517 3222 τὸ
542 3167 729 3232 πάθος,
765 3169 855 3222 καὶ
882 3169 955 3240 μὴ
982 3167 1121 3221 οὓτω
1146 3167 1404 3239 περιιδεῖν
1430 3167 1614 3230 κακῶς
1646 3167 1854 3239 ἔχοντα.

349 3262 536 3320 CLVI.
567 3261 784 3315 Τούτων
816 3262 843 3315 ὁ
887 3261 1152 3332 μακάριος
1191 3260 1425 3333 Κλήμης
1471 3259 1730 3325 ἀκούσας,
1765 3258 1860 3312 καὶ

279 3357 470 3412 παθὼν
497 3357 592 3410 ἐπὶ
618 3357 682 3426 τῇ
709 3354 810 3424 τῆς
836 3353 1091 3423 γυναικὸς
1133 3354 1386 3424 συμφορᾷ
1414 3351 1510 3424 τὴν
1537 3352 1740 3425 ψυχὴν,
1779 3351 1860 3414 είς

277 3453 491 3522 δάκρυα
516 3449 611 3503 καὶ
651 3445 810 3509 αὐτὸς
838 3444 1046 3517 φανερά
1075 3443 1394 3514 κατάγεται,
1437 3443 1531 3498 καὶ
1560 3442 1860 3516 προτρέπε-

273 3563 364 3598 ται
406 3542 542 3605 τοὺς
583 3539 856 3610 παρόντας
895 3539 1048 3610 κοινῇ
1085 3533 1179 3589 τοῦ
1219 3533 1354 3588 Θεοῦ
1399 3533 1677 3605 δεηθῆναι,
1720 3533 1858 3586 ὥστε

274 3630 508 3704 λυθῆναι
536 3631 616 3701 τῷ
639 3628 887 3699 Σισιννίῳ
915 3628 1014 3699 τὴν
1038 3628 1304 3698 πήρωσιν.
1328 3625 1530 3680 Τούτου
1551 3625 1608 3679 δέ
1628 3623 1857 3697 γενομέ-

278 3744 394 3790 νου,
428 3723 782 3798 θαρρούντως
819 3721 1003 3775 ἄπεισι
1047 3717 1185 3790 μετὰ
1211 3719 1310 3790 τῆς
1353 3716 1608 3787 γυναικὸς
1641 3716 1732 3770 ἐπὶ
1769 3717 1858 3770 τὸν

275 3811 427 3871 οἷκον
453 3817 481 3869 ὁ
512 3812 888 3884 πατριάρχης,
921 3813 1013 3866 καὶ
1059 3809 1437 3881 ἀνεῳγμένους
1479 3809 1580 3879 μὲν
1618 3808 1859 3880 εὑρίσκει

276 3905 355 3976 τῷ
384 3903 548 3974 ἀνδρὶ
567 3904 695 3966 τοὺς
714 3900 1041 3972 ὀφθαλμοὺς,
1076 3902 1156 3964 είς
1177 3900 1234 3953 δέ
1256 3900 1317 3953 τὸ
1339 3898 1554 3970 βλέπειν
1582 3899 1732 3953 οὐδὲν
1751 3898 1859 3952 τῶν

280 3995 707 4069 πεπηρωμένων
745 3994 967 4064 ἄμεινον
1001 3992 1238 4063 ἔχοντας.
1284 3990 1592 4061 Κεκώφωτο
1623 3991 1666 4022 ⁸⁸
1708 3990 1764 4043 δὲ
1791 3989 1860 4043 τὰ

280 4083 411 4152 ὦτα,
446 4087 546 4142 καὶ
569 4084 848 4156 βαρυτάτῃ
875 4084 1130 4155 συμφορᾷ
1154 4083 1280 4155 περὶ
1305 4082 1366 4135 τὸ
1389 4081 1547 4153 σῶμα
1575 4081 1854 4152 ἐκέχρητο.

293 4180 559 4252 Ὀδυρμὸς
577 4172 670 4230 οὗν
686 4178 750 4230 ἐκ
770 4175 878 4228 τῶν
909 4175 1189 4245 παρόντων
1217 4175 1450 4244 ἐγένετο,
1476 4173 1567 4227 καὶ
1597 4173 1858 4244 κατέσχεν

280 4270 494 4342 οἰμωγὴ
532 4269 625 4322 τὸν
646 4263 813 4320 οἷκον.
854 4267 991 4320 Ἀλλ’
1011 4268 1039 4319 ὁ
1063 4265 1161 4338 μὲν
1190 4265 1451 4329 Σισίννιος
1477 4267 1574 4318 οὐκ
1600 4264 1859 4337 ᾐσθάνετο

279 4363 384 4416 τῶν
411 4359 822 4432 γεγενημένων.
854 4358 978 4422 Πῶς
1014 4358 1080 4423 ⁸ο,
1106 4359 1165 4422 ὃς
1190 4375 1254 4426 γε
1285 4358 1386 4411 οὐκ
1411 4358 1454 4389 ⁸³
1481 4357 1698 4411 ἀκούειν
1733 4356 1856 4410 οὔτε

280 4453 409 4524 ὀρᾷν
442 4448 590 4522 εἶχεν
613 4490 628 4505 .

345 4544 554 4601 CLVII.
572 4542 985 4613 ’Υπεραλγήσας
999 4543 1055 4596 δέ
1075 4545 1103 4596 ό
1136 4541 1276 4604 θεῖος
1296 4541 1526 4612 Κλήμης
1555 4541 1655 4612 τῆς
1680 4558 1866 4610 γυναι-

282 4640 374 4704 κδς
402 4641 500 4694 καὶ
513 4637 608 4692 τοῦ
619 4626 983 4706 οἴκου,ίκέτης
994 4635 1198 4704 γίνεται
1213 4633 1306 4686 τοῦ
1332 4631 1487 4695 Θεοῦ,
1505 4633 1597 4688 καὶ⁵
1621 4631 1758 4702 μετὰ
1773 4631 1864 4684 δα-

1960 527 2097 581 siam
2153 526 2469 591 venissent,
2523 535 2638 579 tum
2697 539 2807 594 quo
2854 531 3013 594 pacto
3042 539 3164 578 eum
3213 523 3522 592 patriarcha

1959 615 2260 670 orationem
2279 613 2595 685 peregisset,
2634 613 2888 668 dominus
2919 627 3104 667 eorum
3137 605 3327 668 statim
3345 611 3524 668 caseus

1959 715 2011 761 et
2039 706 2240 760 surdus
2287 702 2466 760 factus
2496 714 2677 772 esset;
2711 715 2824 759 tum
2859 719 2969 774 quo
2996 703 3158 759 modo
3210 704 3319 760 illis
3351 703 3526 773 impe-

1960 806 2136 852 rasset
2163 797 2384 868 quidem
2435 808 2494 851 ut
2523 811 2645 852 eum
2694 812 2858 851 manu
2896 797 3116 851 domum
3167 785 3520 866 deducerent,

1959 891 2142 947 nullus
2191 901 2372 946 autem
2404 891 2473 946 ab
2501 889 2635 960 ipsis
2666 891 2844 944 exitus
2875 888 3224 958 reperiretur,
3269 889 3521 960 quamvis

1959 982 2189 1036 multum
2219 983 2563 1038 laborassem
2592 997 2656 1038 ac
2679 983 2878 1053 ubique
2907 997 3002 1051 per
3023 981 3308 1036 ecclesiam
3335 983 3523 1036 obam-

1958 1074 2257 1130 bulassent.

2030 1164 2188 1222 CLV.
2222 1166 2318 1223 llis
2346 1168 2437 1221 illa
2467 1167 2690 1235 auditis,
2736 1167 2998 1221 intellexit
3038 1165 3243 1231 statim,
3274 1166 3416 1220 unde
3445 1164 3522 1219 illi

1960 1259 2174 1313 aurium
2203 1268 2255 1313 et
2285 1259 2571 1313 oculorum
2612 1258 2856 1314 defectus
2872 1259 3191 1320 accidisset;
3221 1257 3379 1327 eique
3400 1273 3527 1312 vere
3606 1253 3610 1257 ’

1959 1349 2269 1404 auxiliatrix
2303 1349 2551 1404 eﬂicitur.
2595 1347 2745 1403 lllico
2785 1364 3024 1418 namque
3056 1346 3342 1402 conferens
3371 1361 3429 1401 se
3455 1345 3522 1399 ad

1959 1456 2167 1508 preces,
2193 1442 2569 1512 lacry’masquc
2601 1457 2724 1497 cum
2749 1439 3060 1510 precatione
3085 1454 3241 1494 acres
3263 1438 3520 1504 fundens,

1959 1529 2354 1597 orabatDeum,
2387 1543 2444 1587 ut
2469 1532 2712 1588 Sisinnio
2731 1533 2910 1587 exitus
2935 1531 3346 1597 concederetur,
3369 1531 3525 1598 isque

1957 1624 2181 1678 domum
2232 1626 2450 1681 rediret.
2483 1624 2548 1679 Et
2595 1626 2660 1694 ad
2707 1625 2944 1680 famulos
2974 1640 3240 1679 conversa
3275 1626 3525 1694 (noverat

1958 1715 2102 1769 enim
2154 1717 2297 1794 quod
2349 1732 2447 1770 nec
2497 1717 2676 1769 virum
2719 1717 3073 1785 despecturus
3109 1723 3255 1770 esset
3296 1714 3522 1768 omnino

1960 1807 2122 1871 Deus,
2150 1824 2310 1879 quem
2348 1809 2464 1879 ipsa
2500 1811 2757 1881 colebat),
2780 1810 2958 1880 Agite,
2995 1809 3205 1878 inquit;
3235 1810 3519 1864 dominum

1957 1909 2195 1960 vestrum
2248 1901 2314 1956 ad
2343 1902 2565 1956 domum
2602 1920 2765 1958 manu
2800 1903 3022 1968 ducite;
3055 1904 3168 1972 ipsa
3198 1918 3328 1958 vero
3360 1903 3524 1973 paulo

1935 1991 2078 2064 'post
2105 1995 2357 2056 advenio.
2386 1995 2507 2051 Ilaec
2537 1997 2694 2062 dixit,
2724 1998 3120 2067 confestimque
3143 1996 3319 2051 facilis
3340 1997 3522 2052 exitus

1956 2087 2163 2142 exstitit
2192 2087 2430 2143 famulis.
2463 2087 2524 2142 Et
2562 2089 2839 2144 Sisinnius
2869 2089 3042 2143 oculis
3078 2088 3255 2143 adhuc
3278 2097 3332 2141 et
3373 2088 3524 2142 auri-

1957 2178 2059 2233 bus
2089 2190 2280 2249 captus
2312 2181 2536 2235 domum
2566 2198 2726 2235 manu
2754 2181 3074 2236 ducebatur.
3101 2179 3314 2233 Famuli
3339 2188 3519 2232 autem

1957 2271 2236 2326 venientes
2251 2273 2315 2326 ad
2331 2271 2698 2340 Theodoram,
2731 2274 2926 2328 iterum
2961 2272 3217 2327 nuntiant
3239 2271 3520 2326 dominum

1957 2380 2118 2419 suum
2160 2365 2339 2419 adhuc
2378 2364 2606 2420 surdum
2650 2381 2771 2421 esse
2820 2381 2885 2421 ac
2925 2381 3150 2421 crucum.
3197 2363 3522 2433 Rursusque

1957 2456 2073 2528 ipsa
2101 2458 2529 2514 contentioribus
2558 2459 2623 2511 ad
2653 2457 2821 2511 Deum
2854 2458 3126 2526 precibus,
3159 2457 3523 2526 lacrymisque

1957 2550 2453 2605 vehementioribus
2481 2550 2694 2617 orabat,
2724 2560 2783 2604 ut
2809 2550 2890 2603 vir
2913 2566 2942 2602 a
2966 2551 3155 2603 morbo
3177 2549 3521 2609 liberaretur.

1958 2639 2205 2712 Cumque
2243 2643 2355 2712 jam
2387 2642 2700 2712 patriarcha
2758 2657 2969 2696 sacram
3023 2640 3338 2711 perfecisset
3365 2641 3524 2694 litur—

1960 2736 2124 2806 giamp,
2169 2735 2405 2804 procidit
2441 2736 2510 2789 ad
2554 2736 2674 2805 ejus
2721 2735 2882 2804 pedes
2907 2732 3218 2800 Theodora,
3248 2741 3301 2787 et
3335 2731 3517 2786 mariti

1961 2824 2291 2879 debilitatem
2319 2825 2656 2894 pronuntiat,
2689 2822 3037 2893 profusisque
3067 2823 3131 2876 ad
3157 2821 3320 2891 pedes
3349 2822 3525 2892 lacry-

1963 2913 2065 2967 mis
2096 2921 2349 2983 precatur
2371 2929 2434 2968 ac
2459 2914 2708 2969 obsecrat
2735 2923 2793 2968 ut
2822 2914 2924 2968 viri
2952 2913 3198 2968 morbum
3225 2923 3397 2977 curet,
3426 2926 3525 2968 nec

1964 3005 2036 3059 ita
2063 3020 2190 3063 eum
2227 3006 2366 3061 male
2391 3006 2675 3063 habentem
2707 3005 2985 3077 despiciat.

2030 3269 2207 3326 CLVI.
2242 3271 2374 3340 Quae
2399 3291 2523 3330 cum
2557 3274 2824 3329 audiissct
2852 3275 3043 3331 beatus
3071 3273 3343 3339 Clemens,
3376 3290 3439 3329 ac
3456 3279 3524 3328 ex‘

1959 3363 2147 3444 animo
2185 3367 2432 3422 mulieris
2473 3368 2836 3422 calamitatem
2864 3367 3099 3431 doleret;
3152 3367 3206 3420 in
3249 3367 3523 3438 lacrymas

1960 3450 2074 3522 ipse
2124 3455 2287 3508 etiam
2338 3455 2657 3511 manifestas
2689 3457 3014 3527 prorumpit,
3051 3471 3252 3526 eosque
3291 3455 3386 3526 qui
3431 3457 3526 3510 ad-

1957 3554 2114 3600 erant
2136 3544 2384 3600 hortatur
2421 3545 2588 3601 Deum
2621 3548 2672 3600 In
2699 3549 2976 3602 communi
3007 3562 3182 3612 orare,
3200 3557 3259 3602 ut
3282 3563 3311 3602 a
3345 3546 3522 3602 Sisin-

1960 3636 2054 3690 nio
2079 3636 2302 3691 morbus
2333 3637 2652 3707 depellatur.
2681 3638 2801 3705 Quo
2833 3640 2998 3705 facto,
3031 3640 3344 3708 patriarcha
3390 3656 3526 3694 con-

1959 3727 2189 3784 fidenter
2217 3729 2439 3784 domum
2468 3745 2594 3784 cum
2623 3731 2854 3784 muliere
2892 3730 3003 3785 abit
3031 3747 3044 3782 :
3077 3739 3130 3784 et
3154 3741 3370 3799 apertos
3400 3733 3524 3800 qui-

1959 3822 2081 3876 dem
2112 3822 2450 3877 nanciscitur
2481 3821 2584 3875 viri
2609 3821 2820 3885 oculos,
2841 3822 2907 3875 ad
2935 3821 3225 3876 videndum
3256 3837 3384 3875 vero
3413 3838 3521 3876 non

1959 3915 2156 3970 melius
2204 3930 2368 3985 quam
2411 3929 2678 3972 caecorum
2713 3912 3027 3982 dispositos.
3067 3912 3170 3969 Sed
3214 3923 3265 3968 et
3294 3915 3522 3969 auribus

1958 4007 2344 4070 obsurduerat,
2377 4015 2540 4076 atque
2592 4007 2829 4076 pessime
2862 4019 3092 4077 corpore
3117 4014 3236 4060 erat
3267 4005 3515 4060 allectus.

1955 4101 2040 4157 Ab
2070 4101 2138 4155 iis
2165 4113 2294 4170 ergo
2317 4098 2418 4169 qui
2441 4107 2735 4169 praesentes
2767 4105 2925 4152 erant
2947 4098 3265 4152 lamentatio
3281 4108 3519 4164 ortaest,

1957 4195 2291 4261 domumque
2316 4191 2552 4261 ejulatus
2580 4192 2888 4262 occupavit.
2919 4190 3304 4247 Verumtamen
3345 4192 3521 4249 Sisin-

1959 4285 2083 4338 nius
2110 4298 2232 4352 quae
2269 4281 2412 4336 facta
2441 4279 2658 4335 fuerant
2685 4294 2790 4333 non
2823 4279 3175 4350 intelligebat,
3203 4280 3412 4336 scilicet
3447 4290 3509 4336 ut

1959 4378 2053 4450 qui
2083 4376 2204 4432 visu
2235 4384 2288 4431 et
2315 4374 2503 4429 auditu
2529 4375 2773 4444 privatus
2794 4382 2956 4428 esset.

2029 4532 2232 4591 CLVII.
2264 4530 2488 4584 Divinus
2524 4538 2704 4582 autem
2737 4525 2993 4581 Clemens
3014 4564 3030 4589 ,
3075 4541 3198 4581 cum
3227 4528 3519 4584 admodum

1960 4623 2203 4683 mulieris
2234 4637 2297 4676 ac
2323 4619 2519 4674 domus
2541 4617 2713 4672 vicem
2745 4617 2952 4672 doleret
2976 4655 2990 4679 ,
3030 4615 3140 4672 Deo
3182 4619 3404 4689 supplex
3440 4623 3518 4683 lit,

281 4729 463 4800 κρύων
485 4728 677 4790 ἐδεῖτο,
691 4728 787 4782 καὶ⁸
808 4723 1126 4797 περιπαθεῖς
1142 4723 1372 4787 ἐξέτεινε
1387 4721 1484 4784 τὰς
1512 4719 1738 4790 δεήσεις·
1754 4720 1865 4772 Κύ-

1958 4728 2011 4775 et
2035 4713 2157 4773 cum
2181 4711 2435 4785 lacrymis
2465 4710 2805 4780 precabatur,
2829 4708 3160 4779 aﬂ‘ectusque
3189 4713 3376 4781 plenas
3398 4730 3523 4769 ora.

287 4837 364 4892 ριε
381 4818 557 4890 Ἰησοῦ
571 4817 792 4888 Χριστέ,
808 4815 999 4883 λέγων,
1016 4815 1044 4866 ὁ
1057 4812 1154 4877 τὰς
1168 4811 1276 4892 τῶν
1289 4809 1529 4880 οὐρανῶν
1549 4807 1691 4869 κλεῖς
1707 4807 1867 4860 δεδω-

1958 4812 2135 4867 tiones
2151 4808 2310 4873 fudit,
2333 4806 2551 4860 dicens:
2572 4801 2800 4857 Domine
2818 4801 2945 4856 Jesu
2969 4803 3205 4869 Christe,
3224 4808 3314 4874 qui
3341 4807 3521 4864 claves

283 4887 392 4972 κὼς
499 4887 780 4977 αποστόλῳ
795 4922 886 4958 σου
903 4903 1110 4974 Πέτρῳ,
1126 4887 1219 4955 καὶ
1235 4902 1407 4972 Ἀπερ
1434 4898 1664 4965 ἀνοίξεις
1699 4898 1865 4967 ἀνέῳ-

286 5021 408 5056 κται
426 5044 442 5066 ,
468 5000 660 5064 εἰπὼν,
703 4999 798 5053 καὶ
820 4999 963 5070 άπερ
989 4998 1056 5051 ἂν
1080 4995 1296 5067 κλείσῃς
1326 4992 1660 5054 κέκλεισται,
1695 4988 1854 5052 αὐτὸς

289 5096 376 5148 καὶ
399 5095 528 5158 τοὺς
551 5091 981 5164 πεπηρωμένους
1013 5085 1317 5156 ὀφθαλμοὺς
1342 5082 1436 5140 τοῦ
1469 5081 1657 5151 ἀνδρὸς
1681 5079 1853 5143 τοῦδε,

1960 4902 2223 4957 calorum
2253 4897 2456 4954 dedisti
2480 4895 2724 4966 apostolo
2749 4905 2841 4951 tuo
2862 4893 3046 4958 Petro,
3071 4905 3125 4949 et
3149 4897 3364 4953 dixisti:
3387 4896 3523 4964 Qua:

1961 4991 2268 5063 aperueris,
2305 4999 2488 5059 aperta
2513 4997 2674 5042 erunt
2695 5027 2710 5052 ,
2750 4997 2807 5042 et
2847 5002 2969 5056 qua:
3000 4989 3296 5054 clauseris,
3332 4991 3518 5046 clausa

1961 5080 2222 5146 erunt“;
2259 5079 2374 5148 ipse
2399 5085 2456 5132 et
2483 5077 2630 5147 aperi
2679 5092 2851 5132 caecos
2893 5077 2998 5132 viri
3037 5079 3207 5148 huius
3237 5079 3426 5135 oculos
3455 5095 3520 5134 ac

1588 5220 1820 5278 ἾΔΒΙᾸΞ
1856 5219 2251 5282 LECTIONES.

357 5317 946 5391 “aLinsetubcﬂal.
981 5319 1172 5391 χέασα.
1245 5318 1296 5391 f‘
1329 5317 1401 5370 al.
1440 5312 1792 5391 ἀναστρέψαι.
1871 5314 1910 5344 ³⁷
1936 5315 2006 5368 al.
2049 5315 2143 5367 καὶ
2170 5313 2334 5382 πρός..
2405 5311 2447 5342 ³⁸
2472 5311 2544 5365 al.
2584 5309 2802 5381 ἐχρῆτο.
2859 5308 2900 5340 ⁸⁵
2916 5309 2987 5363 al.
3015 5307 3318 5376 κεκώφητο.
3372 5305 3418 5344 δ’
3442 5303 3516 5357 al.

291 5397 555 5467 πῶςγάρ.
630 5397 674 5432 δι
701 5393 770 5448 al.
809 5390 954 5446 οὔτε.
983 5385 1073 5423 ’⁷⁸⁸
1110 5387 1300 5444 Matth.
1329 5403 1442 5452 xvi,
1484 5385 1570 5438 19.

1582 5516 1949 5575 νΑιιιοιιυΜ
1987 5513 2215 5570 NOTIE.

363 5623 470 5694 (20)
503 5623 623 5690 Τὴν
651 5621 812 5694 ιερὰ-ν·
833 5617 1266 5694 ἐ-κτελέρναντρς
1296 5613 1702 5694 βειτουρῌᾳν.
1730 5609 1847 5694 Ἰαο-

290 5684 402 5749 tina
429 5684 620 5748 Ver-sio
647 5684 811 5750 edita.
846 5688 974 5742 Post
1002 5688 1253 5756 Mysteria
1288 5685 1455 5756 facta;
1479 5685 1682 5756 scripta
1711 5684 1848 5756 duo-

286 5781 409 5821 rum
444 5765 717 5824 codicum,
741 5749 936 5814 Juliani
965 5769 1018 5811 et
1050 5749 1435 5822 l'lerovalliani,
1465 5749 1618 5822 factis
1641 5761 1689 5807 et
1711 5749 1844 5805 cele-

613 5855 886 5914 ΡΑΤιιοι.
941 5849 1060 5911 Gtt.
1113 5848 1192 5909 ll.

1949 5608 2113 5677 brutis
2131 5604 2408 5677 missimln
2431 5603 2904 5677 Paraphrasivero
2947 5603 3243 5677 librillegii
3272 5605 3398 5670 8M,
3421 5605 3517 5677 καὶ

1951 5678 2016 5803 Eb
2060 5676 2160 5747 τῆς
2221 5675 2536 5738 ἀπολύσεως
2573 5675 2898 5746 γενομένης.
2936 5678 3015 5732 Ex
3064 5675 3383 5746 Martyrion.
3409 5719 3425 5744 ,
3462 5675 3517 5732 7.

2001 5763 2090 5805 υτ.

3122 5837 3196 5898 19
