4066 6330
515 259 613 318 587

1380 244 1439 299 ὃ.
1473 234 1858 298 CLEMENTIS
1893 235 1913 290 ί
1949 233 2113 289 ROM.
2154 228 2355 287 PONT.
2392 224 2620 284 OPERA
2658 224 2891 283 DUBIA.

3632 220 3725 277 588

515 382 679 427 aures
700 364 935 431 surdas;
972 360 1102 441 quia
1147 359 1253 414 hoc
1304 353 1468 408 etiam
1515 350 1721 405 dictum
1768 356 1922 401 tuum
1967 352 2119 410 est,

2217 340 2285 394 :ai.
2314 332 2527 441 adfine
2554 336 2837 402 διάνοιξον,
2856 337 2939 388 ὅτι
2963 335 3053 389 σὺν
3078 333 3171 388 καὶ
3202 331 3353 385 τοῦτο
3378 328 3438 384 τὸ
3465 332 3624 403 ῥῆμα,
3642 335 3721 389 τό·

517 465 850 530 Quwcunque
900 435 1191 525 petieritis,
1250 446 1513 503 credentes
1534 482 1550 507 ,
1602 438 1874 508 accipietis
1903 435 1951 467 “
1986 453 2001 488 :
2030 443 2088 489 et

519 558 634 610 haec.
663 561 757 607 tua
781 546 1073 619 promissio
1092 547 1377 615 permanet
1394 539 1448 591 in
1466 544 1755 590 aeternum.
1780 529 1889 585 Ista
1926 535 2086 597 post-

518 661 684 718 quam
728 642 905 698 oravit
945 637 1257 710 patriarcha
1277 674 1293 700 ,
1326 642 1382 686 et
1410 629 1503 700 qui
1534 628 1761 682 aderant
1792 620 2089 692 responde-

517 747 693 795 runt:
734 734 907 789 Amen
934 772 952 799 ,
1017 730 1164 784 illico
1193 726 1482 782 oculorum
1531 718 1857 785 auriumque
1899 712 2090 766 vitium

518 831 831 886 discussum
851 832 954 880 est.
980 822 1059 876 Ac
1082 817 1358 875 Sisinnius
1390 812 1549 884 quasi
1577 825 1645 864 ex
1676 820 1870 862 somno
1899 818 2094 873 expet.

520 921 765 993 gefactus
785 960 800 986 ,
832 918 1161 983 beatumque
1211 908 1546 964 Clementem
1573 916 1697 957 cum
1744 911 1913 952 uxore
1943 902 2094 948 stan—

521 1023 629 1068 tem
660 1023 912 1074 cernens,
940 1003 1139 1059 malam
1170 999 1368 1054 stultus
1391 1001 1579 1051 sancto
1604 985 2093 1044 remunerationem

520 1105 691 1169 dedit,
723 1098 1085 1172 praecepitque
1114 1091 1334 1148 famulis
1385 1095 1445 1143 ut
1495 1083 1680 1141 statim
1728 1075 2095 1150 patriarcham

522 1166 1069 1267 comprehenderent,
1103 1200 1213 1256 quo
1235 1195 1426 1253 poenas
1458 1175 1698 1232 laesionis
1729 1172 1900 1226 daret.
1935 1166 2095 1221 Arbi-

523 1292 772 1348 trabatur
794 1286 940 1342 enim
969 1279 1274 1355 praestigias
1318 1272 1585 1344 quasdam
1618 1281 1771 1329 esse;
1798 1261 1944 1334 quod
1972 1275 2097 1315 eum

522 1385 679 1455 prius
710 1378 995 1435 oculorum
1033 1371 1367 1437 auriumque
1393 1378 1497 1418 usu
1543 1357 1778 1431 privari,
1804 1360 2101 1425 posteaque

527 1476 771 1545 aspicere
795 1478 850 1525 et
869 1466 1061 1523 audire
1087 1462 1331 1521 fecisset.

598 1539 827 1624 CLVIII.
870 1563 1037 1633 Igitur
1068 1555 1210 1615 servi
1238 1550 1485 1609 studiose
1510 1542 1734 1615 exsequi
1761 1540 1828 1596 de
1858 1539 1953 1594 illo
1981 1552 2103 1608 quae

530 1665 794 1731 imperata
827 1632 1040 1710 fuerant
1068 1648 1382 1705 nitebantur
1415 1661 1428 1697 :
1459 1656 1567 1696 non
1604 1632 2105 1691 animadvertebant

532 1730 713 1809 autem
742 1749 886 1820 quod
917 1742 1222 1815 adiacentia
1258 1752 1389 1794 saxa
1431 1742 1485 1789 et
1510 1730 1655 1801 ligna
1681 1732 1982 1797 tangerent,
2011 1738 2105 1778 ea-

534 1866 641 1921 que
674 1818 954 1902 tralierent
987 1856 1051 1895 ac
1100 1838 1358 1907 ligarent,
1389 1842 1552 1901 atque
1594 1827 1703 1881 huc
1744 1824 1982 1891 illucque
2024 1818 2107 1873 in-

537 1958 668 2000 sane
699 1936 1191 1996 circumducerent.
1233 1927 1407 1982 Porro
1446 1922 1500 1978 id
1541 1920 1705 1975 etiam
1755 1913 1997 1970 Sisinnio
2022 1911 2107 1965 vi-

535 2038 787 2100 debatur,
813 2047 877 2087 ac
902 2030 1017 2099 ipse
1045 2036 1266 2096 quoque
1293 2015 1641 2074 existimabat
1671 2007 2038 2082 patriarcham
2078 2019 2109 2059 a

536 2097 1041 2186 famulis—vinctum
1090 2117 1281 2173 teneri.
1326 2112 1377 2167 ls
1422 2120 1600 2164 tamen
1632 2102 1769 2159 nihil
1797 2102 1866 2156 ab
1908 2097 2112 2167 iniquis

537 2223 647 2280 illis
679 2216 931 2274 manibus
956 2210 1294 2285 patiebatur,
1343 2218 1442 2257 nec
1467 2200 1639 2255 levem
1670 2193 1959 2250 tat-tionem
1987 2203 2113 2259 per-

542 2314 723 2367 ferens
744 2351 757 2371 ,
786 2322 889 2360 nec
912 2300 1108 2357 mediis
1155 2299 1209 2352 in
1245 2294 1405 2350 malis
1429 2290 1684 2361 agitatus.
1709 2283 2013 2352 Posteaque
2046 2278 2113 2333 ad

543 2405 695 2459 illum
732 2400 1040 2455 dementem
1072 2389 1368 2460 respiciens
1395 2402 1411 2439 :
1441 2380 1640 2446 Corde,
1672 2376 1868 2446 inquit,
1901 2373 2119 2428 indura-

544 2510 632 2552 tus
662 2511 743 2558 es,
790 2491 871 2545 sic
904 2502 1035 2543 saxa
1064 2493 1117 2539 et
1142 2482 1287 2553 ligna
1317 2490 1541 2533 movens
1567 2514 1582 2540 ,
1624 2480 1900 2538 totamque
1954 2466 2008 2519 in
2053 2479 2117 2518 ea

545 2593 685 2646 iram
717 2584 1014 2640 immittens
1034 2622 1049 2645 ,
1082 2590 1205 2648 qua:
1245 2571 1410 2644 paulo
1441 2574 1567 2622 ante
1596 2560 1942 2627 honorabas,
1973 2566 2028 2613 et
2061 2564 2120 2609 ut

546 2686 677 2739 deos
711 2678 948 2735 colebas.
995 2673 1088 2727 Ille
1138 2682 1305 2724 vero:
1340 2662 1446 2719 Sed
1475 2672 1575 2730 ego
1603 2666 1655 2711 te
1676 2696 1690 2720 ,
1731 2652 1951 2722 inquit,
1979 2650 2121 2704 male

548 2775 768 2846 perdam
798 2789 812 2836 ;
848 2769 983 2823 adeo
1014 2774 1075 2819 ut
1104 2759 1261 2817 multi
1306 2750 1728 2827 praestigiatores
1759 2744 1887 2798 hinc
1915 2749 2123 2795 mutent

550 2874 787 2923 mentem
816 2876 879 2915 ac
910 2855 1253 2925 resipiscam,
1279 2846 1554 2912 iidemque
1580 2836 1876 2910 plurimum
1902 2832 2121 2887 lucren-

551 2969 638 3011 tur
665 2968 765 3025 per
791 2965 912 3022 quae
943 2957 1000 3003 tu
1029 2941 1250 3017 patieris
1286 2932 1629 3009 gravissima.

621 3129 804 3188 CLIX.
836 3125 961 3180 Haec
1005 3121 1097 3177 ille
1143 3114 1363 3187 quidem
1383 3151 1396 3176 ,
1428 3108 1647 3164 inflatus
1669 3146 1684 3170 ,
1733 3099 1876 3171 apud
1908 3111 2003 3152 eos
2029 3093 2123 3166 qui

556 3224 786 3279 aderant
819 3259 833 3283 ,
871 3185 1204 3285 proferebat,
1235 3213 1290 3260 et
1324 3199 1564 3273 glorians
1608 3189 1971 3265 patriarcham
2000 3185 2124 3239 vin-

556 3316 696 3373 culis
727 3308 1049 3379 subiecisse.
1073 3301 1144 3355 At
1168 3299 1271 3353 iste
1294 3309 1393 3349 nec
1417 3292 1499 3346 sic
1540 3301 1670 3343 eum
1698 3288 1982 3337 aversatus
2004 3283 2124 3341 est;

558 3368 653 3467 sed
681 3368 969 3460 benedicta
997 3393 1229 3463 conjuge
1254 3387 1422 3450 illius,
1450 3391 1504 3437 et
1532 3381 1585 3435 in
1616 3378 1791 3432 bonas
1822 3372 1941 3426 illas
1971 3368 2129 3423 obse-

559 3509 896 3573 quentesque
920 3504 1083 3547 aures
1109 3494 1366 3554 tanquam
1397 3478 1452 3531 in
1484 3486 1675 3546 agrum
1701 3464 1992 3540 quemdam
2017 3472 2131 3516 ter-

562 3550 636 3649 ra;
657 3550 941 3661 profunda:
969 3596 1032 3636 ac
1060 3578 1315 3649 pinguem
1343 3565 1597 3625 demissis
1633 3558 1891 3617 uberibus
1915 3550 2132 3625 pietatis

564 3640 577 3649 '
592 3640 636 3647 "
662 3640 711 3661 τ’
732 3640 749 3644 ⁷
762 3640 775 3641 ί
794 3640 799 3641 ⁷
1062 3640 1078 3649 ι
1160 3640 1185 3646 ν

564 3679 890 3743 seminibus,
913 3667 1198 3728 abscessit,
1224 3664 1272 3717 ei
1304 3656 1625 3731 praecipiens
1646 3659 1806 3706 antea
1828 3662 1896 3701 ne
1922 3640 2131 3715 precari

565 3773 876 3833 desisteret,
924 3759 1105 3835 quoad
1151 3757 1330 3809 virum
1375 3750 1443 3804 ad
1495 3743 1740 3801 veritatis
1769 3736 2133 3808 cognitionem

566 3863 902 3920 adduxisset.
935 3854 1072 3908 Cum
1116 3863 1245 3918 ergo
1282 3838 1579 3897 ferventius
1611 3833 1681 3890 ad
1712 3829 2014 3887 orationem
2047 3821 2135 3876 in-

884 3912 1204 4006 Theodora:
1226 3941 1451 4008 apparet
1491 3928 1570 3984 illi
1604 3926 1672 3981 ad
1704 3932 1987 3992 vesperam
2017 3912 2138 3984 qui-

567 4052 693 4106 dam
740 4048 823 4100 vir
873 4035 1240 4100 venerabilis,
1274 4038 1328 4083 et
1375 4022 1585 4093 capillis
1633 4016 1815 4081 canis;
1855 4009 2140 4066 videbatur

571 4149 753 4195 autem
784 4148 906 4190 esse
940 4130 1153 4200 primus
1174 4116 1572 4187 discipulorum
1624 4108 1855 4169 Petrus,
1901 4095 2139 4170 Magistri

573 4231 786 4288 calidus
808 4188 1052 4285 amator;
1077 4226 1130 4271 et
1155 4215 1231 4268 ait
1252 4210 1319 4265 ad
1335 4222 1487 4262 eam:
1513 4201 1736 4270 Propter
1762 4206 1835 4260 te,
1860 4208 1894 4249 o
1924 4188 2141 4254 mulier,

576 4340 744 4381 sanus
793 4319 896 4373 erit
924 4310 1229 4371 Sisinnius;
1263 4311 1324 4357 ut
1346 4309 1401 4354 et
1429 4298 1512 4351 vir
1535 4334 1552 4360 ,
1587 4290 1887 4365 secundum
1917 4283 2143 4338 fratrem

581 4429 762 4471 meum
792 4409 1023 4464 Paulum
1046 4448 1060 4466 ,
1091 4406 1315 4457 sanctus
1346 4388 1608 4445 efﬁciatur
1635 4398 1728 4453 per
1763 4377 2047 4433 mulierem
2076 4371 2143 4424 ⁸⁸.

579 4509 792 4575 Quibus
816 4502 1033 4573 quidem
1066 4495 1225 4551 dictis
1244 4535 1259 4557 ,
1284 4489 1374 4544 ille
1399 4482 1550 4539 abiit.

651 4681 811 4739 CLX.
855 4676 1134 4733 Sisinnius
1159 4685 1289 4725 vero
1318 4663 1501 4721 statim
1539 4666 1593 4712 et
1638 4652 1799 4725 quasi
1829 4665 1893 4703 ex
1929 4658 2150 4712 compa-

582 4789 672 4835 clo
693 4773 985 4829 'I‘heodora
1017 4763 1316 4825 arcessita;
1342 4762 1460 4812 erat
1484 4759 1666 4806 autem
1691 4744 1879 4812 utique
1903 4739 1994 4794 hic
2022 4736 2148 4790 finis

593 5048 998 5115 communionis
1050 5040 1181 5097 facit
1224 5032 1601 5094 mentionem,
1687 5030 1988 5088 eorumque
2036 5028 2154 5068 om-

590 5152 742 5206 nium
806 5154 968 5196 unam
1041 5130 1271 5206 gratiam
1330 5121 1541 5195 poscit,
1600 5112 1999 5183 coniugemque
2054 5117 2150 5157 ro-

588 5254 683 5317 gat
739 5248 788 5293 et
833 5194 1135 5289 obtestatur
1183 5229 1246 5277 ut
1297 5194 1467 5271 Deum
1520 5216 1678 5274 oret,
1730 5216 1841 5274 quo
1898 5197 2003 5268 ipsi
2069 5194 2154 5250 di-

582 5314 585 5319 ’
1280 5311 1313 5319 ι.
1460 5301 1693 5319 ...ΛΑ-,η
1744 5295 1888 5319 "1AM
1933 5288 2154 5319 damma—

592 5288 876 5391 :Iittantur
912 5335 1034 5394 qua:
1075 5311 1351 5388 peccavit,
1397 5301 1697 5369 salutisque
1744 5295 1890 5348 viam
1933 5288 2161 5345 demon-

2192 433 2378 500 Ἀπερ
2395 430 2440 462 ⁸³
2469 429 2546 484 ἂν
2569 427 2856 495 αίτήσητε
2888 425 3292 488 πιστεύοντες,
3322 421 3582 491 λήψεσθε
3601 441 3614 455 ·
3646 429 3731 481 καὶ

2189 524 2327 594 αὐτή
2353 539 2448 575 σου
2470 523 2504 593 ή
2535 518 2835 589 ἐπαγγελία
2864 517 3108 588 διαμένει
3137 514 3216 577 εἰς
3238 512 3327 566 τὸν
3351 514 3535 568 αίῶνα.
3565 516 3733 572 Ταῦτα

2188 616 2283 669 τοῦ
2309 613 2646 685 πατριάρχου
2676 607 3135 681 προσευξαμένου,
3185 605 3278 659 καὶ
3320 604 3425 658 τῶν
3482 605 3736 677 παρόντων

2190 706 2251 759 τὸ
2264 703 2426 774 ἀμὴν
2449 702 2816 765 ἐπειπόντων,
2856 698 3057 762 εὐθέως
3113 698 3147 766 ὴ
3193 695 3299 749 τῶν
3334 694 3611 767 ὀφθαλμῶν
3653 698 3739 753 καὶ

2192 797 2299 850 τῶν
2332 795 2484 849 ῶτων
2509 796 2756 865 πήρωσις
2790 792 3058 845 διελέλυτο
3077 789 3145 843 ⁸⁸.
3192 789 3301 843 Ka‘t
3318 791 3345 842 ὁ
3374 789 3621 851 Σισίννιος
3647 807 3739 843 κα-

2196 889 2371 959 θάπερ
2402 886 2463 952 ἐξ
2511 886 2678 939 ὓπνου
2715 883 3036 948 διαναστὰς,
3068 882 3164 935 καὶ
3201 881 3293 934 τὸν
3327 880 3582 951 μακάριον
3607 880 3741 952 Κλή-

2200 996 2368 1051 μεντα
2395 977 2533 1050 μετά
2553 977 2653 1048 τῆς
2672 976 2932 1046 γυναικὸς
2954 973 3165 1027 ἑστῶτα
3190 971 3334 1037 ίδὼν,
3354 971 3525 1035 κακὰς
3553 975 3580 1026 ὁ
3602 972 3746 1044 ἀνόη-

2197 1092 2287 1137 τος
2304 1073 2383 1144 τῷ
2409 1072 2550 1143 ἁγίῳ
2574 1071 2804 1143 χάριτας
2824 1067 3092 1123 ἀπεδίδου.
3121 1066 3231 1119 Καὶ
3261 1067 3546 1135 κατασχεῖν
3569 1064 3749 1127 εὐθέως

2197 1163 2289 1217 τὸν
2314 1161 2652 1231 πατριάρχην
2680 1162 2792 1223 τοῖς
2812 1157 3053 1220 οἰκέταις
3070 1153 3479 1226 παρεκελεύετο,
3500 1152 3591 1206 τοῦ
3612 1152 3749 1214 δίκας

2199 1256 2454 1325 ὑποσχεῖν
2483 1244 2643 1305 αὑτὸ’ν
2672 1252 2771 1322 τῆς
2803 1248 3123 1322 πηρώσεως.
3157 1247 3316 1317 ’ᾭετο
3348 1245 3456 1315 γάρ
3488 1261 3605 1297 τινα
3634 1260 3752 1314 γοη-

2200 1350 2350 1403 τεὶαν
2377 1343 2535 1410 εἶναι,
2570 1346 2652 1397 ὅτι
2677 1344 2771 1396 καὶ
2812 1340 3133 1413 πηρωθῆναι
3172 1338 3441 1410 πρότερον
3468 1335 3642 1398 αὑτὸν,
3671 1334 3755 1386 καὶ

2201 1440 2519 1509 ἀναϐλέψαι,
2550 1437 2642 1490 καὶ
2665 1435 2893 1490 ἀκοῦσαι
2927 1433 3087 1486 πάλιν
3118 1431 3395 1500 ἐποίησεν.

2270 1528 2495 1585 CLVIII.
2535 1528 2599 1580 Oi
2637 1527 2739 1598 μὲν
2768 1520 2860 1579 οὖν
2885 1524 3091 1576 οίκέται
3122 1518 3424 1581 σπουδαίως
3449 1516 3518 1570 τὰ
3555 1532 3761 1587 προστε-

2203 1622 2448 1694 ταγμένα
2509 1620 2682 1673 ποιεῖν
2739 1617 2784 1650 ⁸⁸
2812 1616 2972 1671 αὐτὸν
3016 1604 3313 1685 ἐπειρῶντο
3335 1630 3351 1642 -
3403 1608 3676 1664 ἐλάνθανον
3713 1607 3763 1660 δὲ

2136 1704 2178 1759 Β
2203 1715 2309 1786 ἄρα
2335 1712 2443 1766 τῶν
2483 1708 2899 1780 παρακειμένων
2941 1705 3102 1760 λίθων
3121 1745 3136 1769 ,
3176 1704 3270 1758 καὶ
3325 1700 3499 1767 ξύλων
3543 1697 3765 1770 ἁπτόμε-

2206 1826 2308 1875 νοι,
2339 1809 2432 1861 καὶ
2461 1804 2713 1878 σύροντες
2736 1800 2873 1855 αὐτὰ
2892 1841 2907 1866 ,
2930 1799 3021 1852 καὶ
3051 1795 3401 1868 δεσμοῦντες,
3427 1794 3520 1847 καὶ
3540 1791 3657 1863 τῇδε
3676 1791 3767 1843 κά-

2210 1904 2358 1957 κεῖσε
2385 1897 2625 1971 μανικῶς
2651 1894 3023 1967 περιάγοντες.
3042 1889 3214 1943 Τοῦτο
3237 1888 3294 1940 δὲ
3322 1887 3423 1941 καὶ
3444 1884 3522 1956 τῷ
3542 1882 3769 1952 Σισιννίῳ

2212 1970 2411 2055 ἐδόκει,
2449 1989 2545 2042 καὶ
2588 1983 2872 2057 δεσμώτην
2910 1981 3015 2034 ὑπὸ
3048 1978 3157 2031 τῶν
3196 1975 3430 2030 οἰκετῶν
3467 1970 3771 2044 γεγενῆσθαι

2213 2085 2304 2138 τὸν
2335 2080 2677 2153 πατριάρχην
2704 2077 2798 2130 καὶ
2829 2074 2991 2137 αὐτὸς
3018 2071 3173 2143 ᾤετο.
3219 2070 3461 2131 Ἐκεῖνος
3486 2066 3542 2119 δὲ
3578 2061 3773 2132 ἀπαθὴς

2214 2175 2321 2229 ἀπὸ
2344 2152 2459 2227 τῶν
2479 2171 2677 2225 ἀδίκων
2696 2168 2919 2221 ἐκείνων
2938 2166 3182 2237 ἐτηρεῖτο
3204 2160 3435 2233 χειρῶν,
3458 2156 3575 2211 οὐδὲ
3594 2152 3777 2229 μικρὰν

2214 2268 2356 2339 ἁφὴν
2404 2264 2688 2336 ὑπομένων
2711 2302 2726 2325 ,
2777 2260 2897 2314 οὐδὲ
2947 2259 3004 2310 ἐν
3052 2255 3234 2328 μέσοις
3271 2255 3395 2317 τοῖς
3426 2250 3613 2311 δεινοῖς
3638 2246 3778 2318 θορυ-

2218 2336 2474 2429 ϐούμενος
2498 2396 2512 2421 ,
2542 2350 2661 2407 εἶτα
2705 2353 2798 2407 καὶ
2832 2349 2965 2420 πρὸς
2992 2347 3082 2401 τὸν
3125 2344 3360 2414 ἀνόητον
3403 2344 3604 2395 ἐκεῖνον
3639 2336 3777 2390 ἰδών⁹

2219 2427 2563 2520 Πεπώρωσαι
2600 2445 2700 2515 τὴν
2727 2441 2954 2514 καρδίαν
2973 2479 2988 2505 ,
3017 2438 3143 2509 ἔφη,
3172 2435 3364 2498 λίθους
3390 2432 3532 2487 οὕτω
3560 2427 3783 2493 καὶξύλα

2220 2516 2419 2605 κινῶν,
2472 2540 2569 2593 καὶ
2607 2537 2733 2607 ὅλην
2769 2533 2887 2589 κατ’
2930 2530 3109 2585 αὐτῶν
3155 2528 3346 2598 ἀφιεὶς
3395 2526 3495 2597 τὴν
3536 2522 3696 2593 ὀργὴν
3716 2559 3729 2583 ,
3753 2516 3786 2572 ἃ.

2225 2630 2406 2703 μικρῷ
2430 2627 2665 2701 πρόσθεν
2689 2625 2880 2696 ἐτίμας
2899 2663 2914 2689 ,
2941 2621 3035 2676 καὶ
3059 2621 3135 2684 ὡς
3162 2619 3319 2682 θεοὺς
3353 2615 3693 2688 ἐθεράπευες.
3735 2609 3785 2662 '0

2221 2701 2279 2778 δέ
2304 2740 2316 2753 ⁸
2358 2721 2494 2773 Ἀλλ’
2524 2717 2635 2787 ἐγώ
2668 2734 2726 2771 σε
2762 2712 2948 2776 κακῶς
2982 2711 3168 2787 ἀπολῶ
3188 2749 3203 2775 ,
3227 2709 3405 2780 φησιν
3425 2747 3440 2772 ,
3472 2706 3547 2769 ὡς
3586 2701 3677 2757 καὶ
3705 2717 3791 2772 μεη-

2223 2814 2470 2870 ταϐαλεῖν
2507 2780 2731 2871 τέλλοὺς
2752 2807 2859 2860 τῶν
2884 2806 3091 2875 γοήτων
3123 2780 3383 2855 έντεῦθεν
3404 2798 3500 2853 καλ⁵
3530 2791 3790 2866 σωφρονῆ-

2228 2923 2338 2971 σαι,
2377 2905 2470 2974 ἀφ’
2494 2896 2571 2957 ὧν
2599 2900 2759 2963 αὐτὸς
2784 2898 2854 2952 τὰ
2885 2898 3087 2967 ἔσχατα
3108 2895 3293 2968 πείσῃ,
3329 2892 3405 2946 τὰ
3437 2888 3646 2963 μεγάλα
3663 2882 3792 2939 ἐκεί-

2227 3014 2351 3060 νους
2377 2994 2761 3067 κερδάναντας.

2160 3071 2202 3129 C
2304 3061 2486 3144 CLIII.
2529 3083 2712 3139 Ταῦτα
2736 3084 2764 3135 ὁ
2925 3076 3241 3150 φυσώμενος
3269 3075 3387 3128 ὑπὸ
3404 3073 3514 3128 τῶν
3535 3068 3797 3143 παρόντων

2225 3178 2377 3247 ἔλεγε
2398 3217 2414 3241 ,
2447 3175 2541 3229 καὶ
2584 3172 2786 3244 αὐχῶν,
2826 3171 2908 3224 ὅτι
2941 3169 3034 3222 καὶ
3072 3167 3288 3235 δεσμοῖς
3321 3161 3695 3231 ὑποϐέϐληκεν
3717 3156 3799 3209 τὸν

2227 3268 2591 3341 πατριάρχην.
2632 3266 2691 3318 '0
2729 3263 2819 3327 δέ,
2849 3260 2969 3314 οὐδὲ
2995 3258 3167 3320 οὕτως
3203 3255 3375 3309 αὑτὸν
3410 3251 3799 3323 ἀπεστρέφετο,

2228 3337 2364 3416 ἀλλά
2393 3337 2492 3430 τὴν
2523 3356 2732 3410 ἐκείνου
2763 3352 2993 3421 σύζυγον
3020 3348 3321 3419 εὐλογήσας
3342 3387 3361 3412 ,
3389 3345 3487 3399 καὶ
3509 3345 3589 3407 είς
3612 3341 3705 3403 τὰς
3725 3337 3803 3391 εὐ-

2229 3451 2513 3524 γνώμονας
2572 3447 2787 3510 ἐκείνας
2851 3443 2945 3499 καὶ
3006 3438 3366 3503 καταπειθεῖς
3413 3436 3605 3501 ἀκοὰς,
3633 3433 3805 3502 ὥσπερ

2231 3519 2310 3607 είς
2348 3519 2655 3613 ⁷βαθύγειόν
2718 3554 2840 3590 τινα
2886 3536 2977 3589 καὶ
3030 3530 3264 3602 λιπαρὰν
3314 3532 3565 3603 ἄρουραν
3626 3519 3807 3593 δαψιλῆ

2235 3609 2528 3704 σπέρματα
2569 3629 2671 3700 τῆς
2717 3624 3001 3687 εὐσεϐείας
3049 3619 3383 3675 καταόαλὼν
3408 3620 3479 3683 ⁸⁷,
3512 3616 3713 3689 ᾧχετοτ
3741 3609 3809 3681 μὴ

2234 3701 2438 3779 ἀνεῖναι
2484 3716 2924 3789 προσευχομένην
2950 3712 3230 3784 πρότερον
3271 3708 3658 3778 ἐντειλάμενος
3677 3742 3693 3767 ,
3718 3701 3812 3762 ἕως

2236 3817 2331 3870 καὶ
2369 3813 2461 3866 τὸν
2488 3811 2659 3881 ἄνδρα
2703 3808 2783 3870 εἰς
2819 3804 3109 3873 ἐπίγνωσιν
3139 3800 3239 3870 τῆς
3266 3798 3539 3870 ἀληθείας
3565 3806 3810 3867 χειραγω-

2236 3910 2441 3979 γήσειε.
2474 3904 2553 3973 Τῇ
2583 3880 2715 3971 εὐχῇ
2766 3896 2943 3950 τοίνυν
2981 3892 3309 3965 θερμότερον
3359 3886 3736 3961 προσκειμένῃ
3752 3880 3813 3949 τῇ

2237 3972 2488 4067 ὸέοδώρᾳ
2510 3972 2895 4060 ,ἐπιφαίνεταί
2918 4004 3001 4049 τις
3025 3985 3163 4054 αὑτῇ
3188 3980 3331 4053 πρὸς
3354 3980 3602 4049 ἑσπέραν
3627 3972 3808 4028 αἰδέσισ

2245 4107 2342 4162 μος
2370 4061 2508 4157 ἀνήρ
2533 4083 2625 4138 καὶ
2652 4080 2833 4141 πολιὸς
2872 4078 2970 4148 τὴν
2993 4078 3175 4146 τρῖχα·
3215 4070 3386 4142 ἐῴκει
3410 4071 3471 4124 δὲ
3500 4071 3609 4141 ἄρα
3632 4069 3661 4121 δ
3684 4061 3820 4135 πρῶ-

2241 4155 2332 4245 τος
2355 4155 2746 4247 τῶνημαθητῶν
2770 4166 2907 4224 εἶναι
2932 4168 3158 4237 Πέτρος,
3179 4161 3207 4215 ὁ
3224 4162 3322 4216 τοῦ
3346 4159 3685 4215 Διδασκάλου
3704 4155 3818 4223 θερ-

2249 4275 2345 4346 μὸς
2373 4244 2639 4343 ἐραστής·
2668 4265 2761 4319 καί
2783 4279 2913 4333 φησι
2941 4260 3076 4331 πρὸς
3100 4259 3268 4327 αὐτήν
3288 4272 3303 4285 ⁸
3344 4254 3452 4308 Διά
3479 4254 3563 4317 σὲ,
3589 4244 3635 4304 ὦ
3655 4247 3821 4317 γύναι,

2249 4336 2580 4436 ίδγιὴςνέσται
2606 4358 2869 4420 Σισίννιος
2891 4394 2907 4419 ,
2951 4353 3097 4415 ὅπως
3144 4350 3210 4403 ἂν
3238 4348 3515 4418 καὶ-ἀνὴρ
3537 4384 3552 4408 ,
3583 4340 3723 4396 κατά
3742 4336 3824 4390 τὸν

2176 4449 2221 4503 Ῑ)
2250 4431 2473 4526 ἀδελφόν
2526 4471 2625 4525 μου
2668 4449 2909 4512 Παῦλον,
2938 4442 3170 4514 ἁγιασθῇ
3199 4440 3286 4494 διὰ
3322 4442 3430 4513 τὴν
3475 4441 3729 4507 γυναῖκα.
3775 4431 3827 4482 Ὀ

2258 4552 2355 4621 μὲν
2378 4543 2490 4613 οὖν,
2516 4544 2686 4598 ταῦτα
2712 4539 2899 4603 είπὼν,
2930 4533 3188 4605 ἀπῆλθεν.

2324 4612 2484 4695 CLX.
2537 4638 2594 4689 '0
2621 4634 2883 4694 Σισίννιος
2905 4630 2962 4683 δὲ
2986 4626 3182 4682 αὐτίκα
3205 4625 3298 4677 καὶ
3325 4623 3527 4691 ὥσπερ
3556 4622 3622 4672 ἐκ
3651 4612 3831 4682 συνθή-

2255 5006 2472 5075 ἁπάσης
2499 4998 2779 5060 κοινωνίας
2808 4993 3231 5066 ἀναμιμνήσκει,
3259 4988 3355 5041 καὶ
3400 4985 3634 5040 πάντων
3669 4976 3834 5037 αὐτῶν

2263 5097 2390 5169 μίαν
2414 5067 2634 5149 ἀπαιτεῖ
2679 5090 2869 5160 χάριν,
2899 5086 2993 5139 καὶ
3040 5082 3257 5154 λιπαρεῖ
3305 5077 3413 5149 τὴν
3464 5078 3706 5146 γυναῖκα
3751 5067 3835 5122 καὶ

2264 5166 2515 5251 ίκετεύει,
2535 5184 2673 5237 ὥστε
2693 5179 2948 5249 δεηθῆναι
2967 5174 3059 5229 τοῦ
3084 5172 3217 5227 Θεοῦ
3246 5170 3471 5241 ἀφεῖναί
3490 5186 3554 5224 τε
3576 5166 3648 5221 τὰ
3669 5167 3837 5236 ἡμαρ-

2264 5278 2473 5350 τημένα
2491 5315 2506 5340 ,
2531 5275 2624 5328 καὶ
2653 5273 2751 5343 τὴν
2776 5269 2897 5324 ὁδὸν
2923 5266 3069 5336 αὐτῷ
3101 5262 3503 5333 ὑποδεῖξαιςτῆς
3528 5255 3796 5330 σωτηρίας
3820 5286 3833 5302 .

1897 5447 2131 5507 VABhE
2169 5440 2569 5501 LECTIONES.

661 5594 709 5630 “
747 5593 818 5647 al.
859 5589 972 5643 καί.
1047 5590 1096 5625 ⁸⁵
1132 5581 1344 5643 llattln,
1389 5594 1503 5644 XXI,
1544 5575 1634 5630 εει.
1711 5571 1759 5611 δ’
1819 5566 1889 5625 al.
1929 5564 2226 5621 διαλέλυτο.

595 5665 723 5721 Cor.
760 5678 856 5727 vn,
888 5659 980 5716 u.
1082 5656 1127 5688 δ’
1167 5653 1241 5709 al.
1280 5648 1471 5719 αὐτῆς.

3750 5521 3837 5577 ιιι

2354 5555 2400 5588 ’⁵⁸
2440 5556 2511 5612 al.
2537 5554 2705 5610 inser.
2746 5553 2846 5615 εἰς.
2938 5548 2981 5579 ⁸⁷
3023 5545 3096 5600 al.
3138 5554 3386 5616 praeponi.
3432 5535 3652 5595 ἀπιών.
