4066 6330
364 224 470 280 £89

1173 228 1705 286 CLEMENTINA.—
1750 229 2047 287 EPITOME
2083 230 2170 287 DE
2206 234 2449 292 GESTIS
2484 238 2540 294 S.
2574 238 2794 295 PETRI.

360 332 493 391 εἶτα
536 343 839 413 κατήγορος
878 341 1038 407 αὐτὸς
1076 342 1266 395 ἑαυτοῦ
1319 343 1523 413 γίνεται
1549 381 1564 405 ,
1613 344 1705 396 καὶ
1757 344 1929 397 πάντα

2034 355 2188 401 stret.
2220 345 2414 404 Postea
2440 351 2557 421 ipse
2602 354 2687 407 sui
2736 365 3024 411 accusator
3056 355 3318 423 efﬁcitur,
3357 372 3589 419 cuncta-

359 431 584 503 ποιῆσαι
611 431 678 485 δι’
705 433 876 505 αὐτὴν
899 435 993 487 καὶ⁵
1016 434 1204 488 παθεῖν
1224 433 1571 502 ἀπαγγέλλει.

429 606 609 663 CLXI.
663 607 803 678 Ἐγὼ
828 609 936 682 γὰρ
963 609 1340 680 ἐζηλοτύπουν,
1366 612 1549 682 φησιν,
1576 611 1667 663 ἐπὶ
1692 611 1793 673 σοὶ,
1819 612 1921 675 ἅτι,

354 700 447 752 τὸν
483 699 712 769 σύζυγον
739 700 839 771 ἐμὲ
876 700 1219 772 περιορῶσα,
1248 700 1399 772 παρά
1434 701 1525 755 τὸν
1567 700 1712 765 ξένον
1738 700 1924 755 τοῦτον

356 791 595 861 ἐφοίτας,
629 790 690 844 τὸ
712 790 807 844 τοῦ
832 793 1166 864 πατριάρχου
1187 791 1438 863 προσθεὶς
1450 791 1618 862 ὄνομα
1634 807 1646 822 ·
1686 791 1924 855 καὶτοὺς

352 882 454 952 τῆς
477 881 689 951 φύσεως
715 881 977 954 θορύϐους
994 922 1010 947 ,
1035 883 1129 935 καὶ
1159 883 1259 946 τὰς
1284 883 1347 935 ὲκ
1368 883 1468 953 τῆς
1505 881 1671 953 ζάλης
1684 883 1729 914 ⁵ο
1754 899 1923 955 ταρα-

354 974 457 1045 χάς
501 975 562 1027 οὐ
608 974 788 1046 φέρων
813 1015 829 1041 ,
882 973 1229 1045 ἠναγκάσθην
1275 974 1410 1045 πρὸς
1469 973 1567 1045 τὴν
1629 972 1922 1044 ἐκκλησίαν

352 1065 617 1119 ἀπιοῦσαν
644 1066 964 1136 ὲπιφυλάξαι
992 1083 1073 1130 σε,
1097 1067 1189 1119 καὶ
1216 1066 1342 1119 ἰδεῖν
1362 1065 1431 1119 τὰ
1453 1048 1766 1138 τελούμενα.
1791 1065 1920 1119 Είσ-

353 1157 521 1212 ελθὼν
572 1159 878 1239 τοίνυνκαὶ
923 1159 1085 1221 αὐτὸς
1122 1159 1348 1212 κατόπιν
1384 1160 1465 1222 είς
1500 1159 1594 1213 τὸν
1634 1158 1758 1213 ναὸν
1779 1198 1794 1223 ,
1825 1159 1920 1211 καὶ

352 1252 663 1324 περιέργοις
680 1251 973 1321 ὀφθαλμοῖς
990 1251 1059 1305 τά
1079 1251 1182 1305 ὑπὸ
1202 1250 1295 1304 τοῦ
1312 1250 1644 1323 πατριάρχου
1662 1250 1918 1322 γινόμενα

350 1342 572 1414 θεωρῶν
594 1384 608 1408 ,
664 1342 791 1412 ὅλην
835 1359 895 1394 τε
933 1341 1082 1412 αὐτῷ
1122 1343 1220 1414 τὴν
1258 1343 1426 1414 ἀκοὴν
1464 1341 1776 1407 διανιστῶν,
1824 1342 1919 1396 καὶ

348 1434 623 1506 ἀκροατὴς
649 1430 915 1488 εἶναιτῶν
941 1434 1243 1504 λεγομένων
1279 1433 1474 1487 ἐθέλων
1491 1474 1506 1500 ,
1539 1433 1828 1503 τάςοδψεις
1857 1449 1917 1487 τε

347 1524 481 1596 ὁμοῦ
504 1526 601 1579 καὶ
613 1518 806 1581 τὰῶτα
833 1524 1129 1598 πηροῦμαι.
1158 1526 1221 1578 Εἰ
1250 1526 1342 1579 καὶ
1372 1525 1531 1579 πάλιν
1565 1527 1786 1589 ἐκεῖνος,
1821 1526 1917 1580 ἆτε

345 1618 483 1672 Θεοῦ
514 1619 759 1690 μιμητὴς
784 1618 880 1685 ὢν,
910 1618 1204 1688 ἀναϐλέψαι
1226 1636 1286 1671 τε
1318 1619 1409 1672 καὶ
1432 1618 1661 1672 ἀκοῦσαι
1684 1617 1913 1689 πεποίη-

2028 453 2135 506 que
2162 454 2222 495 se
2250 450 2471 511 propter
2502 443 2649 498 illam
2694 444 2890 501 fecisse
2939 463 3003 503 ac
3030 450 3320 520 pertulisse
3349 468 3591 511 commo-

2028 537 2226 583 morat.

2096 619 2278 677 CLXI.
2321 620 2433 694 Ego
2477 624 2665 690 enim,
2724 626 2922 698 inquit,
2971 631 3230 704 zelotypia
3276 636 3354 690 tui
3388 637 3589 696 ductus

2027 725 2173 779 sum,
2206 714 2352 783 quod
2384 731 2471 769 me
2497 717 2731 787 conjuge
2753 720 3015 790 neglecto,
3050 723 3117 777 ad
3150 726 3416 797 hospitem
3442 730 3589 785 hunc

2025 802 2366 872 adventares,
2401 818 2455 863 et
2485 810 2693 865 addidit
2728 826 2923 866 nomen
2963 816 3314 886 patriarcha;
3352 830 3587 877 natura.

2026 912 2133 966 que
2167 901 2604 967 perturbationes
2632 917 2697 956 ac
2734 917 2800 957 ex
2825 902 3176 963 ﬂuctuatione
3205 919 3356 965 ortos
3382 914 3587 968 tumul-

2026 995 2113 1042 tus
2142 1001 2250 1041 non
2280 986 2491 1054 ferens,
2520 1001 2741 1049 coactus
2767 1009 2889 1048 sum
2932 1005 2983 1049 te
3025 1010 3148 1049 cum
3181 999 3247 1053 ad
3297 1002 3586 1059 ecclesiam

2021 1078 2130 1135 ires
2157 1081 2468 1146 observare,
2496 1092 2657 1154 atque
2679 1085 2862 1141 videre
2884 1103 3006 1157 qua
3026 1090 3344 1158 agebantur.
3379 1092 3588 1165 Ingres-

2022 1184 2117 1224 sus
2144 1184 2273 1240 ergo
2294 1179 2348 1225 et
2378 1170 2492 1240 ipse
2519 1183 2642 1242 post
2678 1182 2729 1229 te
2764 1176 2817 1231 in
2856 1180 3147 1248 templum,
3170 1183 3456 1254 oculisque
3489 1202 3587 1242 cu-

2020 1257 2185 1315 riosis
2212 1275 2380 1330 quaa
2405 1264 2710 1332 patriarcha
2737 1270 3065 1337 gerebantur
3106 1273 3400 1343 aspiciens,
3425 1278 3587 1348 eique

2020 1358 2162 1406 totas
2202 1367 2362 1409 aures
2387 1356 2658 1425 arrigens,
2687 1372 2753 1413 ac
2780 1374 2968 1415 eorum
2993 1377 3115 1432 qua
3138 1364 3460 1422 dicebantur
3489 1385 3588 1425 cu-

2019 1440 2177 1511 piens
2208 1459 2330 1499 esse
2374 1447 2590 1501 auditor
2616 1489 2631 1515 ,
2678 1451 2853 1505 oculis
2897 1454 3098 1521 pariter
3142 1465 3307 1527 atque
3357 1461 3586 1517 auribus

2020 1545 2211 1604 captus
2241 1552 2384 1592 sum.
2414 1536 2481 1592 Et
2502 1540 2627 1594 licet
2660 1541 2748 1597 ille
2772 1543 2966 1598 iterum
2990 1586 3006 1612 ,
3066 1555 3250 1618 utpote
3279 1548 3374 1604 Dei
3403 1552 3586 1607 imita-

2020 1633 2127 1692 tor,
2163 1642 2250 1681 me
2280 1642 2503 1684 cernere
2529 1647 2592 1686 ac
2620 1634 2809 1688 audire
2834 1634 3053 1705 fecerit;
3092 1653 3192 1708 ego
3226 1647 3404 1696 tamen
3446 1644 3585 1699 tanti

347 1728 443 1764 κε·
473 1709 587 1779 ἑγὼ
612 1708 669 1763 δὲ
698 1709 902 1779 ἀγαθοῦ
938 1710 1189 1763 τοσούτου
1222 1711 1639 1783 ἀμνημονήσας,
1671 1705 1730 1763 οὐ
1761 1711 1919 1781 μόνον

2022 1716 2268 1773 beneﬁcii
2297 1720 2615 1787 immemor,
2647 1740 2755 1779 non
2785 1726 2962 1786 solum
2992 1705 3174 1799 grates
3194 1730 3297 1801 ipsi
3320 1733 3391 1787 ob
3416 1732 3585 1791 bene-

344 1805 444 1860 οὐκ
496 1804 755 1858 ἀπέδωκα
770 1804 815 1835 ⁸⁸
841 1802 1068 1877 χάριτας
1092 1804 1239 1876 αὐτῷ
1264 1805 1364 1875 τῆς
1395 1804 1709 1876 εὐεργεσίας
1725 1843 1740 1868 ,
1785 1801 1919 1858 ἀλλά

343 1898 436 1952 καὶ
448 1897 729 1969 τερατείαν
752 1899 781 1951 ὀ
800 1898 1090 1968 μάταιοςτδ
1108 1896 1292 1969 θαῦμα
1307 1897 1495 1964 εἰπὼν,
1508 1897 1918 1970 τιμωρήσασθαί

342 2005 399 2041 τε
420 1988 583 2041 αὐτὸν
607 1988 941 2061 ἐπεχείρουν,
958 1989 1057 2059 ὅση
1089 2006 1178 2059 μοι
1207 1987 1454 2059 δύναμις,
1482 1989 1574 2041 καὶ
1599 1991 1912 2059 κατασχεῖν,

340 2080 502 2151 οῐμοι,
527 2081 625 2133 καὶ
648 2080 866 2151 δεσμοῖς
897 2080 1206 2151 περιϐαλεῖν
1243 2080 1490 2134 ἐκέλευον
1515 2083 1628 2144 τοῖς
1643 2081 1881 2145 οίκέταις
1898 2109 1913 2125 ο

247 2199 250 2202 ~
340 2171 568 2235 tum;
582 2170 659 2234 δὲ,
678 2170 926 2241 κατέχειν
950 2186 1009 2222 τε
1030 2170 1190 2223 αὐτὸν
1216 2170 1493 2241 νομίζουσι
1521 2171 1615 2224 καὶ
1635 2172 1715 2234 είς
1740 2169 1916 2243 δεσμά

341 2262 524 2335 φέρειν
547 2304 562 2329 ,
607 2262 738 2328 ξύλα
775 2258 842 2333 ἦν
881 2264 937 2315 ἐν
969 2262 1124 2333 χερσὶ
1162 2261 1319 2333 μόνον
1346 2262 1440 2315 καὶ
1473 2262 1636 2315 λίθοι.
1663 2261 1833 2316 Τοῦτο
1858 2263 1915 2317 δὲ

343 2354 434 2406 καὶ
454 2352 605 2423 αὐτῷ
630 2371 719 2424 μοι
759 2354 953 2419 ἐδόκει,
994 2354 1088 2407 καὶ
1111 2347 1198 2407 οἷα
1226 2354 1317 2407 ὑπ’
1344 2353 1521 2407 αὐτῶν
1550 2355 1913 2426 κατεχομένου

341 2446 430 2498 τοῦ
466 2446 804 2518 πατριάρχου
824 2489 839 2512 ,
866 2445 1093 2510 ἀπειλὰς
1124 2446 1233 2514 ἐγὼ
1259 2444 1642 2518 χαλεπωτέρας
1688 2447 1910 2519 ἐπῆγον.

341 2534 437 2588 Διά
461 2535 620 2589 τοῦτο
644 2536 832 2607 δέομαι
852 2538 881 2590 ὀ
910 2536 1000 2600 σὸς
1021 2535 1190 2609 ἀνὴρ,
1218 2538 1311 2590 καὶ
1332 2535 1533 2609 ταύτην
1557 2538 1707 2610 παρά
1728 2555 1915 2607 γυναι-

342 2628 433 2691 κὸς
464 2627 607 2699 ἐμῆς
633 2626 770 2682 αίτῶ
789 2629 948 2699 χάριν
970 2628 1035 2693 δ’,
1066 2627 1207 2682 ὥστε
1230 2628 1421 2700 πρῶτα
1462 2628 1561 2699 μὲν
1587 2629 1792 2700 εὐμενῆ
1817 2646 1912 2699 γε-

341 2720 523 2775 νέσθαι
540 2720 590 2752 ⁸³
613 2721 704 2775 τὸν
732 2718 896 2783 Θεὸν,
926 2721 1113 2775 ἔπειτα
1134 2721 1192 2774 δὲ
1220 2763 1235 2787 ,
1263 2723 1355 2775 καὶ
1377 2722 1536 2776 αὐτὸν
1565 2722 1917 2794 διαλλαγῆναι

338 2810 425 2863 τὸν
454 2812 816 2884 πατριάρχην.

403 2902 612 2957 CLXII.
653 2903 870 2958 Τούτων
897 2904 1177 2957 ἀκούσασα
1200 2904 1467 2977 Θεοδὼρα,
1492 2907 1629 2977 πρὸς
1654 2906 1744 2961 τὸν
1765 2907 1911 2961 ὅσιον

336 2992 496 3056 εὐθὺς
533 2994 871 3062 ἀφικνεῖται,
898 2995 992 3047 καὶ
1029 2994 1128 3048 ὅσα
1153 3010 1213 3047 τε
1239 2994 1336 3048 ἴδοι
1355 3035 1370 3058 ,
1410 2996 1503 3048 καὶ
1519 2997 1620 3049 ὅσα
1646 2995 1797 3068 παρὰ
1814 2994 1907 3050 τοῦ

332 3084 524 3155 ἀνδρὸς
560 3084 811 3138 ἀκούσειε
834 3126 848 3150 ,
898 3085 1059 3140 πάλιν
1108 3086 1436 3155 ἀπαγγέλλει
1476 3087 1650 3141 πάντα
1684 3088 1764 3159 τῷ
1803 3106 1907 3143 πα·

330 3177 585 3249 τριάρχῃ.
624 3176 683 3229 '0
704 3177 759 3230 δὲ
786 3178 860 3248 μὴ
886 3176 1155 3250 μελλήσας
1177 3178 1362 3250 μηδὲν,
1383 3179 1578 3232 αὐτίκα
1604 3179 1745 3250 μάλα
1769 3179 1906 3253 πρὸς

329 3266 421 3320 τὸν
451 3267 711 3322 Σισίννιω
760 3269 1149 3340 παραγίνεταιο
1183 3271 1275 3324 καὶ
1314 3271 1411 3341 οὐχ
1451 3271 1529 3335 ὼς
1561 3270 1623 3325 τὸ
1647 3272 1906 3345 πρότερον

332 3357 479 3429 αὐτῷ
502 3359 841 3429 ἐντυγχάνει,
864 3358 999 3412 ἀλλά
1022 3359 1139 3431 μεθ’
1155 3360 1287 3431 ὅσης
1315 3362 1521 3425 ἐκεῖνος
1545 3361 1625 3431 τῷ
1647 3360 1905 3432 πατριάρ-

333 3465 403 3523 χῃ
442 3450 745 3521 προσέϐαλε
785 3451 906 3504 τότε
951 3451 1055 3521 τῆς
1098 3451 1434 3523 ἀγριότητος,
1485 3451 1623 3523 μετά
1664 3449 1905 3514 πλείονος

334 3544 493 3596 αὑτὸν
516 3545 612 3596 νῦν
634 3544 733 3614 τῆς
760 3544 922 3614 τιμῆς
942 3544 1277 3613 ὑποδέχεται.
1309 3537 1540 3615 Ἀθρόαν
1561 3543 1737 3597 τοίνυν
1763 3542 1905 3597 οὕτω

334 3635 427 3688 καὶ
454 3633 653 3705 πολλὴν
691 3634 789 3705 τὴν
830 3634 1127 3705 μεταϐολὴν
1166 3636 1195 3688 ὁ
1233 3635 1406 3707 μέγας
1439 3634 1596 3700 ἰδὼν,
1624 3636 1813 3705 λόγους
1841 3653 1901 3689 τε

336 3727 458 3796 περὶ
479 3724 582 3796 τῆς
607 3724 887 3788 εὐσεϐείας
927 3725 1115 3791 δεξιῶς
1140 3726 1279 3794 ἄγαν
1311 3726 1460 3797 αὐτῷ
1482 3726 1783 3792 ὑποτείνει,
1808 3727 1903 3781 καὶ

336 3816 449 3869 ὅλον
470 3817 813 3869 ὐποποιεῖται
830 3817 922 3869 τὸν
945 3817 1131 3887 ἄνδρα.
1152 3817 1264 3872 Καὶ
1286 3818 1579 3883 πιστεύσας
1599 3819 1707 3873 ἀπὸ
1724 3819 1903 3890 ψυχῆς

336 3910 364 3962 ὁ
400 3909 663 3971 Σισίννιος
699 3909 777 3979 τῷ
808 3908 929 3978 Θεῷ
953 3949 967 3971 ,
1022 3909 1195 3980 ἥψατο
1235 3909 1343 3963 τῶν
1375 3910 1655 3982 μακαρίων
1680 3913 1903 3967 ἐκείνων

334 4002 423 4056 τοῦ
458 4003 794 4074 πατριάρχου
831 4001 1007 4057 ποδῶν
1029 4043 1044 4067 ,
1086 4004 1179 4057 καὶ
1220 4002 1442 4057 τοιαῦτα
1482 4005 1619 4075 μετά
1652 4006 1900 4077 δακρύων

334 4096 630 4166 ἐφθέγγετο
648 4111 664 4127 ’
1536 4161 1553 4174 ο

399 4186 629 4244 CLXIII.
665 4188 979 4260 Εὐχαριστῶ
991 4204 1071 4241 σοι
1094 4187 1173 4258 τῷ
1188 4187 1376 4260 ἀληθεῖ
1389 4188 1483 4243 καὶ
1505 4190 1648 4262 μόνῳ
1667 4189 1805 4261 Θεῷ,
1821 4190 1900 4262 τῷ

332 4282 417 4337 διά
434 4281 596 4337 τοῦτό
620 4297 710 4352 μοι
728 4280 853 4341 τοὺς
887 4277 1196 4349 ὀφθαλμοὺς
1222 4295 1366 4351 πεπη
1376 4279 1570 4350 ρωκότι
1591 4279 1685 4333 τοῦ
1713 4279 1898 4350 σώμα-

2019 1808 2292 1865 Iicentiam
2321 1828 2428 1866 non
2459 1814 2726 1883 persolvi,
2758 1818 2850 1871 sed
2881 1827 2935 1873 et
2961 1820 3193 1877 stolidus
3217 1862 3233 1889 ,
3259 1837 3385 1878 cum
3414 1825 3585 1880 mira-

2018 1900 2203 1955 culum
2236 1902 2473 1959 dicerem
2503 1920 2623 1961 esse
2650 1909 2972 1980 prastigias,
3017 1927 3143 1967 eum
3176 1914 3443 1984 supplicio
3470 1916 3587 1973 οων

2018 2005 2171 2059 cere,
2198 2004 2458 2063 quantum
2495 1998 2677 2067 potui,
2704 2010 2934 2055 conatus
2955 2017 3075 2056 sum
3093 2043 3109 2069 ,
3134 2003 3385 2076 iussique
3406 2007 3587 2063 famu-

2019 2082 2118 2148 lis,
2162 2084 2249 2139 hei
2291 2086 2457 2142 mihi!
2499 2098 2558 2143 ut
2603 2090 2854 2145 eumdem
2900 2092 3194 2150 retinerent
3238 2111 3303 2153 ac
3350 2099 3584 2158 vinculis

2018 2185 2338 2243 onerarent;
2372 2178 2479 2234 illis
2514 2196 2644 2234 vero
2673 2182 2765 2251 qui
2797 2190 2980 2238 tenere
3018 2183 3169 2240 illum
3199 2197 3253 2242 et
3285 2188 3340 2243 in
3368 2190 3582 2248 vincula

2018 2268 2218 2324 ducere
2245 2270 2547 2340 putabant,
2577 2272 2720 2343 ligna
2744 2274 3008 2332 duntaxat
3031 2286 3085 2332 et
3114 2278 3322 2349 lapides
3344 2294 3500 2340 erant
3525 2283 3580 2340 in

2018 2358 2275 2413 manibus
2302 2376 2318 2413 :
2348 2359 2401 2414 id
2429 2361 2580 2430 quod
2606 2364 2740 2417 mihi
2772 2364 2937 2420 etiam
2971 2366 3288 2437 videbatur;
3335 2380 3389 2427 et
3421 2374 3581 2444 quasi

2018 2449 2087 2504 ab
2121 2451 2202 2505 eis
2236 2451 2544 2520 patriarcha
2594 2453 2964 2523 detineretur,
3009 2459 3187 2515 minas
3229 2462 3581 2533 gravissimas

2015 2556 2116 2611 ego
2141 2540 2439 2610 iactabam.
2465 2542 2732 2609 Quocirca
2764 2562 2993 2615 precor,
3025 2550 3111 2603 vir
3143 2559 3293 2615 tuus,
3330 2553 3583 2625 hancque

2015 2633 2084 2686 ab
2115 2647 2286 2687 uxore
2307 2650 2426 2689 mea
2461 2635 2690 2705 gratiam
2723 2646 2847 2706 peto
2869 2647 2929 2692 ut
2960 2639 3138 2708 primo
3160 2641 3378 2711 quidem
3409 2643 3578 2700 Deum

2014 2723 2148 2777 mihi
2180 2724 2479 2794 propitium
2506 2726 2730 2794 eilicias,
2753 2728 2948 2785 deinde
2972 2746 3102 2787 vero
3124 2742 3179 2788 et
3205 2749 3292 2790 me
3320 2737 3581 2794 concilies

2013 2814 2359 2886 patriarcha.

2083 2904 2286 2960 CLXII.
2313 2906 2407 2964 His
2428 2910 2650 2981 auditis,
2677 2912 2963 2970 Theodora
2990 2916 3056 2969 ad
3086 2925 3333 2972 sanctum
3362 2918 3580 2973 confes-

2013 2998 2107 3051 tim
2135 2999 2314 3066 venit,
2345 3011 2651 3072 cunctaque
2691 3020 2813 3074 qua
2861 3006 3115 3070 vidisset,
3148 3015 3202 3060 et
3249 3022 3370 3075 qua
3396 3023 3425 3060 a
3458 3007 3576 3061 viro

2008 3090 2288 3158 audiisset,
2308 3109 2527 3149 rursum
2554 3097 2877 3165 patriarcha
2898 3099 3133 3154 nuntiat.
3160 3098 3254 3154 Ille
3279 3100 3413 3154 nihil
3441 3116 3578 3157 cun-

2007 3191 2206 3251 ctatus,
2239 3185 2503 3242 citissime
2533 3188 2601 3242 ad
2628 3186 2929 3244 Sisinnium
2956 3191 3320 3261 proﬁciscitur
3346 3208 3361 3246 :
3394 3200 3449 3247 et
3466 3208 3574 3250 non

2006 3285 2064 3331 ut
2099 3285 2257 3332 antea
2288 3293 2412 3333 cum
2451 3279 2699 3347 invenit,
2734 3282 2827 3335 sed
2851 3298 2974 3337 cum
3009 3292 3211 3353 quanta
3245 3284 3335 3338 ille
3376 3284 3575 3340 feroci-

2005 3376 2114 3423 tate
2145 3370 2510 3439 patriarcham
2541 3382 2670 3428 tunc
2713 3375 2941 3429 adortus
2980 3374 3186 3443 fuerat,
3216 3392 3341 3431 cum
3369 3378 3576 3448 majore

2003 3464 2211 3518 honore
2258 3480 2405 3520 nunc
2453 3481 2577 3521 eum
2604 3469 2824 3537 excipit.
2862 3468 3012 3525 Adeo
3042 3470 3208 3541 igitur
3246 3472 3482 3527 subitam
3520 3481 3575 3527 et

2002 3569 2256 3625 magnam
2289 3558 2648 3613 mutationem
2694 3560 2779 3615 vir
2820 3576 3051 3633 magnus
3073 3578 3325 3632 cernens,
3359 3579 3572 3620 sermo-

2003 3661 2101 3702 nes
2125 3647 2191 3703 de
2215 3647 2411 3717 pietate
2442 3650 2734 3705 admodum
2761 3653 2897 3708 scite
2923 3654 2973 3708 ei
3001 3656 3263 3727 suggerit,
3290 3666 3575 3728 totumque

2003 3737 2109 3795 sibi
2138 3749 2420 3809 comparat
2452 3742 2753 3803 hominem.
2792 3744 3040 3815 Cumque
3078 3762 3145 3802 ex
3180 3749 3366 3803 animo
3396 3748 3574 3805 Sisin-

2004 3832 2128 3888 nius
2158 3833 2266 3886 Deo
2292 3833 2648 3900 credidisset,
2688 3836 2861 3904 tetigit
2883 3837 3070 3893 beatos
3099 3837 3223 3894 illos
3245 3839 3571 3909 patriarcha

2002 3923 2186 3992 pedes,
2214 3924 2437 3994 hacque
2471 3939 2594 3979 cum
2634 3925 2887 3997 lacrymis
2914 3927 3229 3996 prolocutus
3250 3939 3366 3984 est:

2071 4189 2298 4248 CLXIII.
2348 4191 2561 4248 Gratia’s
2624 4207 2726 4261 ago
2770 4192 2867 4247 tibi
2904 4207 3030 4248 vero
3064 4208 3128 4249 ac
3158 4194 3260 4248 soli
3290 4192 3434 4256 Deo,
3471 4193 3565 4265 qui

2004 4280 2125 4338 ideo
2148 4283 2284 4338 mihi
2312 4283 2502 4355 oculos
2527 4283 2773 4352 corporis
2797 4283 3107 4348 excacasti,
3134 4292 3195 4338 ut
3224 4298 3319 4339 eos
3340 4284 3433 4354 qui
3456 4284 3570 4338 ani-

331 4386 439 4441 τος,
470 4376 619 4436 ὅπως
658 4374 784 4436 τοὺς
804 4372 906 4442 τῆς
923 4372 1100 4443 ψυχῆς
1118 4372 1403 4446 διανοίξῃς,
1420 4374 1514 4426 καὶ
1526 4371 1804 4442 διαϐλέψαι
1835 4390 1901 4442 με

2012 4389 2111 4429 ma
2141 4383 2268 4429 sunt
2294 4373 2568 4444 aperires,
2598 4388 2793 4443 meque
2819 4372 3027 4428 laceres
3055 4374 3299 4443 aspicere
3330 4373 3398 4428 ad
3426 4373 3568 4428 veri-

332 4465 756 4538 παρασκευάσης
802 4464 939 4535 πρὸς
981 4465 1081 4536 τὴν
1117 4463 1389 4535 ἀλήθειαν·
1426 4465 1514 4518 διά
1548 4465 1704 4518 τοῦτο
1726 4466 1782 4518 δὲ
1810 4465 1904 4521 καὶ

332 4558 439 4611 τῶν
465 4556 620 4609 ὢτων
643 4556 742 4628 τὴν
785 4555 1064 4626 ἐνέργειαν
1086 4554 1467 4619 ἀποσϐέσαντι,
1496 4556 1642 4619 ὅπως
1661 4554 1904 4629 νηφούσῃ

332 4646 571 4718 διανοίᾳ,
598 4646 693 4700 καὶ
737 4645 959 4716 μηδενὸς
986 4644 1092 4697 τῶν
1119 4643 1315 4710 ἔξωθεν
1349 4644 1483 4708 ὅλως
1520 4645 1902 4719 αἰσθανομένῃ,

332 4738 392 4792 τὺ
416 4739 516 4810 τῆς
540 4737 821 4801 εὐσεϐείας
849 4736 1188 4808 ὐποδέξωμαι
1214 4738 1282 4814 κη
1293 4754 1493 4809 ρυγμα.
1518 4738 1630 4791 Νῦν
1652 4738 1708 4792 δὲ
1733 4740 1905 4811 αὐτὴν

332 4833 432 4904 τὴν
447 4830 703 4903 ἀλήθειαν
720 4829 963 4901 ὲμυήθην
980 4870 995 4895 ,
1025 4830 1117 4883 καὶ
1148 4829 1388 4902 ἀκριϐῶς
1414 4830 1481 4885 τὰ
1500 4830 1608 4884 τῶν
1643 4830 1905 4903 Ἐλλήνων

332 4924 575 4991 διέγνων,
592 4922 812 4993 ἀπάτην
838 4922 968 4976 ὄντα
1008 4923 1165 4995 μόνον
1189 4923 1282 4976 καὶ
1307 4924 1588 4994 τερατείαν
1621 4922 1899 4977 ἀπίθανον.
1936 4960 1947 4975 .

344 5011 467 5065 Ἐπὶ
508 5011 720 5076 τούτοις
743 5012 1034 5085 φαιδρᾶς-ης
1072 5013 1197 5083 ἔσχε
1242 5014 1337 5067 καὶ
1382 5012 1543 5085 ἡδονὴ
1583 5013 1673 5067 τὸν
1712 5009 1860 5068 οἷκον
1886 5055 1900 5080 ,

335 5102 427 5155 καὶ
458 5101 537 5173 τῷ
581 5101 801 5173 Χριστῷ
845 5102 1044 5166 πάντες
1085 5104 1426 5158 ἐπίστευσαν.
1472 5103 1577 5158 Τοῦ
1620 5104 1806 5175 πάσχα
1844 5104 1902 5157 δὲ

335 5193 432 5265 ήδη
474 5194 862 5264 ἐνισταμένου,
909 5193 1266 5247 ἐϐαπτίσαντο
1304 5194 1442 5265 μετά
1489 5194 1586 5248 τοῦ
1633 5195 1899 5250 Σισιννίου

338 5288 532 5351 πάντες
563 5289 796 5359 πατέρες
820 5288 955 5358 ὁμοῦ
984 5288 1079 5342 καὶ
1109 5288 1339 5359 μητέρες
1365 5289 1457 5342 καὶ
1477 5288 1681 5353 παῖδες,
1715 5291 1796 5353 είς
1822 5287 1900 5341 εί-

336 5395 454 5433 κοσι
477 5380 571 5434 καὶ
595 5382 744 5451 τρεῖς
759 5379 847 5433 ἐπὶ
869 5382 981 5443 τοῖς
1002 5378 1369 5451 τετρακοσίοις
1386 5378 1553 5444 ὄντες.
1580 5379 1748 5432 Τοῦτο
1773 5379 1900 5432 πολ-

2006 4473 2205 4533 tatem;
2242 4464 2471 4534 ideoque
2493 4466 2655 4520 etiam
2694 4465 2909 4519 aurium
2945 4464 3046 4519 vim
3077 4465 3478 4535 compressisti,
3509 4473 3568 4519 ut

2004 4567 2187 4613 mente
2213 4557 2361 4629 vigili
2391 4557 2635 4627 nihilque
2661 4557 2876 4627 penitus
2902 4571 3090 4611 eorum
3123 4572 3243 4627 qua
3264 4567 3413 4613 extra
3440 4568 3572 4612 sunt

2006 4650 2273 4705 sentiente
2296 4689 2313 4715 ,
2355 4664 2494 4704 vera
2531 4648 2815 4720 religionis
2845 4648 3178 4718 susciperem
3225 4648 3566 4719 pradicatio—

2006 4756 2151 4797 nem.
2196 4739 2352 4797 Nunc
2383 4757 2511 4797 vero
2548 4742 2821 4813 mysteriis
2848 4741 3090 4797 veritatis
3136 4742 3377 4797 initiatus
3419 4758 3563 4803 sum,

2008 4842 2271 4903 certoque
2297 4831 2493 4904 agnovi
2522 4833 2805 4903 gentilium
2846 4849 3004 4890 sacra
3052 4832 3297 4887 fraudem
3352 4842 3565 4887 tantum

2005 4940 2128 4981 esse
2157 4940 2222 4981 ac
2254 4924 2626 4981 incredibilem
2658 4925 2975 4980 vanitatem.
3015 4924 3241 4995 PrOpter
3274 4925 3377 4978 ista
3425 4924 3563 4977 hila-

2004 5015 2140 5071 ritas
2168 5024 2222 5070 et
2250 5016 2433 5070 latitia
2456 5015 2681 5071 domum
2714 5016 3019 5087 occupavit,
3036 5015 3565 5086 omnesqueChristo

2004 5106 2369 5161 crediderunt.
2402 5104 2663 5162 Paschate
2691 5124 2817 5163 vero
2856 5109 2969 5179 jam
3010 5108 3261 5172 ineunte,
3305 5105 3562 5174 baptizati

2004 5205 2132 5253 sunt
2156 5214 2281 5254 cum
2311 5199 2553 5255 Sisinnio
2580 5214 2790 5266 omnes,
2822 5210 3003 5270 patres
3029 5199 3263 5254 simulet
3286 5206 3486 5252 matres
3510 5206 3567 5259 et

2007 5291 2187 5356 liberi,
2239 5290 2307 5345 ad
2333 5299 2442 5346 tres
2478 5299 2533 5345 et
2560 5290 2750 5357 viginti
2780 5306 2941 5361 supra
2965 5290 3409 5361 quadringentos.
3450 5287 3563 5344 Hoc

2005 5381 2227 5435 attraxit
2260 5381 2460 5436 multos
2489 5396 2554 5437 ex
2585 5380 2973 5437 illustrioribus
2995 5423 3009 5448 ,
3037 5380 3131 5451 qui
3155 5378 3368 5450 magnis
3388 5379 3566 5434 bono.

1631 5556 1865 5612 VARIE
1902 5554 2297 5617 LECTIONES.

409 5666 454 5698 ⁸⁸
494 5668 563 5723 al.
604 5666 697 5721 τοῦ
736 5667 916 5741 ζήλου.
991 5670 1033 5704 ⁸¹
1069 5671 1139 5725 al.
1167 5670 1508 5766 ἀποδέδωκα..
1574 5674 1618 5705 ⁸²
1653 5673 1723 5728 al.
1758 5673 1881 5730 add.
1913 5674 2011 5746 τὴν
2044 5675 2279 5749 ἐμαυτοῦ
2305 5679 2597 5751 σωτηρίαν.
2678 5680 2722 5713 ⁸³
2757 5680 2826 5735 al.
2870 5681 3033 5737 inser.
3090 5699 3205 5757 μοι.
