4066 6330
480 228 585 286 ’591

1331 226 1389 281 S.
1430 223 1814 280 CLEMENTIS
1846 225 1871 278 .l
1911 224 2075 279 ROM.
2108 223 2305 279 PONT.
2343 223 2569 280 OPERA
2607 224 2831 282 DUBIA.

3586 228 3677 285 59'!

497 348 648 401 ribus
692 342 1123 414 praepollebant,
1170 340 1477 411 quibusque
1535 341 1827 408 imperator
1880 337 2048 393 Nerva

2155 318 2279 402 λους
2305 341 2653 395 ἐπεσπάσατο
2676 341 2783 393 τῶν
2815 337 3266 408 ἐπιφανεστέρων,
3292 335 3412 389 ὅσοι
3442 352 3501 388 τε
3524 341 3688 409 μακρᾷ

496 435 688 491 amicis
717 434 956 488 maxime
1002 440 1058 486 et
1102 429 1430 486 consiliariis
1457 427 1929 497 utebatur;atque
1964 428 2053 498 pio

492 526 664 581 cultui
694 539 888 580 omnes
914 520 1124 578 assensi
1150 529 1296 576 sunt.

559 698 791 755 CLXIV.
833 698 965 766 Quae
1011 711 1134 752 cum
1192 695 1399 750 videret
1443 696 1718 764 pessimus
1773 709 1871 764 per
1922 692 2053 749 illud

491 799 710 860 tempus
739 804 924 844 comes
953 786 1253 843 ciliciorum
1281 784 1508 839 Publius
1534 783 1921 854 Tarquitianus
1938 800 2054 839 mo-

493 883 628 939 leste
660 883 815 947 tulit,
860 890 914 935 et
950 878 1135 950 gravia
1183 877 1547 941 existimavit,
1592 877 2053 946 eousideransque

491 991 603 1045 quo
634 975 794 1031 modo
824 973 1076 1043 pietatem
1105 970 1335 1026 ulterius
1356 968 1787 1039 progredientem
1818 967 2055 1037 compri-

491 1076 666 1124 meret
690 1108 704 1132 ,
740 1066 918 1135 ipsum
962 1064 1141 1133 primo
1188 1062 1522 1116 Clementem
1557 1068 1818 1130 tanquam
1863 1074 2050 1114 eorum

492 1174 613 1228 quze
638 1157 841 1212 ﬁebant
869 1155 1103 1209 maxime
1140 1161 1421 1207 auctorem
1446 1150 1637 1205 statuit
1666 1165 1697 1204 e
1727 1148 1905 1204 medio
1949 1150 2047 1205 tol-

490 1256 605 1311 lere
633 1272 647 1308 :
674 1261 727 1309 et
754 1251 1093 1323 singularum
1118 1248 1280 1305 Urbis
1306 1248 1589 1318 regionum
1619 1245 1893 1316 praefectis
1920 1261 2052 1300 con-

489 1345 719 1410 vocatis,
744 1344 919 1411 iisque
943 1342 1170 1410 pecunia
1198 1338 1490 1408 corruptis,
1516 1337 1833 1392 seditionem
1861 1335 2051 1391 adver-

489 1453 585 1493 sus
626 1436 958 1492 Clementem
990 1432 1068 1487 uti
1104 1438 1385 1486 moverent
1431 1429 1511 1484 eis
1540 1428 1858 1499 proposuit,
1884 1435 2051 1496 utque

488 1528 635 1583 illius
669 1524 1129 1581 existimationem
1164 1523 1483 1591 impeterent
1513 1520 1764 1574 hortatus
1804 1526 1914 1583 est,
1949 1532 2049 1571 cu-

489 1620 642 1687 piens
669 1631 908 1671 amorem
946 1612 1110 1669 Urbis
1138 1628 1266 1682 erga
1292 1627 1416 1666 eum
1459 1626 1556 1680 per
1583 1610 1688 1663 hoc
1722 1608 2046 1673 dissolvere,

476 1708 877 1776 hominemque
908 1705 1133 1760 reddere
1172 1702 1386 1758 insidiis
1420 1700 1629 1755 facilem
1662 1708 1822 1769 atque
1847 1713 2048 1769 oppor-
2080 1690 2121 1744 Β

480 1812 679 1857 tunum
690 1842 702 1854 .

557 1890 762 1947 CLXV.
794 1889 1193 1959 Cunspirantes
1234 1902 1364 1956 ergo
1399 1886 1659 1940 adversus
1692 1900 1816 1939 eum
1847 1884 2051 1955 impro-

479 1984 698 2040 bissimi
729 1982 805 2037 illi
830 1982 999 2045 cives,
1029 1981 1173 2033 mala
1197 1993 1262 2032 ac
1287 1976 1450 2043 lmda,
1483 1986 1542 2031 ut
1580 1976 1680 2046 ipsi
1704 1976 2048 2030 arbitraban-

487 2083 596 2138 tur,
623 2073 689 2127 de
719 2073 811 2126 illo
834 2069 1163 2132 diﬂundunt,
1192 2067 1468 2135 multaque
1497 2066 1760 2135 objiciunt
1783 2065 2047 2127 crimina;

485 2166 792 2239 praestigias
821 2164 872 2219 ei
901 2162 1236 2224 attribuunt,
1268 2168 1323 2213 et
1352 2157 1628 2227 religionis
1658 2172 1848 2211 eorum
1893 2171 2048 2210 ever-

486 2264 718 2328 sionem,
737 2261 951 2328 aliaque
978 2256 1243 2326 plurima;
1273 2264 1435 2323 atque
1458 2253 1646 2308 dicunt
1671 2252 1740 2306 ab
1769 2255 1886 2322 ipso
1912 2251 2047 2306 allici

472 2353 832 2423 {coruumcliis
856 2360 911 2406 et
943 2347 1168 2404 lacerari
1202 2346 1408 2416 patrios
1434 2344 1565 2399 deos
1596 2362 1610 2399 :
1657 2343 1837 2411 ut-qui
1862 2341 2047 2397 Jovem

470 2446 731 2501 omnium
782 2443 1006 2498 deorum
1058 2440 1390 2501 maximum,
1423 2451 1598 2505 neque
1626 2436 1785 2490 deum
1825 2451 2047 2505 prorsus

485 2538 829 2599 nominaret;
869 2531 1154 2587 Herculem
1208 2544 1338 2583 vero
1371 2528 1644 2582 Alcmenae
1669 2526 1836 2580 [ilium
1864 2530 2045 2595 (quem

485 2630 563 2686 illi
594 2644 754 2685 suum
778 2633 1214 2682 conservatorem
1248 2622 1422 2690 aiunt)
1451 2622 1724 2689 impurum
1757 2619 2044 2687 quemdam

482 2723 785 2778 demonem
828 2729 882 2772 et
927 2717 1213 2771 scelestum
1263 2724 1513 2773 vocaret;
1568 2710 1943 2766 charissimam
1994 2719 2047 2763 et

490 2815 878 2879 suavissimam
925 2809 1185 2863 Venerem
1210 2849 1223 2871 ,
1260 2806 1601 2859 meretricem
1627 2804 1933 2867 induceret;
1963 2812 2044 2856 at-

484 2927 590 2982 que
619 2908 878 2979 optimam
908 2900 1281 2973 jaculatriccm
1317 2895 1561 2957 Dianam,
1586 2893 1881 2961 sapientem
1907 2890 2045 2945 Mer-

2152 432 2218 500 τῇ
2245 429 2372 504 δόξῃ
2397 431 2707 505 διέπρεπον,
2730 434 2823 487 και
2841 426 2923 496 οἷς
2944 434 2973 485 ό
2998 430 3247 501 βασιλεὺς
3275 428 3520 500 Νερούας
3544 430 3694 498 φίλοις

2158 522 2387 592 μάλιστα
2438 527 2532 579 καὶ
2578 523 2896 596 συμϐούλοις
2945 523 3173 595 ἐχρῆτο·
3218 520 3310 574 καὶ
3362 524 3421 591 τῇ
3465 520 3682 590 εὐσεϐείᾳ

2154 614 2356 678 πάντες
2382 616 2681 669 συνέθεντο.
3683 628 3694 661 ο

2222 703 2446 760 CLXIV.
2486 706 2668 760 Ταῦτα
2720 708 2859 780 όρῶν
2899 707 2928 759 ό
2969 707 3331 776 πονηρότατος
3377 702 3490 753 κατ’
3527 701 3681 753 ἐκεῖνο

2154 795 2344 866 καιροῦ
2370 796 2477 849 τῶν
2508 798 2770 867 ὀφφικίων
2798 799 2972 869 κόμης
2996 796 3106 867 (21)
3141 792 3400 855 Πούπλιος
3436 791 3681 863 Τουρκου-

2140 887 2332 950 ντιανὸς
2355 887 2486 959 (22),
2512 888 2873 961 ἐδυσχέραινε,
2897 888 2993 941 καὶ⁵
3004 886 3151 940 δεινὰ
3164 883 3333 939 ἐποίει
3349 899 3363 913 ο
3385 883 3475 937 καὶ
3493 881 3684 935 σκοπῶν

2150 980 2300 1043 ὅπως
2342 979 2408 1034 ἂν
2453 980 2649 1053 ἐπίσχῃ
2692 982 2998 1052 περαιτέρω
3025 978 3416 1052 προϐαίνουσαν
3435 975 3528 1045 τὴν
3554 972 3686 1026 εὐσέ-

2138 1069 2304 1124 ϐειαν
2326 1110 2341 1135 ,
2374 1072 2531 1125 αὑτὸν
2572 1072 2710 1141 ἔγνω
2749 1073 2961 1146 πρῶτον
3002 1075 3065 1125 ἐκ
3092 1070 3267 1124 ποδῶν
3310 1068 3521 1138 ποιῆσαι
3545 1064 3586 1096 ⁸⁸
3607 1063 3687 1116 τὸν

2139 1160 2441 1232 Κλήμεντα
2464 1202 2478 1225 ,
2518 1158 2605 1216 οἶα
2646 1163 2750 1217 τῶν
2790 1164 3071 1236 παρόντων
3117 1159 3431 1216 αἰτιώτατον
3473 1157 3516 1189 ⁸⁸
3546 1153 3688 1209 αὑτὸν

2150 1253 2276 1306 ὅντα
2293 1272 2305 1282 ·
2337 1254 2436 1307 καὶ
2457 1256 2585 1318 τοὺς
2614 1256 2845 1309 ἑκάστου
2875 1256 3071 1326 μέρους
3094 1254 3196 1325 τῆς
3215 1252 3418 1316 πόλεως
3442 1249 3692 1322 προεστῶ-

2148 1361 2248 1408 τας
2280 1345 2786 1416 συγκαλεσάμενος,
2816 1346 2909 1400 καὶ
2948 1349 3218 1417 χρήμασιν
3252 1343 3444 1406 αὐτοὺς
3470 1340 3689 1411 διαφθεί-

2142 1453 2251 1507 ρας
2268 1476 2282 1499 ,
2315 1436 2505 1491 στάσιν
2531 1437 2653 1491 τινὰ
2675 1438 2891 1509 κινῆσαι
2918 1437 3058 1490 κατὰ
3082 1436 3176 1489 τοῦ
3200 1436 3507 1508 Κλήμεντος
3527 1433 3692 1495 αὐτοῖς

2150 1526 2411 1594 ὑπετίθει,
2440 1528 2534 1582 καὶ⁸
2564 1529 2833 1583 διαϐαλεῖν
2861 1528 3023 1582 αὑτοῦ
3044 1528 3141 1600 τὴν
3165 1525 3426 1597 ὑπόληψιν
3454 1522 3693 1595 προετρέ-

2149 1636 2279 1673 πετο
2296 1636 2311 1649 '
2336 1620 2508 1695 ταύτῃ
2529 1621 2826 1675 καταλῦσαι
2840 1620 2900 1674 τὸ
2914 1621 3047 1692 πρὸς
3066 1620 3224 1673 αὑτὸν
3247 1620 3349 1689 τῆς
3368 1616 3567 1679 πόλεως
3588 1613 3695 1683 φίλ-

2148 1729 2273 1783 τρον
2298 1712 2618 1785 βουλόμενος
2636 1755 2650 1777 ,
2682 1714 2777 1769 καὶ
2808 1712 2944 1786 πρὸς
2964 1711 3253 1782 ἐπιϐουλὴν
3284 1710 3597 1780 εὐχείρωτον
3615 1707 3698 1761 τὸν

2148 1802 2314 1874 ἄνδρα
2335 1804 2772 1873 παρασκευάσαι.

2218 1892 2423 1948 CLXV.
2480 1896 2782 1958 Συστάντες
2820 1890 2911 1948 οὖν
2933 1894 3019 1947 ἐπ’
3058 1894 3217 1948 αὐτὸν
3264 1892 3319 1945 οἱ
3369 1890 3701 1962 πονηρότατοι

2147 1984 2255 2039 τῶν
2281 1983 2511 2038 πολιτῶν
2534 1986 2747 2048 ἐκεῖνοι,
2770 1984 2969 2054 ψόγους
2994 2000 3076 2048 τε,
3100 1983 3175 2046 ὡς
3205 1982 3369 2036 αὐτοὶ
3400 1980 3578 2052 ᾤοντο,
3609 1996 3703 2033 κα-

2147 2074 2427 2146 ταχέουσιν
2456 2076 2620 2130 αὑτοῦ
2660 2076 2927 2146 πονηροὺς
2947 2117 2961 2142 ,
2986 2076 3079 2128 καὶ
3103 2073 3299 2137 πολλάς
3335 2073 3592 2142 ἐπάγουσι
3616 2069 3704 2133 τὰς

2149 2169 2346 2235 αἰτίας,
2375 2169 2624 2239 γοητείαν
2645 2168 2790 2240 αὐτῷ
2817 2168 3222 2239 περιάπτοντες,
3250 2165 3473 2235 καὶτῆς
3500 2163 3705 2217 ἐκείνων

2149 2258 2441 2329 θρησκείας
2486 2260 2827 2331 ἀνατροπὴν,
2874 2258 3008 2313 ἄλλα
3058 2275 3115 2311 τε
3167 2257 3377 2323 πολλὰ,
3425 2255 3704 2326 ἐξυϐρίζειν

2149 2351 2308 2405 αὐτὸν
2349 2351 2594 2420 λέγοντες
2626 2352 2719 2405 καὶ
2749 2350 2875 2413 τοὺς
2914 2347 3197 2420 πατρῴους
3221 2349 3504 2419 διασύρειν
3532 2345 3703 2409 θεοὺς·

2146 2444 2236 2497 τὸν
2297 2445 2393 2515 μὲν
2438 2444 2690 2498 ἁπάντων
2740 2443 2875 2499 θεῶν
2909 2443 2955 2475 ⁵⁸
2987 2443 3237 2512 μέγιστον
3276 2442 3405 2508 Δία,
3439 2440 3567 2512 μηδὲ
3598 2438 3705 2492 Θεὸν

2146 2536 2332 2598 ἁπλῶς
2359 2534 2686 2608 ὀνομάζοντα
2707 2552 2720 2564 ’
2764 2534 3030 2605 Ἠρακλέα
3059 2534 3115 2586 δέ
3143 2534 3233 2586 τὸν
3278 2534 3605 2605 Ἀλκμήνης,
3656 2531 3708 2584 ὃν

2147 2628 2368 2681 ἐκείνων
2399 2630 2530 2697 φασὶ
2582 2628 2801 2699 σωτῆρα
2824 2626 2939 2698 (25)
2958 2666 2972 2689 ,
3022 2627 3189 2696 ἐναγῆ
3213 2643 3347 2680 τινα
3379 2626 3598 2697 δαίμονα
3624 2625 3709 2678 καὶ

2150 2718 2339 2789 μιαρὸν
2352 2716 2729 2771 ἀποκαλοῦντα
2751 2736 2763 2748 ·
2797 2717 3001 2787 πόρνην
3025 2733 3085 2769 τε
3107 2718 3205 2788 τὴν
3223 2716 3393 2787 φίλην
3409 2715 3710 2787 Ἀφροδίτην

2145 2811 2467 2877 εἰσάγονταο,
2508 2809 2601 2862 καὶ
2616 2810 2713 2881 τὴν
2732 2809 2984 2881 ἑκηϐόλον
3006 2811 3168 2880 Ἀρτε
3176 2825 3286 2879 μιν,
3338 2809 3431 2862 καὶ
3450 2809 3537 2861 τὸν
3562 2806 3709 2872 σοφὸν

2156 2898 2361 2970 Ἑρμῆν
2388 2900 2478 2952 τὸν
2506 2899 2599 2952 τοῦ
2630 2898 2788 2967 λόγου
2828 2898 2969 2963 θεὸν,
3005 2899 3095 2953 τὸν
3118 2899 3421 2970 πολεμικόν
3440 2916 3500 2952 τε
3531 2898 3710 2970 ΙἈρειι,

484 3004 699 3060 curium
724 2999 885 3052 deum
916 2992 1208 3055 sermonis,
1238 2988 1555 3042 bellicosum
1582 2983 1830 3048 Martem,
1860 2982 2046 3039 Satur-

2146 2991 2345 3047 καὶτὸν
2378 2992 2583 3062 Κρόνον
2610 2991 2768 3045 αὐτὸν
2787 3030 2801 3055 ,
2826 2991 3021 3060 ἐπίσης
3059 2991 3488 3063 βλασφημοῦντα
3519 2990 3711 3051 πάντας

484 3106 725 3161 tmmque
757 3090 971 3158 ipsum,
1000 3101 1065 3139 ex
1116 3095 1271 3149 aequo
1315 3092 1505 3133 omnes
1550 3074 1839 3130 infamaret
1882 3083 2045 3143 atque

2146 3085 2236 3138 καὶ
2261 3082 2606 3137 διαϐάλλοντα
2626 3122 2639 3144 ,
2678 3084 2768 3137 καὶ
2794 3083 2863 3137 τά
2884 3100 2942 3137 τε
2951 3084 3086 3153 μέθη
3109 3084 3322 3138 τούτων
3348 3086 3444 3139 καὶ
3465 3086 3588 3148 τοὺς
3614 3083 3711 3153 βω-

470 3183 873 3240 -criminaretur
910 3192 1009 3229 nec
1037 3190 1143 3228 non
1176 3173 1371 3226 borum
1413 3168 1535 3221 fana
1571 3176 1624 3222 ct
1675 3180 1797 3220 aras
1840 3175 2044 3220 everte-

483 3286 584 3333 ret.
620 3274 700 3328 Ad
729 3283 1022 3331 summam,
1055 3265 1302 3319 aiebant:
1340 3260 1437 3315 Vel
1466 3260 1571 3314 diis
1607 3258 1894 3319 sacriﬁcet.
1949 3266 2043 3311 aut

485 3368 591 3422 vita
618 3364 801 3421 statim
836 3362 1099 3431 privetur.
1138 3358 1313 3425 Atque
1348 3354 1425 3406 illi
1461 3352 1678 3421 quidem
1709 3393 1723 3413 ,
1754 3350 1877 3404 talia
1927 3363 2045 3402 mo-

484 3468 702 3522 ventes,
738 3455 992 3524 petebant
1027 3460 1084 3505 ut
1112 3449 1213 3503 sibi
1260 3447 1324 3501 ad
1359 3454 1587 3500 mortem
1616 3442 1918 3497 traderetur
1946 3458 2042 3511 pa-

486 3550 744 3607 triarcha.
773 3546 855 3601 0b
877 3560 999 3614 quae
1020 3539 1441 3612 indignabantur
1469 3536 1783 3607 quicunque
1813 3534 2041 3603 pecunia

484 3641 728 3698 venalem
759 3634 1148 3694 conscientiam
1179 3646 1285 3686 non
1322 3629 1716 3690 exbibueraut,
1745 3626 2044 3695 loqueban-

485 3747 679 3804 turque
699 3731 765 3786 ad
796 3728 1053 3799 populum
1083 3723 1251 3778 libere
1274 3763 1290 3787 ,
1317 3722 1559 3777 dicentes
1585 3737 1599 3773 :
1624 3717 1779 3784 Quid
1837 3718 1960 3771 mali
2011 3732 2042 3769 a

483 3824 790 3898 patriarcha
814 3829 1029 3892 gestum
1063 3816 1187 3871 est?
1222 3814 1332 3869 imo
1355 3826 1484 3866 vero
1513 3825 1634 3875 quae
1659 3809 1917 3863 beneﬁcia
1948 3823 2043 3878 per

484 3936 615 3977 eum
668 3917 863 3972 civitas
908 3926 1015 3966 non
1065 3916 1148 3962 est
1194 3905 1524 3960 consecuta?
1575 3903 1882 3971 Deindeque
1931 3901 2043 3955 sin-

483 4013 607 4085 gula
636 4024 758 4080 qua:
796 4003 1110 4060 mirabiliter
1155 3998 1222 4052 ab
1261 4012 1325 4050 eo
1355 3994 1493 4051 facta
1535 3994 1750 4049 fuerant
1791 4007 2042 4047 recense-

485 4084 634 4167 bant,
664 4109 718 4154 et
745 4111 932 4152 eorum
960 4108 1080 4162 quae
1106 4088 1484 4143 memorabant
1512 4087 1659 4155 ipsos
1692 4084 2044 4140 assumebant

486 4205 667 4251 testes.

552 4302 781 4361 CLXVI.
823 4298 1179 4355 Mamertinus
1209 4304 1389 4348 autem
1417 4290 1547 4345 Urbi
1573 4288 1878 4360 prafeetus,
1907 4289 2041 4343 adeo

2144 3177 2281 3246 μους
2306 3175 2765 3246 καταστρέφοντα.
2804 3174 3109 3243 Κεφάλαιον
3133 3175 3224 3229 τοῦ
3250 3169 3534 3244 λόγου,“11
3560 3174 3712 3228 θυσά-

2142 3283 2219 3320 τω
2243 3268 2355 3330 τοῖς
2387 3266 2526 3329 θεοῖς
2544 3307 2557 3329 ,
2582 3266 2763 3334 ἔλεγον
2787 3304 2801 3327 ,
2834 3265 2866 3336 ἢ
2893 3266 2994 3335 τῆς
3022 3264 3167 3335 ζωῆς
3189 3267 3251 3319 τὸ
3278 3269 3455 3339 τάχος
3481 3266 3710 3321 ἀπαλλα-

2143 3359 2309 3429 γήτω.
2341 3359 2401 3410 Οί
2432 3358 2529 3428 μὲν
2550 3354 2661 3423 οὖν,
2698 3356 2921 3411 τοιαῦτα
2943 3357 3213 3420 κινοῦντες
3232 3401 3246 3423 ,
3276 3358 3505 3414 ἔκδοτον
3540 3359 3714 3429 ἠξίουν

2141 3449 2233 3502 τὸν
2286 3449 2623 3521 πατριάρχην
2662 3450 2755 3503 ἐπὶ
2791 3449 3000 3521 Θανάτῳ
3020 3449 3222 3504 λαϐεῖν.
3257 3451 3385 3521 Ἐφ’
3407 3450 3489 3515 οἷς
3515 3449 3714 3522 ὴγανὰ·

2144 3559 2302 3594 κτουν
2327 3542 2521 3603 πάντες
2552 3541 2664 3594 ὅσοι
2688 3541 2760 3612 μὴ
2785 3542 3078 3613 χρημάτων
3104 3541 3257 3595 ὢνιον
3279 3544 3389 3615 τὴν
3426 3543 3715 3612 συνείδησιν

2143 3631 2516 3702 προετίθεσαν,
2544 3633 2635 3684 καὶ
2686 3632 2872 3700 λόγους
2915 3630 3051 3702 πρὸς
3075 3630 3164 3684 τὸν
3203 3631 3384 3704 δῆμον
3412 3633 3716 3704 ἐλευθέρους

2140 3724 2439 3777 ἐποιοῦντοο
2456 3725 2521 3775 Τί
2535 3723 2611 3794 τῷ
2627 3724 2935 3795 πατριάρχῃ
2951 3723 3114 3775 κακὸν
3126 3723 3441 3793 εἴργασται,
3458 3724 3717 3793 λέγοντες⁶

2147 3816 2414 3887 μᾶλλονδὲ
2432 3816 2610 3889 ’ποίων
2638 3816 2733 3885 οὐχ
2754 3817 2786 3886 ἡ
2812 3815 2963 3880 πόλις
2989 3818 3118 3887 παρ’
3151 3816 3304 3887 αὐτῷ
3333 3819 3572 3889 χαρίτων
3591 3813 3717 3869 ἀπέ-

2143 3901 2369 3967 λαυσεν;
2397 3899 2529 3957 Εἶτα
2561 3905 2655 3956 καὶ
2690 3902 2826 3955 αὐτὰ
2845 3904 3047 3958 ἕκαστα
3072 3904 3179 3958 τῶν
3214 3906 3314 3958 ὑπ’
3336 3906 3508 3960 αὐτοῦ
3550 3922 3718 3975 παρα-

2141 3994 2305 4060 δόξως
2347 3997 2725 4067 γεγενημένων
2770 3997 3175 4068 ἀπηριθμοῦντο
3196 4040 3210 4063 ,
3277 4003 3379 4055 καὶ
3442 4001 3716 4072 μάρτυρας

2144 4085 2337 4148 αὐτοὺς
2370 4085 2646 4139 ἐποιοῦντο
2679 4087 2785 4139 τῶν
2813 4087 3134 4159 λεγομένων.

2212 4284 2440 4341 CLXVI.
2482 4287 2854 4358 Μαρμεντῖνος
2874 4284 2967 4338 ⁸δέ
2991 4288 3020 4339 ὁ
3066 4287 3165 4355 τῆς
3210 4287 3430 4354 πόλεως
3455 4244 3716 4361 Eudoxos.

484 4399 748 4453 seditione
772 4394 1026 4464 agitatam
1062 4389 1330 4445 civitatem
1362 4384 1544 4439 videre
1591 4396 1700 4436 non
1726 4382 2031 4445 sustinens,

2146 4377 2215 4448 μὴ
2232 4377 2411 4446 φέρων
2429 4379 2520 4431 ἐπὶ
2542 4377 2673 4430 πολὺ
2698 4376 3084 4441 στασιάζουσαν
3109 4376 3248 4431 οὕτω
3265 4381 3373 4451 τὴν
3396 4382 3551 4435 πόλιν
3571 4381 3717 4451 όρᾷν,

484 4492 553 4545 ad
575 4491 689 4543 haec
718 4501 857 4542 verae
901 4483 1178 4553 religionis
1206 4481 1539 4534 incremento
1570 4475 1814 4530 invidens
1838 4515 1851 4539 ,
1882 4474 1947 4528 ad
1981 4488 2039 4527 se

485 4580 716 4637 arcessit
749 4579 964 4632 beatum
997 4574 1353 4635 Clementem,
1382 4568 1665 4637 verbisque
1691 4575 1799 4620 tam
1823 4580 2039 4635 genero.

2147 4469 2321 4532 άλλως
2346 4486 2406 4522 τε
2448 4470 2540 4522 καὶ
2573 4471 2641 4539 τῇ
2677 4469 2775 4539 τῆς
2798 4469 3073 4553 εὐσεϐείας
3102 4470 3343 4526 ἐπιδόσει
3388 4472 3715 4543 βασκαίνων,

2146 4560 2266 4629 ἄγει
2292 4562 2382 4615 τὸν
2408 4560 2671 4633 μακάριον
2695 4561 2981 4633 Κλήμεντα
3013 4562 3147 4633 πρὸς
3164 4564 3384 4629 ¹ἐαυτὸν,
3414 4564 3515 4619 καὶ
3544 4562 3717 4632 λόγοις

1774 4723 2006 4783 VARUS
2042 4721 2440 4779 LECTIONES.

552 4872 597 4902 “
630 4871 698 4924 al.
731 4869 878 4923 deest
920 4868 971 4920 in
1015 4867 1087 4920 al.
1122 4864 1171 4898 ’⁸⁸
1212 4865 1282 4918 al.
1327 4863 1476 4917 deest
1499 4864 1552 4915 in
1578 4861 1647 4914 al.
1712 4860 1758 4891 “
1805 4861 1873 4914 al.
1914 4859 2067 4914 Θεὸν.

1811 4991 2169 5048 VARIORUM
2205 4993 2440 5050 NOTAE.

444 5154 450 5159 ‘
556 5136 667 5204 (Eli)
697 5133 815 5189 Τῶν
847 5135 1135 5203 όφφικιων
1165 5134 1370 5202 κόμης.
1394 5128 1631 5184 Historia
1670 5127 1883 5204 Latina,
1934 5128 2035 5204 ρο-

486 5198 590 5289 me}
634 5198 1673 5289 sactqmm,'nempe_largitionumqua:
1695 5210 1779 5251 est
1807 5198 1916 5289 alia
1947 5198 2034 5289 di-

522 5279 679 5333 nitas.
733 5276 823 5330 Sic
863 5266 920 5328 in
959 5266 1190 5329 concilio
1244 5266 1514 5342 Ephesino
1561 5266 1895 5342 exciperetur
1943 5266 2035 5323 ,Ιοο

522 5296 679 5333 nitas.
733 5296 823 5330 DIC
864 5296 917 5328 In
959 5296 1190 5329 conculu
1244 5296 1514 5342 bpltcsmu
1563 5296 1884 5339 tum-Iuratus
1943 5296 2035 5323 ur

483 5296 689 5403 gannes
716 5346 889 5418 κόμης
917 5344 1024 5399 τῶν
1056 5344 1292 5418 σακρῶν.
1319 5342 1509 5418 Κόμης
1531 5336 1825 5418 τῶνθείων
1838 5335 2035 5418 ,λαργιτ

482 5417 701 5471 τιώνων.
729 5404 1039 5471 Léx'autem
1063 5415 1097 5468 ὅ
1136 5404 1196 5469 C.
1230 5414 1333 5467 Th.
1367 5404 1433 5466 de
1463 5404 1810 5472 inetallis,est
1831 5404 2031 5461 Juliani

481 5488 709 5557 Augusti
741 5488 807 5540 ad
836 5485 1091 5557 Ruﬁnum
1123 5485 1379 5557 comitem
1406 5478 1745 5557 Ofliciorum.
1897 5485 2034 5557 tem-

484 5546 610 5628 pore
632 5556 817 5611 Nerva:
851 5556 1197 5627 Imperatoris
1241 5554 1370 5609 nulli
1400 5558 1556 5608 erant
1588 5546 1812 5604 comites
1841 5546 2035 5616 hujus-

487 5630 648 5682 nmdi.
678 5628 790 5684 C0?
812 5671 825 5687 .

2212 5131 2323 5203 (Ξὲ)
2373 5134 2542 5203 Aliter
2576 5130 3055 5203 Τορκουτιανός-ει
3087 5131 3505 5203 Τουρκιτιανός.
3534 5127 3720 5203 Latine

2140 5204 2196 5273 in
2218 5198 2468 5258 Editione
2486 5198 2803 5273 Tarquinius
2828 5216 2929 5271 pro
2953 5198 3277 5272 Tarquitius;
3316 5200 3374 5273 in
3389 5217 3522 5273 _ms.
3555 5198 3626 5254 λγ.
3648 5199 3716 5273 Δ(3.

2145 5272 2329 5328 Vionis
2357 5269 2677 5327 Herovallii:
2719 5269 3045 5343 Torquatus;
3070 5269 3135 5326 ut
3165 5273 3236 5326 sit
3266 5270 3356 5324 vel
3387 5269 3724 5339 Torquatia—

2143 5360 2268 5407 nus,
2304 5345 2383 5397 vel
2418 5342 2839 5412 Tarquitianus.’
2868 5342 2945 5396 lo.

2211 5413 2320 5484 (25)
2346 5406 2601 5481 Σωτῆρα.
2657 5412 2917 5467 Similiter
2949 5413 3087 5484 apud
3124 5406 3721 5484 Tlieoduritum,A-_S€_1j-

2140 5475 2385 5537 mo'ne'de
2412 5475 2732 5553 martyribus
2761 5499 2800 5554 :_
2828 5475 3095 5554 Ἠρακλέα
3133 5483 3356 5552 σωτῆρα
3422 5482 3525 5535 καὶ
3556 5475 3723 5543 ἀλεξι-

2143 5570 2307 5609 κακον
2338 5555 2753 5626 προσηγόρευον.
2786 5552 2859 5606 1ο.
