4066 6330
298 530 305 536 ι
336 445 439 501 595

1140 441 1595 499 CLEMENTINA.
1637 468 1707 484 -
1744 435 2038 493 ΕΡΠῸΜΕ
2067 436 2153 490 DE
2190 432 2433 490 CESTIS
2472 432 2529 488 S.
2570 434 2795 490 PETRI.

3438 429 3540 485 59$

326 576 426 646 τὴν
462 569 714 642 γενναίαν
762 571 901 626 οὕτω
938 570 1113 642 ψυχὴν
1163 567 1411 622 κλέπτειν
1452 568 1740 638 ἐπεχείρει,
1786 558 1918 623 Ἐξ.

2000 571 2103 609 sum
2136 555 2374 609 animum
2406 562 2635 608 conatur
2663 552 2849 606 fallere
2875 563 2938 604 ac
2964 547 3279 610 abducere,
3310 544 3535 600 dicens:

302 665 600 734 εὐγενοῦς,
645 665 839 734 λέγων,
886 665 1251 736 προελήλυθας
1294 664 1467 735 ῥίζης
1517 663 1673 723 τοῦτο
1722 664 1883 727 πᾶς“ό

324 760 433 814 τῶν
470 759 755 831 Ῥωμαίων
792 777 873 813 σοι
902 764 1162 832 μαρτυρεῖ
1177 760 1364 832 δῆμος,
1394 760 1505 814 ἀλλ’
1545 762 1885 833 ἀνθρωπίνην

327 852 421 904 καὶ
445 851 605 914 αὐτὸς
638 851 838 923 πλάνην
862 851 1117 923 ὑπέστης,
1146 854 1236 906 καί
1258 853 1343 907 διὰ
1364 853 1517 907 τοῦτο
1534 856 1652 908 οὐδέ
1680 859 1886 928 σιωπᾷν

329 941 537 1011 ἡπόλις
564 940 830 1011 ἀνέχεται.
875 944 1010 995 Φασί
1045 943 1151 1014 γάρ
1196 945 1255 997 σὲ
1298 946 1612 1017 καινοτέραν
1649 949 1885 1015 εἰσάγειν

330 1033 641 1105 θρησκείαν,
660 1034 750 1088 καί
762 1051 881 1089 τινα
897 1035 1043 1106 παρά
1060 1036 1184 1099 τοὺς
1201 1036 1481 1107 πατρῴους
1509 1037 1660 1102 θεοὺς
1695 1056 1762 1111 κη
1772 1037 1888 1109 ρύσ-

331 1142 443 1180 σειν
471 1127 720 1197 Χριστόν.
765 1126 923 1181 Ὅθεν
953 1127 1247 1182 ἀποθέσθαι
1272 1145 1329 1181 σε
1364 1128 1467 1200 χρὴ
1503 1130 1600 1201 τὴν
1632 1132 1886 1202 περιττὴν

327 1218 531 1289 ταύτην
551 1220 985 1290 δεισιδαιμονίαν,
1008 1222 1099 1275 καί¹
1125 1221 1313 1291 μόνους
1331 1222 1590 1276 αἰδεῖσθαι
1610 1224 1703 1276 καὶ
1723 1225 1886 1295 τιμᾷν

328 1310 453 1372 τοὺς
472 1309 717 1373 συνήθεις
729 1313 795 1381 τῇ
813 1311 964 1363 πόλει
979 1310 1152 1374 θεούς.
1178 1312 1324 1365 Καὶό
1350 1312 1707 1383 πατριάρχης·
1728 1314 1889 1384 Εὐχο-

334 1413 430 1466 μαι
462 1396 561 1467 τὴν
584 1397 681 1467 σὴν
708 1398 1063 1469 στερρότητα,
1098 1399 1221 1471 ἔφη,
1249 1400 1565 1471 μεταδοῦναί
1595 1419 1683 1473 μοι
1707 1402 1883 1471 λόγου,

286 1486 300 1497 ’
332 1489 425 1541 καὶ
441 1492 695 1559 προσχεῖν
714 1508 812 1560 μου
828 1493 945 1554 ταῖς
961 1491 1328 1562 ἀποκρίσεσιν,
1344 1492 1476 1545 ἀλλά
1494 1494 1566 1564 μὴ
1588 1492 1759 1557 οὕτως
1775 1495 1889 1548 ἀλό-

330 1596 411 1649 γῳ
427 1581 611 1633 στάσει
628 1581 720 1634 καὶ
744 1583 988 1652 ματαίοις
1006 1582 1230 1636 ἕπεσθαι
1249 1582 1509 1655 θορύϐοις.
1545 1584 1677 1638 Οὐδὲ
1694 1584 1799 1656 γὰρ
1813 1585 1891 1637 δεῖ

334 1672 575 1735 στάσεως
592 1672 711 1724 οὐδὲ
730 1671 990 1744 θορύϐων,
1010 1674 1143 1727 ὅπου
1162 1675 1430 1744 σκοπῆσαί
1445 1691 1501 1728 τε
1521 1677 1645 1745 περὶ
1658 1676 1755 1746 τῆς
1774 1677 1891 1728 ἑαυ-

330 1756 424 1809 τοῦ
450 1757 719 1827 σωτηρίας
740 1758 863 1821 τινι,
894 1759 986 1811 καὶ
1004 1759 1133 1831 περί
1159 1758 1292 1812 Θεοῦ
1312 1760 1651 1829 διαλεχθῆναι
1684 1761 1893 1830 πρόκειο

330 1865 439 1903 ται.
470 1848 525 1902 ’0
541 1848 773 1921 ἔπαρχος
786 1850 960 1904 τοίνυν
987 1851 1048 1903 τὸ
1070 1849 1163 1903 τοῦ
1180 1843 1367 1922 ἀνδρὸς
1391 1854 1630 1919 γενναῖον
1654 1852 1744 1905 καὶ
1768 1853 1891 1906 στά-

335 1958 490 2010 σιμον
514 1940 572 2007 ἐξ
594 1942 772 1995 αὐτῶν
805 1942 963 2005 εὐθὺς
977 1942 1083 1996 τῶν
1107 1944 1403 2015 προοιμίων
1425 1941 1768 2013 καταμαθὼν,
1799 1943 1892 1997 καὶ

333 2033 505 2085 εἰπεῖν
527 2049 587 2084 τε
613 2032 772 2095 αὐτὸς
794 2033 888 2086 καὶ
908 2033 1136 2088 ἀκοῦσαι
1158 2037 1285 2105 παρ’
1318 2035 1522 2088 ἐκείνου
1553 2035 1711 2090 πάλιν
1742 2036 1895 2108 ὀκνή-

1986 647 2061 701 Ει
2078 646 2255 715 [nobili
2285 646 2448 714 stirpe
2474 653 2625 699 ortus
2648 658 2706 698 es
2745 660 2759 696 :
2820 642 2924 696 hoc
2948 641 3012 695 de
3038 649 3091 694 te
3117 637 3364 709 perhibet
3384 634 3540 688 testi-

1988 740 2229 793 monium
2277 738 2454 792 omnis
2503 736 2730 805 populus
2763 733 3036 788 Romanus
3061 773 3077 796 ,
3134 729 3226 785 sed
3254 737 3307 782 et
3341 728 3457 795 ipse
3485 726 3543 778 in

1990 832 2287 885 humanum
2328 844 2566 884 errorem
2630 826 2937 889 incurristi,
2996 834 3159 893 atque
3202 822 3324 877 ideo
3367 832 3542 888 neque

1986 919 2129 976 Urbs
2163 931 2341 977 tacere
2374 928 2570 990 potest.
2606 919 2773 971 Aiunt
2803 915 2946 971 enim
2978 922 3029 969 te
3059 928 3256 968 novam
3286 911 3549 965 inducere

1986 1014 2321 1085 religionem,
2353 1021 2405 1065 et
2433 1019 2619 1065 contra
2646 1010 2776 1063 deos
2802 1007 3005 1078 patrios
3031 1005 3325 1075 praedicam
3352 1014 3545 1070 quem-

1986 1105 2108 1159 dam
2131 1104 2427 1159 Christum.
2449 1102 2628 1168 Quare
2652 1109 2860 1171 oportet
2883 1107 2934 1153 te
2955 1098 3191 1165 abjicere
3215 1092 3543 1163 superﬂuam

1987 1196 2130 1251 hanc
2173 1196 2607 1266 superstitionem
2637 1237 2651 1259 ,
2685 1193 2923 1261 deosque
2972 1199 3182 1244 tantum
3228 1184 3463 1241 revereri
3491 1190 3547 1238 et

1987 1286 2163 1340 colere
2190 1301 2325 1354 quos
2350 1285 2540 1338 civitas
2569 1284 2720 1337 solet.
2763 1282 2836 1335 Ad
2888 1281 3002 1334 haac
3040 1277 3346 1347 patriarcha
3372 1293 3387 1329 :
3411 1272 3544 1339 Oro,

1987 1376 2200 1445 inquit,
2237 1386 2383 1430 tuam
2415 1375 2730 1445 gravitatem
2779 1382 2832 1427 et
2864 1372 3261 1434 constantiam,
3304 1378 3362 1423 ut
3410 1366 3546 1435 mihi

1997 1468 2264 1523 concedas
2289 1467 2451 1520 verba
2490 1466 2700 1528 facere,
2732 1480 2795 1519 ac
2828 1464 2963 1517 meis
2988 1460 3434 1531 responsionibus
3464 1466 3548 1511 at-

1990 1557 2204 1621 tendas;
2239 1571 2343 1610 non
2375 1564 2553 1609 autem
2588 1554 2721 1609 adeo
2748 1553 2958 1607 ratione
2981 1552 3292 1606 destitutam
3321 1548 3545 1604 seditio-

1990 1664 2111 1703 nem
2140 1691 2154 1713 ,
2187 1650 2558 1719 tumultusque
2594 1664 2764 1703 vanos
2793 1646 3144 1702 consecteris.
3185 1642 3369 1711 Neque
3398 1640 3548 1695 enim

1994 1756 2133 1810 opus
2155 1750 2237 1795 est
2267 1741 2528 1795 seditione
2556 1754 2619 1794 ac
2653 1738 2995 1800 tumultibus,
3030 1736 3123 1789 ubi
3152 1733 3386 1803 cuipiam
3418 1745 3547 1800 pro-

1996 1833 2228 1902 positum
2261 1840 2343 1887 est
2368 1832 2433 1885 de
2461 1832 2633 1886 salute
2670 1847 2767 1885 sua
2797 1829 3140 1886 considerare
3166 1835 3329 1895 atque
3350 1825 3416 1879 de
3438 1822 3549 1877 Deo

1991 1924 2272 1979 disserere.
2317 1924 2483 1995 Igitur
2511 1923 2793 1992 praefectus
2815 1964 2830 1987 ,
2886 1929 3161 1990 comperta
3189 1935 3255 1973 ex
3291 1919 3411 1988 ipso
3439 1925 3550 1971 sta-

1993 2016 2088 2068 tim
2118 2015 2344 2069 exordio
2372 2016 2677 2069 constantia
2712 2015 2811 2068 viri
2843 2024 2896 2068 et
2926 2013 3267 2076 fortitudine,
3314 2009 3550 2064 veritus-

335 2140 451 2186 σας,
490 2124 587 2176 καὶ
620 2123 1042 2195 ἀναϐαλλόμενος
1076 2126 1175 2195 τὴν
1207 2104 1455 2191 διάλεξιν,
1482 2127 1732 2197 Τραϊανῷ
1765 2104 1893 2199 περί

2000 2122 2099 2176 que
2129 2116 2241 2161 tum
2275 2108 2389 2177 ipse
2427 2107 2628 2171 dicere,
2676 2116 2790 2161 tum
2823 2116 2877 2161 et
2916 2107 2982 2161 ab
3023 2120 3087 2159 eo
3116 2104 3304 2158 audire
3329 2142 3344 2168 ,
3390 2110 3552 2171 atque

332 2212 495 2265 αὐτοῦ
521 2211 599 2281 τῷ
624 2212 977 2283 αὐτοκράτορι
994 2213 1270 2283 ἀναφέρει.
1297 2215 1403 2266 Καὶ
1427 2214 1455 2265 ὁ
1477 2213 1725 2283 βασιλεὺς
1745 2215 1892 2286 αὐτῷ

334 2302 505 2367 οὕτως
531 2302 739 2357 ἐπιλύει
781 2303 850 2357 τά
880 2304 1255 2375 γεγραμμένα,
1293 2304 1370 2368 ὡς
1393 2304 1426 2375 ἥ
1453 2304 1611 2358 θῦσαι
1635 2304 1724 2358 τὸν
1748 2305 1895 2375 Κλή-

339 2413 504 2465 μεντα
540 2399 651 2459 τοῖς
690 2395 960 2467 πατρῴοις
983 2396 1142 2461 θεοῖς,
1186 2396 1220 2467 ἢ
1264 2397 1434 2469 πέραν
1464 2395 1557 2450 τοῦ
1588 2397 1789 2449 Πόντου
1818 2398 1896 2460 εἰς

336 2489 537 2560 ἔρημόν
584 2507 702 2542 τινα
736 2490 885 2542 πόλιν
933 2489 1041 2542 τῶν
1077 2491 1143 2561 τῇ
1183 2488 1428 2561 Χερσῶνι
1464 2486 1895 2560 παρακειμένων,

336 2581 441 2633 ἀπὺ
463 2581 562 2652 τῆς
596 2579 817 2652 Ῥώμης
835 2580 986 2650 ἀϊδίῳ
1011 2584 1153 2652 φυγῇ
1173 2580 1445 2651 ἐλαθῆναι.

405 2764 657 2822 CLXVII.
676 2766 788 2835 Τῆς
806 2764 1128 2834 ἀποφάσεως
1138 2758 1229 2818 οὖν
1249 2763 1451 2829 ταύτης
1474 2763 1899 2836 καταλαϐούσης,

336 2861 628 2914 ἐσκέπτετο
650 2859 1020 2929 Μαρμεντῖνος
1050 2858 1195 2921 ὅπως
1222 2856 1287 2910 ἂν
1319 2857 1391 2929 μὴ
1413 2859 1441 2911 ό
1468 2857 1694 2929 Κλήμης
1716 2857 1902 2927 ἐληται

335 2952 431 3023 τὴν
446 2947 875 3023 ύπερορίαν,ἀλλ’
890 2948 1034 3019 αὐτῷ
1052 2948 1245 3020 μᾶλλον
1258 2951 1348 3003 καὶ
1357 2948 1434 3019 τῷ
1448 2948 1903 3023 βασιλεῖπεισθείη

339 3044 431 3095 καὶ
463 3041 693 3095 θύσειεν.
728 3040 861 3095 Οὐδέ
892 3040 1179 3109 γὰρ·έφερε
1199 3041 1528 3111 τηλικαύτην
1558 3041 1749 3112 ἀνδρὸς
1772 3042 1903 3111 ἀρε-

337 3135 435 3203 τὴν
471 3130 850 3202 ζημιούμενος.
886 3130 975 3201 Τῷ
1012 3131 1068 3185 δὲ
1098 3131 1347 3185 τοσοῦτον
1392 3132 1652 3203 ἐμέλησεν
1688 3133 1729 3165 ⁵⁷
1757 3132 1902 3187 ὲκεί-

339 3242 451 3287 νοις
480 3222 785 3294 πεισθῆναι,
820 3222 853 3293 ἢ
878 3221 923 3254 ⁵⁸
946 3223 1265 3294 δυσχερᾶναι
1291 3224 1426 3294 πρὸς
1456 3225 1555 3293 τὴν
1579 3223 1891 3296 ὑπερορίαν,

340 3320 448 3389 ὅσῳ
501 3318 595 3372 καὶ
638 3316 797 3370 αὐτὸν
836 3315 1130 3380 ἐσπούδαζε
1184 3317 1317 3387 πρὸς
1354 3318 1450 3388 τὴν
1493 3318 1776 3372 εὐσέϐειαν
1812 3317 1905 3372 τὸν

342 3409 581 3480 ἔπαρχον
610 3405 1028 3461 ἐπισπάσασθαι.
1064 3408 1308 3479 Τοσαύτη
1341 3409 1449 3479 γάρ
1471 3426 1553 3472 τις
1580 3408 1783 3464 ἀνωθεν
1811 3409 1902 3462 τὸν

1995 2199 2413 2255 collocutionem
2444 2201 2752 2254 detrectans
2773 2238 2787 2262 ,
2836 2198 2901 2253 ad
2933 2197 3227 2268 Trajanttm
3260 2196 3553 2265 imperato-

1996 2306 2109 2345 rem
2142 2290 2213 2343 de
2258 2290 2352 2343 illo
2381 2289 2563 2344 refert.
2596 2288 2658 2342 Et
2691 2292 2982 2359 imperator
3023 2288 3089 2342 ad
3122 2288 3286 2343 istum
3329 2285 3550 2340 modum

1996 2393 2062 2435 ea
2092 2395 2217 2449 quae
2242 2380 2441 2449 scripta
2473 2390 2627 2433 erant
2664 2379 2899 2433 dirimit:
2937 2387 2997 2433 ut
3050 2377 3300 2432 Clemens
3325 2382 3419 2430 aut
3448 2375 3555 2429 diis

1999 2472 2188 2541 patriis
2227 2470 2496 2526 sacriﬁcet
2522 2512 2537 2537 ,
2590 2480 2683 2524 aut
2719 2479 2869 2524 trans
2914 2469 3141 2524 Pontum
3177 2470 3231 2523 in
3277 2470 3554 2523 desertum

2000 2563 2216 2633 aliquod
2246 2562 2500 2632 oppidum
2552 2576 2739 2617 eorum
2787 2575 2908 2630 quae
2954 2559 3215 2615 Chersoni
3268 2559 3555 2629 adjacent,

2001 2654 2171 2709 Roma
2204 2663 2463 2725 perpetuo
2484 2654 2676 2709 exsilio
2698 2654 2993 2724 ablegetur.

2072 2770 2327 2827 CLXVII.
2369 2770 2477 2825 Hac
2520 2771 2700 2839 itaque
2730 2770 2991 2823 sententia
3021 2776 3261 2837 accepta,
3289 2765 3559 2835 cogitabat

2003 2862 2356 2920 Mamertinus
2398 2879 2508 2934 quo
2540 2864 2699 2918 modo
2746 2863 2994 2916 Clemens
3017 2876 3123 2914 non
3166 2859 3384 2929 eligeret
3413 2858 3559 2911 exsi-

2004 2956 2135 3010 lium
2158 2998 2172 3022 ,
2206 2956 2298 3011 sed
2326 2958 2509 3025 potius
2532 2964 2742 3027 pareret
2780 2954 2880 3023 ipsi
2910 2970 2974 3008 ac
3012 2952 3361 3022 imperatori,
3396 2960 3560 3020 atque

2005 3044 2333 3101 immolaret.
2367 3046 2483 3100 Non
2536 3046 2680 3100 enim
2715 3044 3016 3100 sustinebat
3045 3043 3245 3113 privari
3281 3050 3428 3095 tanta
3456 3039 3557 3093 viri

2003 3139 2225 3195 virtute.
2250 3138 2421 3193 Porro
2451 3136 2712 3193 Clementi
2738 3136 2872 3190 adeo
2901 3150 3043 3189 cum
3070 3133 3561 3203 fuitobtemperare

2006 3230 2115 3284 illis
2158 3243 2252 3284 aut
2300 3229 2523 3285 moleste
2574 3225 2711 3282 Ierre
2740 3226 3122 3297 relegationem
3148 3264 3163 3289 ,
3216 3231 3275 3278 ut
3302 3224 3461 3277 etiam
3493 3222 3560 3278 ad

2006 3322 2259 3392 pietatem
2326 3319 2638 3391 praefectum
2701 3317 2972 3372 attrahere
3036 3316 3317 3370 niteretur.
3389 3313 3563 3368 Tanta

2007 3415 2205 3485 quippe
2256 3413 2514 3467 divinitus
2569 3412 2895 3466 Clementem
2953 3408 3124 3479 gratia
3170 3406 3561 3472 circumdabat,

344 3500 633 3570 Κλήμεντα
665 3496 989 3570 περιίπτωτο
1033 3498 1210 3570 χάρις,
1261 3500 1355 3553 καί
1395 3499 1567 3563 οὕτως
1613 3503 1645 3571 ἠ
1694 3500 1900 3554 ἐκείνου

2009 3509 2196 3578 sicque
2222 3507 2367 3560 illius
2396 3504 2580 3576 lingua
2602 3502 2748 3557 omni
2775 3501 2897 3556 favo
2926 3515 2989 3555 ac
3018 3500 3177 3554 melle
3207 3499 3419 3554 dulcius
3448 3498 3565 3552 stil-

344 3592 551 3661 γλῶττα
580 3590 773 3663 κηρίου
815 3589 1011 3655 παντὸς
1051 3591 1143 3643 καὶ
1166 3590 1375 3661 μέλιτος
1397 3592 1723 3664 γλυκύτερον
1747 3592 1905 3647 ἐστα-

347 3683 456 3748 (sv,
486 3683 562 3746 ὡς
587 3683 681 3737 καὶ
712 3681 868 3735 αὐτὸν
896 3680 1053 3750 ἔρωτι
1078 3681 1265 3753 θερμῷ
1286 3682 1380 3735 τοῦ
1417 3683 1608 3755 ἀνδρὸς
1633 3683 1906 3754 ληφθέντα

345 3776 433 3828 τὸν
463 3776 853 3845 Μαρμεντίνον,
877 3774 1044 3828 πολλά
1070 3790 1127 3825 τε
1153 3776 1219 3843 τῇ
1242 3773 1516 3845 ἀποδημία
1540 3776 1904 3841 ἐπιστενάξαι,

350 3866 442 3919 καὶ
456 3866 660 3937 δάκρυα
682 3867 759 3935 τῷ
779 3866 1086 3937 πατριάρχῃ
1103 3864 1395 3928 ἐπιϐαλεῖν,
1414 3865 1470 3918 'O
1488 3865 1638 3929 Θεὸς,
1664 3866 1905 3933 εἰπόντα,

347 3952 394 4027 ᾧ
427 3961 490 4012 σὺ
522 3958 823 4029 εἰλικρινῶς
852 3958 1147 4029 λατρεύεις,
1178 3957 1336 4021 αὐτός
1375 3974 1457 4011 σοι
1495 3957 1686 4028 βοηθὸς
1714 3959 1806 4012 ἐπὶ
1840 3962 1907 4031 τῇ

350 4049 603 4119 συμφορᾷ
639 4047 969 4118 παρασταίηο
1013 4047 1107 4100 καί⁸
1139 4046 1335 4100 αὐτίκα
1358 4046 1537 4101 πλοῖον
1574 4047 1907 4120 εὐτρεπίσαι,

347 4141 539 4212 διαρκῆ
570 4157 630 4193 τε
662 4138 808 4209 αὐτῷ
836 4138 905 4192 τὰ
938 4138 1071 4209 πρὸς
1091 4138 1188 4209 τὴν
1209 4137 1394 4209 χρείαν
1419 4138 1686 4205 ἐνθέσθαι,
1710 4142 1803 4195 καὶ
1834 4140 1913 4195 δε-

351 4231 641 4298 ξιώσασθαι
666 4232 845 4296 αὐτὸν,
878 4230 972 4284 καὶ
998 4230 1325 4302 περιϐαλεῖν,
1346 4232 1441 4284 καὶ
1471 4232 1611 4285 οὕτω
1641 4232 1779 4302 μετὰ
1804 4232 1909 4287 τῶν

353 4323 729 4394 προσηκόντων
774 4321 1074 4392 ἀσπασμῶν
1113 4320 1394 4374 ἀπολῦσαι.
1433 4322 1622 4375 Πολλοὶ
1662 4322 1720 4376 δέ
1766 4322 1911 4395 αὐτῷ

353 4415 442 4467 καὶ
472 4412 582 4467 τῶν
612 4410 849 4466 εὐλαϐῶν
874 4408 1259 4480 ἠκολούθησαν·
1278 4410 1373 4463 καὶ
1392 4410 1471 4471 εἰς
1487 4409 1587 4479 τὴν
1619 4410 1912 4481 ὑπερορίαν

353 4507 649 4577 γενόμενοι,
698 4503 1194 4573 καταλαμϐάνουσιν
1232 4504 1289 4555 ἐν
1339 4504 1407 4573 τῇ
1456 4502 1564 4555 τῶν
1612 4503 1912 4573 μαρμάρων

353 4598 582 4670 λατομίᾳ
624 4595 1000 4667 Χριστιανοὺς,
1040 4594 1165 4663 περί
1189 4610 1292 4646 που
1316 4594 1441 4657 τοὺς
1463 4592 1665 4663 χιλίους
1680 4593 1724 4625 ⁵⁸
1751 4594 1784 4664 ἢ
1819 4593 1913 4647 καὶ

355 4691 622 4753 πλείονας,
657 4688 823 4742 πολὺν
853 4686 941 4740 διά
973 4686 1069 4757 τὴν
1095 4685 1371 4739 εὐσέϐειαν
1391 4686 1507 4739 ἐκεῖ
1531 4685 1719 4757 χρόνον
1752 4704 1912 4739 κατε-

354 4782 630 4853 χομένους.
691 4780 753 4833 Οἳ
797 4778 889 4831 καὶ
948 4777 1074 4847 περὶ
1125 4775 1219 4829 τοῦ
1271 4776 1607 4847 πατριάρχου
1652 4777 1911 4847 πρότερον

2008 3600 2186 3665 labat,
2218 3609 2275 3652 ut
2316 3598 2431 3667 ipse
2472 3611 2687 3666 quoque
2722 3595 2824 3649 viri
2876 3595 3084 3649 fervido
3133 3607 3318 3647 amore
3371 3600 3565 3660 captus

2009 3690 2380 3756 Mamertinus,
2404 3688 2695 3758 plurimum
2719 3702 2785 3741 ex
2809 3686 2927 3755 ejus
2944 3686 3187 3740 discessu
3216 3683 3562 3753 ingemuerit,

2008 3781 2385 3851 Iacrymasque
2438 3777 2647 3833 dederit
2690 3774 3043 3845 patriarcha,
3101 3774 3290 3828 dicens
3335 3790 3349 3826 :
3398 3771 3561 3838 Deus,

2009 3886 2168 3941 quem
2197 3880 2251 3925 tu
2286 3870 2493 3924 sincere
2531 3868 2666 3923 colis
2690 3908 2706 3933 ,
2748 3866 2863 3936 ipse
2891 3864 2990 3920 tibi
3022 3864 3311 3918 auxiliator
3332 3862 3386 3915 in
3415 3862 3563 3917 cala-

2010 3964 2201 4018 mitate
2238 3962 2487 4028 assistat;
2523 3960 2812 4029 statimque
2837 3957 3109 4028 navigium
3136 3954 3427 4027 paraverit,
3462 3954 3566 4007 imo

2010 4052 2204 4124 positis
2233 4053 2283 4107 ei
2305 4066 2426 4121 qua
2456 4052 2521 4106 ad
2546 4065 2704 4105 usum
2749 4048 3117 4115 suiliciebant;
3151 4046 3413 4115 illumque
3440 4044 3567 4098 dex-

2012 4152 2125 4198 tera
2144 4143 2511 4213 prehenderit,
2543 4141 2668 4196 item
2693 4141 3008 4209 complexus
3034 4140 3126 4205 sit,
3159 4147 3319 4207 atque
3347 4137 3417 4190 ita
3441 4150 3567 4189 cum

2012 4234 2427 4289 salutationibus
2473 4232 2727 4304 congruis
2775 4231 3061 4286 dimiserit.
3088 4229 3238 4284 Multi
3285 4238 3465 4282 autem
3497 4240 3567 4282 ex

2012 4328 2117 4398 piis
2137 4326 2305 4382 secuti
2330 4334 2457 4381 sunt
2480 4340 2602 4381 eum
2627 4342 2640 4377 :
2676 4333 2729 4379 et
2758 4322 3131 4394 pervenientes
3162 4322 3228 4375 ad
3248 4320 3442 4374 locum
3472 4334 3567 4373 ex-

2012 4420 2140 4483 snii,
2166 4419 2442 4488 reperiunt
2470 4418 2524 4471 in
2574 4415 2861 4471 marmoris
2889 4414 3195 4484 lapidicinis
3221 4412 3568 4467 Christianos

2012 4511 2228 4567 circiter
2254 4509 2399 4563 mille
2423 4549 2438 4574 ,
2464 4507 2548 4562 vel
2578 4518 2633 4562 et
2675 4507 2889 4575 plures;
2922 4505 3014 4576 qui
3038 4504 3150 4573 jam
3180 4504 3269 4558 diu
3301 4504 3410 4557 illic
3438 4518 3567 4573 pro-

2013 4614 2131 4674 pter
2161 4617 2345 4657 verum
2378 4601 2580 4656 cultum
2600 4598 2997 4653 detinebantur.
3024 4595 3089 4649 Ili
3109 4612 3231 4651 cum
3255 4595 3321 4649 de
3347 4595 3572 4665 patriar-

2014 4696 2113 4751 cha
2150 4694 2301 4765 prius
2337 4692 2639 4747 audiissent
2661 4731 2675 4755 ,
2710 4690 2854 4760 quod
2884 4698 2938 4745 et
2960 4690 3074 4758 ipse
3101 4689 3169 4742 ab
3213 4686 3356 4742 Urbe
3381 4687 3571 4756 puLsus

2014 4788 2166 4843 exsul
2201 4786 2267 4841 ad
2291 4802 2384 4840 eos
2415 4784 2725 4851 duceretur,
2757 4782 3010 4838 solatium
3034 4797 3140 4837 non
3170 4782 3389 4852 vulgare
3418 4796 3571 4851 cepe-

354 4845 709 4936 ἀκρύσαντες,
739 4870 833 4925 καὶ
873 4871 952 4923 ὅτι
992 4845 1088 4940 τῆς
1133 4868 1337 4933 πόλεως
1376 4845 1708 4933 άπελαθεις,
1739 4871 1905 4939 ὑπερ-

2012 4889 2140 4934 runt
2160 4895 2226 4936 ex
2262 4878 2384 4948 ejus
2409 4878 2662 4932 adventu.

354 4964 516 5034 όριος,
546 4961 680 5033 πρὸς
708 4960 944 5023 ἐκείνους
980 4960 1075 5013 καί⁵
1112 4959 1271 5023 αὐτὸς
1298 4960 1507 5029 ἄγεται,
1556 4959 1907 5031 παραμυθίαν

357 5058 509 5127 ἐσχον
536 5055 600 5107 οὐ
626 5053 725 5124 τὴν
745 5051 1008 5121 τυχοῦσαν
1039 5050 1136 5121 τὴν
1160 5051 1365 5103 ἐκείνου
1392 5050 1699 5122 ἐπιδημίαν.

426 5145 835 5203 οωινιιιποτε
858 5142 983 5212 γοῦν
1002 5142 1134 5214 πρὸς
1162 5142 1357 5205 αὐτοὺς
1378 5141 1773 5214 κατελάμϐανε,
1804 5142 1899 5196 τοῦ

358 5240 465 5293 τῶν
492 5238 691 5310 χειρῶν
720 5236 881 5307 ἔργου
913 5234 1171 5303 ἀφέμενοι
1200 5234 1294 5287 καὶ
1318 5233 1489 5303 τούτῳ
1526 5233 1908 5302 προσελθόντες

366 5328 498 5400 μετά
507 5324 780 5399 δακρύων,
796 5323 889 5378 καὶ
900 5322 1005 5377 τῶν
1021 5321 1188 5390 ἀγίων
1208 5321 1410 5374 ἐκείνου
1429 5322 1602 5375 ποδῶν
1624 5322 1912 5393 ἁψάμενοι,

2081 5143 2359 5200 CLXVIII.
2404 5142 2592 5212 Itaque
2640 5158 2765 5197 cum
2805 5142 2872 5197 ad
2926 5142 3051 5197 illos
3096 5143 3279 5207 venit,
3308 5141 3376 5195 ab
3407 5155 3569 5207 apere

2014 5253 2272 5292 manuum
2295 5245 2601 5301 cessarunt,
2619 5244 2673 5290 et
2700 5236 2765 5291 ad
2793 5250 2916 5291 eum
2939 5250 3063 5290 cum
3096 5234 3351 5304 Iacrymis
3383 5248 3568 5291 acces-

2012 5337 2228 5395 serunt;
2261 5329 2528 5399 tactisque
2579 5328 2952 5401 sanctiscjus
2994 5327 3253 5398 pedibus,
3305 5342 3363 5379 ec
3404 5339 3571 5393 puras

363 5422 455 5475 καὶ
482 5420 580 5484 τάς
617 5416 860 5487 καθαράς
893 5413 1345 5486 περιπτυξάμενοι
1382 5415 1588 5484 χεῖρας,
1611 5414 1711 5478 τὰς
1744 5432 1914 5468 κατα.

2016 5438 2212 5477 manus
2240 5421 2538 5479 deosculati
2593 5420 2932 5476 calamitates
2961 5420 3111 5489 ipsos
3140 5416 3452 5486 complens
3475 5416 3570 5470 dc-

366 5512 623 5575 λαϐούσας
653 5509 848 5569 αὐτοὺς
870 5505 1210 5560 ἀνεκλαίοντο
1240 5504 1540 5575 συμφορὰς,
1572 5506 1671 5576 τὴν
1690 5506 1791 5575 τῆς
1815 5522 1918 5557 πα-

2020 5513 2237 5579 ﬂerunt,
2266 5515 2453 5583 patric
2479 5512 2852 5577 amissionem,
2871 5512 3147 5567 insuavem
3175 5509 3233 5563 in
3255 5510 3433 5563 alieno
3456 5510 3575 5564 solo

367 5608 537 5677 τρίδος
589 5605 877 5665 ἔκπτωσιν,
920 5601 1018 5671 τὴν
1055 5598 1244 5667 ἄφιλον
1282 5598 1374 5651 ἐπὶ
1416 5598 1572 5669 ξένης
1622 5598 1915 5669 διαγωγὴν,

2022 5606 2184 5658 vitam
2205 5645 2220 5669 ,
2263 5618 2443 5658 rerum
2498 5602 2927 5660 necessariarum
2960 5600 3243 5671 penuriam
3274 5616 3288 5666 ;
3319 5599 3575 5671 quodque

1654 5784 1887 5841 VARIA‘I
1927 5781 2320 5840 LEC'I'IONES.

439 5906 480 5936 ³⁷
516 5906 586 5963 aI.
627 5907 937 5978 ἐμέλλησεν.
1012 5908 1056 5940 ⁸⁸
1083 5907 1152 5963 al.
1192 5906 1224 5978 ἢ
1259 5905 1370 5959 καί.
1446 5905 1501 5940 ⁸⁸
1531 5902 1599 5957 ³1·
1629 5901 1933 5973 δισχιλίουςο
