4066 6330
479 424 581 481 595

1332 408 1391 463 s.
1435 399 1821 462 CLEMENTIS
1856 401 1877 455 l
1915 395 2079 453 nou.
2116 390 2317 449 PONT.
2355 386 2584 445 orem
2616 379 2845 442 nunu.
2885 364 2891 371 '

3594 364 3699 422 596

473 549 719 593 omnium
772 536 889 586 erat
943 512 1323 599 gravissimum
1351 559 1367 584 ,
1405 535 1559 589 aqua:
1583 517 1755 587 ipsius
1784 512 2031 581 indigen-

2135 501 2242 554 τῶν
2269 498 2576 568 ἀναγκαίων
2603 493 2702 565 τὴν
2734 488 2986 562 ἀπορίαν,
3022 486 3133 550 καὶ,
3160 482 3189 537 6
3220 479 3434 535 πάντων
3464 476 3702 599 βαρξξα-

471 631 627 686 tiam.
657 625 715 681 Si
745 624 870 694 quis
898 621 1067 681 enim.
1098 617 1346 680 aiebant,
1377 629 1471 683 per
1502 620 1674 668 totum
1706 610 1849 663 diem
1873 621 2033 676 opere

473 733 739 777 manuum
780 725 834 771 et
866 713 1051 769 labore
1097 717 1401 764 maceratus
1429 746 1445 773 ,
1480 719 1636 773 aqua:
1680 711 1886 773 guttam
1916 698 2033 754 exi-

472 825 635 881 guam
666 820 883 863 sumere
913 801 1165 866 voluerit,
1189 814 1297 869 quo
1324 796 1599 853 miseriam
1628 810 1693 848 ex
1724 792 2034 863 fatigatione

472 911 648 957 ortam
678 898 949 963 sublevet;
982 896 1030 950 is
1058 909 1167 948 non
1197 891 1379 946 minus
1413 903 1578 959 quam
1611 901 1783 956 usque
1818 884 1884 938 ad
1916 893 2032 939 sta-

472 992 561 1047 dia
588 991 829 1060 quinque
870 998 924 1042 et
952 984 1308 1056 quadraginta
1341 980 1617 1051 profectus
1639 1019 1654 1043 ,
1684 992 1880 1047 aquam
1909 990 2034 1045 por-

472 1083 685 1141 taverit.
718 1079 799 1134 οι)
840 1080 955 1134 haec
985 1075 1291 1149 patriarcha
1322 1074 1586 1143 particeps
1607 1085 1795 1125 eorum
1827 1066 2032 1123 doloris

472 1191 537 1231 ac
558 1175 917 1245 lacrymarum
943 1170 1141 1231 factus,
1172 1168 1294 1222 dein
1342 1174 1396 1219 et
1442 1163 1553 1220 Deo
1574 1161 1763 1233 gratiis
1792 1160 1948 1225 actis,
1978 1167 2032 1213 et

471 1267 798 1324 sufﬁcienter
839 1264 1053 1318 animos
1088 1260 1303 1314 illorum
1354 1255 1710 1311 consolatus:
1752 1251 1869 1307 Non
1919 1252 2028 1314 ita.

472 1355 684 1427 inquit,
715 1364 916 1410 temere
944 1359 998 1406 et
1023 1350 1141 1405 sine
1168 1363 1335 1403 causa
1361 1345 1466 1399 huc
1496 1359 1581 1398 me
1619 1342 1758 1398 Deus
1786 1341 2032 1412 permisit

471 1447 701 1517 expelli;
732 1445 825 1501 sed
850 1454 909 1499 ut
936 1453 990 1498 et
1010 1442 1195 1498 socius
1242 1439 1343 1495 sim
1396 1445 1698 1490 vestrarum
1726 1433 2032 1504 perpessio-

471 1555 640 1605 num,
671 1546 725 1593 et
754 1536 1027 1608 patientiae
1073 1532 1306 1587 maxime
1359 1544 1423 1583 ac
1474 1525 1807 1582 tolerationis
1858 1524 2031 1579 docu~

472 1639 736 1685 mentum.

545 1808 773 1864 CLXIX.
815 1806 1013 1863 Postea
1059 1822 1186 1861 vero
1219 1805 1285 1861 ad
1332 1817 1519 1875 preces
1562 1801 1924 1865 convertitur,
1974 1810 2029 1855 et

472 1918 594 1957 cum
623 1902 702 1957 eis
729 1908 850 1956 orat
878 1900 1049 1955 Deum
1078 1941 1094 1965 ,
1125 1908 1184 1953 ut
1231 1897 1348 1952 suis
1393 1895 1798 1951 confessoribus
1824 1892 2025 1946 fontem

473 2006 629 2061 aqua:
655 1990 863 2061 aperiat
895 2008 908 2043 :
940 1991 1143 2059 quique
1164 1988 1434 2058 percussit
1456 1995 1663 2056 petram
1692 1985 1746 2038 in
1776 1984 1991 2038 deserto
2013 2024 2030 2049 ,

471 2092 527 2138 et
575 2081 849 2137 ﬂuxerunt
917 2096 1071 2150 aquae
1099 2080 1175 2145 °°,
1247 2079 1362 2149 ipse
1414 2078 1576 2134 etiam
1617 2077 1696 2133 eis
1753 2077 2028 2147 copiosam

471 2189 671 2244 aquam
696 2170 1155 2243 suppeditatJam
1174 2171 1320 2225 enim
1350 2170 1604 2224 omnibus
1626 2168 1922 2239 precationi
1943 2169 2030 2223 in-

471 2266 833 2344 sistentibus.
871 2264 1177 2335 patriarcha
1225 2263 1331 2318 huc
1367 2262 1688 2337 atqueilluc
1713 2262 2029 2333 respiciens,

472 2372 673 2427 agnum
702 2356 847 2412 videt
893 2355 986 2426 qui
1015 2356 1262 2411 dextrum
1298 2354 1484 2425 pedem
1515 2355 1810 2419 attollebat,
1857 2370 2033 2426 eoque

471 2449 632 2520 quasi
678 2447 1002 2503 ostendebat
1049 2446 1351 2516 subjectum
1391 2448 1566 2503 solum
1602 2465 1615 2501 :
1647 2462 1677 2501 a
1705 2447 1853 2501 nullo
1883 2447 2029 2502 enim

472 2540 582 2595 alio
606 2555 782 2612 agnus
804 2539 957 2596 visus
979 2548 1082 2594 est.
1110 2538 1246 2593 Tum
1275 2540 1581 2610 patriarcha
1619 2538 1878 2608 conjectis
1908 2554 2033 2595 ocu-

471 2631 561 2695 lis,
593 2631 661 2686 ad
691 2631 870 2686 locum
905 2639 1265 2685 monstratum
1312 2648 1436 2687 cum
1468 2631 1535 2685 iis
1564 2632 1655 2703 qui
1682 2634 1908 2688 aderant
1936 2648 2030 2688 ac-

472 2723 636 2787 cedit,
660 2731 716 2777 et
738 2722 814 2777 ait
839 2741 852 2778 :
876 2721 932 2777 In
985 2723 1205 2780 nomine
1221 2722 1436 2779 Domini
1459 2726 1630 2780 nostri
1660 2724 1788 2781 Jesu
1802 2726 2029 2792 Christi,

472 2815 563 2870 hic
591 2815 745 2883 mihi,
773 2814 887 2882 filii,
933 2814 1115 2870 fodite.
1155 2814 1399 2884 Cumque
1422 2824 1532 2870 tum
1562 2817 1736 2886 ipsum
1766 2817 1944 2871 locum
1976 2817 2031 2871 in

472 2923 584 2981 quo
621 2923 794 2979 agnus
821 2908 1022 2975 stabat,
1052 2917 1162 2962 tum
1195 2908 1455 2979 quidquid
1482 2908 1687 2964 circum
1713 2919 1829 2965 erat
1858 2909 2032 2964 fodis-

473 3007 626 3063 sent,
659 2999 965 3069 patriarcha
994 3040 1008 3065 ,
1064 3010 1282 3068 sumpto
1335 2999 1555 3055 sarculo
1580 3041 1597 3065 ,
1649 3001 1827 3056 locum
1867 3016 2029 3071 quem

472 3105 647 3164 agnus
670 3091 1009 3157 ostendebat,
1027 3094 1127 3146 levi
1147 3102 1199 3146 et
1231 3092 1297 3145 ad
1325 3093 1662 3161 superﬁciem
1687 3093 1794 3148 ictu
1818 3094 2029 3163 pulsat;

472 3179 872 3253 confestimque
921 3190 1064 3237 terra
1112 3183 1310 3237 emittit
1357 3183 1634 3253 limpidam
1665 3201 1861 3256 aquam
1886 3193 1939 3240 et
1963 3185 2031 3241 ad

472 3272 768 3331 bibendum
802 3289 1048 3338 suavem,
1076 3284 1239 3345 atque
1264 3291 1326 3330 ea
1354 3291 1475 3330 cum
1507 3276 1709 3347 impetu
1738 3276 1908 3333 etl’usa
1936 3277 2036 3332 flu-

475 3380 599 3420 men
625 3367 966 3436 repentinum
992 3366 1174 3422 eflicit.
1202 3366 1483 3425 Universis
1508 3384 1842 3439 ergo,gaqute
1871 3384 2037 3425 causa

476 3455 870 3525 gaudentibus,
904 3460 1212 3530 patriarcha
1269 3460 1411 3516 dixit
1446 3479 1459 3516 :
1517 3460 1785 3517 Fluminis
1812 3464 2037 3533 impetus

475 3548 716 3621 letiﬁca:
744 3552 1009 3608 civitatem
1034 3552 1133 3607 Dei
1152 3554 1294 3608 "-“.

549 3772 758 3828 CLXX.
789 3774 927 3831 Hinc
956 3786 1067 3831 tota
1116 3777 1183 3832 ad
1218 3794 1341 3832 eum
1384 3779 1689 3834 conﬂuebat
1719 3779 1907 3835 civitas
1934 3821 1949 3847 ,
1985 3789 2041 3835 ct

476 3866 742 3936 spiritalis
764 3870 912 3925 illius
944 3870 1210 3925 doctrinae
1252 3871 1538 3927 dulcedine
1567 3872 1631 3927 ad
1656 3888 1839 3927 veram
1878 3872 2038 3927 fidem

476 3971 706 4018 cunctos
734 3964 1076 4033 impellebat;
1132 3975 1190 4020 ut
1219 3973 1274 4020 et
1318 3966 1472 4020 multi
1519 3966 1761 4035 quotidie
1795 3966 2039 4036 baptiza-

476 4065 667 4112 rcntur
712 4072 1082 4125 numerusque
1134 4057 1202 4111 ad
1251 4058 1576 4126 quingentos
1617 4057 1946 4126 pervenerit,
1977 4073 2041 4113 ac

477 4164 607 4204 vera
638 4149 826 4219 religio
853 4149 905 4203 in
935 4149 1052 4203 dies
1094 4158 1309 4217 caperet
1339 4149 1753 4203 incrementum.
1789 4148 2040 4205 Nondum

480 4241 725 4312 profecto
755 4256 933 4295 annus
974 4242 1027 4294 in
1075 4241 1267 4296 exsilio
1292 4250 1410 4295 erat
1434 4257 1692 4296 emensus
1715 4257 1779 4297 ac
1801 4242 2042 4311 praeteri-

479 4342 591 4399 tus,
622 4344 677 4388 et
697 4333 1031 4389 wdiﬁcantur
1061 4334 1280 4402 quidem
1302 4374 1316 4399 ,
1346 4334 1414 4386 ab
1441 4332 1509 4388 iis
1555 4332 1645 4402 qui
1676 4332 2039 4399 crediderant,

478 4423 736 4478 Ecclesiae
762 4437 990 4477 numero
1018 4424 1259 4493 quinque
1286 4432 1340 4477 et
1364 4424 1724 4492 septuaginta,
1750 4423 2045 4477 idolorum-

480 4532 589 4586 que
613 4517 739 4571 fana
762 4526 817 4571 et
839 4516 1038 4585 templa
1060 4526 1411 4583 evertuntur;
1441 4517 1615 4587 iisque
1637 4516 1844 4570 adsitos
1866 4516 2037 4581 lucos,

2134 613 2225 650 τον
2250 583 2337 667 ἦν,
2364 596 2463 667 τὴν
2485 591 2646 646 αὐτοῦ
2669 589 2763 644 τοῦ
2789 587 2977 648 ὓδατος
3004 581 3224 636 ἔνδειαν.
3252 574 3443 667 sua?
3472 589 3557 636 τις
3571 571 3699 667 ὅλην

2135 682 2232 753 τὴν
2253 660 2466 753 ἡμέραν
2496 682 2561 751 τῇ
2587 678 2697 732 τῶν
2725 673 2924 747 χειρῶν
2962 668 3210 743 ἐργασίᾳ,
3246 664 3340 719 καὶ
3362 662 3440 734 τῷ
3468 660 3701 753 καμάτῳ

2137 751 2547 847 προστετήηκὼς,
2578 770 2777 838 ἔλεγον,
2804 766 2994 828 ὑδατος
3029 758 3283 833 βραχεῖάν
3312 768 3433 809 τινα
3467 751 3698 847 σταγόνα

2134 842 2317 917 λαϐεῖν
2350 842 2674 933 ἐθελήσειεν,
2699 858 2838 912 ὥστε
2868 855 2966 926 τὴν
3011 853 3075 906 ἐκ
3100 850 3194 904 τοῦ
3226 849 3395 902 κόπου
3429 842 3699 914 ἀναψύξαι

2131 954 2523 1025 ταλαιπωρίαν,
2539 952 2638 1004 οὑκ
2656 949 2869 1003 ἔλαττον
2890 946 2918 999 6
2940 943 3178 1006 τοιοῦτος
3199 941 3232 1011 ἢ
3262 937 3513 1025 σταδίους.
3536 934 3696 987 πέντε

2132 1045 2229 1098 καὶ
2285 1022 2688 1114 τεσσαράκοντα
2735 1032 3007 1108 προελθὼν
3048 1030 3134 1095 ἂν,
3193 1027 3337 1099 ὕδωρ
3386 1022 3690 1114 κομίσαιτο.

2132 1139 2275 1210 Πρὸς
2300 1112 2469 1189 ταῦτα
2514 1131 2849 1200 συναλγήσας
2874 1144 2934 1179 τε
2972 1124 3153 1185 αὐτοῖς
3186 1122 3215 1173 6
3241 1112 3698 1210 nutptupx'qc‘xut

2134 1205 2522 1299 cav6uxptiuug,
2541 1218 2657 1276 εἶτα
2682 1220 2774 1273 καὶ
2796 1217 2873 1289 τῷ
2892 1215 3009 1287 Θεῷ
3034 1211 3449 1284 εὐχαριστήσας,
3467 1206 3563 1260 καὶ

2131 1321 2237 1385 νῶς
2256 1295 2354 1384 τάς
2374 1318 2594 1373 ἐκείνων
2613 1312 2788 1385 ψυχὰς
2814 1305 3365 1382 παραμυθησάμενος,
3378 1300 3490 1370 Οὐχ
3512 1295 3699 1359 ἁπλῶς

2130 1416 2272 1470 οὑτω
2315 1411 2409 1466 καὶ
2439 1409 2666 1476 ἀλόγως,
2707 1400 2891 1468 εἶπεν,
2927 1396 3158 1454 ἐνταῦθά
3199 1411 3265 1467 με
3302 1395 3330 1448 ό
3360 1391 3491 1455 Θεὸς
3540 1406 3725 1474 συνεο.

2130 1508 2378 1581 χώρησεν
2425 1499 2776 1572 ἐκϐληθῆναι,
2828 1494 2942 1549 ἀλλ’
2974 1492 3113 1581 ώστε
3152 1488 3246 1542 καὶ
3261 1483 3533 1581 -κοινωνὺν
3572 1482 3700 1581 ὑμῖν

2130 1568 2379 1666 γενέσθαι
2406 1590 2513 1643 τῶν
2543 1568 2899 1657 παθημάτων,
2928 1580 3021 1635 καὶ
3050 1575 3327 1649 ὑπομονῆς
3347 1572 3581 1645 μάλιστα
3603 1568 3700 1623 καὶ

2132 1679 2423 1754 καρτερίας
2449 1675 2719 1729 ὑπόθεσιν.

2201 1748 2429 1829 CLXIX.
2456 1769 2683 1837 Ἔπειτα
2703 1764 2881 1837 μέντοι
2898 1761 2990 1815 καὶ
3018 1761 3097 1823 είς
3124 1757 3286 1829 εὐχὴν
3304 1754 3586 1827 τρέπεται,
3603 1748 3701 1806 καὶ

2060 1863 2100 1921 Β
2127 1869 2293 1922 δεῖται
2312 1865 2405 1918 σὺν
2420 1862 2599 1922 αὑτοῖς
2612 1855 2705 1910 τοῦ
2720 1852 2876 1917 Θεοῦ,
2892 1852 3030 1907 ὥστε
3044 1854 3154 1914 τοῖς
3168 1847 3331 1904 αὑτοῦ
3346 1844 3701 1918 όμολογηταῖς

2135 1959 2316 2031 πηγὴν
2333 1955 2518 2016 ὕδατος
2542 1948 2820 2014 διανοῖξαι·
2849 1946 2942 1999 καὶ
2960 1946 2989 1997 6
3018 1941 3260 2007 πατάξας
3276 1938 3480 2031 πέτραν
3500 1936 3703 2031 ἐνΑέρὴ-

2138 2027 2240 2122 μω,
2276 2027 2369 2100 καὶ
2402 2042 2673 2116 ἐρρύησαν
2704 2039 2891 2100 ὑδατα,
2925 2033 3087 2097 αὐτὸς
3124 2031 3353 2122 ἄφθονον
3384 2028 3486 2122 καὶ
3520 2027 3701 2122 αὐτοῖς

2130 2117 2224 2193 τοῦ
2254 2138 2444 2199 ὓδατος
2464 2122 2701 2204 ’παρέχει
2725 2130 2822 2200 τὴν
2852 2124 3129 2198 χορηγίαν.
3166 2121 3305 2193 Ἤδη
3339 2117 3447 2191 γὰρ
3484 2117 3701 2172 πάντων

2131 2234 2199 2302 τῇ
2231 2230 2363 2300 εὐχῇ
2404 2222 2830 2298 προσκειμένων,
2869 2218 2897 2269 ό
2934 2215 3274 2287 πατριάρχης
3310 2211 3437 2302 τῇδε
3472 2210 3699 2264 κάκεῖσε

2132 2300 2612 2392 περιϐλεψάμενος,
2636 2311 2803 2384 ἀμνόν
2827 2326 2948 2362 τινα
2974 2308 3076 2379 ὁρᾷ
3095 2306 3162 2368 σε,
3186 2305 3277 2357 τὸν
3301 2300 3473 2392 δεξιὸν

2135 2388 2348 2483 ρίξοντα
2362 2406 2515 2469 πόδα,
2542 2404 2636 2458 καὶ
2665 2401 2850 2472 ὥσπερ
2870 2398 3059 2467 ἐκείνῳ
3084 2388 3551 2483 ὑποδεικνύντατὺ
3564 2389 3702 2442 ὑπο-

2132 2481 2380 2573 κείμενον
2424 2498 2633 2567 ἔδαφος
2674 2493 2847 2548 οὐδενὶ
2883 2490 2991 2562 γάρ
3014 2491 3043 2542 6
3073 2486 3242 2558 ἀμνὸς
3266 2484 3373 2537 τῶν
3406 2481 3590 2573 ἄλλων
3610 2498 3703 2534 τε-

2131 2570 2305 2643 θέατο.
2334 2587 2443 2641 Καὶ
2467 2582 2753 2658 συμϐαλὼν
2779 2582 2878 2653 τὴν
2898 2580 3017 2648 ὄψιν
3032 2578 3060 2630 6
3079 2573 3441 2648 πατριάρχης,
3468 2570 3548 2642 τῷ
3570 2572 3706 2624 ὑπο-

2129 2681 2391 2752 δειχθέντι
2423 2679 2571 2749 τόπῳ
2609 2674 2744 2749 μετά
2777 2672 2886 2726 τῶν
2934 2670 3212 2743 παρόντων
3259 2666 3561 2734 ἐφίσταται,
3609 2660 3705 2752 καί

2132 2750 2313 2845 φησιν·
2333 2774 2420 2826 Ἐν
2440 2770 2660 2841 ὀνόματι
2695 2765 2789 2821 τοῦ
2812 2763 3016 2833 Κυρίου
3042 2758 3199 2830 ἡμῶν
3235 2754 3409 2827 Ἰησοῦ
3443 2750 3703 2845 Χριστοῦ,

2131 2844 2363 2920 ἐνταῦθά
2397 2880 2506 2934 μοι,
2530 2861 2713 2923 τέκνα,
2740 2855 2983 2929 όρὺξατε.
3008 2853 3119 2906 Καὶ
3154 2846 3340 2919 ἐπειδὴ
3376 2845 3539 2899 αὐτόν
3563 2861 3625 2897 τε
3654 2844 3703 2877 ⁸⁸

2130 2960 2222 3014 τὸν
2244 2959 2428 3020 τόπον,
2466 2958 2544 3019 εἰς
2583 2955 2641 3007 ὃν
2668 2956 2696 3007 ό
2729 2952 2895 3022 ἀμνὸς
2939 2949 3141 3009 ἵστατο,
3168 2945 3259 2997 καὶ
3292 2942 3351 2995 τὸ
3377 2939 3561 3009 κύκλῳ
3598 2936 3707 2991 πᾶν

2133 3049 2522 3125 περιέσκαψαν,
2570 3043 2746 3099 λαϐὼν
2788 3042 3040 3109 σκαφεῖον
3082 3038 3109 3090 6
3138 3032 3494 3105 πατριάρχης,
3520 3028 3706 3125 κρούει

2132 3120 2224 3198 τὸν
2261 3142 2423 3197 τόπον
2458 3138 2584 3193 ἔνθα
2610 3140 2638 3192 ὁ
2686 3135 2853 3206 ἀμνὸς
2898 3130 3207 3190 ὑπεδείκνυ,
3254 3125 3440 3195 κούφῳ
3467 3123 3574 3176 τινὶ
3611 3120 3707 3175 καὶ

2062 3222 2105 3283 c
2141 3234 2395 3307 μετεώρῳ
2425 3230 2504 3302 τῷ
2528 3229 2814 3302 κρούματι·
2854 3224 2949 3278 καὶ
2978 3219 3321 3294 παραχρῆμα
3347 3214 3538 3307 διειδές
3562 3212 3705 3307 ὕδωρ

2135 3303 2168 3399 ἡ
2203 3327 2273 3398 γῆ
2311 3303 2404 3379 καὶ
2438 3322 2538 3394 ἡδὺ
2574 3323 2716 3374 πιεῖν
2748 3315 3050 3370 ἀναδίδωσιο
3082 3312 3178 3365 καὶ
3218 3307 3423 3399 τοῦτο,-
3437 3306 3533 3358 σὺν
3562 3303 3705 3399 ὁρμῇ

2138 3393 2384 3489 ἐκχυθὲν,
2414 3393 2654 3484 ποταμὸν
2684 3407 2876 3480 ἀθρόον
2917 3406 3076 3459 ποιεῖ.
3110 3402 3335 3456 Πάντων
3365 3393 3459 3451 οὑν
3487 3393 3707 3489 χαιρόνῖ

2272 3510 2364 3562 ἐπὶ
2389 3506 2467 3577 τῷ
2497 3504 2648 3558 ὑδατι
2667 3543 2681 3566 ,
2725 3503 2755 3554 ό
2800 3496 3160 3570 πατριάρχης,
3200 3490 3310 3546 Τοῦ
3341 3485 3609 3577 ποταμοῦ
3636 3483 3709 3577 τὰ

2138 3572 2451 3670 ὁρμήματά,
2502 3593 2891 3663 εὐφραίνουσι
2949 3585 3062 3653 τὴν
3115 3583 3296 3636 πόλιν
3358 3576 3465 3632 τοῦ
3525 3572 3706 3636 Θεοῦ,

2138 3694 2340 3748 ἔλεγεν.

2351 3781 2416 3836 X.
2434 3778 2754 3849 Ἐντεῦθενὴ
2771 3774 2921 3838 πόλις
2931 3790 2997 3825 πε
3007 3773 3057 3844 ρ“ι
3071 3768 3230 3824 αὐτὸν
3241 3768 3389 3820 πᾶσα
3401 3763 3708 3835 συνέρρεον,

2139 3877 2233 3933 καὶ
2247 3878 2314 3946 τῇ
2328 3874 2426 3944 τῆς
2437 3867 2807 3941 πνευματικῆς
2818 3864 3029 3933 ἐκείνης
3051 3854 3390 3919 διδασκαλίας
3415 3853 3709 3946 γλυκύτητι

2142 3942 2404 4041 πρὸς-τὴν
2430 3962 2604 4033 ἀληθῆ
2635 3959 2816 4013 πίστιν
2849 3955 3054 4016 πάντας
3077 3952 3331 4022 ἐπήγετο,
3349 3948 3423 4041 ὡς
3449 3945 3545 3999 και
3576 3942 3706 4041 πολ-

2140 4034 2266 4124 λοὺς
2286 4034 2406 4111 ὅσαι
2426 4054 2630 4127 ἡμέραι
2648 4047 3020 4121 βαπτίζεσθαι,
3039 4046 3118 4107 εἰς
3133 4040 3519 4101 πεντακοσίους
3537 4054 3595 4089 τε
3621 4034 3712 4088 τὸν

2143 4149 2372 4221 ἀριθμὸν
2420 4143 2703 4213 ἀναϐῆναι,
2751 4140 2845 4194 καὶ
2868 4137 2964 4208 τὴν
3006 4133 3285 4188 εὐσέϐειαν
3322 4128 3443 4184 καθ’

2142 4217 2449 4295 ἐπιδιδόναι.
2476 4234 2641 4290 υὺπω
2663 4233 2843 4287 τοίνυν
2869 4226 3111 4289 ἐνιαυτὸς
3131 4224 3227 4296 τὴν
3258 4219 3557 4291 ὑπερορίαν
3585 4217 3716 4287 ἐμέ-

2144 4350 2282 4404 τρει,
2317 4329 2412 4383 καὶ
2462 4324 2864 4396 οίκοδομοῦνται
2917 4320 3016 4391 μέν
3056 4317 3161 4371 ὑπὸ
3182 4315 3287 4368 τῶν
3309 4310 3713 4366 πιστευσάντων

2143 4399 2423 4493 ἐκκλησίαι
2442 4419 2533 4474 τὸν
2556 4415 2784 4491 ἀριθμὸν
2809 4413 2968 4466 πέντε
2997 4410 3091 4463 καὶ
3111 4406 3492 4477 ἐϐδομήκοντα,
3511 4399 3711 4472 τεμένη

2141 4534 2201 4571 τε
2234 4513 2464 4568 εἰδώλων
2499 4512 2593 4564 καὶ
2628 4507 2752 4562 ναοὶ
2783 4501 3188 4573 καθαιροῦνται,
3228 4498 3322 4551 καὶ
3357 4494 3425 4548 τὰ
3459 4508 3715 4565 παραπε-

479 4607 712 4661 multum
744 4616 898 4662 terra:
918 4614 1267 4677 occupantes,
1294 4608 1435 4678 ignis
1456 4580 1714 4678 depascit,
1745 4618 1906 4679 atque
1931 4580 2046 4664 uni-

2150 4606 2356 4677 φυκότα
2381 4602 2589 4664 τούτοις
2616 4598 2774 4668 ἄλση,
2820 4595 2913 4649 ἐπὶ
2950 4592 3083 4646 πολὺ
3124 4590 3226 4661 γῆς
3260 4584 3625 4679 διικνούμεναᾼ,
3655 4580 3719 4679 τὸ

479 4714 639 4753 versa
667 4700 1033 4768 prosternitur
1055 4702 1362 4755 daemonum
1397 4702 1632 4757 insania.

558 4870 791 4927 CLXXI.
829 4872 983 4929 Tunc
1024 4889 1155 4945 ergo
1184 4876 1487 4931 invidiosus
1526 4885 1582 4931 et
1629 4875 1808 4947 gravis
1856 4892 2043 4932 rumor

483 4963 551 5018 ad
582 4964 925 5035 imperatoris
949 4981 1111 5020 aures
1142 4969 1409 5038 pervenit,
1442 4966 1684 5023 referens
1713 4968 2044 5024 Christiano-

482 5074 604 5112 rum
637 5066 841 5113 sectam
870 5060 925 5131 ιιι
956 5060 1217 5129 majorem
1252 5060 1654 5115 multitudinem
1685 5076 1929 5117 crescere
1948 5103 1963 5129 ,
1993 5070 2047 5117 et

486 5152 717 5221 singulis
746 5150 939 5207 diebus
968 5152 1175 5220 augeri.
1202 5150 1376 5217 Quam
1405 5153 1475 5207 ob
1503 5168 1725 5209 causam
1751 5155 1840 5208 ille
1863 5155 2045 5209 statim

482 5245 830 5300 Auﬁdianum
878 5246 1163 5317 prazsidem
1212 5246 1417 5312 mittit,
1462 5247 1556 5316 qui
1586 5262 1692 5300 non
1727 5248 1903 5302 solum
1936 5263 2045 5300 non

484 5338 715 5394 ulterius
746 5338 999 5411 progredi
1025 5348 1230 5394 sectam
1258 5338 1497 5404 sineret,
1528 5354 1715 5393 verum
1742 5348 1796 5393 et
1813 5340 1924 5409 jam
1954 5355 2047 5393 ca-

482 5441 605 5501 pios
656 5431 972 5498 reduceret,
1013 5439 1379 5501 avocaretque
1405 5446 1435 5485 a
1482 5430 1699 5501 pietate.
1731 5429 1829 5486 Hic
1862 5431 2045 5501 itaque

479 5531 771 5592 postquam
811 5520 1145 5577 Cbersonem
1187 5520 1370 5587 venit,
1420 5521 1866 5591 Christianosque
1886 5535 2034 5575 com-

2152 4674 2264 4771 πῦρ
2291 4694 2680 4765 κατανέμεται,
2714 4691 2808 4743 καὶ
2831 4688 2980 4741 πᾶσα
3008 4684 3117 4737 τῶν
3147 4680 3409 4752 δαιμόνων
3440 4674 3716 4731 καταϐάλ-

2145 4791 2293 4844 λεται
2322 4789 2355 4860 ἡ
2390 4786 2572 4859 μανία.

2211 4878 2442 4935 CLXXI.
2456 4872 2766 4947 Τηνικαῦτα
2782 4865 2873 4925 οῦν
2891 4866 3172 4938 ἐπίφθονός
3183 4881 3240 4917 τε
3253 4861 3348 4916 καὶ
3360 4860 3549 4932 βαρεῖα
3561 4860 3716 4929 φήμη

2147 4972 2249 5035 τὰς
2272 4970 2365 5024 τοῦ
2391 4967 2651 5040 βασιλέως
2676 4962 2842 5027 ἀκοάς
2865 4960 3170 5031 ὑποτρέχει,
3201 4952 3471 5009 ἐπιδοῦναι
3495 4950 3565 5004 τά
3587 4952 3719 5022 Χρι-

2153 5060 2382 5116 στιανῶν
2401 5061 2480 5123 είς
2495 5056 2693 5128 πλῆθος
2710 5052 2941 5127 ἀριθμοῦ
2973 5054 3231 5123 κρεῖττον,
3249 5046 3341 5101 κα)⁸
3355 5044 3471 5099 καθ’
3484 5045 3721 5111 ἑκάστην

2154 5152 2410 5221 αὐξεσθαι
2438 5152 2536 5221 τὴν
2556 5149 2768 5222 ἡμέραν
2782 5146 3123 5200 διδάσκουσα.
3144 5133 3311 5210 Ἑφ’ᾧ
3338 5138 3404 5210 δὴ
3432 5136 3527 5191 xui.
3551 5136 3718 5203 Αὐφι-

2153 5244 2333 5298 διανὸν
2350 5242 2543 5296 αὐτίκα
2565 5240 2655 5293 τὸν
2676 5238 2919 5310 ἡγεμόνα
2938 5237 3139 5297 ἐκεῖνος
3167 5232 3459 5303 ἐκπέμπει,
3483 5227 3624 5280 ὥστε
3646 5226 3714 5298 μὴ

2158 5337 2315 5408 μόνον
2345 5333 2478 5405 μηδέ
2520 5330 2827 5403 περαιτέρω
2854 5326 3132 5398 προελθεῖν
3160 5323 3297 5377 αὐτὰ
3344 5320 3712 5391 συγχωρῆσαι,

2152 5427 2286 5481 ἀλλὰ
2310 5427 2404 5480 καὶ
2429 5425 2553 5487 τοὺς
2575 5422 2673 5495 ῆδη
2700 5419 3053 5493 χειρωθέντας
3070 5416 3451 5495 ἐπαναγαγεῖν,
3472 5413 3567 5467 καὶ
3587 5414 3716 5466 ἀπο-

2143 5517 2338 5587 στῆσαι
2364 5514 2467 5578 si;
2490 5511 2788 5576 εὐσεϐείας.
2810 5505 2977 5572 οὗτος
3002 5507 3199 5573 τοίνυν,
3221 5494 3319 5577 τὴν
3338 5502 3599 5575 Χερσῶνα
3625 5517 3714 5554 κα-

1778 5674 2012 5740 YARI/E
2050 5671 2442 5729 LECTIONES.

554 5821 599 5859 ν
624 5817 785 5877 Num.
819 5837 909 5888 xx,
944 5823 997 5879 ϐ.
1024 5821 1168 5879 Psal.
1213 5838 1417 5889 LXXVII,
1460 5820 1547 5877 20.
1627 5819 1666 5851 "
1700 5820 1768 5874 al.
1817 5817 1979 5873 inscr.
2037 5811 2265 5869 ἑστῶτα.
2354 5810 2396 5840 ⁶¹
2419 5807 2569 5865 deest
2607 5807 2659 5864 in
2710 5806 2782 5861 al.
2862 5805 2985 5849 ωορδ
3018 5801 3161 5859 Psal.
3196 5816 3315 5867 λιν,
3342 5801 3394 5857 5.
