4066 6330
319 360 420 417 597

1104 362 1561 420 CLEMENTINA.
1598 393 1670 406 —
1714 361 2015 417 EPITOME
2052 359 2141 415 DE
2178 358 2422 416 GESTIS
2463 357 2521 415 S.
2570 356 2794 414 PETRI.

3466 357 3565 411 598

311 474 586 539 ταλασὼν,
620 477 715 530 καὶ
739 476 967 542 πολλοὺς
993 476 1101 531 τῶν
1124 474 1464 547 Χριστιανῶν
1487 475 1708 538 πολλαῖς
1735 472 1892 544 βασά-

2001 472 2185 542 plures
2236 468 2521 525 tormentis
2575 467 2765 522 multis
2816 481 2880 523 ae
2924 467 3090 523 variis
3115 465 3315 530 aﬂeeit,
3348 469 3568 536 quando

312 585 425 632 νοις
456 567 552 621 καὶ
573 565 843 631 ποικίλαις
859 566 1165 629 ὑποϐαλὼν,
1182 568 1305 620 ἐπεὶ
1334 566 1542 629 πάντας
1562 568 1629 637 τῇ
1647 563 1899 637 προθέσει

314 662 599 733 μάρτυρας
616 660 1009 731 γεγενημένους
1042 659 1207 730 ἐώρα,
1225 658 1470 728 καὶπρὸς
1487 657 1712 728 μυρίους
1743 670 1902 727 παρε-

280 753 719 825 ,σκευασμένους
746 752 1028 817 θανάτους,
1056 751 1107 804 τί
1129 754 1303 816 misi;
1346 749 1631 821 Ἀπέχεται
1668 748 1766 820 μὲν
1805 748 1899 801 τοῦ

312 846 572 917 πλήθους,
591 842 843 903 δεδοικὼς
863 843 938 915 μὴ
952 844 1046 897 καὶ
1061 843 1166 896 ἀπὸ
1178 841 1271 894 τοῦ
1285 842 1472 905 τέλους
1489 841 1598 912 (24)
1620 841 1795 913 μάρτυ
1805 856 1900 912 ρας

312 922 566 995 πλείονας
590 932 910 1004 ἐργάσηταιο
943 932 1034 986 τὸν
1057 930 1227 984 αίτιον
1257 931 1315 983 δὲ
1343 932 1502 1002 μόνον
1527 930 1766 994 κολάζει,
1792 930 1890 983 καὶ

311 1023 492 1077 πάντα
519 1022 689 1095 θυμὸν
724 1023 867 1077 κατὰ
910 1026 1010 1095 τῆς
1060 1025 1332 1097 μακαρίας
1374 1023 1588 1094 ἐκείνης
1620 1021 1715 1075 τοῦ
1748 1020 1897 1093 Κλή-

314 1131 512 1184 μεντος
550 1115 744 1186 ἀφίησι
786 1116 1045 1187 κεφαλῆς.
1096 1116 1310 1187 Ἐπειδὴ
1337 1116 1395 1169 δὲ
1439 1115 1617 1169 πάντα
1649 1109 1719 1185 ἦν
1750 1111 1898 1183 αὐτῷ

320 1203 526 1273 κοῦφα,
570 1205 664 1258 καὶ
702 1206 782 1269 εἰς
819 1206 971 1259 οὐδὲν
1012 1205 1356 1277 λογιζόμενα,
1386 1206 1481 1259 καὶ
1514 1205 1606 1274 ἀφ’
1631 1198 1705 1257 ὧν
1738 1200 1899 1257 αὐτὸν

313 1296 525 1366 ἔπασχε
570 1296 769 1367 μᾶλλον
816 1297 1035 1353 πλείονα
1079 1300 1191 1362 τοῖς
1244 1298 1424 1361 ἄλλοις
1463 1297 1752 1370 παρείχετο
1799 1298 1901 1370 τὴν

314 1388 638 1457 ἀσφάλειαν,
678 1388 938 1459 σύντομον
982 1390 1301 1463 ἀπαλλαγὴν
1341 1390 1489 1461 αὐτῷ
1517 1389 1613 1444 τοῦ
1643 1390 1756 1461 βίου
1792 1393 1885 1445 καὶ

314 1482 540 1549 ταχεῖαν
588 1481 905 1544 ἐπινοεῖται,
951 1481 1044 1533 καὶ
1077 1482 1157 1545 είς
1192 1481 1363 1553 μέσην
1386 1481 1477 1535 τὸν
1512 1482 1763 1553 μάρτυρα
1798 1482 1897 1554 τὴν

319 1570 595 1626 θάλασσαν
621 1570 871 1642 ἀγαγὼν,
906 1572 1000 1626 καὶ
1028 1573 1275 1646 ἄγκυραν
1311 1574 1533 1646 σιδηρᾶν
1574 1573 1669 1628 τοῦ
1693 1576 1900 1647 τραχή-

315 1660 409 1714 λου
428 1661 684 1733 ἐκδήσας,
713 1663 933 1735 καθίησι
975 1664 1053 1736 τῷ
1094 1664 1259 1737 βυθῷ,
1301 1666 1449 1730 ὅπως
1485 1665 1617 1737 μηδὲ
1655 1666 1902 1738 λείψανον

316 1753 549 1819 ἐκείνου,
580 1754 766 1825 φησὶν,
791 1755 1134 1828 ὕπολειφθείη
1160 1758 1523 1829 Χριστιανοϊς.

2003 578 2194 619 omnes
2243 560 2523 630 proposito
2549 571 2602 613 et
2636 559 2936 614 intentione
2983 568 3252 630 martyres
3288 558 3458 613 fuisse
3488 561 3568 609 vi-

1999 658 2111 723 dit,
2136 663 2464 726 paratosque
2491 667 2613 707 esse
2663 652 2729 706 ad
2777 652 2922 707 mille
2965 662 3169 707 mortes
3190 692 3203 715 ,
3237 650 3366 721 quid
3400 649 3569 705 facit?

2000 749 2250 804 Abstinet
2280 747 2498 819 quidem
2529 762 2559 799 a
2590 746 2811 816 pupulo,
2846 745 3052 799 veritus
3078 760 3143 799 ne
3166 744 3328 799 etiam
3361 758 3427 797 ex
3449 741 3566 811 pri-

2000 842 2246 898 moribus
2280 842 2483 896 multos
2531 837 2734 894 faceret
2788 846 3053 908 martyres
3080 856 3092 891 :
3124 837 3299 891 solum
3323 850 3453 890 vero
3475 849 3569 889 au-

2000 942 2205 989 ctorem
2249 931 2542 1001 reprimit,
2576 944 2901 1000 omnemque
2949 928 3185 982 furorem
3222 926 3463 981 immittit
3508 925 3565 979 in

2000 1023 2217 1077 beatum
2270 1023 2401 1077 illud
2463 1020 2756 1077 Clementis
2804 1028 2985 1089 caput.
3034 1015 3203 1071 Porro
3258 1031 3381 1070 eum
3438 1014 3567 1069 huic

1998 1115 2181 1171 omnia
2207 1124 2389 1169 essent
2412 1114 2554 1169 levia
2581 1122 2633 1167 et
2674 1110 2877 1165 nullius
2902 1106 3193 1167 momenti,
3224 1105 3357 1176 quin
3386 1104 3566 1175 potius

2005 1223 2071 1263 ex
2084 1208 2164 1262 eis
2177 1221 2297 1276 quae
2322 1206 2436 1276 ipse
2456 1204 2779 1275 patiebatur,
2799 1201 3009 1258 caeteris
3026 1200 3291 1269 praeberet
3305 1197 3563 1267 majorem

1998 1297 2251 1351 tlduciam
2269 1336 2284 1361 ,
2320 1297 2536 1351 brevem
2565 1295 2613 1351 ei
2643 1303 2695 1350 et
2719 1294 2949 1350 celerem
2972 1292 3239 1363 excogitat
3262 1289 3566 1345 discessum

1998 1387 2200 1454 evita,
2236 1397 2397 1458 atque
2434 1386 2673 1442 adducto
2721 1394 2957 1456 martyre
3007 1383 3060 1437 in
3115 1381 3351 1437 medium
3393 1394 3566 1446 mare,

1999 1479 2350 1550 anchoraque
2382 1478 2553 1533 ferrea
2601 1478 2668 1533 ad
2692 1477 2890 1532 collum
2920 1476 3038 1545 ejus
3069 1475 3321 1544 religata,
3358 1472 3410 1525 in
3441 1487 3568 1541 pro-

2000 1567 2229 1624 fundum
2253 1569 2488 1623 demittit
2529 1585 2543 1622 :
2577 1565 2676 1634 Ne,
2711 1565 2908 1637 inquit,
2934 1565 3081 1620 illius
3106 1564 3188 1619 vel
3215 1563 3458 1633 reliquiae
3482 1577 3567 1617 re-

2001 1672 2258 1717 maneant
2284 1660 2632 1717 Christianis.

385 1863 646 1920 CLXXII.
689 1866 827 1919 Ἀλλ’
843 1868 871 1920 ὁ
888 1867 986 1939 μὲν
1016 1826 1239 1940 imm;
1256 1868 1398 1923 κατά
1410 1869 1503 1923 τοῦ
1521 1869 1807 1940 πελάγουςο
1832 1872 1892 1926 τδ

2063 1859 2317 1918 CLXXII.
2345 1863 2523 1932 Atque
2552 1859 2642 1917 ille
2664 1860 2886 1931 quidem
2923 1860 2976 1915 in
3009 1859 3257 1931 pelagum
3294 1858 3571 1929 projeclus

317 1955 373 2009 δέ
383 1956 836 2029 τῶνΧριστιανῶν
853 1959 1055 2031 πλῆθος
1068 1961 1161 2013 ἐπὶ
1174 1960 1267 2015 τοῦ
1281 1961 1529 2031 αἰγιαλοῦ
1544 1962 1893 2037 ἐστὼς,ὲθρή-

317 2064 434 2100 νουν
450 2048 1084 2123 ἐλεεινῶς,ὡλοφύροντο,
1094 2054 1187 2106 καὶ
1200 2052 1792 2124 οἱκτροτάταιςέρωναῖς
1807 2057 1892 2110 ἀν-

315 2138 545 2194 εκάλουν
582 2140 673 2194 τὸν
720 2144 1082 2216 πατριάρχην.
1105 2145 1403 2217 Κορνήλιος
1428 2146 1485 2199 δὲ
1506 2146 1599 2200 καὶ
1620 2146 1807 2212 Φοῖϐος
1839 2151 1889 2203 οἱ

319 2227 559 2300 μαθηταὶ
604 2230 722 2294 οἵας
772 2231 834 2285 τὸ
882 2232 1051 2297 πάθος
1104 2234 1300 2306 ἀπῄτει
1358 2236 1539 2305 φωνάς
1588 2239 1681 2292 καὶ
1736 2240 1890 2294 αὐτοὶ

316 2316 570 2387 βοῶντες,
608 2320 705 2374 καὶ
746 2322 846 2375 οὐκ
892 2322 1105 2393 ἔχοντες
1145 2325 1173 2377 δ
1205 2342 1256 2377 τι
1284 2326 1384 2397 τῆς
1423 2331 1704 2401 συμφορᾶς
1733 2333 1888 2402 ποιή-

316 2424 502 2462 σονται
533 2412 912 2483 παραμύθιον,
943 2414 1242 2486 Εὑξώμεθα
1281 2418 1481 2483 πάντες
1512 2421 1886 2493 ὁμοθυμαδὸν,

313 2495 492 2566 εἷπον,
527 2502 671 2557 ὥστε
702 2504 805 2559 κᾶν
828 2485 1205 2579 ἀναδειχθῆναι
1236 2511 1367 2582 ἡμῖν
1394 2511 1454 2565 τὸ
1486 2485 1579 2565 τοῦ
1616 2485 1921 2587 μάρτυρος.

311 2592 588 2663 λείψανον.
619 2597 730 2650 Καὶ
758 2600 1207 2670 προσευχομένων
1235 2603 1441 2664 αὐτῶν,
1471 2603 1515 2656 ὣ
1550 2605 1659 2658 τῶν
1717 2608 1888 2678 μεγά-

314 2684 421 2738 λων
457 2703 575 2751 σου,
602 2687 881 2755 Δέσποτα,
908 2690 1206 2761 τεραστίων
1221 2693 1289 2759 ⁸⁵,
1323 2692 1809 2769 θαυματουργεὴαί
1831 2715 1886 2751 τι

312 2777 594 2832 κάνταῦθα
617 2780 663 2812 ⁸⁸
691 2780 822 2845 Θεὸς
844 2780 938 2833 τοῦ
975 2782 1215 2847 Μωσέως
1234 2785 1678 2859 παραδοξότερον.
1726 2788 1890 2843 Ύπο-

314 2869 506 2938 φεύγει
524 2870 625 2941 μέν
639 2871 793 2944 γάρὴ
821 2872 1062 2928 θάλασσα
1084 2876 1411 2948 προσωτέρω
1436 2878 1682 2942 σταδίους
1703 2879 1885 2951 σχεδὸν

312 2962 412 3015 οὐκ
435 2962 694 3027 ἐλάττους
720 2963 828 3018 τῶν
860 2965 1057 3019 εἴκοσι.
1089 2967 1481 3038 Προσελθόντες
1509 2969 1565 3022 δὲ
1592 2970 1654 3023 τὸ
1684 2970 1884 3042 πλῆθος

313 3054 399 3108 διὰ
429 3054 596 3127 ξηροῦ
619 3055 711 3109 τοῦ
742 3057 971 3127 ἐδάφους
988 3075 1001 3088 ·
1032 3059 1131 3131 τῆς
1155 3059 1472 3132 θαυμαστῆς
1489 3078 1580 3115 σου
1596 3062 1881 3130 καὶτοῦτο,

316 3145 883 3217 Χριστέ,δυνάμεως’
912 3149 1225 3220 εὑρίσκουσι
1274 3150 1420 3204 λίθον
1471 3153 1527 3205 ὲν
1573 3152 1704 3205 εἴδει
1753 3152 1884 3207 ναοῦ
1916 3172 1963 3234 η

316 3236 469 3309 παρὰ
495 3238 595 3309 τῆς
623 3239 722 3310 σῆς
749 3240 1060 3313 ἀπορρήτου
1089 3241 1276 3311 σοφίας
1302 3245 1688 3318 πεποιημένον,
1715 3248 1807 3302 καὶ
1830 3247 1894 3302 τδ

320 3331 655 3402 μαρτυρικὺν
692 3331 851 3403 σῶμα
886 3333 1156 3406 λαμπρῶς
1183 3336 1243 3388 ὲν
1275 3335 1425 3407 αὐτῷ
1471 3337 1754 3409 κείμενον,
1799 3343 1894 3396 καὶ

316 3422 414 3491 τῆν
441 3421 667 3493 βαρεῖαν
694 3423 910 3496 ἐκείνην
942 3424 1189 3498 ἄγκυραν
1207 3466 1222 3493 ,
1254 3426 1483 3496 ἔγγιστά
1511 3445 1615 3482 που
1631 3429 1725 3483 τοῦ
1742 3429 1892 3485 λίθου

316 3512 411 3566 καὶ
438 3512 611 3583 αὐτὴν
642 3513 921 3585 κειμένην.

372 3623 655 3681 CLXXIII.
706 3627 846 3681 Ἀλλ’
866 3628 1225 3702 ἀπεκαλύφθη
1252 3632 1535 3704 Κορνηλίῳ
1562 3633 1657 3687 καὶ
1682 3634 1856 3706 Φοίϐῳ
1873 3675 1891 3699 ,

317 3716 458 3770 ὥστε
479 3716 553 3789 μὴ
566 3718 627 3772 τὸ
639 3719 886 3791 λείψανον
906 3721 1112 3776 ἐκεῖθεν
1138 3725 1512 3796 μετακινῆσαι,
1542 3725 1718 3789 καλῶς
1732 3726 1791 3779 ἐν
1812 3727 1890 3798 τῷ

320 3807 467 3879 βυθῷ
488 3810 755 3881 κείμενον*
777 3814 871 3866 καὶ
890 3813 972 3866 ὅτι
993 3813 1351 3885 καθ’ἑκάστην
1366 3815 1612 3869 ἐνιαυτοῦ
1627 3833 1885 3889 περιτρο-

316 3899 426 3970 πήν
480 3901 632 3973 ἐντῷ
681 3903 857 3974 καιρῷ
902 3905 1000 3975 τῆς
1053 3903 1146 3958 τοῦ
1207 3906 1480 3977 μάρτυρος
1518 3906 1886 3976 τελειώσεως,

316 3988 663 4062 ὑποχωρήσει
686 3994 813 4064 παρ’
836 3992 962 4056 ὅλας
991 3993 1129 4047 ἐπτά
1158 3995 1369 4067 ἡμέρας
1384 3999 1497 4060 τοῖς
1516 3998 1828 4068 προσιοῦσιν
1853 4002 1887 4070 ἡ

316 4080 579 4144 θάλασσα,
598 4082 733 4153 πεζῇ
749 4084 839 4136 καὶ
854 4083 1017 4155 βάδην
1034 4086 1215 4150 αὐτοῖς
1235 4086 1395 4159 μέχρι
1408 4087 1501 4140 τοῦ
1518 4088 1769 4159 λειψάνου
1785 4090 1882 4162 τὴν

315 4171 549 4244 πάροδον
560 4174 1129 4248 ἐπιτρέπουσα.”οπερ
1148 4177 1376 4251 ἐτησίως
1391 4178 1450 4244 ἐξ
1464 4180 1670 4234 ἐκείνου
1686 4183 1784 4252 καὶ.
1808 4183 1886 4246 είς

313 4263 470 4335 δεῦρο
489 4264 741 4331 τελεῖται,
771 4266 868 4338 τὴν
894 4268 1182 4340 ἐπιδημίαν
1207 4271 1306 4341 τῆς
1334 4271 1495 4325 αὐτοῦ
1525 4274 1743 4346 μνήμης
1772 4272 1881 4347 (25)

314 4354 473 4407 οἱονεί
511 4372 633 4408 τινα
660 4357 783 4428 ὅρον
812 4357 934 4428 ἕχον
962 4359 1057 4411 καὶ
1090 4360 1445 4432 προθεσμίαν.
1489 4363 1763 4418 Ἐντεῦθεν
1796 4365 1881 4417 αἴ-

319 4460 463 4513 ρεσις
489 4449 619 4518 παρ’
642 4448 823 4512 αὐτοῖς
846 4452 1014 4515 πᾶσα,
1046 4453 1139 4504 καὶ
1162 4452 1479 4526 ἐλληνισμὸς
1502 4456 1877 4522 καταλέλυται,

313 4534 421 4587 τῶν
466 4538 524 4590 ἐν
568 4541 635 4609 τῇ
678 4538 773 4591 τοῦ
822 4540 1097 4613 μάρτυρος
1141 4544 1328 4617 μνήμῃ
1376 4546 1718 4617 τελουμένων
1765 4550 1883 4601 ἐκεῖ

316 4626 555 4696 σημείων
592 4629 687 4681 καὶ
724 4628 831 4682 τῶν
875 4629 1165 4701 θαυμάτων
1216 4634 1296 4695 είς
1337 4633 1628 4703 ἐπίγνωσιν
1677 4637 1883 4701 πάντας

314 4720 823 4788 χειραγωγούντων,
866 4723 962 4775 xal.
999 4722 1251 4795 καθαρῶς
1291 4726 1589 4794 ἐναγόντων
1622 4728 1759 4800 πρὸς
1785 4728 1885 4800 τὴν

314 4810 584 4881 ἀλήθειαν.
616 4814 801 4866 Οὐδενὶ
832 4814 1003 4887 γάρ⁶⁸
1044 4816 1148 4868 ὑπό
1189 4832 1331 4879 τινος
1370 4819 1664 4890 ἀνηκέστου
1714 4819 1883 4873 κακοῦ

316 4902 669 4974 πιεζομένων,
698 4906 797 4975 τῆς
824 4906 919 4958 τοῦ
951 4905 1143 4971 ῦδατος
1172 4908 1379 4961 ἐκείνου
1412 4910 1762 4982 μεταλήψεως
1790 4913 1883 4965 καὶ

1912 4513 1957 4568 D

1992 1961 2077 2009 est
2127 1970 2142 2007 :
2186 1952 2622 2008 Christianorum
2665 1961 2847 2007 autem
2892 1951 3215 2015 multitudo,
3280 1951 3332 2004 in
3389 1950 3569 2006 littore

1993 2054 2166 2112 stans,
2195 2044 2613 2109 lamentabatur,
2646 2044 2842 2099 misere
2879 2042 3139 2113 ejulabat,
3166 2049 3219 2095 et
3244 2040 3567 2096 miserandis

1993 2136 2284 2192 admodum
2310 2136 2536 2192 vocibus
2568 2134 2896 2191 inclamabat
2932 2133 3319 2204 patriarcham.
3357 2132 3565 2187 Corne-

1990 2227 2101 2283 lius
2129 2242 2259 2283 vero
2282 2236 2337 2282 et
2355 2227 2595 2283 Phoebus
2624 2226 2898 2296 discipuli,
2921 2226 3110 2296 quales
3138 2239 3298 2278 voces
3334 2224 3384 2278 id
3421 2223 3567 2293 quod

1991 2318 2366 2391 perferebatur
2390 2318 2715 2388 postulabat,
2748 2327 2801 2373 et
2824 2318 2925 2387 ipsi
2956 2333 3050 2387 per
3079 2317 3370 2372 clamorem
3402 2317 3565 2371 emit-

1996 2422 2139 2481 tunt,
2168 2427 2267 2467 nec
2298 2412 2499 2467 habent
2526 2427 2688 2483 quam
2719 2410 3021 2466 infortunio
3054 2408 3279 2465 aﬂerant
3310 2409 3567 2464 consola-

1988 2505 2214 2572 tionem,
2249 2514 2413 2575 atque
2455 2502 2610 2559 aiunt
2644 2525 2655 2560 :
2690 2502 2923 2558 Oremus
2951 2504 3130 2557 cuncti
3159 2516 3268 2556 uno
3291 2502 3492 2565 animo,
3509 2509 3568 2557 ut

1990 2597 2147 2653 nobis
2176 2597 2492 2652 ostendatur
2518 2596 2770 2666 martyris
2801 2605 3021 2665 corpus.
3059 2594 3125 2647 Et
3158 2610 3283 2650 eum
3319 2602 3560 2657 orarent,

1989 2701 2024 2742 ο
2060 2702 2258 2759 magna
2290 2696 2383 2741 tua
2421 2685 2707 2754 miracula,
2756 2684 3013 2739 Domine!
3061 2685 3134 2738 ibi
3181 2683 3323 2738 Deus
3362 2682 3567 2752 aliquid

1988 2778 2196 2849 majore
2232 2778 2593 2833 admiratione
2628 2777 2853 2849 dignum
2880 2776 3018 2843 edit,
3052 2791 3216 2846 quam
3258 2776 3403 2845 quod
3437 2772 3555 2827 Mo-

1989 2884 2078 2924 ses
2108 2869 2173 2923 "’.
2205 2868 2417 2925 Etenim
2447 2882 2598 2923 mare
2626 2868 2817 2938 procul
2848 2866 3051 2923 recedit
3075 2867 3263 2939 viginti
3310 2866 3420 2920 fere
3455 2875 3567 2920 sta-

1987 2962 2096 3018 dia.
2124 2962 2413 3018 Accedens.
2440 2969 2622 3017 autem
2654 2962 2806 3032 plebs
2836 2977 2930 3031 per
2956 2962 3160 3017 siccum
3198 2962 3376 3016 solum
3400 3000 3413 3025 ,
3465 2961 3567 3015 hoc

1988 3069 2206 3125 quoque
2232 3053 2496 3109 mirabilis
2521 3061 2627 3108 tua:
2647 3052 2917 3123 potentizr,
2942 3050 3192 3107 Christe!
3214 3052 3416 3105 invenit
3440 3051 3570 3119 lapi-

1994 3142 2139 3208 dem,
2174 3144 2228 3198 in
2254 3142 2430 3198 forma
2460 3142 2643 3213 templi
2673 3142 2742 3196 ab
2774 3142 3032 3196 ineﬂabili
3059 3151 3150 3196 tua
3182 3141 3448 3211 sapientia
3486 3138 3568 3194 ef-

1996 3235 2220 3302 fectum,
2248 3244 2301 3290 et
2325 3235 2579 3306 martyris
2618 3248 2816 3303 corpus
2846 3234 3133 3304 magniﬁce
3164 3232 3216 3285 in
3257 3247 3322 3286 eo
3354 3232 3563 3302 jaccns,

1994 3341 2322 3398 gravemque
2350 3326 2495 3381 illam
2517 3324 2809 3380 anehoram
2839 3324 3083 3394 proxime
3104 3338 3295 3379 saxum
3318 3332 3371 3377 et
3394 3323 3563 3391 ipsam

1992 3421 2251 3491 positam.

2063 3617 2340 3675 CLXXIII.
2373 3617 2478 3674 Sed
2520 3617 2775 3673 Cornelio
2806 3629 2859 3671 et
2884 3614 3089 3671 thbo
3134 3608 3426 3668 revelatum
3460 3621 3561 3678 est,

1991 3729 2059 3769 ne
2097 3712 2246 3767 illine
2283 3710 2639 3767 transferrent
2670 3724 2900 3779 corpus,
2932 3708 3073 3777 quod
3113 3706 3365 3776 praeclare
3402 3706 3563 3759 silum

1990 3814 2108 3861 erat
2133 3806 2185 3860 in
2216 3803 2489 3875 profundo
2516 3822 2530 3871 ;
2558 3818 2622 3857 ac
2651 3801 2766 3857 fore
2806 3809 2865 3855 ut
2890 3816 2984 3870 per
3009 3799 3252 3869 singulos
3294 3814 3563 3853 annorum

1989 3899 2271 3962 circuitus,
2309 3904 2552 3966 tempore
2577 3908 2685 3964 quo
2710 3901 2912 3963 martyr
2946 3901 3119 3945 morte
3148 3899 3564 3945 consummatus

1987 4000 2099 4056 est,
2148 4006 2299 4045 mare
2338 3987 2653 4043 adventuris
2687 3986 2901 4041 cederet
2937 3998 3030 4053 per
3071 3991 3274 4051 septem
3325 3982 3563 4051 integros

1987 4082 2125 4148 dies,
2164 4080 2607 4151 permitteretque
2656 4078 2762 4132 illis
2792 4075 3000 4130 aditum
3043 4074 3270 4144 pedibus
3312 4082 3366 4128 et
3417 4074 3563 4126 lento

1988 4174 2155 4244 gradu
2186 4188 2358 4243 usque
2385 4173 2448 4227 ad
2475 4187 2693 4240 corpus.
2728 4168 2884 4236 Quod
2918 4167 3196 4223 annuatim
3223 4165 3291 4219 ab
3315 4165 3405 4219 illo
3435 4175 3564 4219 tem-

1984 4280 2115 4337 pore
2178 4268 2355 4322 adhuc
2398 4265 2709 4336 perﬁcitur,
2758 4264 3025 4332 habetque
3066 4262 3210 4315 velut
3239 4260 3560 4330 pradinitum

1985 4358 2277 4412 terminum
2304 4374 2367 4413 ac
2388 4359 2748 4429 praestitutum
2778 4370 2988 4431 tempus
3005 4361 3294 4415 adventum
3321 4373 3563 4412 comme-

1984 4450 2309 4505 morationis
2336 4451 2612 4522 martyris.
2637 4451 2774 4506 lIine
2797 4454 2974 4508 omnis
3004 4454 3143 4522 apud
3183 4467 3278 4507 eos
3314 4452 3556 4518 hwresis,

1986 4551 2038 4597 et
2067 4540 2251 4597 erca
2277 4543 2467 4613 religio
2489 4559 2674 4600 eversa
2701 4553 2821 4611 est;
2862 4562 2985 4600 cum
3019 4547 3170 4616 signa
3204 4554 3257 4600 et
3296 4545 3558 4599 miracula

1990 4650 2111 4704 quae
2136 4634 2209 4688 ibi
2251 4634 2304 4688 in
2338 4637 2601 4691 memoria
2643 4638 2898 4709 martyris
2932 4638 3200 4701 eduntur,
3240 4647 3465 4693 cunctos
3493 4638 3561 4692 ad

1987 4729 2350 4799 cognitionem
2388 4730 2679 4796 adducant,
2708 4740 2762 4786 et
2783 4731 2941 4801 plane
2973 4732 3039 4786 ad
3063 4731 3343 4785 veritatem
3371 4731 3557 4801 impel-

1988 4822 2123 4875 lant.
2148 4819 2359 4875 Nemini
2375 4822 2519 4875 enim
2544 4822 2761 4876 illorum
2786 4824 2879 4892 qui
2904 4822 3186 4877 insanabili
3212 4823 3392 4891 aliquo
3416 4823 3558 4876 malo

1988 4924 2380 4983 premerentur,
2415 4914 2522 4968 alia
2554 4929 2612 4969 re
2642 4930 2805 4985 quam
2848 4930 3002 4985 aqua:
3029 4914 3172 4971 illius
3218 4915 3558 4985 perceptione

1612 5042 1846 5097 VARLE
1886 5042 2285 5100 LECTIONES.

383 5150 427 5181 ”
453 5150 526 5210 al.
561 5149 898 5220 θαυμασίων.
974 5151 1019 5182 ⁸⁸
1055 5151 1205 5207 deest
1252 5153 1308 5210 in
1344 5153 1414 5208 al.
1492 5154 1535 5186 "’
1566 5154 1736 5211 Exod.
1776 5170 1885 5212 xlv.
1949 5156 1992 5189 ⁸⁸
2017 5158 2089 5213 al.
2134 5159 2299 5215 inser.
2330 5159 2461 5216 τῶν.

1636 5293 1996 5352 VABIORUM
2033 5296 2261 5353 ΝΟΤᾹΞ.

382 5426 682 5508 (ᾍλἈπὸ
714 5430 818 5508 (οὗ
860 5429 1092 5508 τέλους.
1130 5430 1213 5483 Ea:
1253 5432 1593 5500 primoribus.
1626 5432 1721 5488 Vel
1750 5449 1875 5489 cum

313 5495 607 5569 Perio'nio.
624 5502 852 5553 tandem.
888 5500 1025 5556 C01.
1048 5495 1061 5497 ⁷
1254 5495 1267 5500 ⁷
1460 5564 1461 5569 η

384 5567 508 5650 (ἐξ).
540 5568 656 5650 Τξῆς
673 5569 1142 5650 αρτοῦιέιγήμης.
1174 5572 1313 5650 Infra
1336 5572 1577 5650 Martyrii
1596 5574 1876 5650 ﬂung},

312 5639 370 5720 ἐν
396 5642 463 5708 τῇ
485 5640 796 5720 anew-ca;
817 5639 1100 5720 amnesin;
1128 5643 1317 5720 animi»;
1338 5639 1495 5709 Acta,
1519 5654 1576 5720 et_
1595 5644 1877 5720 Frccullus

313 5709 394 5783 die
448 5709 738 5783 passionis,
779 5713 912 5779 ejus.
948 5709 1243 5783 ‘Gregorio
1277 5714 1623 5769 Turonensi:
1697 5719 1747 5768 in
1792 5716 1879 5769 die

316 5780 660 5833 solemnitan’s
690 5782 823 5847 ejus.
868 5783 1036 5855 (ἰηκεί
1076 5780 1140 5839 ad
1176 5786 1242 5839 ΞΗ
1306 5783 1564 5841 Novemb.
1602 5788 1657 5840 ἐν
1688 5789 1753 5855 τῇ
1783 5785 1875 5839 τοῦ

1984 5435 2141 5503 ἁγίου
2170 5436 2374 5507 μνήμῃ.
2409 5432 2546 5488 Male
2587 5449 2717 5502 ergo
2758 5434 2899 5503 apud
2951 5430 3313 5507 Nicephorum
3340 5430 3553 5507 "uid,

1982 5508 2089 5577 ista
2130 5502 2438 5577 παράδοξον
2465 5507 2521 5558 δέ
2551 5521 2602 5556 τι
2631 5507 2731 5576 τῆς
2760 5502 2977 5577 μνήμης
3017 5502 3370 5577 ἐνισταμένης
3390 5502 3555 5577 Δαὐτῷ

1986 5574 2307 5643 ἐπιγίνεται,
2357 5586 2638 5629 verti-runt
2680 5574 2793 5629 Sicf:
2825 5574 2901 5627 De
2928 5590 3029 5643 quo
3058 5588 3215 5637 supra
3256 5574 3550 5643 opinionem

1985 5648 2256 5712 prwseutt's
2314 5647 2577 5700 memoria:
2650 5647 2905 5714 quiddam
2940 5642 3212 5714 accidit,
3257 5642 3401 5713 Lego
3453 5659 3551 5711 ego

1986 5715 2172 5778 αὐτοῦ,
2202 5728 2255 5769 et
2281 5716 2527 5785 explico:
2559 5712 2750 5767 Editur
2784 5724 2957 5767 autem
2989 5712 3325 5777 miraculum,
3344 5712 3547 5783 quoties

1985 5786 2229 5840 adventat
2257 5784 2363 5841 dies
2390 5804 2491 5857 quo
2522 5786 2667 5837 illius
2698 5787 2946 5837 memoria
2976 5784 3287 5838 celebratur.
3319 5785 3455 5839 Cor.
