4066 6330
511 337 617 393 599
1392 334 1447 391 S.
1487 326 1876 388 CLEMENTIS
1920 328 1939 383 l
1975 328 2065 383 ΒΟ

2179 324 2381 382 ΡΟΝΤ.
2420 325 2648 384 OPERA
2681 326 2910 385 DUBIA.
3657 330 3763 387 600

506 465 563 510 et
609 454 923 523 aspersione
966 467 1105 523 opus
1134 451 1237 509 fuit
1282 452 1353 509 ad
1384 453 1555 507 morbi
1604 467 1728 506 eum
1768 448 2065 520 occupanti:

2182 445 2274 498 τοῦ
2300 447 2593 517 ῥαντισμοῦ
2620 447 2777 501 πλέον
2800 447 3008 520 ἐδέησε,
3037 444 3174 519 πρὸς
3196 444 3293 518 τὴν
3317 444 3411 501 τοῦ
3437 445 3761 518 κατέχοντος

507 546 903 614 depulsionem.

2178 539 2339 592 αὐτὸν
2372 538 2576 604 πάθους
2604 539 2943 612 ἀπαλλαγήν.

578 636 858 693 CLXXIV.
901 638 1007 695 Sed
1039 639 1151 693 haec
1185 637 1404 708 quidem
1439 638 1567 692 talia
1597 645 1758 702 sunt,
1786 648 1840 690 et
1868 636 1939 689 ita
1975 635 2065 689 ha-

2232 628 2507 686 CLXXIV.
2536 631 2693 685 Ἀλλὰ
2706 631 2875 685 ταῦτα
2894 632 2991 705 μὲν
3003 630 3067 705 δὴ
3081 631 3304 687 τοιαῦτα
3321 632 3413 685 καλ⁸
3427 630 3599 695 οὕτως
3616 630 3759 701 ἔχονο

509 729 671 785 bent:
704 730 835 785 illud
864 746 992 786 vero
1024 730 1183 802 longe
1211 730 1406 798 majus,
1439 728 1822 798 suﬂiciensque
1854 726 1921 781 ad
1946 742 2075 782 con-

510 820 775 878 ﬁrmanda
812 823 1190 895 prmeedeutia.
1229 821 1364 875 Nam
1394 838 1542 887 cum,
1574 831 1633 876 ut
1662 820 1914 891 superior
1944 835 2074 875 ora-

510 917 588 973 tio
614 918 938 981 declaravit,
974 916 1281 986 iii-pelagus
1317 922 1525 985 martyr
1562 913 1844 968 immissus
1873 920 1985 978 est,
2021 921 2076 966 et

507 1008 563 1064 in
603 1008 757 1063 sinus
798 1016 1062 1077 aquarum
1110 1006 1421 1077 projectus,
1466 1013 1629 1073 atque
1665 1018 1815 1058 mare
1856 1003 2073 1073 longius

504 1100 806 1165 abscessit,
836 1102 963 1157 dum
991 1100 1145 1171 quasi
1179 1100 1280 1154 sub
1308 1099 1496 1168 pedem
1528 1099 1620 1151 dat
1648 1098 1826 1152 locum
1848 1136 1862 1160 ,
1902 1104 1955 1151 et
1986 1097 2072 1150 in-

505 1195 608 1251 dex
650 1195 897 1264 corporis
940 1194 1262 1248 mirabiliter
1295 1191 1559 1256 eilicitur,
1605 1207 1669 1244 ac
1712 1191 1912 1246 volenti
1944 1189 2074 1245 facit

505 1295 829 1356 potestatem
865 1286 1141 1356 gradiendi
1179 1301 1271 1355 per
1302 1284 1669 1355 profundum;
1704 1284 1895 1354 ingens
1926 1292 2071 1337 certe

502 1378 941 1433 Christianorum
975 1378 1266 1432 multitudo
1302 1387 1432 1432 tunc
1461 1376 1527 1431 ad
1573 1377 1821 1445 corporis
1858 1386 2073 1447 specta-

503 1472 686 1524 culum
734 1472 1079 1541 properabat.
1128 1470 1321 1525 Postea
1369 1485 1498 1523 vero
1538 1478 1591 1523 ct
1637 1470 1911 1524 maximus
1954 1469 2071 1523 dies

504 1564 677 1619 festus
711 1565 1034 1632 miraculum
1067 1564 1319 1627 induxit;
1359 1570 1453 1615 aut
1483 1561 1664 1632 potius
1697 1562 1799 1617 hoc
1829 1562 2069 1616 miracu-

502 1656 612 1709 lum
646 1653 789 1709 diem
826 1630 1020 1708 festum
1051 1653 1261 1717 elfecit;
1299 1651 1445 1722 quod
1477 1630 1605 1715 non,
1628 1653 1793 1707 semel
1826 1653 2031 1706 editum
2052 1696 2066 1719 ,

499 1748 694 1803 deinde
727 1748 907 1811 desiit,
946 1746 1038 1801 sed
1072 1762 1165 1815 per
1201 1744 1630 1814 unumquodque
1662 1745 1789 1798 anni
1824 1746 2069 1800 curricu-

500 1842 612 1895 lum
668 1840 1050 1910 perﬁciebatur
1094 1839 1283 1892 eodem
1338 1838 1533 1902 modo,
1581 1837 1807 1907 piasque
1852 1837 2129 1903 animas?

499 1932 831 1992 convocabat
874 1932 941 1985 ad
984 1931 1226 2000 epulum.
1271 1926 1406 1982 Cum
1438 1927 1689 1998 equidem
1722 1930 1837 1984 Ι]ωο
1872 1928 1945 1982 ita
1981 1944 2068 1984 cs-

499 2035 638 2090 scut,
670 2034 724 2080 et
748 2040 939 2080 omnes
962 2025 1106 2079 circa
1137 2023 1468 2078 Chersonem
1498 2020 1797 2076 Christiani
1825 2024 1891 2077 ad
1916 2023 2068 2079 mirae

500 2119 575 2172 rei
621 2118 915 2174 solemnem
961 2117 1104 2172 diem
1159 2118 1455 2187 quotannis
1522 2127 1940 2182 concurrerent;
1990 2117 2065 2171 ibi

496 2212 659 2266 etiam
695 2210 836 2266 Deus
866 2210 1224 2276 miraculum,
1264 2212 1635 2267 anterioribus
1679 2210 1854 2281 magis
1891 2211 2067 2278 inopi-

495 2320 628 2359 num
662 2314 716 2357 et
742 2304 1083 2370 admirabile,
1116 2314 1392 2375 operatur.

563 2394 818 2450 CLXXV.
861 2394 997 2451 Nam
1049 2398 1130 2450 vir
1174 2398 1397 2467 quidam
1443 2398 1767 2469 religiosus,
1801 2411 1909 2451 una
1939 2410 2065 2449 cum

494 2503 702 2554 uxore,
736 2499 789 2543 et
828 2490 977 2558 prole
1019 2490 1297 2558 mascula,
1328 2492 1593 2546 miraculo
1628 2491 1742 2561 jam
1779 2490 1961 2556 edito,
1997 2489 2065 2543 ad

494 2582 751 2652 martyris
771 2597 991 2651 corpus,
1015 2583 1117 2651 ipsi
1140 2600 1359 2654 quoque
1382 2600 1506 2638 cum
1536 2584 1735 2653 populo
1757 2581 2065 2636 conﬂuente

493 2672 721 2744 profecti
765 2672 911 2727 sunt.
960 2672 1131 2742 Igitur
1169 2690 1358 2745 aequor
1390 2691 1421 2730 e
1465 2675 1698 2745 vestigio
1746 2673 2062 2742 trajiciunt,

494 2763 865 2833 templumque
887 2764 941 2817 in
972 2764 1093 2817 sinu
1128 2764 1248 2833 ejus
1281 2767 1517 2835 positum
1544 2766 1838 2835 attingunt,
1868 2781 2067 2834 paren-

492 2865 574 2909 tes
624 2871 787 2911 manu
841 2871 1071 2926 puerum
1119 2856 1413 2912 ducentes:
1463 2873 1699 2927 eumque
1741 2858 1882 2912 intra
1930 2867 2065 2911 tem-

492 2947 641 3017 plum
673 2946 925 3012 fuerunt,
957 2958 1011 3003 et
1045 2959 1293 3005 sanctum
1344 2949 1494 3003 illum
1544 2950 1813 3004 tumulum
1858 2951 2064 3005 ambie-

2100 1809 2141 1864 Β

2175 738 2243 775 τα
2256 739 2269 750 ·
2289 723 2462 775 έκεῖνο
2477 722 2532 776 δὲ
2550 724 2643 777 καὶ
2656 723 2774 778 λίαν
2792 725 2970 797 πολλῷ
2989 725 3170 797 μεῖζον
3190 765 3204 791 ,
3224 726 3318 779 καὶ
3336 725 3517 778 ἱκανὸν
3531 725 3601 777 τὰ
3618 742 3756 795 προ-

2175 813 2407 867 λαϐόντα
2437 814 2829 871 πιστώσασθαι.
2866 814 3081 891 Ἐπειδὴ
3108 818 3217 891 γὰρ
3236 858 3249 883 ,
3275 818 3351 884 ὡς
3377 820 3405 871 ό
3429 818 3587 887 λόγος
3614 818 3754 887 φθά-

2178 923 2275 970 σας
2322 907 2618 980 ἐδήλωσεν,
2673 912 2752 975 είς
2798 913 3032 982 πέλαγος
3068 916 3096 967 ό
3132 915 3346 986 μάρτυρ
3391 914 3609 984 ἐφίετο,
3662 915 3756 967 καὶ

2176 1000 2255 1063 είς
2285 999 2489 1054 ὑδάτων
2523 1004 2724 1072 μυχοὺς
2755 1004 3010 1076 ἔρριπτο,
3055 1007 3089 1076 ἦ
3117 1024 3176 1061 τε
3220 1006 3462 1060 θάλασσα
3492 1006 3754 1059 ὑπέϐαινε

2177 1092 2508 1164 πορρωτέρω
2528 1133 2541 1157 ,
2586 1094 2833 1167 καθάπερ
2863 1097 2966 1149 ὑπὸ
2998 1097 3134 1151 πόδα
3169 1098 3419 1170 χωροῦσα
3441 1138 3456 1162 ,
3510 1098 3755 1170 μηνυτὴς

2174 1184 2267 1237 τοῦ
2290 1184 2539 1255 λειψάνου
2562 1187 2875 1258 παραδόξως
2894 1191 3170 1263 γινομένη,
3200 1193 3293 1246 καὶ
3321 1190 3477 1261 βυθὸν
3502 1190 3753 1255 πεζεύειν

2172 1277 2251 1348 τῷ
2280 1278 2583 1350 βουλομένῳ
2621 1283 2933 1351 παρέχουσα
2951 1300 2963 1311 ·
2995 1284 3129 1337 πολὺ
3163 1284 3343 1356 μέντοι
3373 1285 3576 1356 πλῆθος
3602 1301 3753 1355 τηνι-

2175 1368 2349 1422 καῦτα
2374 1370 2710 1441 Χριστιανῶν
2741 1371 2876 1442 πρὸς
2900 1374 2998 1445 τὴν
3029 1373 3123 1427 τοῦ
3153 1375 3405 1446 λειψάνου
3435 1374 3563 1428 θέαν
3588 1374 3751 1443 ἠπεί-

2173 1478 2349 1529 γοντο.
2375 1462 2527 1517 Μετὰ
2542 1464 2585 1495 "
2614 1462 2669 1516 δὲ
2691 1464 2862 1517 ταῦτα
2884 1466 3025 1538 καὶὴ
3056 1468 3284 1538 μεγίστη
3306 1468 3465 1541 ἑορτὴ
3486 1469 3548 1522 τὸ
3569 1467 3751 1539 θαῦμα

2172 1552 2361 1623 ἤγετο·
2396 1555 2572 1607 ἐκεῖνο
2602 1553 2658 1607 δὲ
2692 1554 2890 1625 μᾶλλον
2923 1557 3093 1610 ὲποίει
3120 1558 3220 1630 τὴν
3248 1560 3460 1631 ἑορτὴν,
3493 1557 3554 1611 οὐ
3594 1574 3753 1627 γεγο-

2173 1643 2261 1707 νὸς
2284 1644 2449 1710 ἅπαξ,
2475 1642 2591 1698 εἶτα
2618 1645 2982 1717 παυσάμενον,
3009 1648 3143 1703 ἀλλὰ
3166 1650 3283 1703 καθ’
3305 1650 3539 1722 ἑκάστην
3568 1651 3751 1703 ἐνιαυ-

2172 1734 2264 1789 τοῦ
2295 1737 2541 1804 περίοδον
2574 1736 2776 1807 ὁμοίως
2806 1740 3129 1812 τελούμενον
3149 1781 3164 1806 ,
3204 1744 3299 1795 καὶ
3330 1743 3428 1807 τὰς
3465 1742 3682 1807 ἀσεϐεῖς
3704 1743 3752 1773 τ’

2168 1826 2344 1896 ψυχὰς
2403 1828 2705 1897 συγκαλοῦν
2753 1832 2832 1895 είς
2873 1833 3131 1887 ἑστίασιν.
3178 1835 3330 1889 Ἐπεὶ
3378 1835 3557 1887 τοίνυν
3608 1834 3753 1889 οὕτω

2168 1916 2360 1979 ταῦτα,
2388 1920 2480 1971 καὶ
2506 1920 2554 1972 οἱ
2584 1920 2724 1973 κατὰ
2747 1921 3008 1994 Χερσῶνα
3031 1922 3231 1986 πάντες
3260 1923 3575 1994 Χριστιανοὶ
3616 1922 3753 1995 πρὸς

2166 2008 2266 2079 τήν
2317 2009 2410 2063 τοῦ
2451 2011 2726 2083 θαύματος
2770 2017 3075 2087 πανήγυριν
3120 2016 3356 2086 ὲτησίως
3394 2014 3750 2086 συνέτρεχον,

2169 2096 2570 2173 θαυματουργεῖ
2604 2121 2654 2157 τι
2689 2105 2959 2159 κάνταῦθα
2992 2105 3144 2172 Θεὸς,
3203 2105 3312 2159 τῶν
3347 2106 3752 2178 προγεγονότων

2170 2206 2245 2242 πα
2254 2191 2498 2261 ραδοξότε
2506 2212 2616 2265 ρον.

2239 2412 2490 2468 CLXXV.
2521 2418 2681 2490 Ἀνὴρ
2693 2420 2799 2490 γάρ
2813 2436 2895 2483 τις
2912 2419 3168 2493 θεοσεϐὴς
3183 2422 3298 2493 ἅμα
3313 2423 3533 2491 γυναικὶ
3550 2423 3643 2476 καὶ
3656 2422 3751 2495 άρι

2168 2505 2281 2573 ρενι
2292 2504 2484 2577 τέκνῳ,
2504 2506 2596 2559 τοῦ
2612 2507 2887 2579 θαύματος
2902 2510 3001 2581 ήδη
3018 2510 3362 2581 τελουμένου,
3381 2512 3516 2583 πρὸς
3532 2513 3593 2565 τὸ
3611 2530 3751 2584 μαρ-

2166 2597 2384 2667 τυρικὸν
2427 2599 2601 2652 ἐκεῖνο
2629 2600 2723 2652 καὶ
2750 2602 2903 2654 αὐτοὶ
2933 2602 3092 2672 σῶμα
3123 2603 3262 2674 μετὰ
3290 2604 3383 2657 τοῦ
3422 2605 3751 2677 συρρέοντος

2166 2693 2400 2764 πλήθους
2423 2693 2680 2767 ἐχώρουν.
2706 2695 2779 2749 Τὸ
2803 2696 3035 2765 πέλαγος
3058 2693 3150 2750 οῦν
3174 2699 3239 2753 ἐκ
3262 2699 3421 2763 ποδὸς
3441 2699 3747 2762 διαϐάντες,

2166 2786 2371 2839 καὶτὸν
2404 2788 2462 2840 ὲν
2494 2786 2650 2858 μυχῷ
2677 2788 2866 2841 τούτου
2896 2789 3292 2855 καταλαϐόντες
3318 2790 3465 2855 ναὸν,
3501 2792 3601 2862 τῆς
3629 2808 3750 2861 χει-

2167 2872 2260 2945 ρὸς
2284 2873 2567 2945 λαϐόμενοι
2594 2876 2687 2929 τοῦ
2718 2877 2905 2941 παιδὸς
2930 2879 2978 2930 οἱ
3006 2878 3240 2949 πατέρες
3258 2918 3273 2944 ,
3318 2879 3441 2933 ἐπεὶ
3478 2880 3571 2933 τοῦ
3613 2878 3748 2933 ναοῦ

2162 2963 2309 3018 ἔνδον
2336 2964 2599 3034 ἐγένοντο,
2628 2967 2720 3019 καὶ
2738 2966 2835 3038 τὴν
2853 2968 3014 3037 ἁγίαν
3029 2968 3240 3040 ἐκείνην
3274 2968 3629 3041 περιστάντες
3654 2986 3749 3022 σο-

492 3050 657 3103 runt,
692 3050 805 3095 tum
835 3040 941 3094 alia
971 3050 1222 3096 sanctum
1254 3042 1458 3111 precati
1488 3050 1636 3106 sunt,
1667 3050 1779 3096 tum
1811 3057 1909 3112 pro
1935 3055 2061 3099 nato

2169 3056 2281 3129 ρὸν,
2307 3058 2375 3111 τά
2396 3076 2455 3112 τε
2482 3058 2617 3113 ἄλλα
2645 3059 2853 3114 ἐδέοντο
2878 3061 2972 3115 τοῦ
2999 3063 3176 3131 ἁγίου,
3204 3064 3297 3115 καὶ
3326 3062 3471 3135 ὑπὲρ
3492 3063 3585 3115 τοῦ
3611 3080 3745 3116 παι-

491 3143 755 3201 rogarunt
782 3150 843 3188 ea
872 3150 994 3203 quae
1022 3143 1274 3205 parentes
1305 3134 1550 3189 decebat.
1584 3132 1793 3189 Precati
1818 3150 1968 3205 ergo,
1998 3151 2064 3191 ac

2166 3148 2251 3213 δὸς
2279 3150 2569 3222 ὲλιπάρουν
2597 3152 2697 3205 ὅσα
2722 3154 2963 3224 πατέρας
2992 3155 3157 3219 εἰκός.
3188 3132 3487 3226 Εὐξάμενοι
3519 3151 3613 3209 οῦν
3650 3156 3746 3209 καὶ

492 3224 800 3292 sepulcrum
854 3224 1122 3281 ferventer
1166 3227 1471 3281 exosculati
1509 3236 1563 3282 et
1607 3229 1908 3298 complexi,
1960 3230 2063 3299 ipsi

2166 3242 2382 3315 θερμῶς
2424 3244 2514 3297 τὸν
2552 3245 2721 3313 τάφον
2764 3246 3247 3318 περιπτυξάμενοι,
3291 3224 3447 3302 αύτοὶ
3494 3248 3593 3320 μὲν
3640 3246 3744 3318 ήδη
3792 3302 3793 3307 η

490 3316 733 3384 quidem,
755 3316 866 3385 jam
894 3327 1113 3387 peracta
1136 3320 1472 3385 celebritate,
1498 3321 1823 3391 cunctisque
1837 3323 2062 3377 domum

2166 3336 2259 3407 τῆς
2310 3336 2672 3409 πανηγύρεως
2722 3316 3101 3410 τελεσθείσης,
3152 3340 3245 3393 καὶ
3296 3316 3744 3395 οίκαδενπάντων

493 3406 871 3473 redeuntibus,
900 3419 1045 3463 retro
1074 3410 1269 3465 iterum
1303 3428 1427 3466 cum
1466 3414 1668 3482 populo
1696 3416 1791 3484 qui
1829 3431 2062 3469 concur-

492 3510 639 3555 rerat
663 3502 1070 3557 abscesserunt.
1102 3503 1244 3559 Puer
1272 3513 1451 3560 autem
1480 3507 1619 3561 clam
1648 3516 1926 3577 parentes,
1946 3526 2065 3565 nes-

492 3592 580 3647 cio
606 3608 715 3661 quo
747 3594 909 3649 modo
937 3595 1087 3650 solus
1125 3597 1268 3665 apud
1318 3598 1629 3666 sepulcrum
1678 3600 1900 3655 relictus
1938 3611 2058 3667 est;

490 3685 714 3739 omnino
746 3685 796 3739 id
842 3687 1378 3758 incomprehensibili
1424 3689 1518 3744 Dei
1560 3692 1898 3760 providentia
1946 3694 2061 3749 dis-

489 3788 759 3848 ponente,
791 3788 848 3833 ut
882 3781 1057 3850 magis
1097 3782 1390 3837 honoraret
1435 3799 1558 3836 cum
1604 3784 1697 3853 qui
1735 3786 1973 3839 animam
2008 3796 2063 3840 et

490 3885 692 3940 corpus
720 3887 818 3941 pro
846 3873 964 3942 ipso
995 3874 1222 3928 libenter
1251 3874 1495 3929 dederat.
1539 3874 1606 3929 Et
1652 3892 1790 3946 aqua
1839 3877 2057 3947 quidem

489 3961 557 4016 ad
588 3962 804 4031 propria
832 3978 1102 4028 remeans,
1131 3964 1463 4035 profundum
1491 3966 1718 4034 obtexit,
1751 3968 2061 4040 iterumque

488 4054 742 4109 ell‘eetum
773 4066 857 4110 est
886 4058 1130 4126 pelagus.

557 4145 838 4202 CLXXVI.
875 4150 943 4201 At
969 4159 1219 4218 parentes
1255 4151 1475 4219 paulum
1501 4167 1528 4207 a
1552 4168 1780 4224 corpore
1805 4155 2059 4226 digressi,

489 4248 546 4292 ut
577 4240 690 4309 jam
723 4240 894 4295 lilium
927 4259 1110 4297 secum
1144 4259 1251 4298 non
1284 4245 1559 4310 viderunt,
1586 4249 1651 4302 ad
1683 4250 2060 4320 investigatio-

489 4347 612 4386 nem
644 4331 765 4401 ejus
789 4342 1008 4387 \‘ertunt
1038 4350 1129 4389 se:
1178 4350 1243 4390 ac
1285 4344 1430 4390 retro
1469 4340 1715 4393 conversi
1755 4349 1812 4394 ut
1850 4341 2061 4396 inveni-

488 4430 611 4476 I't'lll
634 4437 889 4491 puerum.
924 4434 1153 4478 cernunt
1190 4442 1341 4481 mare
1382 4444 1574 4483 rursus
1612 4444 1733 4485 esse
1759 4447 1879 4486 eam
1911 4435 2053 4489 viam

486 4528 610 4584 quae
644 4514 708 4565 ad
741 4530 937 4583 corpus
966 4518 1223 4588 deinceps
1263 4519 1519 4574 duceret:
1561 4522 1857 4593 statimque
1896 4542 2059 4581 cons-

488 4613 793 4671 ternantur,
822 4608 1129 4675 turbantur,
1159 4620 1599 4679 commoventur,
1630 4616 1813 4670 acrius
1844 4616 1910 4669 ad
1944 4620 2057 4672 nati

490 4695 891 4765 indagatiouem
961 4711 1359 4770 prorumpunt:
1412 4702 1458 4758 is
1507 4714 1686 4759 autem
1738 4708 1791 4761 in
1844 4711 2057 4765 tumulo

488 4786 713 4841 relictus
738 4787 933 4843 fuerat.
967 4790 1213 4861 Cumque
1243 4804 1366 4862 post
1388 4797 1617 4851 multum
1646 4798 1885 4855 laborem
1920 4817 2056 4870 pue-

488 4895 608 4932 rum
655 4896 762 4933 non
806 4895 1159 4951 repererunt,
1194 4886 1287 4939 sed
1321 4886 1372 4939 in
1404 4891 1571 4944 maris
1600 4890 1771 4947 fundo
1802 4893 2056 4949 desertus

487 4972 659 5026 fuisse
701 4974 834 5044 ipsis
874 4974 1023 5030 visus
1050 4986 1163 5041 est,
1191 4979 1266 5032 uti
1312 4995 1498 5035 revera
1531 4992 1684 5047 erat,
1734 4985 1955 5056 longum
1990 5002 2057 5043 ac

485 5064 740 5119 ﬂebiliter
766 5066 1226 5135 vociferabantur,
1261 5070 1429 5124 ﬁlium
1480 5074 1844 5143 appellantes,
1881 5085 1935 5132 et
1964 5094 2059 5149 pe-

486 5167 640 5213 ctora
678 5158 1509 5230 feriebant,atquedcplorabant
1539 5167 1902 5224 calamitatem
1933 5155 2081 5240 quaa‘

485 5266 583 5307 eos
608 5253 970 5322 opprimebat.
1008 5253 1255 5323 Tumque
1288 5256 1353 5308 ad
1402 5266 1650 5313 sanctum
1688 5276 1750 5315 ea
1781 5261 2054 5329 dicebant,

485 5358 608 5413 quae
637 5345 855 5401 animus
885 5346 1070 5400 dolore
1103 5346 1307 5402 fractus
1336 5351 1788 5418 pronuntiaverit,
1820 5363 2050 5409 mortem

486 5437 591 5490 sibi
622 5449 722 5506 pro
758 5440 922 5492 rebus
948 5439 1307 5507 praesentibus
1339 5449 1625 5508 optantes:
1663 5443 1836 5499 donec
1868 5448 2053 5515 proxi-

487 5543 701 5585 morum
736 5532 1004 5599 nonnulli,
1040 5530 1341 5587 incidentes
1376 5534 1426 5587 in
1451 5549 1545 5589 eos
1570 5535 2054 5597 lamentationibus

2163 3427 2489 3481 ἐπανιόντων
2508 3468 2522 3491 ,
2554 3430 2730 3483 ὀπίσω
2763 3429 2925 3484 πάλιν
2956 3430 3093 3501 μετὰ
3116 3431 3210 3484 τοῦ
3242 3432 3675 3504 συνδραμοῦντος
3694 3432 3743 3465 ⁷⁸

2164 3516 2399 3588 πλήθους
2422 3517 2679 3590 ἐχώρουν.
2710 3521 2782 3573 Τὸ
2812 3522 3016 3575 παιδίον
3041 3522 3096 3574 δὲ
3120 3524 3248 3587 τοὺς
3273 3524 3529 3587 τεκόντας
3559 3524 3741 3587 λαθὸν,

2161 3613 2261 3665 οὐκ
2300 3608 2394 3665 οἷδ’
2434 3614 2613 3678 ὅπως,
2647 3615 2802 3685 μόνον
2848 3617 2997 3688 παρὰ
3042 3620 3108 3689 τῇ
3150 3617 3295 3690 σορῷ
3336 3619 3741 3684 κατελέλειπτο,

2162 3704 2379 3767 πάντως
2404 3706 2501 3776 τῆς
2528 3707 2907 3777 άκαταλήπτου
2934 3707 3190 3781 προνοίας
3217 3709 3312 3762 τοῦ
3338 3710 3471 3764 Θεοῦ
3500 3712 3594 3764 καὶ
3619 3710 3743 3764 τοῦ-

2160 3811 2222 3847 το
2249 3797 2772 3869 οικονομησαμένης,
2802 3798 2887 3852 ἵνα
2915 3800 3125 3873 τιμήσῃ
3149 3800 3308 3854 πλέον
3330 3801 3421 3855 τὸν
3447 3802 3541 3855 καὶ
3563 3802 3740 3874 ψυχὴν

2160 3888 2256 3941 καὶ
2298 3888 2455 3959 σῶμα
2497 3889 2562 3942 δι’
2603 3890 2764 3943 αὑτὸν
2794 3890 2962 3961 ἡδέως
3005 3892 3359 3965 προθέμενον.
3406 3896 3515 3947 Καὶ
3553 3894 3616 3948 τὸ
3642 3896 3741 3967 μὲν

2163 3980 2325 4053 ὕδωρ,
2346 3983 2749 4055 ὲπαναστρέφον
2770 3985 2849 4046 εἰς
2864 3982 2931 4035 τὰ
2945 3984 3138 4049 οἰκεῖα,
3160 3985 3430 4038 ἐκάλυπτε
3446 3986 3537 4039 τὸν
3559 3985 3738 4056 βυθὸν,

2161 4075 2256 4128 καὶ
2282 4074 2513 4144 πέλαγος
2538 4075 2761 4145 ἐγίνετο.

2213 4165 2397 4220 CLXX
2407 4164 2489 4220 Vl.
2507 4169 2568 4222 Οἱ
2584 4167 2815 4239 πατέρες
2831 4167 2885 4220 δὲ
2906 4168 3101 4240 μικρὸν
3114 4170 3221 4223 ἀπὸ
3234 4168 3327 4223 τοῦ
3344 4169 3599 4239 λειψάνου
3616 4187 3742 4242 προ·

2160 4255 2424 4320 ελθόντες,
2448 4256 2522 4319 ὡς
2538 4257 2638 4328 ἤδη
2652 4257 2744 4310 τὸν
2762 4259 2923 4312 παῖδα
2942 4262 3069 4331 παρ’
3086 4260 3267 4324 αὐτοῖς
3292 4262 3390 4331 οὐχ
3413 4260 3599 4333 ἐώρων
3618 4302 3633 4326 ,
3659 4262 3741 4324 είς
3766 4272 3771 4281 ’

2134 4404 2137 4407 _
2160 4346 2382 4417 ἔρευναν
2406 4348 2568 4400 αὑτοῦ
2586 4350 2876 4420 τρέπονται
2895 4367 2908 4379 ·
2932 4353 3025 4404 καὶ
3040 4353 3213 4405 ὀπίσω
3230 4354 3579 4425 στραφέντες,
3598 4352 3740 4407 ὥστε

2158 4438 2219 4490 τὸ
2230 4439 2437 4491 παιδίον
2453 4440 2654 4512 εὑρεῖν,
2670 4439 2902 4511 πέλαγος
2917 4442 3085 4513 όρῶσι
3096 4444 3259 4497 πάλιν
3272 4444 3477 4515 τὴν-ἐπὶ
3492 4445 3553 4497 τὸ
3564 4444 3742 4514 λείψα-

2160 4547 2250 4583 νον
2278 4530 2406 4602 ἑξῆς
2434 4532 2703 4603 φέρουσαν
2723 4550 2735 4562 ·
2768 4535 2861 4586 καὶ
2888 4535 3088 4587 αὐτίκα
3119 4534 3496 4607 θορυϐοῦνται,
3536 4537 3743 4608 ταράτ-

2159 4640 2362 4689 τονται,
2395 4624 2729 4691 κλονοῦνται,
2761 4626 3086 4699 θερμότερον
3113 4627 3323 4700 ὁρμῶσι
3352 4630 3490 4701 πρὸς
3515 4630 3615 4701 τὴν
3645 4630 3740 4684 τοῦ

2162 4716 2349 4779 παιδὸς
2387 4716 2641 4789 ζήτησιν
2684 4718 2744 4771 τὸ
2779 4718 2835 4771 δὲ
2864 4718 2971 4789 ἄρα
3000 4714 3067 4789 ἦν
3100 4720 3157 4772 ὲν
3196 4722 3262 4791 τῇ
3313 4721 3459 4792 σορῷ
3505 4722 3741 4775 καταλε-

2158 4806 2467 4879 λειμμένον.
2518 4810 2669 4863 Ἐπεὶ
2697 4810 2754 4863 δὲ
2784 4810 2953 4864 πολλὰ
2980 4811 3246 4882 καμόντες
3264 4853 3277 4875 ,
3313 4814 3374 4866 τὸ
3401 4815 3616 4868 παιδίον
3642 4815 3741 4886 ούχ

2161 4895 2340 4971 εὖρον,
2384 4901 2496 4954 ἀλλ’
2530 4904 2587 4955 ὲν
2620 4901 2701 4973 τῷ
2744 4902 2889 4973 βυθῷ
2935 4904 3348 4973 καταλελεῖφθαι
3398 4905 3583 4970 αὐτοῖς
3621 4908 3738 4961 tvo-

2165 4991 2350 5064 μίσθη,
2381 4993 2569 5067 ὥσπερ
2595 4994 2701 5067 ἄρα
2727 4996 2818 5049 καὶ
2840 4992 2927 5067 ἦν,
2966 4998 3171 5069 μακρόν
3200 5015 3257 5050 τε
3288 4999 3382 5052 καὶ
3407 4999 3602 5069 γοερὸν
3626 5000 3743 5053 ἁνε-

2160 5085 2299 5139 ϐόων
2332 5088 2754 5160 ἀνακαλούμενοι
2785 5089 2875 5144 τὸν
2909 5090 3050 5155 υἱὸν,
3083 5092 3174 5145 καὶ
3200 5092 3267 5145 τὰ
3297 5091 3468 5163 στήθη
3512 5093 3702 5147 ἔπαιον
3722 5132 3737 5159 ,

2160 5178 2254 5231 καὶ
2279 5178 2377 5250 τὴν
2412 5180 2788 5251 κατασχοῦσαν
2831 5183 3026 5247 αὐτοὺς
3070 5184 3478 5256 ἀνωλοφύροντο
3524 5201 3737 5256 συμφο-

2164 5271 2282 5343 ράν.
2316 5268 2448 5325 Εἶτα
2475 5274 2567 5326 καὶ⁹
2591 5274 2725 5345 πρὸς
2747 5275 2838 5328 τὸν
2871 5275 3043 5344 ἆγιον,
3074 5270 3163 5329 οἷά
3192 5294 3298 5348 περ
3331 5276 3396 5330 ἂν
3423 5276 3737 5349 όδυνωμένη

2160 5363 2303 5434 ψυχὴ
2331 5363 2617 5433 φθέγξαιτο
2636 5366 2704 5428 ⁷³,
2736 5365 2937 5435 ἔλεγον,
2974 5367 3201 5421 θάνατον
3234 5370 3449 5431 ἑαυτοῖς
3474 5366 3596 5420 ἀντὶ
3630 5369 3736 5424 τῶν

2160 5454 2440 5524 παρόντων
2486 5455 2797 5525 εὐχόμενοι·
2850 5455 2954 5520 ἕως
2994 5458 3103 5509 τῶν
3147 5459 3371 5530 πλησίον
3401 5463 3547 5525 τινὲς
3580 5479 3735 5537 περι-

2162 5548 2417 5606 πεσόιιιες
2432 5546 2476 5577 ⁷³
2499 5546 2699 5613 αὐτοῖς,
2727 5549 3102 5619 ἐκλελυμένοις
3121 5552 3225 5605 ὑπὸ
3246 5551 3354 5604 τῶν
3377 5552 3591 5626 θρήνων
3613 5557 3731 5629 ήδη,

1788 5650 2021 5707 VARle
2061 5650 2455 5714 LECTIDNES.

579 5738 621 5766 l9

487 5807 786 5879 φθέγξοιτο.

901 5809 943 5840 ⁷³
972 5810 1041 5863 al.
1076 5809 1469 5881 περιτυχόντες.

650 5738 722 5817 al.
765 5738 988 5828 πολλοῦς
1129 5738 1255 5792 θέαν
1284 5741 1537 5828 ἐπήγετο.
1564 5741 1717 5812 μετά.
1797 5745 1840 5771 τθ
1869 5746 1938 5799 al.
1968 5746 2241 5813 εὐσεϐεῖς,
2274 5759 2328 5804 ut
2359 5749 2486 5822 legit
2521 5750 2802 5823 interpres.
2886 5755 2925 5786 ⁷³
2961 5754 3031 5811 al.
3078 5754 3489 5828 συνδραμόντος.

3583 5761 3626 5791 71
3657 5774 3725 5813 ah
