4066 6330
315 362 411 418 ϐθί

1014 361 1483 434 ιοιΕΜΕΝΤΙΝΑ.
1514 361 1922 421 -ἘΡΠΟΜΕ
1958 366 2047 421 DE
2084 362 2329 422 GESTIS
2364 364 2422 420 S.
2461 363 2685 421 PETRI.

3436 367 3540 423 609

314 477 405 530 καὶ
430 475 603 529 πολλά
633 476 723 530 ἐπὶ
754 476 832 546 τῷ
860 475 1019 531 πάθει
1048 480 1142 533 καὶ
1162 480 1313 532 αὐτοὶ⁵
1336 480 1626 551 ἐκχέαντες
1648 480 1875 551 δάκρυα,

1978 480 2090 549 jam
2130 478 2445 544 confectos,
2496 480 2806 549 multasque
2847 487 3069 549 propter
3092 493 3298 555 .casum
3342 488 3397 536 et
3438 480 3540 549 ipsi

314 568 769 640 παρεμυθήσαντό
806 586 867 623 τε
909 570 1134 635 αὐτοὺς,
1178 573 1271 625 καὶ
1302 574 1510 640 ὑφεῖναι
1537 573 1636 643 τῆς
1666 574 1881 643 μακρᾶς

310 657 487 727 λῦπης
512 656 790 727 ἐποίησαν.
808 657 965 710 Ἀλλά
997 659 1133 729 πρὸς
1154 659 1253 729 τὴν
1275 659 1448 712 οἰκίαν
1474 658 1690 711 ἐκείνων
1719 660 1880 711 ἐπαν-

312 748 605 813 ελθόντων,
654 749 837 818 μεῖζον
869 750 963 803 καὶ
1017 749 1177 803 πάλιν
1212 750 1272 803 τὸ
1304 750 1473 813 πάθος
1504 750 1742 818 ἐγίνετο,
1785 749 1879 801 καὶ

265 913 274 923 _
314 840 526 911 ἱμάτιον
548 838 710 908 ὁφθὲν
734 838 828 892 τοῦ
854 840 1060 903 παιδὸς,
1089 841 1198 893 εἴτε
1221 841 1341 893 τινὰ
1366 839 1475 892 τῶν
1503 839 1693 909 ἐκείνῳ
1719 840 1879 909 συνή-

312 932 421 985 θων
442 934 522 994 είς
550 933 767 1003 μνήμην
789 935 904 996 τοῖς
933 932 1200 1004 πατράσιν
1232 932 1468 997 ἐλθόντα,
1498 930 1877 1003 χαλεπωτέραν

308 1025 493 1087 αὐτοῖς
522 1024 695 1077 ἐποίει
718 1023 817 1096 τὴν
847 1026 1148 1097 συμφοράν.

375 1201 687 1259 CLXXVII.
700 1202 803 1257 Τοῦ
820 1201 1063 1255 ἐνιαυτοῦ
1078 1202 1135 1255 δὲ
1151 1202 1249 1274 ἤδη
1267 1202 1655 1273 περιελθόντος,
1673 1201 1765 1255 καὶΙ
1778 1200 1877 1273 τῆς

305 1296 567 1367 λαμπρᾶς
580 1294 770 1366 ἑορτῆς
781 1294 991 1366 ἐκείνης
1002 1293 1226 1363 ἄγεσθαι
1236 1293 1396 1346 πάλιν
1411 1292 1721 1364 μελλούσης,
1734 1292 1877 1345 ἐκέν-

304 1404 389 1440 τει
420 1403 479 1442 τε
513 1388 709 1450 αὐτοὺς
734 1388 827 1440 ἐπὶ
861 1387 1017 1440 πλέον
1049 1386 1109 1440 τὸ
1150 1386 1350 1453 πάθος,
1401 1387 1491 1461 καί
1524 1385 1875 1456 σφοδρότερον

307 1476 471 1531 πάλιν
496 1478 592 1530 τοῦ
620 1477 805 1541 παιδὸς
831 1478 1221 1550 ἀνεμίμνησκε.
1252 1479 1360 1531 Καὶ
1380 1478 1513 1549 δῆτα
1548 1477 1685 1549 πρὸς
1710 1478 1874 1549 ἀλλή-

306 1568 465 1635 λους,
498 1572 724 1641 Ἴωμεν,
765 1571 929 1641 φασὶ,
969 1571 1103 1642 πρὸς
1131 1571 1222 1623 τὸν
1260 1570 1460 1639 τάφον·
1500 1569 1695 1640 ἴδωμεν
1732 1570 1785 1623 εί
1820 1586 1873 1622 τι

305 1660 399 1715 τοῦ
437 1661 623 1723 παιδὸς
662 1662 1033 1716 ὑπολέλειπται
1077 1662 1342 1732 λείψανον,
1376 1661 1429 1715 εί
1460 1678 1576 1724 πως
1616 1660 1717 1713 κᾶν
1744 1661 1875 1714 αὐτὸ

306 1752 669 1821 κομιούμεθα.
714 1752 895 1806 Ταῦτα
938 1752 1032 1806 καὶ
1072 1754 1171 1805 ὃσα
1214 1753 1307 1806 τοῦ
1348 1752 1552 1815 πάθους
1584 1752 1717 1823 πρὸς
1742 1752 1871 1804 ἐαυ-

304 1842 431 1904 τοὺς
458 1842 980 1913 κοινολογησάμενοι,
1010 1844 1359 1915 προέρχονται
1386 1843 1486 1912 τῆς
1540 1842 1715 1905 οίκίας
1744 1858 1872 1893 πεν-

305 1934 475 1998 θικῶς
520 1937 938 2007 ἐσκευασμένοι,
982 1936 1077 1989 καὶ
1118 1934 1216 1998 τάς
1257 1934 1477 2007 ὁράσεις
1504 1934 1608 1988 ὑπὸ
1639 1934 1748 1987 τῶν
1775 1934 1870 1986 δα-

305 2028 491 2100 κρύων
540 2029 922 2099 ἐκτετηκότες,
973 2029 1067 2082 καὶ
1115 2027 1266 2097 παρά
1313 2028 1403 2081 τὸν
1458 2027 1699 2095 αἰγιαλὸν
1750 2027 1873 2095 ἀφι-

304 2122 577 2177 κνοῦνται.
612 2122 720 2174 Καὶ
748 2122 1019 2192 ὑποχωρεῖ
1046 2122 1143 2191 μὲν
1168 2120 1367 2183 εὐθέως
1394 2122 1427 2191 ἡ
1467 2118 1706 2173 θάλασσα
1725 2161 1739 2185 ,
1772 2121 1872 2190 τῆς

305 2210 645 2283 προθεσμίας
694 2208 1117 2278 καταλαϐούσης.
1181 2206 1550 2261 ’Δκολουθοῦσι
1608 2206 1664 2258 δὲ
1721 2205 1872 2259 αὐτοὶ

303 2304 532 2375 πρῶτοι,
563 2303 657 2355 καὶ
701 2300 834 2372 μετὰ
873 2301 1039 2364 πόδας
1083 2300 1259 2371 ἕτεροι
1303 2299 1482 2368 πάλιν,
1524 2300 1589 2369 τῇ
1628 2297 1871 2371 θαλάσσῃ

302 2393 555 2464 καθάπερ
588 2391 763 2462 ὁδηγῷ
800 2390 1088 2462 χρώμενοι.
1124 2390 1232 2443 Καὶ
1261 2390 1351 2442 τὸν
1382 2389 1697 2459 αὐτομάτως
1729 2389 1871 2441 οἱκο-

299 2485 603 2556 δομηθέντα
642 2484 766 2537 ναὸν
805 2485 1008 2537 ἐκεῖνον
1031 2522 1046 2546 ,
1096 2482 1290 2553 μᾶλλον
1338 2482 1395 2535 δὲ
1442 2481 1547 2534 ὑπὸ
1587 2481 1684 2551 τῆς
1732 2479 1866 2549 σῆς,

300 2579 567 2639 Δέσποτα,
602 2574 790 2644 σοφίας
812 2573 874 2645 δη
883 2573 1276 2645 μιουργηθέντα
1298 2568 1707 2632 καταλαϐόντες,
1735 2566 1872 2639 ὁρῶ-

302 2684 356 2719 σι
414 2666 475 2719 τὸ
537 2665 767 2728 παιδίον,
813 2663 858 2718 ὣ
887 2664 980 2717 τοῦ
1019 2664 1320 2735 θαύματοςί
1364 2662 1470 2727 ζῶν
1511 2662 1602 2715 καὶ⁵
1646 2658 1871 2731 ἀλλόμε-

301 2774 391 2810 νον
424 2755 535 2826 (26)
582 2754 732 2829 παρά
756 2754 834 2826 τῷ
857 2754 1117 2824 ναῶ.,Καὶ
1137 2753 1348 2825 πρῶτον
1368 2753 1414 2784 ⁷⁸
1434 2752 1530 2824 μὲν
1559 2750 1869 2821 ἀμφιϐόλως

301 2844 445 2918 εἶχον
478 2847 616 2918 πρὸς
644 2843 715 2898 τά
745 2844 1029 2916 ὁρώμενα,
1070 2844 1402 2914 λογιζόμενοι
1438 2844 1511 2913 μὴ
1538 2843 1637 2912 οὐχ
1674 2844 1702 2895 ὁ
1740 2843 1870 2905 παῖς

302 2938 419 3017 ᾖτδ
445 2941 791 3012 φαινόμενον.
832 2940 984 2993 Ἐπεὶ
1019 2938 1075 2991 δὲ
1115 2940 1209 2991 καὶ
1246 2942 1357 3002 τοῖς
1392 2938 1733 3009 γνωρίσμασι
1776 2938 1870 2991 καὶ

301 3037 412 3097 τοῖς
441 3036 684 3105 σχήμασι
724 3033 983 3086 πάντοθεν
1013 3032 1094 3095 είς
1124 3031 1301 3084 πίστιν
1321 3031 1517 3094 αὐτοὺς
1552 3030 1614 3082 τὸ
1657 3029 1865 3083 παιδίον

304 3128 458 3197 ἐνῆγε
480 3166 495 3191 ,
534 3127 627 3179 καὶ
653 3124 839 3179 τοῦτον
864 3126 1067 3177 ἐκεῖνον
1093 3119 1229 3177 εἶναι
1254 3123 1344 3176 τὸν
1370 3122 1482 3175 υίὸν
1510 3122 1863 3187 ἐπίστευσαν,

303 3214 685 3286 περιχυθέντες
711 3215 910 3278 εὐθέως
937 3212 1105 3284 αὐτῷ,
1136 3214 1227 3266 καὶ
1256 3211 1562 3283 ὀφθαλμοὺς
1592 3212 1685 3265 καὶ
1712 3210 1860 3285 χείλη

302 3307 660 3378 προσφύντες,
695 3307 904 3360 ἔκλαιόν
935 3322 993 3360 τε
1023 3306 1180 3377 μέχρι
1210 3305 1401 3358 πολλοῦ
1422 3344 1435 3368 ,
1464 3304 1530 3357 τά
1561 3304 1764 3372 γλυκέα
1798 3304 1862 3376 δὴ

301 3402 472 3454 ταῦτα
501 3402 589 3469 ὑφ’
618 3400 805 3470 ἡδονῆς
830 3399 1145 3471 προχέοντες
1164 3399 1209 3429 ⁷⁸
1235 3397 1442 3469 δάκρυα
1466 3435 1481 3460 ,
1525 3398 1617 3449 καὶ
1649 3395 1864 3467 θερμῶς

301 3495 461 3547 αὐτὸν
492 3492 685 3564 ῶσπερ
710 3495 887 3563 γυμνῇ
918 3494 983 3562 τῇ
1009 3491 1152 3561 ψυχῇ
1187 3490 1525 3559 κατεφίλουν.

369 3584 507 3639 CLX
518 3583 553 3636 Χ
566 3582 673 3635 VIII
685 3624 697 3637 .
718 3584 945 3636 Ἔπειτα
965 3582 1155 3653 μικρὸν
1171 3584 1395 3645 ἑαυτοὺς
1411 3579 1784 3642 ἀναλαϐόντες,
1801 3579 1866 3649 ὴ-

305 3677 491 3749 ρὼτων
511 3673 749 3745 ἀκριϐῶς
765 3674 968 3727 ἕκαστα
987 3674 1046 3727 τὸ
1067 3674 1291 3739 παιδίον,
1309 3675 1454 3736 ὅπως
1472 3672 1613 3725 οὓτω
1627 3669 1863 3741 παραδό-

302 3773 407 3838 ξως
417 3771 495 3823 διε
502 3767 747 3841 σώθη⁷⁶,τ
756 3768 861 3831 ίνος
873 3766 1247 3837 φυλάττοντος,
1259 3766 1399 3829 τίνος
1409 3764 1711 3837 τρέφοντος,
1724 3763 1867 3828 τίνος

302 3861 629 3922 θάλποντος,
670 3858 811 3921 τίνος
848 3854 1253 3924 ζωογονοῦντος.
1288 3855 1361 3907 Τὸ
1395 3854 1480 3925 δὴ,
1508 3855 1573 3923 τῇ
1615 3852 1711 3923 μὲν
1740 3851 1867 3923 λαιᾷ

300 3951 451 4023 χειρὶ
474 3950 571 4021 τὴν
599 3950 754 4020 σορὸν
776 3949 1025 4018 κατέχον,
1066 3946 1268 4017 θατέρᾳ
1293 3944 1349 3997 δὲ
1377 3945 1468 3997 τὸν
1494 3946 1551 3997 ἐν
1576 3944 1713 4014 αὐτῇ
1751 3942 1864 3996 κεί-

305 4061 466 4117 μενον
492 4040 857 4104 ὑποδεικνύον,
888 4035 1053 4103 Οὗτός
1081 4054 1169 4109 μοι
1198 4037 1292 4089 καὶ
1315 4035 1414 4106 τῆς
1438 4035 1581 4107 ζωῆς
1608 4034 1864 4106 πάροχος,

302 4138 455 4206 ἐλεγε
475 4176 491 4200 ,
519 4136 614 4189 καὶ
637 4132 867 4205 τροφεὺς
886 4170 901 4194 ,
929 4130 1020 4184 καὶ
1044 4127 1249 4199 φύλαξ,
1275 4129 1403 4199 παρ’
1429 4125 1605 4197 ἑαυτῷ
1633 4126 1867 4197 γνησίως

302 4232 388 4286 ἀεί
412 4246 481 4300 με
507 4224 690 4298 τηρῶν
720 4225 813 4277 καὶ
836 4222 1013 4285 καλῶς
1047 4219 1444 4293 τιθηνούμενος.
1487 4218 1733 4289 Θαύματι
1771 4213 1865 4272 οὖν

302 4324 352 4376 el
393 4319 645 4379 τεκόντες
686 4314 978 4385 ἀπορρήτῳ
1024 4312 1120 4365 σὺν
1167 4309 1324 4382 ἡδονῇ
1370 4308 1695 4378 ληφθέντες,
1742 4310 1868 4372 τοὺς

304 4411 603 4486 προτέρους
649 4408 875 4479 θρήνους
920 4404 1013 4457 καὶ
1056 4402 1125 4456 τά
1174 4401 1470 4474 σκυθρωπά
1524 4400 1617 4453 τοῦ
1665 4402 1867 4466 πάθους

1984 574 2248 642 lacrymas
2286 570 2671 639 profundentes
2691 614 2707 637 ,
2732 573 2997 627 consolati
3022 581 3150 628 sunt
3174 588 3269 628 eos
3287 611 3302 633 .
3344 571 3539 626 effece-

1969 666 2213 733 'runtque
2242 672 2299 716 ut
2321 663 2386 717 de
2411 679 2607 733 magno
2640 663 3008 733 diuturnoque
3038 680 3271 719 mmrore
3301 665 3534 719 remitte-

1979 765 2120 810 rent.
2174 754 2371 810 Verum
2421 767 2711 825 postquam
2764 756 2840 809 illi
2892 757 3116 811 domum
3174 764 3536 821 reverterunt,

1980 848 2175 900 iterum
2211 858 2263 901 et
2292 847 2467 917 major
2493 847 2757 915 aegritudo
2785 857 2903 902 orta
2931 859 3055 916 est;
3083 858 3243 918 atque
3274 848 3390 903 visa
3425 848 3535 903 uati

1978 939 2179 995 vestis.
2225 940 2338 991 sive
2385 938 2629 1007 quardam
2676 954 2797 1007 quae
2838 938 2911 991 illi
2963 938 3248 991 familiaria
3292 948 3447 991 erant
3482 938 3533 991 in

1977 1038 2259 1097 parentum
2290 1032 2603 1083 memoriam
2633 1031 2985 1093 recurrentia,
3015 1030 3377 1083 molestiorem
3405 1029 3535 1098 ipsis

1976 1119 2267 1173 reddebant
2292 1120 2579 1187 jacturam.

2044 1209 2345 1266 CLXXVII.
2394 1210 2660 1265 Caeterum
2716 1226 2859 1264 anno
2908 1211 3019 1279 jam
3074 1208 3353 1271 conferto,
3410 1224 3535 1262 cum

1976 1298 2315 1366 splendidum
2352 1299 2479 1353 illttd
2520 1298 2712 1353 festum
2767 1299 2960 1353 iterum
3007 1299 3323 1367 agitandum
3353 1310 3532 1361 esset,

1977 1389 2125 1457 ipsos
2168 1390 2339 1444 multo
2379 1392 2551 1460 magis
2593 1392 2863 1460 pungebat
2892 1400 2943 1444 et
2968 1390 3315 1445 excruciabat
3343 1389 3531 1453 dolor,

1976 1482 2455 1551 vehementiusque
2514 1497 2729 1535 rursum
2788 1482 2938 1551 pueri
3001 1482 3317 1535 memoriam
3377 1495 3534 1535 revo-

1975 1572 2149 1627 cabat.
2174 1570 2356 1641 Itaque
2386 1573 2525 1627 inter
2556 1588 2614 1627 se
2645 1573 2833 1627 aiunt:
2877 1572 3075 1627 Eamus
3097 1572 3162 1626 ad
3188 1574 3531 1641 Sepulcrum:

1974 1663 2254 1717 videamus
2293 1679 2422 1716 num
2456 1663 2650 1731 aliquae.
2705 1663 2797 1716 lilii
2848 1663 3088 1732 reliquize
3141 1662 3447 1730 supersint,
3485 1662 3530 1715 si

1976 1770 2084 1823 quo
2109 1764 2265 1824 pacto
2293 1766 2347 1809 et
2381 1756 2499 1810 illas
2534 1766 2890 1824 asportemus.
2949 1754 3070 1810 Ilmc
3105 1766 3157 1810 et
3197 1770 3532 1824 quaecunque

1972 1851 2225 1906 maestitia
2257 1852 2579 1921 suggerebat
2616 1852 2755 1905 inter
2780 1867 2838 1905 se
2866 1851 3153 1914 collocuti,
3200 1851 3362 1904 domo
3404 1864 3531 1918 pro-

1971 1942 2172 2007 deunt,
2212 1943 2424 2013 lugubri
2470 1953 2699 2006 ornatu,
2738 1943 3017 2013 oculisque
3068 1943 3429 2011 lacrymarum
3476 1940 3529 1995 vi

1971 2034 2340 2103 liquentibus;
2381 2044 2542 2105 atque
2573 2035 2637 2089 ad
2669 2035 2818 2089 littus
2848 2038 3183 2104 perveniunt.
3220 2034 3283 2088 Et
3311 2034 3527 2104 quidem

1970 2127 2153 2181 statim
2182 2126 2387 2182 recedit
2416 2141 2586 2192 mare,
2616 2127 2949 2195 prmstitutus
2975 2126 3091 2180 dies
3123 2139 3245 2179 cum
3279 2124 3516 2178 advenis-

1970 2208 2075 2273 set.
2113 2216 2426 2288 Sequuntur
2456 2228 2634 2272 autem
2672 2217 2747 2271 illi
2793 2216 2990 2287 primi,
3032 2224 3192 2285 atque
3230 2228 3259 2268 e
3303 2213 3528 2283 vestigio

1969 2310 2057 2365 alii
2087 2311 2289 2375 denuo,
2318 2310 2456 2363 mari
2487 2320 2743 2379 tanquam
2778 2308 2987 2363 itineris
3018 2308 3156 2363 duce
3188 2316 3421 2361 utentes.
3451 2307 3529 2361 Ac

1969 2403 2227 2472 templum
2254 2402 2385 2457 illud
2412 2418 2508 2456 sua
2533 2413 2724 2471 sponte
2750 2402 3072 2456 mdillcatum
3098 2439 3114 2464 ,
3160 2400 3268 2453 imo
3319 2416 3348 2453 a
3402 2407 3489 2452 tua
3510 2439 3525 2463 ,

1969 2493 2228 2560 Domine,
2271 2494 2534 2563 sapientia
2564 2494 2839 2547 conditum
2888 2492 3248 2560 attingentes,
3295 2496 3528 2542 cernunt

1967 2594 2194 2653 puerum
2220 2623 2235 2648 ,
2267 2597 2302 2638 ο
2328 2584 2683 2639 miraculum!
2712 2584 2893 2636 vivum
2921 2591 2973 2637 et
3001 2582 3278 2637 salientem
3310 2580 3361 2632 iu
3391 2588 3527 2632 tem-

1966 2676 2074 2745 plo.
2112 2674 2177 2729 Et
2206 2676 2383 2745 primo
2412 2676 2627 2745 quidem
2653 2675 2721 2729 de
2751 2674 2817 2729 iis
2852 2688 2973 2743 qua:
3010 2672 3371 2727 cernebantur
3410 2685 3526 2723 am-

1967 2764 2241 2834 bigebant,
2275 2773 2587 2833 reputantes
2616 2780 2741 2818 num
2771 2764 2912 2817 Illius
2938 2770 3079 2817 esset
3111 2762 3159 2815 id
3185 2763 3328 2831 quod
3360 2774 3531 2829 appa-

1965 2862 2128 2910 reret.
2185 2853 2480 2923 Postquam
2531 2870 2659 2908 vero
2715 2852 2931 2908 indiciis
2986 2862 3040 2907 et
3094 2852 3335 2923 gestibus
3393 2864 3529 2921 puer

1966 2946 2194 3000 omnino
2219 2946 2300 3001 eis
2329 2946 2485 3000 ﬁdem
2525 2944 2667 3012 fecit,
2696 2944 2948 3015 buncque
2979 2946 3154 3015 ipsqu
3196 2959 3315 2998 esse
3352 2942 3522 2996 lilium

1965 3036 2310 3092 crediderunt
2332 3078 2346 3103 ,
2376 3034 2663 3089 confestth
2698 3034 2930 3104 amplexi
2960 3049 3083 3087 eum
3106 3074 3120 3098 ,
3159 3039 3212 3086 ct
3255 3030 3431 3083 oculis
3461 3044 3524 3084 ac

1966 3128 2134 3183 labris
2169 3128 2507 3183 adbzerentes
2531 3168 2545 3192 ,
2574 3126 2839 3180 ﬂeverunt
2882 3124 2972 3181 diu
2999 3166 3014 3191 ,
3048 3124 3133 3179 bis
3166 3123 3415 3178 dulcibus
3446 3122 3524 3175 la-

1965 3217 2166 3287 crymis
2213 3232 2323 3287 prae
2375 3215 2573 3286 gaudio
2619 3216 2843 3280 etlusis,
2895 3229 3129 3285 eumque
3179 3215 3525 3269 vehementer

1964 3311 2120 3382 quasi
2147 3312 2295 3367 nudo
2325 3311 2509 3366 animo
2532 3308 2831 3367 deosculati
2859 3317 3003 3365 sunt.

2035 3575 2362 3633 CLXXVIII.
2398 3574 2599 3630 Deinde
2636 3589 2757 3628 cum
2792 3574 3013 3643 paulum
3048 3571 3396 3641 collegissent
3428 3583 3520 3636 se,

1963 3670 2174 3739 singula
2214 3669 2497 3738 diligenter
2528 3673 2787 3735 rogarunt
2816 3677 3041 3733 puerum
3062 3705 3077 3729 ,
3108 3677 3216 3731 quo
3244 3661 3407 3715 modo
3448 3659 3521 3713 ita

1964 3760 2284 3816 mirabiliter
2312 3764 2560 3813 servatus
2593 3753 2819 3818 fuisset,
2863 3766 2973 3821 quo
3002 3750 3338 3806 custodiente
3360 3789 3375 3815 ,
3412 3762 3523 3817 quo

1965 3851 2273 3914 nutriente,
2320 3861 2430 3917 quo
2472 3844 2683 3898 Iorento
2706 3884 2721 3910 ,
2760 3856 2870 3912 quo
2907 3840 3071 3893 vitam
3111 3847 3416 3909 praestante.
3454 3835 3524 3890 At

1966 3943 2056 3998 ille
2078 3942 2208 3997 laeva
2238 3938 2457 4009 quidem
2489 3950 2649 3989 manu
2679 3932 2913 3988 loculum
2949 3938 3160 3995 tenens,
3189 3926 3357 3982 altera
3392 3942 3522 3982 vero

1966 4034 2023 4088 in
2049 4048 2114 4088 eo
2139 4033 2408 4103 jacentem
2439 4026 2753 4083 ostendens:
2781 4023 2877 4079 llic
2904 4022 3059 4088 mihi,
3092 4020 3286 4090 inquit,
3318 4027 3373 4073 et
3401 4018 3523 4073 vita:

1966 4124 2209 4196 largitor,
2236 4132 2289 4177 et
2319 4120 2499 4184 aliter,
2529 4126 2581 4175 et
2604 4124 2788 4173 custos
2821 4113 2923 4169 fuit
2943 4155 2959 4180 ,
2994 4112 3135 4183 apud
3166 4126 3223 4165 se
3253 4124 3377 4164 vere
3398 4124 3522 4178 per-

1965 4226 2129 4289 petuo
2155 4231 2242 4271 me
2274 4227 2608 4271 conservans
2636 4226 2699 4265 ac
2726 4208 2984 4281 praeclare
3021 4204 3319 4261 enutriens.
3360 4200 3525 4255 Mira-

1967 4311 2092 4366 culo
2151 4308 2313 4379 igitur
2364 4303 2713 4361 inenarrabili
2762 4310 3013 4372 parentes
3069 4313 3192 4354 cum
3248 4294 3524 4363 voluptate

1968 4403 2143 4474 capti,
2167 4402 2402 4456 lamenta
2439 4399 2639 4469 priora,
2672 4404 2726 4480 et
2757 4392 2928 4449 tristia
2967 4392 3057 4446 illa
3086 4388 3292 4443 doloris
3322 4386 3482 4440 verba
3504 4426 3521 4452 ,

305 4485 487 4559 ἐκεῖνα
515 4502 752 4574 ῥήματα,
777 4499 855 4560 είς
879 4494 1204 4567 φαιδρότητα
1228 4494 1321 4546 καὶ
1344 4493 1685 4564 εὐχαριστίαν
1709 4492 1882 4580 μετέ-⁸

1970 4496 2022 4551 ἰη
2054 4494 2382 4549 hilaritatem
2413 4499 2467 4546 et
2496 4490 2790 4561 gratiarum
2833 4485 3101 4540 actionem
3140 4486 3520 4543 mutaverunt,

306 4597 486 4658 ϐαλον,
504 4590 873 4663 Θαυμαστὸς,
906 4589 1173 4657 λέγοντες,
1203 4590 1237 4641 ό
1263 4587 1404 4651 Θεὸς
1434 4586 1503 4638 ἐν
1526 4585 1648 4651 τοῖς
1675 4574 1881 4654 ἁγίοις⁷

1970 4589 2241 4645 dicentes:
2287 4583 2551 4638 Mirabilis
2582 4582 2721 4634 Deus
2754 4581 2807 4633 in
2837 4577 3032 4632 sanctis
3071 4575 3181 4630 suis
3203 4574 3279 4637 ’7,“
3316 4582 3367 4626 et
3394 4587 3523 4625 cutt-

306 4688 508 4753 αὐτσῦ,
534 4686 627 4740 καὶ
640 4686 738 4738 ὅσα
755 4682 879 4753 ἑξῆς
894 4678 1288 4752 προστιθέντες.
1321 4676 1735 4747 Ἐπανέρχονται
1756 4677 1866 4729 τοί-

308 4800 398 4835 νυν
442 4779 698 4852 μακάριοι
734 4776 829 4829 καὶ
870 4772 1099 4843 ζηλωτοὶ
1144 4770 1279 4843 πρὸς
1320 4769 1416 4840 τὴν
1454 4770 1659 4822 οίκίαν’
1704 4767 1762 4821 ὃν
1789 4768 1865 4832 ὡς

308 4873 496 4945 νεκρὸν
522 4869 797 4933 ἐπένθουν,
824 4867 917 4920 κει.)⁸
943 4864 1113 4933 τάφον
1149 4861 1296 4932 αὑτῴ
1320 4860 1599 4913 θαλαττίου
1625 4860 1863 4929 γαστέρα

1969 4676 2248 4749 sequentia
2304 4674 2582 4728 addentes.
2638 4669 2824 4739 Itaque
2874 4668 3016 4723 beati
3063 4680 3128 4720 ac
3178 4662 3525 4718 aemulatione

1967 4768 2113 4839 digni
2139 4766 2363 4821 redeunt
2393 4764 2616 4817 domum
2642 4779 2656 4815 :
2684 4775 2843 4830 quem
2869 4767 2926 4813 ut
2950 4766 3220 4812 mortuum
3247 4753 3521 4823 lugebant,

1967 4868 2021 4912 et
2046 4857 2133 4912 cui
2165 4856 2473 4925 sepulcrum
2502 4867 2624 4906 esse
2648 4859 2889 4905 ventrem
2922 4847 3113 4903 bellua:
3140 4844 3363 4899 marina:
3385 4856 3523 4913 pra:-

826 5032 827 5035 η
1584 4995 1830 5050 'VARLE
1870 4992 2262 5050 LECTIONES.

410 5102 457 5135 "
476 5102 549 5156 al.
590 5099 800 5173 πρῶτα.
892 5097 937 5127 ⁷⁸
983 5095 1053 5149 al.
1117 5092 1418 5163 ἐκχέοντες.
1491 5090 1538 5121 ’⁸⁸
1573 5090 1647 5143 al.
1712 5083 2040 5160 περιεσώθη.
2115 5088 2159 5120 ’⁷
2191 5086 2337 5140 Psal.
2375 5084 2651 5148 vau,‘56.
2688 5164 2697 5175 ο

1624 5229 1983 5287 VARIORUM
2029 5229 2254 5285 NOT/E.

376 5332 486 5401 (26)
544 5329 934 5401 νἈλλόμεγον.
969 5327 1044 5381 Ex
1076 5327 1375 5401 ἓξριητιξηιθΣ
1396 5326 1475 5401 At
1502 5324 1859 5401 Niceplrorus:

312 5394 761 5490 παρακαθῆμενον
802 5398 1051 5490 λάρνακι.
1099 5398 1162 5490 lg
1203 5414 1303 5450 ms.
1332 5396 1527 5490 ,2421⁵
1564 5397 1620 5447 ἐν
1651 5396 1721 5475 τῇ
1762 5394 1857 5447 τοῦ

308 5448 1449 5544 {gevgtgggav'esse.evagari...,
1492 5448 1853 5544 ἀονηιίειιείη.

312 5534 509 5613 Aspicit
540 5534 711 5610 ﬁlium
741 5541 793 5593 in
812 5558 885 5613 eo
909 5534 1028 5593 loco
1048 5580 1062 5602 ,
1093 5537 1180 5591 ubi
1208 5534 1323 5613 eum
1354 5537 1693 5613 dormientem
1728 5534 1845 5586 reli-

1967 5328 2142 5390 riuet’,
2174 5326 2460 5379 excitatum
2491 5321 2752 5385 velociter,
2786 5314 3393 5390 spectantibuspopulir,
3433 5313 3515 5390 in-

1963 5383 2217 5450 columem
2264 5396 2451 5449 levavit
2480 5395 2532 5445 in
2563 5391 2701 5444 ulnis
2724 5383 2746 5454 ,”
2780 5383 3107 5458 interrogans
3138 5383 3273 5458 inter
3296 5383 3510 5458 osenla,

1962 5469 2050 5520 ubi
2085 5483 2175 5535 per
2205 5468 2329 5519 anni
2362 5466 2546 5534 fuisse!
2575 5461 2769 5529 spatia.
2807 5455 3105 5535 Nescire“:
3134 5457 3229 5519 ait,
3260 5455 3307 5535 si
3344 5469 3512 5507 annua

1960 5525 2158 5606 integer
2192 5525 2573 5606 prwleriisset;
2601 5525 2823 5606 tantum
2852 5530 3116 5606 dormisse
3146 5525 3293 5577 suavi
3331 5538 3511 5606 sopore

308 5596 511 5685 ὶίάέεέάι,
534 5596 588 5665 in
614 5614 726 5685 ipso
751 5611 921 5663 adhuc
943 5596 1335 5685 δοροι-ειιεηεηνίἶ
1362 5605 1658 5685 Λῖειὶηιαιιρ
1680 5613 1854 5685 autem
1957 5610 2009 5661 in
2040 5596 2203 5661 u'nius'
2226 5608 2391 5660 noctis
2423 5605 2592 5673 spatio
2637 5600 2953 5656 mtimabal.
3006 5597 3095 5651 Sic
3135 5603 3285 5649 vetus
3322 5612 3341 5648 ι
3372 5596 3509 5648 κίκι.

310 5673 423 5739 cum
455 5673 565 5737 esse
591 5673 915 5748 defunctum,
944 5673 1159 5732 accessit
1201 5678 1457 5738 cominus,
1487 5676 1639 5748 quasi
1668 5673 1853 5726 vallec-

313 5768 430 5810 mra
457 5747 679 5807 eadarer
701 5754 971 5805 exanime:
999 5752 1086 5803 sed
1117 5765 1231 5801 eum
1261 5764 1378 5799 eum
1409 5747 1636 5799 dormire
1665 5760 1850 5814 cogno-

1955 5680 2091 5733 Cor.
