4066 6330
197 5835 222 5908 ,1

247 327 348 381 605

1701 339 2095 396 LITURGICA.

3381 344 3487 396 606

817 510 1398 603 LITUBGIA
1484 515 1577 604 S.
1661 515 2334 606 CLEMENTIS
2416 515 2922 608 ROMANI.

610 707 850 762 Primum
888 709 1075 765 Oratio
1105 721 1224 764 ante
1256 712 1468 766 Pacem.

324 798 465 854 Deus
491 799 587 869 qui
611 817 670 855 es
699 816 849 855 mare
882 801 1151 855 ineﬁ‘ahile
1178 803 1479 866 charitatis,
1504 812 1557 858 et
1585 804 1816 874 abyssus

254 890 750 959 imperscrutabilis
778 892 948 960 pacis,
983 890 1105 946 fons
1154 892 1446 958 bonorum,
1493 904 1544 949 et
1592 895 1817 965 largitor

251 982 578 1047 dilectionis,
610 983 702 1052 qui
726 983 894 1038 mittis
919 999 1103 1053 pacem
1130 984 1196 1037 ad
1226 986 1348 1040 illos
1378 987 1469 1056 qui
1494 1003 1613 1040 eam
1638 988 1817 1040 susci-

251 1073 432 1141 piunt:
451 1073 603 1141 aperi
637 1073 794 1129 nobis
823 1075 925 1129 hoc
949 1083 1190 1142 tempore
1217 1091 1366 1130 mare
1396 1077 1681 1131 charitatis
1712 1086 1818 1132 tua:

249 1175 302 1219 et
331 1163 496 1235 irriga
523 1180 624 1219 nos
645 1165 862 1220 ﬂuentis
891 1166 1200 1234 ditissimis,
1237 1185 1302 1222 ex
1336 1169 1580 1224 ubertate
1631 1169 1818 1237 gratia:

249 1269 378 1322 tute,
433 1267 486 1311 et
535 1272 600 1310 ex
649 1255 892 1312 fontibus
928 1260 1271 1314 suavissimis
1303 1261 1652 1328 benignitatis
1689 1271 1812 1316 tute.

249 1345 355 1402 Fac
403 1363 504 1401 nos
534 1347 675 1402 ﬁlios
706 1350 1116 1419 tranquillitatis
1156 1361 1210 1406 et
1242 1353 1482 1408 haeredes
1523 1355 1692 1422 pacis,
1726 1370 1817 1410 ac-

248 1437 420 1492 cende
447 1438 502 1491 in
561 1438 718 1493 nobis
749 1439 923 1510 ignem
974 1441 1260 1495 charitatis
1307 1452 1432 1508 tuae,
1467 1452 1521 1497 et
1549 1443 1813 1498 fervorem
1885 1496 1895 1506 ,

248 1529 455 1583 amoris
485 1529 584 1583 tui.
610 1530 739 1584 Sere
769 1533 822 1584 in
841 1533 996 1586 nobis
1019 1534 1267 1587 timorem
1294 1543 1534 1599 tuum,et
1552 1535 1814 1590 conﬁrma

248 1617 622 1673 inﬁrmitatem
667 1630 906 1675 nostram
943 1623 1169 1676 veritate
1201 1629 1312 1676 tua.
1345 1622 1675 1695 Constringe
1714 1639 1816 1679 nos

247 1718 451 1775 tecum,
499 1720 551 1764 et
596 1712 878 1766 nobiscum
922 1713 1178 1777 invicem,
1223 1731 1352 1781 una,
1401 1717 1669 1786 ﬁrmaque
1717 1733 1815 1773 nec

245 1803 557 1859 dissolubili
593 1805 905 1859 concordia.
935 1804 1138 1860 Praesta
1165 1807 1331 1862 etiam
1377 1816 1437 1862 ut
1460 1809 1615 1863 vacui
1662 1809 1811 1876 dolo,

245 1907 297 1952 et
325 1898 449 1966 puri
473 1897 542 1951 ab
565 1899 713 1952 omni
746 1899 933 1964 livore,
959 1900 1260 1954 salutemus
1289 1900 1516 1955 invicem
1546 1901 1599 1954 in
1627 1904 1814 1958 osculo

244 1990 562 2059 etamplexu
582 1990 730 2059 pacis
751 1999 804 2042 et
823 1990 1103 2045 charitatis
1123 2006 1230 2044 non
1254 1991 1408 2058 ﬁctae,
1424 2001 1483 2046 ut
1506 2009 1631 2048 cum
1649 1995 1812 2050 corde

245 2094 381 2148 puro
412 2087 464 2132 et
495 2081 678 2132 anima
700 2081 924 2145 munda,
955 2081 1042 2134 hic
1062 2083 1277 2151 quidem
1307 2083 1663 2138 arrhabonem
1691 2086 1811 2141 vitae

243 2171 508 2226 membris
539 2171 744 2226 nostris
783 2172 1130 2239 misceamus,
1172 2183 1225 2228 et
1256 2174 1366 2228 illic
1395 2175 1449 2228 in
1479 2174 1666 2230 futuro
1711 2193 1804 2232 sa:-

243 2263 370 2316 culo
399 2263 605 2316 invitati
643 2264 815 2318 simus
841 2263 906 2316 ad
940 2263 1137 2319 festum
1169 2265 1298 2318 illud
1347 2277 1669 2336 perpetuum
1709 2271 1809 2324 de-

243 2352 498 2421 liciisque
523 2350 1056 2406 abundantissimum
1086 2369 1098 2403 :
1146 2362 1201 2405 et
1230 2353 1630 2422 triumphaliter
1663 2356 1808 2410 cele-

243 2441 469 2496 bremus
497 2453 563 2508 te,
597 2457 629 2495 o
657 2443 832 2508 beate,
871 2443 924 2496 in
958 2458 1123 2510 regno
1147 2450 1261 2508 tuo,
1291 2443 1437 2512 quod
1463 2444 1516 2496 in
1545 2455 1808 2500 aeternum

243 2545 546 2602 permanet.
576 2543 629 2588 et
654 2533 994 2604 unigenitum
1026 2533 1222 2588 Filium
1263 2544 1438 2597 tuum.
1460 2547 1514 2591 et
1545 2535 1804 2607 Spiritum

242 2633 400 2678 tuum
439 2635 713 2680 sanctum.

312 2715 573 2785 Populus.
604 2716 798 2770 Amen.

310 2806 594 2862 Sacerdos.
619 2807 750 2862 Pax.

311 2898 571 2969 Populus.
607 2899 670 2954 Et
696 2917 818 2955 cum
846 2903 1036 2972 spiritu
1067 2913 1180 2960 tuo.

310 2991 601 3046 Diaconus.
637 2991 734 3048 Det
766 2997 1143 3067 unusquisque
1174 3012 1383 3068 pacem.

312 3083 568 3154 Populus.
602 3084 823 3142 Omnes.

307 3174 604 3231 Diaconus.
639 3176 788 3243 Post,
820 3187 922 3233 etc.

308 3264 571 3334 Poputus.
601 3267 866 3324 Coramte
889 3269 1136 3327 Domine.

1854 715 1900 771 Α
1931 727 2059 765 num
2107 722 2441 766 nostrarum.
2476 711 2643 765 lndue
2687 726 2787 763 nos
2825 709 2961 763 stola
3011 723 3150 761 nova
3195 719 3480 768 intertexta

1919 793 2117 858 orna-tu
2152 821 2362 858 morum
2398 805 2748 857 honestorum
2779 819 2791 854 :
2817 811 2868 855 et
2903 817 2995 869 per
3033 799 3292 869 Spiritum
3327 812 3478 858 tuum

1919 907 2165 951 sanctum
2199 897 2560 965 perﬁcientem
2591 895 2796 958 omnia,
2822 894 2912 963 qui
2949 893 2999 945 in
3026 893 3282 947 omnibus
3330 911 3482 947 men-

1918 989 2064 1043 tibus
2092 991 2241 1058 puris
2279 990 2510 1054 habitat,
2546 1000 2593 1042 et
2636 989 2688 1040 in
2730 987 3016 1040 animabus
3055 987 3271 1040 mundis
3297 988 3480 1041 sedem

1919 1081 2105 1146 habet,
2137 1081 2416 1135 sanctiﬁca
2461 1096 2561 1134 nos
2594 1095 2688 1148 per
2736 1079 2989 1149 gratiam,
3022 1078 3478 1136 misericordiam.

1917 1182 1970 1227 et
2001 1188 2239 1227 amorem
2291 1189 2416 1242 erga
2461 1173 2710 1226 homines
2750 1170 3011 1240 unigeniti
3057 1169 3178 1224 Filii
3226 1170 3303 1224 tui
3337 1187 3350 1223 :
3386 1186 3484 1239 per

1916 1278 2076 1333 quem
2104 1274 2154 1316 et
2178 1279 2300 1317 eum
2324 1278 2432 1331 quo
2456 1272 2504 1317 te
2524 1263 2680 1317 decet
2697 1262 2886 1332 gloria,
2915 1271 3023 1316 etc.

1987 1353 2241 1422 Populus.
2281 1354 2472 1407 Amen.

1988 1444 2276 1498 Diaconus.
2307 1445 2526 1499 Stemus
2553 1445 2825 1499 decenter.

1989 1537 2240 1605 Populus.
2273 1537 2676 1592 Misericordiae.

1988 1626 2270 1683 Sacerdos.
2296 1628 2570 1682 Charitas.

1986 1718 2243 1788 Populus.
2275 1717 2489 1773 Etcum
2515 1717 2707 1787 spiritu
2742 1726 2857 1772 tuo.

1985 1810 2260 1866 Sacerdos.
2294 1810 2523 1865 Sursum
2549 1811 2733 1865 corda.

1985 1901 2240 1968 Populus.
2274 1900 2550 1956 Habemus
2583 1901 2648 1954 ad
2680 1899 2992 1955 Dominum.

1987 1991 2264 2046 Sacerdos.
2289 1989 2502 2045 Gratias
2530 2006 2756 2060 agamus
2788 1989 3038 2044 Domino.

1983 2077 2241 2148 Populus.
2270 2079 2500 2149 Dignqu
2527 2090 2580 2133 et
2605 2080 2814 2149 justum
2847 2093 2950 2134 est.

1984 2170 2262 2226 Sacerdos.
2305 2171 2380 2228 Te
2431 2174 2574 2227 enim
2618 2173 2774 2227 decet
2804 2173 2975 2243 gloria
3016 2181 3069 2227 et
3110 2173 3203 2226 tibi
3254 2173 3481 2227 debetur

1912 2263 2153 2319 laudatio
2183 2281 2196 2316 :
2228 2274 2279 2318 te
2309 2265 2463 2320 decet
2492 2266 2726 2336 hymnus
2756 2277 2808 2320 et
2839 2265 3100 2320 exaltatio
3133 2281 3480 2336 quocumque

1911 2363 2174 2424 tempore,
2221 2353 2458 2421 Patrem,
2508 2355 2730 2422 Filium,
2779 2367 2834 2412 et
2887 2357 3150 2426 Spiritum
3204 2367 3480 2425 sanctum,

1909 2443 2078 2498 Deum
2104 2461 2314 2511 verum,
2340 2446 2504 2501 unius
2529 2455 2736 2500 natura:
2759 2449 3006 2514 excelsae,
3039 2449 3201 2502 unius
3224 2449 3480 2503 substan-

1925 2540 2031 2606 tiae,
2064 2539 2158 2609 qui
2186 2539 2240 2593 in
2283 2535 2537 2592 :‘ersonis
2575 2535 2752 2590 tribus
2778 2533 3023 2589 adoraris
3052 2543 3106 2590 et
3151 2535 3388 2595 laudaris
3418 2541 3490 2597 ab

1921 2630 2197 2694 omnibus,
2223 2645 2345 2698 qua:
2369 2643 2466 2699 per
2496 2627 2811 2698 sapientiam
2844 2626 3038 2680 creasti
3066 2635 3119 2680 et
3146 2628 3431 2685 ordinasti.

1979 2717 2235 2772 Sacerdos
2252 2719 2456 2774 elevans
2482 2736 2675 2774 vocem.
2711 2720 3092 2775 Benedicimus
3130 2730 3180 2774 te
3216 2719 3478 2774 factorem

1908 2812 2231 2866 saeculorum
2253 2821 2306 2866 et
2331 2824 2631 2866 creatorem
2659 2822 3001 2878 naturarum,
3023 2813 3336 2882 largitorem
3358 2812 3480 2866 vita

1907 2910 1961 2954 et
1990 2901 2282 2956 Dominum
2303 2913 2682 2958 creaturarum
2715 2904 3008 2958 visibilium
3028 2913 3080 2958 et
3105 2904 3476 2958 invisibilium.

1906 2993 2040 3049 Caeli
2072 2997 2356 3060 caelorum,
2395 3006 2448 3050 et
2482 3013 2820 3068 quaecunque
2874 2999 2928 3052 in
2977 2999 3086 3053 illis
3141 3007 3290 3064 sunt,
3349 3014 3475 3053 cum

1907 3086 2121 3140 naturis
2159 3086 2334 3157 igneis
2364 3097 2418 3142 et
2451 3089 2830 3158 spiritualibus
2868 3100 2918 3145 te
2949 3091 3277 3162 gloriﬁcant.
3309 3090 3401 3144 Sol
3423 3098 3480 3145 et

1909 3176 2036 3230 luna
2066 3177 2326 3233 cursibus
2357 3180 2474 3234 suis
2512 3189 2562 3234 te
2588 3191 2918 3236 venerantur
2951 3199 2964 3234 :
2991 3182 3160 3236 stellae
3188 3183 3479 3252 splendore

1907 3282 2012 3322 suo
2043 3278 2092 3323 te
2122 3272 2422 3338 praedicant
2453 3289 2466 3326 :
2504 3273 2750 3326 tonitrua
2783 3273 2932 3328 sonis
2963 3274 3079 3328 suis
3124 3283 3354 3338 terrent,
3405 3274 3474 3328 ad

308 3355 568 3411 Sacerdos
615 3358 821 3414 elevans
864 3376 1056 3415 uocem.
1108 3362 1253 3417 Deus
1285 3361 1596 3427 invisibilis,
1629 3369 1682 3415 et
1722 3361 1804 3414 in-
1830 3383 1876 3446 ε
1911 3360 2223 3414 mandatum
2273 3371 2426 3416 tuum
2456 3381 2469 3416 :
2496 3372 2678 3418 motus
2728 3364 2779 3417 in
2831 3378 2956 3419 aere
3007 3365 3263 3419 virtutem
3323 3375 3473 3420 tuam

238 3450 771 3518 comprehensibilis,
807 3453 1095 3509 ineﬁabilis
1117 3464 1171 3508 et
1197 3455 1426 3520 inﬁnite,
1459 3453 1553 3523 qui
1582 3454 1634 3507 in
1665 3451 1804 3506 San-

239 3541 343 3596 ctis
369 3551 690 3597 sanctorum
716 3545 948 3600 excelsis
979 3546 1218 3611 habitas,
1251 3547 1304 3599 in
1356 3555 1565 3599 secreto
1593 3544 1805 3597 habita-

237 3633 386 3698 culo,
433 3635 578 3704 quod
617 3637 869 3691 manibus
902 3636 1103 3691 factum
1134 3653 1240 3692 non
1273 3646 1375 3702 est,
1414 3652 1578 3705 supra
1632 3637 1803 3690 caelos

237 3726 529 3792 caelorum,
556 3737 608 3781 et
641 3743 805 3798 supra
829 3729 1092 3798 quidquid
1119 3730 1372 3799 superius
1402 3729 1510 3784 illis
1559 3737 1674 3795 est;
1710 3730 1803 3799 qui

236 3817 480 3872 destruis
507 3834 723 3873 omnem
773 3821 1112 3875 altitudinem
1167 3823 1484 3891 passionum
1540 3821 1806 3876 extollen-

237 3917 348 3962 tem
376 3924 436 3962 se
477 3910 736 3966 adversus
769 3913 1051 3966 scientiam
1085 3923 1255 3974 tuam,
1289 3924 1343 3968 et
1373 3915 1617 3982 captivas
1685 3929 1806 3968 om-

236 4016 362 4054 nem
396 4001 780 4071 cogitationem
815 4006 882 4057 ad
915 4004 1147 4059 formam
1182 4006 1508 4060 humilitatis
1548 4016 1602 4060 et
1649 4007 1805 4060 adni-

239 4093 522 4148 hilationis
576 4105 698 4152 tum.
752 4095 832 4149 Tu
887 4097 1227 4162 beatissime,
1269 4107 1323 4152 et
1350 4097 1501 4152 dives
1534 4099 1803 4152 donorum

237 4186 581 4251 sublimium,
612 4189 796 4258 aspice
833 4204 934 4243 nos
963 4204 993 4243 e
1038 4189 1191 4244 caelis
1238 4190 1346 4243 tuis
1386 4189 1716 4243 sublimibus
1751 4197 1805 4243 et

237 4277 560 4346 splendidis,
591 4288 644 4332 et
664 4294 730 4332 ex
765 4279 1100 4334 habitatione
1132 4281 1279 4348 regni
1314 4282 1391 4335 tui
1429 4281 1635 4335 aaterni.
1656 4280 1806 4336 Mitte

235 4373 399 4426 nobis
427 4374 571 4427 dona
603 4374 791 4443 gratia:
818 4383 921 4428 tuae
947 4375 1166 4442 divinaa,
1193 4376 1646 4432 inhabitationem
1677 4376 1803 4446 Spi»

234 4467 376 4520 ritus
409 4466 487 4519 tui
514 4467 688 4520 sancti
715 4483 728 4518 :
772 4467 900 4536 quia
931 4477 987 4521 tu
1032 4468 1184 4522 dives
1223 4469 1722 4523 misericordiarum
1751 4481 1806 4524 et

235 4557 566 4629 magniﬁcus
595 4559 649 4612 in
677 4559 857 4624 donis,
883 4569 934 4612 et
964 4560 1311 4629 amplissima:
1332 4561 1649 4626 clementiae,
1676 4562 1802 4614 tibi-

236 4665 343 4718 que
381 4648 611 4718 gloriam
665 4658 719 4703 et
761 4650 1058 4719 gratiarum
1107 4650 1375 4704 actionem
1410 4650 1717 4714 olle-rimus,
1750 4659 1803 4705 et

233 4740 519 4808 unigenito
545 4737 682 4793 Filio
719 4749 834 4804 tuo,
874 4748 975 4794 etc.

300 4829 567 4898 Populus.
596 4829 786 4884 Amen.

304 4921 590 4977 Sacerdos.
615 4922 843 4976 Domine
875 4921 1017 4977 Deus
1044 4932 1257 4992 potens,
1281 4924 1374 4994 qui
1399 4926 1547 4981 vides
1571 4929 1804 4983 abscon-

231 5014 373 5074 dita,
404 5021 460 5066 et
511 5012 694 5066 futura
723 5014 887 5067 etiam
921 5023 1198 5082 penetras,
1243 5014 1366 5070 fons
1413 5017 1537 5070 vitae
1570 5027 1624 5070 et
1649 5020 1802 5090 origo

233 5108 395 5161 beata
425 5106 845 5161 heatitudiniset
868 5107 1156 5171 bonitatis;
1187 5107 1410 5177 largitor
1446 5110 1717 5177 puritatis,
1747 5118 1800 5165 et

233 5215 262 5252 a
307 5213 422 5268 quo
470 5198 732 5253 sanctitas
763 5198 927 5252 habet
957 5199 1254 5268 originem;
1296 5200 1585 5255 thesaurus
1615 5217 1796 5255 rerum

247 5293 640 5362 pretiosarum,
668 5301 720 5344 et
746 5290 871 5345 fons
901 5292 1183 5361 sapientia:
1201 5310 1212 5345 :
1233 5302 1384 5361 pater
1402 5293 1538 5347 lucis
1562 5305 1795 5362 auertite,

234 5395 359 5450 qua:
389 5390 477 5434 est
526 5390 651 5432 ante
704 5383 889 5434 omnia
948 5382 1146 5436 szecula
1199 5382 1251 5435 in
1307 5391 1356 5436 te
1411 5385 1794 5453 essentialiter,

233 5471 464 5542 aqualis
501 5472 742 5541 potentia
765 5480 819 5526 et
841 5472 1031 5540 gloria.
1072 5472 1147 5527 Te
1174 5473 1532 5542 deprecamur
1562 5477 1794 5532 sanctis-

234 5564 378 5620 sime
427 5563 697 5630 Domine,
746 5565 1021 5620 sanetiﬁca
1073 5574 1283 5621 mentes
1335 5574 1389 5621 et
1440 5568 1797 5638 cogitationes

239 5655 486 5710 omnium
517 5666 786 5723 nostrum,
825 5658 1024 5712 munda
1062 5658 1276 5714 animas
1310 5668 1363 5713 et
1405 5674 1634 5730 corpora
1681 5676 1799 5713 om-

243 5750 392 5805 nium
431 5759 700 5816 nostrum,
751 5749 958 5805 reircna
1005 5749 1460 5805 inordinationem
1514 5749 1796 5822 rogitatio-

1906 3450 2216 3519 signiﬁcant
2245 3469 2257 3504 :
2292 3467 2448 3521 aqua:
2492 3453 2545 3506 in
2579 3454 2816 3509 nubibus
2862 3464 2999 3509 nutu
3033 3465 3125 3510 tuo
3149 3466 3423 3527 coguntur
3456 3471 3471 3507 :

1905 3551 2049 3597 terra
2076 3553 2130 3598 et
2157 3559 2495 3615 quacunque
2549 3561 2712 3615 super
2738 3562 2856 3599 eam
2889 3557 3036 3614 sunt,
3071 3564 3100 3602 a
3139 3557 3191 3602 te
3221 3550 3472 3618 pendent,

1906 3642 2068 3704 atque
2097 3650 2127 3688 a
2161 3644 2211 3688 te
2242 3645 2620 3690 sustentantur
2659 3655 2672 3690 :
2713 3647 2921 3691 natura:
2958 3640 3274 3704 rationales,
3307 3650 3360 3694 et
3387 3656 3476 3693 ra.

1905 3729 2053 3783 tione
2083 3737 2351 3793 carentes,
2384 3727 2490 3781 illa:
2515 3743 2636 3796 qua:
2664 3727 3040 3797 intelligentia,
3096 3740 3150 3784 et
3189 3745 3309 3800 quae
3351 3730 3473 3785 solo

1905 3833 2069 3872 sensu
2098 3816 2334 3886 praedita:
2362 3825 2510 3882 sunt,
2535 3831 2628 3884 per
2650 3825 2699 3870 te
2723 3816 2931 3884 vivunt,
2956 3825 3010 3871 et
3041 3819 3293 3887 potestati
3319 3819 3472 3888 regni

1907 3909 1984 3963 tui
2015 3908 2295 3962 obediunt.
2345 3907 2543 3974 Habes,
2574 3907 2824 3974 Domine,
2858 3909 2910 3962 in
2945 3911 3084 3964 ccelo
3127 3910 3220 3963 illo
3250 3911 3471 3964 excelso

1904 4001 2052 4071 quod
2074 4011 2154 4057 est
2178 4002 2474 4056 scabellum
2506 4002 2608 4056 sub
2639 4001 2870 4071 pedibus
2895 4001 3025 4067 tuis,
3059 4001 3337 4056 ministros
3384 4001 3471 4054 in-

1905 4097 2295 4163 numerabiles,
2327 4107 2378 4151 et
2405 4096 2677 4150 inﬁnitum
2715 4111 3002 4149 numerum
3030 4095 3367 4149 laudantium
3396 4104 3468 4162 te,

1905 4189 1997 4258 qui
2031 4188 2083 4241 in
2115 4187 2428 4256 regionibus
2459 4189 2702 4244 materia:
2728 4187 3063 4256 expertibus,
3117 4186 3262 4239 laudi
3297 4185 3470 4253 maje-

1905 4281 2060 4333 statis
2095 4288 2222 4344 tum,
2254 4290 2307 4334 et
2339 4281 2644 4336 ministerio
2677 4290 2770 4335 tuo
2797 4280 2892 4335 toti
2923 4279 3124 4333 addicti
3167 4286 3314 4344 sunt,
3346 4294 3471 4348 per—

1905 4387 2071 4427 sonas
2097 4373 2323 4438 scilicet,
2350 4387 2472 4442 quae
2500 4388 2565 4428 ex
2595 4375 2718 4444 igne
2747 4382 2801 4428 et
2842 4373 3035 4442 spiritu
3065 4379 3261 4426 creatae
3292 4378 3418 4426 sunt
3452 4390 3466 4426 :

1905 4478 2027 4532 quae
2065 4465 2293 4518 canticis
2309 4464 2552 4518 omnium
2584 4464 2808 4518 musica:
2825 4479 3105 4534 generum,
3133 4462 3321 4516 laudes
3347 4471 3469 4515 tuas

1904 4571 2029 4608 cum
2056 4556 2294 4610 clamore
2323 4556 2624 4622 celebrant,
2658 4555 2863 4608 milleni
2913 4564 2968 4610 et
3009 4555 3191 4608 decies
3231 4553 3466 4618 milleni,

1904 4649 1996 4716 qui
2050 4649 2118 4703 ab
2163 4657 2366 4702 aeterno
2419 4648 2631 4705 fruetus
2676 4647 3008 4703 laudationis
3053 4648 3152 4702 tibi
3194 4647 3466 4712 deferunt,

1831 4731 1876 4786 D
1906 4740 2122 4806 agmina
2157 4750 2209 4794 et
2241 4742 2464 4795 ordines
2488 4740 2853 4809 spiritualium
2891 4739 2944 4792 in
2975 4754 3107 4793 suos
3137 4740 3356 4794 ordines
3387 4739 3470 4792 di-

1905 4833 2289 4898 stributorum,
2323 4834 2416 4901 qui
2446 4833 2677 4903 hymnos
2723 4832 2997 4902 jucundos
3043 4831 3140 4886 tibi
3191 4831 3463 4885 oﬁ'erunt:

1905 4934 2079 4980 canus
2127 4926 2466 4995 angelorum,
2500 4925 2832 4994 ordinesque
2859 4924 3337 4994 archangelorum,
3372 4924 3465 4991 qui

1903 5017 1998 5069 tibi
2025 5017 2118 5070 uni
2147 5016 2257 5070 Deo
2302 5015 2517 5068 laudem
2548 5031 2742 5068 novam
2787 5024 2841 5068 et
2885 5015 3282 5069 indesinentem
3326 5012 3466 5065 refe-

1902 5115 2029 5158 runt
2055 5124 2068 5159 :
2102 5104 2306 5158 Throni
2341 5116 2394 5158 et
2422 5103 2834 5158 Dominationes
2865 5104 3253 5158 inﬁrmissima
3272 5111 3326 5156 et
3355 5116 3464 5154 non

1901 5196 2254 5266 perturbahili
2281 5195 2571 5250 securitate
2589 5196 2894 5260 constituti,
2921 5195 3014 5263 qui
3033 5194 3245 5249 cantica
3271 5192 3466 5244 trium-

1901 5291 2081 5359 phalia
2111 5289 2407 5344 concinunt
2430 5288 2549 5354 tibi,
2565 5303 2909 5357 summopere
2933 5286 3193 5341 timendo.
3215 5283 3431 5337 Archau
3449 5309 3465 5319 ο

1901 5382 2002 5451 geli
2029 5390 2083 5436 et
2110 5382 2359 5444 virtutes,
2395 5379 2846 5448 Potestatumque
2874 5373 3274 5448 principes,qui
3293 5373 3462 5442 gloria

1900 5474 2245 5528 Thronorum
2275 5481 2632 5538 exornantur,
2663 5470 2960 5538 laudesque
2989 5477 3044 5522 et
3070 5465 3313 5522 encomia
3342 5464 3465 5536 dig-

1904 5565 2131 5619 nissima
2162 5573 2321 5634 prout
2343 5565 2497 5618 decet
2526 5564 2769 5634 dirigunt
2789 5561 2855 5614 ad
2883 5559 3098 5613 inﬁmos
3118 5558 3318 5629 gradus
3342 5557 3464 5613 solii

1907 5656 2005 5710 tui.
2038 5654 2382 5723 Principatus
2400 5653 2710 5724 spirituales
2725 5651 2817 5721 qui
2843 5666 3027 5705 coram
3047 5659 3096 5704 te
3119 5664 3242 5703 cum
3270 5649 3462 5703 timore

1906 5749 2237 5814 consistunt,
2291 5747 2659 5802 indesinenter
2701 5743 3046 5798 sanctilicant
3099 5742 3305 5797 tonitru
3337 5755 3464 5797 sano
