4066 6330
615 379 722 440 απ.

1423 385 1484 444 s.
1526 383 1908 444 CLEMENTIS
1945 386 1966 440 Ι
2006 372 2168 443 non.
2204 387 2398 444 PONT.
2440 389 2665 444 OPERA
2703 388 2928 446 uuam.
3707 389 3794 443 me.

617 503 824 559 ctitatis
855 514 981 560 tua}.
1015 507 1222 563 Currus
1266 510 1462 580 igneus
1485 509 1802 569 anima-lium
1838 513 2178 585 quadruplici
2206 518 2253 574 Α
2349 513 2606 583 Populus.
2631 514 2824 568 Amen.

620 593 759 648 faeie
787 598 1194 667 distinctorum,
1229 603 1784 676 similitudinibusque
1819 607 2052 662 diversis
2081 606 2180 661 do-

619 701 816 740 norum
853 689 1039 759 gloria:
1077 691 1438 760 diversorum,
1475 696 1726 752 decorem
1767 699 1916 766 regni
1964 698 2040 751 tui
2069 699 2180 752 cla-

619 789 771 833 mant
802 795 816 830 :
852 781 1066 850 agmina
1099 783 1390 839 Cherubim
1422 788 1604 843 multis
1619 788 1790 842 oculis
1807 789 2175 858 przeditorum,

619 868 673 922 iu
715 870 982 926 circulum
1015 890 1174 930 voces
1201 875 1596 933 benedictionis
1634 880 1688 933 in
1723 880 1996 949 regionem
2028 890 2175 934 tuam

618 959 991 1016 absconditam
1025 966 1297 1020 extollunt
1328 984 1340 1017 :
1371 966 1655 1036 Seraphim
1712 968 1896 1022 multis
1945 967 2046 1021 alis
2089 968 2178 1020 iu-

619 1053 832 1119 structi,
861 1055 951 1124 qui
985 1056 1148 1110 facies
1183 1073 1311 1111 suos
1340 1058 1530 1112 iisdem
1559 1060 1660 1113 alis
1688 1060 1803 1114 suis
1832 1069 2116 1129 protegunt
2145 1076 2176 1114 a

618 1146 906 1214 splendore
953 1157 1064 1213 tuo,
1114 1160 1167 1203 et
1207 1150 1366 1218 pedes
1397 1167 1528 1205 suos
1564 1152 1755 1220 pennis
1783 1167 2004 1221 quoque
2057 1152 2172 1207 suis

619 1248 823 1310 tegunt,
856 1250 915 1295 ut
954 1257 1058 1294 non
1095 1242 1394 1296 adUrantur
1431 1243 1499 1296 ab
1522 1244 1715 1298 ardore
1745 1243 1885 1312 ignis
1911 1244 1987 1296 tui
2020 1243 2174 1296 inac-

617 1332 910 1398 cessibilis,
957 1342 1006 1386 et
1049 1333 1294 1388 volantes
1345 1335 1705 1404 undequaque
1751 1333 1995 1400 laudant,
2030 1343 2083 1388 et
2108 1333 2175 1388 ad

617 1422 936 1475 alterutrum
988 1423 1091 1477 alis
1136 1425 1455 1492 plaudentes
1512 1424 1880 1490 benedicuut,
1934 1436 1988 1480 et
2042 1426 2178 1479 alter

615 1513 767 1566 alteri
799 1514 1118 1568 conformati
1144 1515 1446 1586 glorificant
1467 1535 1480 1570 :
1502 1526 1554 1571 et
1575 1533 1716 1571 unus
1742 1517 1810 1571 ab
1835 1518 2005 1571 altero
2031 1517 2181 1588 hym-
2205 1520 2214 1531 '

615 1617 744 1655 num
790 1603 1172 1673 suscipientes,
1218 1605 1407 1661 oribus
1453 1606 1646 1677 igneis,
1679 1607 1986 1677 linguisque
2030 1607 2178 1662 flam-

615 1695 774 1760 meis,
816 1710 923 1749 una
971 1711 1100 1750 voce
1134 1697 1416 1766 triplicata:
1454 1697 1902 1753 sanctificationis
1933 1699 2174 1765 laudant,

615 1786 872 1852 clamant,
897 1785 1285 1853 vociferantur,
1312 1799 1365 1842 et
1387 1789 1599 1844 dicunt.

688 1876 943 1945 Populus.
985 1878 1237 1944 Sanctus,
1267 1889 1510 1943 sanctus.
1549 1892 1794 1939 sanctus.

686 1963 940 2021 Sacerdos
965 1968 1265 2022 inclinatus.
1301 1969 1534 2025 Sanctus
1574 1987 1632 2027 es
1657 1971 1800 2026 Deus
1829 1971 2009 2035 Pater,
2047 1986 2178 2026 san-

618 2065 737 2112 ctus
767 2073 826 2112 es
863 2057 1006 2113 Deus
1037 2059 1161 2125 Fili,
1199 2071 1422 2116 sanctus
1453 2077 1512 2118 es
1546 2061 1782 2133 Spiritus
1815 2073 2022 2126 sancte,
2059 2061 2179 2116 Tri-

616 2147 760 2202 nitas
797 2158 985 2203 sancta
1017 2159 1070 2203 et
1103 2150 1357 2214 indivisa,
1397 2169 1538 2207 unus
1578 2152 1719 2209 Deus
1753 2154 1906 2208 solus
1955 2163 2007 2208 et
2053 2169 2180 2207 san-

615 2251 737 2296 ctus
767 2258 847 2306 es,
881 2242 934 2295 in
960 2251 1154 2296 natura
1185 2260 1197 2295 :
1234 2243 1326 2311 qui
1353 2244 1404 2296 in
1439 2243 1890 2300 Personistribus
1908 2246 2182 2311 adoraris,

614 2346 668 2388 et
697 2335 750 2389 in
785 2335 989 2390 unitate
1018 2337 1338 2391 substantia:
1376 2338 1715 2408 glorificaris.
1752 2337 1808 2392 ln
1845 2339 2181 2409 quibuscun-

616 2442 722 2496 que
749 2426 885 2482 iocis
915 2436 966 2481 et
991 2428 1178 2481 mundi
1228 2428 1497 2500 partibus,
1532 2447 1641 2484 non
1675 2429 1948 2485 sufficiunt
1982 2431 2046 2482 ad
2081 2445 2177 2483 ex-

617 2520 906 2573 tollendam
940 2521 1189 2574 virtutem
1242 2522 1540 2591 majcstatis
1591 2530 1716 2576 tum.
1754 2520 1857 2588 Qui
1897 2519 2178 2591 plasmasti

618 2609 890 2666 hominem
926 2612 993 2666 ad
1026 2613 1316 2684 imaginem
1369 2614 1671 2684 majestatis
1717 2624 1843 2679 tuae,
1883 2614 2180 2667 rationem~

615 2717 723 2771 que
758 2701 860 2770 ipsi
876 2701 1139 2766 indidisti,
1162 2703 1650 2772 prtescripsistique
1670 2711 1927 2771 tanquam
1948 2702 2176 2754 limitem

556 2817 563 2824 -
614 2808 646 2846 a
680 2791 907 2848 Domino
931 2795 1311 2870 constitutum,
1345 2811 1410 2848 ne
1450 2801 1776 2862 praeceptum
1813 2803 1964 2845 tuum
1999 2801 2179 2844 trans-

618 2885 933 2952 grederetur
961 2904 974 2941 :
1009 2888 1246 2957 quicum
1278 2895 1533 2951 errasset,
1557 2884 2179 2954 contempsissetquele-

615 2989 734 3042 gem
763 2975 1271 3039 tuam,sententiam
1297 2975 1487 3030 mortis
1507 2975 1754 3041 incurrit,
1770 2985 1822 3029 et
1843 2976 1894 3027 in
1924 2973 2177 3027 exsilium

616 3063 944 3120 infirmitatis
977 3065 1236 3134 depulsus
1263 3076 1365 3120 est.
1405 3063 1485 3119 Tu
1511 3081 1638 3120 vero
1673 3076 1885 3120 creator
1909 3065 2049 3135 ejus,
2078 3066 2176 3120 bo-

613 3172 720 3210 nus
745 3168 798 3210 et
828 3158 1159 3223 misericors,
1191 3174 1295 3212 non
1328 3158 1573 3227 abjecisti
1612 3173 1797 3212 curam
1829 3158 1968 3226 ejus,
2010 3173 2174 3227 quam
2203 3195 2249 3255 ο

617 3247 874 3314 habebas,
901 3248 997 3302 sed
1029 3251 1211 3303 omnia
1245 3250 1310 3304 ad
1359 3251 1586 3305 salutem
1616 3249 1734 3320 ejus
1768 3249 2074 3313 instituisti,
2111 3264 2176 3303 eo

613 3355 786 3408 usque
811 3338 1077 3394 utFilium
1105 3352 1254 3395 tuum
1287 3351 1547 3396 aeternum
1575 3352 1628 3395 et
1655 3342 1990 3412 unigenitum
2024 3350 2177 3395 tuum

614 3429 830 3484 miseris
861 3430 915 3484 in
949 3431 1235 3498 mundum,
1273 3431 1365 3500 qui
1399 3430 1860 3500 dispensationem
1901 3445 2056 3486 suam
2091 3443 2179 3483 sa-

611 3520 840 3574 lutarem
875 3530 1095 3590 propter
1122 3538 1243 3576 cum
1263 3522 1512 3591 explevit.

685 3607 909 3664 Elevans
938 3627 1130 3665 vocem.
1167 3613 1302 3666 Cum
1328 3628 1457 3682 ergo
1490 3621 1709 3681 paratus
1762 3620 1926 3677 esset,
1980 3625 2180 3666 secun-

612 3702 741 3755 dum
768 3701 1104 3756 voluntatem
1141 3719 1296 3758 suam
1333 3704 1398 3757 ad
1438 3703 1733 3772 gustandas
1773 3703 2078 3774 passiones,
2109 3702 2175 3755 ad

613 3793 1019 3848 ascendendum
1055 3794 1111 3848 in
1144 3811 1361 3848 crucem
1400 3805 1454 3849 et
1476 3795 1800 3866 patibulum,
1835 3804 2176 3862 mortemque

613 3887 952 3943 subeundam
997 3901 1098 3956 pro
1121 3887 1232 3939 vita
1266 3887 1434 3940 totius
1465 3887 1674 3952 mundi,
1709 3902 1771 3942 ea
1810 3902 2034 3956 vespera
2068 3899 2176 3956 qua

612 3975 1137 4032 consummationem
1171 3975 1582 4048 mysteriorum,
1615 3985 1669 4030 et
1690 3976 2020 4030 mirabilium
2053 3990 2178 4046 per-

614 4070 759 4138 fecit,
774 4086 968 4140 panem
993 4069 1266 4138 accepitin
1299 4085 1494 4124 manus
1513 4086 1641 4125 suas
1670 4085 1834 4139 puras
1855 4079 1909 4123 et
1935 4077 2174 4134 sanctas,

613 4171 667 4216 et
695 4161 896 4230 gratias
927 4176 1093 4231 agens
1125 4159 1184 4231 τ’,
1216 4161 1512 4222 benedixit,
1538 4159 1577 4232 -ι-
1600 4160 1980 4219 sanctificavit.
2003 4159 2043 4232 -ι-
2071 4159 2178 4215 fre-

615 4253 713 4324 git,
745 4254 999 4323 deditque
1027 4254 1257 4308 initiatis
1292 4254 1396 4308 hoc
1425 4255 1545 4324 ejus
1578 4255 1863 4326 mysterio,
1915 4252 2177 4323 apostolis

615 4343 821 4398 sanctis
851 4343 1039 4398 dicens
1071 4359 1084 4395 :
1123 4343 1387 4414 Accipite,
1421 4354 1475 4399 et
1495 4345 1819 4398 manducate
1847 4360 1910 4397 ex
1940 4359 2027 4406 eo,
2049 4341 2176 4410 quia

615 4429 731 4486 Hoc
757 4441 844 4486 cst
876 4449 1074 4502 corpus
1114 4449 1316 4499 meum,
1344 4434 1490 4505 quod
1515 4449 1614 4504 pro
1642 4434 1799 4488 vobis
1832 4434 2103 4504 frangitur
2123 4440 2177 4489 et

2351 599 2630 654 Sacerdos.
2654 599 2885 667 Quando
2916 607 3098 654 autem
3137 598 3267 654 huic
3297 599 3419 668 pani
3464 598 3798 657 communicae

2279 690 2424 753 bitis,
2459 700 2511 744 et
2539 691 2764 745 calicem
2799 691 2944 745 hunc
2960 690 3084 744 vita:
3118 687 3468 758 usurpabitis,
3499 702 3796 741 commemo-

2280 783 2543 836 rationem
2569 783 2760 838 mortis
2791 798 2924 836 mea:
2942 781 3172 848 facietis,
3196 779 3611 848 memoriamque
3637 795 3796 834 resur-

2278 870 2537 925 rectionis
2575 886 2707 924 mea:
2730 871 3016 940 perficietis
3052 869 3226 924 donec
3252 868 3481 924 veniam.

2351 963 2609 1032 Populus.
2657 962 2844 1018 Mortis
2899 973 3024 1028 tuaa,
3063 960 3312 1026 Domine,
3349 959 3655 1014 memoriam
3697 958 3796 1028 agi-

2277 1071 2420 1110 mus.

2351 1145 2604 1201 Sacerdos
2624 1145 2825 1200 elevans
2850 1162 3044 1200 vocem.
3069 1143 3242 1201 Oculo
3270 1141 3618 1199 intellectuali
3643 1141 3800 1195 cordis

2276 1238 2638 1294 describimus
2661 1241 2941 1310 periodum
2965 1235 3389 1308 dispensationis
3419 1245 3522 1289 tuae
3547 1233 3803 1302 sapientis-

2278 1331 2450 1395 simae,
2476 1333 2690 1386 Christe
2711 1331 2936 1385 Domine
2963 1339 3167 1396 noster,
3194 1338 3248 1382 et
3267 1343 3329 1382 ea
3345 1327 3524 1381 omnia
3554 1342 3666 1395 quae
3690 1340 3802 1392 ope--

2277 1431 2428 1477 ratus
2477 1439 2537 1478 es
2584 1439 2680 1493 per
2720 1423 3145 1476 incarnationem
3204 1430 3349 1474 tuam
3405 1417 3684 1473 salutarem
3723 1431 3803 1486 pro

2277 1514 2450 1568 salute
2479 1521 2682 1578 nostra,
2705 1527 3196 1567 commemoramus
3221 1528 3233 1563 :
3260 1509 3651 1582 generationem
3677 1516 3803 1560 tuam

2276 1619 2340 1657 ex
2384 1602 2542 1658 Patre
2583 1603 2903 1660 abscondito
2931 1623 2944 1657 :
2969 1601 3305 1656 nativitatem
3347 1610 3496 1654 tuam
3527 1615 3588 1654 ex
3617 1597 3809 1668 Virgine

2277 1693 2706 1764 inexplicabilem
2736 1713 2748 1748 :
2778 1704 2956 1748 ortum
3014 1701 3166 1747 tuum
3210 1691 3474 1746 eximium
3523 1698 3576 1744 et
3611 1689 3806 1759 praecla-

2277 1800 2397 1837 rum
2431 1785 2824 1838 :elevationem
2849 1793 2994 1837 tuam
3037 1784 3088 1837 in
3122 1798 3286 1837 cruce
3327 1781 3617 1836 salutarem
3644 1788 3693 1832 et
3725 1778 3808 1831 ad-

2279 1875 2579 1930 mirandam
2608 1895 2621 1930 :
2656 1875 2946 1929 adventum
2981 1884 3130 1929 tuum
3158 1873 3362 1928 mundo
3391 1872 3556 1924 vitam
3580 1880 3812 1940 prastat:-

2278 1974 2408 2031 tem,
2437 1965 2818 2019 excitationem
2851 1974 2993 2018 tuam
3019 1965 3229 2034 plenam
3259 1962 3528 2016 miraculo
3558 1981 3571 2015 :
3603 1973 3813 2014 resurre-

2278 2058 2512 2110 ctionem
2544 2065 2688 2110 tuam
2716 2055 3030 2127 gloriosam,
3063 2056 3387 2124 plenamque
3432 2052 3576 2107 omni
3608 2051 3808 2120 gaudio:

2277 2148 2628 2202 elevationem
2681 2157 2828 2201 tuam
2878 2133 2950 2200 ini
2984 2146 3234 2201 sublimia
3285 2162 3298 2197 :
3355 2144 3814 2210 excellentiamque

2279 2238 2542 2294 sessionis
2571 2247 2672 2292 tua:
2697 2238 2762 2292 ad
2793 2238 3069 2292 dexteram
3114 2237 3374 2307 genitoris
3428 2236 3533 2303 tui;
3588 2243 3814 2304 praetcrea

2277 2333 2438 2386 etiam
2489 2331 2871 2386 revelationem
2918 2331 3069 2400 regni
3101 2331 3176 2385 tui
3218 2329 3471 2400 gloriosi,
3503 2343 3618 2397 qua:
3659 2324 3814 2379 futura

2277 2431 2359 2477 est
2392 2423 2442 2476 in
2467 2423 2700 2477 adventu
2728 2432 2820 2476 tuo
2845 2422 3084 2476 secundo
3119 2440 3132 2474 :
3160 2420 3380 2491 quando
3433 2431 3485 2472 tu
3519 2434 3635 2472 cum
3667 2415 3814 2486 gloria

2278 2516 2534 2571 ineffabili
2560 2518 2832 2580 exoriens,
2860 2526 2912 2572 ct
2934 2517 2987 2569 in
3015 2515 3188 2570 turbis
3226 2515 3406 2583 igneis
3435 2512 3814 2583 legionibusque

2277 2609 2540 2663 tlammeis
2563 2610 3033 2680 circumgestatus,
3053 2617 3310 2677 tanquam
3336 2605 3396 2659 fu
3411 2609 3528 2678 lgur
3546 2603 3813 2659 timendum

2276 2709 2329 2755 et
2349 2700 2612 2766 validum,
2638 2715 2705 2755 ex
2729 2701 2945 2756 sublimi
2978 2702 3160 2772 gloria:
3189 2710 3293 2754 tua:
3313 2699 3563 2769 prodibis
3588 2713 3600 2748 :
3627 2693 3816 2766 quando

2277 2800 2543 2847 statuetur
2573 2793 2769 2847 solium
2801 2793 3036 2847 terribile
3061 2783 3384 2861 majestatis,
3425 2799 3479 2846 et
3499 2791 3647 2845 sedes
3660 2785 3818 2842 electis

2280 2883 2386 2937 tuis
2415 2883 2827 2939 collocabuntur
2859 2900 2870 2935 :
2902 2885 3122 2954 quando
3143 2883 3328 2953 populi
3358 2893 3423 2937 et
3448 2882 3684 2936 nationes
3706 2894 3818 2933 con—

2277 2973 2658 3043 gregabuntur,
2684 2982 2737 3029 et
2757 2975 2821 3029 ad
2850 2975 3028 3030 locum
3049 2974 3239 3044 judicii
3263 2975 3557 3040 sistentur,
3589 2983 3644 3026 ut
3671 2969 3821 3026 susci—

2277 3063 2390 3132 piat
2423 3065 2799 3135 unusquisque
2828 3066 3126 3121 secundum
3153 3082 3290 3135 opus
3317 3081 3490 3120 suum
3514 3084 3526 3120 :
3554 3075 3706 3134 atque
3739 3075 3816 3114 re-

2279 3155 2545 3209 tribuetur
2561 3156 2854 3228 unicuique
2871 3158 3170 3212 secundum
3196 3155 3450 3212 actiones
3465 3172 3609 3218 suas,
3629 3151 3820 3224 quando

2278 3242 2403 3298 libri
2436 3245 2772 3314 aperientur,
2804 3256 2858 3302 et
2879 3263 3067 3317 opera,
3091 3247 3277 3313 verba,
3304 3256 3357 3301 et
3393 3248 3637 3301 actiones
3666 3243 3821 3299 discu-

2278 3337 2482 3392 tientur
2511 3353 2524 3390 :
2555 3338 2774 3408 quando
2797 3340 3172 3394 recitabuntur
3198 3338 3395 3393 erimin
3409 3355 3462 3406 a,
3498 3347 3552 3392 et
3590 3347 3819 3405 tanquam

2279 3429 2360 3486 sol
2381 3431 2716 3502 splendidus,
2742 3431 2918 3502 palam
2945 3431 3076 3486 fient
3106 3429 3456 3496 abscondita,
3502 3425 3815 3483 clarissime:

2278 3521 2496 3589 quando
2532 3537 2681 3576 mare
2703 3521 2842 3592 ignis
2875 3520 3211 3587 exundabit,
3244 3519 3612 3588 mstuabitque
3661 3514 3822 3569 fumus

2279 3613 2646 3679 flammarum,
2670 3613 3067 3682 descendetque
3090 3612 3286 3666 fluvius
3315 3611 3463 3680 ignis
3482 3609 3730 3670 ardentis,
3765 3603 3821 3659 ad

2278 3705 2678 3774 probationem,
2706 3714 2760 3759 et
2785 3721 3011 3758 examen
3050 3704 3229 3758 omnis
3258 3704 3485 3769 carnis;
3510 3701 3717 3773 quando
3743 3711 3822 3750 an-

2279 3796 2835 3866 gustiaaamarissima:
2858 3794 3264 3863 eruntiniquis:
3294 3800 3348 3846 et
3369 3798 3672 3862 prieparata
3685 3793 3823 3842 erunt

2277 3885 2420 3940 bona
2433 3897 2484 3940 et
2497 3884 2871 3954 deliciaajustis
2889 3901 2902 3936 :
2920 3883 3136 3953 quando
3154 3881 3537 3935 misericordia
3554 3877 3822 3939 auferetur,

2278 3987 2332 4032 et
2346 3977 2497 4048 impii
2523 3976 2803 4032 tradentur
2817 3977 3096 4047 gehennae,
3114 3986 3276 4044 atque
3293 3974 3364 4043 pii
3379 3974 3554 4029 vitam
3573 3984 3754 4026 novam
3773 3967 3820 4020 in

2277 4077 2538 4123 aeternum
2571 4067 2986 4122 haareditabunt.
3013 4064 3242 4132 Quando
3266 4079 3368 4118 vox
3396 4063 3577 4118 valida
3599 4059 3825 4116 audietur

2277 4176 2398 4232 quae
2424 4169 2627 4230 partem
2656 4173 2816 4214 unam
2847 4159 2914 4212 ab
2942 4159 3108 4212 altera
3129 4145 3440 4226 separabit:
3453 4151 3825 4217 transferetque

2277 4267 2447 4323 agnos
2475 4251 2542 4305 ad
2571 4251 2867 4317 dexteram,
2896 4261 2949 4304 et
2978 4250 3164 4305 haedos
3201 4249 3269 4304 ad
3307 4249 3616 4303 sinistram.
3649 4240 3721 4297 Te
3745 4239 3826 4294 de-

2277 4359 2562 4412 precamur
2605 4345 2822 4412 plenum
2870 4342 3268 4405 misericordia,
3322 4340 3575 4402 Domine,
3609 4338 3659 4392 in
3706 4335 3824 4388 liora

2279 4436 2368 4490 illa
2413 4436 2737 4501 decretoria,
2791 4435 3092 4506 multiplica
3137 4434 3486 4490 clementiam
3539 4440 3684 4486 tuam
3714 4438 3824 4495 erga

613 4523 796 4586 datur,
837 4523 904 4576 ad
948 4524 1160 4577 veniam
1217 4525 1462 4578 omnium
1518 4525 1756 4580 fidelium
1817 4526 2171 4596 plurimorum
2205 4545 2248 4598 ι)
2277 4528 2591 4583 adoratores
2618 4537 2759 4592 tuos,
2793 4528 2846 4581 in
2869 4537 3107 4596 tempore
3131 4527 3222 4580 illo
3252 4526 3502 4590 terribili,
3525 4535 3577 4578 et
3606 4518 3821 4577 tristitiae

614 4622 715 4676 pro
735 4609 934 4677 quibus
963 4610 1302 4677 immolatur,
1338 4620 1391 4666 et
1423 4613 1704 4678 dividitur,
1744 4616 1807 4670 ad
1843 4619 2178 4686 propitiatio-

615 4714 738 4754 nem
767 4700 1115 4768 delictorum,
1145 4704 1524 4760 remissionem
1551 4717 1898 4776 peccatorum
1934 4718 1987 4764 et
2011 4711 2176 4765 vitam

613 4800 892 4847 aeternam.

689 4882 940 4954 Populus.
971 4886 1162 4940 Amen.

686 4975 965 5031 Sacerdos.
998 4975 1131 5032 Post
1158 4991 1368 5034 coenam
1403 4980 1552 5036 illam
1590 4983 1898 5055 mysticam,
1955 4985 2177 5041 miscuit

615 5071 838 5125 calicem
873 5071 996 5126 vitae
1015 5086 1081 5126 ex
1103 5071 1228 5126 vino
1245 5081 1300 5127 et
1331 5089 1470 5145 aqua
1504 5091 1517 5127 :
1554 5084 1607 5130 et
1629 5077 1695 5132 ad
1719 5085 1794 5145 te,
1825 5077 1966 5135 Deus
1992 5078 2176 5146 Pater,

615 5163 806 5220 oculos
840 5164 1076 5227 elevans,
1110 5165 1312 5236 gratias
1349 5168 1478 5238 egit,
1513 5168 1553 5239 ἰ-
1577 5170 1870 5235 benedixit,
1903 5171 1942 5243 -ξ-
1972 5173 2177 5227 sancti-

615 5257 818 5321 licavit,
841 5256 881 5328 -ί-
916 5266 970 5311 et
994 5258 1138 5312 dedit
1173 5260 1343 5316 turba:
1382 5262 1772 5332 discipulorum
1807 5281 2030 5319 suorum
2064 5265 2176 5319 elc-

615 5357 850 5416 ctorum,
880 5351 1361 5422 apostolorumque
1393 5363 1708 5410 sanctorum
1740 5366 1794 5410 et
1815 5356 1953 5410 dixit
1982 5373 1994 5408 :
2027 5356 2180 5412 Acci-

614 5437 746 5506 pite,
776 5438 946 5494 bibite
961 5456 1029 5495 ex
1056 5457 1122 5495 eo
1149 5456 1245 5495 vos
1264 5458 1454 5498 omnes
1481 5462 1493 5497 :
1526 5442 1624 5497 Hic
1648 5455 1730 5499 est
1756 5446 1981 5516 sanguis
2002 5463 2175 5516 meus,

616 5530 706 5597 qui
753 5531 1042 5586 confirmat
1075 5541 1458 5588 testamentum
1509 5537 1702 5591 mortis
1739 5553 1873 5592 mea:
1907 5556 1919 5592 :
1950 5539 2041 5609 qui
2077 5556 2178 5610 pro

619 5619 770 5674 vobis
795 5621 1090 5677 effunditur
1118 5632 1172 5678 et
1199 5639 1297 5693 pro
1353 5627 1541 5681 multis
1588 5626 1768 5690 datur,
1813 5637 1867 5681 et
1919 5629 2179 5685 dividitur

621 5709 686 5763 ad
723 5713 1165 5781 propinationem
1197 5716 1541 5788 delictorum,
1571 5720 1946 5775 remissionem
1985 5737 2177 5790 pecca-

624 5815 824 5873 torum,
842 5816 894 5862 et
924 5810 1086 5865 vitam
1111 5825 1385 5869 aeternam.

2277 4615 2456 4684 pleno.
2507 4614 2780 4686 Propitius
2822 4626 2940 4672 esto
2985 4632 3112 4686 erga
3149 4617 3361 4671 animas
3391 4628 3677 4671 servorum
3721 4618 3826 4662 tuo-

2278 4725 2436 4775 rum;
2480 4709 2534 4763 in
2586 4710 2718 4764 hora
2748 4710 2836 4762 illa
2877 4708 3124 4773 terroris,
3160 4708 3378 4762 effunde
3404 4702 3825 4761 misericordiam

2279 4811 2425 4856 tuam
2452 4817 2614 4872 super
2641 4817 2758 4865 eos,
2794 4803 2887 4871 qui
2926 4816 3019 4870 per
3047 4807 3263 4856 crucem
3296 4811 3442 4854 tuam
3477 4798 3668 4855 salvati
3693 4801 3823 4852 sunt.

2278 4893 2335 4948 ln
2359 4904 2602 4965 tempore
2622 4894 2714 4948 illo
2747 4893 2981 4961 timoris,
3007 4893 3266 4948 miserere
3289 4893 3509 4947 illorum
3535 4892 3628 4962 qui
3669 4885 3824 4945 conti-

2279 4996 2462 5044 tentur
2490 4987 2772 5059 passiones
2807 4996 2928 5043 tuas
2959 5003 2972 5038 :
3002 4996 3186 5059 tangat
3227 4997 3280 5042 te
3317 5002 3448 5042 cura
3483 4987 3719 5051 illorum,
3741 4980 3824 5052 qui

2279 5080 2531 5135 fiduciam
2558 5081 2935 5148 babentsuper
2963 5093 3202 5133 amorem
3234 5085 3389 5131 tuum
3415 5091 3548 5147 erga
3567 5073 3822 5134 homines,

2278 5181 2332 5228 et
2359 5187 2520 5242 parce
2548 5171 2782 5242 peccatis
2812 5185 3036 5235 eorum;
3075 5177 3490 5225 commoveatur
3533 5163 3824 5237 benignitas

2279 5263 2392 5330 tua,
2415 5279 2542 5334 erga
2567 5263 2689 5317 illos
2711 5264 2803 5332 qui
2832 5263 3086 5317 invocant
3114 5275 3308 5315 nomen
3333 5269 3487 5315 tuum
3513 5266 3752 5314 sanctum
3777 5263 3825 5304 et

2279 5354 2492 5408 remitte
2519 5353 2711 5408 delicta
2740 5353 2976 5408 illorum.
3007 5351 3086 5409 Ne
3117 5352 3434 5408 auferantur
3459 5351 3821 5407 miserationes

2280 5462 2384 5506 tum
2409 5466 2505 5521 per
2533 5454 2668 5506 lram
2703 5461 2871 5518 tuam,
2897 5468 3070 5525 neque
3099 5455 3312 5510 deficiat
3336 5453 3497 5510 nobis
3522 5454 3692 5525 gratia
3726 5461 3824 5512 tua,

2278 5556 2500 5617 propter
2537 5546 2937 5603 multitudinem
2975 5549 3196 5604 malitia:
3238 5558 3458 5606 nostrae.
3485 5547 3566 5603 Ne
3587 5543 3824 5604 cxcludas

2279 5639 2619 5694 clementiam
2651 5649 2820 5704 tuam,
2851 5651 3070 5712 propter
3093 5641 3429 5714 iniquitatem
3455 5650 3696 5696 nostram
3723 5653 3734 5690 :
3765 5650 3824 5690 ne

2275 5743 2522 5789 mutetur
2547 5743 2734 5788 natura
2763 5743 2875 5797 tua,
2898 5744 3114 5804 propter
3137 5733 3564 5805 magnitudinem
3592 5730 3822 5801 insipien-

2276 5827 2472 5880 tiarum
2501 5835 2828 5881 nostrarum.
2859 5825 2972 5882 Non
2995 5827 3193 5899 eligant
3215 5843 3312 5883 nos
3335 5826 3513 5896 angeli
3541 5826 3614 5882 tui
3643 5819 3818 5884 sancti,
