4066 6330
581 254 675 307 6H

1397 249 1453 304 S.
1494 249 1877 304 CLEMENTIS
1915 250 1935 304 l
1973 245 2138 304 ΗΘΜ.
2180 246 2377 303 ΡΟΝΤ.
2414 248 2640 304 OPERA
2677 248 2900 306 DUBIA.

3714 252 3806 311 6l2

654 363 913 419 Sacerdos
939 363 1142 416 elevans
1180 375 1372 414 vocem.
1402 357 1468 410 Et
1499 355 1796 411 Ecclesiam
1834 365 2006 420 luam,
2037 354 2143 408 Do-
2178 355 2225 411 Α
2249 354 2500 426 disperge
2527 368 2581 412 et
2609 357 2814 426 dissipa
2841 375 2854 412 2
2891 372 3052 427 regna
3084 359 3330 427 profani,
3359 369 3414 416 et
3440 363 3679 420 hereses
3715 382 3808 420 tm-

583 457 750 522 mine,
782 471 944 526 quam
987 451 1276 524 possedisti
1311 451 1376 505 ab
1419 449 1594 515 initio,
1636 457 1690 502 et
1731 447 2007 502 redemisti
2056 462 2151 516 per

586 548 906 618 sanguinem
940 545 1200 616 unigeniti
1233 541 1353 596 Filii
1385 542 1460 597 tui
1498 540 1750 605 benedic,
1774 548 1828 594 et
1851 539 2060 609 depelle
2083 539 2152 593 ab

586 653 649 691 ea
682 636 1114 692 conﬂictationes
1147 636 1423 688 hmreseon
1457 632 1913 700 perniciosarum,
1959 647 2080 700 quae
2120 647 2151 685 a

590 729 875 798 Spiritibus
907 727 1111 797 peccati
1136 725 1492 789 suscitantur,
1518 736 1571 776 et
1597 725 1662 777 ad
1695 739 1814 777 eam
1837 724 2154 793 demergen-

588 818 713 871 dam
748 819 800 871 in
825 819 1079 887 abyssum
1111 815 1426 884 impietatis,
1454 816 1780 870 excitantur.
1798 814 2063 884 Propulsa
2085 815 2154 868 ab

590 909 703 973 illa,
735 907 984 966 Domine.
1012 905 1290 969 scandala,
1314 913 1368 958 et
1399 906 1567 969 rixas,
1591 915 1646 959 et
1683 919 1948 973 praeserva
1972 919 2090 957 eam
2121 917 2150 957 a

587 1003 774 1072 virgis,
798 999 1131 1069 ﬂagellisque
1155 1000 1286 1064 tuis,
1326 1007 1490 1067 atque
1519 1013 1548 1051 a
1585 996 2001 1058 tentationibus,
2025 995 2150 1065 qui-

586 1095 688 1148 bus
711 1109 806 1162 per
836 1091 1202 1146 inlirmitatem
1229 1090 1567 1146 succumbat.
1593 1089 1786 1144 Libera
1813 1105 1932 1145 eam
1956 1105 1985 1144 a
2011 1089 2154 1144 fame

587 1203 791 1251 amara,
823 1202 851 1239 a
884 1186 1220 1255 captivitate,
1266 1195 1322 1238 et
1345 1185 1698 1238 mortalitate.
1750 1182 1824 1236 Da
1855 1182 2017 1237 etiam
2072 1183 2151 1237 illi

583 1291 827 1349 tempora
886 1279 1203 1347 tranquilla,
1249 1288 1302 1331 ct
1329 1277 1684 1340 abundantia,
1727 1276 2152 1345 przeclaramque

583 1373 727 1428 aeris
752 1373 1086 1441 temperiem,
1120 1381 1363 1441 segetum
1392 1369 1779 1437 fructuumque
1802 1376 2148 1437 proventum,

581 1479 706 1518 cum
751 1462 1190 1516 accumulatione
1233 1461 1478 1514 omnium
1550 1458 1852 1525 bonorum;
1910 1458 2038 1527 quia
2095 1469 2149 1512 tu

581 1554 760 1609 bonus
791 1570 870 1619 es,
903 1563 956 1608 et
985 1568 1149 1622 super
1171 1567 1360 1606 omnes
1379 1549 1894 1620 largitereﬂ'undens
1925 1565 2149 1604 munera

581 1658 695 1711 tua,
730 1646 1068 1716 gratiamque
1107 1653 1256 1696 tuam
1290 1643 1639 1710 dispensans,
1682 1641 1890 1711 tibique
1920 1641 2146 1711 gloriam

581 1753 635 1797 et
667 1743 963 1812 gratiarum
999 1736 1267 1790 actionem
1299 1734 1601 1788 oﬂ'erimus.

653 1832 910 1900 Populus.
937 1829 1131 1882 Amen.

652 1923 907 1979 Sacerdos
965 1921 1273 1975 inclinatus.
1327 1916 1618 1983 Memento,
1659 1915 1909 1980 Domine,
1955 1932 2147 1971 eorum

580 2017 673 2087 qui
692 2017 744 2070 in
788 2013 1095 2084 virginitate
1133 2026 1268 2081 pnre
1287 2010 1499 2074 vivunt,
1527 2009 1942 2078 conjugatorum
1969 2018 2152 2062 casto-

583 2125 725 2173 rum,
750 2106 1115 2175 orphanorum
1142 2112 1192 2156 et
1212 2101 1521 2164 viduarum,
1546 2115 1843 2168 pauperum
1869 2109 1922 2153 at
1947 2115 2150 2170 egeno-

582 2215 726 2262 rum,
758 2206 812 2250 et
849 2211 1037 2250 eorum
1071 2193 1162 2262 qui
1191 2192 1452 2261 adjuvant
1480 2189 1778 2244 Ecclesiam
1820 2202 1988 2244 tuam.
2022 2191 2150 2245 1110-

580 2307 702 2345 rum
734 2289 896 2344 etiam
929 2286 1020 2356 qui
1071 2285 1269 2339 addicti
1313 2292 1439 2337 sunt
1474 2284 1778 2337 ministerio
1811 2293 2148 2348 sanctorum,

581 2390 636 2435 et
687 2381 943 2449 adjuvant
985 2378 1360 2431 necessitatem
1411 2377 1724 2444 patientes:
1771 2377 1864 2445 qui
1917 2376 2150 2430 offerunt

582 2475 906 2537 oblationes,
933 2482 985 2524 et
1017 2470 1274 2540 praeclare
1297 2477 1614 2537 operantur.

652 2565 909 2636 Populus.
945 2563 1106 2633 Kyrie
1128 2563 1356 2616 eleison.

654 2660 910 2715 Sacerdos
939 2658 1144 2712 elevans
1189 2673 1382 2710 vocem.
1410 2656 1478 2712 Et
1514 2655 1712 2724 adjnva
1744 2670 1838 2724 per
1868 2654 2148 2709 dexteram

583 2763 732 2808 tuam
761 2759 1056 2820 potentem,
1083 2748 1453 2815 conlirmaque
1483 2746 1706 2799 brachio
1731 2755 1822 2799 tuo
1852 2742 2001 2810 forti,
2028 2760 2149 2798 om-

583 2860 680 2899 nes
717 2843 810 2912 qui
841 2842 898 2895 in
937 2840 1177 2894 Ecclesia
1233 2849 1324 2892 tua
1375 2846 1561 2892 sancta
1593 2837 1854 2891 catholica
1887 2847 2149 2906 perpetuo

582 2935 886 2990 oblationes
911 2933 1168 2987 offerunt.
1191 2940 1245 2984 et
1271 2931 1548 2983 memoriae
1581 2938 1894 2983 sanctorum
1929 2939 2144 2984 tuorum

582 3027 1017 3090 communicant;
1052 3025 1143 3093 qui
1167 3025 1633 3092 eleemosynarum
1662 3022 1927 3078 fructibus
1951 3039 2148 3093 egenos
2175 3046 2218 3105 ε

584 3117 925 3171 abundanter
955 3123 1282 3179 sustentant,
1315 3124 1368 3167 et
1399 3113 1750 3183 indigentiam
1774 3115 1990 3183 explent
2013 3130 2148 3183 pau-

582 3223 796 3278 perum.
836 3205 912 3258 Da
950 3205 1055 3258 illis
1083 3205 1470 3259 abundantiam
1500 3205 1789 3269 bonorum,
1834 3221 1931 3274 pro
1962 3206 2149 3275 dispo-

583 3301 780 3357 sitione
804 3298 1048 3354 cordium
1073 3312 1259 3351 eorum
1289 3315 1302 3350 :
1333 3305 1385 3350 et
1420 3312 1516 3365 pro
1536 3297 1697 3349 donis
1729 3299 2144 3365 temporalibus,

584 3391 652 3445 da
677 3389 782 3443 illis
807 3388 1134 3442 afﬂuentiam
1181 3388 1621 3442 benedictionum
1659 3388 2054 3443 ditissimarum
2093 3400 2148 3445 et

515 3508 522 3514 -
586 3478 1031 3534 inamissibilium
1058 3495 1073 3532 :
1108 3486 1161 3532 et
1203 3494 1302 3547 pro
1325 3478 1772 3546 possessionibus
1796 3494 1903 3532 non
1933 3495 2148 3548 perma-

584 3570 860 3637 nentibus,
888 3585 1131 3639 prtepara
1162 3570 1269 3624 illis
1300 3569 1524 3624 delicias
1544 3571 1748 3636 beatas,
1773 3580 1826 3624 et
1841 3573 2146 3627 mercedem

585 3663 1145 3732 inconsumptibilem,
1171 3671 1224 3716 et
1254 3677 1477 3716 munera
1505 3663 1707 3718 amoris
1746 3677 1874 3733 erga
1901 3663 2148 3721 homines

584 3755 689 3820 tui,
730 3755 980 3824 bonaque
1009 3753 1285 3808 uberrima
1326 3753 1655 3807 haereditatis
1703 3763 1810 3808 tuae
1853 3773 1865 3809 :
1917 3757 2044 3824 quia
2088 3767 2144 3811 tu

583 3848 760 3904 bonus
776 3862 857 3913 es,
875 3855 927 3901 et
951 3847 1101 3901 dives
1119 3846 1170 3900 in
1189 3845 1526 3908 muneribus,
1559 3845 1852 3916 largusque
1874 3846 2144 3903 donorum

585 3947 804 3994 tuorum
840 3958 852 3993 :
885 3947 939 3994 et
975 3938 1070 3993 tibi
1096 3937 1323 4008 gloriam
1348 3946 1403 3993 et
1424 3939 1720 4010 gratiarum
1748 3939 2013 3994 actionem
2063 3940 2149 3995 of-

583 4029 834 4085 ferimus.

656 4123 914 4193 Populus.
943 4121 1136 4175 Amen.

656 4213 912 4270 Sacerdos
950 4213 1258 4267 inclinatus.
1310 4212 1599 4280 Memento,
1649 4215 1913 4282 Domine,
1956 4233 2142 4286 regum

586 4306 1018 4361 orthodoxorum
1052 4304 1190 4374 (28),
1238 4303 1305 4357 da
1349 4304 1455 4358 illis
1478 4305 1760 4359 victoriam
1791 4307 1858 4360 de
1908 4307 2144 4361 inimicis

2253 447 2369 516 pias
2398 449 2694 517 comprime
2719 449 2937 503 dextera
2963 458 3055 504 tua
3082 452 3321 519 potenti:
3355 453 3550 509 hebeta
3575 456 3804 524 gladium

2253 546 2497 604 acutum,
2552 553 2619 592 ne
2654 539 2937 593 immineat
2965 541 3267 596 cervicibus
3296 544 3474 614 gregis
3511 547 3630 600 tui:
3662 563 3807 604 com-

2252 642 2410 696 pesce
2436 629 2797 697 captivitatcs,
2827 631 3020 695 caades,
3060 641 3114 686 et
3155 633 3292 687 bella
3326 651 3355 688 a
3385 637 3600 706 populis
3627 647 3684 693 et
3707 640 3808 694 hae-

2254 714 2482 769 reditate
2509 725 2601 770 tua
2635 733 2648 768 :
2681 733 2857 786 neque
2879 720 3113 788 aspicias
3147 722 3480 792 iniquitatem
3506 742 3698 781 eorum
3720 736 3806 799 qui

2253 809 2587 876 unigenitum
2619 809 2814 864 Filium
2850 820 3001 865 tuum
3031 813 3282 869 dividunt
3309 831 3324 867 :
3360 818 3451 871 sed
3479 819 3806 890 reliquorum

2254 909 2544 966 memento,
2567 902 2660 971 qui
2699 904 2933 958 retinent
2957 905 3112 960 fidem
3136 907 3515 975 orthodoxam,
3543 922 3596 966 et
3625 913 3692 966 da
3710 913 3808 968 illis

2253 1000 2415 1059 atque
2438 993 2594 1047 nobis
2620 995 2870 1050 virtutem
2901 998 3411 1068 insuperabilem,et
3435 1003 3590 1058 nobis
3607 1016 3662 1058 et
3685 1006 3811 1075 ipsis

2253 1084 2489 1138 concede
2519 1093 2760 1154 tempora
2789 1088 3006 1156 quietis,
3047 1099 3100 1144 et
3122 1091 3570 1161 tranquillitatem
3598 1097 3806 1162 salutis,

2251 1189 2348 1242 per
2375 1175 2600 1243 gratiam
2624 1185 2676 1230 et
2700 1179 3127 1236 misericordiam
3161 1191 3212 1237 et
3232 1199 3471 1238 amorem
3489 1201 3618 1256 erga
3644 1189 3810 1243 homi-

2253 1282 2349 1321 nes
2380 1269 2639 1338 unigeniti
2667 1270 2787 1325 Filii
2819 1273 3027 1343 tui,per
3042 1291 3201 1345 quem
3224 1285 3277 1331 et
3295 1293 3418 1333 cum
3444 1295 3556 1349 quo
3589 1289 3641 1335 te
3666 1281 3812 1337 decet

2252 1359 2421 1429 gloria
2450 1371 2503 1414 et
2529 1362 2723 1426 honor,
2752 1373 2856 1418 etc.

2322 1451 2582 1522 Populus.
2614 1455 2808 1510 Amen.

2324 1544 2582 1598 Sacerdos
2635 1547 2943 1603 inclinatus.
2987 1548 3184 1604 Eorum
3229 1550 3390 1606 etiam
3448 1554 3693 1609 omnium
3722 1557 3809 1626 qui

2252 1637 2518 1705 agonibus
2547 1638 2660 1691 suis
2689 1638 2781 1691 tibi
2810 1639 3148 1708 placuerunt,
3181 1651 3234 1695 et
3275 1658 3544 1698 summam
3571 1647 3812 1702 moribus

2254 1728 2368 1781 suis
2385 1728 2614 1798 gloriam
2639 1732 2918 1785 consecuti
2953 1742 3099 1792 sunt.
3118 1732 3203 1789 fac
3233 1734 3431 1788 bonam
3463 1738 3809 1806 memoriam,

2254 1818 2502 1887 Domine,
2530 1821 2634 1875 hoc
2654 1831 2896 1891 tempore
2929 1842 2940 1877 :
2975 1834 3189 1893 patrum
3213 1826 3673 1895 patriarcharum,
3693 1846 3814 1900 pro-

2251 1912 2557 1982 phetarum,
2583 1914 2974 1982 apostolorum,
2997 1916 3434 1984 praedicatorum,
3470 1921 3815 1976 annuntiato-

2252 2020 2394 2069 rum,
2456 2005 2935 2074 evangelistarum,
2972 2006 3197 2063 Joannis
3225 2008 3498 2080 Baptistae,
3552 2013 3812 2082 Stephani

2251 2097 2486 2162 diaconi,
2541 2110 2594 2153 et
2635 2097 2924 2154 Genitricis
2983 2099 3076 2154 Dei
3124 2099 3327 2169 Maria},
3384 2118 3508 2157 cum
3557 2105 3814 2161 omnibus

2253 2190 2477 2244 sanctis.

2324 2280 2544 2336 Elevans
2562 2299 2749 2336 vocem.
2775 2280 2974 2336 Eorum
2999 2282 3091 2352 qui
3117 2284 3414 2339 certamine
3434 2285 3690 2340 athletico
3715 2301 3814 2340 suo

2250 2371 2495 2441 perfecti,
2549 2382 2602 2426 et
2634 2388 2806 2441 agone
2829 2373 3055 2442 justitiaa
3091 2377 3456 2430 consummati
3501 2387 3652 2432 sunt.
3695 2373 3814 2433 Me-

2251 2471 2435 2517 mento
2460 2463 2645 2531 etiam,
2677 2463 3153 2532 Domine,eorum,
3181 2467 3273 2535 qui
3304 2467 3356 2520 in
3381 2468 3609 2538 singulis
3632 2469 3816 2538 regio-

2251 2555 2414 2609 nibus
2444 2565 2497 2609 et
2521 2556 2834 2610 civitatibus
2862 2557 3185 2626 placuerunt
3209 2557 3433 2628 tibi,qui
3457 2559 3663 2613 exitum
3692 2561 3814 2614 vita:

2251 2647 2582 2717 inculpatum
2619 2649 2879 2704 habentes
2909 2665 2974 2702 ex
3006 2649 3110 2704 hoc
3141 2650 3346 2704 mundo
3381 2649 3635 2720 profecti,
3660 2651 3730 2706 ad
3761 2662 3816 2706 te

2249 2751 2632 2809 pervenerunt,
2651 2750 2704 2795 et
2723 2741 2790 2796 ad
2815 2742 3062 2796 emlestes
3094 2741 3289 2797 domos
3304 2743 3497 2796 elevati
3519 2752 3648 2798 sunt
3675 2766 3688 2799 :
3710 2741 3817 2798 Pa-

2250 2841 2392 2886 trum
2418 2833 2767 2903 antiquorum
2802 2843 2854 2888 et
2901 2834 3356 2902 patriarcharum,
3395 2834 3700 2905 principum
3734 2834 3817 2890 fa-

2250 2925 2546 2990 miliarum,
2579 2927 2674 2996 qui
2698 2927 2953 2996 mysteria
2986 2927 3239 2980 viderunt
3268 2936 3322 2980 et
3347 2927 3699 2984 revelationes
3721 2944 3808 3001 pe-

2251 3025 2623 3080 netraverunt,
2648 3032 3058 3072 moonomorum
3085 3019 3471 3087 spiritualium,
3491 3020 3815 3088 praedicato-

2251 3124 2371 3162 rum
2409 3108 2796 3179 gloriosorum,
2829 3120 2883 3164 et
2911 3111 3232 3165 dilectarum
3266 3111 3364 3164 tibi
3402 3112 3812 3181 deprecantium

2251 3208 2320 3266 te,
2381 3200 2586 3268 tibique
2633 3210 2977 3270 acceptorum
3031 3210 3085 3256 et
3129 3202 3567 3271 dispensatorum
3613 3203 3813 3259 domus

2251 3303 2374 3348 tute.
2401 3292 2676 3362 Propitius
2717 3303 2854 3357 esto,
2899 3294 3148 3358 Domine,
3187 3295 3562 3364 iniquitatibus
3587 3297 3812 3362 nostris,

2247 3401 2344 3456 per
2374 3385 2649 3440 orationes
2683 3401 2896 3440 eorum.
2931 3386 3008 3440 Da
3041 3389 3198 3442 nobis
3239 3399 3299 3443 ut
3327 3403 3450 3443 cum
3496 3385 3600 3440 fide
3632 3384 3818 3438 ortho-

2248 3477 2410 3544 doxa,
2438 3478 2735 3532 secundum
2767 3487 3012 3532 exactam
3032 3480 3335 3535 doctrinam
3375 3495 3590 3543 eorum,
3618 3492 3818 3547 sequa-

2247 3586 2371 3625 mur
2399 3571 2614 3625 illorum
2641 3572 2890 3644 vestigia,
2921 3574 3201 3642 simusque
3222 3573 3463 3628 haeredes
3493 3570 3816 3642 promissio-

2248 3677 2378 3716 num
2408 3679 2530 3732 quae
2555 3663 2620 3718 ad
2645 3680 2740 3720 eos
2771 3663 2924 3720 facta:
2945 3674 3090 3726 sunt,
3118 3665 3518 3734 participesque
3545 3662 3816 3717 mercedis

2247 3769 2466 3821 eorum;
2504 3764 2700 3809 etcum
2729 3756 2807 3811 eis
2839 3756 3104 3822 laetemur,
3138 3755 3318 3826 adepti
3366 3770 3600 3810 coronas
3639 3755 3818 3808 victo-

2247 3845 2362 3912 riae,
2393 3855 2558 3915 atque
2574 3846 2712 3901 inter
2731 3849 2945 3918 agmina
2962 3864 3150 3902 eorum
3168 3864 3429 3904 canamus
3458 3847 3557 3903 tibi
3583 3846 3817 3918 gloriam

2245 3946 2300 3992 et
2336 3938 2550 3992 laudem
2573 3948 2627 3993 et
2657 3940 2933 4009 unigenito
2956 3938 3092 3994 Filio
3112 3949 3227 3994 tuo.

2316 4029 2570 4100 Populus.
2601 4032 2793 4086 Amen.

2319 4122 2576 4178 Sacerdos
2621 4124 2930 4178 inclinatus.
2967 4124 3475 4184 Commemoramus
3515 4145 3705 4185 coram
3759 4140 3818 4187 te

2249 4215 2353 4270 hoc
2408 4225 2670 4286 tempore,
2721 4215 2970 4281 Domine,
3011 4229 3259 4286 pastores
3289 4235 3447 4275 veros
3477 4233 3529 4276 et
3557 4222 3822 4278 doctores

2250 4309 2494 4361 sinceros
2526 4349 2541 4371 ,
2594 4322 2785 4362 omnes
2823 4305 3012 4362 Patres
3039 4308 3242 4364 electos
3263 4320 3316 4364 et
3334 4311 3545 4379 beatos,
3572 4314 3821 4370 maxime

585 4399 722 4463 suis,
747 4407 801 4451 et
825 4398 1022 4451 virtute
1039 4397 1396 4466 omnipotenti
1423 4409 1512 4450 tua
1534 4398 1730 4451 robora
1755 4398 1893 4459 illos.
1917 4408 1972 4453 et
1995 4416 2144 4455 arma
2176 4396 2224 4454 Ι)
2250 4415 2379 4455 vero
2400 4397 3039 4469 lgnatium,l)ionysium,
3058 4417 3180 4455 cum
3196 4403 3424 4472 reliquis
3437 4404 3652 4459 dilectis
3676 4406 3814 4460 tuis.

585 4486 728 4540 illos.

657 4575 880 4630 Elevans
910 4593 1102 4631 vocem.
1129 4576 1355 4633 Ordines
1381 4578 1544 4632 etiam
1573 4578 1798 4644 militiaa,
1830 4581 2012 4649 copias
2036 4582 2146 4634 hei-

582 4667 739 4732 licas,
771 4668 1021 4736 viresque
1052 4685 1367 4737 regnorum,
1401 4686 1522 4739 quae
1561 4671 1662 4724 sub
1682 4671 1815 4740 jugo
1867 4674 2144 4728 servitutis

582 4758 764 4812 crucis
793 4768 896 4810 tua:
925 4758 1166 4812 victricis
1199 4759 1544 4826 inclinantur,
1570 4770 1623 4814 et
1646 4761 1859 4831 signum
1883 4764 2143 4834 unigeniti

581 4849 705 4903 Filii
750 4851 825 4904 tui
864 4859 1066 4916 tenent,
1099 4861 1356 4921 tanquam
1401 4869 1551 4906 arma
1600 4854 1814 4918 salutis,
1864 4856 2057 4926 adjuva
2088 4869 2142 4914 et

581 4938 754 5000 salva,
783 4936 1026 4992 Domine.
1050 4937 1470 5007 Conjurationes
1499 4942 1740 5012 gentium
1792 4943 2140 5004 inimicarum

640 5052 763 5128 ζ(28)
804 5052 1094 5128 Memento,
1129 5054 1362 5128 Domine,
1415 5075 1592 5128 regum
1617 5061 2044 5121 orthodoxorum.
2077 5067 2134 5123 In

581 5121 703 5177 aliis
726 5124 886 5193 hujus
920 5126 1130 5198 generis
1161 5124 1434 5194 formulis,
1471 5121 1667 5198 quales
1701 5147 2000 5189 occurrunt
2029 5121 2137 5193 non

581 5195 1079 5271 paucaa,_quasda_m
1109 5206 1313 5250 tractas
1338 5213 1404 5271 ex
1435 5195 1600 5271 veteri
1644 5201 1930 5271 diSeiplina
1966 5205 2137 5263 fuisse

580 5265 835 5344 credibile
876 5275 997 5348 est:
1031 5267 1190 5320 istam
1222 5269 1508 5348 non-item.
1530 5268 1662 5348 [Sam
1693 5265 1906 5348 planam
1931 5285 1983 5348 et
2014 5295 2139 5348 per-

579 5334 824 5418 spicuam
837 5335 1137 5418 orationem
1159 5338 1398 5418 continet
1421 5355 1516 5409 pro
1530 5334 1857 5418 Qltt'istiattis
1874 5334 2134 5418 principi--

579 5403 704 5484 bus,
730 5405 1044 5484 utini‘micis
1070 5407 1191 5484 lidei
1207 5403 1527 5484 superiores
1547 5411 1678 5464 liant
1699 5403 1888 5484 divind
1905 5403 2129 5484 auxilio,

579 5483 637 5549 et
664 5489 775 5549 pro
804 5475 1098 5549 inﬁdelium
1139 5475 1517 5544 debellatione,
1569 5482 1714 5549 quod
1761 5498 1868 5549 qua
1921 5475 2132 5544 ratione

579 5498 632 5526 τι
666 5498 761 5542 pro
805 5498 1098 5530 numerium
1139 5498 1517 5544 ueueuattone,
1569 5498 1714 5549 quou
1801 5499 1868 5537 ua
1921 5498 2131 5544 ratione

577 5541 925 5619 Christianis
950 5547 1214 5611 moribus,
1249 5549 1455 5618 legibus
1494 5551 1744 5619 ipsorum
1761 5498 2131 5614 lDrientalium

577 5613 984 5699 ecclesiasticis,
1025 5626 1079 5672 et
1104 5613 1364 5699 exempl-is
1398 5613 1690 5676 convenire
1717 5624 1913 5699 possit,
1960 5630 2133 5699 expli-

579 5695 704 5736 care
728 5684 884 5742 facile
907 5702 1017 5740 non
1046 5698 1147 5744 est.
1182 5684 1316 5744 Nam
1361 5705 1519 5746 orare
1545 5706 1646 5762 pro
1671 5684 2011 5766 principibus
2032 5684 2129 5754 'in-

2319 4495 2541 4550 Elevans
2574 4512 2765 4550 vocem.
2797 4494 2902 4550 Eos
2943 4498 3036 4565 qui
3073 4513 3239 4567 super
3267 4508 3472 4568 petram
3515 4501 3821 4557 inconcus-

2247 4602 2360 4640 sam
2399 4584 2759 4641 confessionis
2790 4588 3121 4655 apostolicze,
3155 4589 3579 4657 aediﬁcat/erunt,
3612 4602 3668 4647 et
3701 4603 3823 4647 sta-

2247 4679 2539 4734 biliverunt
2590 4680 2775 4745 iidem,
2821 4679 3292 4750 extenderuntque
3341 4689 3394 4734 et
3443 4681 3822 4740 dilataverunt

2249 4771 2543 4826 tentorium
2587 4769 2844 4825 Ecclesia:
2889 4781 3016 4838 tum,
3056 4788 3089 4825 a
3126 4773 3325 4826 ﬁnibus
3352 4789 3529 4844 usque
3556 4775 3627 4828 ad
3676 4776 3824 4832 ﬁnes

2252 4872 2447 4918 terrae:
2485 4864 2577 4933 qui
2613 4863 3020 4918 aediﬁcaverunt
3045 4867 3189 4920 ovile
3271 4877 3423 4921 tuum
3459 4869 3511 4922 in
3551 4869 3822 4926 universa

2251 4965 2396 5009 terra
2447 4954 2731 5008 habitabili
2779 4972 2793 5007 :
2847 4957 2937 5024 qui
2978 4957 3032 5010 in
3087 4957 3256 5026 pratis
3298 4959 3701 5029 spiritualibus,
3763 4973 3826 5017 et

2243 5069 2492 5126 fidelibus
2542 5067 2696 5136 jubet
2742 5068 3051 5123 Christiana
3104 5070 3337 5136 religio,
3389 5081 3442 5125 et
3496 5076 3822 5131 testimonia

2245 5113 2422 5196 ἰίἶιῖιῖεἶ
2432 5113 2706 5212 ἶίὲιὲιέξῖιῖιζ
2733 5113 2792 5212 ui
2816 5113 3194 5212 amatam;
3207 5113 3476 5197 iii'sioFiIe
3498 5113 3823 5212 ἰῖΞῑΞὶἱέῗῖἑῖ

2227 5212 2396 5286 ~ciunt
2423 5249 2438 5273 ,
2470 5217 2524 5262 et
2555 5207 2885 5286 Egyptiaca:
2916 5226 3132 5286 quoque
3155 5209 3432 5286 Liturgize,
3461 5207 3541 5286 ad,
3563 5231 3702 5286 quas
3730 5220 3826 5270 vi-

2244 5280 2419 5352 denda
2450 5295 2570 5348 qua:
2597 5280 2924 5352 notavimus.
2961 5280 3143 5352 Neque
3173 5283 3266 5334 ulli
3301 5280 3368 5336 ex
3387 5300 3496 5352 quo
3530 5280 3826 5342 Multame-

2245 5351 2370 5405 dani
2393 5366 2599 5421 rerum
2642 5350 2696 5403 in
2733 5348 2953 5404 Oriente
2983 5351 3138 5420 potiti
3167 5365 3316 5415 sunt,
3361 5348 3648 5421 Jacobitae,
3675 5359 3826 5413 tales

2231 5419 2860 5494 principeshabuerunt,
2891 5419 3082 5494 quales
3109 5422 3210 5476 hac
3240 5425 3489 5479 oratione
3515 5419 3826 5494 designan-

2235 5500 2343 5555 tur,
2383 5491 2529 5558 quod
2558 5491 2762 5544 notavit
2785 5492 2839 5544 in
2883 5492 3294 5548 Commentario
3319 5495 3385 5548 ad
3426 5495 3578 5552 hunc
3624 5491 3824 5554 locum

2233 5559 2519 5621 Barsalibi,
2553 5562 2646 5628 qui
2691 5562 2856 5636 etiam
2903 5563 3544 5636 abbreviariidiptycha,
3598 5572 3704 5624 hac
3737 5571 3822 5624 dc

2231 5645 2396 5711 causa
2425 5639 2674 5711 testatur.
2847 5632 3011 5702 igitur
3044 5632 3280 5711 formula
3305 5629 3448 5691 inter
3484 5629 3829 5711 singulares

2229 5709 2282 5754 et
2308 5699 2596 5754 inusitatas
2626 5701 2840 5758 videtur
2866 5699 3198 5776 reponenda.
