4066 6330
311 226 417 282 613

1754 228 2146 299 umectus.

3447 256 3554 312 0M

306 345 645 415 evangelicis
676 346 1016 409 fortitudinis
1039 362 1166 421 tuae,
1196 365 1467 426 paverunt
1487 370 1618 411 oves
1641 365 1765 411 tuas
1788 371 1876 410 ra-
1902 360 1951 418 Α
1977 355 2191 425 piorum
2223 369 2420 411 animae
2465 356 2738 425 primitias
2771 359 2896 414 vita
2922 359 3131 430 absque
3150 356 3335 419 labore
3349 376 3543 435 elspe-

310 435 567 504 tionales,
614 450 669 495 et
699 456 863 512 super
896 458 1068 514 aquas
1088 447 1289 516 quietis
1316 448 1658 504 deduxerunt
1706 463 1878 518 agnos

309 529 494 598 gregis
523 530 605 585 tui
636 547 652 582 :
687 534 782 603 qui
816 549 1002 591 coram
1026 539 1248 609 regibus
1266 549 1320 595 et
1343 541 1590 611 tyrannis
1618 540 1881 610 praedica-

307 627 509 673 verunt
535 618 885 690 Evangelium
902 634 1078 691 tuum,
1094 637 1150 683 et
1173 643 1357 683 coram
1380 629 1657 699 iudicibus
1680 630 1882 702 iniquis

310 710 778 767 conﬁrmaverunt
824 715 1141 788 religionem
1191 732 1390 775 tuam:
1435 722 1533 791 qui
1584 731 1771 792 gentes
1823 722 1879 776 in

310 802 553 858 tenebris
572 805 901 863 constitutas
929 809 1248 866 direxerunt
1262 820 1426 883 atque
1450 813 1877 870 illustraverunt.

310 891 727 965 docueruntque
748 896 870 953 illas
888 901 1036 969 quod
1065 901 1119 955 in
1150 903 1340 958 umbra
1370 905 1577 960 erroris
1603 906 1877 970 sederent,

309 984 533 1054 illisque
563 986 1082 1046 demonstraverunt
1112 993 1294 1049 lumen
1340 996 1581 1051 scientiae
1614 1006 1740 1051 tuae.
1770 996 1876 1062 Qui

308 1078 522 1133 semina
538 1078 682 1133 bona
713 1080 835 1135 ﬁdei
858 1083 1266 1141 seminaverunt
1288 1087 1342 1141 in
1362 1089 1522 1142 terris
1544 1089 1875 1156 animarum,

305 1179 361 1225 et
390 1182 767 1241 purgaverunt
792 1190 953 1244 agros
975 1176 1126 1247 sylva
1147 1178 1428 1247 spinarum
1458 1187 1512 1234 et
1540 1180 1877 1236 zizaniorum

304 1264 515 1330 Peccali
549 1263 681 1333 iqui
719 1267 952 1336 propriis
981 1269 1327 1338 passionibus
1356 1270 1687 1326 reduxerunt
1706 1274 1878 1342 capti-

309 1352 533 1408 vitatem
569 1357 759 1426 populi
805 1360 881 1412 tui
910 1375 941 1414 a
967 1370 1234 1430 potestate
1277 1362 1400 1417 duri
1436 1373 1492 1419 et
1538 1365 1785 1435 maligni,
1824 1374 1878 1420 et

312 1445 581 1513 sanguine
624 1446 897 1502 cervicum
950 1466 1171 1505 suarum
1220 1451 1590 1509 liberaverunt
1636 1472 1757 1511 eam
1807 1458 1876 1511 ab

310 1539 669 1608 oppressione
687 1541 918 1626 .rebellis
965 1543 1160 1600 illius:
1198 1542 1267 1601 Ut
1315 1560 1413 1616 per
1463 1547 1875 1618 deprecationcs

304 1645 498 1686 eor-tun
528 1632 953 1703 propitiatorias,
996 1644 1052 1690 et
1098 1652 1195 1707 per
1239 1638 1655 1697 obsecrationes
1681 1658 1870 1697 eorum

1981 447 2291 519 ctant(29),
2331 456 2387 503 et
2426 449 2650 518 spiritus
2675 452 2947 520 iustorum
2983 453 3050 506 ad
3082 452 3243 507 linem
3266 458 3552 524 promissa:

1985 536 2253 590 mercedis
2279 536 2485 605 pariter
2511 540 2802 594 attendunt
2836 556 2848 591 :
2890 540 2942 594 in
2977 556 3040 595 ea
3064 536 3403 611 regione'ubi
3422 561 3553 615 ope-

1980 628 2112 682 rarii
2141 639 2196 683 et
2222 627 2433 699 fatigati
2490 632 2809 700 paradisum
2841 634 3133 704 aspiciunt,
3164 645 3218 691 et
3245 637 3456 694 invitati
3483 641 3551 695 ad

1980 718 2200 787 nuptias
2225 735 2486 788 sponsum
2520 722 2795 777 caelestem
2844 724 3155 781 desiderant
3187 743 3201 778 :
3237 729 3329 783 ubi
3371 732 3551 787 vocati

1979 807 2046 861 ad
2094 809 2430 876 convivium,
2486 820 2544 866 ut
2593 814 2893 868 ascendant
2939 816 3348 886 praestolamur,
3389 825 3444 876 et
3492 832 3554 879 ut

1978 898 2178 953 stolam
2205 900 2354 955 illam
2382 916 2578 957 novam
2611 904 2796 974 gloriae
2814 906 3107 976 accipiant,
3144 911 3397 967 ardenter
3418 930 3550 971 cono

1977 980 2265 1059 cupiscunt
2297 1007 2312 1044 :
2346 993 2488 1047 unde
2519 994 2719 1050 absunt
2745 998 3175 1066 mmstitudines,
3224 1013 3277 1057 et
3299 1005 3389 1059 ubi
3416 1023 3551 1076 gau-

1978 1081 2066 1135 dia
2101 1083 2447 1151 reperiuntur
2474 1102 2487 1138 :
2522 1100 2665 1139 unus
2692 1086 2837 1141 enim
2864 1088 3091 1144 omnino
3116 1099 3170 1145 et
3212 1093 3365 1148 solus
3395 1095 3550 1151 visus

1976 1182 2061 1227 est
2090 1190 2197 1227 non
2223 1175 2467 1229 irretitus
2490 1177 2839 1245 passionibus
2862 1181 3090 1247 peceati,
3115 1197 3181 1236 ex
3201 1183 3307 1239 illis
3330 1186 3423 1255 qui
3448 1187 3551 1241 hu-

1979 1280 2142 1319 mano
2164 1280 2394 1335 corpore
2422 1267 2597 1321 induti
2621 1268 3090 1334 fuerunt,scilicet
3110 1272 3269 1330 Jesus
3296 1276 3550 1335 Christus

1981 1355 2244 1413 Dominus
2273 1368 2456 1414 noster
2500 1362 2814 1433 unigenitus
2844 1362 3015 1419 Filius
3066 1376 3214 1432 tuus,
3247 1385 3344 1439 per
3383 1387 3549 1441 quem

1978 1462 2081 1502 nos
2109 1449 2272 1503 etiam
2297 1465 2583 1519 speramus
2612 1453 3046 1511 misericordiam
3071 1461 3355 1530 consequi,
3381 1472 3487 1518 etc.

2048 1539 2308 1609 Populus.
2342 1541 2589 1608 Quietem
2618 1556 2835 1615 praesta.

2046 1627 2305 1684 Sacerdos
2378 1632 2583 1687 elevans
2670 1652 2863 1691 vocem.
2916 1636 3116 1707 Aufer,
3181 1639 3428 1711 ignosce,
3495 1653 3549 1700 et

306 1724 671 1794 acceptabiles
714 1741 901 1781 coram
937 1736 1008 1793 te,
1053 1731 1326 1786 concedas
1355 1732 1517 1788 nobis
1549 1749 1732 1791 mores
1770 1752 1869 1793 ca-
1903 1702 1946 1757 Β
1979 1722 2099 1777 dele
2153 1733 2374 1793 Ρθοεθῑει
2424 1738 2641 1792 ηοειΐθο
2667 1726 2834 1796 Deus.
2884 1744 3008 1800 qua?
3047 1733 3427 1790 commiSimus
3453 1753 3548 1807 Per

305 1823 441 1881 stos,
472 1825 527 1871 et
556 1816 935 1887 inculpabiles,
962 1819 1122 1874 ﬁdem
1149 1830 1377 1890 rectam,
1405 1824 1871 1896 etincorruptam,

305 1905 472 1961 vitam
502 1916 732 1975 castam,
760 1925 936 1980 neque
964 1913 1361 1981 perturbationi
1392 1916 1706 1984 obnoxiam,
1732 1920 1875 1977 dona

308 1997 562 2052 sublimia
607 2008 659 2054 et
714 2010 925 2067 sancta,
975 2003 1352 2060 liberationem
1401 2022 1432 2061 a
1478 2009 1873 2067 tentationibus

306 2090 554 2158 asperis:
584 2091 763 2146 exitus
792 2102 1010 2162 paratos
1040 2104 1095 2150 et
1123 2095 1540 2166 insuperabiles,
1585 2099 1748 2155 ﬁnem
1772 2102 1857 2156 bo.

304 2196 436 2235 num
488 2189 544 2236 et
592 2181 1010 2251 immutabilem,
1072 2186 1212 2241 bona
1272 2189 1607 2259 amplissima
1649 2201 1701 2247 et
1746 2208 1873 2263 pro-

304 2269 512 2336 missa,
574 2269 797 2327 delicias
845 2282 1263 2343 permanentes,
1320 2275 1688 2332 hereditatem
1744 2296 1868 2337 cum

306 2358 546 2427 sanctis,
576 2360 831 2416 ﬁduciam
864 2363 1043 2417 standi
1085 2378 1273 2418 coram
1302 2365 1441 2420 solio
1484 2375 1578 2422 tuo
1609 2368 1865 2435 terribili,

303 2450 437 2520 quia
463 2459 515 2505 tu
544 2452 863 2508 misericors
884 2467 964 2519 es,
997 2461 1052 2508 et
1081 2455 1264 2525 largus
1294 2455 1348 2509 in
1376 2458 1717 2527 muneribus,
1744 2461 1869 2515 tibi-

302 2554 413 2610 que
436 2539 664 2610 gloriam
698 2550 752 2595 et
777 2540 992 2597 laudem
1016 2541 1337 2609 referemus,
1359 2553 1464 2599 etc.

372 2629 632 2698 Populus.
665 2630 861 2685 Amen.

375 2721 634 2777 Sacerdos
661 2721 974 2776 inclinatus.
1006 2721 1073 2777 Et
1096 2723 1163 2778 ad
1193 2723 1365 2778 altare
1392 2733 1549 2780 tuum
1585 2725 1868 2797 spirituale

301 2824 356 2870 et
384 2823 657 2876 sanctum,
686 2812 933 2879 Domine,
982 2825 1178 2884 praesta
1235 2817 1491 2886 quietem,
1549 2820 1868 2872 memoriam

305 2906 501 2959 bonam
532 2916 587 2961 et
606 2904 919 2965 felicitatem
940 2906 1195 2962 omnibus
1223 2908 1531 2975 animabus,
1548 2912 1871 2979 corporibus

1978 1815 2240 1872 remissas
2280 1818 2641 1888 cogitationes
2668 1862 2683 1888 ,
2719 1828 2774 1875 et
2820 1839 2942 1892 quae
2983 1840 3013 1878 a
3072 1826 3305 1894 pueritia
3365 1841 3546 1887 nostra

1976 1910 2044 1963 ad
2093 1918 2425 1966 senectutem
2477 1929 2672 1984 usque,
2728 1927 2914 1985 aperta
2967 1927 3019 1972 et
3055 1930 3182 1974 nota
3209 1931 3357 1989 sunt,
3405 1922 3549 1981 Deus

1978 2009 2206 2055 noster:
2261 2003 2565 2059 voluntaria
2639 2006 2754 2062 sive
2824 2009 3221 2079 involuntaria,
3284 2030 3345 2067 ea
3410 2031 3549 2084 pra:-

1975 2094 2166 2147 sertim
2208 2096 2410 2164 quibus
2454 2096 2509 2151 in
2557 2099 2760 2153 saeculo
2805 2102 2924 2155 sine
2967 2103 3105 2166 line,
3158 2106 3543 2163 condemnatio

1972 2195 2277 2254 praeparata
2310 2196 2413 2242 est.
2455 2187 2531 2241 Da
2562 2190 2721 2244 nobis
2756 2200 2813 2246 ut
2840 2193 3062 2262 quando
3091 2194 3219 2265 iusti
3254 2196 3307 2250 in
3348 2198 3543 2255 horrea

1974 2278 2136 2333 tritici
2166 2278 2571 2345 deferentur,et
2599 2283 2921 2353 impiiquasi
2942 2287 3095 2356 palea
3124 2290 3541 2360 comburuntur,

1971 2377 2031 2423 ut
2063 2369 2204 2424 inter
2238 2372 2457 2441 agmina
2513 2384 2829 2430 sanctorum
2878 2386 3096 2434 tuorum
3139 2383 3421 2438 laudemus
3461 2395 3542 2453 te,

1968 2469 2174 2515 etcum
2208 2462 2415 2532 angelis
2463 2464 2571 2518 tuis
2603 2480 2869 2521 canamus
2895 2469 3180 2527 dicentes:
3218 2472 3543 2533 Benedictus

1968 2552 2056 2607 ille
2084 2554 2177 2623 qui
2204 2554 2351 2608 venit
2379 2556 2445 2609 ad
2474 2557 2703 2610 salutem
2731 2570 2994 2627 nostram,
3023 2572 3076 2617 et
3107 2579 3254 2619 nunc
3300 2570 3446 2622 Venit
3474 2571 3541 2624 ad

1969 2643 2376 2700 innovationem
2406 2658 2673 2729 nostram,
2704 2658 2763 2703 ut
2796 2650 2846 2702 in
2878 2651 2982 2705 hoc
3009 2652 3151 2708 sicut
3176 2665 3229 2710 et
3268 2657 3319 2709 in
3355 2661 3538 2712 omni—

1968 2736 2089 2803 bus,
2114 2738 2183 2792 ab
2203 2740 2457 2794 omnibus
2475 2724 2802 2810 gloriﬁcetur
2819 2751 2873 2796 et
2896 2744 3148 2800 laudetur
3165 2762 3361 2803 nomen
3387 2761 3537 2808 tuum

1970 2827 2347 2884 honorandum
2377 2839 2431 2885 et
2457 2832 2823 2899 benedictum,
2859 2845 2910 2888 et
2937 2836 3097 2891 simul
3128 2836 3343 2895 Domini
3368 2843 3541 2898 nostri

1971 2922 2097 2979 Jesn
2123 2924 2347 2993 Christi,
2381 2938 2432 2982 et
2465 2926 2700 2998 Spiritus
2728 2932 2805 2985 tui
2837 2932 3033 2999 sancti,
3060 2949 3227 3002 nunc,
3254 2946 3361 2992 etc.

301 3004 357 3049 et
385 2995 693 3065 spiritibus,
741 3006 977 3066 patrum,
1010 2995 1239 3051 fratrum
1268 3008 1323 3054 et
1354 3002 1737 3071 magistrorum
1770 3019 1869 3059 uo-
1895 3036 1938 3093 ο
2046 3007 2303 3079 Populus.
2335 2995 2509 3069 Sicut.

300 3094 544 3142 ttrorum
567 3085 835 3152 omnium,
862 3089 1229 3158 corporalium
1254 3102 1349 3144 aut
1372 3091 1866 3162 spiritualium,qui

298 3178 355 3232 in
378 3180 695 3249 regionibus
717 3180 1157 3251 quibuscunque,
1208 3181 1542 3249 civitatibus,
1583 3194 1675 3239 aut
1697 3186 1867 3254 parti-

299 3268 405 3324 bus
430 3268 674 3324 defuncti
704 3278 851 3334 sunt,
875 3280 971 3325 aut
996 3271 1244 3327 suﬁ'ocati
1277 3272 1332 3326 in
1361 3276 1523 3340 mari,
1565 3276 1649 3330 vel
1683 3275 1866 3330 flumi-

297 3362 485 3426 nibus,
520 3370 615 3416 aut
643 3362 697 3416 in
746 3362 937 3416 itinere
959 3361 1233 3430 obierunt,
1256 3374 1310 3418 et
1338 3379 1572 3434 quorum
1603 3369 1864 3423 memoria

296 3450 444 3508 facta
471 3468 580 3507 non
616 3462 700 3508 est
725 3452 777 3507 in
815 3452 1075 3509 Ecclesiis
1101 3469 1265 3523 super
1291 3464 1490 3511 terram
1524 3460 1861 3516 constitutis.

297 3541 414 3607 Tu,
453 3541 719 3610 Domine,
759 3553 959 3613 praesta
1002 3544 1112 3599 illis
1140 3547 1459 3602 memoriam
1492 3548 1688 3604 bonam
1711 3590 1726 3613 ,
1771 3553 1862 3621 qui

295 3634 540 3691 defuncti
577 3644 709 3690 sunt
739 3644 791 3690 et
830 3637 897 3690 ad
930 3645 981 3691 te
1022 3636 1414 3707 migraverunt,
1455 3640 1509 3696 in
1538 3642 1643 3698 ﬁde
1672 3644 1863 3698 ortho-

293 3726 467 3792 doxa,
499 3725 664 3780 simul
687 3740 811 3779 cum
840 3725 967 3791 illis,
1002 3739 1240 3795 quorum
1275 3730 1498 3783 nomina
1523 3730 1578 3784 in
1604 3730 1744 3784 libro
1768 3740 1861 3787 tuo

294 3818 427 3871 vitae
448 3817 765 3886 consignata
796 3826 943 3871 sunt.

373 3906 597 3963 Elecans
642 3924 835 3963 vocem.
866 3907 977 3962 lllis
1022 3909 1281 3965 omnibus
1327 3912 1421 3982 qui
1465 3912 1701 3968 stadium
1740 3915 1862 3971 vita:

293 4003 689 4068 decurrentes,
724 4001 948 4071 perfecti
996 4011 1049 4057 et
1102 4003 1344 4073 pmclari
1375 4020 1562 4060 coram
1603 4016 1656 4062 te
1697 4023 1861 4078 appa-

296 4102 533 4150 ruerunt
568 4102 620 4149 et
648 4108 716 4148 ex
747 4094 1069 4150 delictorum
1098 4096 1289 4168 pelago
1314 4098 1529 4153 liberati
1564 4101 1631 4155 ad
1656 4110 1709 4155 te
1737 4117 1859 4171 per-

294 4194 588 4252 venerunt,
619 4185 865 4256 patribus
912 4195 967 4241 et
999 4186 1261 4242 fratribus
1306 4189 1510 4246 nostris
1556 4196 1857 4249 secundum

294 4293 520 4335 carnem
574 4286 629 4332 et
658 4276 911 4347 spiritum
942 4293 956 4329 :
997 4277 1257 4335 fratribus
1286 4280 1506 4351 inquam
1535 4286 1734 4341 nostris
1769 4303 1858 4342 se-

2041 3099 2317 3157 Sacerdos.
2344 3103 2476 3159 Pax.

2039 3194 2297 3265 Populus.
2323 3195 2391 3251 Et
2417 3212 2542 3252 cum
2579 3198 2772 3269 spiritu
2798 3210 2915 3259 tuo.

2038 3286 2315 3343 Sacerdos.
2341 3287 2728 3346 Misericordia:
2748 3291 2841 3347 Dei
2870 3295 3000 3363 sint,
3025 3306 3133 3354 etc.

2035 3378 2294 3449 Populus.
2320 3379 2383 3435 Et
2408 3398 2531 3436 cum
2557 3384 2748 3451 spiritu
2787 3394 2902 3441 tuo.

2036 3473 2329 3529 Diaconos.
2358 3475 2620 3544 Angelus,
2650 3486 2759 3534 etc.

2040 3563 2295 3620 Sacerdos
2325 3567 2525 3637 frangit
2564 3568 2820 3626 oblatam.
2857 3572 3122 3630 Diaconus
3152 3578 3287 3632 dicit
3336 3581 3535 3638 Callio-

1964 3657 2145 3712 licam.

2035 3748 2289 3804 Sacerdos
2311 3752 2442 3805 dicit
2474 3752 2776 3809 Orationem
2803 3766 2925 3811 ante
2953 3757 3116 3813 Pater
3148 3773 3351 3819 noster.

2033 3841 2287 3913 Deusqni
2314 3859 2408 3912 per
2425 3844 2675 3914 spiritum
2702 3856 2854 3901 tuum
2884 3849 3098 3906 locutus
3124 3869 3182 3908 es
3212 3854 3265 3907 in
3293 3856 3531 3925 prophe~

1961 3932 2054 4000 tis,
2080 3941 2134 3987 et
2160 3933 2463 4003 praedicasti
2490 3951 2585 4005 per
2615 3939 2895 4007 apostolos
2924 3940 3227 3996 doctrinam
3254 3943 3528 4001 suﬂicien—

1961 4034 2069 4079 tem
2116 4025 2184 4079 ad
2240 4025 2617 4095 inspirandam
2644 4029 2919 4085 mentibus
2945 4032 3147 4088 nostris
3178 4035 3524 4104 sapientiam,

1961 4123 2015 4169 et
2037 4131 2134 4185 per
2163 4131 2258 4169 eos
2282 4117 2680 4173 commendasti
2704 4119 2837 4174 illud
2867 4122 3013 4190 quod
3050 4139 3244 4180 sensus
3271 4126 3528 4194 spiritua-

1960 4204 2037 4260 les
2064 4205 2261 4261 anima:
2284 4218 2559 4277 purgaret,
2586 4211 2795 4279 etquod
2815 4212 2954 4266 ostia
2978 4222 3162 4282 aperta
3191 4215 3381 4285 capitis
3403 4233 3529 4273 cor-

1959 4297 2111 4368 poris
2138 4298 2310 4352 nostri
2342 4303 2629 4355 mundaret
2656 4320 2670 4357 :
2698 4303 3055 4360 obsecramus
3086 4314 3141 4360 et
3168 4308 3527 4377 deprecamur

290 4368 538 4424 cundum
590 4383 789 4438 corpus
833 4378 889 4424 ει
942 4370 1242 4425 secundum
1296 4372 1570 4441 “limam.
1621 4378 1856 4447 quietem
1893 4370 1936 4425 Ῐ)
1962 4404 2201 4443 amorem
2234 4405 2363 4461 erga
2412 4391 2664 4447 homines
2702 4402 2880 4462 tuum,
2920 4405 2973 4450 et
3013 4397 3335 4454 charitatem
3372 4408 3522 4456 tuam

288 4471 512 4530 praesta,
535 4458 785 4527 Domine,
813 4460 867 4515 in
900 4462 1021 4516 sinu
1052 4462 1143 4516 illo
1173 4464 1440 4533 Spirituali
1460 4474 1514 4521 et
1538 4484 1754 4540 magno.
1784 4471 1859 4527 Da

288 4552 409 4607 illis
431 4552 685 4621 spiritum
714 4552 897 4622 gaudii
930 4554 983 4607 in
1017 4554 1344 4610 habitaculis
1379 4558 1519 4614 lucis
1558 4571 1610 4615 et
1642 4563 1857 4628 laetitiae,

286 4641 349 4697 in
389 4643 756 4697 tabernaculis
798 4643 1006 4699 umbra:
1029 4655 1082 4699 et
1110 4647 1331 4715 quietis,
1358 4658 1412 4703 et
1453 4651 1722 4708 thesauris
1761 4646 1857 4708 vo-

285 4737 590 4805 luptatum,
634 4736 779 4789 unde
823 4734 983 4807 longe
1016 4740 1172 4793 abest
1220 4741 1399 4795 omnis
1446 4745 1727 4808 maestitia,
1762 4748 1855 4802 ubi

369 4849 483 4920 (29-)
540 4848 640 4904 Ubi
656 4852 863 4928 piorum
885 4853 1079 4928 animo:
1100 4855 1364 4923 primitias
1391 4857 1511 4912 cita:
1550 4860 1741 4928 absque
1770 4861 1853 4915 ια.

287 4923 417 4976 bore
430 4931 751 4996 exspeftant.
772 4921 950 4977 Locus
963 4923 1084 4996 iste,
1101 4921 1287 4994 etquae
1302 4939 1604 4996 sequuntur
1619 4921 1684 4982 ad
1702 4945 1853 4985 com-

287 4990 529 5069 munem
561 4990 871 5069 Graecorum
918 4990 1225 5069 opinionem
1272 4990 1521 5069 videntur
1549 5000 1852 5069 referenda,

288 5062 398 5137 qui
433 5061 901 5137 animaspiorum
942 5061 1227 5137 usquead
1274 5067 1448 5121 ultimi
1476 5067 1668 5137 judicii
1709 5061 1852 5125 diem

286 5131 503 5188 cmlesti
529 5131 861 5208 beatitudine
891 5148 997 5208 non
1027 5131 1230 5208 perfrui
1260 5131 1611 5202 existimant;
1651 5154 1756 5208 qua
1788 5141 1856 5197 de

288 5202 663 5281 re,_maxima
702 5201 967 5281 Ferrariaa
999 5201 1058 5281 et
1081 5203 1369 5281 Florentiae
1407 5201 1683 5281 contentio
1715 5210 1851 5281 fuit,

290 5281 358 5327 ut
384 5270 831 5346 de_Purgato_rio:
854 5274 1148 5346 quiauduaa
1177 5276 1281 5330 illae
1313 5279 1647 5346 quaestiones
1678 5270 1854 5334 maxil

288 5359 441 5419 ruam
461 5344 597 5419 inter
627 5358 685 5398 se
708 5342 1268 5419 habentaﬁimtatcm.
1397 5350 1501 5402 hoc
1531 5361 1854 5419 argumento

285 5414 415 5469 fuse
455 5415 665 5468 dictum
704 5422 788 5467 est
835 5412 962 5468 alibi
1009 5426 1057 5469 ι.
1114 5416 1257 5471 Sane
1285 5412 1621 5472 Graecorum'
1636 5420 1702 5473 de
1733 5421 1853 5475 ani-

284 5498 507 5541 marum
539 5493 662 5561 post
699 5496 929 5537 mortem
968 5485 1311 5549 conditione.
1349 5489 1620 5546 absurdas
1657 5491 1850 5561 opina-

362 5632 390 5661 ι
435 5619 586 5683 Pero.
614 5630 653 5675 t.
688 5617 810 5685 v,1.
846 5635 962 5685 vni,
987 5636 1035 5675 c.
1065 5621 1119 5677 9.

1960 4480 2241 4546 eximiam,
2272 4491 2329 4535 ut
2361 4483 2575 4551 aperias
2604 4499 2765 4539 aures
2806 4487 3054 4540 cordium
3105 4498 3420 4545 nostrorum
3453 4493 3521 4546 ad

1960 4569 2285 4624 audiendam
2329 4568 2640 4627 Orationem
2690 4572 3055 4643 Dominicam,
3105 4594 3227 4648 quze
3270 4580 3386 4649 ipsa
3439 4591 3523 4637 est

1961 4677 2129 4731 quam
2178 4659 2446 4717 Dominus
2485 4672 2539 4717 et
2575 4662 2717 4720 Deus
2772 4676 2959 4720 noster
2999 4668 3310 4738 unigenitus
3351 4670 3521 4728 Filius

1961 4762 2112 4821 tuus,
2161 4754 2388 4811 initiatis
2431 4756 2688 4826 mysterio
2727 4773 2826 4813 suo
2884 4768 2940 4813 et
2993 4758 3356 4818 familiaribus
3402 4765 3520 4821 suis

1956 4887 2153 4961 tiones,
2185 4885 2552 4961 Orientalibus
2590 4890 2806 4961 ignotas
2831 4908 2952 4947 esse
2976 4894 3340 4950 certissimum
3364 4897 3517 4953 vide-

1959 4965 2066 5037 tur.
2101 4956 2261 5037 Quod
2291 4974 2422 5012 vero
2448 4956 2728 5037 beatorum
2764 4964 2960 5037 animae
2989 4965 3264 5020 cmlestem
3288 4968 3513 5037 gloriam

1956 5026 2172 5106 plenam
2214 5035 2374 5097 atque
2410 5028 2705 5106 perfectam
2744 5033 2816 5106 a_d_
2859 5032 3107 5106 ultimum
3157 5026 3328 5106 usque
3368 5038 3517 5104 judi—

1957 5097 2101 5150 cium
2136 5107 2472 5185 exspecteiit,
2516 5100 2735 5169 scripsit
2766 5101 2946 5185 Moses
2973 5097 3254 5185 Barcepha
3282 5107 3335 5159 in
3368 5097 3513 5160 Tra-

1956 5174 2103 5243 cta_tu
2137 5166 2200 5243 de
2224 5166 2521 5243 Paradiso,
2559 5166 2723 5243 atque
2764 5172 2837 5226 ita
2871 5174 2983 5226 tieri
3011 5166 3206 5243 potuit,
3243 5186 3298 5230 ut
3323 5186 3515 5231 auctor

1957 5236 2122 5326 hujus
2138 5235 2394 5326 Iliturgim
2412 5254 2465 5292 Ill
2485 5235 2670 5326 eadem
2693 5244 2957 5326 sententia
2983 5235 3299 5326 fuerit,ct_tm
3318 5261 3513 5326 magna

1952 5306 2022 5361 sit
2048 5306 2212 5361 Mosis
2243 5306 2388 5363 illius
2404 5310 2544 5378 apud
2569 5308 2845 5366 Jacobitas
2877 5328 3008 5368 suos
3030 5306 3350 5369 auctoritas.
3370 5306 3514 5371 Nihil

1950 5384 2132 5430 tamen
2179 5378 2363 5433 obstat
2405 5380 2537 5456 quin
2580 5380 2811 5456 figurata
2855 5384 2972 5456 haec
3012 5384 3318 5456 oratio,_de
3348 5386 3514 5456 plena

1949 5457 2436 5520 consummataque
2463 5449 2799 5507 beatitudine
2821 5454 2995 5524 possit
3025 5453 3277 5526 intelligi.

3524 5618 3535 5651 α

3566 5646 3593 5712 ι.
