4066 6330
513 242 620 299 615

1082 238 1137 293 S.
1173 237 1602 293 CLEMENTISI
1642 238 1806 293 ROM.
1847 234 2046 292 PONT.
2086 237 2313 295 OPERA
2352 241 2575 298 DUBIA.
2612 238 3092 298 —LITURGICA.

3649 242 3748 298 616

512 357 735 415 "adid"
755 399 768 423 ν
798 356 851 411 in
883 370 991 425 qua
1013 354 1330 424 οοιιεῖεηεῑιι
1357 361 1485 407 sum
1507 360 1772 422 Ρτωωρῑε
1809 361 1865 404 ει
1897 364 2084 404 ποτιῐη
2116 357 2158 412 Δ
2188 363 2242 408 et
2277 354 2557 425 sanguinis
2602 353 2777 409 sancti
2830 368 2952 421 quae
2989 354 3043 409 in
3094 356 3175 409 eis
3196 364 3326 410 sunt
3347 397 3363 422 ,
3414 371 3749 413 mereremur

512 448 809 521 dirigenda:
841 448 965 503 vita!
1004 457 1242 509 nostras;
1280 456 1334 501 et
1372 460 1499 500 curn
1539 443 1757 509 ﬁducia,
1787 444 1967 513 qualis
2000 444 2086 496 di—

511 545 682 599 lectos
705 542 847 596 filios
876 541 1051 603 decet,
1082 540 1400 593 invocemus
1431 546 1483 591 te
1508 534 1677 590 Deum
1718 535 1932 589 Patrem
1974 548 2087 589 cre-

512 637 725 703 lestcm,
749 648 972 690 oremus
1002 642 1056 687 et
1077 632 1326 687 dicamus
1358 649 1372 685 :
1406 628 1569 684 Pater
1588 628 1900 698 noster,qui
1929 643 1989 682 es
2029 628 2085 681 in

510 731 686 786 caelis.

584 844 843 915 Populus.
874 840 1277 905 Sanctilicetur,
1308 846 1413 892 etc.

584 938 840 994 Sacerdos
866 935 1069 988 elevans
1094 948 1287 986 vocem.
1320 928 1481 984 Pater
1513 928 1722 999 gratiae.
1756 942 1785 979 a
1818 941 1926 995 quo
1960 939 2084 993 pro-

513 1032 657 1087 cedit
688 1039 741 1083 et
788 1028 964 1082 oritur
1012 1026 1274 1079 sanctitas
1307 1021 1535 1085 sanctis,
1568 1019 1821 1075 adveniat
1858 1031 2083 1087 regnum

512 1134 689 1184 tuum,
719 1121 862 1191 quod
908 1124 1129 1186 supcrat
1170 1114 1357 1170 omnia
1395 1128 1584 1182 regna,
1629 1110 1695 1163 ad
1727 1108 2083 1163 salvationem

512 1225 756 1271 nostram
797 1229 810 1265 :
845 1222 898 1267 et
924 1227 992 1266 ne
1023 1211 1248 1264 inducas
1276 1222 1377 1261 nos
1406 1206 1458 1260 in
1489 1203 1865 1266 tentationcm,
1905 1208 1999 1254 aut
2030 1197 2084 1252 in

512 1308 889 1367 confusionem
939 1312 993 1359 et
1033 1302 1378 1357 alﬂictionem
1416 1313 1428 1349 :
1458 1297 1550 1352 sed
1594 1296 1762 1349 libera
1792 1308 1892 1346 nos
1916 1308 1947 1345 a
1972 1290 2089 1344 vio-

512 1400 677 1455 lentia
703 1397 903 1451 diaboli
928 1404 981 1449 ct
1019 1393 1313 1463 spirituum
1356 1386 1744 1456 malignorum,
1768 1392 1822 1437 et
1849 1380 2086 1453 potentia

511 1490 817 1559 deceptoris
851 1506 865 1541 :
899 1486 1025 1555 quia
1054 1493 1208 1537 tuum
1239 1490 1324 1535 est
1349 1477 1662 1547 imperium,
1688 1474 1865 1546 gloria
1893 1480 1947 1527 et
1980 1486 2083 1542 po-

514 1592 705 1644 testas,
723 1590 777 1634 et
800 1576 1065 1647 unigeniti
1092 1572 1217 1628 Filii
1253 1570 1356 1636 tui,
1385 1581 1439 1625 et
1464 1568 1705 1638 Spiritus
1739 1564 1817 1619 tui
1851 1562 2048 1618 sancti.

581 1673 840 1742 Populus.
874 1671 1067 1723 Amen.

586 1763 863 1818 Sacerdos.
896 1758 1029 1812 Pax.

585 1852 838 1923 Populus.
864 1850 928 1903 Et
963 1864 1086 1902 cum
1106 1845 1301 1915 spiritu
1336 1856 1449 1898 tuo.

589 1947 875 1999 Diaconus.
914 1941 1074 2006 Ante,
1113 1948 1217 1993 etc.

584 2037 842 2109 Populus.
871 2035 1069 2091 Coram
1097 2041 1170 2093 te,
1198 2029 1445 2082 Domine.

587 2132 864 2188 Sacerdos.
891 2128 1011 2183 Tibi
1048 2129 1147 2183 soli
1180 2125 1517 2180 inclinantur
1566 2118 1702 2175 colla
1736 2118 1980 2171 omnium
2024 2115 2079 2170 in

512 2224 712 2295 quibus
744 2222 925 2276 anima
958 2219 1080 2273 vitae
1112 2226 1214 2281 est,
1248 2225 1301 2269 et
1331 2230 1360 2268 a
1409 2222 1460 2266 te
1488 2210 1766 2281 postulant
1794 2205 2079 2261 remissio-

515 2333 639 2372 nem
670 2314 915 2370 omnium
962 2306 1498 2382 prmvaricationum,
1532 2319 1654 2373 quas
1683 2318 1777 2371 per
1803 2300 2080 2369 negligen-

513 2416 643 2464 tiam
688 2406 997 2461 commissa:
1042 2412 1191 2458 sunt.
1233 2400 1316 2454 Tu
1366 2408 1546 2452 autem
1592 2410 1688 2466 per
1736 2400 2077 2448 constantem

514 2500 944 2559 misericordiam
978 2506 1124 2552 tuam
1149 2495 1266 2550 dele
1291 2502 1344 2547 et
1371 2491 1523 2546 aufer
1553 2504 1742 2544 omnes
1769 2486 2083 2556 iniquitates

517 2604 757 2656 nostras,
782 2601 835 2647 et
866 2606 1029 2663 parce
1057 2588 1215 2643 nobis
1247 2602 1340 2656 per
1367 2598 1609 2638 amorem
1638 2591 1789 2634 tuum
1824 2592 1950 2649 erga
1982 2577 2077 2630 ho-

515 2689 710 2742 mines.
746 2683 920 2738 Etiam
948 2690 1145 2752 pra-sta
1179 2679 1358 2743 nobis,
1410 2686 1469 2729 ut
1516 2689 1639 2727 eum
1692 2672 1887 2724 animae
1922 2675 2080 2721 cauta

513 2778 932 2849 praeparatione,
956 2784 1011 2832 et
1040 2774 1222 2830 cordis
1253 2768 1539 2830 munditic,
1574 2764 1780 2820 sanctis
1803 2762 1911 2816 tuis
1939 2775 2084 2815 com-

516 2872 878 2933 municemus,
916 2877 971 2922 et
999 2867 1107 2922 sint
1152 2864 1311 2919 nobis
1357 2863 1412 2915 in‘
1452 2861 1649 2929 pignus
1683 2853 1977 2924 voluptatis
2026 2851 2081 2905 in

514 2976 778 3021 :eternum
813 2974 1211 3032 permansurae,
1268 2970 1365 3024 per
1401 2951 1631 3022 gratiam
1679 2956 1730 3001 ct
1770 2946 2084 3000 misericor-

515 3058 659 3113 diam
685 3065 738 3111 et.
786 3068 1029 3108 amorem
1058 3065 1185 3118 erga
1222 3044 1470 3100 homines
1509 3040 1780 3112 unigeniti
1820 3037 1941 3093 Filii
1980 3036 2080 3102 tui,
2109 3053 2152 3110 ο

516 3166 608 3220 per
631 3162 813 3217 quem,
847 3157 950 3198 etc.

587 3238 847 3308 Papulas.
876 3237 1075 3288 Amen.

590 3331 871 3385 Sacerdos.
900 3327 1031 3380 Pax.

592 3422 848 3492 Populus.
884 3420 1093 3473 Etcum
1126 3418 1318 3488 spiritu
1347 3424 1462 3469 tuo.

589 3514 870 3569 Sacerdos.
907 3513 1008 3566 Sit.

590 3608 879 3661 Diaconus.
902 3605 1039 3659 Cum
1070 3606 1287 3668 timore,
1318 3610 1423 3655 etc.

589 3697 861 3755 Sacerdos.
902 3696 1100 3750 Sancta
1129 3693 1354 3765 sanctis,

589 3791 844 3862 Populus.
876 3788 1030 3844 Unus
1061 3787 1219 3841 Pater
1246 3794 1487 3840 sanctus.

590 3882 879 3937 Diaconus.
908 3879 1125 3933 Stemus
1158 3879 1432 3931 decenter.

590 3975 849 4046 Populus.
880 3973 1094 4028 Gratias
1112 3971 1347 4041 agimus.

590 4066 865 4124 Sacerdos.
900 4064 1077 4127 Nunc,
1104 4064 1351 4126 Domine,
1384 4061 1605 4130 quando
1636 4057 2083 4129 quidem-Invita-

494 4169 607 4221 ,tos
626 4159 698 4213 ad
736 4172 959 4228 regnum
985 4165 1137 4209 tuum
1181 4152 1358 4207 fecisti
1386 4166 1512 4213 nos,
1550 4165 1647 4220 per
1681 4148 2081 4217 susceptionem

518 4263 985 4307 sacramentorum
1007 4257 1224 4302 tuorum
1252 4252 1566 4301 sanctorum
1591 4251 1643 4297 et
1663 4240 2079 4303 vivilicantium,

522 4343 720 4413 quibus
746 4344 937 4413 dignos
961 4339 1257 4412 praestitisti
1275 4352 1397 4405 nos,
1423 4336 1496 4390 ita
1521 4345 1578 4390 ut
1602 4344 1807 4404 partem
1835 4333 2081 4403 corporis

2187 447 2461 516 accipere,
2503 457 2668 517 atque
2712 448 3117 503 communicare
3174 447 3351 516 ipsis:
3389 446 3674 519 fecistique
3696 460 3751 505 ut

2185 553 2430 593 essemus
2474 540 2712 594 haeredes
2752 549 3063 594 sanctorum
3092 549 3333 604 tuorum,
3360 523 3604 607 oramus,
3651 544 3750 596 oh-

2185 648 2465 688 secramus
2485 642 2540 688 et
2564 634 2919 703 deprecamur
2952 646 3031 702 te,
3078 650 3113 690 o
3137 636 3399 699 clemens.
3431 644 3492 691 ut
3518 652 3626 689 non
3657 652 3753 691 ex-

2184 725 2371 793 quiras
2398 741 2428 778 a
2455 724 2609 779 nobis
2624 736 2868 781 exactam
2894 726 3040 781 illam
3063 727 3497 795 observationem
3514 738 3568 783 et
3586 730 3753 783 casti-

2185 815 2446 881 moniam,
2472 817 2615 871 circa
2645 818 2735 871 illa
2771 818 3049 887 mysteria,
3083 834 3151 872 ne
3176 818 3605 873 condemnemur
3624 834 3749 875 cum

2185 911 2253 966 iis
2268 912 2361 980 qui
2381 922 2431 966 te
2456 929 2562 967 non
2592 926 2878 979 noverunt,
2912 915 2978 968 ad
3012 915 3288 969 cruciatus
3313 914 3454 983 ignis
3484 915 3752 970 inexstin-

2186 1003 2405 1072 guihilis
2436 1023 2449 1059 :
2487 1006 2579 1060 sed
2611 1021 2705 1075 per
2741 1006 2968 1074 gratiam
3002 1015 3176 1069 tuam,
3206 1022 3330 1059 cum
3364 1007 3489 1061 filiis
3533 1008 3752 1076 nuptia-

2184 1104 2553 1153 rumtuarum
2578 1098 2856 1167 quiescere
2886 1114 2984 1153 nos
3006 1098 3155 1167 jube,
3182 1107 3235 1152 et
3262 1113 3385 1152 cum
3414 1098 3569 1166 agnis
3592 1114 3755 1153 mun-

2186 1188 2271 1243 dis
2296 1188 2350 1242 in
2377 1189 2629 1258 paradiso
2675 1189 2758 1243 fac
2790 1205 2890 1243 nos
2916 1188 3282 1252 discumbere,
3314 1198 3373 1242 ut
3399 1204 3522 1243 cum
3560 1189 3671 1243 illis
3698 1195 3756 1243 et

2188 1284 2330 1340 inter
2358 1298 2453 1340 eos
2480 1285 2772 1339 oﬂ‘cramus
2800 1284 2895 1339 tibi
2924 1285 3149 1354 gloriam
3175 1292 3229 1337 et
3249 1284 3546 1355 gratiarum
3578 1283 3758 1339 actio-

2188 1392 2333 1432 nem.

2261 1489 2516 1559 Populus.
2547 1490 2742 1545 Amen.

2259 1579 2535 1635 Sacerdos.
2567 1580 2699 1635 Pax.

2261 1673 2516 1744 Populus.
2550 1674 2760 1730 Etcum
2789 1674 2979 1744 spiritu
3009 1684 3119 1729 tuo.

2258 1766 2544 1821 Diaconus.
2579 1767 2726 1821 Post.

2258 1857 2514 1927 Populus.
2544 1858 2740 1912 Coram
2773 1868 2841 1923 te,
2879 1858 3122 1914 Domine.

2257 1973 2536 2028 Sacerdos.
2574 1974 2771 2027 Coram
2803 1982 2873 2038 te,
2900 1972 3125 2027 Domine
3160 1972 3301 2029 Deus
3331 1983 3538 2042 noster,
3588 1974 3757 2030 incli-

2187 2084 2383 2123 namus
2397 2068 2531 2121 colla
2553 2066 2860 2121 animarum
2874 2074 2925 2120 et
2946 2081 3234 2136 corporum
3254 2077 3593 2129 nostrorum.
3618 2068 3758 2137 quia

2187 2176 2296 2217 non
2347 2176 2540 2215 sumus
2573 2158 2919 2224 sullicieutes,
2964 2158 3030 2212 ad
3073 2157 3410 2214 referendam
3444 2159 3756 2231 gratiarum

2186 2255 2456 2311 actionem
2493 2254 2759 2324 majestati
2797 2262 2919 2320 tuae,
2976 2254 3166 2324 quales
3214 2254 3537 2309 deberemus
3584 2253 3744 2308 retri-

2181 2348 2347 2403 buere
2380 2349 2445 2403 ad
2478 2357 2656 2419 grates
2680 2347 2917 2418 agendas
2954 2346 3073 2412 tibi,
3103 2347 3196 2401 sed
3223 2346 3322 2402 has
3346 2345 3753 2409 tantummodo,

2182 2442 2307 2510 quia
2338 2442 2520 2497 omnia
2544 2442 2682 2496 dona
2714 2455 3054 2518 qurccunque
3084 2439 3368 2505 habemus,
3401 2454 3466 2495 ex
3513 2449 3566 2492 te
3593 2445 3755 2492 sunt.

2184 2533 2260 2588 Da
2296 2534 2473 2599 nobis,
2507 2534 2753 2599 Domine,
2802 2549 2962 2589 voces
3008 2533 3278 2588 sermonis
3326 2532 3587 2601 dignitate
3620 2532 3756 2585 ani-

2183 2634 2376 2686 matas.
2412 2634 2471 2678 ut
2496 2624 2764 2679 sulliciant
2792 2623 2858 2677 ad
2881 2623 3202 2693 condignam
3227 2622 3759 2690 convenientemque

2186 2716 2262 2769 tui
2294 2716 2679 2769 laudationem.
2730 2712 2776 2768 Ο
2807 2715 3047 2769 clemens
3076 2714 3169 2782 qui
3200 2714 3360 2769 nobis
3403 2714 3527 2767 licet
3580 2713 3755 2767 etiam

2184 2818 2325 2862 terra
2358 2808 2562 2878 indigni
2610 2808 2804 2874 simus,
2841 2807 3022 2863 claves
3065 2805 3308 2863 thesauri
3360 2809 3437 2865 tui
3468 2822 3760 2861 commen-

2183 2900 2342 2963 dasti,
2386 2909 2443 2954 et
2486 2915 2651 2969 super
2674 2915 2902 2969 regnum
2933 2909 3085 2953 tuum
3120 2915 3220 2954 nos
3258 2914 3381 2953 cum
3426 2898 3761 2955 auctoritate

2185 2990 2551 3061 praeposuisti,
2599 2999 2795 3060 praesta
2828 2990 2987 3043 nobis
3037 3000 3099 3043 ut
3128 2990 3181 3042 in
3206 2996 3320 3043 toto
3352 2987 3587 3042 decursu
3626 2988 3762 3041 vitae

2188 3090 2405 3145 nostra,
2452 3080 2570 3149 puri
2597 3096 2787 3134 coram
2824 3088 2874 3133 te
2907 3095 3287 3148 appar-eamus,
3335 3088 3387 3131 et
3436 3095 3465 3133 a
3512 3077 3761 3135 vanitate

2186 3172 2481 3237 mundana,
2512 3188 2541 3226 a
2566 3171 2984 3240 cegitationihus
3015 3170 3265 3235 terrenis,
3291 3185 3322 3223 a
3353 3169 3593 3223 motibus
3620 3183 3762 3235 pas-

2183 3266 2421 3332 sionum,
2446 3273 2499 3319 et
2524 3264 2770 3319 remissis
2815 3262 3253 3333 cogitationibus,
3287 3276 3483 3317 sensus
3528 3271 3762 3315 nostros

2185 3357 2427 3410 occultos
2447 3364 2501 3409 et
2535 3354 2857 3411 manifestos
2885 3368 3102 3408 remove
3129 3371 3141 3405 :
3166 3360 3328 3421 atque
3353 3366 3449 3419 per
3475 3349 3762 3404 fortitudi-

2183 3464 2308 3503 nem
2338 3449 2590 3518 potentia:
2609 3456 2713 3502 tua:
2737 3447 2963 3501 extende
2980 3460 3151 3514 super
3176 3459 3274 3499 nos
3294 3443 3573 3499 dexteram
3598 3452 3759 3497 tuam

2184 3542 2365 3595 omnia
2387 3541 2852 3610 complectentem,
2891 3539 3227 3607 benedieque
3260 3537 3432 3592 servis
3466 3545 3523 3592 et
3553 3536 3762 3597 adora-

2185 3634 2395 3688 toribus
2434 3636 2564 3698 tuis,
2593 3632 2687 3702 qui
2736 3631 2968 3687 salutem
3023 3631 3199 3699 adepti
3244 3639 3372 3685 sunt
3412 3644 3510 3697 per
3549 3644 3759 3683 nomen

2184 3734 2335 3779 tuum
2376 3736 2648 3790 sanctum,
2694 3722 2983 3789 etfaenos
3005 3722 3201 3791 templa
3237 3720 3594 3775 habitationis
3618 3727 3759 3784 tum,

2182 3827 2235 3871 et
2258 3818 2435 3871 locum
2457 3815 2804 3869 habitationis
2827 3814 3011 3883 gloria:
3035 3825 3141 3866 tuae
3173 3830 3187 3866 :
3220 3821 3279 3865 ut
3304 3811 3357 3865 in
3379 3811 3465 3865 die
3489 3809 3583 3864 illo
3605 3824 3760 3864 novo

2186 3918 2242 3963 et
2278 3918 2513 3973 aeterno,
2557 3907 2612 3961 in
2660 3920 2827 3975 regno
2858 3915 2953 3959 tuo
2988 3905 3251 3965 laetemur,
3281 3911 3336 3957 et
3362 3917 3455 3971 per
3484 3910 3534 3955 te
3565 3901 3759 3954 salve-

2184 4018 2325 4065 mur,
2353 4011 2407 4055 et
2437 4000 2737 4055 referamus
2772 3999 2868 4053 tibi
2893 3998 3123 4067 gloriam
3145 4006 3197 4051 et
3232 3997 3530 4066 gratiarum
3568 3995 3758 4049 actio-

2184 4110 2330 4157 nem,
2354 4102 2409 4147 et
2435 4092 2584 4147 Patri
2608 4100 2703 4146 tuo
2734 4100 2788 4146 et
2806 4089 3033 4160 Spiritui
3054 4099 3275 4154 sancto,
3300 4102 3466 4153 nunc,
3490 4094 3600 4145 etc.

2254 4208 2511 4278 Populus.
2551 4208 2745 4263 Amen.

2255 4322 2541 4376 Diaconus.
2572 4320 2828 4387 Benedic,
2860 4318 3107 4382 Domine,
3135 4327 3238 4371 etc.
