  <div class='ocr_page' id='page_1' title='image "/cluster/home/n/w/nwhite01/storage/ocr_20150623/2/hvd.32044073501249/315.png"; bbox 0 0 4066 6330; ppageno 0'>
   <div class='ocr_carea' id='block_1_1' title="bbox 485 286 587 343">
    <p class='ocr_par' dir='ltr' id='par_1_1' title="bbox 485 286 587 343">
     <span class='ocr_line' id='line_1_1' title="bbox 485 286 587 343; baseline -0.02 0"><span class='ocrx_word' id='word_1_1' title='bbox 485 286 587 343; x_wconf 74' lang='grc'><strong>619</strong></span> 
     </span>
    </p>
   </div>
   <div class='ocr_carea' id='block_1_2' title="bbox 1581 283 2619 340">
    <p class='ocr_par' dir='ltr' id='par_1_2' title="bbox 1581 283 2619 340">
     <span class='ocr_line' id='line_1_2' title="bbox 1581 283 2619 340; baseline 0 -1"><span class='ocrx_word' id='word_1_2' title='bbox 1581 284 1914 340; x_wconf 76' lang='lat' dir='ltr'><strong>APPENDIX</strong></span> <span class='ocrx_word' id='word_1_3' title='bbox 1955 284 2047 339; x_wconf 80' lang='lat' dir='ltr'><strong>Al)</strong></span> <span class='ocrx_word' id='word_1_4' title='bbox 2087 286 2143 340; x_wconf 91' lang='lat' dir='ltr'><strong>S.</strong></span> <span class='ocrx_word' id='word_1_5' title='bbox 2183 283 2619 339; x_wconf 81' lang='lat' dir='ltr'><strong>CLEMENTEM.</strong></span> 
     </span>
    </p>
   </div>
   <div class='ocr_carea' id='block_1_3' title="bbox 3610 284 3714 339">
    <p class='ocr_par' dir='ltr' id='par_1_3' title="bbox 3610 284 3714 339">
     <span class='ocr_line' id='line_1_3' title="bbox 3610 284 3714 339; baseline 0 0"><span class='ocrx_word' id='word_1_6' title='bbox 3610 284 3714 339; x_wconf 66' lang='lat'><strong>6&#39;20</strong></span> 
     </span>
    </p>
   </div>
   <div class='ocr_carea' id='block_1_4' title="bbox 481 412 2045 508">
    <p class='ocr_par' dir='ltr' id='par_1_4' title="bbox 481 431 2045 508">
     <span class='ocr_line' id='line_1_4' title="bbox 481 431 2045 508; baseline -0.003 -19"><span class='ocrx_word' id='word_1_7' title='bbox 481 435 625 508; x_wconf 86' lang='lat' dir='ltr'><strong>quod</strong></span> <span class='ocrx_word' id='word_1_8' title='bbox 653 434 717 488; x_wconf 87' lang='lat' dir='ltr'><strong>ad</strong></span> <span class='ocrx_word' id='word_1_9' title='bbox 749 432 1002 486; x_wconf 85' lang='lat' dir='ltr'><strong>Davidcm</strong></span> <span class='ocrx_word' id='word_1_10' title='bbox 1022 431 1159 486; x_wconf 81' lang='lat' dir='ltr'><strong>dixit</strong></span> <span class='ocrx_word' id='word_1_11' title='bbox 1179 474 1192 485; x_wconf 93' lang='lat'><strong>.</strong></span> <span class='ocrx_word' id='word_1_12' title='bbox 1220 431 1297 486; x_wconf 89' lang='lat' dir='ltr'><strong>De</strong></span> <span class='ocrx_word' id='word_1_13' title='bbox 1319 431 1496 501; x_wconf 79' lang='lat' dir='ltr'><strong>fructu</strong></span> <span class='ocrx_word' id='word_1_14' title='bbox 1527 433 1719 484; x_wconf 79' lang='lat' dir='ltr'><strong>ventris</strong></span> <span class='ocrx_word' id='word_1_15' title='bbox 1746 432 1822 485; x_wconf 84' lang='lat' dir='ltr'><strong>tui</strong></span> <span class='ocrx_word' id='word_1_16' title='bbox 1857 449 2045 502; x_wconf 81' lang='lat' dir='ltr'><strong>ponam</strong></span> 
     </span>
    </p>
   </div>
   <div class='ocr_carea' id='block_1_5' title="bbox 2145 412 3720 508">
    <p class='ocr_par' dir='ltr' id='par_1_5' title="bbox 2164 412 3720 499">
     <span class='ocr_line' id='line_1_5' title="bbox 2164 412 3720 499; baseline -0.001 -15"><span class='ocrx_word' id='word_1_17' title='bbox 2164 432 2264 484; x_wconf 73' lang='grc' dir='ltr'>Ἐκ</span> <span class='ocrx_word' id='word_1_18' title='bbox 2292 412 2524 499; x_wconf 61' lang='grc' dir='ltr'>καρποῦ</span> <span class='ocrx_word' id='word_1_19' title='bbox 2576 429 2685 497; x_wconf 78' lang='grc' dir='ltr'>τῆς</span> <span class='ocrx_word' id='word_1_20' title='bbox 2742 428 2982 493; x_wconf 74' lang='grc' dir='ltr'>κοιλίας</span> <span class='ocrx_word' id='word_1_21' title='bbox 3015 444 3129 481; x_wconf 83' lang='grc' dir='ltr'>σου</span> <span class='ocrx_word' id='word_1_22' title='bbox 3177 426 3429 497; x_wconf 80' lang='grc' dir='ltr'><strong>θήσομαι</strong></span> <span class='ocrx_word' id='word_1_23' title='bbox 3476 428 3575 481; x_wconf 78' lang='grc' dir='ltr'><strong>ἐπὶ</strong></span> <span class='ocrx_word' id='word_1_24' title='bbox 3615 429 3720 483; x_wconf 77' lang='grc' dir='ltr'>τοῦ</span> 
     </span>
    </p>
   </div>
   <div class='ocr_carea' id='block_1_6' title="bbox 480 523 2042 599">
    <p class='ocr_par' dir='ltr' id='par_1_6' title="bbox 480 523 2042 599">
     <span class='ocr_line' id='line_1_6' title="bbox 480 523 2042 599; baseline -0.004 -15"><span class='ocrx_word' id='word_1_25' title='bbox 480 545 633 599; x_wconf 75' lang='lat' dir='ltr'><strong>super</strong></span> <span class='ocrx_word' id='word_1_26' title='bbox 669 527 841 581; x_wconf 80' lang='lat' dir='ltr'><strong>sedem</strong></span> <span class='ocrx_word' id='word_1_27' title='bbox 867 534 1013 579; x_wconf 87' lang='lat' dir='ltr'><strong>tuam</strong></span> <span class='ocrx_word' id='word_1_28' title='bbox 1040 538 1089 578; x_wconf 72' lang='grc' dir='ltr'>α.</span> <span class='ocrx_word' id='word_1_29' title='bbox 1117 523 1426 593; x_wconf 77' lang='lat' dir='ltr'><strong>iterumque</strong></span> <span class='ocrx_word' id='word_1_30' title='bbox 1465 539 1561 593; x_wconf 87' lang='lat' dir='ltr'><strong>per</strong></span> <span class='ocrx_word' id='word_1_31' title='bbox 1581 523 1776 579; x_wconf 87' lang='lat' dir='ltr'><strong>Isaiam</strong></span> <span class='ocrx_word' id='word_1_32' title='bbox 1810 525 2042 593; x_wconf 89' lang='lat' dir='ltr'><strong>prophe—</strong></span> 
     </span>
    </p>
   </div>
   <div class='ocr_carea' id='block_1_7' title="bbox 482 616 2040 690">
    <p class='ocr_par' dir='ltr' id='par_1_7' title="bbox 482 616 2040 690">
     <span class='ocr_line' id='line_1_7' title="bbox 482 616 2040 690; baseline -0.006 -12"><span class='ocrx_word' id='word_1_33' title='bbox 482 634 612 688; x_wconf 91' lang='lat' dir='ltr'><strong>tam,</strong></span> <span class='ocrx_word' id='word_1_34' title='bbox 645 620 789 690; x_wconf 90' lang='lat' dir='ltr'><strong>quod</strong></span> <span class='ocrx_word' id='word_1_35' title='bbox 830 616 989 688; x_wconf 83' lang='lat' dir='ltr'><strong>Virgo</strong></span> <span class='ocrx_word' id='word_1_36' title='bbox 1014 618 1065 670; x_wconf 79' lang='lat' dir='ltr'><strong>in</strong></span> <span class='ocrx_word' id='word_1_37' title='bbox 1086 627 1234 670; x_wconf 82' lang='lat' dir='ltr'><strong><em>utero</em></strong></span> <span class='ocrx_word' id='word_1_38' title='bbox 1251 618 1527 685; x_wconf 79' lang='lat' dir='ltr'><strong>concipiet,</strong></span> <span class='ocrx_word' id='word_1_39' title='bbox 1569 626 1618 670; x_wconf 88' lang='lat' dir='ltr'><strong>et</strong></span> <span class='ocrx_word' id='word_1_40' title='bbox 1649 618 1817 686; x_wconf 81' lang='lat' dir='ltr'><strong>pariet</strong></span> <span class='ocrx_word' id='word_1_41' title='bbox 1845 617 2040 686; x_wconf 82' lang='lat' dir='ltr'><strong>ﬁlium,</strong></span> 
     </span>
    </p>
   </div>
   <div class='ocr_carea' id='block_1_8' title="bbox 478 706 1600 776">
    <p class='ocr_par' dir='ltr' id='par_1_8' title="bbox 478 706 1600 776">
     <span class='ocr_line' id='line_1_8' title="bbox 478 706 1600 776; baseline -0.004 -9"><span class='ocrx_word' id='word_1_42' title='bbox 478 722 527 767; x_wconf 86' lang='lat' dir='ltr'><strong>et</strong></span> <span class='ocrx_word' id='word_1_43' title='bbox 558 710 830 766; x_wconf 74' lang='lat' dir='ltr'><strong>vocabitur</strong></span> <span class='ocrx_word' id='word_1_44' title='bbox 854 724 1040 764; x_wconf 82' lang='lat' dir='ltr'><strong><em>nomen</em></strong></span> <span class='ocrx_word' id='word_1_45' title='bbox 1068 708 1180 776; x_wconf 83' lang='lat' dir='ltr'><strong>ejus</strong></span> <span class='ocrx_word' id='word_1_46' title='bbox 1210 706 1524 761; x_wconf 85' lang='lat' dir='ltr'><strong>Emmanuel</strong></span> <span class='ocrx_word' id='word_1_47' title='bbox 1550 706 1600 763; x_wconf 66' lang='grc' dir='ltr'><strong>δ.</strong></span> 
     </span>
    </p>
   </div>
   <div class='ocr_carea' id='block_1_9' title="bbox 552 798 2041 870">
    <p class='ocr_par' dir='ltr' id='par_1_9' title="bbox 552 798 2041 870">
     <span class='ocr_line' id='line_1_9' title="bbox 552 798 2041 870; baseline -0.003 -13"><span class='ocrx_word' id='word_1_48' title='bbox 552 804 640 857; x_wconf 85' lang='lat' dir='ltr'><strong>Ill.</strong></span> <span class='ocrx_word' id='word_1_49' title='bbox 672 803 717 855; x_wconf 85' lang='lat' dir='ltr'><strong>A</strong></span> <span class='ocrx_word' id='word_1_50' title='bbox 746 799 1073 856; x_wconf 75' lang='lat' dir='ltr'><strong>Christianis</strong></span> <span class='ocrx_word' id='word_1_51' title='bbox 1096 814 1226 853; x_wconf 88' lang='lat' dir='ltr'><strong>vero</strong></span> <span class='ocrx_word' id='word_1_52' title='bbox 1257 799 1378 853; x_wconf 90' lang='lat' dir='ltr'><strong>ideo</strong></span> <span class='ocrx_word' id='word_1_53' title='bbox 1407 808 1459 853; x_wconf 90' lang='lat' dir='ltr'><strong>et</strong></span> <span class='ocrx_word' id='word_1_54' title='bbox 1491 798 1664 869; x_wconf 87' lang='lat' dir='ltr'><strong>magis</strong></span> <span class='ocrx_word' id='word_1_55' title='bbox 1694 799 2041 870; x_wconf 79' lang='lat' dir='ltr'><strong>diligebatur,</strong></span> 
     </span>
    </p>
   </div>
   <div class='ocr_carea' id='block_1_10' title="bbox 481 890 2043 968">
    <p class='ocr_par' dir='ltr' id='par_1_10' title="bbox 481 890 2043 968">
     <span class='ocr_line' id='line_1_10' title="bbox 481 890 2043 968; baseline -0.005 -17"><span class='ocrx_word' id='word_1_56' title='bbox 481 899 608 968; x_wconf 87' lang='lat' dir='ltr'><strong>quia</strong></span> <span class='ocrx_word' id='word_1_57' title='bbox 670 892 1009 962; x_wconf 89' lang='lat' dir='ltr'><strong>singularum</strong></span> <span class='ocrx_word' id='word_1_58' title='bbox 1068 890 1354 958; x_wconf 79' lang='lat' dir='ltr'><strong>regionum</strong></span> <span class='ocrx_word' id='word_1_59' title='bbox 1402 904 1669 959; x_wconf 81' lang='lat' dir='ltr'><strong>pauperes</strong></span> <span class='ocrx_word' id='word_1_60' title='bbox 1718 890 2043 945; x_wconf 81' lang='lat' dir='ltr'><strong>nominatim</strong></span> 
     </span>
    </p>
   </div>
   <div class='ocr_carea' id='block_1_11' title="bbox 481 981 2043 1055">
    <p class='ocr_par' dir='ltr' id='par_1_11' title="bbox 481 981 2043 1055">
     <span class='ocr_line' id='line_1_11' title="bbox 481 981 2043 1055; baseline -0.008 -9"><span class='ocrx_word' id='word_1_61' title='bbox 481 990 719 1046; x_wconf 78' lang='lat' dir='ltr'><strong>habebat</strong></span> <span class='ocrx_word' id='word_1_62' title='bbox 749 986 1013 1055; x_wconf 89' lang='lat' dir='ltr'><strong>scriptos;</strong></span> <span class='ocrx_word' id='word_1_63' title='bbox 1041 990 1095 1035; x_wconf 86' lang='lat' dir='ltr'><strong>et</strong></span> <span class='ocrx_word' id='word_1_64' title='bbox 1126 997 1218 1037; x_wconf 91' lang='lat' dir='ltr'><strong>eos</strong></span> <span class='ocrx_word' id='word_1_65' title='bbox 1240 997 1379 1052; x_wconf 90' lang='lat' dir='ltr'><strong>quos</strong></span> <span class='ocrx_word' id='word_1_66' title='bbox 1433 981 1781 1051; x_wconf 83' lang='lat' dir='ltr'><strong>baptismatis</strong></span> <span class='ocrx_word' id='word_1_67' title='bbox 1837 982 2043 1037; x_wconf 88' lang='lat' dir='ltr'><strong>sancti-</strong></span> 
     </span>
    </p>
   </div>
   <div class='ocr_carea' id='block_1_12' title="bbox 482 1071 2046 1141">
    <p class='ocr_par' dir='ltr' id='par_1_12' title="bbox 482 1071 2046 1141">
     <span class='ocr_line' id='line_1_12' title="bbox 482 1071 2046 1141; baseline -0.006 -6"><span class='ocrx_word' id='word_1_68' title='bbox 482 1080 663 1135; x_wconf 88' lang='lat' dir='ltr'><strong>monia</strong></span> <span class='ocrx_word' id='word_1_69' title='bbox 692 1078 1076 1137; x_wconf 87' lang='lat' dir='ltr'><strong>illustraverat,</strong></span> <span class='ocrx_word' id='word_1_70' title='bbox 1109 1088 1219 1127; x_wconf 90' lang='lat' dir='ltr'><strong>non</strong></span> <span class='ocrx_word' id='word_1_71' title='bbox 1260 1072 1472 1125; x_wconf 82' lang='lat' dir='ltr'><strong>sinebat</strong></span> <span class='ocrx_word' id='word_1_72' title='bbox 1518 1071 1792 1141; x_wconf 73' lang='lat' dir='ltr'><strong>publicam</strong></span> <span class='ocrx_word' id='word_1_73' title='bbox 1835 1071 2046 1126; x_wconf 86' lang='lat' dir='ltr'><strong>mendi-</strong></span> 
     </span>
    </p>
   </div>
   <div class='ocr_carea' id='block_1_13' title="bbox 480 1165 2046 1235">
    <p class='ocr_par' dir='ltr' id='par_1_13' title="bbox 480 1165 2046 1235">
     <span class='ocr_line' id='line_1_13' title="bbox 480 1165 2046 1235; baseline -0.005 -7"><span class='ocrx_word' id='word_1_74' title='bbox 480 1170 955 1229; x_wconf 72' lang='lat' dir='ltr'><strong>sitatem&#39;subire.</strong></span> <span class='ocrx_word' id='word_1_75' title='bbox 1024 1166 1353 1233; x_wconf 74' lang='lat' dir='ltr'><strong>Quotidiano</strong></span> <span class='ocrx_word' id='word_1_76' title='bbox 1412 1177 1592 1219; x_wconf 88' lang='lat' dir='ltr'><strong>autem</strong></span> <span class='ocrx_word' id='word_1_77' title='bbox 1661 1165 2046 1235; x_wconf 62' lang='lat' dir='ltr'><strong>praedicatione</strong></span> 
     </span>
    </p>
   </div>
   <div class='ocr_carea' id='block_1_14' title="bbox 480 1256 2046 1327">
    <p class='ocr_par' dir='ltr' id='par_1_14' title="bbox 480 1256 2046 1327">
     <span class='ocr_line' id='line_1_14' title="bbox 480 1256 2046 1327; baseline -0.006 -7"><span class='ocrx_word' id='word_1_78' title='bbox 480 1266 782 1320; x_wconf 90' lang='lat' dir='ltr'><strong>mediocres</strong></span> <span class='ocrx_word' id='word_1_79' title='bbox 805 1277 870 1316; x_wconf 88' lang='lat' dir='ltr'><strong>ae</strong></span> <span class='ocrx_word' id='word_1_80' title='bbox 896 1260 1091 1315; x_wconf 88' lang='lat' dir='ltr'><strong>divites</strong></span> <span class='ocrx_word' id='word_1_81' title='bbox 1135 1258 1464 1313; x_wconf 88' lang='lat' dir='ltr'><strong>admonebat</strong></span> <span class='ocrx_word' id='word_1_82' title='bbox 1490 1272 1557 1313; x_wconf 89' lang='lat' dir='ltr'><strong>ne</strong></span> <span class='ocrx_word' id='word_1_83' title='bbox 1604 1265 1918 1327; x_wconf 85' lang='lat' dir='ltr'><strong>paterentur</strong></span> <span class='ocrx_word' id='word_1_84' title='bbox 1950 1256 2046 1311; x_wconf 86' lang='lat' dir='ltr'><strong>ba-</strong></span> 
     </span>
    </p>
   </div>
   <div class='ocr_carea' id='block_1_15' title="bbox 481 1347 2045 1428">
    <p class='ocr_par' dir='ltr' id='par_1_15' title="bbox 481 1347 2045 1428">
     <span class='ocr_line' id='line_1_15' title="bbox 481 1347 2045 1428; baseline -0.006 -16"><span class='ocrx_word' id='word_1_85' title='bbox 481 1353 1033 1428; x_wconf 89' lang='lat' dir='ltr'><strong>ptismoilluminatos</strong></span> <span class='ocrx_word' id='word_1_86' title='bbox 1063 1366 1351 1421; x_wconf 80' lang='lat' dir='ltr'><strong>pauperes,</strong></span> <span class='ocrx_word' id='word_1_87' title='bbox 1382 1365 1414 1404; x_wconf 90' lang='lat' dir='ltr'><strong>a</strong></span> <span class='ocrx_word' id='word_1_88' title='bbox 1461 1348 1661 1405; x_wconf 52' lang='lat' dir='ltr'><strong>ludatis</strong></span> <span class='ocrx_word' id='word_1_89' title='bbox 1702 1356 1800 1403; x_wconf 88' lang='lat' dir='ltr'><strong>aut</strong></span> <span class='ocrx_word' id='word_1_90' title='bbox 1828 1347 2045 1417; x_wconf 81' lang='lat' dir='ltr'><strong>gentili-</strong></span> 
     </span>
    </p>
   </div>
   <div class='ocr_carea' id='block_1_16' title="bbox 480 1441 2045 1518">
    <p class='ocr_par' dir='ltr' id='par_1_16' title="bbox 480 1441 2045 1518">
     <span class='ocr_line' id='line_1_16' title="bbox 480 1441 2045 1518; baseline -0.002 -14"><span class='ocrx_word' id='word_1_91' title='bbox 480 1451 583 1504; x_wconf 89' lang='lat' dir='ltr'><strong>bus</strong></span> <span class='ocrx_word' id='word_1_92' title='bbox 627 1446 874 1518; x_wconf 72' lang='lat' dir='ltr'><strong>publieos</strong></span> <span class='ocrx_word' id='word_1_93' title='bbox 917 1444 1070 1499; x_wconf 89' lang='lat' dir='ltr'><strong>cibos</strong></span> <span class='ocrx_word' id='word_1_94' title='bbox 1099 1442 1374 1511; x_wconf 87' lang='lat' dir='ltr'><strong>accipere,</strong></span> <span class='ocrx_word' id='word_1_95' title='bbox 1406 1450 1461 1496; x_wconf 91' lang='lat' dir='ltr'><strong>et</strong></span> <span class='ocrx_word' id='word_1_96' title='bbox 1485 1441 1650 1496; x_wconf 86' lang='lat' dir='ltr'><strong>vitam</strong></span> <span class='ocrx_word' id='word_1_97' title='bbox 1704 1443 2045 1513; x_wconf 84' lang='lat' dir='ltr'><strong>baptismatis</strong></span> 
     </span>
    </p>
   </div>
   <div class='ocr_carea' id='block_1_17' title="bbox 480 1530 2043 1604">
    <p class='ocr_par' dir='ltr' id='par_1_17' title="bbox 480 1530 2043 1604">
     <span class='ocr_line' id='line_1_17' title="bbox 480 1530 2043 1604; baseline -0.004 -9"><span class='ocrx_word' id='word_1_98' title='bbox 480 1537 891 1596; x_wconf 85' lang='lat' dir='ltr'><strong>consecratione</strong></span> <span class='ocrx_word' id='word_1_99' title='bbox 944 1533 1295 1598; x_wconf 88' lang='lat' dir='ltr'><strong>mundatam,</strong></span> <span class='ocrx_word' id='word_1_100' title='bbox 1339 1530 1498 1586; x_wconf 92' lang='lat' dir='ltr'><strong>donis</strong></span> <span class='ocrx_word' id='word_1_101' title='bbox 1534 1532 1819 1603; x_wconf 81' lang='lat' dir='ltr'><strong>gentilium</strong></span> <span class='ocrx_word' id='word_1_102' title='bbox 1858 1534 2043 1604; x_wconf 90' lang='lat' dir='ltr'><strong>inqui-</strong></span> 
     </span>
    </p>
   </div>
   <div class='ocr_carea' id='block_1_18' title="bbox 479 1648 2045 1787">
    <p class='ocr_par' dir='ltr' id='par_1_18' title="bbox 479 1648 2045 1787">
     <span class='ocr_line' id='line_1_18' title="bbox 479 1648 2045 1787; baseline -0.003 -10"><span class='ocrx_word' id='word_1_103' title='bbox 479 1648 638 1778; x_wconf 46' lang='grc' dir='ltr'>ηῃίῖί.</span> <span class='ocrx_word' id='word_1_104' title='bbox 696 1719 812 1787; x_wconf 81' lang='lat' dir='ltr'><strong>llis,</strong></span> <span class='ocrx_word' id='word_1_105' title='bbox 862 1729 1160 1785; x_wconf 88' lang='lat' dir='ltr'><strong>eorumque</strong></span> <span class='ocrx_word' id='word_1_106' title='bbox 1206 1715 1454 1785; x_wconf 87' lang='lat' dir='ltr'><strong>pluribus</strong></span> <span class='ocrx_word' id='word_1_107' title='bbox 1503 1714 1763 1770; x_wconf 83' lang='lat' dir='ltr'><strong>virtutum</strong></span> <span class='ocrx_word' id='word_1_108' title='bbox 1819 1716 2045 1773; x_wconf 84' lang='lat' dir='ltr'><strong>ﬂoribus</strong></span> 
     </span>
    </p>
   </div>
   <div class='ocr_carea' id='block_1_19' title="bbox 2146 516 3714 591">
    <p class='ocr_par' dir='ltr' id='par_1_19' title="bbox 2146 516 3714 591">
     <span class='ocr_line' id='line_1_19' title="bbox 2146 516 3714 591; baseline -0.003 -16"><span class='ocrx_word' id='word_1_109' title='bbox 2146 521 2361 589; x_wconf 80' lang='grc' dir='ltr'><strong>θρόνου</strong></span> <span class='ocrx_word' id='word_1_110' title='bbox 2383 538 2520 575; x_wconf 88' lang='grc' dir='ltr'>σου.</span> <span class='ocrx_word' id='word_1_111' title='bbox 2555 520 2660 573; x_wconf 72' lang='grc' dir='ltr'><strong>Καὶ</strong></span> <span class='ocrx_word' id='word_1_112' title='bbox 2692 516 2848 583; x_wconf 77' lang='grc' dir='ltr'>αὖθις</span> <span class='ocrx_word' id='word_1_113' title='bbox 2873 519 2960 572; x_wconf 83' lang='grc' dir='ltr'>διὰ</span> <span class='ocrx_word' id='word_1_114' title='bbox 3003 519 3223 572; x_wconf 78' lang='grc' dir='ltr'><strong>Ἡσαΐου</strong></span> <span class='ocrx_word' id='word_1_115' title='bbox 3256 519 3350 572; x_wconf 78' lang='grc' dir='ltr'><strong>τοῦ</strong></span> <span class='ocrx_word' id='word_1_116' title='bbox 3395 521 3677 591; x_wconf 75' lang='grc' dir='ltr'><strong>προφήτου</strong></span> <span class='ocrx_word' id='word_1_117' title='bbox 3701 538 3714 551; x_wconf 90' lang='grc'><strong>·</strong></span> 
     </span>
    </p>
   </div>
   <div class='ocr_carea' id='block_1_20' title="bbox 2146 608 3719 679">
    <p class='ocr_par' dir='ltr' id='par_1_20' title="bbox 2146 608 3719 679">
     <span class='ocr_line' id='line_1_20' title="bbox 2146 608 3719 679; baseline 0 -17"><span class='ocrx_word' id='word_1_118' title='bbox 2146 612 2267 665; x_wconf 87' lang='grc' dir='ltr'><strong>Ὅτι</strong></span> <span class='ocrx_word' id='word_1_119' title='bbox 2300 612 2338 679; x_wconf 73' lang='grc' dir='ltr'><strong><em>ἡ</em></strong></span> <span class='ocrx_word' id='word_1_120' title='bbox 2386 610 2681 678; x_wconf 76' lang='grc' dir='ltr'>παρθένος</span> <span class='ocrx_word' id='word_1_121' title='bbox 2698 610 2767 662; x_wconf 84' lang='grc' dir='ltr'><strong>ἐν</strong></span> <span class='ocrx_word' id='word_1_122' title='bbox 2808 608 3019 678; x_wconf 77' lang='grc' dir='ltr'>γαστρί</span> <span class='ocrx_word' id='word_1_123' title='bbox 3054 608 3333 677; x_wconf 66' lang='grc' dir='ltr'>λήψεται,</span> <span class='ocrx_word' id='word_1_124' title='bbox 3363 608 3459 662; x_wconf 81' lang='grc' dir='ltr'>καὶ</span> <span class='ocrx_word' id='word_1_125' title='bbox 3490 610 3719 673; x_wconf 78' lang='grc' dir='ltr'>τέξεται</span> 
     </span>
    </p>
   </div>
   <div class='ocr_carea' id='block_1_21' title="bbox 2143 698 3714 769">
    <p class='ocr_par' dir='ltr' id='par_1_21' title="bbox 2143 698 3714 769">
     <span class='ocr_line' id='line_1_21' title="bbox 2143 698 3714 769; baseline 0 -14"><span class='ocrx_word' id='word_1_126' title='bbox 2143 702 2303 768; x_wconf 78' lang='grc' dir='ltr'>υἱὸν,</span> <span class='ocrx_word' id='word_1_127' title='bbox 2328 702 2423 754; x_wconf 80' lang='grc' dir='ltr'><strong>καί</strong></span> <span class='ocrx_word' id='word_1_128' title='bbox 2440 700 2802 768; x_wconf 72' lang='grc' dir='ltr'>κληθήσεται</span> <span class='ocrx_word' id='word_1_129' title='bbox 2825 700 2887 753; x_wconf 84' lang='grc' dir='ltr'>τὸ</span> <span class='ocrx_word' id='word_1_130' title='bbox 2907 700 3093 769; x_wconf 74' lang='grc' dir='ltr'>ὄνομα</span> <span class='ocrx_word' id='word_1_131' title='bbox 3111 698 3297 753; x_wconf 80' lang='grc' dir='ltr'>αὐτοῦ</span> <span class='ocrx_word' id='word_1_132' title='bbox 3323 701 3714 769; x_wconf 73' lang='grc' dir='ltr'><strong>Ἐμμανουήλ.</strong></span> 
     </span>
    </p>
   </div>
   <div class='ocr_carea' id='block_1_22' title="bbox 2214 789 3719 863">
    <p class='ocr_par' dir='ltr' id='par_1_22' title="bbox 2214 789 3719 863">
     <span class='ocr_line' id='line_1_22' title="bbox 2214 789 3719 863; baseline -0.001 -18"><span class='ocrx_word' id='word_1_133' title='bbox 2214 793 2307 845; x_wconf 85' lang='grc' dir='ltr'>ΙΙΙ.</span> <span class='ocrx_word' id='word_1_134' title='bbox 2338 792 2495 863; x_wconf 90' lang='grc' dir='ltr'>Παρά</span> <span class='ocrx_word' id='word_1_135' title='bbox 2523 790 2578 842; x_wconf 84' lang='grc' dir='ltr'><strong>δὲ</strong></span> <span class='ocrx_word' id='word_1_136' title='bbox 2626 793 2969 863; x_wconf 85' lang='grc' dir='ltr'>Χριστιανοῖς</span> <span class='ocrx_word' id='word_1_137' title='bbox 2992 829 3006 853; x_wconf 92' lang='grc'><strong>,</strong></span> <span class='ocrx_word' id='word_1_138' title='bbox 3041 790 3126 843; x_wconf 80' lang='grc' dir='ltr'>διὰ</span> <span class='ocrx_word' id='word_1_139' title='bbox 3166 789 3324 843; x_wconf 79' lang='grc' dir='ltr'>τοῦτο</span> <span class='ocrx_word' id='word_1_140' title='bbox 3374 792 3467 843; x_wconf 80' lang='grc' dir='ltr'><strong>καὶ</strong></span> <span class='ocrx_word' id='word_1_141' title='bbox 3521 791 3719 861; x_wconf 77' lang='grc' dir='ltr'>μᾶλλον</span> 
     </span>
    </p>
   </div>
   <div class='ocr_carea' id='block_1_23' title="bbox 2141 862 3722 954">
    <p class='ocr_par' dir='ltr' id='par_1_23' title="bbox 2141 862 3722 954">
     <span class='ocr_line' id='line_1_23' title="bbox 2141 862 3722 954; baseline 0.001 -19"><span class='ocrx_word' id='word_1_142' title='bbox 2141 883 2411 954; x_wconf 73' lang='grc' dir='ltr'>ἠγαπᾶτο,</span> <span class='ocrx_word' id='word_1_143' title='bbox 2433 862 2626 952; x_wconf 77' lang='grc' dir='ltr'>ἐπειδῆ</span> <span class='ocrx_word' id='word_1_144' title='bbox 2647 862 2771 944; x_wconf 83' lang='grc' dir='ltr'>τοὺς</span> <span class='ocrx_word' id='word_1_145' title='bbox 2805 881 3173 951; x_wconf 80' lang='grc' dir='ltr'>καθ’ἑκάστην</span> <span class='ocrx_word' id='word_1_146' title='bbox 3211 881 3333 921; x_wconf 46' lang='grc'><strong>⁸³³⁵⁵</strong></span> <span class='ocrx_word' id='word_1_147' title='bbox 3351 882 3589 953; x_wconf 81' lang='grc' dir='ltr'>ρεγεῶνα</span> <span class='ocrx_word' id='word_1_148' title='bbox 3624 884 3722 937; x_wconf 86' lang='grc' dir='ltr'>πέ-</span> 
     </span>
    </p>
   </div>
   <div class='ocr_carea' id='block_1_24' title="bbox 2144 973 3718 1049">
    <p class='ocr_par' dir='ltr' id='par_1_24' title="bbox 2144 973 3718 1049">
     <span class='ocr_line' id='line_1_24' title="bbox 2144 973 3718 1049; baseline -0.001 -20"><span class='ocrx_word' id='word_1_149' title='bbox 2144 995 2310 1047; x_wconf 85' lang='grc' dir='ltr'>νητας</span> <span class='ocrx_word' id='word_1_150' title='bbox 2340 976 2459 1030; x_wconf 83' lang='grc' dir='ltr'>κατ’</span> <span class='ocrx_word' id='word_1_151' title='bbox 2486 977 2655 1048; x_wconf 73' lang='grc' dir='ltr'>ὄνομα</span> <span class='ocrx_word' id='word_1_152' title='bbox 2689 973 2800 1047; x_wconf 80' lang='grc' dir='ltr'>εἶχε</span> <span class='ocrx_word' id='word_1_153' title='bbox 2826 976 3241 1049; x_wconf 78' lang='grc' dir='ltr'><strong>γεγραμμένους</strong></span> <span class='ocrx_word' id='word_1_154' title='bbox 3259 994 3273 1007; x_wconf 74' lang='grc' dir='ltr'><strong>ο</strong></span> <span class='ocrx_word' id='word_1_155' title='bbox 3295 976 3390 1029; x_wconf 77' lang='grc' dir='ltr'>καὶ</span> <span class='ocrx_word' id='word_1_156' title='bbox 3408 975 3500 1038; x_wconf 85' lang='grc' dir='ltr'><strong>οὒς</strong></span> <span class='ocrx_word' id='word_1_157' title='bbox 3521 975 3599 1047; x_wconf 87' lang='grc' dir='ltr'><strong>τῷ</strong></span> <span class='ocrx_word' id='word_1_158' title='bbox 3624 976 3718 1029; x_wconf 75' lang='grc' dir='ltr'>τοῦ</span> 
     </span>
    </p>
   </div>
   <div class='ocr_carea' id='block_1_25' title="bbox 2146 1066 3718 1139">
    <p class='ocr_par' dir='ltr' id='par_1_25' title="bbox 2146 1066 3718 1139">
     <span class='ocr_line' id='line_1_25' title="bbox 2146 1066 3718 1139; baseline 0 -20"><span class='ocrx_word' id='word_1_159' title='bbox 2146 1066 2519 1137; x_wconf 79' lang='grc' dir='ltr'><strong>βαπτίσματος</strong></span> <span class='ocrx_word' id='word_1_160' title='bbox 2551 1068 2804 1139; x_wconf 79' lang='grc' dir='ltr'><strong>ἁγιασμῷ</strong></span> <span class='ocrx_word' id='word_1_161' title='bbox 2827 1068 3107 1138; x_wconf 76' lang='grc' dir='ltr'>ἐφώτιζεν,</span> <span class='ocrx_word' id='word_1_162' title='bbox 3142 1069 3201 1121; x_wconf 83' lang='grc' dir='ltr'><strong>οὐ</strong></span> <span class='ocrx_word' id='word_1_163' title='bbox 3231 1066 3520 1138; x_wconf 82' lang='grc' dir='ltr'>συνεχώρει</span> <span class='ocrx_word' id='word_1_164' title='bbox 3547 1067 3718 1137; x_wconf 82' lang='grc' dir='ltr'>δημο-</span> 
     </span>
    </p>
   </div>
   <div class='ocr_carea' id='block_1_26' title="bbox 2145 1157 3720 1231">
    <p class='ocr_par' dir='ltr' id='par_1_26' title="bbox 2145 1157 3720 1231">
     <span class='ocr_line' id='line_1_26' title="bbox 2145 1157 3720 1231; baseline 0.001 -21"><span class='ocrx_word' id='word_1_165' title='bbox 2145 1157 2262 1211; x_wconf 85' lang='grc' dir='ltr'>σίαν</span> <span class='ocrx_word' id='word_1_166' title='bbox 2287 1157 2579 1230; x_wconf 75' lang='grc' dir='ltr'>ἀπαίτησιν</span> <span class='ocrx_word' id='word_1_167' title='bbox 2606 1159 2875 1213; x_wconf 82' lang='grc' dir='ltr'>ὑπελθεῖν.</span> <span class='ocrx_word' id='word_1_168' title='bbox 2908 1160 2998 1231; x_wconf 86' lang='grc' dir='ltr'><strong>Τῷ</strong></span> <span class='ocrx_word' id='word_1_169' title='bbox 3024 1159 3081 1212; x_wconf 79' lang='grc' dir='ltr'>δὲ</span> <span class='ocrx_word' id='word_1_170' title='bbox 3113 1159 3234 1212; x_wconf 79' lang='grc' dir='ltr'>καθ’</span> <span class='ocrx_word' id='word_1_171' title='bbox 3257 1158 3469 1230; x_wconf 81' lang='grc' dir='ltr'>ἡμέραν</span> <span class='ocrx_word' id='word_1_172' title='bbox 3507 1158 3720 1230; x_wconf 81' lang='grc' dir='ltr'>κηρύγ-</span> 
     </span>
    </p>
   </div>
   <div class='ocr_carea' id='block_1_27' title="bbox 2145 1249 3720 1322">
    <p class='ocr_par' dir='ltr' id='par_1_27' title="bbox 2145 1249 3720 1322">
     <span class='ocr_line' id='line_1_27' title="bbox 2145 1249 3720 1322; baseline 0.001 -20"><span class='ocrx_word' id='word_1_173' title='bbox 2145 1266 2275 1320; x_wconf 87' lang='grc' dir='ltr'>ματι</span> <span class='ocrx_word' id='word_1_174' title='bbox 2298 1250 2426 1313; x_wconf 92' lang='grc' dir='ltr'>τούς</span> <span class='ocrx_word' id='word_1_175' title='bbox 2471 1267 2531 1303; x_wconf 90' lang='grc' dir='ltr'><strong>τε</strong></span> <span class='ocrx_word' id='word_1_176' title='bbox 2580 1249 2832 1322; x_wconf 83' lang='grc' dir='ltr'>μετρίους</span> <span class='ocrx_word' id='word_1_177' title='bbox 2882 1252 2977 1304; x_wconf 72' lang='grc' dir='ltr'><strong>καὶ</strong></span> <span class='ocrx_word' id='word_1_178' title='bbox 2998 1251 3285 1315; x_wconf 74' lang='grc' dir='ltr'>πλουσίους</span> <span class='ocrx_word' id='word_1_179' title='bbox 3329 1250 3593 1304; x_wconf 78' lang='grc' dir='ltr'>ἐνουθέτει</span> <span class='ocrx_word' id='word_1_180' title='bbox 3625 1250 3720 1303; x_wconf 80' lang='grc' dir='ltr'><strong>τού</strong></span> 
     </span>
    </p>
   </div>
   <div class='ocr_carea' id='block_1_28' title="bbox 2146 1342 3722 1415">
    <p class='ocr_par' dir='ltr' id='par_1_28' title="bbox 2146 1342 3722 1415">
     <span class='ocr_line' id='line_1_28' title="bbox 2146 1342 3722 1415; baseline 0 -20"><span class='ocrx_word' id='word_1_181' title='bbox 2146 1342 2219 1412; x_wconf 82' lang='grc' dir='ltr'>μὴ</span> <span class='ocrx_word' id='word_1_182' title='bbox 2239 1342 2523 1412; x_wconf 84' lang='grc' dir='ltr'>ἀνέχεσθαι</span> <span class='ocrx_word' id='word_1_183' title='bbox 2544 1343 2671 1407; x_wconf 80' lang='grc' dir='ltr'>τοὺς</span> <span class='ocrx_word' id='word_1_184' title='bbox 2694 1344 3135 1415; x_wconf 71' lang='grc' dir='ltr'>πεφωτισμένους</span> <span class='ocrx_word' id='word_1_185' title='bbox 3155 1343 3389 1415; x_wconf 79' lang='grc' dir='ltr'>πένητας</span> <span class='ocrx_word' id='word_1_186' title='bbox 3410 1344 3561 1415; x_wconf 81' lang='grc' dir='ltr'>παρὰ</span> <span class='ocrx_word' id='word_1_187' title='bbox 3592 1346 3722 1397; x_wconf 86' lang='grc' dir='ltr'>’1ου-</span> 
     </span>
    </p>
   </div>
   <div class='ocr_carea' id='block_1_29' title="bbox 2142 1431 3721 1507">
    <p class='ocr_par' dir='ltr' id='par_1_29' title="bbox 2142 1431 3721 1507">
     <span class='ocr_line' id='line_1_29' title="bbox 2142 1431 3721 1507; baseline 0.002 -24"><span class='ocrx_word' id='word_1_188' title='bbox 2142 1431 2302 1485; x_wconf 86' lang='grc' dir='ltr'>δαίων</span> <span class='ocrx_word' id='word_1_189' title='bbox 2333 1433 2365 1503; x_wconf 86' lang='grc' dir='ltr'>ἢ</span> <span class='ocrx_word' id='word_1_190' title='bbox 2420 1432 2683 1504; x_wconf 80' lang='grc' dir='ltr'>Ἑλλήνων</span> <span class='ocrx_word' id='word_1_191' title='bbox 2728 1432 2961 1505; x_wconf 83' lang='grc' dir='ltr'>δημόσια</span> <span class='ocrx_word' id='word_1_192' title='bbox 2988 1435 3091 1504; x_wconf 69' lang='grc' dir='ltr'><strong>ὄψα</strong></span> <span class='ocrx_word' id='word_1_193' title='bbox 3124 1435 3439 1507; x_wconf 90' lang='grc' dir='ltr'>λαμϐάνειν,</span> <span class='ocrx_word' id='word_1_194' title='bbox 3480 1437 3573 1489; x_wconf 76' lang='grc' dir='ltr'><strong>καὶ</strong></span> <span class='ocrx_word' id='word_1_195' title='bbox 3607 1436 3721 1506; x_wconf 83' lang='grc' dir='ltr'>βίον</span> 
     </span>
    </p>
   </div>
   <div class='ocr_carea' id='block_1_30' title="bbox 2141 1522 3717 1598">
    <p class='ocr_par' dir='ltr' id='par_1_30' title="bbox 2141 1522 3717 1598">
     <span class='ocr_line' id='line_1_30' title="bbox 2141 1522 3717 1598; baseline 0.004 -24"><span class='ocrx_word' id='word_1_196' title='bbox 2141 1524 2208 1593; x_wconf 79' lang='grc' dir='ltr'>τῇ</span> <span class='ocrx_word' id='word_1_197' title='bbox 2262 1522 2357 1576; x_wconf 78' lang='grc' dir='ltr'>τοῦ</span> <span class='ocrx_word' id='word_1_198' title='bbox 2414 1523 2784 1596; x_wconf 85' lang='grc' dir='ltr'>βαπτίσματος</span> <span class='ocrx_word' id='word_1_199' title='bbox 2831 1523 3158 1598; x_wconf 80' lang='grc' dir='ltr'>καθιερώσει</span> <span class='ocrx_word' id='word_1_200' title='bbox 3203 1527 3610 1598; x_wconf 78' lang='grc' dir='ltr'>κεκαθαρμένον</span> <span class='ocrx_word' id='word_1_201' title='bbox 3651 1528 3717 1591; x_wconf 69' lang='grc'><strong>⁸⁵,</strong></span> 
     </span>
    </p>
   </div>
   <div class='ocr_carea' id='block_1_31' title="bbox 2142 1616 3154 1689">
    <p class='ocr_par' dir='ltr' id='par_1_31' title="bbox 2142 1616 3154 1689">
     <span class='ocr_line' id='line_1_31' title="bbox 2142 1616 3154 1689; baseline 0.003 -21"><span class='ocrx_word' id='word_1_202' title='bbox 2142 1616 2476 1687; x_wconf 84' lang='grc' dir='ltr'>χαρίσμασιν</span> <span class='ocrx_word' id='word_1_203' title='bbox 2521 1618 2789 1688; x_wconf 77' lang='grc' dir='ltr'>Ἑλλήνων</span> <span class='ocrx_word' id='word_1_204' title='bbox 2821 1618 3154 1689; x_wconf 88' lang='grc' dir='ltr'>χραίνεσθαι.</span> 
     </span>
    </p>
   </div>
   <div class='ocr_carea' id='block_1_32' title="bbox 2220 1728 3718 1805">
    <p class='ocr_par' dir='ltr' id='par_1_32' title="bbox 2220 1728 3718 1805">
     <span class='ocr_line' id='line_1_32' title="bbox 2220 1728 3718 1805; baseline 0.003 -23"><span class='ocrx_word' id='word_1_205' title='bbox 2220 1728 2308 1784; x_wconf 86' lang='lat' dir='ltr'><strong>IV.</strong></span> <span class='ocrx_word' id='word_1_206' title='bbox 2348 1730 2591 1794; x_wconf 87' lang='grc' dir='ltr'>Τούτοις,</span> <span class='ocrx_word' id='word_1_207' title='bbox 2626 1732 2720 1784; x_wconf 82' lang='grc' dir='ltr'><strong>καὶ</strong></span> <span class='ocrx_word' id='word_1_208' title='bbox 2742 1731 2945 1785; x_wconf 87' lang='grc' dir='ltr'>τούτων</span> <span class='ocrx_word' id='word_1_209' title='bbox 2963 1732 3201 1787; x_wconf 81' lang='grc' dir='ltr'>πλείοσιν</span> <span class='ocrx_word' id='word_1_210' title='bbox 3231 1732 3595 1805; x_wconf 81' lang='grc' dir='ltr'>ἀνδραγαθίας</span> <span class='ocrx_word' id='word_1_211' title='bbox 3621 1735 3718 1789; x_wconf 81' lang='grc' dir='ltr'>ἀν-</span> 
     </span>
    </p>
   </div>
   <div class='ocr_carea' id='block_1_33' title="bbox 481 1804 2045 1896">
    <p class='ocr_par' dir='ltr' id='par_1_33' title="bbox 481 1808 2044 1879">
     <span class='ocr_line' id='line_1_33' title="bbox 481 1808 2044 1879; baseline -0.004 -7"><span class='ocrx_word' id='word_1_212' title='bbox 481 1832 605 1872; x_wconf 83' lang='lat' dir='ltr'><strong>cum</strong></span> <span class='ocrx_word' id='word_1_213' title='bbox 638 1814 769 1879; x_wconf 87' lang='lat' dir='ltr'><strong>Deo,</strong></span> <span class='ocrx_word' id='word_1_214' title='bbox 812 1820 928 1865; x_wconf 92' lang='lat' dir='ltr'><strong>tum</strong></span> <span class='ocrx_word' id='word_1_215' title='bbox 967 1808 1181 1863; x_wconf 89' lang='lat' dir='ltr'><strong>cunctis</strong></span> <span class='ocrx_word' id='word_1_216' title='bbox 1227 1816 1408 1862; x_wconf 87' lang='lat' dir='ltr'><strong>mente</strong></span> <span class='ocrx_word' id='word_1_217' title='bbox 1448 1808 1688 1877; x_wconf 61' lang='lat' dir='ltr'><strong>praeditis</strong></span> <span class='ocrx_word' id='word_1_218' title='bbox 1731 1810 2044 1866; x_wconf 87' lang='lat' dir='ltr'><strong>hominibus</strong></span> 
     </span>
    </p>
   </div>
   <div class='ocr_carea' id='block_1_34' title="bbox 2145 1804 3720 1896">
    <p class='ocr_par' dir='ltr' id='par_1_34' title="bbox 2146 1804 3720 1896">
     <span class='ocr_line' id='line_1_34' title="bbox 2146 1804 3720 1896; baseline 0.003 -24"><span class='ocrx_word' id='word_1_219' title='bbox 2146 1818 2261 1872; x_wconf 90' lang='grc' dir='ltr'>θεσι</span> <span class='ocrx_word' id='word_1_220' title='bbox 2289 1818 2368 1889; x_wconf 86' lang='grc' dir='ltr'><strong>τῷ</strong></span> <span class='ocrx_word' id='word_1_221' title='bbox 2400 1836 2459 1871; x_wconf 89' lang='grc' dir='ltr'><strong>τε</strong></span> <span class='ocrx_word' id='word_1_222' title='bbox 2488 1819 2607 1891; x_wconf 81' lang='grc' dir='ltr'><strong>Θεῷ</strong></span> <span class='ocrx_word' id='word_1_223' title='bbox 2632 1820 2725 1874; x_wconf 77' lang='grc' dir='ltr'><strong>καὶ</strong></span> <span class='ocrx_word' id='word_1_224' title='bbox 2764 1822 2928 1874; x_wconf 77' lang='grc' dir='ltr'>πᾶσιν</span> <span class='ocrx_word' id='word_1_225' title='bbox 2973 1821 3278 1894; x_wconf 87' lang='grc' dir='ltr'>ἀνθρώποις</span> <span class='ocrx_word' id='word_1_226' title='bbox 3312 1804 3596 1896; x_wconf 67' lang='grc' dir='ltr'>ἐχέφροσιν</span> <span class='ocrx_word' id='word_1_227' title='bbox 3633 1826 3720 1877; x_wconf 77' lang='grc' dir='ltr'>εύ-</span> 
     </span>
    </p>
   </div>
   <div class='ocr_carea' id='block_1_35' title="bbox 479 1902 2046 1981">
    <p class='ocr_par' dir='ltr' id='par_1_35' title="bbox 479 1902 2046 1981">
     <span class='ocr_line' id='line_1_35' title="bbox 479 1902 2046 1981; baseline -0.003 -17"><span class='ocrx_word' id='word_1_228' title='bbox 479 1909 727 1981; x_wconf 88' lang='lat' dir='ltr'><strong>placebat</strong></span> <span class='ocrx_word' id='word_1_229' title='bbox 761 1925 775 1961; x_wconf 90' lang='lat'><strong>:</strong></span> <span class='ocrx_word' id='word_1_230' title='bbox 808 1920 933 1960; x_wconf 89' lang='lat' dir='ltr'><strong>nam</strong></span> <span class='ocrx_word' id='word_1_231' title='bbox 965 1910 1147 1958; x_wconf 86' lang='lat' dir='ltr'><strong>mente</strong></span> <span class='ocrx_word' id='word_1_232' title='bbox 1166 1902 1478 1956; x_wconf 86' lang='lat' dir='ltr'><strong>carentibus</strong></span> <span class='ocrx_word' id='word_1_233' title='bbox 1504 1902 1715 1972; x_wconf 90' lang='lat' dir='ltr'><strong>placere</strong></span> <span class='ocrx_word' id='word_1_234' title='bbox 1738 1919 1845 1958; x_wconf 91' lang='lat' dir='ltr'><strong>non</strong></span> <span class='ocrx_word' id='word_1_235' title='bbox 1872 1912 2046 1973; x_wconf 89' lang='lat' dir='ltr'><strong>potest</strong></span> 
     </span>
    </p>
   </div>
   <div class='ocr_carea' id='block_1_36' title="bbox 482 1993 2045 2071">
    <p class='ocr_par' dir='ltr' id='par_1_36' title="bbox 482 1993 2045 2071">
     <span class='ocr_line' id='line_1_36' title="bbox 482 1993 2045 2071; baseline -0.004 -15"><span class='ocrx_word' id='word_1_236' title='bbox 482 2002 533 2056; x_wconf 90' lang='lat' dir='ltr'><strong>id</strong></span> <span class='ocrx_word' id='word_1_237' title='bbox 564 2000 707 2071; x_wconf 88' lang='lat' dir='ltr'><strong>quod</strong></span> <span class='ocrx_word' id='word_1_238' title='bbox 741 1998 850 2052; x_wconf 91' lang='lat' dir='ltr'><strong>Deo</strong></span> <span class='ocrx_word' id='word_1_239' title='bbox 879 1996 1091 2065; x_wconf 85' lang='lat' dir='ltr'><strong>placere</strong></span> <span class='ocrx_word' id='word_1_240' title='bbox 1112 1993 1393 2063; x_wconf 87' lang='lat' dir='ltr'><strong>probatur.</strong></span> <span class='ocrx_word' id='word_1_241' title='bbox 1418 1994 1594 2064; x_wconf 81' lang='lat' dir='ltr'><strong>Atque</strong></span> <span class='ocrx_word' id='word_1_242' title='bbox 1621 1995 1741 2049; x_wconf 89' lang='lat' dir='ltr'><strong>ideo</strong></span> <span class='ocrx_word' id='word_1_243' title='bbox 1765 1996 2045 2051; x_wconf 88' lang='lat' dir='ltr'><strong>hominum</strong></span> 
     </span>
    </p>
   </div>
   <div class='ocr_carea' id='block_1_37' title="bbox 482 2085 2044 2159">
    <p class='ocr_par' dir='ltr' id='par_1_37' title="bbox 482 2085 2044 2159">
     <span class='ocr_line' id='line_1_37' title="bbox 482 2085 2044 2159; baseline -0.005 -12"><span class='ocrx_word' id='word_1_244' title='bbox 482 2091 709 2147; x_wconf 85' lang='lat' dir='ltr'><strong>rationis</strong></span> <span class='ocrx_word' id='word_1_245' title='bbox 750 2086 1055 2159; x_wconf 71' lang='lat' dir='ltr'><strong>expertium</strong></span> <span class='ocrx_word' id='word_1_246' title='bbox 1104 2085 1465 2142; x_wconf 89' lang='lat' dir='ltr'><strong>contumelias</strong></span> <span class='ocrx_word' id='word_1_247' title='bbox 1500 2085 1654 2141; x_wconf 90' lang='lat' dir='ltr'><strong>veriti</strong></span> <span class='ocrx_word' id='word_1_248' title='bbox 1686 2102 1795 2140; x_wconf 85' lang='lat' dir='ltr'><strong>non</strong></span> <span class='ocrx_word' id='word_1_249' title='bbox 1829 2094 1957 2142; x_wconf 90' lang='lat' dir='ltr'><strong>sunt</strong></span> <span class='ocrx_word' id='word_1_250' title='bbox 1984 2086 2044 2151; x_wconf 89' lang='lat' dir='ltr'><strong>ii,</strong></span> 
     </span>
    </p>
   </div>
   <div class='ocr_carea' id='block_1_38' title="bbox 482 2178 2045 2255">
    <p class='ocr_par' dir='ltr' id='par_1_38' title="bbox 482 2178 2045 2255">
     <span class='ocr_line' id='line_1_38' title="bbox 482 2178 2045 2255; baseline -0.004 -16"><span class='ocrx_word' id='word_1_251' title='bbox 482 2184 683 2255; x_wconf 81' lang='lat' dir='ltr'><strong>quibus</strong></span> <span class='ocrx_word' id='word_1_252' title='bbox 731 2182 915 2238; x_wconf 89' lang='lat' dir='ltr'><strong>animo</strong></span> <span class='ocrx_word' id='word_1_253' title='bbox 958 2182 1120 2246; x_wconf 86' lang='lat' dir='ltr'><strong>sedit,</strong></span> <span class='ocrx_word' id='word_1_254' title='bbox 1166 2194 1508 2250; x_wconf 84' lang='lat' dir='ltr'><strong>nequaquam</strong></span> <span class='ocrx_word' id='word_1_255' title='bbox 1548 2179 1738 2233; x_wconf 87' lang='lat' dir='ltr'><strong>timere</strong></span> <span class='ocrx_word' id='word_1_256' title='bbox 1789 2178 1910 2233; x_wconf 93' lang='lat' dir='ltr'><strong>illos</strong></span> <span class='ocrx_word' id='word_1_257' title='bbox 1952 2178 2045 2249; x_wconf 91' lang='lat' dir='ltr'><strong>qui</strong></span> 
     </span>
    </p>
   </div>
   <div class='ocr_carea' id='block_1_39' title="bbox 482 2269 2043 2345">
    <p class='ocr_par' dir='ltr' id='par_1_39' title="bbox 482 2269 2043 2345">
     <span class='ocr_line' id='line_1_39' title="bbox 482 2269 2043 2345; baseline -0.004 -16"><span class='ocrx_word' id='word_1_258' title='bbox 482 2276 755 2345; x_wconf 87' lang='lat' dir='ltr'><strong>plerisque</strong></span> <span class='ocrx_word' id='word_1_259' title='bbox 787 2274 1096 2343; x_wconf 89' lang='lat' dir='ltr'><strong>displicent.</strong></span> <span class='ocrx_word' id='word_1_260' title='bbox 1128 2271 1248 2338; x_wconf 90' lang='lat' dir='ltr'><strong>Quo</strong></span> <span class='ocrx_word' id='word_1_261' title='bbox 1273 2270 1475 2326; x_wconf 81' lang='lat' dir='ltr'><strong>factum</strong></span> <span class='ocrx_word' id='word_1_262' title='bbox 1507 2278 1608 2331; x_wconf 88' lang='lat' dir='ltr'><strong>est,</strong></span> <span class='ocrx_word' id='word_1_263' title='bbox 1654 2278 1713 2324; x_wconf 89' lang='lat' dir='ltr'><strong>ut</strong></span> <span class='ocrx_word' id='word_1_264' title='bbox 1746 2269 2043 2325; x_wconf 85' lang='lat' dir='ltr'><strong>Sisinnium</strong></span> 
     </span>
    </p>
   </div>
   <div class='ocr_carea' id='block_1_40' title="bbox 484 2363 2046 2437">
    <p class='ocr_par' dir='ltr' id='par_1_40' title="bbox 484 2363 2046 2437">
     <span class='ocr_line' id='line_1_40' title="bbox 484 2363 2046 2437; baseline -0.001 -16"><span class='ocrx_word' id='word_1_265' title='bbox 484 2367 827 2437; x_wconf 79' lang='lat' dir='ltr'><strong>imperatoris</strong></span> <span class='ocrx_word' id='word_1_266' title='bbox 846 2364 1035 2420; x_wconf 81' lang='lat' dir='ltr'><strong>Nerva:</strong></span> <span class='ocrx_word' id='word_1_267' title='bbox 1052 2366 1286 2419; x_wconf 88' lang='lat' dir='ltr'><strong>amicum</strong></span> <span class='ocrx_word' id='word_1_268' title='bbox 1314 2380 1420 2419; x_wconf 88' lang='lat' dir='ltr'><strong>non</strong></span> <span class='ocrx_word' id='word_1_269' title='bbox 1440 2363 1679 2419; x_wconf 89' lang='lat' dir='ltr'><strong>timuerit</strong></span> <span class='ocrx_word' id='word_1_270' title='bbox 1702 2363 2046 2419; x_wconf 89' lang='lat' dir='ltr'><strong>beatissimus</strong></span> 
     </span>
    </p>
   </div>
   <div class='ocr_carea' id='block_1_41' title="bbox 482 2457 1511 2527">
    <p class='ocr_par' dir='ltr' id='par_1_41' title="bbox 482 2457 1511 2527">
     <span class='ocr_line' id='line_1_41' title="bbox 482 2457 1511 2527; baseline -0.002 -13"><span class='ocrx_word' id='word_1_271' title='bbox 482 2460 734 2515; x_wconf 87' lang='lat' dir='ltr'><strong>Clemens</strong></span> <span class='ocrx_word' id='word_1_272' title='bbox 754 2458 900 2514; x_wconf 88' lang='lat' dir='ltr'><strong>sedis</strong></span> <span class='ocrx_word' id='word_1_273' title='bbox 930 2457 1189 2512; x_wconf 79' lang='lat' dir='ltr'><strong>Romanae</strong></span> <span class='ocrx_word' id='word_1_274' title='bbox 1203 2457 1511 2527; x_wconf 89' lang='lat' dir='ltr'><strong>episcopus.</strong></span> 
     </span>
    </p>
   </div>
   <div class='ocr_carea' id='block_1_42' title="bbox 554 2629 2046 2701">
    <p class='ocr_par' dir='ltr' id='par_1_42' title="bbox 554 2629 2046 2701">
     <span class='ocr_line' id='line_1_42' title="bbox 554 2629 2046 2701; baseline -0.001 -16"><span class='ocrx_word' id='word_1_275' title='bbox 554 2630 619 2685; x_wconf 85' lang='lat' dir='ltr'><strong>V.</strong></span> <span class='ocrx_word' id='word_1_276' title='bbox 661 2630 844 2701; x_wconf 87' lang='lat' dir='ltr'><strong>Itaque</strong></span> <span class='ocrx_word' id='word_1_277' title='bbox 866 2646 989 2686; x_wconf 90' lang='lat' dir='ltr'><strong>cum</strong></span> <span class='ocrx_word' id='word_1_278' title='bbox 1024 2645 1117 2701; x_wconf 91' lang='lat' dir='ltr'><strong>per</strong></span> <span class='ocrx_word' id='word_1_279' title='bbox 1154 2630 1326 2699; x_wconf 89' lang='lat' dir='ltr'><strong>ipsius</strong></span> <span class='ocrx_word' id='word_1_280' title='bbox 1352 2629 1652 2685; x_wconf 88' lang='lat' dir='ltr'><strong>doctrinam</strong></span> <span class='ocrx_word' id='word_1_281' title='bbox 1687 2644 1947 2685; x_wconf 83' lang='lat' dir='ltr'><strong>conversa</strong></span> <span class='ocrx_word' id='word_1_282' title='bbox 1979 2630 2046 2684; x_wconf 91' lang='lat' dir='ltr'><strong>ad</strong></span> 
     </span>
    </p>
   </div>
   <div class='ocr_carea' id='block_1_43' title="bbox 484 2720 2047 2788">
    <p class='ocr_par' dir='ltr' id='par_1_43' title="bbox 484 2720 2047 2788">
     <span class='ocr_line' id='line_1_43' title="bbox 484 2720 2047 2788; baseline -0.002 -10"><span class='ocrx_word' id='word_1_283' title='bbox 484 2725 654 2780; x_wconf 90' lang='lat' dir='ltr'><strong>Deum</strong></span> <span class='ocrx_word' id='word_1_284' title='bbox 688 2739 828 2778; x_wconf 82' lang='lat' dir='ltr'><strong>uxor</strong></span> <span class='ocrx_word' id='word_1_285' title='bbox 861 2722 1088 2778; x_wconf 91' lang='lat' dir='ltr'><strong>Sisinnii</strong></span> <span class='ocrx_word' id='word_1_286' title='bbox 1116 2722 1426 2788; x_wconf 85' lang='lat' dir='ltr'><strong>Theodora,</strong></span> <span class='ocrx_word' id='word_1_287' title='bbox 1470 2721 1717 2777; x_wconf 88' lang='lat' dir='ltr'><strong>sedulum</strong></span> <span class='ocrx_word' id='word_1_288' title='bbox 1755 2720 1867 2776; x_wconf 91' lang='lat' dir='ltr'><strong>Deo</strong></span> <span class='ocrx_word' id='word_1_289' title='bbox 1892 2722 2047 2775; x_wconf 85' lang='lat' dir='ltr'><strong>exhi-</strong></span> 
     </span>
    </p>
   </div>
   <div class='ocr_carea' id='block_1_44' title="bbox 482 2813 2047 2885">
    <p class='ocr_par' dir='ltr' id='par_1_44' title="bbox 482 2813 2047 2885">
     <span class='ocr_line' id='line_1_44' title="bbox 482 2813 2047 2885; baseline -0.003 -12"><span class='ocrx_word' id='word_1_290' title='bbox 482 2819 631 2874; x_wconf 90' lang='lat' dir='ltr'><strong>beret</strong></span> <span class='ocrx_word' id='word_1_291' title='bbox 662 2816 1045 2881; x_wconf 89' lang='lat' dir='ltr'><strong>ministerium,</strong></span> <span class='ocrx_word' id='word_1_292' title='bbox 1069 2830 1187 2871; x_wconf 88' lang='lat' dir='ltr'><strong>eam</strong></span> <span class='ocrx_word' id='word_1_293' title='bbox 1220 2814 1480 2885; x_wconf 82' lang='lat' dir='ltr'><strong>zelotypia</strong></span> <span class='ocrx_word' id='word_1_294' title='bbox 1504 2814 1699 2869; x_wconf 89' lang='lat' dir='ltr'><strong>ductus</strong></span> <span class='ocrx_word' id='word_1_295' title='bbox 1722 2813 1948 2868; x_wconf 90' lang='lat' dir='ltr'><strong>maritus</strong></span> <span class='ocrx_word' id='word_1_296' title='bbox 1970 2814 2047 2869; x_wconf 86' lang='lat' dir='ltr'><strong>la-</strong></span> 
     </span>
    </p>
   </div>
   <div class='ocr_carea' id='block_1_45' title="bbox 482 2905 2041 2979">
    <p class='ocr_par' dir='ltr' id='par_1_45' title="bbox 482 2905 2041 2979">
     <span class='ocr_line' id='line_1_45' title="bbox 482 2905 2041 2979; baseline -0.001 -16"><span class='ocrx_word' id='word_1_297' title='bbox 482 2911 637 2979; x_wconf 88' lang='lat' dir='ltr'><strong>queis</strong></span> <span class='ocrx_word' id='word_1_298' title='bbox 652 2910 924 2965; x_wconf 77' lang='lat' dir='ltr'><strong>involvere</strong></span> <span class='ocrx_word' id='word_1_299' title='bbox 941 2909 1236 2972; x_wconf 89' lang='lat' dir='ltr'><strong>nitebatur,</strong></span> <span class='ocrx_word' id='word_1_300' title='bbox 1252 2915 1628 2978; x_wconf 88' lang='lat' dir='ltr'><strong>pr0perantem</strong></span> <span class='ocrx_word' id='word_1_301' title='bbox 1648 2906 1715 2962; x_wconf 90' lang='lat' dir='ltr'><strong>ad</strong></span> <span class='ocrx_word' id='word_1_302' title='bbox 1736 2905 2041 2963; x_wconf 89' lang='lat' dir='ltr'><strong>ecclesiam.</strong></span> 
     </span>
    </p>
   </div>
   <div class='ocr_carea' id='block_1_46' title="bbox 484 2998 2044 3072">
    <p class='ocr_par' dir='ltr' id='par_1_46' title="bbox 484 2998 2044 3072">
     <span class='ocr_line' id='line_1_46' title="bbox 484 2998 2044 3072; baseline -0.002 -16"><span class='ocrx_word' id='word_1_303' title='bbox 484 3001 549 3056; x_wconf 86' lang='lat' dir='ltr'><strong>Et</strong></span> <span class='ocrx_word' id='word_1_304' title='bbox 576 3002 794 3072; x_wconf 86' lang='lat' dir='ltr'><strong>quidem</strong></span> <span class='ocrx_word' id='word_1_305' title='bbox 824 3000 913 3055; x_wconf 90' lang='lat' dir='ltr'><strong>illa</strong></span> <span class='ocrx_word' id='word_1_306' title='bbox 939 2999 1290 3070; x_wconf 81' lang='lat' dir='ltr'><strong>ingrediente,</strong></span> <span class='ocrx_word' id='word_1_307' title='bbox 1321 3000 1433 3069; x_wconf 91' lang='lat' dir='ltr'><strong>ipse</strong></span> <span class='ocrx_word' id='word_1_308' title='bbox 1462 3015 1555 3069; x_wconf 91' lang='lat' dir='ltr'><strong>per</strong></span> <span class='ocrx_word' id='word_1_309' title='bbox 1575 2998 1742 3053; x_wconf 89' lang='lat' dir='ltr'><strong>alium</strong></span> <span class='ocrx_word' id='word_1_310' title='bbox 1765 2999 2044 3053; x_wconf 86' lang='lat' dir='ltr'><strong>introitum</strong></span> 
     </span>
    </p>
   </div>
   <div class='ocr_carea' id='block_1_47' title="bbox 481 3090 2043 3161">
    <p class='ocr_par' dir='ltr' id='par_1_47' title="bbox 481 3090 2043 3161">
     <span class='ocr_line' id='line_1_47' title="bbox 481 3090 2043 3161; baseline -0.003 -12"><span class='ocrx_word' id='word_1_311' title='bbox 481 3093 795 3157; x_wconf 82' lang='lat' dir='ltr'><strong>adveniens,</strong></span> <span class='ocrx_word' id='word_1_312' title='bbox 838 3093 1003 3161; x_wconf 88' lang='lat' dir='ltr'><strong>coepit</strong></span> <span class='ocrx_word' id='word_1_313' title='bbox 1048 3092 1260 3146; x_wconf 88' lang='lat' dir='ltr'><strong>curiose</strong></span> <span class='ocrx_word' id='word_1_314' title='bbox 1306 3090 1573 3160; x_wconf 88' lang='lat' dir='ltr'><strong>inspicere</strong></span> <span class='ocrx_word' id='word_1_315' title='bbox 1622 3108 1635 3145; x_wconf 90' lang='lat'><strong>:</strong></span> <span class='ocrx_word' id='word_1_316' title='bbox 1679 3099 1732 3145; x_wconf 90' lang='lat' dir='ltr'><strong>et</strong></span> <span class='ocrx_word' id='word_1_317' title='bbox 1751 3090 1968 3161; x_wconf 89' lang='lat' dir='ltr'><strong>quando</strong></span> <span class='ocrx_word' id='word_1_318' title='bbox 2014 3106 2043 3145; x_wconf 87' lang='lat' dir='ltr'><strong>a</strong></span> 
     </span>
    </p>
   </div>
   <div class='ocr_carea' id='block_1_48' title="bbox 482 3180 2041 3251">
    <p class='ocr_par' dir='ltr' id='par_1_48' title="bbox 482 3180 2041 3251">
     <span class='ocr_line' id='line_1_48' title="bbox 482 3180 2041 3251; baseline -0.001 -12"><span class='ocrx_word' id='word_1_319' title='bbox 482 3194 668 3240; x_wconf 88' lang='lat' dir='ltr'><strong>sancto</strong></span> <span class='ocrx_word' id='word_1_320' title='bbox 690 3184 968 3238; x_wconf 84' lang='lat' dir='ltr'><strong>Clemente</strong></span> <span class='ocrx_word' id='word_1_321' title='bbox 1000 3181 1139 3236; x_wconf 82' lang='lat' dir='ltr'><strong>facta</strong></span> <span class='ocrx_word' id='word_1_322' title='bbox 1164 3181 1265 3236; x_wconf 78' lang='lat' dir='ltr'><strong>fuit</strong></span> <span class='ocrx_word' id='word_1_323' title='bbox 1285 3181 1480 3247; x_wconf 88' lang='lat' dir='ltr'><strong>oratio,</strong></span> <span class='ocrx_word' id='word_1_324' title='bbox 1508 3180 1753 3251; x_wconf 78' lang='lat' dir='ltr'><strong>dixitque</strong></span> <span class='ocrx_word' id='word_1_325' title='bbox 1780 3182 2041 3251; x_wconf 88' lang='lat' dir='ltr'><strong>populus:</strong></span> 
     </span>
    </p>
   </div>
   <div class='ocr_carea' id='block_1_49' title="bbox 482 3274 2049 3344">
    <p class='ocr_par' dir='ltr' id='par_1_49' title="bbox 482 3274 2049 3344">
     <span class='ocr_line' id='line_1_49' title="bbox 482 3274 2049 3344; baseline 0.001 -15"><span class='ocrx_word' id='word_1_326' title='bbox 482 3277 682 3341; x_wconf 81' lang='lat' dir='ltr'><strong>Amen;</strong></span> <span class='ocrx_word' id='word_1_327' title='bbox 708 3290 773 3330; x_wconf 88' lang='lat' dir='ltr'><strong>eo</strong></span> <span class='ocrx_word' id='word_1_328' title='bbox 794 3284 1033 3344; x_wconf 91' lang='lat' dir='ltr'><strong>tempore</strong></span> <span class='ocrx_word' id='word_1_329' title='bbox 1055 3274 1327 3329; x_wconf 88' lang='lat' dir='ltr'><strong>Sisinnius</strong></span> <span class='ocrx_word' id='word_1_330' title='bbox 1342 3288 1515 3329; x_wconf 72' lang='lat' dir='ltr'><strong>caecus</strong></span> <span class='ocrx_word' id='word_1_331' title='bbox 1532 3283 1585 3329; x_wconf 92' lang='lat' dir='ltr'><strong>et</strong></span> <span class='ocrx_word' id='word_1_332' title='bbox 1604 3274 1803 3330; x_wconf 88' lang='lat' dir='ltr'><strong>surdus</strong></span> <span class='ocrx_word' id='word_1_333' title='bbox 1825 3274 2049 3331; x_wconf 77' lang='lat' dir='ltr'><strong>effectus</strong></span> 
     </span>
    </p>
   </div>
   <div class='ocr_carea' id='block_1_50' title="bbox 482 3363 2048 3437">
    <p class='ocr_par' dir='ltr' id='par_1_50' title="bbox 482 3363 2048 3437">
     <span class='ocr_line' id='line_1_50' title="bbox 482 3363 2048 3437; baseline 0 -16"><span class='ocrx_word' id='word_1_334' title='bbox 482 3375 583 3431; x_wconf 92' lang='lat' dir='ltr'><strong>est,</strong></span> <span class='ocrx_word' id='word_1_335' title='bbox 619 3373 678 3419; x_wconf 89' lang='lat' dir='ltr'><strong>ut</strong></span> <span class='ocrx_word' id='word_1_336' title='bbox 697 3380 871 3433; x_wconf 90' lang='lat' dir='ltr'><strong>neque</strong></span> <span class='ocrx_word' id='word_1_337' title='bbox 888 3365 1069 3420; x_wconf 89' lang='lat' dir='ltr'><strong>videre</strong></span> <span class='ocrx_word' id='word_1_338' title='bbox 1099 3379 1273 3433; x_wconf 89' lang='lat' dir='ltr'><strong>neque</strong></span> <span class='ocrx_word' id='word_1_339' title='bbox 1296 3363 1487 3419; x_wconf 89' lang='lat' dir='ltr'><strong>audire</strong></span> <span class='ocrx_word' id='word_1_340' title='bbox 1513 3373 1712 3434; x_wconf 87' lang='lat' dir='ltr'><strong>posset.</strong></span> <span class='ocrx_word' id='word_1_341' title='bbox 1746 3364 1899 3421; x_wconf 91' lang='lat' dir='ltr'><strong>Tune</strong></span> <span class='ocrx_word' id='word_1_342' title='bbox 1920 3381 2048 3437; x_wconf 77' lang='lat' dir='ltr'><strong>ergo</strong></span> 
     </span>
    </p>
   </div>
   <div class='ocr_carea' id='block_1_51' title="bbox 482 3452 2046 3519">
    <p class='ocr_par' dir='ltr' id='par_1_51' title="bbox 482 3452 2046 3519">
     <span class='ocr_line' id='line_1_51' title="bbox 482 3452 2046 3519; baseline 0 -10"><span class='ocrx_word' id='word_1_343' title='bbox 482 3454 616 3509; x_wconf 80' lang='lat' dir='ltr'><strong>dixit</strong></span> <span class='ocrx_word' id='word_1_344' title='bbox 640 3454 812 3509; x_wconf 81' lang='lat' dir='ltr'><strong>servis</strong></span> <span class='ocrx_word' id='word_1_345' title='bbox 834 3454 989 3509; x_wconf 90' lang='lat' dir='ltr'><strong>suis:</strong></span> <span class='ocrx_word' id='word_1_346' title='bbox 1022 3452 1344 3507; x_wconf 88' lang='lat' dir='ltr'><strong>Prehendite</strong></span> <span class='ocrx_word' id='word_1_347' title='bbox 1381 3467 1465 3507; x_wconf 89' lang='lat' dir='ltr'><strong>me</strong></span> <span class='ocrx_word' id='word_1_348' title='bbox 1501 3452 1556 3506; x_wconf 90' lang='lat' dir='ltr'><strong>in</strong></span> <span class='ocrx_word' id='word_1_349' title='bbox 1597 3468 1791 3509; x_wconf 92' lang='lat' dir='ltr'><strong>manus</strong></span> <span class='ocrx_word' id='word_1_350' title='bbox 1817 3465 2046 3519; x_wconf 88' lang='lat' dir='ltr'><strong>vestras,</strong></span> 
     </span>
    </p>
   </div>
   <div class='ocr_carea' id='block_1_52' title="bbox 481 3544 2046 3617">
    <p class='ocr_par' dir='ltr' id='par_1_52' title="bbox 481 3544 2046 3617">
     <span class='ocr_line' id='line_1_52' title="bbox 481 3544 2046 3617; baseline -0.001 -13"><span class='ocrx_word' id='word_1_351' title='bbox 481 3557 536 3604; x_wconf 82' lang='lat' dir='ltr'><strong>et</strong></span> <span class='ocrx_word' id='word_1_352' title='bbox 556 3558 707 3603; x_wconf 70' lang='lat' dir='ltr'><strong>extra</strong></span> <span class='ocrx_word' id='word_1_353' title='bbox 734 3546 965 3611; x_wconf 89' lang='lat' dir='ltr'><strong>educite,</strong></span> <span class='ocrx_word' id='word_1_354' title='bbox 988 3546 1249 3617; x_wconf 86' lang='lat' dir='ltr'><strong>quoniam</strong></span> <span class='ocrx_word' id='word_1_355' title='bbox 1287 3545 1431 3601; x_wconf 89' lang='lat' dir='ltr'><strong>oculi</strong></span> <span class='ocrx_word' id='word_1_356' title='bbox 1455 3544 1559 3600; x_wconf 86' lang='lat' dir='ltr'><strong>mei</strong></span> <span class='ocrx_word' id='word_1_357' title='bbox 1591 3544 1719 3601; x_wconf 64' lang='lat' dir='ltr'><strong>caeci</strong></span> <span class='ocrx_word' id='word_1_358' title='bbox 1743 3545 1870 3601; x_wconf 82' lang='lat' dir='ltr'><strong>facti</strong></span> <span class='ocrx_word' id='word_1_359' title='bbox 1898 3555 2046 3610; x_wconf 90' lang='lat' dir='ltr'><strong>sunt,</strong></span> 
     </span>
    </p>
   </div>
   <div class='ocr_carea' id='block_1_53' title="bbox 481 3636 2051 3709">
    <p class='ocr_par' dir='ltr' id='par_1_53' title="bbox 481 3636 2051 3709">
     <span class='ocr_line' id='line_1_53' title="bbox 481 3636 2051 3709; baseline 0 -15"><span class='ocrx_word' id='word_1_360' title='bbox 481 3648 539 3694; x_wconf 84' lang='lat' dir='ltr'><strong>et</strong></span> <span class='ocrx_word' id='word_1_361' title='bbox 565 3653 727 3694; x_wconf 79' lang='lat' dir='ltr'><strong>aures</strong></span> <span class='ocrx_word' id='word_1_362' title='bbox 750 3652 883 3692; x_wconf 68' lang='lat' dir='ltr'><strong>mete</strong></span> <span class='ocrx_word' id='word_1_363' title='bbox 913 3638 967 3691; x_wconf 91' lang='lat' dir='ltr'><strong>in</strong></span> <span class='ocrx_word' id='word_1_364' title='bbox 1006 3645 1215 3691; x_wconf 85' lang='lat' dir='ltr'><strong>tantum</strong></span> <span class='ocrx_word' id='word_1_365' title='bbox 1238 3636 1663 3705; x_wconf 88' lang='lat' dir='ltr'><strong>obsurduerunt,</strong></span> <span class='ocrx_word' id='word_1_366' title='bbox 1701 3646 1763 3693; x_wconf 93' lang='lat' dir='ltr'><strong>ut</strong></span> <span class='ocrx_word' id='word_1_367' title='bbox 1784 3637 1917 3693; x_wconf 90' lang='lat' dir='ltr'><strong>nihil</strong></span> <span class='ocrx_word' id='word_1_368' title='bbox 1956 3654 2051 3709; x_wconf 85' lang='lat' dir='ltr'><strong>pe-</strong></span> 
     </span>
    </p>
   </div>
   <div class='ocr_carea' id='block_1_54' title="bbox 482 3728 1096 3787">
    <p class='ocr_par' dir='ltr' id='par_1_54' title="bbox 482 3728 1096 3787">
     <span class='ocr_line' id='line_1_54' title="bbox 482 3728 1096 3787; baseline 0.002 -3"><span class='ocrx_word' id='word_1_369' title='bbox 482 3730 629 3787; x_wconf 85' lang='lat' dir='ltr'><strong>nitus</strong></span> <span class='ocrx_word' id='word_1_370' title='bbox 644 3729 837 3785; x_wconf 80' lang='lat' dir='ltr'><strong>audire</strong></span> <span class='ocrx_word' id='word_1_371' title='bbox 866 3728 1096 3785; x_wconf 85' lang='lat' dir='ltr'><strong>valeam.</strong></span> 
     </span>
    </p>
   </div>
   <div class='ocr_carea' id='block_1_55' title="bbox 553 3877 2047 3961">
    <p class='ocr_par' dir='ltr' id='par_1_55' title="bbox 553 3877 2047 3961">
     <span class='ocr_line' id='line_1_55' title="bbox 553 3877 2047 3961; baseline -0.001 -17"><span class='ocrx_word' id='word_1_372' title='bbox 553 3890 638 3946; x_wconf 83' lang='lat' dir='ltr'><strong>Vl.</strong></span> <span class='ocrx_word' id='word_1_373' title='bbox 677 3877 831 3946; x_wconf 82' lang='lat' dir='ltr'><strong>Tunc</strong></span> <span class='ocrx_word' id='word_1_374' title='bbox 850 3888 992 3946; x_wconf 88' lang='lat' dir='ltr'><strong>servi</strong></span> <span class='ocrx_word' id='word_1_375' title='bbox 1022 3889 1139 3960; x_wconf 85' lang='lat' dir='ltr'><strong>ejus</strong></span> <span class='ocrx_word' id='word_1_376' title='bbox 1165 3889 1467 3945; x_wconf 89' lang='lat' dir='ltr'><strong>circuibant</strong></span> <span class='ocrx_word' id='word_1_377' title='bbox 1496 3905 1619 3946; x_wconf 91' lang='lat' dir='ltr'><strong>eum</strong></span> <span class='ocrx_word' id='word_1_378' title='bbox 1648 3889 1739 3945; x_wconf 92' lang='lat' dir='ltr'><strong>illo</strong></span> <span class='ocrx_word' id='word_1_379' title='bbox 1762 3906 1856 3961; x_wconf 90' lang='lat' dir='ltr'><strong>per</strong></span> <span class='ocrx_word' id='word_1_380' title='bbox 1883 3899 2047 3947; x_wconf 91' lang='lat' dir='ltr'><strong>totam</strong></span> 
     </span>
    </p>
   </div>
   <div class='ocr_carea' id='block_1_56' title="bbox 478 3981 2051 4053">
    <p class='ocr_par' dir='ltr' id='par_1_56' title="bbox 478 3981 2051 4053">
     <span class='ocr_line' id='line_1_56' title="bbox 478 3981 2051 4053; baseline 0 -14"><span class='ocrx_word' id='word_1_381' title='bbox 478 3983 786 4050; x_wconf 85' lang='lat' dir='ltr'><strong>ecclesiam,</strong></span> <span class='ocrx_word' id='word_1_382' title='bbox 814 3982 868 4037; x_wconf 93' lang='lat' dir='ltr'><strong>in</strong></span> <span class='ocrx_word' id='word_1_383' title='bbox 893 3981 1074 4037; x_wconf 87' lang='lat' dir='ltr'><strong>medio</strong></span> <span class='ocrx_word' id='word_1_384' title='bbox 1106 3982 1312 4038; x_wconf 89' lang='lat' dir='ltr'><strong>orantis</strong></span> <span class='ocrx_word' id='word_1_385' title='bbox 1346 3982 1551 4052; x_wconf 89' lang='lat' dir='ltr'><strong>populi,</strong></span> <span class='ocrx_word' id='word_1_386' title='bbox 1584 3982 1822 4038; x_wconf 84' lang='lat' dir='ltr'><strong>virorum</strong></span> <span class='ocrx_word' id='word_1_387' title='bbox 1850 3984 2051 4053; x_wconf 88' lang='lat' dir='ltr'><strong>pariter</strong></span> 
     </span>
    </p>
   </div>
   <div class='ocr_carea' id='block_1_57' title="bbox 480 4072 2051 4144">
    <p class='ocr_par' dir='ltr' id='par_1_57' title="bbox 480 4072 2051 4144">
     <span class='ocr_line' id='line_1_57' title="bbox 480 4072 2051 4144; baseline 0 -15"><span class='ocrx_word' id='word_1_388' title='bbox 480 4082 534 4129; x_wconf 90' lang='lat' dir='ltr'><strong>et</strong></span> <span class='ocrx_word' id='word_1_389' title='bbox 558 4074 869 4139; x_wconf 88' lang='lat' dir='ltr'><strong>mulierum,</strong></span> <span class='ocrx_word' id='word_1_390' title='bbox 893 4088 993 4128; x_wconf 88' lang='lat' dir='ltr'><strong>nec</strong></span> <span class='ocrx_word' id='word_1_391' title='bbox 1024 4080 1208 4142; x_wconf 85' lang='lat' dir='ltr'><strong>portas</strong></span> <span class='ocrx_word' id='word_1_392' title='bbox 1234 4088 1373 4144; x_wconf 89' lang='lat' dir='ltr'><strong>quas</strong></span> <span class='ocrx_word' id='word_1_393' title='bbox 1394 4073 1624 4144; x_wconf 79' lang='lat' dir='ltr'><strong>ingressi</strong></span> <span class='ocrx_word' id='word_1_394' title='bbox 1656 4072 1870 4129; x_wconf 83' lang='lat' dir='ltr'><strong>fuerant</strong></span> <span class='ocrx_word' id='word_1_395' title='bbox 1896 4083 2051 4144; x_wconf 85' lang='lat' dir='ltr'><strong>pote-</strong></span> 
     </span>
    </p>
   </div>
   <div class='ocr_carea' id='block_1_58' title="bbox 480 4163 2046 4237">
    <p class='ocr_par' dir='ltr' id='par_1_58' title="bbox 480 4163 2046 4237">
     <span class='ocr_line' id='line_1_58' title="bbox 480 4163 2046 4237; baseline 0 -17"><span class='ocrx_word' id='word_1_396' title='bbox 480 4173 604 4220; x_wconf 89' lang='lat' dir='ltr'><strong>rant</strong></span> <span class='ocrx_word' id='word_1_397' title='bbox 624 4165 958 4237; x_wconf 84' lang='lat' dir='ltr'><strong>contingere.</strong></span> <span class='ocrx_word' id='word_1_398' title='bbox 989 4163 1142 4219; x_wconf 87' lang='lat' dir='ltr'><strong>Unde</strong></span> <span class='ocrx_word' id='word_1_399' title='bbox 1166 4164 1293 4219; x_wconf 91' lang='lat' dir='ltr'><strong>dum</strong></span> <span class='ocrx_word' id='word_1_400' title='bbox 1319 4164 1420 4235; x_wconf 91' lang='lat' dir='ltr'><strong>ipsi</strong></span> <span class='ocrx_word' id='word_1_401' title='bbox 1452 4165 2046 4235; x_wconf 82' lang='lat' dir='ltr'><strong>vagabundioberrant,</strong></span> 
     </span>
    </p>
   </div>
   <div class='ocr_carea' id='block_1_59' title="bbox 480 4254 2047 4327">
    <p class='ocr_par' dir='ltr' id='par_1_59' title="bbox 480 4254 2047 4327">
     <span class='ocr_line' id='line_1_59' title="bbox 480 4254 2047 4327; baseline 0.002 -18"><span class='ocrx_word' id='word_1_402' title='bbox 480 4255 787 4327; x_wconf 85' lang='lat' dir='ltr'><strong>iterumque</strong></span> <span class='ocrx_word' id='word_1_403' title='bbox 833 4271 994 4327; x_wconf 83' lang='lat' dir='ltr'><strong>gyros</strong></span> <span class='ocrx_word' id='word_1_404' title='bbox 1041 4262 1226 4327; x_wconf 89' lang='lat' dir='ltr'><strong>agunt,</strong></span> <span class='ocrx_word' id='word_1_405' title='bbox 1278 4256 1346 4310; x_wconf 90' lang='lat' dir='ltr'><strong>ad</strong></span> <span class='ocrx_word' id='word_1_406' title='bbox 1387 4254 1727 4311; x_wconf 87' lang='lat' dir='ltr'><strong>Theodoram</strong></span> <span class='ocrx_word' id='word_1_407' title='bbox 1769 4256 2047 4312; x_wconf 87' lang='lat' dir='ltr'><strong>dominam</strong></span> 
     </span>
    </p>
   </div>
   <div class='ocr_carea' id='block_1_60' title="bbox 482 4346 2046 4418">
    <p class='ocr_par' dir='ltr' id='par_1_60' title="bbox 482 4346 2046 4418">
     <span class='ocr_line' id='line_1_60' title="bbox 482 4346 2046 4418; baseline 0.001 -16"><span class='ocrx_word' id='word_1_408' title='bbox 482 4363 660 4412; x_wconf 87' lang='lat' dir='ltr'><strong>suam,</strong></span> <span class='ocrx_word' id='word_1_409' title='bbox 692 4349 784 4403; x_wconf 91' lang='lat' dir='ltr'><strong>ubi</strong></span> <span class='ocrx_word' id='word_1_410' title='bbox 822 4346 931 4403; x_wconf 89' lang='lat' dir='ltr'><strong>Deo</strong></span> <span class='ocrx_word' id='word_1_411' title='bbox 977 4362 1164 4418; x_wconf 88' lang='lat' dir='ltr'><strong>preces</strong></span> <span class='ocrx_word' id='word_1_412' title='bbox 1210 4346 1486 4413; x_wconf 83' lang='lat' dir='ltr'><strong>fundebat,</strong></span> <span class='ocrx_word' id='word_1_413' title='bbox 1526 4357 1886 4417; x_wconf 86' lang='lat' dir='ltr'><strong>pervenerunt</strong></span> <span class='ocrx_word' id='word_1_414' title='bbox 1923 4365 2046 4404; x_wconf 91' lang='lat' dir='ltr'><strong>cum</strong></span> 
     </span>
    </p>
   </div>
   <div class='ocr_carea' id='block_1_61' title="bbox 480 4438 2045 4504">
    <p class='ocr_par' dir='ltr' id='par_1_61' title="bbox 480 4438 2045 4504">
     <span class='ocr_line' id='line_1_61' title="bbox 480 4438 2045 4504; baseline 0.001 -10"><span class='ocrx_word' id='word_1_415' title='bbox 480 4438 702 4494; x_wconf 89' lang='lat' dir='ltr'><strong>domino</strong></span> <span class='ocrx_word' id='word_1_416' title='bbox 731 4452 854 4493; x_wconf 92' lang='lat' dir='ltr'><strong>suo.</strong></span> <span class='ocrx_word' id='word_1_417' title='bbox 877 4438 1009 4504; x_wconf 78' lang='lat' dir='ltr'><strong>Qua:</strong></span> <span class='ocrx_word' id='word_1_418' title='bbox 1033 4453 1156 4493; x_wconf 91' lang='lat' dir='ltr'><strong>cum</strong></span> <span class='ocrx_word' id='word_1_419' title='bbox 1180 4438 1401 4493; x_wconf 88' lang='lat' dir='ltr'><strong>vidisset</strong></span> <span class='ocrx_word' id='word_1_420' title='bbox 1430 4453 1614 4493; x_wconf 89' lang='lat' dir='ltr'><strong>servos</strong></span> <span class='ocrx_word' id='word_1_421' title='bbox 1635 4454 1765 4495; x_wconf 89' lang='lat' dir='ltr'><strong>suos</strong></span> <span class='ocrx_word' id='word_1_422' title='bbox 1787 4456 1894 4495; x_wconf 88' lang='lat' dir='ltr'><strong>una</strong></span> <span class='ocrx_word' id='word_1_423' title='bbox 1922 4456 2045 4496; x_wconf 92' lang='lat' dir='ltr'><strong>cum</strong></span> 
     </span>
    </p>
   </div>
   <div class='ocr_carea' id='block_1_62' title="bbox 481 4527 2048 4602">
    <p class='ocr_par' dir='ltr' id='par_1_62' title="bbox 481 4527 2048 4602">
     <span class='ocr_line' id='line_1_62' title="bbox 481 4527 2048 4602; baseline 0.003 -20"><span class='ocrx_word' id='word_1_424' title='bbox 481 4527 705 4582; x_wconf 89' lang='lat' dir='ltr'><strong>domino</strong></span> <span class='ocrx_word' id='word_1_425' title='bbox 737 4541 925 4580; x_wconf 71' lang='lat' dir='ltr'><strong>eorum</strong></span> <span class='ocrx_word' id='word_1_426' title='bbox 956 4536 1224 4583; x_wconf 57' lang='lat' dir='ltr'><strong>excaecata</strong></span> <span class='ocrx_word' id='word_1_427' title='bbox 1250 4529 1697 4599; x_wconf 87' lang='lat' dir='ltr'><strong>circumagentes,</strong></span> <span class='ocrx_word' id='word_1_428' title='bbox 1730 4531 1905 4600; x_wconf 88' lang='lat' dir='ltr'><strong>primo</strong></span> <span class='ocrx_word' id='word_1_429' title='bbox 1926 4532 2048 4602; x_wconf 89' lang='lat' dir='ltr'><strong>qui-</strong></span> 
     </span>
    </p>
   </div>
   <div class='ocr_carea' id='block_1_63' title="bbox 480 4619 2045 4693">
    <p class='ocr_par' dir='ltr' id='par_1_63' title="bbox 480 4619 2045 4693">
     <span class='ocr_line' id='line_1_63' title="bbox 480 4619 2045 4693; baseline 0.002 -19"><span class='ocrx_word' id='word_1_430' title='bbox 480 4622 603 4675; x_wconf 87' lang='lat' dir='ltr'><strong>dem</strong></span> <span class='ocrx_word' id='word_1_431' title='bbox 637 4619 925 4674; x_wconf 83' lang='lat' dir='ltr'><strong>declinavit</strong></span> <span class='ocrx_word' id='word_1_432' title='bbox 954 4630 1231 4690; x_wconf 82' lang='lat' dir='ltr'><strong>aspectum</strong></span> <span class='ocrx_word' id='word_1_433' title='bbox 1251 4636 1464 4688; x_wconf 86' lang='lat' dir='ltr'><strong>eorum,</strong></span> <span class='ocrx_word' id='word_1_434' title='bbox 1493 4631 1689 4691; x_wconf 90' lang='lat' dir='ltr'><strong>putans</strong></span> <span class='ocrx_word' id='word_1_435' title='bbox 1717 4623 1861 4693; x_wconf 90' lang='lat' dir='ltr'><strong>quod</strong></span> <span class='ocrx_word' id='word_1_436' title='bbox 1890 4639 2045 4692; x_wconf 57' lang='lat' dir='ltr'><strong>aper.</strong></span> 
     </span>
    </p>
   </div>
   <div class='ocr_carea' id='block_1_64' title="bbox 482 4709 2045 4781">
    <p class='ocr_par' dir='ltr' id='par_1_64' title="bbox 482 4709 2045 4781">
     <span class='ocr_line' id='line_1_64' title="bbox 482 4709 2045 4781; baseline 0.004 -16"><span class='ocrx_word' id='word_1_437' title='bbox 482 4711 552 4766; x_wconf 91' lang='lat' dir='ltr'><strong>tis</strong></span> <span class='ocrx_word' id='word_1_438' title='bbox 578 4709 751 4767; x_wconf 89' lang='lat' dir='ltr'><strong>oculis</strong></span> <span class='ocrx_word' id='word_1_439' title='bbox 773 4710 947 4779; x_wconf 88' lang='lat' dir='ltr'><strong>ipsam</strong></span> <span class='ocrx_word' id='word_1_440' title='bbox 970 4714 1253 4781; x_wconf 87' lang='lat' dir='ltr'><strong>aspiceret.</strong></span> <span class='ocrx_word' id='word_1_441' title='bbox 1285 4711 1417 4767; x_wconf 92' lang='lat' dir='ltr'><strong>Dein</strong></span> <span class='ocrx_word' id='word_1_442' title='bbox 1448 4712 1597 4769; x_wconf 87' lang='lat' dir='ltr'><strong>misit</strong></span> <span class='ocrx_word' id='word_1_443' title='bbox 1622 4730 1791 4768; x_wconf 89' lang='lat' dir='ltr'><strong>unum</strong></span> <span class='ocrx_word' id='word_1_444' title='bbox 1820 4730 1850 4770; x_wconf 91' lang='lat' dir='ltr'><strong>e</strong></span> <span class='ocrx_word' id='word_1_445' title='bbox 1875 4717 2045 4772; x_wconf 81' lang='lat' dir='ltr'><strong>servis</strong></span> 
     </span>
    </p>
   </div>
   <div class='ocr_carea' id='block_1_65' title="bbox 482 4800 2046 4872">
    <p class='ocr_par' dir='ltr' id='par_1_65' title="bbox 482 4800 2046 4872">
     <span class='ocr_line' id='line_1_65' title="bbox 482 4800 2046 4872; baseline 0.003 -14"><span class='ocrx_word' id='word_1_446' title='bbox 482 4802 618 4867; x_wconf 88' lang='lat' dir='ltr'><strong>suis,</strong></span> <span class='ocrx_word' id='word_1_447' title='bbox 644 4800 882 4857; x_wconf 87' lang='lat' dir='ltr'><strong>utsciret</strong></span> <span class='ocrx_word' id='word_1_448' title='bbox 903 4802 1034 4872; x_wconf 90' lang='lat' dir='ltr'><strong>quid</strong></span> <span class='ocrx_word' id='word_1_449' title='bbox 1059 4803 1162 4858; x_wconf 82' lang='lat' dir='ltr'><strong>sibi</strong></span> <span class='ocrx_word' id='word_1_450' title='bbox 1186 4804 1401 4870; x_wconf 88' lang='lat' dir='ltr'><strong>vellent,</strong></span> <span class='ocrx_word' id='word_1_451' title='bbox 1423 4819 1545 4859; x_wconf 87' lang='lat' dir='ltr'><strong>eum</strong></span> <span class='ocrx_word' id='word_1_452' title='bbox 1566 4804 1787 4861; x_wconf 89' lang='lat' dir='ltr'><strong>domino</strong></span> <span class='ocrx_word' id='word_1_453' title='bbox 1810 4805 2046 4862; x_wconf 87' lang='lat' dir='ltr'><strong>cireum-</strong></span> 
     </span>
    </p>
   </div>
   <div class='ocr_carea' id='block_1_66' title="bbox 480 4888 2044 4959">
    <p class='ocr_par' dir='ltr' id='par_1_66' title="bbox 480 4888 2044 4959">
     <span class='ocr_line' id='line_1_66' title="bbox 480 4888 2044 4959; baseline 0.004 -15"><span class='ocrx_word' id='word_1_454' title='bbox 480 4900 693 4945; x_wconf 89' lang='lat' dir='ltr'><strong>euntes.</strong></span> <span class='ocrx_word' id='word_1_455' title='bbox 727 4888 806 4943; x_wconf 89' lang='lat' dir='ltr'><strong>llli</strong></span> <span class='ocrx_word' id='word_1_456' title='bbox 831 4889 1125 4944; x_wconf 79' lang='lat' dir='ltr'><strong>dixerunt:</strong></span> <span class='ocrx_word' id='word_1_457' title='bbox 1160 4890 1422 4947; x_wconf 85' lang='lat' dir='ltr'><strong>Dominus</strong></span> <span class='ocrx_word' id='word_1_458' title='bbox 1445 4902 1647 4959; x_wconf 90' lang='lat' dir='ltr'><strong>noster,</strong></span> <span class='ocrx_word' id='word_1_459' title='bbox 1674 4895 1802 4951; x_wconf 94' lang='lat' dir='ltr'><strong>dum</strong></span> <span class='ocrx_word' id='word_1_460' title='bbox 1826 4895 1939 4952; x_wconf 86' lang='lat' dir='ltr'><strong>vult</strong></span> <span class='ocrx_word' id='word_1_461' title='bbox 1960 4898 2044 4951; x_wconf 81' lang='lat' dir='ltr'><strong>vi-</strong></span> 
     </span>
    </p>
   </div>
   <div class='ocr_carea' id='block_1_67' title="bbox 481 4982 2044 5059">
    <p class='ocr_par' dir='ltr' id='par_1_67' title="bbox 481 4982 2044 5059">
     <span class='ocr_line' id='line_1_67' title="bbox 481 4982 2044 5059; baseline 0.005 -23"><span class='ocrx_word' id='word_1_462' title='bbox 481 4982 611 5037; x_wconf 89' lang='lat' dir='ltr'><strong>dere</strong></span> <span class='ocrx_word' id='word_1_463' title='bbox 632 4982 777 5052; x_wconf 92' lang='lat' dir='ltr'><strong>quod</strong></span> <span class='ocrx_word' id='word_1_464' title='bbox 807 4982 858 5037; x_wconf 91' lang='lat' dir='ltr'><strong>ei</strong></span> <span class='ocrx_word' id='word_1_465' title='bbox 884 4982 1088 5036; x_wconf 88' lang='lat' dir='ltr'><strong>licitum</strong></span> <span class='ocrx_word' id='word_1_466' title='bbox 1114 4997 1223 5037; x_wconf 89' lang='lat' dir='ltr'><strong>non</strong></span> <span class='ocrx_word' id='word_1_467' title='bbox 1253 4993 1353 5048; x_wconf 90' lang='lat' dir='ltr'><strong>est,</strong></span> <span class='ocrx_word' id='word_1_468' title='bbox 1381 4994 1434 5039; x_wconf 91' lang='lat' dir='ltr'><strong>et</strong></span> <span class='ocrx_word' id='word_1_469' title='bbox 1468 4984 1702 5041; x_wconf 88' lang='lat' dir='ltr'><strong>alienum</strong></span> <span class='ocrx_word' id='word_1_470' title='bbox 1727 4989 2044 5059; x_wconf 85' lang='lat' dir='ltr'><strong>mysterium</strong></span> 
     </span>
    </p>
   </div>
   <div class='ocr_carea' id='block_1_68' title="bbox 481 5075 2045 5145">
    <p class='ocr_par' dir='ltr' id='par_1_68' title="bbox 481 5075 2045 5145">
     <span class='ocr_line' id='line_1_68' title="bbox 481 5075 2045 5145; baseline 0.005 -16"><span class='ocrx_word' id='word_1_471' title='bbox 481 5075 689 5141; x_wconf 84' lang='lat' dir='ltr'><strong>audire,</strong></span> <span class='ocrx_word' id='word_1_472' title='bbox 713 5082 1017 5129; x_wconf 71' lang='lat' dir='ltr'><strong>excaecatus</strong></span> <span class='ocrx_word' id='word_1_473' title='bbox 1041 5083 1143 5140; x_wconf 88' lang='lat' dir='ltr'><strong>est,</strong></span> <span class='ocrx_word' id='word_1_474' title='bbox 1166 5081 1219 5129; x_wconf 83' lang='lat' dir='ltr'><strong>et</strong></span> <span class='ocrx_word' id='word_1_475' title='bbox 1245 5076 1442 5131; x_wconf 86' lang='lat' dir='ltr'><strong>surdus</strong></span> <span class='ocrx_word' id='word_1_476' title='bbox 1472 5076 1728 5145; x_wconf 80' lang='lat' dir='ltr'><strong>effectus;</strong></span> <span class='ocrx_word' id='word_1_477' title='bbox 1756 5081 1915 5137; x_wconf 91' lang='lat' dir='ltr'><strong>nobis</strong></span> <span class='ocrx_word' id='word_1_478' title='bbox 1946 5098 2045 5137; x_wconf 89' lang='lat' dir='ltr'><strong>au-</strong></span> 
     </span>
    </p>
   </div>
   <div class='ocr_carea' id='block_1_69' title="bbox 484 5165 2046 5242">
    <p class='ocr_par' dir='ltr' id='par_1_69' title="bbox 484 5165 2046 5242">
     <span class='ocr_line' id='line_1_69' title="bbox 484 5165 2046 5242; baseline 0.006 -21"><span class='ocrx_word' id='word_1_479' title='bbox 484 5177 589 5221; x_wconf 88' lang='lat' dir='ltr'><strong>tem</strong></span> <span class='ocrx_word' id='word_1_480' title='bbox 621 5165 925 5236; x_wconf 88' lang='lat' dir='ltr'><strong>imperavit,</strong></span> <span class='ocrx_word' id='word_1_481' title='bbox 956 5174 1017 5221; x_wconf 90' lang='lat' dir='ltr'><strong>ut</strong></span> <span class='ocrx_word' id='word_1_482' title='bbox 1050 5165 1199 5220; x_wconf 91' lang='lat' dir='ltr'><strong>illum</strong></span> <span class='ocrx_word' id='word_1_483' title='bbox 1225 5165 1350 5219; x_wconf 93' lang='lat' dir='ltr'><strong>hinc</strong></span> <span class='ocrx_word' id='word_1_484' title='bbox 1386 5169 1875 5242; x_wconf 87' lang='lat' dir='ltr'><strong>quomodocunque</strong></span> <span class='ocrx_word' id='word_1_485' title='bbox 1913 5175 2046 5230; x_wconf 90' lang='lat' dir='ltr'><strong>edu-</strong></span> 
     </span>
    </p>
   </div>
   <div class='ocr_carea' id='block_1_70' title="bbox 552 5276 1550 5349">
    <p class='ocr_par' dir='ltr' id='par_1_70' title="bbox 552 5276 1550 5349">
     <span class='ocr_line' id='line_1_70' title="bbox 552 5276 1550 5349; baseline 0.007 -19"><span class='ocrx_word' id='word_1_486' title='bbox 552 5290 577 5317; x_wconf 76' lang='grc' dir='ltr'>α</span> <span class='ocrx_word' id='word_1_487' title='bbox 602 5276 748 5333; x_wconf 86' lang='lat' dir='ltr'><strong>Psal.</strong></span> <span class='ocrx_word' id='word_1_488' title='bbox 776 5293 961 5341; x_wconf 80' lang='lat' dir='ltr'><strong>cxxxt,</strong></span> <span class='ocrx_word' id='word_1_489' title='bbox 993 5279 1078 5333; x_wconf 84' lang='lat' dir='ltr'><strong>ll.</strong></span> <span class='ocrx_word' id='word_1_490' title='bbox 1140 5282 1167 5321; x_wconf 73' lang='grc' dir='ltr'><strong>ι)</strong></span> <span class='ocrx_word' id='word_1_491' title='bbox 1202 5282 1303 5337; x_wconf 88' lang='lat' dir='ltr'><strong>lsa.</strong></span> <span class='ocrx_word' id='word_1_492' title='bbox 1333 5299 1428 5349; x_wconf 83' lang='lat' dir='ltr'><strong>vn,</strong></span> <span class='ocrx_word' id='word_1_493' title='bbox 1465 5285 1550 5339; x_wconf 72' lang='grc'>14.</span> 
     </span>
    </p>
   </div>
   <div class='ocr_carea' id='block_1_71' title="bbox 2145 1911 3723 1985">
    <p class='ocr_par' dir='ltr' id='par_1_71' title="bbox 2145 1911 3723 1985">
     <span class='ocr_line' id='line_1_71' title="bbox 2145 1911 3723 1985; baseline 0.004 -21"><span class='ocrx_word' id='word_1_494' title='bbox 2145 1911 2385 1983; x_wconf 88' lang='grc' dir='ltr'>ηρέστει.</span> <span class='ocrx_word' id='word_1_495' title='bbox 2419 1913 2542 1975; x_wconf 89' lang='grc' dir='ltr'>Τοῖς</span> <span class='ocrx_word' id='word_1_496' title='bbox 2563 1911 2671 1983; x_wconf 88' lang='grc' dir='ltr'><strong>γάρ</strong></span> <span class='ocrx_word' id='word_1_497' title='bbox 2693 1912 2994 1981; x_wconf 79' lang='grc' dir='ltr'>ἀλογίστοις</span> <span class='ocrx_word' id='word_1_498' title='bbox 3012 1914 3264 1985; x_wconf 85' lang='grc' dir='ltr'>ἀρέσκειν</span> <span class='ocrx_word' id='word_1_499' title='bbox 3288 1914 3564 1978; x_wconf 87' lang='grc' dir='ltr'>ἀδύνατον,</span> <span class='ocrx_word' id='word_1_500' title='bbox 3581 1918 3723 1985; x_wconf 84' lang='grc' dir='ltr'>ὅπερ</span> 
     </span>
    </p>
   </div>
   <div class='ocr_carea' id='block_1_72' title="bbox 2144 2000 3724 2071">
    <p class='ocr_par' dir='ltr' id='par_1_72' title="bbox 2144 2000 3724 2071">
     <span class='ocr_line' id='line_1_72' title="bbox 2144 2000 3724 2071; baseline 0.003 -18"><span class='ocrx_word' id='word_1_501' title='bbox 2144 2000 2224 2070; x_wconf 85' lang='grc' dir='ltr'><strong>τῷ</strong></span> <span class='ocrx_word' id='word_1_502' title='bbox 2269 2000 2386 2071; x_wconf 83' lang='grc' dir='ltr'><strong>Θεῷ</strong></span> <span class='ocrx_word' id='word_1_503' title='bbox 2427 2000 2716 2071; x_wconf 86' lang='grc' dir='ltr'>εὐάρεστον</span> <span class='ocrx_word' id='word_1_504' title='bbox 2754 2001 3153 2055; x_wconf 81' lang='grc' dir='ltr'>ἀποδείκνυται.</span> <span class='ocrx_word' id='word_1_505' title='bbox 3186 2001 3385 2055; x_wconf 83' lang='grc' dir='ltr'>Τούτου</span> <span class='ocrx_word' id='word_1_506' title='bbox 3417 2000 3511 2058; x_wconf 78' lang='grc' dir='ltr'>οὖν</span> <span class='ocrx_word' id='word_1_507' title='bbox 3535 2004 3724 2058; x_wconf 67' lang='grc' dir='ltr'>ἕνεκεν</span> 
     </span>
    </p>
   </div>
   <div class='ocr_carea' id='block_1_73' title="bbox 2146 2090 3726 2166">
    <p class='ocr_par' dir='ltr' id='par_1_73' title="bbox 2146 2090 3726 2166">
     <span class='ocr_line' id='line_1_73' title="bbox 2146 2090 3726 2166; baseline 0.003 -24"><span class='ocrx_word' id='word_1_508' title='bbox 2146 2090 2244 2143; x_wconf 81' lang='grc' dir='ltr'><strong>οὐκ</strong></span> <span class='ocrx_word' id='word_1_509' title='bbox 2274 2090 2542 2162; x_wconf 76' lang='grc' dir='ltr'>ἐφόϐησαν</span> <span class='ocrx_word' id='word_1_510' title='bbox 2569 2091 2613 2122; x_wconf 80' lang='grc'><strong>³⁸</strong></span> <span class='ocrx_word' id='word_1_511' title='bbox 2641 2091 2738 2154; x_wconf 81' lang='grc' dir='ltr'>τὰς</span> <span class='ocrx_word' id='word_1_512' title='bbox 2791 2090 2976 2163; x_wconf 76' lang='grc' dir='ltr'>ὕϐρεις</span> <span class='ocrx_word' id='word_1_513' title='bbox 3020 2092 3127 2146; x_wconf 82' lang='grc' dir='ltr'><strong>τῶν</strong></span> <span class='ocrx_word' id='word_1_514' title='bbox 3172 2092 3467 2162; x_wconf 85' lang='grc' dir='ltr'>ἀλογίστων</span> <span class='ocrx_word' id='word_1_515' title='bbox 3512 2094 3726 2166; x_wconf 84' lang='grc' dir='ltr'>ἀνθρώ-</span> 
     </span>
    </p>
   </div>
   <div class='ocr_carea' id='block_1_74' title="bbox 2146 2176 3724 2257">
    <p class='ocr_par' dir='ltr' id='par_1_74' title="bbox 2146 2176 3724 2257">
     <span class='ocr_line' id='line_1_74' title="bbox 2146 2176 3724 2257; baseline 0.002 -23"><span class='ocrx_word' id='word_1_516' title='bbox 2146 2198 2263 2235; x_wconf 91' lang='grc' dir='ltr'>πων</span> <span class='ocrx_word' id='word_1_517' title='bbox 2292 2184 2508 2245; x_wconf 82' lang='grc' dir='ltr'>έκεῖνοι,</span> <span class='ocrx_word' id='word_1_518' title='bbox 2553 2176 2635 2245; x_wconf 74' lang='grc' dir='ltr'>οἷς</span> <span class='ocrx_word' id='word_1_519' title='bbox 2668 2183 2702 2252; x_wconf 78' lang='grc' dir='ltr'>ἡ</span> <span class='ocrx_word' id='word_1_520' title='bbox 2726 2181 2916 2253; x_wconf 87' lang='grc' dir='ltr'>γνώμη</span> <span class='ocrx_word' id='word_1_521' title='bbox 2940 2182 3201 2254; x_wconf 86' lang='grc' dir='ltr'>ἐτύγχανε</span> <span class='ocrx_word' id='word_1_522' title='bbox 3228 2183 3355 2248; x_wconf 77' lang='grc' dir='ltr'>τοὺς</span> <span class='ocrx_word' id='word_1_523' title='bbox 3377 2184 3724 2257; x_wconf 83' lang='grc' dir='ltr'>ἀπαρέσκου-</span> 
     </span>
    </p>
   </div>
   <div class='ocr_carea' id='block_1_75' title="bbox 2145 2272 3725 2348">
    <p class='ocr_par' dir='ltr' id='par_1_75' title="bbox 2145 2272 3725 2348">
     <span class='ocr_line' id='line_1_75' title="bbox 2145 2272 3725 2348; baseline 0.001 -21"><span class='ocrx_word' id='word_1_524' title='bbox 2145 2291 2244 2337; x_wconf 87' lang='grc' dir='ltr'><strong>τας</strong></span> <span class='ocrx_word' id='word_1_525' title='bbox 2281 2274 2325 2308; x_wconf 81' lang='grc'>⁸⁷</span> <span class='ocrx_word' id='word_1_526' title='bbox 2367 2272 2636 2336; x_wconf 80' lang='grc' dir='ltr'>πλείστοις</span> <span class='ocrx_word' id='word_1_527' title='bbox 2656 2273 2702 2305; x_wconf 80' lang='grc'>⁸⁸</span> <span class='ocrx_word' id='word_1_528' title='bbox 2740 2274 2814 2344; x_wconf 82' lang='grc' dir='ltr'>μὴ</span> <span class='ocrx_word' id='word_1_529' title='bbox 2854 2274 3074 2345; x_wconf 79' lang='grc' dir='ltr'>δειλιᾷν.</span> <span class='ocrx_word' id='word_1_530' title='bbox 3107 2276 3267 2327; x_wconf 89' lang='grc' dir='ltr'>Ὅτου</span> <span class='ocrx_word' id='word_1_531' title='bbox 3318 2276 3477 2347; x_wconf 82' lang='grc' dir='ltr'>χάριν</span> <span class='ocrx_word' id='word_1_532' title='bbox 3526 2279 3725 2348; x_wconf 78' lang='grc' dir='ltr'>περιῆν</span> 
     </span>
    </p>
   </div>
   <div class='ocr_carea' id='block_1_76' title="bbox 2144 2361 3726 2437">
    <p class='ocr_par' dir='ltr' id='par_1_76' title="bbox 2144 2361 3726 2437">
     <span class='ocr_line' id='line_1_76' title="bbox 2144 2361 3726 2437; baseline 0.003 -22"><span class='ocrx_word' id='word_1_533' title='bbox 2144 2361 2223 2433; x_wconf 81' lang='grc' dir='ltr'><strong>τῷ</strong></span> <span class='ocrx_word' id='word_1_534' title='bbox 2253 2361 2659 2435; x_wconf 79' lang='grc' dir='ltr'>μακαριωτάτῳ</span> <span class='ocrx_word' id='word_1_535' title='bbox 2680 2362 2958 2433; x_wconf 84' lang='grc' dir='ltr'>Κλήμεντι</span> <span class='ocrx_word' id='word_1_536' title='bbox 2985 2363 3063 2434; x_wconf 87' lang='grc' dir='ltr'><strong>τῷ</strong></span> <span class='ocrx_word' id='word_1_537' title='bbox 3089 2364 3182 2417; x_wconf 83' lang='grc' dir='ltr'>τοῦ</span> <span class='ocrx_word' id='word_1_538' title='bbox 3206 2364 3393 2436; x_wconf 80' lang='grc' dir='ltr'>θρόνου</span> <span class='ocrx_word' id='word_1_539' title='bbox 3437 2366 3726 2437; x_wconf 84' lang='grc' dir='ltr'>Ῥωμαίων</span> 
     </span>
    </p>
   </div>
   <div class='ocr_carea' id='block_1_77' title="bbox 2145 2451 3727 2529">
    <p class='ocr_par' dir='ltr' id='par_1_77' title="bbox 2145 2451 3727 2529">
     <span class='ocr_line' id='line_1_77' title="bbox 2145 2451 3727 2529; baseline 0.005 -26"><span class='ocrx_word' id='word_1_540' title='bbox 2145 2451 2429 2523; x_wconf 81' lang='grc' dir='ltr'>ὲπισκόπῳ</span> <span class='ocrx_word' id='word_1_541' title='bbox 2482 2452 2575 2505; x_wconf 75' lang='grc' dir='ltr'><strong>τὸν</strong></span> <span class='ocrx_word' id='word_1_542' title='bbox 2617 2451 2769 2521; x_wconf 80' lang='grc' dir='ltr'>φίλον</span> <span class='ocrx_word' id='word_1_543' title='bbox 2811 2452 2905 2506; x_wconf 84' lang='grc' dir='ltr'>τοῦ</span> <span class='ocrx_word' id='word_1_544' title='bbox 2946 2452 3206 2525; x_wconf 87' lang='grc' dir='ltr'>βασιλέως</span> <span class='ocrx_word' id='word_1_545' title='bbox 3245 2455 3461 2528; x_wconf 88' lang='grc' dir='ltr'>Νερούα</span> <span class='ocrx_word' id='word_1_546' title='bbox 3514 2458 3591 2529; x_wconf 81' lang='grc' dir='ltr'>μὴ</span> <span class='ocrx_word' id='word_1_547' title='bbox 3630 2476 3727 2528; x_wconf 77' lang='grc' dir='ltr'><strong>φο-</strong></span> 
     </span>
    </p>
   </div>
   <div class='ocr_carea' id='block_1_78' title="bbox 2148 2541 2382 2597">
    <p class='ocr_par' dir='ltr' id='par_1_78' title="bbox 2148 2541 2382 2597">
     <span class='ocr_line' id='line_1_78' title="bbox 2148 2541 2382 2597; baseline 0.013 -3"><span class='ocrx_word' id='word_1_548' title='bbox 2148 2541 2382 2597; x_wconf 78' lang='grc' dir='ltr'>δεῖσθαι.</span> 
     </span>
    </p>
   </div>
   <div class='ocr_carea' id='block_1_79' title="bbox 2221 2632 3726 2717">
    <p class='ocr_par' dir='ltr' id='par_1_79' title="bbox 2221 2632 3726 2717">
     <span class='ocr_line' id='line_1_79' title="bbox 2221 2632 3726 2717; baseline 0.009 -31"><span class='ocrx_word' id='word_1_549' title='bbox 2221 2632 2283 2689; x_wconf 78' lang='grc' dir='ltr'><strong>ν.</strong></span> <span class='ocrx_word' id='word_1_550' title='bbox 2335 2634 2551 2705; x_wconf 81' lang='grc' dir='ltr'>Ἐπειδὴ</span> <span class='ocrx_word' id='word_1_551' title='bbox 2571 2635 2749 2690; x_wconf 87' lang='grc' dir='ltr'>τοίνυν</span> <span class='ocrx_word' id='word_1_552' title='bbox 2770 2640 2835 2711; x_wconf 74' lang='grc' dir='ltr'>τῇ</span> <span class='ocrx_word' id='word_1_553' title='bbox 2865 2636 3028 2694; x_wconf 80' lang='grc' dir='ltr'>αὐτοῦ</span> <span class='ocrx_word' id='word_1_554' title='bbox 3057 2640 3374 2715; x_wconf 76' lang='grc' dir='ltr'>διδασκαλίᾳ</span> <span class='ocrx_word' id='word_1_555' title='bbox 3406 2645 3438 2715; x_wconf 86' lang='grc' dir='ltr'><strong>ή</strong></span> <span class='ocrx_word' id='word_1_556' title='bbox 3463 2646 3600 2717; x_wconf 77' lang='grc' dir='ltr'>γυνὴ</span> <span class='ocrx_word' id='word_1_557' title='bbox 3631 2646 3726 2699; x_wconf 79' lang='grc' dir='ltr'>τοῦ</span> 
     </span>
    </p>
   </div>
   <div class='ocr_carea' id='block_1_80' title="bbox 2146 2722 3729 2801">
    <p class='ocr_par' dir='ltr' id='par_1_80' title="bbox 2146 2722 3729 2801">
     <span class='ocr_line' id='line_1_80' title="bbox 2146 2722 3729 2801; baseline 0.008 -26"><span class='ocrx_word' id='word_1_558' title='bbox 2146 2722 2409 2777; x_wconf 87' lang='grc' dir='ltr'>Σισιννίου</span> <span class='ocrx_word' id='word_1_559' title='bbox 2429 2723 2700 2796; x_wconf 85' lang='grc' dir='ltr'>Θεοδώρα,</span> <span class='ocrx_word' id='word_1_560' title='bbox 2725 2726 3123 2800; x_wconf 74' lang='grc' dir='ltr'>ἐπιπραφείσα</span> <span class='ocrx_word' id='word_1_561' title='bbox 3142 2730 3186 2761; x_wconf 76' lang='grc' dir='ltr'>δ’</span> <span class='ocrx_word' id='word_1_562' title='bbox 3218 2731 3353 2801; x_wconf 83' lang='grc' dir='ltr'>πρὸς</span> <span class='ocrx_word' id='word_1_563' title='bbox 3377 2733 3527 2796; x_wconf 81' lang='grc' dir='ltr'>Θεὸν,</span> <span class='ocrx_word' id='word_1_564' title='bbox 3561 2751 3729 2787; x_wconf 80' lang='grc' dir='ltr'>σπου-</span> 
     </span>
    </p>
   </div>
   <div class='ocr_carea' id='block_1_81' title="bbox 2145 2816 3728 2897">
    <p class='ocr_par' dir='ltr' id='par_1_81' title="bbox 2145 2816 3728 2897">
     <span class='ocr_line' id='line_1_81' title="bbox 2145 2816 3728 2897; baseline 0.006 -28"><span class='ocrx_word' id='word_1_565' title='bbox 2145 2816 2300 2870; x_wconf 88' lang='grc' dir='ltr'>δαίαν</span> <span class='ocrx_word' id='word_1_566' title='bbox 2333 2816 2504 2871; x_wconf 88' lang='grc' dir='ltr'>ἐτέλει</span> <span class='ocrx_word' id='word_1_567' title='bbox 2541 2818 2641 2889; x_wconf 72' lang='grc' dir='ltr'><strong>τὴν</strong></span> <span class='ocrx_word' id='word_1_568' title='bbox 2678 2819 3045 2891; x_wconf 87' lang='grc' dir='ltr'>λειτουργίαν,</span> <span class='ocrx_word' id='word_1_569' title='bbox 3094 2822 3295 2893; x_wconf 88' lang='grc' dir='ltr'>ταύτην</span> <span class='ocrx_word' id='word_1_570' title='bbox 3325 2825 3353 2876; x_wconf 85' lang='grc' dir='ltr'>ὁ</span> <span class='ocrx_word' id='word_1_571' title='bbox 3390 2825 3530 2897; x_wconf 76' lang='grc' dir='ltr'>ἀνὴρ</span> <span class='ocrx_word' id='word_1_572' title='bbox 3570 2826 3728 2897; x_wconf 79' lang='grc' dir='ltr'>ζηλο-</span> 
     </span>
    </p>
   </div>
   <div class='ocr_carea' id='block_1_82' title="bbox 2145 2908 3724 2992">
    <p class='ocr_par' dir='ltr' id='par_1_82' title="bbox 2145 2908 3724 2992">
     <span class='ocr_line' id='line_1_82' title="bbox 2145 2908 3724 2992; baseline 0.006 -30"><span class='ocrx_word' id='word_1_573' title='bbox 2145 2908 2413 2979; x_wconf 84' lang='grc' dir='ltr'>τυπήσας,</span> <span class='ocrx_word' id='word_1_574' title='bbox 2437 2910 2761 2977; x_wconf 83' lang='grc' dir='ltr'>παγιδεῦσαι</span> <span class='ocrx_word' id='word_1_575' title='bbox 2790 2913 3211 2983; x_wconf 78' lang='grc' dir='ltr'>κατηγωνίζετο,</span> <span class='ocrx_word' id='word_1_576' title='bbox 3239 2916 3375 2987; x_wconf 79' lang='grc' dir='ltr'>πρὸς</span> <span class='ocrx_word' id='word_1_577' title='bbox 3398 2918 3497 2988; x_wconf 74' lang='grc' dir='ltr'><strong>τὴν</strong></span> <span class='ocrx_word' id='word_1_578' title='bbox 3526 2920 3724 2992; x_wconf 77' lang='grc' dir='ltr'>ἐκκληο</span> 
     </span>
    </p>
   </div>
   <div class='ocr_carea' id='block_1_83' title="bbox 2149 2998 3729 3079">
    <p class='ocr_par' dir='ltr' id='par_1_83' title="bbox 2149 2998 3729 3079">
     <span class='ocr_line' id='line_1_83' title="bbox 2149 2998 3729 3079; baseline 0.008 -27"><span class='ocrx_word' id='word_1_579' title='bbox 2149 2998 2268 3052; x_wconf 83' lang='grc' dir='ltr'>σίαν</span> <span class='ocrx_word' id='word_1_580' title='bbox 2297 2998 2630 3055; x_wconf 81' lang='grc' dir='ltr'>σπεύδουσαν</span> <span class='ocrx_word' id='word_1_581' title='bbox 2654 3002 2720 3055; x_wconf 74' lang='grc' dir='ltr'><strong>³ο.</strong></span> <span class='ocrx_word' id='word_1_582' title='bbox 2763 3003 2873 3057; x_wconf 76' lang='grc' dir='ltr'><strong>Καὶ</strong></span> <span class='ocrx_word' id='word_1_583' title='bbox 2905 3003 2970 3075; x_wconf 85' lang='grc' dir='ltr'><strong>δὴ</strong></span> <span class='ocrx_word' id='word_1_584' title='bbox 3012 3005 3401 3079; x_wconf 79' lang='grc' dir='ltr'>εἰσερχομένης</span> <span class='ocrx_word' id='word_1_585' title='bbox 3419 3010 3484 3073; x_wconf 83' lang='grc'>⁹¹,</span> <span class='ocrx_word' id='word_1_586' title='bbox 3522 3012 3729 3075; x_wconf 79' lang='grc' dir='ltr'>ἐκεῖνος</span> 
     </span>
    </p>
   </div>
   <div class='ocr_carea' id='block_1_84' title="bbox 2146 3087 3728 3174">
    <p class='ocr_par' dir='ltr' id='par_1_84' title="bbox 2146 3087 3728 3174">
     <span class='ocr_line' id='line_1_84' title="bbox 2146 3087 3728 3174; baseline 0.008 -31"><span class='ocrx_word' id='word_1_587' title='bbox 2146 3089 2213 3143; x_wconf 85' lang='grc' dir='ltr'>δι’</span> <span class='ocrx_word' id='word_1_588' title='bbox 2240 3087 2431 3160; x_wconf 86' lang='grc' dir='ltr'>ἐτέρας</span> <span class='ocrx_word' id='word_1_589' title='bbox 2458 3090 2661 3143; x_wconf 83' lang='grc' dir='ltr'>εἰσόδου</span> <span class='ocrx_word' id='word_1_590' title='bbox 2699 3092 3073 3163; x_wconf 84' lang='grc' dir='ltr'>καταφθάσας,</span> <span class='ocrx_word' id='word_1_591' title='bbox 3107 3096 3308 3167; x_wconf 73' lang='grc' dir='ltr'>ἤρξατο</span> <span class='ocrx_word' id='word_1_592' title='bbox 3336 3099 3728 3174; x_wconf 81' lang='grc' dir='ltr'>πολυπραγμο-</span> 
     </span>
    </p>
   </div>
   <div class='ocr_carea' id='block_1_85' title="bbox 2148 3178 3726 3261">
    <p class='ocr_par' dir='ltr' id='par_1_85' title="bbox 2148 3178 3726 3261">
     <span class='ocr_line' id='line_1_85' title="bbox 2148 3178 3726 3261; baseline 0.01 -31"><span class='ocrx_word' id='word_1_593' title='bbox 2148 3180 2257 3232; x_wconf 90' lang='grc' dir='ltr'>νεῖν</span> <span class='ocrx_word' id='word_1_594' title='bbox 2279 3195 2292 3208; x_wconf 68' lang='grc' dir='ltr'>θ</span> <span class='ocrx_word' id='word_1_595' title='bbox 2334 3179 2427 3231; x_wconf 77' lang='grc' dir='ltr'><strong>καί¹</strong></span> <span class='ocrx_word' id='word_1_596' title='bbox 2454 3178 2616 3251; x_wconf 79' lang='grc' dir='ltr'>ἡνίκα</span> <span class='ocrx_word' id='word_1_597' title='bbox 2654 3182 2808 3255; x_wconf 76' lang='grc' dir='ltr'>παρὰ</span> <span class='ocrx_word' id='word_1_598' title='bbox 2831 3184 2925 3236; x_wconf 81' lang='grc' dir='ltr'>τοῦ</span> <span class='ocrx_word' id='word_1_599' title='bbox 2948 3185 3101 3253; x_wconf 88' lang='grc' dir='ltr'>ἁγίου</span> <span class='ocrx_word' id='word_1_600' title='bbox 3132 3186 3443 3259; x_wconf 82' lang='grc' dir='ltr'>Κλήμεντος</span> <span class='ocrx_word' id='word_1_601' title='bbox 3471 3191 3604 3261; x_wconf 63' lang='grc' dir='ltr'>εὐχὴ</span> <span class='ocrx_word' id='word_1_602' title='bbox 3632 3192 3726 3261; x_wconf 86' lang='grc' dir='ltr'>γέ-</span> 
     </span>
    </p>
   </div>
   <div class='ocr_carea' id='block_1_86' title="bbox 2149 3269 3726 3349">
    <p class='ocr_par' dir='ltr' id='par_1_86' title="bbox 2149 3269 3726 3349">
     <span class='ocr_line' id='line_1_86' title="bbox 2149 3269 3726 3349; baseline 0.01 -28"><span class='ocrx_word' id='word_1_603' title='bbox 2149 3288 2294 3340; x_wconf 90' lang='grc' dir='ltr'>γονε,</span> <span class='ocrx_word' id='word_1_604' title='bbox 2328 3269 2423 3323; x_wconf 79' lang='grc' dir='ltr'>τοῦ</span> <span class='ocrx_word' id='word_1_605' title='bbox 2458 3270 2587 3324; x_wconf 81' lang='grc' dir='ltr'>λαοῦ</span> <span class='ocrx_word' id='word_1_606' title='bbox 2629 3273 2910 3345; x_wconf 80' lang='grc' dir='ltr'>εἰρηκότος</span> <span class='ocrx_word' id='word_1_607' title='bbox 2949 3276 3011 3329; x_wconf 79' lang='grc' dir='ltr'><strong>τὸ</strong></span> <span class='ocrx_word' id='word_1_608' title='bbox 3064 3277 3254 3349; x_wconf 79' lang='grc' dir='ltr'>Ἀμήν,</span> <span class='ocrx_word' id='word_1_609' title='bbox 3296 3280 3325 3332; x_wconf 82' lang='grc' dir='ltr'>ὁ</span> <span class='ocrx_word' id='word_1_610' title='bbox 3364 3281 3623 3346; x_wconf 89' lang='grc' dir='ltr'>Σισίννιος</span> <span class='ocrx_word' id='word_1_611' title='bbox 3668 3285 3726 3336; x_wconf 87' lang='grc' dir='ltr'><strong>ἐν</strong></span> 
     </span>
    </p>
   </div>
   <div class='ocr_carea' id='block_1_87' title="bbox 2148 3361 3725 3445">
    <p class='ocr_par' dir='ltr' id='par_1_87' title="bbox 2148 3361 3725 3445">
     <span class='ocr_line' id='line_1_87' title="bbox 2148 3361 3725 3445; baseline 0.008 -32"><span class='ocrx_word' id='word_1_612' title='bbox 2148 3361 2323 3433; x_wconf 86' lang='grc' dir='ltr'>τούτῳ</span> <span class='ocrx_word' id='word_1_613' title='bbox 2364 3362 2559 3432; x_wconf 81' lang='grc' dir='ltr'>τυφλός</span> <span class='ocrx_word' id='word_1_614' title='bbox 2593 3380 2654 3416; x_wconf 90' lang='grc' dir='ltr'><strong>τε</strong></span> <span class='ocrx_word' id='word_1_615' title='bbox 2696 3366 2790 3418; x_wconf 79' lang='grc' dir='ltr'><strong>καὶ</strong></span> <span class='ocrx_word' id='word_1_616' title='bbox 2826 3366 3008 3436; x_wconf 77' lang='grc' dir='ltr'>κωφὸς</span> <span class='ocrx_word' id='word_1_617' title='bbox 3041 3368 3396 3441; x_wconf 82' lang='grc' dir='ltr'>ἀπετελέσθη,</span> <span class='ocrx_word' id='word_1_618' title='bbox 3442 3371 3537 3425; x_wconf 77' lang='grc' dir='ltr'>τοῦ</span> <span class='ocrx_word' id='word_1_619' title='bbox 3590 3375 3725 3445; x_wconf 78' lang='grc' dir='ltr'>μήτε</span> 
     </span>
    </p>
   </div>
   <div class='ocr_carea' id='block_1_88' title="bbox 2150 3452 3726 3531">
    <p class='ocr_par' dir='ltr' id='par_1_88' title="bbox 2150 3452 3726 3531">
     <span class='ocr_line' id='line_1_88' title="bbox 2150 3452 3726 3531; baseline 0.007 -27"><span class='ocrx_word' id='word_1_620' title='bbox 2150 3452 2304 3525; x_wconf 77' lang='grc' dir='ltr'>ὁρᾷν,</span> <span class='ocrx_word' id='word_1_621' title='bbox 2358 3454 2494 3525; x_wconf 82' lang='grc' dir='ltr'>μήτε</span> <span class='ocrx_word' id='word_1_622' title='bbox 2537 3454 2753 3509; x_wconf 86' lang='grc' dir='ltr'>ἀκούειν</span> <span class='ocrx_word' id='word_1_623' title='bbox 2800 3455 3079 3512; x_wconf 89' lang='grc' dir='ltr'>δύνασθαι.</span> <span class='ocrx_word' id='word_1_624' title='bbox 3135 3459 3267 3512; x_wconf 81' lang='grc' dir='ltr'>Τότε</span> <span class='ocrx_word' id='word_1_625' title='bbox 3314 3457 3406 3514; x_wconf 78' lang='grc' dir='ltr'><strong>οὖν</strong></span> <span class='ocrx_word' id='word_1_626' title='bbox 3442 3461 3589 3531; x_wconf 87' lang='grc' dir='ltr'>λέγει</span> <span class='ocrx_word' id='word_1_627' title='bbox 3614 3466 3726 3526; x_wconf 88' lang='grc' dir='ltr'>τοῖς</span> 
     </span>
    </p>
   </div>
   <div class='ocr_carea' id='block_1_89' title="bbox 2149 3545 3731 3625">
    <p class='ocr_par' dir='ltr' id='par_1_89' title="bbox 2149 3545 3731 3625">
     <span class='ocr_line' id='line_1_89' title="bbox 2149 3545 3731 3625; baseline 0.006 -26"><span class='ocrx_word' id='word_1_628' title='bbox 2149 3545 2357 3609; x_wconf 89' lang='grc' dir='ltr'>δούλοις</span> <span class='ocrx_word' id='word_1_629' title='bbox 2383 3547 2568 3601; x_wconf 79' lang='grc' dir='ltr'>αὑτοῦ·</span> <span class='ocrx_word' id='word_1_630' title='bbox 2601 3548 2808 3602; x_wconf 84' lang='grc' dir='ltr'>Λάϐετέ</span> <span class='ocrx_word' id='word_1_631' title='bbox 2847 3567 2912 3620; x_wconf 89' lang='grc' dir='ltr'><strong>με</strong></span> <span class='ocrx_word' id='word_1_632' title='bbox 2943 3551 3022 3614; x_wconf 91' lang='grc' dir='ltr'><strong>εἰς</strong></span> <span class='ocrx_word' id='word_1_633' title='bbox 3043 3549 3142 3614; x_wconf 76' lang='grc' dir='ltr'>τὰς</span> <span class='ocrx_word' id='word_1_634' title='bbox 3169 3554 3355 3624; x_wconf 82' lang='grc' dir='ltr'>χεῖρας</span> <span class='ocrx_word' id='word_1_635' title='bbox 3401 3555 3554 3625; x_wconf 81' lang='grc' dir='ltr'>ὑμῶν</span> <span class='ocrx_word' id='word_1_636' title='bbox 3578 3595 3593 3618; x_wconf 92' lang='grc'><strong>,</strong></span> <span class='ocrx_word' id='word_1_637' title='bbox 3633 3556 3731 3609; x_wconf 68' lang='grc' dir='ltr'>καὶ</span> 
     </span>
    </p>
   </div>
   <div class='ocr_carea' id='block_1_90' title="bbox 2150 3637 3731 3713">
    <p class='ocr_par' dir='ltr' id='par_1_90' title="bbox 2150 3637 3731 3713">
     <span class='ocr_line' id='line_1_90' title="bbox 2150 3637 3731 3713; baseline 0.006 -23"><span class='ocrx_word' id='word_1_638' title='bbox 2150 3637 2443 3705; x_wconf 85' lang='grc' dir='ltr'>ἐξαγάγετε</span> <span class='ocrx_word' id='word_1_639' title='bbox 2470 3637 2594 3704; x_wconf 74' lang='grc' dir='ltr'>ἔξω,</span> <span class='ocrx_word' id='word_1_640' title='bbox 2619 3638 2700 3691; x_wconf 82' lang='grc' dir='ltr'>ὅτι</span> <span class='ocrx_word' id='word_1_641' title='bbox 2725 3640 2774 3691; x_wconf 90' lang='grc' dir='ltr'><strong>οἰ</strong></span> <span class='ocrx_word' id='word_1_642' title='bbox 2806 3639 3074 3712; x_wconf 82' lang='grc' dir='ltr'>ὀφθαλμοί</span> <span class='ocrx_word' id='word_1_643' title='bbox 3098 3658 3198 3711; x_wconf 88' lang='grc' dir='ltr'><strong>μου</strong></span> <span class='ocrx_word' id='word_1_644' title='bbox 3228 3642 3416 3712; x_wconf 77' lang='grc' dir='ltr'>τυφλοὶ</span> <span class='ocrx_word' id='word_1_645' title='bbox 3446 3646 3731 3713; x_wconf 77' lang='grc' dir='ltr'>γεγόνασι,</span> 
     </span>
    </p>
   </div>
   <div class='ocr_carea' id='block_1_91' title="bbox 2149 3728 3736 3805">
    <p class='ocr_par' dir='ltr' id='par_1_91' title="bbox 2149 3728 3736 3805">
     <span class='ocr_line' id='line_1_91' title="bbox 2149 3728 3736 3805; baseline 0.007 -24"><span class='ocrx_word' id='word_1_646' title='bbox 2149 3728 2242 3781; x_wconf 75' lang='grc' dir='ltr'><strong>καὶ</strong></span> <span class='ocrx_word' id='word_1_647' title='bbox 2270 3728 2326 3779; x_wconf 89' lang='grc' dir='ltr'>αἱ</span> <span class='ocrx_word' id='word_1_648' title='bbox 2348 3728 2507 3781; x_wconf 83' lang='grc' dir='ltr'>ἀκοαί</span> <span class='ocrx_word' id='word_1_649' title='bbox 2530 3746 2633 3799; x_wconf 88' lang='grc' dir='ltr'><strong>μου</strong></span> <span class='ocrx_word' id='word_1_650' title='bbox 2659 3730 2739 3793; x_wconf 89' lang='grc' dir='ltr'><strong>εἰς</strong></span> <span class='ocrx_word' id='word_1_651' title='bbox 2768 3730 3018 3785; x_wconf 80' lang='grc' dir='ltr'>τοσοῦτον</span> <span class='ocrx_word' id='word_1_652' title='bbox 3046 3732 3439 3805; x_wconf 81' lang='grc' dir='ltr'>ἐκωφώθησαν,</span> <span class='ocrx_word' id='word_1_653' title='bbox 3467 3737 3550 3789; x_wconf 81' lang='grc' dir='ltr'>ὅτι</span> <span class='ocrx_word' id='word_1_654' title='bbox 3571 3738 3736 3792; x_wconf 75' lang='grc' dir='ltr'>οὐδὲν</span> 
     </span>
    </p>
   </div>
   <div class='ocr_carea' id='block_1_92' title="bbox 2148 3818 2969 3893">
    <p class='ocr_par' dir='ltr' id='par_1_92' title="bbox 2148 3818 2969 3893">
     <span class='ocr_line' id='line_1_92' title="bbox 2148 3818 2969 3893; baseline 0.005 -21"><span class='ocrx_word' id='word_1_655' title='bbox 2148 3819 2210 3872; x_wconf 84' lang='grc' dir='ltr'><strong>τὸ</strong></span> <span class='ocrx_word' id='word_1_656' title='bbox 2244 3818 2458 3873; x_wconf 90' lang='grc' dir='ltr'>σύνολον</span> <span class='ocrx_word' id='word_1_657' title='bbox 2481 3820 2698 3875; x_wconf 89' lang='grc' dir='ltr'>ἀκούειν</span> <span class='ocrx_word' id='word_1_658' title='bbox 2717 3821 2969 3893; x_wconf 88' lang='grc' dir='ltr'>δύναμαι.</span> 
     </span>
    </p>
   </div>
   <div class='ocr_carea' id='block_1_93' title="bbox 2222 3910 3737 3989">
    <p class='ocr_par' dir='ltr' id='par_1_93' title="bbox 2222 3910 3737 3989">
     <span class='ocr_line' id='line_1_93' title="bbox 2222 3910 3737 3989; baseline 0.009 -25"><span class='ocrx_word' id='word_1_659' title='bbox 2222 3910 2313 3966; x_wconf 83' lang='lat' dir='ltr'><strong>Vl.</strong></span> <span class='ocrx_word' id='word_1_660' title='bbox 2354 3912 2487 3965; x_wconf 87' lang='grc' dir='ltr'>Τότε</span> <span class='ocrx_word' id='word_1_661' title='bbox 2512 3914 2561 3966; x_wconf 86' lang='grc' dir='ltr'>οἱ</span> <span class='ocrx_word' id='word_1_662' title='bbox 2580 3914 2766 3978; x_wconf 87' lang='grc' dir='ltr'>παῖδες</span> <span class='ocrx_word' id='word_1_663' title='bbox 2788 3914 2953 3969; x_wconf 78' lang='grc' dir='ltr'>αὑτοῦ</span> <span class='ocrx_word' id='word_1_664' title='bbox 2985 3917 3246 3988; x_wconf 80' lang='grc' dir='ltr'>περιῆγον</span> <span class='ocrx_word' id='word_1_665' title='bbox 3269 3919 3385 3989; x_wconf 85' lang='grc' dir='ltr'>μετ’</span> <span class='ocrx_word' id='word_1_666' title='bbox 3401 3922 3566 3975; x_wconf 76' lang='grc' dir='ltr'>αὐτοῦ</span> <span class='ocrx_word' id='word_1_667' title='bbox 3597 3924 3669 3976; x_wconf 82' lang='grc' dir='ltr'>δι’</span> <span class='ocrx_word' id='word_1_668' title='bbox 3688 3927 3737 3956; x_wconf 81' lang='grc'><strong>⁹¹</strong></span> 
     </span>
    </p>
   </div>
   <div class='ocr_carea' id='block_1_94' title="bbox 2148 4000 3738 4082">
    <p class='ocr_par' dir='ltr' id='par_1_94' title="bbox 2148 4000 3738 4082">
     <span class='ocr_line' id='line_1_94' title="bbox 2148 4000 3738 4082; baseline 0.01 -29"><span class='ocrx_word' id='word_1_669' title='bbox 2148 4000 2274 4073; x_wconf 86' lang='grc' dir='ltr'>ὅλης</span> <span class='ocrx_word' id='word_1_670' title='bbox 2298 4004 2398 4074; x_wconf 76' lang='grc' dir='ltr'>τῆς</span> <span class='ocrx_word' id='word_1_671' title='bbox 2426 4004 2720 4077; x_wconf 80' lang='grc' dir='ltr'>ἐκκλησίας</span> <span class='ocrx_word' id='word_1_672' title='bbox 2742 4008 2798 4059; x_wconf 86' lang='grc' dir='ltr'><strong>ἐν</strong></span> <span class='ocrx_word' id='word_1_673' title='bbox 2830 4007 2981 4079; x_wconf 83' lang='grc' dir='ltr'>μέσῳ</span> <span class='ocrx_word' id='word_1_674' title='bbox 2998 4009 3091 4063; x_wconf 82' lang='grc' dir='ltr'>τοῦ</span> <span class='ocrx_word' id='word_1_675' title='bbox 3122 4009 3414 4082; x_wconf 78' lang='grc' dir='ltr'>εὐχομένου</span> <span class='ocrx_word' id='word_1_676' title='bbox 3441 4014 3593 4079; x_wconf 80' lang='grc' dir='ltr'>λαοῦ,</span> <span class='ocrx_word' id='word_1_677' title='bbox 3631 4017 3738 4069; x_wconf 84' lang='grc' dir='ltr'>ἀν-</span> 
     </span>
    </p>
   </div>
   <div class='ocr_carea' id='block_1_95' title="bbox 2148 4092 3741 4178">
    <p class='ocr_par' dir='ltr' id='par_1_95' title="bbox 2148 4092 3741 4178">
     <span class='ocr_line' id='line_1_95' title="bbox 2148 4092 3741 4178; baseline 0.01 -33"><span class='ocrx_word' id='word_1_678' title='bbox 2148 4092 2290 4163; x_wconf 83' lang='grc' dir='ltr'>δρῶν</span> <span class='ocrx_word' id='word_1_679' title='bbox 2324 4111 2383 4146; x_wconf 88' lang='grc' dir='ltr'><strong>τε</strong></span> <span class='ocrx_word' id='word_1_680' title='bbox 2412 4095 2823 4164; x_wconf 73' lang='grc' dir='ltr'>καὶγυναικῶν,</span> <span class='ocrx_word' id='word_1_681' title='bbox 2848 4099 3066 4164; x_wconf 77' lang='grc' dir='ltr'>καὶτὰς</span> <span class='ocrx_word' id='word_1_682' title='bbox 3090 4101 3260 4173; x_wconf 87' lang='grc' dir='ltr'>θύρας</span> <span class='ocrx_word' id='word_1_683' title='bbox 3287 4104 3408 4158; x_wconf 85' lang='grc' dir='ltr'>ὅθεν</span> <span class='ocrx_word' id='word_1_684' title='bbox 3435 4107 3741 4178; x_wconf 82' lang='grc' dir='ltr'>εἰσέϐησαν</span> 
     </span>
    </p>
   </div>
   <div class='ocr_carea' id='block_1_96' title="bbox 2149 4182 3741 4266">
    <p class='ocr_par' dir='ltr' id='par_1_96' title="bbox 2149 4182 3741 4266">
     <span class='ocr_line' id='line_1_96' title="bbox 2149 4182 3741 4266; baseline 0.011 -32"><span class='ocrx_word' id='word_1_685' title='bbox 2149 4182 2472 4236; x_wconf 77' lang='grc' dir='ltr'>καταλαϐεῖν</span> <span class='ocrx_word' id='word_1_686' title='bbox 2494 4184 2538 4216; x_wconf 73' lang='grc'><strong>³³</strong></span> <span class='ocrx_word' id='word_1_687' title='bbox 2564 4186 2663 4238; x_wconf 83' lang='grc' dir='ltr'><strong>οὐκ</strong></span> <span class='ocrx_word' id='word_1_688' title='bbox 2690 4186 2959 4247; x_wconf 83' lang='grc' dir='ltr'>ἐδύναντο.</span> <span class='ocrx_word' id='word_1_689' title='bbox 2980 4189 3140 4243; x_wconf 88' lang='grc' dir='ltr'>Ὅθεν</span> <span class='ocrx_word' id='word_1_690' title='bbox 3163 4192 3219 4244; x_wconf 88' lang='grc' dir='ltr'><strong>ἐν</strong></span> <span class='ocrx_word' id='word_1_691' title='bbox 3239 4191 3317 4263; x_wconf 84' lang='grc' dir='ltr'><strong>τῷ</strong></span> <span class='ocrx_word' id='word_1_692' title='bbox 3344 4195 3741 4266; x_wconf 81' lang='grc' dir='ltr'>περιέρχεσθαι</span> 
     </span>
    </p>
   </div>
   <div class='ocr_carea' id='block_1_97' title="bbox 2150 4275 3744 4362">
    <p class='ocr_par' dir='ltr' id='par_1_97' title="bbox 2150 4275 3744 4362">
     <span class='ocr_line' id='line_1_97' title="bbox 2150 4275 3744 4362; baseline 0.01 -35"><span class='ocrx_word' id='word_1_693' title='bbox 2150 4275 2347 4339; x_wconf 75' lang='grc' dir='ltr'>αὐτοὺς</span> <span class='ocrx_word' id='word_1_694' title='bbox 2392 4276 2780 4349; x_wconf 82' lang='grc' dir='ltr'>πλανηθέντας,</span> <span class='ocrx_word' id='word_1_695' title='bbox 2823 4280 2917 4334; x_wconf 80' lang='grc' dir='ltr'><strong>καὶ</strong></span> <span class='ocrx_word' id='word_1_696' title='bbox 2962 4282 3121 4336; x_wconf 90' lang='grc' dir='ltr'>πάλιν</span> <span class='ocrx_word' id='word_1_697' title='bbox 3169 4285 3451 4341; x_wconf 83' lang='grc' dir='ltr'>κυκλεύειν</span> <span class='ocrx_word' id='word_1_698' title='bbox 3477 4290 3544 4351; x_wconf 61' lang='grc'><strong>9⁸,</strong></span> <span class='ocrx_word' id='word_1_699' title='bbox 3588 4292 3744 4362; x_wconf 81' lang='grc' dir='ltr'>πρὸς</span> 
     </span>
    </p>
   </div>
   <div class='ocr_carea' id='block_1_98' title="bbox 2149 4365 3745 4454">
    <p class='ocr_par' dir='ltr' id='par_1_98' title="bbox 2149 4365 3745 4454">
     <span class='ocr_line' id='line_1_98' title="bbox 2149 4365 3745 4454; baseline 0.013 -37"><span class='ocrx_word' id='word_1_700' title='bbox 2149 4365 2431 4438; x_wconf 84' lang='grc' dir='ltr'>Θεοδώραν</span> <span class='ocrx_word' id='word_1_701' title='bbox 2472 4368 2572 4440; x_wconf 79' lang='grc' dir='ltr'>τὴν</span> <span class='ocrx_word' id='word_1_702' title='bbox 2610 4370 2804 4441; x_wconf 85' lang='grc' dir='ltr'>κυρίαν</span> <span class='ocrx_word' id='word_1_703' title='bbox 2834 4372 3032 4437; x_wconf 81' lang='grc' dir='ltr'>αὐτῶν,</span> <span class='ocrx_word' id='word_1_704' title='bbox 3062 4374 3191 4430; x_wconf 81' lang='grc' dir='ltr'>ἔνθα</span> <span class='ocrx_word' id='word_1_705' title='bbox 3215 4376 3293 4448; x_wconf 83' lang='grc' dir='ltr'><strong>τῷ</strong></span> <span class='ocrx_word' id='word_1_706' title='bbox 3321 4378 3439 4450; x_wconf 85' lang='grc' dir='ltr'><strong>Θεῷ</strong></span> <span class='ocrx_word' id='word_1_707' title='bbox 3479 4384 3745 4454; x_wconf 81' lang='grc' dir='ltr'>προσηύ-</span> 
     </span>
    </p>
   </div>
   <div class='ocr_carea' id='block_1_99' title="bbox 2078 4459 3747 4546">
    <p class='ocr_par' dir='ltr' id='par_1_99' title="bbox 2078 4459 3747 4546">
     <span class='ocr_line' id='line_1_99' title="bbox 2078 4459 3747 4546; baseline 0.013 -39"><span class='ocrx_word' id='word_1_708' title='bbox 2078 4490 2122 4546; x_wconf 78' lang='lat' dir='ltr'><strong>D</strong></span> <span class='ocrx_word' id='word_1_709' title='bbox 2151 4474 2295 4527; x_wconf 84' lang='grc' dir='ltr'>χετο,</span> <span class='ocrx_word' id='word_1_710' title='bbox 2338 4460 2433 4513; x_wconf 77' lang='grc' dir='ltr'><strong>σὺν</strong></span> <span class='ocrx_word' id='word_1_711' title='bbox 2456 4459 2535 4530; x_wconf 85' lang='grc' dir='ltr'><strong>τῷ</strong></span> <span class='ocrx_word' id='word_1_712' title='bbox 2564 4461 2798 4536; x_wconf 81' lang='grc' dir='ltr'>δεσπότῃ</span> <span class='ocrx_word' id='word_1_713' title='bbox 2826 4464 3001 4519; x_wconf 78' lang='grc' dir='ltr'>αὐτῶν</span> <span class='ocrx_word' id='word_1_714' title='bbox 3026 4470 3401 4539; x_wconf 84' lang='grc' dir='ltr'>παρεγένοντο.</span> <span class='ocrx_word' id='word_1_715' title='bbox 3442 4473 3602 4537; x_wconf 78' lang='grc' dir='ltr'>’Ἡτις</span> <span class='ocrx_word' id='word_1_716' title='bbox 3625 4477 3747 4530; x_wconf 80' lang='grc' dir='ltr'><strong>ἐω-</strong></span> 
     </span>
    </p>
   </div>
   <div class='ocr_carea' id='block_1_100' title="bbox 2151 4556 3747 4633">
    <p class='ocr_par' dir='ltr' id='par_1_100' title="bbox 2151 4556 3747 4633">
     <span class='ocr_line' id='line_1_100' title="bbox 2151 4556 3747 4633; baseline 0.009 -29"><span class='ocrx_word' id='word_1_717' title='bbox 2151 4556 2351 4623; x_wconf 80' lang='grc' dir='ltr'>ρακυία</span> <span class='ocrx_word' id='word_1_718' title='bbox 2399 4556 2526 4618; x_wconf 81' lang='grc' dir='ltr'>τοὺς</span> <span class='ocrx_word' id='word_1_719' title='bbox 2563 4556 2766 4627; x_wconf 81' lang='grc' dir='ltr'>ἑαυτῆς</span> <span class='ocrx_word' id='word_1_720' title='bbox 2807 4558 3001 4621; x_wconf 83' lang='grc' dir='ltr'>παῖδας</span> <span class='ocrx_word' id='word_1_721' title='bbox 3042 4560 3176 4629; x_wconf 87' lang='grc' dir='ltr'><strong>μετά</strong></span> <span class='ocrx_word' id='word_1_722' title='bbox 3201 4561 3294 4614; x_wconf 79' lang='grc' dir='ltr'>τοῦ</span> <span class='ocrx_word' id='word_1_723' title='bbox 3326 4562 3510 4633; x_wconf 87' lang='grc' dir='ltr'>κυρίου</span> <span class='ocrx_word' id='word_1_724' title='bbox 3543 4564 3747 4621; x_wconf 75' lang='grc' dir='ltr'>αὐτῶν</span> 
     </span>
    </p>
   </div>
   <div class='ocr_carea' id='block_1_101' title="bbox 2147 4643 3747 4724">
    <p class='ocr_par' dir='ltr' id='par_1_101' title="bbox 2147 4643 3747 4724">
     <span class='ocr_line' id='line_1_101' title="bbox 2147 4643 3747 4724; baseline 0.009 -29"><span class='ocrx_word' id='word_1_725' title='bbox 2147 4643 2515 4713; x_wconf 79' lang='grc' dir='ltr'>τυφλωθέντος</span> <span class='ocrx_word' id='word_1_726' title='bbox 2547 4647 2593 4679; x_wconf 80' lang='grc'><strong><em>⁹³</em></strong></span> <span class='ocrx_word' id='word_1_727' title='bbox 2640 4648 3019 4719; x_wconf 78' lang='grc' dir='ltr'>περιάγοντας,</span> <span class='ocrx_word' id='word_1_728' title='bbox 3071 4651 3285 4723; x_wconf 82' lang='grc' dir='ltr'>πρῶτον</span> <span class='ocrx_word' id='word_1_729' title='bbox 3332 4653 3431 4724; x_wconf 80' lang='grc' dir='ltr'><strong>μὲν</strong></span> <span class='ocrx_word' id='word_1_730' title='bbox 3482 4655 3747 4722; x_wconf 74' lang='grc' dir='ltr'>ἐξέκλινε</span> 
     </span>
    </p>
   </div>
   <div class='ocr_carea' id='block_1_102' title="bbox 2145 4735 3749 4817">
    <p class='ocr_par' dir='ltr' id='par_1_102' title="bbox 2145 4735 3749 4817">
     <span class='ocr_line' id='line_1_102' title="bbox 2145 4735 3749 4817; baseline 0.009 -29"><span class='ocrx_word' id='word_1_731' title='bbox 2145 4735 2244 4806; x_wconf 84' lang='grc' dir='ltr'><strong>τὴν</strong></span> <span class='ocrx_word' id='word_1_732' title='bbox 2270 4735 2397 4791; x_wconf 87' lang='grc' dir='ltr'>θέαν</span> <span class='ocrx_word' id='word_1_733' title='bbox 2426 4737 2604 4792; x_wconf 83' lang='grc' dir='ltr'>αὐτῶν</span> <span class='ocrx_word' id='word_1_734' title='bbox 2633 4740 2700 4806; x_wconf 76' lang='grc'><strong>⁸⁸,</strong></span> <span class='ocrx_word' id='word_1_735' title='bbox 2750 4740 3043 4811; x_wconf 75' lang='grc' dir='ltr'>νομίζουσα</span> <span class='ocrx_word' id='word_1_736' title='bbox 3088 4743 3171 4795; x_wconf 85' lang='grc' dir='ltr'>ὃτι</span> <span class='ocrx_word' id='word_1_737' title='bbox 3212 4761 3317 4816; x_wconf 88' lang='grc' dir='ltr'><strong>περ</strong></span> <span class='ocrx_word' id='word_1_738' title='bbox 3356 4746 3749 4817; x_wconf 72' lang='grc' dir='ltr'>ἠνεῳγμένοις</span> 
     </span>
    </p>
   </div>
   <div class='ocr_carea' id='block_1_103' title="bbox 2144 4826 3748 4906">
    <p class='ocr_par' dir='ltr' id='par_1_103' title="bbox 2144 4826 3748 4906">
     <span class='ocr_line' id='line_1_103' title="bbox 2144 4826 3748 4906; baseline 0.009 -28"><span class='ocrx_word' id='word_1_739' title='bbox 2144 4826 2385 4898; x_wconf 75' lang='grc' dir='ltr'>ὄμμασιν</span> <span class='ocrx_word' id='word_1_740' title='bbox 2434 4828 2691 4902; x_wconf 85' lang='grc' dir='ltr'>θεάσηται</span> <span class='ocrx_word' id='word_1_741' title='bbox 2736 4833 2923 4904; x_wconf 84' lang='grc' dir='ltr'>αὐτην.</span> <span class='ocrx_word' id='word_1_742' title='bbox 2964 4834 3074 4887; x_wconf 72' lang='grc' dir='ltr'><strong>Καὶ</strong></span> <span class='ocrx_word' id='word_1_743' title='bbox 3115 4835 3402 4906; x_wconf 60' lang='grc' dir='ltr'>πεμψάσης</span> <span class='ocrx_word' id='word_1_744' title='bbox 3424 4838 3467 4870; x_wconf 73' lang='grc'><strong>⁸⁷</strong></span> <span class='ocrx_word' id='word_1_745' title='bbox 3498 4839 3594 4891; x_wconf 82' lang='grc' dir='ltr'><strong>ἐνα</strong></span> <span class='ocrx_word' id='word_1_746' title='bbox 3616 4842 3748 4893; x_wconf 81' lang='grc' dir='ltr'><strong>τῶν</strong></span> 
     </span>
    </p>
   </div>
   <div class='ocr_carea' id='block_1_104' title="bbox 2147 4918 3747 5000">
    <p class='ocr_par' dir='ltr' id='par_1_104' title="bbox 2147 4918 3747 5000">
     <span class='ocr_line' id='line_1_104' title="bbox 2147 4918 3747 5000; baseline 0.011 -31"><span class='ocrx_word' id='word_1_747' title='bbox 2147 4918 2351 4974; x_wconf 88' lang='grc' dir='ltr'>παίδων</span> <span class='ocrx_word' id='word_1_748' title='bbox 2377 4920 2546 4992; x_wconf 77' lang='grc' dir='ltr'>αὐτῆς</span> <span class='ocrx_word' id='word_1_749' title='bbox 2568 4921 2705 4994; x_wconf 79' lang='grc' dir='ltr'>πρὸς</span> <span class='ocrx_word' id='word_1_750' title='bbox 2724 4923 2783 4976; x_wconf 83' lang='grc' dir='ltr'><strong>τὸ</strong></span> <span class='ocrx_word' id='word_1_751' title='bbox 2811 4924 3010 4992; x_wconf 84' lang='grc' dir='ltr'>γνῶναι</span> <span class='ocrx_word' id='word_1_752' title='bbox 3039 4926 3091 4978; x_wconf 90' lang='grc' dir='ltr'><strong>τί</strong></span> <span class='ocrx_word' id='word_1_753' title='bbox 3110 4926 3218 4999; x_wconf 80' lang='grc' dir='ltr'>ἄρα</span> <span class='ocrx_word' id='word_1_754' title='bbox 3245 4926 3445 4981; x_wconf 75' lang='grc' dir='ltr'>θέλοιεν</span> <span class='ocrx_word' id='word_1_755' title='bbox 3464 4929 3604 5000; x_wconf 76' lang='grc' dir='ltr'>μετὰ</span> <span class='ocrx_word' id='word_1_756' title='bbox 3629 4932 3747 4986; x_wconf 72' lang='grc' dir='ltr'>τοῦ</span> 
     </span>
    </p>
   </div>
   <div class='ocr_carea' id='block_1_105' title="bbox 2154 5008 3749 5094">
    <p class='ocr_par' dir='ltr' id='par_1_105' title="bbox 2154 5008 3749 5094">
     <span class='ocr_line' id='line_1_105' title="bbox 2154 5008 3749 5094; baseline 0.011 -33"><span class='ocrx_word' id='word_1_757' title='bbox 2154 5008 2344 5080; x_wconf 83' lang='grc' dir='ltr'>κυρίου</span> <span class='ocrx_word' id='word_1_758' title='bbox 2387 5011 2562 5065; x_wconf 78' lang='grc' dir='ltr'>αὐτῶν</span> <span class='ocrx_word' id='word_1_759' title='bbox 2618 5015 3046 5086; x_wconf 87' lang='grc' dir='ltr'>περιερχόμενοι,</span> <span class='ocrx_word' id='word_1_760' title='bbox 3088 5012 3237 5069; x_wconf 75' lang='grc' dir='ltr'>εἷπον</span> <span class='ocrx_word' id='word_1_761' title='bbox 3278 5017 3353 5049; x_wconf 66' lang='grc' dir='ltr'><strong>π’</strong></span> <span class='ocrx_word' id='word_1_762' title='bbox 3418 5019 3475 5074; x_wconf 90' lang='lat'><strong>&#39;0</strong></span> <span class='ocrx_word' id='word_1_763' title='bbox 3531 5020 3749 5094; x_wconf 84' lang='grc' dir='ltr'>κύριος</span> 
     </span>
    </p>
   </div>
   <div class='ocr_carea' id='block_1_106' title="bbox 2149 5096 3747 5173">
    <p class='ocr_par' dir='ltr' id='par_1_106' title="bbox 2149 5096 3747 5173">
     <span class='ocr_line' id='line_1_106' title="bbox 2149 5096 3747 5173; baseline 0.009 -25"><span class='ocrx_word' id='word_1_764' title='bbox 2149 5096 2324 5166; x_wconf 81' lang='grc' dir='ltr'>ἡμῶν,</span> <span class='ocrx_word' id='word_1_765' title='bbox 2344 5097 2509 5154; x_wconf 89' lang='grc' dir='ltr'>θέλων</span> <span class='ocrx_word' id='word_1_766' title='bbox 2532 5101 2659 5170; x_wconf 81' lang='grc' dir='ltr'>ὁρᾷν</span> <span class='ocrx_word' id='word_1_767' title='bbox 2680 5101 2815 5173; x_wconf 85' lang='grc' dir='ltr'>ὅπερ</span> <span class='ocrx_word' id='word_1_768' title='bbox 2836 5102 2995 5155; x_wconf 83' lang='grc' dir='ltr'>αὑτὸν</span> <span class='ocrx_word' id='word_1_769' title='bbox 3022 5103 3119 5155; x_wconf 79' lang='grc' dir='ltr'><strong>οὐκ</strong></span> <span class='ocrx_word' id='word_1_770' title='bbox 3144 5102 3266 5173; x_wconf 77' lang='grc' dir='ltr'>ἐξῆν</span> <span class='ocrx_word' id='word_1_771' title='bbox 3290 5104 3358 5167; x_wconf 73' lang='grc'><strong>⁸³,</strong></span> <span class='ocrx_word' id='word_1_772' title='bbox 3388 5106 3482 5158; x_wconf 73' lang='grc' dir='ltr'><strong>καὶ</strong></span> <span class='ocrx_word' id='word_1_773' title='bbox 3499 5107 3747 5164; x_wconf 74' lang='grc' dir='ltr'>ἀκούειν</span> 
     </span>
    </p>
   </div>
   <div class='ocr_carea' id='block_1_107' title="bbox 2149 5187 3747 5271">
    <p class='ocr_par' dir='ltr' id='par_1_107' title="bbox 2149 5187 3747 5271">
     <span class='ocr_line' id='line_1_107' title="bbox 2149 5187 3747 5271; baseline 0.011 -33"><span class='ocrx_word' id='word_1_774' title='bbox 2149 5187 2428 5259; x_wconf 84' lang='grc' dir='ltr'>ἀλλοτρίου</span> <span class='ocrx_word' id='word_1_775' title='bbox 2491 5190 2809 5263; x_wconf 85' lang='grc' dir='ltr'>μυστηρίου,</span> <span class='ocrx_word' id='word_1_776' title='bbox 2871 5193 3335 5263; x_wconf 84' lang='grc' dir='ltr'>ἀποτετύφλωται,</span> <span class='ocrx_word' id='word_1_777' title='bbox 3392 5196 3488 5251; x_wconf 77' lang='grc' dir='ltr'>καὶ</span> <span class='ocrx_word' id='word_1_778' title='bbox 3537 5201 3747 5271; x_wconf 79' lang='grc' dir='ltr'>κωφὸς</span> 
     </span>
    </p>
   </div>
   <div class='ocr_carea' id='block_1_108' title="bbox 1715 5357 2458 5433">
    <p class='ocr_par' dir='ltr' id='par_1_108' title="bbox 1715 5357 2458 5433">
     <span class='ocr_line' id='line_1_108' title="bbox 1715 5357 2458 5433; baseline 0.015 -23"><span class='ocrx_word' id='word_1_779' title='bbox 1715 5416 1729 5433; x_wconf 44' lang='grc'><strong>,</strong></span> <span class='ocrx_word' id='word_1_780' title='bbox 1783 5357 2016 5415; x_wconf 66' lang='lat' dir='ltr'><strong>vanus</strong></span> <span class='ocrx_word' id='word_1_781' title='bbox 2055 5362 2458 5423; x_wconf 79' lang='lat' dir='ltr'><strong>LECTlONES.</strong></span> 
     </span>
    </p>
   </div>
   <div class='ocr_carea' id='block_1_109' title="bbox 554 5437 1270 5498">
    <p class='ocr_par' dir='ltr' id='par_1_109' title="bbox 554 5437 1270 5498">
     <span class='ocr_line' id='line_1_109' title="bbox 554 5437 1270 5498; baseline 0.007 -5"><span class='ocrx_word' id='word_1_782' title='bbox 554 5437 675 5478; x_wconf 53' lang='grc' dir='ltr'>ἰδ’-⁸⁸</span> <span class='ocrx_word' id='word_1_783' title='bbox 712 5441 783 5494; x_wconf 85' lang='lat' dir='ltr'><strong>al.</strong></span> <span class='ocrx_word' id='word_1_784' title='bbox 851 5441 970 5496; x_wconf 78' lang='grc' dir='ltr'>καθ’</span> <span class='ocrx_word' id='word_1_785' title='bbox 1024 5441 1270 5498; x_wconf 79' lang='grc' dir='ltr'>ἕκαστον.</span> 
     </span>
    </p>
   </div>
   <div class='ocr_carea' id='block_1_110' title="bbox 480 5504 655 5571">
    <p class='ocr_par' dir='ltr' id='par_1_110' title="bbox 480 5504 655 5571">
     <span class='ocr_line' id='line_1_110' title="bbox 480 5504 655 5571; baseline 0.017 -13"><span class='ocrx_word' id='word_1_786' title='bbox 480 5504 655 5571; x_wconf 73' lang='grc' dir='ltr'>ὂντας.</span> 
     </span>
    </p>
   </div>
   <div class='ocr_carea' id='block_1_111' title="bbox 481 5578 1560 5653">
    <p class='ocr_par' dir='ltr' id='par_1_111' title="bbox 481 5578 1560 5653">
     <span class='ocr_line' id='line_1_111' title="bbox 481 5578 1560 5653; baseline 0.012 -25"><span class='ocrx_word' id='word_1_787' title='bbox 481 5578 571 5653; x_wconf 60' lang='grc' dir='ltr'>εῖμί</span> <span class='ocrx_word' id='word_1_788' title='bbox 616 5583 1019 5653; x_wconf 56' lang='grc' dir='ltr'>αατείωυω,</span> <span class='ocrx_word' id='word_1_789' title='bbox 1072 5594 1293 5653; x_wconf 85' lang='lat' dir='ltr'><strong>suntque</strong></span> <span class='ocrx_word' id='word_1_790' title='bbox 1348 5602 1560 5641; x_wconf 87' lang='lat' dir='ltr'><strong>numero</strong></span> 
     </span>
    </p>
   </div>
   <div class='ocr_carea' id='block_1_112' title="bbox 756 5445 3742 5543">
    <p class='ocr_par' dir='ltr' id='par_1_112' title="bbox 756 5445 3742 5543">
     <span class='ocr_line' id='line_1_112' title="bbox 756 5445 3742 5543; baseline 0.011 -48"><span class='ocrx_word' id='word_1_791' title='bbox 756 5445 801 5543; x_wconf 56' lang='lat' dir='ltr'><strong>la.3</strong></span> <span class='ocrx_word' id='word_1_792' title='bbox 832 5445 1307 5543; x_wconf 38' lang='lat' dir='ltr'><strong>(539;?)(‘ai‘toiq</strong></span> <span class='ocrx_word' id='word_1_793' title='bbox 1334 5515 1346 5528; x_wconf 45' lang='lat'><strong>.</strong></span> <span class='ocrx_word' id='word_1_794' title='bbox 1373 5445 1421 5478; x_wconf 83' lang='grc'><strong>⁸⁵</strong></span> <span class='ocrx_word' id='word_1_795' title='bbox 1446 5516 1457 5528; x_wconf 45' lang='lat'><em>.</em></span> <span class='ocrx_word' id='word_1_796' title='bbox 1478 5446 1553 5543; x_wconf 62' lang='lat' dir='ltr'><strong>al:</strong></span> <span class='ocrx_word' id='word_1_797' title='bbox 1596 5447 2037 5543; x_wconf 58' lang='grc' dir='ltr'>κεκαθαρμένον).</span> <span class='ocrx_word' id='word_1_798' title='bbox 2102 5455 2149 5543; x_wconf 43' lang='lat' dir='ltr'><strong>ﬁ“</strong></span> <span class='ocrx_word' id='word_1_799' title='bbox 2186 5457 2257 5510; x_wconf 91' lang='lat' dir='ltr'><strong>al.</strong></span> <span class='ocrx_word' id='word_1_800' title='bbox 2299 5458 2656 5543; x_wconf 55' lang='grc' dir='ltr'>ἐΞοϐήθησαν.</span> <span class='ocrx_word' id='word_1_801' title='bbox 2734 5462 2779 5493; x_wconf 81' lang='grc'><strong>⁸⁷</strong></span> <span class='ocrx_word' id='word_1_802' title='bbox 2817 5464 2887 5543; x_wconf 75' lang='lat' dir='ltr'><strong>al.</strong></span> <span class='ocrx_word' id='word_1_803' title='bbox 2929 5464 3407 5540; x_wconf 86' lang='grc' dir='ltr'>ἀπαρεσκομένους</span> <span class='ocrx_word' id='word_1_804' title='bbox 3430 5472 3742 5542; x_wconf 79' lang='grc' dir='ltr'>πλείστους</span> 
     </span>
    </p>
   </div>
   <div class='ocr_carea' id='block_1_113' title="bbox 832 5511 3743 5605">
    <p class='ocr_par' dir='ltr' id='par_1_113' title="bbox 832 5511 3743 5605">
     <span class='ocr_line' id='line_1_113' title="bbox 832 5511 3743 5605; baseline 0.011 -39"><span class='ocrx_word' id='word_1_805' title='bbox 832 5511 1191 5605; x_wconf 48' lang='grc' dir='ltr'>βοηςίήηίοη</span> <span class='ocrx_word' id='word_1_806' title='bbox 1216 5515 1349 5570; x_wconf 92' lang='lat' dir='ltr'><strong>mihi</strong></span> <span class='ocrx_word' id='word_1_807' title='bbox 1409 5516 1619 5571; x_wconf 86' lang='lat' dir='ltr'><strong>videtur</strong></span> <span class='ocrx_word' id='word_1_808' title='bbox 1654 5511 2124 5605; x_wconf 56' lang='lat' dir='ltr'><strong>&#39;lcctio&#39;nduorua}?</strong></span> <span class='ocrx_word' id='word_1_809' title='bbox 2153 5542 2287 5605; x_wconf 83' lang='lat' dir='ltr'><strong>mss.</strong></span> <span class='ocrx_word' id='word_1_810' title='bbox 2323 5511 2463 5605; x_wconf 56' lang='grc' dir='ltr'>Τοὺς</span> <span class='ocrx_word' id='word_1_811' title='bbox 2492 5511 3743 5605; x_wconf 39' lang='lat' dir='ltr'><strong>amp:madas?&#39;Eia&#39;iZESJé&#39;SJTSZ&#39;&quot;€523</strong></span> 
     </span>
    </p>
   </div>
   <div class='ocr_carea' id='block_1_114' title="bbox 484 5588 3717 5676">
    <p class='ocr_par' dir='ltr' id='par_1_114' title="bbox 484 5588 3717 5676">
     <span class='ocr_line' id='line_1_114' title="bbox 484 5588 3717 5676; baseline 0 0"><span class='ocrx_word' id='word_1_812' title='bbox 484 5588 1560 5676; x_wconf 59' lang='lat' dir='ltr'><strong>Ei“-.&quot;&quot;~&#39;l&#39;_‘:-I?IE‘I“:._i‘f&quot;“1{‘€..’??f&#39;?“:’?</strong></span> <span class='ocrx_word' id='word_1_813' title='bbox 1611 5588 1805 5676; x_wconf 56' lang='lat' dir='ltr'><strong>P13&quot;??-</strong></span> <span class='ocrx_word' id='word_1_814' title='bbox 1851 5590 2025 5676; x_wconf 75' lang='lat' dir='ltr'><strong>C.°I:.</strong></span> <span class='ocrx_word' id='word_1_815' title='bbox 2060 5595 2105 5626; x_wconf 75' lang='lat'><strong><em>”</em></strong></span> <span class='ocrx_word' id='word_1_816' title='bbox 2139 5598 2210 5676; x_wconf 70' lang='grc' dir='ltr'><strong>τιέ-</strong></span> <span class='ocrx_word' id='word_1_817' title='bbox 2257 5588 2620 5676; x_wconf 42' lang='lat' dir='ltr'><strong>inmissae</strong></span> <span class='ocrx_word' id='word_1_818' title='bbox 2650 5600 2695 5676; x_wconf 76' lang='lat'><strong>°°.</strong></span> <span class='ocrx_word' id='word_1_819' title='bbox 2720 5588 2789 5656; x_wconf 73' lang='grc' dir='ltr'><strong>ειιῖ</strong></span> <span class='ocrx_word' id='word_1_820' title='bbox 2831 5588 3307 5676; x_wconf 56' lang='grc' dir='ltr'>ἀπιόῦσᾶνῗδίὶὶιῖ</span> <span class='ocrx_word' id='word_1_821' title='bbox 3340 5588 3717 5676; x_wconf 62' lang='grc' dir='ltr'><strong>ἒὲὰἔῐθὸύὲἱτέ</strong></span> 
     </span>
    </p>
   </div>
   <div class='ocr_carea' id='block_1_115' title="bbox 581 5649 3702 5737">
    <p class='ocr_par' dir='ltr' id='par_1_115' title="bbox 581 5649 3702 5737">
     <span class='ocr_line' id='line_1_115' title="bbox 806 5649 3702 5669; baseline 0.011 -34"><span class='ocrx_word' id='word_1_822' title='bbox 806 5652 815 5663; x_wconf 37' lang='grc'><strong><em>⁸</em></strong></span> <span class='ocrx_word' id='word_1_823' title='bbox 1006 5649 1009 5650; x_wconf 18' lang='grc' dir='ltr'><em>ν</em></span> <span class='ocrx_word' id='word_1_824' title='bbox 1207 5649 1216 5653; x_wconf 91' lang='lat'>_</span> <span class='ocrx_word' id='word_1_825' title='bbox 1320 5656 1345 5667; x_wconf 37' lang='grc' dir='ltr'><strong>η</strong></span> <span class='ocrx_word' id='word_1_826' title='bbox 1611 5649 1621 5657; x_wconf 62' lang='grc'><strong>,</strong></span> <span class='ocrx_word' id='word_1_827' title='bbox 2145 5649 2167 5651; x_wconf 63' lang='lat'><strong>,_</strong></span> <span class='ocrx_word' id='word_1_828' title='bbox 2721 5649 2789 5656; x_wconf 50' lang='grc' dir='ltr'><strong>ν-.</strong></span> <span class='ocrx_word' id='word_1_829' title='bbox 2832 5649 3113 5661; x_wconf 50' lang='lat' dir='ltr'><strong>mm&quot;-..</strong></span> <span class='ocrx_word' id='word_1_830' title='bbox 3234 5649 3303 5663; x_wconf 89' lang='lat'><strong>....</strong></span> <span class='ocrx_word' id='word_1_831' title='bbox 3345 5649 3654 5667; x_wconf 63' lang='grc' dir='ltr'>..υςηυυυυι</span> <span class='ocrx_word' id='word_1_832' title='bbox 3684 5658 3702 5669; x_wconf 81' lang='grc'><strong>.</strong></span> 
     </span>
     <span class='ocr_line' id='line_1_116' title="bbox 581 5649 3702 5737; baseline 0.012 -37"><span class='ocrx_word' id='word_1_833' title='bbox 581 5649 940 5737; x_wconf 27' lang='grc' dir='ltr'>ειίλλιαϐοντες</span> <span class='ocrx_word' id='word_1_834' title='bbox 968 5654 1150 5737; x_wconf 46' lang='grc' dir='ltr'>,αὑτὸν</span> <span class='ocrx_word' id='word_1_835' title='bbox 1192 5673 1451 5737; x_wconf 32' lang='grc' dir='ltr'>περιηγουν</span> <span class='ocrx_word' id='word_1_836' title='bbox 1482 5657 1567 5737; x_wconf 57' lang='grc' dir='ltr'>δι’.</span> <span class='ocrx_word' id='word_1_837' title='bbox 1595 5729 1608 5737; x_wconf 82' lang='lat'><em>_</em></span> <span class='ocrx_word' id='word_1_838' title='bbox 1640 5658 1685 5690; x_wconf 69' lang='grc'><strong>9³</strong></span> <span class='ocrx_word' id='word_1_839' title='bbox 1723 5659 1793 5712; x_wconf 84' lang='lat' dir='ltr'><strong>al.</strong></span> <span class='ocrx_word' id='word_1_840' title='bbox 1848 5661 2090 5737; x_wconf 78' lang='grc' dir='ltr'>εἰσῆλθον</span> <span class='ocrx_word' id='word_1_841' title='bbox 2139 5668 2334 5737; x_wconf 80' lang='grc' dir='ltr'>εὑρεῖν.</span> <span class='ocrx_word' id='word_1_842' title='bbox 2398 5669 2477 5737; x_wconf 30' lang='grc' dir='ltr'><strong>μθδ</strong></span> <span class='ocrx_word' id='word_1_843' title='bbox 2526 5670 2595 5723; x_wconf 83' lang='lat' dir='ltr'><strong>al.</strong></span> <span class='ocrx_word' id='word_1_844' title='bbox 2640 5670 3021 5737; x_wconf 80' lang='grc' dir='ltr'>πλανωμένους</span> <span class='ocrx_word' id='word_1_845' title='bbox 3074 5679 3167 5731; x_wconf 73' lang='grc' dir='ltr'>καὶ</span> <span class='ocrx_word' id='word_1_846' title='bbox 3202 5680 3503 5736; x_wconf 85' lang='grc' dir='ltr'>κυκλεύειν.</span> <span class='ocrx_word' id='word_1_847' title='bbox 3578 5686 3634 5716; x_wconf 68' lang='grc'><strong>⁸⁵</strong></span> <span class='ocrx_word' id='word_1_848' title='bbox 3651 5662 3702 5737; x_wconf 61' lang='grc' dir='ltr'><strong>ξι]</strong></span> 
     </span>
    </p>
   </div>
   <div class='ocr_carea' id='block_1_116' title="bbox 2430 5669 3743 5743">
    <p class='ocr_par' dir='ltr' id='par_1_116' title="bbox 2430 5669 3743 5743">
     <span class='ocr_line' id='line_1_117' title="bbox 2430 5669 3743 5743; baseline 0.006 -18"><span class='ocrx_word' id='word_1_849' title='bbox 2430 5669 2477 5700; x_wconf 65' lang='grc'><strong>⁸⁵</strong></span> <span class='ocrx_word' id='word_1_850' title='bbox 2526 5670 2597 5743; x_wconf 78' lang='lat' dir='ltr'><strong>al.</strong></span> <span class='ocrx_word' id='word_1_851' title='bbox 2640 5670 3021 5742; x_wconf 80' lang='grc' dir='ltr'>πλανωμένους</span> <span class='ocrx_word' id='word_1_852' title='bbox 3074 5679 3167 5731; x_wconf 73' lang='grc' dir='ltr'>καὶ</span> <span class='ocrx_word' id='word_1_853' title='bbox 3202 5680 3503 5736; x_wconf 85' lang='grc' dir='ltr'>κυκλεύειν.</span> <span class='ocrx_word' id='word_1_854' title='bbox 3578 5686 3634 5716; x_wconf 68' lang='grc'><strong>⁸⁵</strong></span> <span class='ocrx_word' id='word_1_855' title='bbox 3651 5669 3743 5743; x_wconf 65' lang='grc' dir='ltr'>έιῖ,</span> 
     </span>
    </p>
   </div>
   <div class='ocr_carea' id='block_1_117' title="bbox 486 5717 3425 5819">
    <p class='ocr_par' dir='ltr' id='par_1_117' title="bbox 486 5717 3425 5819">
     <span class='ocr_line' id='line_1_118' title="bbox 486 5717 3425 5819; baseline 0.012 -52"><span class='ocrx_word' id='word_1_856' title='bbox 486 5717 826 5786; x_wconf 78' lang='grc' dir='ltr'>τυφλωθέντα</span> <span class='ocrx_word' id='word_1_857' title='bbox 854 5723 1029 5780; x_wconf 79' lang='grc' dir='ltr'>αὐτόν.</span> <span class='ocrx_word' id='word_1_858' title='bbox 1108 5726 1234 5783; x_wconf 71' lang='lat' dir='ltr'><strong>&quot;ai.</strong></span> <span class='ocrx_word' id='word_1_859' title='bbox 1264 5717 1454 5784; x_wconf 67' lang='grc' dir='ltr'>ἀὺτοῦ.</span> <span class='ocrx_word' id='word_1_860' title='bbox 1498 5717 2333 5809; x_wconf 17' lang='grc' dir='ltr'><strong>9⁷ιιι.μεταπεμσζιεὲιμιένη.ίἰδέ</strong></span> <span class='ocrx_word' id='word_1_861' title='bbox 2372 5717 3425 5819; x_wconf 44' lang='lat' dir='ltr'><strong>armi?»&#39;EiiT&#39;EEs&#39;élizqf</strong></span> 
     </span>
    </p>
   </div>
  </div>
