4066 6330
302 312 407 370 6‘3!
1482 299 1899 360 MARTYRIUM
1942 299 2001 354 S.
2026 296 2433 354 CLEMENTIS.
3463 289 3569 345 622

299 426 671 501 ἀπειργάσθηο
704 426 835 499 ἡμῖν
849 441 907 500 τε
931 421 1234 485 ἐκέλευσεν,
1253 420 1340 475 ἵνα
1355 418 1542 473 τοῦτον
1559 418 1806 472 ἐντεῦθεν
1826 417 1895 448 ¹⁰⁰

1965 465 1966 468 η
1996 431 2277 481 ceremus;
2324 414 2418 470 sed
2463 428 2571 468 non
2597 413 2747 469 licuit
2778 413 2933 470 nobis
2954 428 3076 470 eum
3105 415 3232 471 hinc
3272 415 3384 471 ullo
3411 428 3571 489 pacto

297 523 550 580 ὁπωσοῦν
575 519 934 590 ἐξαγάγωμεν
952 533 967 548 ο
999 515 1092 570 καὶ
1112 516 1173 569 οὑ
1209 511 1623 586 συγκεχώρηται
1644 513 1774 583 ἡμῖν
1794 511 1891 563 αὑ-
1997 509 2263 564 emittere.

298 615 395 668 τὸν
424 611 677 666 ἐντεῦθεν
705 608 955 663 ὁπωσοῦν
995 606 1251 680 ἐκφέρειν
1286 609 1326 658 ¹.

379 683 488 759 Vh.
544 703 736 757 Ἡνίκα
762 703 820 756 δέ
839 701 997 754 τοῦτο
1028 702 1047 731 ι
1071 700 1130 753 τδ
1163 700 1406 772 διήγημα
1439 700 1474 771 ὴ
1499 697 1751 769 Θεοδώρα
1772 696 1896 749 ὑπε-

2070 695 2180 751 Vll.
2247 696 2543 768 Postquam
2574 707 2756 756 autem
2799 703 2940 759 hanc
2983 707 3352 762 narrationem
3400 703 3575 759 Theo-

302 798 495 862 δέξατο
515 797 536 828 ³
563 795 715 867 παρά
741 792 835 846 τοῦ
873 792 1086 855 παιδὸς,
1119 790 1501 862 κατέστρωσεν
1535 789 1552 820 ⁸
1593 787 1790 858 ἑαυτὴν
1816 785 1896 848 εἰς

1997 789 2130 844 «lora
2170 805 2200 844 a
2240 806 2410 859 puero
2446 794 2706 863 suscepit,
2737 797 3030 865 prostravit
3063 813 3122 854 se
3157 799 3210 853 iu
3247 799 3572 862 orationem,

302 891 490 961 εὐχὴν,
521 890 616 943 καὶ
662 885 801 959 μετά
825 884 1075 957 δακρύων
1109 885 1130 915 ⁵
1186 882 1340 956 παρὰ
1387 881 1485 936 τοῦ
1531 880 1666 934 Θεοῦ
1719 879 1895 933 ἐδέετο

1998 890 2200 937 etcum
2234 882 2488 955 lacrymis
2531 900 2560 940 a
2605 885 2717 942 Deo
2764 889 3012 960 rogabat,
3051 897 3112 944 ut
3146 891 3272 946 inde
3321 891 3406 945 vir
3454 890 3574 960 ejus

303 985 395 1038 ἵνα
430 984 459 1035 6
482 982 622 1054 ἀνὴρ
655 979 824 1050 αὐτῆς
852 977 1056 1031 ἐκεῖθεν
1088 977 1288 1049 δυνηθῇ
1322 975 1575 1043 ἐξελθεῖν.
1600 974 1711 1028 Καὶ
1732 990 1896 1044 στρα-

1997 983 2181 1043 posset
2209 975 2378 1030 exire.
2411 976 2796 1049 Conversaque
2843 979 2911 1034 ad
2964 996 3176 1048 serios,
3229 982 3321 1052 qui
3363 998 3486 1037 cum
3510 998 3577 1036 eo

301 1079 469 1145 φεῖσα
510 1071 647 1144 πρὸς
678 1071 806 1133 τοὺς
831 1070 1030 1131 παῖδας
1057 1069 1184 1132 τοὺς
1223 1068 1480 1131 συνόντας
1514 1065 1683 1138 αὐτῷ,
1714 1061 1890 1118 εἶπεν·

1996 1076 2151 1120 erant
2179 1085 2194 1122 :
2222 1067 2400 1134 Abite,
2435 1069 2631 1139 inquit,
2672 1086 2836 1126 manu
2881 1073 3144 1129 ducentes
3173 1074 3456 1129 dominum
3485 1089 3577 1128 νος

315 1165 630 1228 Ἀπέλθετε,
671 1163 766 1217 καὶ
812 1161 1325 1234 χειραγωγήσαντες
1359 1159 1451 1212 τὸν
1489 1157 1678 1229 κύριον
1719 1155 1893 1228 ὑμῶν,

1998 1169 2193 1224 strum,
2221 1161 2445 1216 domum
2485 1155 2726 1237 reducite
2757 1182 2771 1218 :
2800 1179 2901 1234 ego
2929 1166 3074 1222 enim
3111 1181 3302 1236 preces
3333 1182 3471 1236 quas
3494 1166 3570 1220 in-

301 1256 624 1325 ἀπαγάγετε
655 1255 736 1318 εἰς
758 1253 850 1307 τὸν
878 1248 1054 1306 οἷκον·
1083 1250 1192 1320 ἐγὼ
1220 1251 1328 1324 γάρ
1363 1252 1460 1323 τὴν
1489 1249 1674 1320 εὐχὴν,
1708 1250 1773 1318 ἦν
1794 1249 1895 1318 ἠρ-

1997 1252 2189 1307 ehoavi
2214 1269 2320 1308 non
2348 1255 2674 1326 relinquam,
2716 1257 2808 1313 sed
2841 1257 3065 1313 oderam
3105 1258 3334 1314 Domino
3370 1259 3579 1314 sacriﬁ-

301 1350 508 1421 ξάμην,
527 1347 588 1400 οὐ
621 1347 695 1418 μὴ
725 1345 1060 1408 καταλείπω,
1092 1343 1226 1397 ἀλλά
1257 1342 1551 1416 προσφέρω
1579 1341 1677 1414 τὴν
1705 1341 1896 1396 θυσίαν

1997 1345 2141 1398 cimn
2166 1359 2370 1412 meum,
2399 1346 2682 1417 completis
2702 1361 2832 1402 vero
2857 1349 3153 1418 mysteriis,
3173 1364 3270 1404 vos
3292 1365 3574 1420 assequar.

303 1461 411 1515 μου
432 1441 512 1512 τῷ
540 1439 750 1511 Κυρίῳ,
768 1440 861 1494 καὶ
889 1435 1279 1510 πληρουμένων
1306 1434 1413 1488 τῶν
1444 1433 1776 1506 μυστηρίων,
1795 1449 1896 1485 κα-

1999 1434 2152 1492 Tunc
2190 1436 2356 1506 igitur
2392 1437 2765 1494 discesserunt
2815 1439 3006 1494 famuli
3051 1456 3217 1495 manu
3248 1440 3579 1498 deducentes

299 1535 568 1606 ταφθάνω
588 1535 752 1605 ὑμᾶς.
782 1532 916 1585 Τότε
946 1530 1126 1584 τοίνυν
1142 1527 1382 1601 ἀπῆλθον
1404 1528 1453 1582 οἰ
1489 1526 1679 1589 παῖδες
1706 1542 1896 1596 χειρα-

1997 1544 2145 1594 eum,
2170 1538 2224 1584 et
2248 1530 2452 1600 egressi
2476 1531 2810 1586 reduxerunt
2834 1533 3058 1587 domum
3108 1551 3122 1587 :
3165 1534 3477 1605 reversique
3510 1539 3579 1590 ad

301 1628 615 1698 γωγοῦντες
661 1627 826 1681 αὑτὸν
861 1627 903 1692 ⁸,
945 1625 1039 1679 καὶ
1075 1624 1443 1697 ἐξερχόμενοι,
1485 1622 1774 1691 ἀπήγαγον
1818 1621 1898 1682 εἰς

1998 1623 2274 1677 dominam
2306 1639 2486 1690 suam,
2532 1623 2684 1678 illum
2711 1625 3100 1681 nuntiaverunt
3124 1642 3324 1682 emerim
3361 1635 3416 1682 et
3457 1643 3581 1683 sur—

300 1720 398 1773 τὸν
430 1717 578 1773 οἷκον
599 1737 612 1747 ·
658 1721 753 1774 καὶ
789 1719 1228 1791 ὑποστρέψαντες
1270 1715 1407 1788 πρὸς
1431 1715 1532 1784 τὴν
1559 1711 1754 1783 κυρίαν
1795 1712 1894 1764 αὐ-

347 1810 372 1821 -
571 1811 616 1822 ..
703 1813 714 1822 .
784 1814 795 1822 .
935 1811 950 1822 .
1134 1808 1147 1822 .
1315 1807 1329 1822 .
1445 1806 1518 1822 ..
1616 1803 1860 1822 θα.

1999 1715 2127 1768 dum
2159 1715 2338 1770 adhuc
2365 1717 2756 1785 permansisse.
2782 1718 2850 1772 At
2872 1717 3156 1775 Theodora
3186 1721 3359 1792 magis
3379 1721 3580 1791 magis-

300 1810 435 1874 τῶν,
461 1811 659 1881 τυφλὸν
691 1811 1034 1884 ἀπήγγειλαν
1063 1808 1157 1862 καὶ
1189 1807 1371 1876 κωφὸν
1399 1806 1560 1860 αὐτὸν
1582 1804 1751 1857 εἰσέτι
1777 1803 1895 1856 δια-

1998 1823 2105 1877 que
2142 1806 2254 1862 Deo
2281 1808 2692 1878 deprecationes
2730 1819 2786 1865 et
2813 1811 3082 1882 lacrymas
3122 1811 3332 1878 etfudit,
3366 1821 3428 1866 ut
3477 1828 3579 1867 suo

304 1907 492 1974 μεῖναι
522 1904 564 1956 ⁷.
609 1904 673 1956 Ἢ
701 1904 758 1956 δέ
786 1901 1039 1973 Θεοδὼρα
1076 1901 1168 1954 ἐπὶ
1210 1900 1392 1953 πλεῖον
1436 1897 1512 1969 τῷ
1541 1895 1662 1968 Θεῷ
1685 1897 1898 1968 δεήσεις

1999 1901 2116 1955 viro
2134 1901 2510 1957 misericordia
2530 1902 2650 1972 ejus
2673 1902 3005 1960 subveniret.
3033 1905 3209 1974 Atque
3230 1904 3368 1960 facta
3391 1905 3582 1960 dimis—

301 1998 402 2050 καὶ
423 1996 636 2068 δάκρυα
659 1997 891 2066 ἐξέχεεν,
920 1996 1068 2058 ὅπως
1098 1992 1193 2046 τοῦ
1223 1992 1416 2064 ἀνδρὸς
1446 1992 1614 2062 αὐτῆς
1643 1989 1704 2043 τὸ
1732 1987 1896 2044 αὑτοῦ

1999 1992 2175 2060 sione,
2229 1994 2426 2049 accidit
2480 1994 2640 2050 beato
2691 1995 2958 2051 Clementi
3012 1995 3320 2062 Theodora,
3368 1997 3577 2063 dicens.

302 2089 454 2151 ἕλεος
491 2088 869 2160 ἀντιλήψηται.
896 2088 1006 2140 Καὶ
1044 2086 1109 2157 δὴ
1139 2085 1239 2156 τῆς
1273 2083 1587 2146 ἀπολύσεως
1614 2081 1898 2152 γεγονυίας

2000 2085 2258 2139 maritum
2277 2101 2436 2140 suum
2461 2086 2590 2142 dum
2613 2088 2934 2145 abscondita
2960 2089 3342 2161 mysteriorum
3362 2089 3579 2146 Domini

303 2181 618 2254 προσέπεσε
643 2180 722 2252 τῷ
764 2179 1015 2252 μακαρίῳ
1039 2177 1315 2248 Κλήμεντι
1346 2177 1380 2247 ἡ
1405 2173 1676 2246 Θεοδὼρα,
1709 2173 1897 2242 λέγου-

1998 2175 2124 2231 Jesu
2154 2176 2358 2231 Christi
2384 2189 2778 2248 perscrutatur,
2799 2179 3058 2235 incidisse
3079 2179 3133 2234 in
3151 2181 3436 2235 orbitatem
3461 2197 3581 2235 am-

304 2291 379 2326 σα
406 2275 426 2304 ⁸
449 2312 465 2337 ,
493 2273 585 2326 τὸν
612 2272 783 2344 ἄνδρα
810 2271 979 2341 αὐτῆς
1001 2267 1497 2340 περιεργαζόμενον
1527 2265 1595 2319 τὰ
1609 2265 1900 2337 ἀπόρρητα

2001 2270 2195 2325 borum
2228 2270 2539 2337 oculorum,
2595 2272 2890 2343 statimque
2937 2273 3225 2344 utriusque
3268 2274 3420 2330 auris
3467 2274 3575 2329 vim

300 2366 416 2418 τῶν
447 2365 760 2437 μυστηρίων
784 2363 878 2416 τοῦ
903 2362 1171 2414 Δεσπότου
1208 2359 1381 2433 Ἰησοῦ
1413 2358 1673 2432 Χριστοῦ,
1695 2355 1901 2426 τυφλώ-

944 2362 1171 2414 εσπότου
1208 2359 1381 2433 Ἰησοῦ
1413 2358 1673 2432 Χριστοῦ,
1695 2355 1901 2426 τυφλώ-
2001 2363 2254 2418 audiendi
2280 2363 2549 2419 amisisse.

304 2476 397 2511 σει
430 2460 749 2530 περιπεσεῖν
797 2456 906 2509 τῶν
955 2454 1279 2526 ἀμφοτέρων
1319 2451 1636 2522 ὀφθαλμῶν,
1686 2449 1794 2502 τῶν
1838 2465 1898 2500 τε

302 2554 590 2624 ἑκατέρων
619 2551 771 2605 ὢτων
801 2549 864 2602 τὸ
892 2547 1213 2602 ἀκουστικὸν
1239 2546 1493 2618 παραυτά
1508 2543 1790 2598 ἀπολέσαι.

385 2647 520 2702 νιιι.
559 2644 872 2718 Τηνικαῦτα
905 2638 999 2696 οὖν
1030 2642 1058 2694 6
1095 2641 1363 2713 μακάριος
1388 2639 1640 2711 Κλήμης,
1662 2638 1900 2710 προχὲας

2075 2653 2208 2710 Vill.
2249 2653 2402 2710 Tunc
2426 2654 2589 2726 igitur
2609 2653 2802 2709 beatus
2825 2652 3073 2708 Clemens
3095 2653 3282 2709 eﬂ‘usis
3299 2655 3579 2727 lacrymis,

301 2741 544 2810 δάκρυα,
574 2737 904 2810 προτρέπειν
930 2733 1133 2808 ἡρξατο
1161 2734 1182 2766 ³
1207 2734 1340 2796 τοὺς
1370 2730 1778 2802 συμπαρόντας,
1813 2730 1901 2784 ἵνα

2002 2746 2208 2802 hortari
2235 2746 2402 2816 coapit
2428 2761 2523 2800 eos
2554 2745 2646 2816 qui
2672 2744 2922 2811 aderant,
2949 2755 3007 2798 ut
3047 2760 3078 2798 a
3117 2743 3348 2801 Domino
3384 2748 3581 2800 unani-

302 2831 651 2904 ὁμοθυμαδὸν
699 2829 851 2901 παρὰ
891 2828 986 2882 τοῦ
1017 2826 1221 2899 Κυρίου
1256 2826 1608 2897 αἰτήσωνται,
1638 2824 1787 2887 ὅπως
1821 2821 1900 2894 τῷ

2001 2839 2166 2894 miter
2191 2838 2552 2910 postularent,
2578 2837 2697 2892 viro
2721 2837 2840 2906 ejus
2867 2837 3110 2891 auditum
3135 2836 3386 2892 redderet
3413 2853 3477 2892 ac
3499 2839 3582 2892 vi-

303 2925 469 2996 ἀνδρὶ
496 2925 665 2995 αὐτῆς
690 2923 791 2994 τήν
817 2938 876 2974 τε
907 2921 1075 2992 ἀκοὴν
1099 2918 1391 2991 χαρίσηται
1421 2917 1513 2971 καὶ
1541 2915 1639 2988 τὴν
1674 2917 1862 2988 ὅρασιν
1879 2932 1898 2948 ο

2003 2948 2147 2987 sum.
2181 2931 2457 2988 Audacter
2503 2933 2683 3002 itaque
2734 2931 2794 2984 Β.
2827 2931 3078 2986 Clemens
3123 2939 3243 3000 post
3273 2931 3577 2987 orationem

307 3015 627 3089 θαρσαλέως
658 3014 839 3068 τοίνυν
875 3014 904 3066 6
935 3010 1206 3084 μακάριος
1239 3008 1470 3080 Κλήμης
1510 3007 1646 3080 μετὰ
1678 3008 1777 3080 τὴν
1805 3009 1900 3062 εὐ-

2003 3025 2242 3096 pcrrexit
2276 3041 2399 3079 eum
2418 3024 2643 3078 muliere
2667 3023 2732 3078 ad
2757 3023 2932 3078 virum
2966 3024 3120 3094 ejus;
3147 3033 3202 3077 et
3229 3023 3433 3077 invenit
3453 3039 3578 3078 eum

305 3113 416 3184 χὴν
437 3106 803 3180 συνεπορεύθη
837 3109 904 3179 τῇ
935 3105 1157 3175 γυναικὶ
1186 3103 1323 3176 πρὸς
1347 3103 1439 3156 τὸν
1469 3102 1682 3174 ἐκείνης
1707 3101 1896 3174 ἄνδρα,

2003 3117 2204 3187 apertis
2235 3117 2411 3172 oculis
2442 3116 2578 3169 nihil
2613 3117 2817 3182 videre,
2859 3131 3036 3186 neque
3072 3117 3235 3172 etiam
3269 3124 3577 3171 sermonem

305 3209 412 3260 καὶ
438 3201 593 3276 εῦρεν
621 3202 782 3256 αὐτὸν
804 3241 818 3265 ,
861 3199 1222 3271 ἀνεῳγμένων
1255 3197 1364 3250 τῶν
1396 3197 1440 3228 ¹⁰
1475 3196 1738 3268 ὀμμάτων
1759 3235 1773 3259 ,
1810 3197 1902 3249 οὺ-

2005 3211 2298 3274 ullatenus,
2325 3218 2418 3263 aut
2452 3209 2620 3263 ullum
2652 3224 2847 3263 sonum
2883 3209 3072 3263 audire
3098 3224 3111 3261 :
3139 3209 3230 3263 ubi
3261 3217 3315 3263 et
3337 3209 3581 3278 permisti

306 3301 408 3354 δὲν
438 3300 479 3329 ⁸¹
501 3297 733 3368 ὁρῶντα,
762 3292 886 3347 οὔτε
912 3292 1009 3364 μὲν
1030 3292 1190 3360 λόγου
1213 3290 1275 3343 τὸ
1299 3290 1583 3361 παράπαν,
1615 3286 1736 3341 οῦτε
1757 3288 1902 3351 τινὸς

2004 3318 2197 3359 omnes
2225 3302 2518 3372 ejulatibus
2548 3301 2992 3372 perstrepebant;
3039 3317 3138 3356 nec
3167 3299 3442 3357 Sisinnius
3468 3301 3581 3356 ullo

307 3392 453 3461 ἦχου
513 3387 797 3440 ἀκούονταο
856 3383 984 3438 ἔνθα
1031 3383 1127 3438 καὶ
1171 3384 1468 3453 συμμιγεῖς
1514 3379 1838 3451 ὀλοφυρμῶν
1861 3381 1903 3412 ⁸⁸

858 3383 984 3438 ἔνθα
1031 3383 1127 3438 καὶ
1171 3384 1468 3453 συμμιγεῖς
1514 3379 1838 3451 ὀλοφυρμῶν
1861 3381 1903 3412 ¹²
2004 3396 2168 3451 modo
2189 3393 2464 3450 audiebat.

307 3484 557 3545 ἅπαντες
585 3481 906 3552 περιηχουν,
935 3476 996 3530 οῦ
1022 3493 1168 3539 τινος
1199 3477 1227 3529 6
1258 3474 1520 3536 Σισίννιος
1559 3471 1903 3526 παντάπασιν

303 3575 418 3629 οὐκ
440 3574 698 3644 ἠκροᾶτο.

389 3663 482 3717 IX.
522 3662 655 3715 Τότε
681 3658 794 3725 οῦν,
828 3661 1016 3724 κλίνας
1063 3657 1137 3713 τὰ
1184 3659 1387 3728 γόνατα
1427 3657 1564 3729 πρὸς
1607 3655 1698 3709 τὸν
1749 3654 1901 3718 Θεὸν,

2077 3665 2170 3721 1X.
2205 3665 2362 3719 Tunc
2411 3661 2576 3732 igitur
2628 3658 2856 3732 genibus
2910 3658 3066 3714 ﬂexis
3105 3660 3170 3714 ad
3205 3659 3398 3729 Deum,
3448 3663 3585 3718 dixit

304 3758 423 3827 ἔφη
454 3758 483 3808 ὁ
520 3755 786 3828 μακάριος
806 3753 1036 3825 Κλήμης
1055 3769 1068 3782 ·
1096 3751 1270 3822 Κύριε
1300 3749 1472 3821 Ἰησοῦ
1503 3748 1725 3820 Χριστὲ,
1746 3749 1774 3800 6
1805 3747 1904 3811 τὰς

2007 3762 2198 3817 beatus
2226 3757 2479 3812 Clemens
2511 3775 2524 3812 :
2557 3754 2785 3809 Domine
2815 3751 2943 3807 Jesu
2983 3753 3218 3819 Christe,
3273 3754 3366 3824 qui
3405 3754 3584 3808 claves

305 3851 468 3912 κλεῖς
494 3849 593 3921 τῆς
626 3846 904 3919 βασιλείας
928 3846 1038 3899 τῶν
1075 3843 1320 3918 οὐρανῶν
1362 3841 1611 3906 δεδωκὼς
1657 3841 1737 3913 τῷ
1768 3844 1904 3896 ἀπο-

2008 3852 2160 3922 rcgni
2196 3851 2460 3905 caelorum
2484 3850 2678 3905 dedisti
2710 3849 2954 3919 apostolo
2979 3856 3092 3914 tuo,
3118 3847 3380 3918 magistro
3403 3857 3583 3901 autem

308 3941 494 4012 στόλῳ
531 3958 645 4005 σου,
688 3937 993 4010 διδασκάλῳ
1041 3937 1098 3993 δέ
1141 3936 1260 4009 ἐμῷ
1306 3936 1518 4010 Πέτρῳ,
1566 3937 1661 3991 καὶ
1712 3934 1902 3989 εἰπών⁸

2007 3959 2130 3999 meo
2162 3941 2341 4008 Petro,
2369 3950 2424 3997 et
2451 3941 2638 3997 dixisti
2663 3961 2676 3996 :
2703 3941 3040 4010 Qutecunquc
3062 3939 3330 4008 aperueris
3350 3979 3364 4002 ,
3403 3952 3586 4009 aperta

312 4039 516 4102 Ἀπερ
535 4033 612 4088 ἂν
630 4033 901 4101 ἀνοίξῃς,
917 4029 1232 4100 ἡνέῳκται,
1252 4030 1350 4083 καὶ
1365 4029 1515 4098 ἅπερ
1533 4026 1907 4096 κλείσῃςριέ-

2007 4047 2163 4101 sunt,
2220 4045 2270 4090 et
2335 4051 2658 4106 qua'cuuque
2701 4035 2955 4089 clauseris
3009 4033 3194 4088 clausa
3246 4041 3457 4099 sunta;
3529 4042 3585 4088 tu

309 4135 616 4194 κλεισται,
641 4129 705 4182 σὺ
727 4125 1032 4198 πρόσταξον
1059 4125 1148 4180 ἵνα
1164 4123 1509 4195 διανοιχθῶσι
1528 4122 1606 4194 τῷ
1636 4121 1906 4194 ἀνθρώπῳ

2007 4130 2240 4202 prmeipe
2296 4137 2357 4182 ut
2409 4126 2727 4196 aperiantur
2779 4125 2904 4180 huic
2957 4125 3165 4179 homini
3211 4139 3370 4178 aures
3422 4132 3588 4194 atque

307 4222 613 4294 τούτῳ¹⁸-¹⁸
628 4224 682 4274 αἱ
697 4221 975 4284 amatam).
986 4220 1035 4272 οί
1050 4217 1338 4290 ὀφθαλμοὶ,
1355 4218 1437 4271 ὅτι
1456 4217 1520 4270 σὺ
1535 4213 1713 4279 εἶπας·
1724 4215 1906 4281 Ἀπερ

2008 4221 2186 4288 oculi;
2216 4219 2476 4290 quoniam
2505 4229 2560 4272 tu
2584 4216 2770 4272 dixisti
2805 4234 2818 4270 :
2845 4215 3182 4286 Quwcunque
3201 4215 3452 4284 petieritis
3478 4230 3591 4267 cre-

310 4321 400 4374 ᾶν
413 4315 702 4385 αιτήσητε
721 4315 1130 4378 πιστεύοντες,
1149 4311 1444 4380 λήψεσθε.
1469 4310 1581 4365 Καὶ
1602 4309 1739 4381 αῦτη
1764 4325 1854 4360 σου
1873 4309 1904 4378 ἡ

2008 4315 2208 4380 dentes,
2233 4309 2503 4380 accipietis
2530 4308 2580 4362 ι’.
2619 4308 2684 4364 Et
2706 4307 2822 4360 luec
2855 4314 2944 4358 tua
2969 4305 3262 4376 promissio
3307 4310 3589 4374 permanet

312 4409 626 4478 ἐπαγγελία
647 4407 892 4478 διαμένει
912 4407 991 4468 είς
1018 4403 1190 4456 αἰῶνα
1216 4401 1426 4456 αἰώνων
1445 4402 1509 4441 ¹⁸-
1526 4401 1714 4454 ¹⁶.Κα“ι
1744 4398 1904 4470 ἡνίκα

1980 4476 1982 4478 ν
2011 4408 2065 4462 in
2101 4405 2358 4462 saeculum
2401 4400 2606 4457 saeculi.
2650 4399 2897 4467 Cumque
2927 4413 3120 4452 onlnes
3157 4397 3586 4467 responderunt:

307 4463 530 4565 πάντες
581 4463 935 4572 ἀπεκρίνοντο
971 4463 1048 4560 ⁷³⁷,
1103 4495 1307 4566 Ἀμήν,
1357 4492 1734 4564 διηνοίχθησαν
1765 4463 1820 4522 ’⁸⁸
1857 4492 1907 4544 οἱ

1980 4476 2208 4563 ’Ληιριῃ
2252 4495 2423 4565 aperti
2458 4500 2588 4548 sunt
2623 4491 2768 4546 oculi
2811 4489 3063 4553 Sisinnii,
3119 4489 3357 4559 itemque
3403 4505 3586 4545 aures.

310 4595 597 4668 ὀφθαλμοὶ
625 4593 888 4648 Σισιννίου
920 4593 1015 4645 καὶ
1044 4593 1098 4646 αἰ
1130 4589 1311 4645 ἀκοαί.
1347 4589 1457 4641 Καὶ
1482 4585 1605 4640 ἰδὼν
1637 4585 1727 4638 τὸν
1758 4585 1912 4654 ἅγιον

2013 4591 2078 4646 Et
2103 4591 2292 4646 videns
2322 4597 2571 4643 sanctum
2597 4586 2929 4641 Clementem
2957 4593 3190 4639 stantem
3215 4599 3339 4638 cum
3360 4585 3592 4656 conjuge

311 4691 620 4760 Κλήμεντα
667 4688 763 4740 σὺν
801 4687 867 4756 τῇ
905 4683 1096 4737 ἐαυτοῦ
1125 4682 1412 4752 ἱστάμενον
1439 4679 1680 4747 γυναικὶ,
1720 4676 1909 4748 ἐξέστη

2014 4700 2133 4750 sua,
2164 4691 2346 4737 mente
2367 4679 2586 4744 excidit,
2620 4687 2878 4747 reputans
2904 4676 3166 4746 quidnam
3193 4675 3297 4731 hoc
3325 4684 3502 4742 esset;
3529 4692 3593 4731 ac

310 4788 390 4856 τῇ
425 4780 654 4852 διανοίᾳ,
699 4777 1044 4849 λογιζόμενος
1092 4777 1145 4829 τί
1189 4777 1298 4847 ἄρα
1339 4773 1426 4845 εἴη
1455 4772 1634 4836 τοῦτο,
1665 4773 1756 4825 καὶ
1777 4773 1910 4824 ὑπο-

2014 4775 2335 4831 cxistimans
2375 4771 2427 4824 id
2462 4770 2637 4839 ipsum
2679 4767 3034 4837 praestigiosis
3058 4766 3272 4821 artibus
3301 4775 3354 4821 et
3383 4766 3593 4821 illusio-

323 4874 468 4931 θοῶν
496 4873 652 4926 τοῦτο
677 4871 809 4925 αὐτὸ
839 4871 1120 4942 γοητικαῖς
1147 4869 1364 4938 τέχναις
1388 4864 1778 4938 ἐμπεπαῖχθαι,
1809 4865 1911 4936 ἤρ-

2015 4868 2175 4921 nihus
2217 4866 2468 4918 cti‘cetum
2511 4860 2701 4924 fuisse,
2746 4860 2908 4928 ccc-pit
2951 4859 3188 4914 clamare
3227 4858 3399 4914 servis
3431 4858 3589 4913 suis:

314 4971 463 5038 ξατο
519 4966 742 5038 κράζειν
784 4966 826 4997 ¹⁹
871 4967 984 5027 τοῖς
1015 4963 1223 5026 δούλοις
1264 4962 1428 5016 αὐτοῦ
1459 4961 1534 4993 ²⁰·
1585 4961 1912 5031 Κρατήσατε

2017 4959 2217 5014 Tcnete
2238 4956 2572 5011 Clementem
2593 4953 2908 5024 episcopum
2939 4969 2952 5004 :
2981 4969 3106 5006 nam
3132 4960 3191 5004 ut
3218 4950 3591 5020 ingrederetur

313 5057 628 5127 Κλήμεντά
686 5055 776 5108 τὸν
831 5053 1155 5108 ἐπίσκοπον*
1215 5052 1301 5106 διὰ
1348 5051 1456 5124 γὰρ
1506 5050 1598 5104 τοῦ
1653 5052 1913 5105 εἰσελθεῖν

2015 5054 2084 5109 ad
2112 5068 2338 5107 uxorem
2368 5047 2586 5117 meam,
2611 5049 2820 5120 magica
2847 5063 2945 5105 sua
2975 5055 3089 5104 arte
3126 5048 3260 5104 mihi
3291 5047 3587 5104 caecitatem

317 5152 473 5224 πρὸς
507 5150 604 5222 τὴν
634 5149 870 5218 γυναῖκά
903 5167 1024 5221 μου,
1054 5151 1120 5221 τῇ
1171 5149 1381 5220 μαγικῇ
1430 5145 1594 5201 αὑτοῦ
1622 5147 1787 5218 τέχνῃ
1815 5147 1914 5220 τὴν
2017 5145 2250 5203 induxit.

318 5242 584 5315 πήρωσίν
621 5259 709 5313 μοι
736 5241 1039 5313 ἐπήγαγεν.

405 5370 436 5400 ο
459 5357 652 5415 Matth.
685 5372 798 5421 xw,
829 5355 916 5411 19.
994 5355 1023 5395 ι)
1047 5351 1214 5409 Mare.
1246 5367 1364 5417 xxx,
1390 5350 1480 5405 2‘2.

1638 5416 1877 5475 VARIA‘I
1917 5412 2319 5470 LECTIONES.

411 5549 484 5582 ¹⁰⁶
524 5549 674 5603 deest
729 5549 784 5603 in
837 5547 909 5603 a1.
1013 5548 1030 5578 ¹
1076 5545 1147 5601 al.
1192 5543 1461 5598 ἐκϐαλεῖν.
1542 5544 1562 5575 ³
1603 5541 1754 5597 deest
1799 5540 1853 5593 in
1907 5538 1974 5592 al.
2087 5537 2107 5568 ⁸
2147 5538 2216 5591 al.
2278 5538 2529 5603 ἤκουσεν.
2640 5535 2661 5568 ⁸
2701 5535 2772 5590 al.
2845 5533 3089 5603 ἔστησεν.
3123 5599 3133 5603 _
3168 5529 3206 5603 '_
3227 5527 3375 5582 deest
3418 5526 3472 5603 in
3513 5525 3588 5603 a1.

325 5626 348 5656 ⁸
411 5598 682 5674 deestuin
729 5598 954 5674 '51.“?
996 5598 1421 5686 al.w6tapévstv.
1511 5613 1543 5686 A3
1582 5613 1653 5666 al.
1721 5611 1954 5686 λέγουσα
1991 5609 2186 5686 -πάντα
2239 5598 2322 5686 ,τά
2374 5609 2659 5686 συμϐάντα
2726 5606 2836 5686 τῷ*
2868 5598 3024 5686 ἀνδρὶ
3077 5599 3286 5686 αὐτῆς,
3345 5598 3592 5686 καὶηὸτι

733 5669 848 5752 τοῖς
899 5669 1195 5760 ὀφθαλμοῖς
1222 5669 1333 5740 ’καὶ
1385 5684 1588 5760 κωιρὸς-
1607 5686 1720 5745 τοῖς
1752 5669 1870 5760 ὠσί.
1904 5678 2089 5760 Ταῦτα
2121 5679 2358 5760 ἀκούξας
2382 5680 2423 5760 ὁλ
2447 5669 2746 5760 μακάριος.⁹
2776 5669 2786 5676 ’
2816 5678 2837 5708 ⁸
2879 5669 3383 5760 αἰίιπροετρέέζιατο.
3441 5670 3492 5760 :3
3517 5669 3592 5760 al.

326 5740 537 5831 ἆξιὲῷῗ
648 5740 723 5813 ⁷5⁸1.
748 5740 1034 5831 ﬁssae“
1069 5740 1110 5791 θ’
1145 5740 1220 5810 ai.
1261 5740 1510 5829 συμμιγῆ
1545 5740 1870 5831 ὅλοφιξρμόν.
1923 5748 2064 5831 Δη-ιδ
2103 5751 2172 5831 a_l.
2213 5749 2308 5830 τοῦ
2329 5740 2620 5831 ἀνθρῴποῦ
2658 5746 2869 5803 τούτου.
2916 5740 3124 5798 ¹¹³η¹⁶ἰιί.
3148 5740 3360 5807 αἰῶνος.
3441 5741 3482 5774 ⁸⁷
3519 5740 3590 5794 ai.

329 5819 495 5888 εἷπον
527 5830 606 5884 τό.
687 5832 728 5863 ⁸⁸
768 5819 842 5888 iu:
871 5831 1034 5887 inscr.
1060 5829 1282 5894 ευθέως.
1333 5819 1408 5862 ’ίθ
1444 5819 1514 5884 in:
1559 5819 1817 5880 κελεύεὶν.
1897 5823 2038 5900 παι.
2079 5820 2275 5889 αὐτοῦ,
2308 5821 2398 5874 καὶ
2431 5819 2627 5900 λέγειν.
