4066 6330
521 321 626 377 6‘25
1610 325 1946 380 AI’PENDIX
1985 328 2074 380 AD
2117 326 2174 382 S.
2215 326 2656 381 CLEMENTEM.
3659 331 3757 388 624

594 437 660 491 Χ.
703 436 778 490 Illi
810 451 958 500 vero,
1004 451 1143 505 quos
1173 437 1410 505 jusserat
1447 436 1776 492 Clementem
1816 440 2087 493 constrin-

2259 436 2327 492 Χ.
2383 438 2609 490 Ἐκεῖνοι
2636 436 2715 501 δὲ,
2765 429 2846 499 οἷς
2885 437 3134 493 ἐκέλευσε
3163 440 3253 493 τὸν
3283 441 3572 513 Κλήμεντα
3599 462 3764 499 κατα-

525 547 648 601 gere
679 545 743 584 ac
769 529 1001 592 trahere,
1054 529 1155 596 ipsi
1196 529 1482 584 columnas
1511 530 1820 598 adjacentes
1853 533 2091 600 ligabant

2193 529 2444 597 σφίγγειν
2473 531 2516 559 ’³
2557 545 2615 580 τε
2642 529 2735 580 καὶ
2767 528 2972 600 σύρειν,
3005 531 3157 584 αὐτοὶ
3181 532 3306 595 τοὺς
3335 535 3621 604 κειμένους
3643 538 3764 592 στύ-

523 634 577 678 et
605 622 923 684 trahebant;
957 621 1248 690 aliquando
1289 623 1507 692 quidem
1537 639 1603 676 ex
1641 623 1992 678 interioribus
2024 625 2088 678 ad

2192 615 2315 681 λους
2333 618 2656 687 δεσμοῦντες
2681 612 2859 670 εἷλκον
2883 634 2896 648 ·
2924 619 3053 671 ποτὲ
3085 620 3184 690 μὲν
3208 620 3418 675 ἔνδοθεν
3440 627 3520 686 είς
3540 624 3609 677 τά
3631 627 3760 693 ἔξω,

524 714 814 777 exteriora,
857 712 1150 781 aliquando
1171 728 1297 767 vero
1333 713 1402 766 ab
1443 715 1807 769 exterioribus
1847 716 1912 770 ad
1953 715 2091 769 inte-

523 807 716 860 riora:
760 806 864 860 llOC
914 813 1093 858 autem
1139 805 1239 874 ipsi
1285 805 1447 858 etiam
1493 806 1735 862 Sisinnio
1784 808 2088 875 videbatur,

525 896 668 967 quod
695 904 943 949 sanctum
972 893 1302 950 Clementem
1326 898 1544 968 ligatum
1569 907 1812 952 tenerent
1832 916 1896 953 ae
1919 901 2094 954 trahe-

525 997 663 1042 rent.
697 987 775 1040 Ad
806 1001 966 1057 quem
996 986 1053 1040 S.
1077 987 1329 1042 Clemens
1358 991 1495 1046 dixit
1525 1010 1538 1044 :
1568 991 1771 1045 Duritia
1804 992 1984 1045 cordis
2011 991 2090 1044 tui

525 1083 580 1136 in
621 1081 827 1150 lapides
861 1097 1126 1136 conversa
1157 1090 1240 1136 cst
1274 1100 1288 1138 :
1321 1083 1447 1152 quia
1498 1085 1642 1137 enim
1688 1083 1891 1152 lapides
1933 1092 2091 1153 putas

525 1189 645 1228 esse
671 1174 823 1238 deos,
848 1174 1053 1242 lapides
1085 1174 1301 1229 trahere
1329 1175 1555 1230 sortitus
1587 1190 1668 1229 es.

596 1266 688 1320 ΧΙ.
730 1267 821 1322 Ille
843 1283 972 1322 vero
999 1268 1154 1338 quasi
1179 1269 1361 1323 vincto
1387 1269 1675 1332 insultans,
1700 1269 1913 1324 dicebat
1937 1286 1951 1322 :
1981 1269 2090 1340 Ego

528 1371 579 1418 te
607 1357 809 1416 faciam
835 1359 891 1415 in
918 1359 1224 1432 exemplum
1265 1359 1509 1413 omnium
1537 1360 1988 1431 praestigiatorum
2008 1364 2091 1417 in-

524 1456 722 1510 terimi.
743 1455 895 1511 Tunc
921 1466 1142 1510 sanctus
1157 1454 1429 1520 Clemens,
1471 1467 1594 1508 eum
1624 1451 1861 1507 dedisset
1889 1455 2089 1508 oratio-

525 1560 672 1610 nem,
703 1554 758 1600 et
791 1546 948 1599 uxori
979 1545 1098 1614 ejus
1147 1545 1536 1608 benedixisset,
1568 1541 1736 1609 abi-it;
1781 1541 1885 1597 hoc
1913 1543 2087 1599 eidem

524 1637 809 1702 mandans,
844 1652 912 1691 ne
935 1636 1002 1692 ab
1029 1637 1275 1691 oratione
1307 1637 1417 1689 ullo
1439 1634 1601 1690 modo
1625 1646 1883 1698 cessaret,
1919 1637 2092 1690 donec

525 1729 890 1783 visitationem
917 1745 1071 1783 suam
1105 1729 1364 1784 Dominus
1395 1730 1447 1783 in
1477 1730 1654 1784 virum
1693 1731 1812 1800 ejus
1839 1731 2089 1801 dignare-

525 1829 614 1874 tur
643 1821 947 1874 ostendere.
977 1819 1151 1875 Flenti
1192 1821 1354 1891 igitur
1387 1830 1442 1875 et
1469 1821 1644 1876 oranti
1670 1787 2090 1888 Theodoraad
2122 1787 2164 1840 Β

527 1928 805 1982 vesperam
832 1913 1082 1981 apparuit
1116 1913 1338 1982 quidam
1377 1913 1460 1968 vir
1504 1915 1703 1969 canitie
1723 1916 2088 1978 venerandus,

527 2004 772 2072 dixitque
804 2021 817 2057 :
852 2002 1081 2072 Propter
1132 2013 1183 2058 te
1235 2018 1403 2058 sanus
1431 2005 1532 2058 erit
1569 2005 1873 2075 Sisinnius;
1904 2017 1963 2059 ut
1990 2007 2092 2060 im-

525 2099 737 2166 pleatur
773 2099 914 2166 quod
948 2097 1087 2152 dixit
1133 2097 1300 2152 frater
1341 2114 1494 2152 meus
1533 2098 1735 2154 Paulus
1767 2101 2088 2169 apostolus:

527 2186 963 2257 Sanctiﬁcabitur
998 2189 1077 2242 vir
1113 2189 1344 2257 inﬁdelis
1382 2207 1474 2257 per
1509 2191 1774 2244 mulierem
1799 2191 2002 2260 ﬁdelem
2041 2206 2087 2248 α.

526 2280 731 2350 Hisque
762 2281 922 2335 dictis
957 2282 1210 2336 discessit
1239 2282 1307 2336 ab
1333 2283 1452 2351 ejus
1471 2292 1715 2352 aspectu.
1751 2283 1902 2339 Unde
1933 2284 2093 2339 indu-

528 2372 676 2426 bium
702 2381 757 2426 et
782 2372 1128 2442 perspicuum
1159 2382 1262 2437 est,
1290 2374 1506 2428 beatum
1540 2374 1758 2430 Petrum
1784 2377 2089 2446 apostolum

527 2463 636 2519 illic
663 2463 1001 2535 apparuisse.

597 2729 710 2786 XII.
750 2728 819 2785 Et
839 2747 966 2786 vero
995 2732 1178 2786 statim
1207 2730 1482 2786 Sisinnius
1506 2728 1718 2786 vocavit
1748 2728 1812 2784 ad
1842 2742 1899 2785 se
1921 2725 2094 2780 Theo-

525 2822 734 2889 doram,
757 2823 940 2892 aitque
968 2823 1040 2876 illi
1074 2841 1086 2876 :
1117 2821 1354 2876 Obsecro
1379 2832 1427 2877 te
1451 2833 1508 2876 ut
1533 2836 1687 2892 roges
1718 2820 1886 2875 Deum
1912 2832 2088 2886 tuum,

527 2929 595 2968 ne
620 2915 890 2968 irascatur
911 2915 1066 2968 mihi.
1099 2913 1376 2984 Zelotypia
1409 2914 1552 2968 enim
1580 2916 1656 2966 tui
1680 2913 1874 2967 ductus
1898 2912 2089 2967 adveni

525 3012 578 3056 et
604 3003 886 3073 ingressus
920 3019 1040 3057 sum
1069 3010 1260 3072 postte
1290 3004 1342 3056 in
1368 3003 1684 3068 ecclesiam;
1711 3012 1765 3057 et
1789 3001 1918 3072 quia
1942 3002 2089 3056 volui

437 3147 452 3162 ,
525 3095 708 3149 videre
741 3111 862 3164 qua:
891 3094 1322 3160 celebrabantur,
1370 3094 1692 3163 auditorque
1729 3109 1851 3148 esse
1899 3109 2086 3147 eorum

525 3203 646 3255 quae
688 3187 1027 3249 dicebantur,
1061 3186 1239 3239 visum
1291 3185 1492 3254 pariter
1537 3193 1591 3239 et
1633 3185 1877 3238 auditqu
1908 3184 2086 3238 amisi.

535 3275 691 3331 Nunc
715 3292 840 3330 vero
882 3275 1320 3344 quandoquidem
1352 3276 1464 3330 haec
1495 3291 1581 3331 me
1611 3291 1932 3345 recuperare
1966 3273 2093 3331 fecit

524 3367 822 3423 Clementis
853 3369 1133 3433 adventus,
1158 3381 1251 3420 ora
1269 3382 1392 3421 eum
1413 3367 1660 3422 utveniat
1677 3367 1742 3421 ad
1775 3382 1880 3429 me,
1901 3383 2092 3437 meque

525 3459 687 3513 faciat
728 3459 1006 3512 veritatem
1045 3472 1356 3527 agnoscere.
1406 3457 1615 3512 Etenim
1649 3457 1781 3511 mihi
1811 3459 2093 3527 servisque

525 3550 661 3604 meis
683 3564 782 3618 pro
805 3561 951 3603 certo
973 3548 1286 3618 putabatur,
1311 3549 1452 3618 quod
1477 3548 1810 3604 Clementem
1833 3564 1955 3604 eum
1975 3549 2091 3615 ejus

524 3642 739 3698 clericis
761 3642 1010 3711 ligarem,
1036 3657 1272 3711 eumque
1298 3643 1663 3698 distraherent
1691 3657 1704 3692 :
1738 3642 1831 3696 sed
1856 3641 1934 3694 illi
1958 3642 2092 3710 lapi-

522 3734 618 3788 des
643 3740 696 3787 et
720 3733 1002 3787 columnas
1028 3734 1246 3803 ligasse,
1265 3744 1319 3789 et
1344 3735 1452 3788 huc
1474 3733 1710 3804 illucque
1728 3734 1961 3788 traxisse
1990 3751 2090 3788 uo-

523 3834 770 3879 ερυηῑιιγ.

593 4082 730 4136 XIII.
762 4081 916 4137 Tune
961 4082 1246 4138 Theodora
1294 4082 1560 4152 profecta,
1607 4083 1847 4137 narravit
1900 4093 2092 4138 sancto

523 4175 785 4229 Clementi
813 4175 998 4228 omnia
1026 4192 1149 4245 quae
1176 4176 1406 4243 viderat,
1433 4185 1486 4230 et
1531 4192 1653 4246 qua:
1678 4193 1708 4230 a
1742 4175 1940 4230 marito
1988 4192 2090 4230 suo

521 4269 662 4321 dicta
691 4267 926 4322 fuerant.
946 4268 1183 4322 Veniens
1207 4269 1392 4338 itaque
1423 4279 1650 4324 sanctus
1681 4269 1746 4322 ad
1765 4265 2087 4336 Sisinnium,

523 4377 646 4414 eum
679 4362 884 4416 honore
912 4371 1200 4432 susceptus
1234 4372 1335 4417 est.
1361 4363 1405 4415 A
1437 4379 1547 4432 quo
1576 4363 1787 4416 audivit
1831 4378 2089 4431 qurecun-

2193 708 2324 759 ποτὲ
2348 708 2404 760 δὲ
2445 711 2510 760 ἐκ
2535 708 2642 760 τῶν
2668 707 2772 775 ἔξω
2801 709 2882 771 είς
2908 708 2977 762 τά
3003 711 3137 762 Eae):
3184 710 3342 764 τοῦτο
3386 713 3442 766 δὲ
3493 717 3586 768 καὶ
3621 718 3765 790 αὐτῷ

2192 800 2270 870 τῷ
2296 801 2544 870 Σισιννίῳ
2573 800 2768 862 ἐδόκει,
2793 801 2873 853 ὅτι
2905 818 3012 872 περ
3037 802 3126 854 τὸν
3147 801 3302 869 ἅγιον
3326 804 3439 875 Κλή
3451 823 3614 876 μεντα
3634 807 3765 862 δεδε-

2196 892 2354 962 μένον
2392 885 2568 944 εἷλκόν
2593 909 2653 944 τε
2677 891 2768 944 καὶ
2791 895 3040 962 κατεῖχον
3067 894 3132 946 “.
3159 895 3202 945 Π
3210 895 3300 964 pb;
3320 895 3379 947 ὃν
3398 895 3426 946 6
3450 896 3602 966 ἀγιος
3631 898 3766 970 Κλή-

2196 1000 2305 1054 μης
2333 983 2378 1014 ⁸³
2415 982 2516 1053 ἔφη
2534 1000 2546 1012 ·
2583 984 2646 1035 Ἢ
2671 983 2973 1054 σκληρότης
3002 985 3100 1055 τῆς
3122 986 3345 1057 καρδίας
3375 1003 3468 1039 σου
3490 990 3570 1052 είς
3587 989 3763 1055 λίθους

2201 1075 2451 1145 ἐτράπη·
2506 1074 2694 1145 ἐπειδὴ
2755 1075 2864 1145 γὰρ
2911 1077 3036 1138 τοὺς
3089 1076 3270 1140 λίθους
3320 1076 3563 1144 δοξάζεις
3630 1081 3763 1137 εἶναι

2196 1163 2376 1228 θεοὺς,
2405 1165 2586 1229 λίθους
2613 1165 2796 1235 σύρειν
2821 1165 3185 1236 κεκλήρωσαι.

2263 1254 2354 1309 XI.
2398 1256 2632 1318 Ἐκεῖνος
2659 1254 2746 1316 δὲ,
2783 1255 2858 1318 ὡς
2892 1254 3052 1326 δῆθεν
3089 1257 3372 1328 δεδεμένου
3416 1260 3767 1332 κατακαυχὼ-

2197 1366 2358 1420 μενος
2387 1349 2455 1412 ³⁸,
2487 1348 2699 1417 έλεγεψ
2746 1347 2886 1416 Ἐγώ
2924 1366 2982 1400 σε
3008 1348 3146 1401 ποιῶ
3178 1352 3258 1413 εἰς
3287 1351 3589 1424 ὑπόδειγμα
3627 1337 3766 1409 πάν-ί

2190 1456 2295 1491 των
2317 1437 2424 1491 τῶν
2451 1439 2661 1508 γοήτων
2678 1436 3046 1509 ἀναιρεθῆναι.
3075 1439 3380 1510 Τηνικαῦτα
3397 1443 3426 1494 6
3454 1442 3608 1511 ἅγιος
3629 1445 3764 1518 Κλή-

2196 1548 2322 1602 μης,
2343 1527 2590 1593 δεδωκὼς
2618 1528 2802 1601 εὐχήν,
2842 1530 2936 1583 καὶ
2967 1529 3262 1602 εὐλογήσας
3281 1535 3381 1606 τὴν
3405 1536 3616 1591 ἐκείνου
3640 1537 3764 1609 σύμ-

2194 1623 2330 1685 ϐιον,
2361 1620 2614 1692 ἀπῴχετο
2639 1623 2706 1685 ’⁸,
2736 1620 2893 1674 τοῦτο
2933 1621 3305 1693 ἐντειλάμενος
3329 1627 3485 1697 αὐτῇ,
3527 1630 3600 1699 μὴ
3631 1629 3764 1682 παύ-

2195 1713 2390 1767 σασθαι
2433 1715 2495 1766 τὸ
2542 1715 2804 1786 παράπαν
2831 1716 2932 1785 τῆς
2959 1716 3284 1787 προσευχῆς,
3330 1719 3522 1791 μέχρις
3563 1721 3630 1773 ἂν
3670 1723 3766 1792 τὴν

2191 1810 2320 1882 παρ’
2351 1809 2512 1862 αὐτοῦ
2545 1809 2832 1878 ἐπίσκεψιν
2860 1809 2888 1861 6
2919 1809 3120 1880 Κύριος
3157 1813 3236 1874 είς
3271 1811 3363 1864 τὸν
3393 1813 3557 1883 ἄνδρα
3597 1815 3766 1884 αὐτῆς

2192 1899 2502 1974 καταξιώσῃ
2521 1901 2814 1967 ἀναδεῖξαι.
2851 1901 3129 1976 Κλαιούσῃ
3161 1903 3340 1956 τοίνυν
3382 1905 3473 1957 καὶ
3500 1905 3766 1980 εὐχομένη

2190 1995 2255 2062 τῇ
2283 1990 2552 2063 Θεοδώρᾳ,
2583 1991 2717 2061 πρὸς
2765 1993 3003 2063 ἑσπέραν
3029 1993 3201 2063 ἐφάνη
3231 2010 3314 2056 τις
3337 1992 3474 2066 ἀνὴρ
3506 1996 3571 2064 τῇ
3609 1995 3766 2068 πολιᾷ

2191 2081 2486 2151 αἰδέσιμος,
2545 2081 2642 2134 καὶ
2689 2077 2838 2133 εἴπεο
2873 2083 2971 2134 Διά
3031 2083 3091 2134 σὲ
3119 2083 3279 2154 ὑγιὴς
3305 2083 3485 2138 ἔσεται
3522 2087 3550 2138 6
3587 2087 3766 2138 Σισίν-

2201 2190 2314 2236 νιος
2339 2189 2352 2202 ο
2413 2173 2559 2235 ὅπως
2622 2171 2881 2244 πληρωθῇ
2948 2174 3082 2244 ὅπερ
3136 2173 3235 2244 ἔφη
3291 2176 3319 2226 ὁ
3375 2176 3600 2245 ἀδελφός
3669 2195 3764 2247 μου

2190 2261 2402 2325 Παῦλος
2426 2264 2454 2314 6
2484 2261 2807 2325 ἀπόστολος·
2854 2261 3305 2331 Ἀγιασθήσεται
3335 2267 3367 2316 ὀ
3393 2263 3548 2331 ἀνὴρ
3579 2270 3613 2318 ό
3638 2264 3768 2319 ἄπι-

2189 2369 2336 2418 στος
2375 2352 2474 2406 διὰ
2516 2352 2628 2420 τὴν
2659 2351 2913 2422 γυναῖκα
2952 2353 3067 2421 τὴν
3091 2354 3337 2421 πιστὴν.
3360 2357 3469 2408 Kal
3490 2357 3664 2410 ταῦτα
3688 2359 3764 2410 εί-

2191 2447 2332 2510 πὼν,
2364 2447 2427 2498 ὲκ
2455 2446 2553 2516 τῆς
2576 2445 2748 2514 ὄψεως
2767 2446 2934 2517 αὐτῆς
2959 2445 3320 2518 ἀνεχώρησεν.
3351 2447 3511 2502 Ὅθεν
3533 2449 3766 2520 ἀναμφί-

2190 2537 2342 2590 6ολον
2383 2538 2615 2609 ὑπάρχει
2660 2537 2755 2590 καὶ
2800 2537 3098 2607 κατάδηλον
3143 2537 3235 2590 τόν
3281 2539 3547 2610 μακάριον
3589 2542 3764 2594 ἐκεῖσε

2192 2627 2396 2698 Πέτρον
2419 2628 2512 2681 τὸν
2539 2629 2832 2681 ἀπόστολον
2858 2629 3108 2700 φανῆναι.

2259 2717 2374 2774 XII.
2417 2719 2528 2771 Καὶ
2547 2718 2610 2788 δὴ
2641 2718 2872 2790 ἐξαυτῆς
2903 2719 3124 2772 ἐκάλεσε
3163 2722 3297 2793 πρὸς
3321 2721 3508 2774 ἑαυτὸν
3537 2721 3565 2772 6
3590 2723 3766 2776 Σισίν-

2190 2824 2301 2875 νιος
2322 2807 2422 2883 τὴν
2450 2807 2750 2883 Θεοδώραν,
2797 2808 2890 2861 καὶ
2929 2808 3075 2876 λέγει
3116 2812 3272 2882 αὐτῇ·
3311 2813 3510 2882 Δέομαί
3553 2831 3648 2865 σου
3684 2814 3764 2866 ἵνα

2194 2902 2474 2977 ἱκετεύσῃς
2513 2903 2606 2957 τὸν
2646 2903 2778 2956 Θεόν
2809 2921 2924 2967 σου,
2951 2900 3045 2958 τοῦ
3081 2901 3158 2977 μὴ
3184 2901 3500 2978 ὀργισθῆναί
3538 2921 3651 2978 μοι.
3699 2905 3764 2960 Σὲ

2189 2993 2297 3065 γάρ
2325 2993 2717 3064 ζηλοτυπήσας,
2751 2995 3126 3065 παρεγενόμην
3171 2997 3265 3048 καὶ
3295 2997 3626 3068 παρεισέϐην
3654 3000 3763 3040 ⁸⁸-ίτ

2191 3085 2416 3139 κατόπιν
2443 3103 2533 3138 σου
2565 3087 2644 3148 εἰς
2671 3087 2770 3156 τὴν
2797 3086 3107 3157 ἐκκλησίαν.
3140 3089 3248 3141 Kal.
3286 3087 3374 3141 διά
3407 3089 3468 3142 τὸ
3499 3089 3673 3144 θέλειν
3699 3107 3764 3162 με

2193 3179 2324 3249 ὁρᾷν
2360 3177 2429 3230 τὰ
2455 3177 2752 3248 τελούμενα
2785 3179 2850 3242 ’⁸,
2882 3179 2975 3232 καὶ
3011 3179 3278 3250 ἀκροατὴν
3308 3176 3578 3234 εἶναιτῶν
3613 3170 3762 3250 λεγο-

2197 3270 2392 3340 μένων,
2415 3270 2515 3342 τήν
2535 3287 2594 3322 τε
2621 3269 2786 3341 ἀκοὴν
2814 3270 2928 3341 ἅμα
2957 3271 3050 3323 καὶ
3081 3270 3178 3342 τὴν
3204 3272 3390 3343 ὅρασιν
3419 3272 3463 3304 ³⁸
3488 3272 3761 3327 ἀπώλεσα.

2193 3362 2326 3414 Νυνὶ
2347 3362 2424 3426 δὲ,
2452 3362 2641 3434 ἐπειδὴ
2666 3363 2710 3394 ³⁸
2737 3362 2830 3415 τοῦ
2865 3361 3038 3416 ταῦτὰ
3064 3381 3130 3433 με
3161 3364 3562 3436 ἀνακτήσασθαι
3598 3368 3630 3437 ὴ
3671 3365 3763 3418 τοῦ

2192 3455 2510 3527 Κλήμεντος
2570 3456 2944 3528 ἀπειργάσατο
2983 3457 3274 3528 παρουσία,
3321 3458 3540 3530 δεήθητι
3602 3458 3765 3514 αὑτοῦ

2192 3543 2339 3606 ὅπως
2366 3543 2498 3616 ἔλθη
2521 3544 2659 3615 πρός
2684 3563 2771 3614 με,
2800 3547 2892 3598 καὶ
2921 3548 3121 3619 ποιήσῃ
3151 3563 3216 3616 με
3240 3547 3336 3618 τὴν
3352 3548 3606 3619 ἀλήθειαν
3636 3552 3766 3618 γνῶ-

2192 3652 2277 3687 ναι
2307 3634 2372 3688 ⁹¹.
2415 3635 2568 3688 Ἐπεὶ
2602 3637 2694 3688 καί
2736 3637 2858 3707 ἐμοὶ
2889 3638 2983 3690 καὶ
3012 3640 3124 3701 τοῖς
3163 3639 3317 3691 παισί
3361 3657 3459 3709 μου
3509 3642 3764 3711 ἀσφαλῶς

2191 3725 2466 3796 ἐνομίζετο
2491 3726 2580 3780 τὸν
2606 3727 2721 3798 Κλή
2731 3745 2895 3798 μεντα
2913 3728 3192 3799 δεσμεύειν
3217 3732 3309 3783 σὺν
3324 3734 3436 3794 τοῖς
3454 3732 3620 3786 αὐτοῦ
3641 3735 3764 3805 κλη-

2195 3821 2390 3890 ρικοῖς,
2434 3818 2528 3871 καὶ
2571 3819 2762 3872 τοῦτον
2799 3819 3144 3892 περισύρεινο
3175 3820 3286 3874 ἀλλ’
3318 3817 3461 3876 οὗτοι
3495 3823 3675 3889 λίθους
3703 3843 3764 3879 τε

2193 3911 2284 3963 καὶ
2321 3909 2578 3981 πυλὰρια
2598 3911 2643 3940 ³²
2669 3909 3213 3981 δεσμοῦντες,ἓ).κειν
3249 3929 3310 3964 τε
3352 3914 3446 3967 καὶ
3484 3915 3769 3971 ἀνθέλκειν

2191 4000 2614 4069 καταφαίνονται
2643 4000 2708 4053 ³³.

2261 4092 2398 4146 XIII.
2457 4091 2765 4163 Τηνικαῦτα
2793 4093 2824 4163 ἡ
2855 4091 3123 4166 Θεοδὼρα,
3175 4097 3516 4168 πορευθεῖσα,
3569 4099 3766 4174 διηγή-

2192 4202 2321 4237 σατο
2358 4185 2536 4238 πάντα
2595 4183 2740 4256 ἅπερ
2783 4180 2908 4248 εἶδε,
2955 4187 3051 4238 καὶ
3091 4186 3236 4259 ἅπερ
3293 4189 3398 4242 ὑπὸ
3449 4191 3544 4244 τοῦ
3591 4193 3768 4264 αὐτῆς

2193 4276 2424 4347 συμϐίου
2468 4275 2702 4348 ἐλαλήθη
2727 4277 2791 4343 ³⁸,
2849 4277 2929 4348 τῷ
2958 4277 3098 4348 ἁγίῳ
3152 4280 3456 4351 Κλήμεντι.
3504 4285 3764 4357 Παραγε-

2188 4368 2409 4438 νόμενος
2437 4363 2528 4421 οὖν
2556 4369 2584 4419 6
2613 4369 2766 4436 ἅγιος
2791 4369 2925 4440 πρὸς
2943 4368 3032 4422 τὸν
3055 4371 3332 4437 Σισίννιον,
3371 4374 3510 4445 μετά
3533 4376 3699 4448 τιμῆς
3718 4379 3765 4410 ³⁸

521 4469 625 4522 que
651 4453 717 4506 ad
743 4454 1155 4508 mdilleationem
1190 4455 1384 4508 animae
1429 4453 1803 4523 pertinebant:
1831 4463 1884 4508 et
1912 4455 2090 4508 credi~

2192 4456 2483 4528 ὐπεδέχθη.
2545 4459 2682 4529 Παρ⁹
2721 4452 2780 4513 οὗ
2828 4457 3079 4528 ἀκηκοὼς
3124 4459 3330 4533 ὅσαπερ
3365 4463 3501 4535 πρὸς
3557 4467 3768 4521 οἰκοδο-

521 4545 599 4596 dit
625 4543 751 4611 Deo,
805 4546 1304 4616 co'rroboratusque
1348 4554 1472 4601 cst:
1527 4556 1580 4600 et
1601 4546 1766 4614 cmpit
1808 4547 1873 4599 ad
1912 4562 2088 4616 genua

521 4633 818 4691 Clementis
849 4637 1084 4704 advolvi,
1111 4648 1166 4692 et
1207 4639 1444 4692 clamare
1477 4657 1491 4692 :

591 4809 730 4866 XIV.
755 4810 972 4868 Gratias
1002 4827 1103 4883 ago
1130 4830 1260 4869 vero
1294 4815 1404 4869 Deo
1468 4824 1520 4870 et
1553 4815 1938 4883 omnipotenti,
1991 4815 2084 4883 qui

518 4919 607 4958 me
660 4903 783 4958 ideo
841 4907 1131 4960 exerceam
1179 4915 1238 4960 ut
1293 4907 1530 4971 videam,
1580 4916 1634 4961 et
1683 4907 1804 4960 ideo
1842 4904 2083 4960 auditum

516 4995 746 5052 abstulit
785 5005 842 5050 ut
872 4997 1100 5052 auribus
1132 4999 1427 5068 percipiam
1458 5001 1759 5064 veritatem,
1784 5017 1946 5070 quam
1979 4999 2084 5052 ali-

518 5089 738 5159 quando
768 5089 1079 5143 dcridebam
1111 5105 1206 5158 per
1233 5091 1620 5158 ignorantiam,
1653 5093 1832 5147 ethoc
1861 5092 2078 5162 quidem

588 5218 614 5244 ει
648 5203 668 5257 1
714 5204 838 5259 Cor.
867 5219 964 5268 vn,
1007 5204 1089 5258 14.

2195 4551 2301 4620 μὴν
2345 4550 2444 4621 τῆς
2488 4549 2668 4620 ψυχῆς
2721 4551 2764 4582 ³⁸
2814 4551 3135 4616 συνέτεινεν,
3169 4554 3451 4607 ἐπίστευσε
3491 4557 3570 4628 τῷ
3616 4559 3762 4630 Θεῷ,

2191 4640 2283 4692 καὶ
2311 4640 2352 4671 ³⁷
2385 4638 2728 4711 ἐστερεώθηο
2773 4641 2867 4693 καὶ
2930 4638 3130 4710 ἤρξατο
3170 4645 3282 4706 τοῖς
3331 4643 3521 4712 γόνασι
3572 4648 3617 4678 ³⁸³
3661 4651 3764 4704 τοῦ

2189 4729 2502 4801 Κλήμεντος
2535 4731 3056 4802 προσκυλινδεῶθαι,
3084 4735 3177 4786 καὶ
3219 4734 3366 4805 βοᾷν·

2258 4821 2397 4874 Χιν.
2429 4821 2748 4892 Εὐχαριστῶ
2776 4821 2855 4891 τῷ
2908 4821 3144 4893 ἀληθινῷ
3177 4823 3294 4895 Θεῷ
3329 4826 3373 4857 δ’
3419 4827 3511 4879 καὶ
3563 4846 3764 4882 παντο-

2189 4912 2434 4984 κράτορι,
2456 4912 2515 4973 ὃς
2543 4909 2632 4962 διὰ
2654 4909 2810 4962 τοῦτό
2840 4927 2906 4980 με
2928 4909 3286 4978 τετύφλωκεν,
3343 4912 3426 4965 ἴνα
3453 4912 3671 4985 δψωμαι
3691 4918 3762 4980 ⁸⁸,

2190 5003 2282 5055 καὶ
2334 5001 2420 5054 διὰ
2470 5001 2624 5053 τοῦτο
2692 4999 2788 5071 τὴν
2851 5000 3016 5071 ἀκοὴν
3057 5000 3322 5069 ἀφείλετο,
3377 5002 3442 5055 ἵν’
3487 5004 3762 5058 ὲνωτίσω-

2191 5112 2287 5165 μαι
2311 5095 2408 5164 τὴν
2443 5091 2714 5164 ἀλήθειαν,
2755 5085 2822 5161 ἧς
2853 5107 2981 5143 ποτε
3007 5089 3079 5142 δι’
3107 5091 3324 5160 ἄγνοιαν
3355 5094 3660 5163 κατεγέλων
3676 5095 3720 5127 δι
3743 5111 3761 5125 '

1813 5271 2049 5327 VARUE
2086 5271 2485 5328 LECTIONES.

585 5369 628 5398 ’ί
670 5357 739 5421 al.
787 5437 798 5438 γ
811 5369 1116 5438 κατασχεῖν.

1221 5369 1266 5398 ²²
1306 5367 1377 5420 al.
1419 5367 1700 5436 κατέχουσι
1764 5368 1858 5418 καὶ
1916 5365 2148 5436 ἕλκουσι.

2264 5365 2310 5396 ³³
2347 5365 2419 5418 al.
2449 5364 2615 5417 inser.
2666 5361 2806 5416 ἰδών.
2903 5363 2949 5394 ³⁸
2983 5362 3056 5416 al.
3107 5365 3202 5419 τοῦ
3262 5370 3416 5437 ἁγίου
3453 5370 3639 5442 καυχώ
3726 5400 3757 5412 -

2264 5434 2333 5487 4d
2354 5434 2673 5494 episcopium
2699 5449 2852 5486 suum
2879 5434 3032 5489 abiit.
3063 5434 3200 5491 Cor.
3261 5441 3374 5480 ἰθ-’⁷
3389 5440 3456 5494 al.
3475 5389 3754 5494 εἰσῆλθέν.

3664 5459 3754 5496 ον.

516 5456 643 5514 νος.-
703 5440 746 5470 ³⁸
772 5434 1068 5514 Exemplar
1083 5437 1256 5500 ~212L
1282 5439 1360 5500 εἰς
1391 5438 1466 5514 το,
1485 5434 1647 5514 aiaon
1675 5438 2020 5514 ἐπισκοπεῖον
2054 5434 2673 5514 ἀπίει.-ᾼάιερὶδεορίατη
2699 5434 3032 5514 ειειυιι-αὸξὶε.
3063 5434 3200 5514 (ἐφ’.
3261 5434 3374 5480 ²⁶ἓ¹⁷
3389 5440 3456 5495 al.
3475 5434 3629 5514 είσῆλ

517 5510 570 5583 ’⁸.
596 5508 665 5562 al.
710 5508 1004 5583 τελούμενα
1057 5511 1347 5583 μυστήρια.
1428 5510 1472 5583 ’,ἦ
1506 5508 1574 5583 al.
1617 5507 2150 5583 ἓξραιτξινοιαί(Ξικοήνζ
2199 5507 2280 5583 ,³⁸1
2322 5507 2548 5583 deestiu

772 5579 815 5650 ff
847 5573 914 5632 al.
958 5573 1360 5650 κατεφαίνοντο.
1439 5578 1502 5650 ’δμ
1527 5578 1596 5631 al.
1627 5573 1873 5650 ἐδηλώθη
1921 5576 2025 5650 ὑπὸ
2055 5573 2378 5650 τοῦῂάνδρρς
2413 5573 2626 5650 Δαὐτῆςἒ
2677 5573 2743 5650 ³⁸.
2761 5574 2837 5650 al.
2879 5574 3085 5650 πολλῇς
3113 5581 3297 5650 τιμῆς.

517 5579 684 5649 ρίους.
772 5579 815 5608 ³³
847 5579 914 5632 al.
958 5579 1360 5647 κατεφαίνοντο.
1439 5579 1484 5609 ³³
1527 5579 1596 5631 al.
1633 5579 1848 5648 ἐδηλώθτ

515 5647 697 5734 αὑτοῦ.
722 5646 928 5734 ,δῖλυιῖ
969 5650 1028 5716 ἐξ
1060 5649 1410 5734 ὅληξὶψυχῆς.
1490 5648 1532 5678 ³⁸
1589 5647 1848 5734 θΙ.Ηποσί.

2230 5506 2277 5536 ³⁸
2322 5506 2472 5558 deest
2502 5505 2554 5557 in
2591 5503 2664 5557 al.
2743 5503 2785 5534 ³⁸
2823 5505 2892 5564 al.
2946 5505 3262 5572 ἐπιγνῶναι,
3354 5511 3398 5542 ³³
3439 5511 3511 5565 al,
3555 5503 3757 5566 σέευλα.

3376 5581 3420 5613 ³⁵
3456 5583 3526 5636 al.
3567 5582 3758 5652 ψυχῆς

1944 5647 2092 5726 ”_al_.
2127 5645 2252 5726 ,Θεῷ
2283 5644 2360 5716 τῷ
2395 5644 2656 5726 ἀληθινῷ.
2734 5644 2780 5726 δέ
2845 5646 2916 5725 al;
2977 5644 3194 5721 δψωμαὶ
3227 5644 3410 5705 αὐτόν.
3492 5644 3756 5726 “61:63:

515 5712 550 5790 ᾗ
583 5717 680 5785 τὴν
711 5718 962 5786 ἀλήθειάν
994 5712 1119 5772 ποτε
1144 5712 1217 5772 ’δι’
1231 5712 1474 5788 ’ἄγνοιαν
1492 5719 1824 5786 κατεγέλων,
1867 5719 1923 5772 ὲν
1955 5718 2092 5789 αὐτῇ
2116 5712 2351 5779 ἀκούσας
2392 5712 2623 5786 aegrum.
2646 5733 2658 5746 ·
2696 5717 2787 5770 καὶ
2826 5715 3004 5770 τοῦτο.
