4066 6330
323 290 430 380 θὲξί
1450 295 1861 351 MARTYRIUM
1898 296 1954 349 S.
1995 295 2396 351 CLEMENTIS.
3447 298 3552 353 626

319 405 416 457 καὶ
447 405 609 459 τοῦτο
637 406 734 476 μὲν
784 407 1034 478 ἐνόμιζον
1072 409 1267 478 ψευδὲς
1307 409 1594 479 ὑπάρχειν,
1654 409 1789 477 ὅπερ
1819 404 1886 476 ἦν
1914 439 1925 465 λ

1947 435 1960 464 ι
1988 408 2240 475 putabam
2268 410 2461 464 falsum
2489 425 2628 478 esse,
2674 414 2818 482 quod
2867 432 3053 471 verum
3102 425 3246 484 erat;
3275 417 3553 472 existima-

315 501 534 571 ἀληθὲς,
587 502 803 555 ἐδόκουν
841 503 896 556 δὲ
950 504 1011 556 τὸ
1059 504 1296 575 ἔμπαλιν
1347 505 1564 575 ἀληθὲς,
1620 503 1650 556 ὃ
1698 503 1890 572 ψευδὲς

1991 499 2114 552 bam
2165 509 2344 554 autem
2377 498 2586 557 rursus
2612 519 2822 571 rerum,
2858 509 3002 576 quod
3061 508 3256 564 falsum
3290 519 3437 564 erat:
3469 520 3549 565 te-

314 593 615 663 ἐτύγχανε·
684 594 744 646 τὸ
801 594 991 658 σκότος
1046 597 1292 666 ἐνόμιζον
1338 598 1470 666 φῶς,
1529 596 1622 649 καὶ
1666 596 1726 648 τὸ
1775 593 1890 664 φῶς

1990 591 2188 644 nebras
2212 593 2467 659 putabam
2499 595 2698 659 lucem,
2728 606 2782 650 et
2822 599 2997 654 lucem
3050 605 3299 656 tenebras
3326 603 3553 656 arbitra.

316 686 509 748 σκότος
538 685 940 755 ὑπελάμϐανον.
1005 687 1146 740 Ἀλλ’
1183 688 1514 758 ἐκαθαρίσθη
1560 690 1589 740 ὁ
1629 686 1751 750 νοῦς
1787 702 1887 756 μου

1988 685 2104 739 bar.
2142 686 2246 740 Sed
2273 697 2535 759 purgatus
2566 699 2648 744 est
2676 692 2891 747 animus
2922 710 3074 750 meus
3103 713 3133 751 a
3187 699 3441 753 sordibus
3469 698 3554 751 iii-

313 779 380 830 ἐκ
421 776 516 828 τοῦ
557 777 830 848 μολυσμοῦ
887 779 988 849 τῆς
1028 779 1432 850 είδωλομανίας.
1500 778 1736 849 Ἀληθῶς
1781 777 1888 848 γὰρ

1989 779 2109 832 sani
2134 780 2400 834 idolorum
2437 782 2634 836 cultus.
2666 783 2801 838 Vere
2831 786 3097 855 siquidem
3150 790 3344 859 agnovi
3374 789 3550 858 decipi

311 867 485 935 ἔγνων
533 870 577 899 δ’
619 870 762 932 ’τοὺς
818 870 1076 940 δαίμονας
1153 870 1602 942 ἐξαπατήσαντας
1655 870 1700 900 ’⁸³
1761 871 1887 932 τοὺς

1987 885 2017 922 a
2044 870 2386 926 daemonibus
2415 873 2698 941 homines;
2732 883 2790 929 ut
2821 877 2871 929 in
2901 894 2994 932 eos
3043 880 3135 948 qui
3183 897 3290 935 non
3325 883 3551 936 credunt

310 957 636 1028 ἀνθρώπους
655 976 668 990 ο
709 960 857 1022 ὅπως
895 960 1002 1013 τῶν
1033 961 1105 1032 μὴ
1153 963 1512 1014 πιστευόντων
1536 962 1624 1014 τὸν
1656 958 1886 1028 Χριστὸν

1988 962 2269 1016 Christum
2302 980 2424 1018 esse
2456 964 2645 1030 Deum,
2674 968 3027 1025 dominentur
3051 981 3215 1040 petra:
3257 989 3320 1028 ac
3345 973 3552 1043 lapides

308 1047 452 1103 εἶναι
489 1051 622 1104 Θεὸν
657 1052 993 1123 κυριεύσωσι
1022 1053 1218 1122 πέτραι
1255 1053 1350 1106 καὶ
1396 1053 1745 1122 λίθοι,κωφοὶ
1790 1051 1885 1104 καὶ

1987 1052 2174 1105 auditu
2207 1063 2455 1106 cat-eules
2508 1064 2560 1108 et
2615 1072 2766 1122 voce,
2793 1059 3253 1127 quemadmodum
3313 1073 3367 1116 et
3416 1064 3548 1118 milii

308 1141 519 1204 ἅλαλοι,
560 1141 747 1212 ὥσπερ
773 1142 951 1210 κάμοῦ
977 1144 1354 1215 ἐπεκράτησαν
1407 1143 1566 1213 μέχρι
1591 1142 1688 1212 τῆς
1705 1140 1880 1212 δεῦρο.

1985 1143 2326 1212 imperarunt
2385 1160 2558 1214 usque
2610 1146 2666 1201 in
2717 1149 2863 1204 hunc
2909 1151 3072 1206 diem.
3111 1151 3216 1206 Ista
3243 1154 3553 1226 similiaque

305 1232 496 1286 Ταῦτα
529 1234 623 1285 καὶ
669 1233 739 1284 τὰ
777 1233 1133 1304 παραπλήσια
1163 1234 1208 1266 ⁵⁸
1241 1233 1334 1286 τοῦ
1365 1231 1626 1286 Σισιννίου
1653 1232 1886 1299 φάσκον-

1988 1233 2229 1289 Sisinnio
2264 1237 2592 1304 proferente,
2641 1241 2899 1310 gaudium
2943 1259 3199 1314 magnum
3238 1256 3414 1300 ortum
3445 1258 3547 1304 est.

301 1339 420 1385 τος,
484 1321 628 1393 χαρὰ
678 1324 885 1393 μεγάλη
936 1324 1177 1392 γέγονεν.
1261 1324 1574 1377 Ἑπίστευσε
1629 1321 1737 1392 γὰρ
1788 1321 1884 1373 σὺν

1986 1326 2228 1380 Credidit
2248 1328 2392 1381 enim
2420 1345 2543 1382 cum
2570 1332 2718 1384 omni
2744 1332 2906 1387 domo
2935 1350 3067 1401 sua;
3122 1338 3428 1407 traditoque
3449 1356 3549 1395 suo

307 1415 461 1485 πάσῃ
493 1417 560 1484 τῇ
601 1413 764 1466 αὑτοῦ
838 1414 1016 1485 οἰκίᾳ·
1070 1417 1162 1468 καὶ
1211 1412 1549 1476 ἐπιδεδωκὼς
1581 1413 1640 1465 τὸ
1687 1413 1882 1464 οἰκεῖον

1985 1420 2229 1482 nomine,
2267 1421 2734 1490 appropinquante
2785 1423 3046 1482 Paschate
3099 1429 3401 1497 baptizatus
3445 1441 3547 1486 est.

301 1505 499 1575 ὄνομα,
534 1505 985 1576 προσεγγίζοντος
1013 1507 1058 1539 ’⁵⁵
1086 1507 1181 1560 τοῦ
1231 1509 1440 1577 Πάσχα,
1471 1505 1768 1576 ἐϐαπτίσθη
1801 1504 1845 1534 ’⁵⁸
1865 1520 1878 1534 ·

1983 1505 2264 1563 Numerati
2293 1520 2475 1564 autem
2507 1522 2632 1565 sunt
2659 1514 2750 1582 qui
2774 1515 3027 1583 baptizati
3056 1518 3273 1574 fuerunt
3295 1523 3360 1576 de
3385 1523 3549 1578 domo

301 1597 688 1668 ἠριθμήθησαν
735 1597 790 1650 δὲ
833 1599 880 1650 οἱ
907 1599 1294 1668 βαπτισθέντες
1324 1601 1388 1652 ἐκ
1413 1597 1507 1652 τοῦ
1541 1599 1689 1650 οἴκου
1718 1595 1880 1649 αὑτοῦ

1983 1601 2122 1670 ejus,
2155 1618 2345 1658 omnes
2375 1605 2536 1658 simul
2565 1607 2663 1659 viri
2691 1591 2744 1662 et
2775 1611 3030 1666 mulieres
3056 1629 3180 1666 cum
3222 1615 3544 1682 infantibus,

306 1691 425 1760 ἅμα
459 1691 658 1752 πάντες
693 1689 882 1760 ἄνδρες
903 1708 962 1742 τε
993 1693 1085 1744 καὶ
1119 1695 1372 1759 γυναῖκες
1403 1693 1498 1744 σὺν
1525 1694 1638 1752 τοῖς
1669 1689 1881 1759 νηπίοις

1985 1697 2368 1768 quadringenti
2399 1702 2587 1768 viginti
2626 1711 2754 1757 tres.
2801 1705 3069 1760 Ca‘teruni
3127 1720 3344 1777 propter
3403 1711 3548 1767 hunc

301 1783 653 1852 τετρακόσιοι
695 1781 867 1834 εἴκοσι
896 1787 1062 1854 τρεῖς.
1088 1785 1186 1837 Διὰ
1208 1783 1393 1836 τοῦτον
1425 1783 1483 1835 δὲ
1510 1783 1600 1835 τὸν
1624 1783 1881 1836 Σισίννιον

1942 1777 2288 1842 ιὸὶεὶιιιιὶιιῐη
2342 1791 2495 1844 multi
2557 1793 2874 1856 illustrium,
2923 1804 2975 1848 et
3024 1798 3330 1853 amicorum
3361 1798 3548 1856 Nerva}

305 1875 491 1928 πολλοὶ
523 1875 633 1928 τῶν
673 1876 989 1948 περιφανῶν
1037 1879 1131 1930 καὶ
1178 1877 1346 1946 φίλων
1399 1875 1613 1946 Νερούα
1661 1875 1752 1928 τοῦ
1781 1875 1878 1945 βα-

1460 1875 1613 1946 ερούα
1661 1875 1752 1928 τοῦ
1781 1875 1878 1945 βα·
1983 1880 2325 1950 imperatoris
2355 1884 2419 1938 ad
2448 1883 2617 1939 Deum
2648 1889 2894 1943 conversi
2922 1899 3066 1944 sunt.

306 1967 500 2030 σιλέως
531 1967 668 2037 πρὸς
702 1969 744 1998 ⁸⁷
783 1968 870 2021 τὸν
899 1968 1028 2020 Θεὸν
1052 1968 1492 2037 ἐπεστράφησαν.

373 2057 490 2111 XV.
534 2058 670 2111 Κατ’
695 2059 903 2116 ἐκείνου
934 2059 989 2111 δὲ
1030 2059 1122 2112 τοῦ
1151 2058 1341 2129 καιροῦ
1371 2057 1416 2089 ⁸⁸
1446 2059 1474 2110 ὁ
1505 2058 1681 2128 κόμης
1710 2057 1816 2110 τῶν
1836 2059 1878 2089 δ’

2051 2038 2167 2093 XV.
2199 2039 2254 2093 In
2287 2041 2380 2094 illo
2404 2051 2582 2097 autem
2611 2055 2853 2114 tempore
2887 2061 3071 2102 comes
3124 2065 3402 2108 sacrorum
3431 2055 3548 2110 oili-

303 2147 462 2200 θεέων
510 2149 777 2218 ὀφφικίων
820 2149 1076 2211 Πούϐλιος
1135 2147 1568 2219 Ταρκουτιανὸς,
1621 2146 1879 2218 ἑωρακὼς

1980 2129 2188 2183 ciorum
2215 2129 2437 2185 Publius
2483 2131 2868 2202 Tarquitianus
2899 2150 3019 2190 cum
3047 2136 3386 2194 innumeram
3407 2127 3549 2196 mul-

304 2240 674 2310 ἀναρίθμητον
745 2239 952 2309 πληθῦν
1019 2240 1096 2310 τῷ
1163 2239 1383 2310 Χριστῷ
1470 2239 1874 2302 πιστεύσασαν,

1981 2221 2265 2276 titudineni
2297 2224 2518 2277 Christo
2545 2224 2751 2280 videret
2777 2227 3092 2291 credidisse,
3113 2232 3547 2303 arcessivitprae-

303 2332 740 2404 προσεκαλέσατο
766 2335 890 2394 τοὺς
922 2333 1228 2401 προστάτας
1281 2331 1388 2384 τῶν
1435 2329 1730 2403 ρεγεώνων,
1761 2331 1880 2383 ἐπι-

1980 2311 2148 2366 feetos
2176 2314 2478 2382 regionum,
2504 2323 2555 2369 et
2607 2314 2729 2370 data
2777 2317 2856 2372 eis
2895 2320 3124 2386 pecunia
3187 2325 3455 2388 persuasit
3487 2337 3547 2381 ut

301 2421 549 2485 δεδωκὼς
599 2423 644 2453 ⁸ο
671 2422 854 2484 αὐτοῖς
892 2421 1166 2492 χρήματα,
1232 2421 1554 2492 παρέσεισεν
1581 2422 1625 2451 ⁸¹
1683 2421 1879 2483 αὐτοὺς

1981 2404 2271 2457 tumultum
2325 2414 2729 2460 comnioverent
2795 2409 3056 2466 adversus
3124 2429 3320 2468 nomen
3388 2416 3548 2471 Chri-

303 2517 386 2568 ῖνα
452 2515 713 2585 κινήσωσι
773 2514 1008 2585 τάραχον
1068 2513 1146 2584 τῷ
1198 2513 1574 2586 Χριστιανῷ⁸’
1631 2513 1872 2583 ὀνόματι.
1978 2504 2237 2586 “minuim-

370 2603 508 2656 XVL
548 2601 884 2666 ,διοικοῦντος
905 2602 1081 2656 τοίνυν
1125 2585 1476 2675 Μαμερτίνου
1507 2602 1600 2656 τοδ
1637 2603 1876 2674 ἐπάρχου
2048 2585 2189 2642 XVI.
2243 2586 2676 2675 Administrante
2736 2588 2899 2658 igitur
2953 2588 3114 2648 Urbis
3168 2593 3545 2662 praefecturam

300 2693 390 2745 τοῦ
420 2692 700 2745 πολιτικοῦ
746 2692 933 2764 θρόνου
987 2693 1064 2755 ³³,
1116 2693 1303 2756 στάσις
1348 2693 1536 2762 γέγονε
1582 2692 1676 2745 τοῦ
1748 2693 1876 2745 Ῥω-

1977 2673 2322 2744 Mamertino,
2350 2679 2544 2732 seditio
2573 2677 2716 2732 facta
2756 2688 2840 2734 est
2871 2683 3056 2751 populi
3089 2682 3322 2740 Romani
3347 2688 3413 2742 de
3442 2706 3543 2742 no-

304 2785 477 2855 μαίων
517 2785 689 2855 δήμου
741 2787 826 2838 ἐπ’
855 2786 1074 2856 ὀνόματι
1115 2785 1208 2838 τοῦ
1244 2786 1588 2857 Κλήμεντος’
1623 2781 1876 2856 καὶπρὸς

1977 2779 2123 2832 mine
2147 2777 2476 2844 Clementis;
2500 2785 2662 2847 atque
2692 2778 2832 2832 inter
2854 2794 2912 2834 se
2937 2780 3174 2848 confusi,
3208 2785 3297 2837 alii
3323 2788 3539 2854 quidem

301 2878 564 2950 ἀλλήλους
597 2877 972 2947 συγχυθέντες,
1011 2879 1158 2932 ἄλλοι
1201 2878 1247 2909 ⁵⁵
1293 2879 1389 2948 μὲν
1424 2877 1604 2944 ἔλεγον
1625 2894 1637 2906 ·
1672 2877 1734 2928 Τί
1768 2874 1874 2946 γὰρ

1975 2869 2229 2922 dicebant
2255 2887 2268 2923 :
2298 2869 2436 2934 Quid
2475 2869 2620 2923 enim
2651 2868 2779 2922 mali
2807 2867 2952 2935 fecit,
2981 2881 3073 2926 aut
3097 2875 3225 2942 quid
3254 2892 3359 2929 non
3387 2878 3543 2933 bona:

299 2972 469 3023 κακὸν
498 2969 752 3039 ἔπραξεν,
806 2969 836 3039 ἢ
899 2969 950 3021 τί
999 2968 1106 3021 τῶν
1153 2967 1331 3022 καλῶν
1373 2969 1433 3020 ού
1479 2965 1871 3036 κατώρθωσεν;

1976 2960 2052 3014 rei
2085 2960 2292 3028 gessit?
2314 2960 2638 3030 Quicunque
2678 2961 2822 3014 enim
2880 2975 3115 3031 aegrotus
3159 2967 3228 3020 ab
3259 2984 3323 3023 eo
3349 2970 3539 3023 visita-

297 3066 447 3126 ὅστις
497 3061 607 3132 γὰρ
659 3061 939 3132 ἄρρωστος
973 3065 1100 3135 παρ’
1126 3061 1288 3114 αὐτοῦ
1319 3059 1647 3132 ἐπεσκέφθη,
1681 3061 1874 3122 ἰάσεως

1975 3057 2064 3106 tus
2089 3061 2191 3116 est,
2219 3053 2507 3105 sanitatem
2545 3059 2629 3111 est
2687 3063 3012 3106 consecutus
3043 3072 3056 3106 :
3109 3059 3421 3129 quicunque
3473 3061 3538 3114 ad

297 3157 525 3228 ἔτυχεν⁶
576 3156 723 3218 ὅστις
757 3157 892 3226 πρὸς
939 3155 1098 3208 αὑτὸν
1133 3153 1502 3225 λελυπημένος
1555 3154 1600 3184 ⁵⁸
1639 3151 1867 3221 ἀπῆλθε,
1899 3138 1903 3166 ¹

1930 3127 1940 3180 ἶ
1973 3155 2098 3194 eum
2130 3140 2347 3196 tristitia
2377 3143 2600 3197 affectus
2636 3143 2788 3206 abiit,
2833 3147 3074 3218 gaudens
3126 3162 3373 3202 reversus
3420 3159 3536 3203 est:

296 3251 505 3320 χαίρων
555 3249 932 3321 ἀνεχώρησεν
986 3246 1174 3298 οὐδένα
1217 3246 1344 3298 ποτὲ
1395 3245 1612 3314 ἔϐλαψε,
1667 3245 1872 3306 πάντας

1972 3232 2182 3286 nullum
2214 3249 2455 3303 unquam
2511 3237 2683 3303 Iresit;
2719 3239 2827 3293 imo
2883 3239 3086 3308 profuit
3112 3240 3382 3293 omnibus.
3432 3241 3537 3295 Alii

294 3341 352 3392 δὲ
397 3341 697 3411 ὠφέλησεν.
735 3341 916 3394 ’Ἄλλοι
970 3336 1312 3406 ὃὲπνεύματι
1343 3336 1630 3406 διαϐολικῴ
1682 3336 1872 3411 ἐκκαυ-

1973 3335 2151 3378 autem
2175 3325 2442 3380 diabolico
2467 3331 2678 3383 accensi
2700 3329 2916 3398 spiritu,
2945 3333 3251 3386 clamabant
3274 3351 3287 3386 :
3317 3333 3538 3400 Magicis

297 3431 515 3494 θέντες,
550 3431 810 3500 ἔκραζον·
850 3431 1140 3499 Γοητικαίς
1183 3427 1398 3496 τέχναις
1438 3425 1626 3487 ,ταῦτα
1679 3423 1867 3486 ποιῶν,

1972 3414 2182 3469 artibus
2230 3417 2333 3470 ista
2385 3415 2627 3483 faciens,
2699 3420 2926 3473 deorum
2972 3432 3280 3476 nostrorum
3331 3423 3534 3477 cultum

295 3523 405 3575 τῶν
438 3522 576 3574 θεῶν
605 3522 763 3592 ἡμῶν
813 3518 918 3590 τὴν
981 3519 1234 3590 λατρείαν
1277 3516 1598 3588 ἀνατρέπειο
1648 3516 1738 3568 τὸν
1775 3514 1871 3568 Δία

1971 3508 2194 3573 evertit;
2228 3506 2412 3563 Jovem
2445 3518 2603 3578 negat
2625 3526 2744 3564 esse
2792 3512 2952 3566 deum
3004 3530 3019 3569 :
3067 3512 3353 3568 Herculem
3409 3531 3540 3569 vero

297 3614 448 3682 λέγει
509 3605 630 3666 θὲδν
688 3612 761 3684 μὴ
809 3607 968 3665 εἶναι.
1034 3609 1305 3681 Ἡρακλέα
1347 3608 1404 3660 δὲ
1461 3607 1550 3661 τὸν
1605 3606 1870 3678 ἡμέτερον

1971 3600 2250 3653 custodem
2293 3610 2579 3667 nostrum,
2630 3605 2763 3658 dicit
2803 3621 2923 3660 esse
2991 3607 3326 3661 immundum
3379 3609 3540 3677 spiri-

297 3706 536 3775 φύλακα,
577 3703 880 3776 ἀκάθαρτον
900 3699 1038 3756 εἶναι
1086 3701 1233 3768 λέγει
1263 3699 1507 3768 πνεῦμα·
1553 3699 1868 3770 Ἀφροδίτην

1974 3700 2126 3744 tum:
2166 3691 2429 3747 Venerem
2461 3694 2616 3748 deam
2665 3705 2929 3761 sanetam,
2983 3699 3316 3752 meretricem
3369 3697 3537 3752 fuisse

298 3800 398 3868 τὴν
444 3799 598 3850 ὁσίαν
644 3798 688 3827 ⁵⁸
731 3796 879 3861 θεὰν,
935 3796 1137 3865 πόρνην
1192 3793 1470 3862 γεγονέναι
1522 3791 1866 3844 ύποτίθεται’

1970 3781 2128 3834 (ιοονι
2156 3799 2170 3835 :
2201 3781 2417 3836 Vestam
2447 3795 2626 3837 autem
2677 3801 2927 3855 magnam
2955 3787 3133 3850 deam,
3191 3787 3311 3856 igne
3365 3786 3535 3842 fuisse

311 3889 528 3942 Ἑστίαν
555 3888 612 3942 δὲ
651 3887 750 3957 τὴν
786 3885 1025 3956 μεγάλην
1077 3884 1205 3936 θεὰν
1263 3884 1394 3953 πυρὶ
1459 3881 1869 3950 κατηναλῶσθαι

1970 3881 2348 3939 consumptam
2418 3875 2800 3930 calumniatur.
2857 3875 3030 3929 Simili
3087 3892 3303 3945 quoque
3373 3879 3536 3932 modo

303 3981 632 4051 βλασφημεῖ.
696 3978 965 4040 Ὡσαύτως
1018 3977 1072 4035 δὲ
1100 3976 1192 4030 καὶ
1252 3975 1350 4045 τὴν
1411 3972 1777 4042 εύαγεστάτην
1821 3974 1866 4003 ⁸⁷

1971 3964 2371 4018 sanctissimam
2413 3967 2566 4020 dcam
2595 3965 2918 4032 Minervam,
2946 3969 3072 4022 item
3122 3967 3368 4034 Dianam,
3395 3967 3536 4022 Mer-

302 4073 427 4126 θεάν
473 4072 722 4140 Ἀθηνᾶν,
755 4073 819 4123 Ἀ
832 4071 1018 4141 ρτεμίν
1071 4087 1128 4135 τε,
1159 4070 1252 4122 καὶ
1287 4065 1512 4138 Ἑρμῆν,
1554 4067 1670 4138 ἅμα
1698 4085 1756 4119 τε
1778 4068 1869 4120 καὶ

1969 4056 2215 4119 curium,
2249 4057 2518 4126 simulque
2567 4056 2862 4113 Saturnum
2915 4071 2969 4114 et
3020 4059 3243 4114 Martem
3286 4060 3531 4116 infamat.

299 4167 386 4218 τὸν
437 4164 664 4235 Κρόνον,
705 4165 798 4216 καὶ
861 4161 950 4215 τὸν
995 4163 1162 4231 Ἀρεα
1226 4160 1518 4214 διαϐάλλει.
1591 4161 1773 4214 Πάντα
1809 4178 1867 4213 τε

1969 4149 2144 4218 Atque
2172 4151 2354 4204 omnia
2385 4150 2609 4204 deorum
2637 4159 2947 4206 nostrorum
2986 4154 3228 4219 nomina,
3257 4164 3311 4208 et
3336 4156 3532 4224 templa

299 4258 365 4310 τά
409 4257 652 4327 ὀνόματα
708 4255 816 4308 τῶν
871 4253 1150 4325 ἡμετέρων
1209 4252 1366 4317 θεῶν,
1416 4253 1510 4306 καὶ
1547 4255 1671 4316 τοὺς
1710 4255 1870 4318 ναοὺς

1970 4241 2315 4294 contumeliis
2359 4241 2540 4295 allicit.
2597 4243 2704 4297 Aut
2758 4245 3086 4300 sacrificabit
3144 4246 3250 4301 diis
3293 4247 3527 4314 nostris,

301 4347 640 4421 καθυϐρίζει.
712 4349 781 4400 Ἢ
827 4346 977 4400 θύσει
1013 4349 1128 4410 τοῖς
1187 4345 1327 4410 θεοῖς
1387 4345 1564 4417 ἡμῶν,
1617 4346 1650 4417 ἦ
1708 4347 1869 4412 αὐτὸς

886 4364 977 4399 ισει
1013 4349 1128 4410 τοῖς
1187 4345 1327 4410 θεοῖς
1387 4345 1564 4417 ἡμῶν,
1617 4346 1650 4417 ἦ
1708 4347 1869 4412 αὐτὸς
1971 4342 2064 4387 aut
2093 4335 2203 4401 ipse
2231 4333 2492 4388 deleatur.

297 4441 454 4508 ὲξαλε
465 4440 662 4510 ιφθείη.
1901 4473 1943 4525 D

368 4533 531 4587 XVII.
590 4533 723 4586 Τότε
750 4535 1094 4604 Μαμερτῖνος
1138 4533 1166 4584 ὁ
1213 4530 1312 4600 τῆς
1358 4529 1563 4594 πόλεως
1610 4529 1863 4602 ἔπαρχος,
1903 4521 1929 4525 ⁷

1926 4521 1929 4522 ⁷
2043 4522 2205 4575 XVII.
2252 4521 2406 4575 Tunc
2454 4522 2806 4577 Mamertinus
2854 4521 3016 4576 Urbis
3068 4522 3377 4592 przefectus,
3423 4538 3532 4576 non

299 4629 372 4699 μὴ
424 4627 606 4698 φέρων
649 4625 742 4678 τοῦ
783 4625 952 4697 δήμου
1003 4625 1100 4694 τὴν
1162 4625 1370 4686 στάσιν,
1424 4621 1675 4676 ἐκέλευσε
1731 4621 1866 4694 πρὸς

1975 4615 2154 4671 ferens
2191 4617 2370 4685 populi
2402 4615 2746 4683 seditionem,
2771 4616 2938 4686 jussit
2965 4617 3030 4672 ad
3065 4632 3123 4673 se
3175 4617 3371 4671 adduci
3400 4620 3530 4671 bea-

298 4718 489 4773 ὲαυτδν
536 4717 833 4787 ἀναχθῆναι
859 4718 905 4748 ⁸⁸
965 4716 1051 4770 τὸν.
1098 4713 1509 4787 μακαριώτατον
1541 4713 1862 4785 Κλήμεντα⁸

1973 4707 2243 4760 tissimum
2271 4707 2639 4759 Clementem:
2666 4723 2826 4775 quem
2856 4708 3104 4773 intuitus,
3132 4707 3528 4776 coepitdicere:

295 4812 466 4882 ὅνπερ
507 4809 857 4879 θεασάμενος,
926 4806 1124 4878 ἤρξατο
1193 4806 1401 4875 λέγειν·
1485 4806 1573 4870 Ἐξ
1614 4803 1865 4874 εὐγενοῦς

1971 4797 2013 4850 Ε
2039 4799 2205 4851 nobili
2237 4798 2454 4866 quidem
2489 4797 2671 4851 radice
2718 4797 2962 4865 prodiisti
2990 4815 3002 4861 ;
3036 4799 3180 4866 quod
3214 4800 3370 4853 nobis
3423 4797 3533 4852 Ro~

301 4905 399 4974 μὲν
424 4903 580 4976 ῥίζης
616 4900 1018 4974 προελήλυθας⁸
1051 4901 1186 4970 ὅπερ
1220 4900 1348 4969 ἡμῖν
1380 4900 1412 4968 ἡ
1440 4897 1548 4950 τῶν
1583 4898 1862 4967 Ῥωμαίων

1974 4904 2134 4944 mana
2164 4889 2316 4956 plebs
2366 4895 2702 4940 attestatur:
2757 4887 2848 4940 sed
2901 4902 3138 4940 errorem
3190 4889 3437 4941 subiisti:
3479 4897 3531 4942 et

298 4995 508 5066 πληθὺς
556 4995 965 5065 προσμαρτυρεῖ
1011 4991 1088 5022 ⁸⁸⁸
1153 4989 1287 5042 ἀλλὰ
1340 4989 1545 5058 πλάνην
1592 4988 1862 5056 ὑπέστης·

1968 4984 2090 5036 ideo
2119 4996 2226 5034 non
2259 4980 2442 5032 ferunt
2470 4997 2483 5044 ;
2513 4979 2640 5047 quia
2670 4979 2853 5031 nescio
2877 4994 3036 5047 quem
3066 4979 3342 5034 Christum
3371 4981 3524 5046 colis,

299 5089 390 5142 καὶ
434 5089 523 5141 διὰ
565 5087 723 5140 τοῦτο
779 5088 841 5138 ού
900 5085 1154 5154 φέρουσιν
1206 5084 1283 5113 ⁵ο·
1347 5081 1532 5150 ἐπειδὴ
1601 5081 1700 5134 οὐκ
1747 5075 1864 5134 οἶδα

1969 5073 2320 5128 contradens
2366 5071 2459 5140 qui
2510 5071 2562 5124 in
2611 5070 2829 5138 templis
2873 5071 3212 5125 honorantur
3273 5073 3522 5139 suscipis.

297 5181 416 5235 τίνα
443 5181 676 5253 Χριστὸν
708 5179 859 5253 σέϐῃ,
890 5179 981 5232 καὶ
1029 5176 1242 5228 ἐναντία
1286 5175 1393 5226 τῶν
1421 5175 1462 5205 ⁶¹
1489 5176 1546 5227 ὲν
1582 5177 1693 5237 τοῖς
1716 5176 1860 5236 ναοῖς

1967 5167 2236 5234 Quocirca
2261 5172 2478 5234 oportet
2527 5173 2587 5218 ut
2641 5163 2880 5232 deponas
2930 5177 3145 5216 onmem
3198 5162 3521 5232 superﬂuam

1599 5315 1680 5370 VA
1693 5313 1828 5367 [{le
1867 5308 2264 5366 LECTIONES.

371 5413 415 5441 δ’
453 5413 526 5464 al.
571 5413 830 5480 ἐπέγνων.
919 5413 966 5444 ⁸³
993 5414 1062 5467 al.
1104 5413 1502 5480 ἐξαπατῶντας.
1609 5407 2196 5480 ⁸⁵ιι1.ἱιιερι·.τούτοις.ᾼ
2248 5405 2870 5480 ξδοί.προσεγγίσαντοςο
2925 5397 2989 5480 ,⁸⁵
3021 5393 3526 5480 ειι-,ὲξᾳπῖίεξθηρύ-

303 5482 388 5543 τος
414 5484 507 5534 καὶ
542 5464 739 5546 πάντες
763 5464 899 5536 οἱνέν
918 5464 1161 5554 atii—oiqu
1191 5483 1372 5543 αὑτοῦ,
1401 5464 1491 5552 ἦρ.
1517 5482 1562 5534 δ.
1600 5482 1842 5554 οηβάπτ.
1868 5479 2073 5554 ᾇνᾷρες.
2151 5477 2299 5554 "nal.
2341 5474 2660 5554 ἐπίστευσαν
2686 5473 2816 5554 ,καῖ’
2836 5468 2986 5554 πρξξ.
3013 5464 3522 5554 λέξατε-ξκξίξςοξδ

303 5534 468 5624 ξέτοῦ
505 5534 737 5624 καιροῦί
767 5534 899 5607 Iline
924 5534 1617 5622 apiid’Si'i'rium,
1657 5534 1978 5624 Novembris
2007 5563 2166 5624 :‘Xlll.
2197 5546 2334 5624 Cor:
2412 5543 2454 5574 δ’
2482 5545 2644 5624 deest
2685 5543 2749 5624 in“
2769 5543 2840 5624 al.
2919 5539 2964 5568 "°
3109 5534 3520 5624 ξαὶῃξέξξυξςξςς

305 5621 343 5651 ⁵¹
382 5603 460 5675 al.
1921 5619 1965 5650 ⁸³
1999 5618 2243 5694 ὑπάρχου
2289 5616 2379 5668 τὸν
2412 5612 2682 5694 πολιτικὸν
2724 5612 2943 5694 θρόνον-,ς
2987 5609 3054 5694 ’δέ
3101 5608 3176 5694 al.
3208 5603 3523 5694 ἄλλοςιάλλο

307 5695 418 5742 κατ’
455 5675 618 5746 αὑτοῦ
653 5692 852 5760 ἔλεγον·
881 5675 1412 5760 τιῖιέςίδὲίάντὲλεγον
1435 5709 1447 5721 ·
1496 5675 1558 5744 Τί
1592 5675 1716 5762 γάρ.
1793 5675 1840 5721 ³⁸
1882 5691 1950 5743 al.
1985 5675 2358 5762 λυπούμενος.-
2411 5686 2455 5716 ³⁵⁵
2476 5685 2624 5738 deest
2658 5683 2717 5735 in
2756 5675 2824 5734 al.
2901 5679 2943 5710 ⁵⁷
2970 5678 3119 5734 deest
3148 5679 3200 5732 ili
3225 5677 3294 5730 al.
3372 5675 3416 5706 "
3443 5677 3516 5729 al.

308 5761 548 5831 ἀχθῆναι.
630 5765 674 5795 ⁸⁵
709 5756 778 5816 aI.
813 5773 1102 5836 μαρτυρεῖ,
1163 5765 1206 5796 '-‘°
1246 5756 1851 5833 διξφέρουσινσῖωπᾷν.
1929 5761 1970 5792 ⁶¹
2006 5760 2201 5814 desunt
2232 5758 2284 5808 in
2312 5756 2382 5809 al.
