4066 6330
403 268 510 323 629

1537 255 1949 312 MABTYRIUM
1988 254 2043 308 S.
2070 251 2468 308 CLEMENTIS.

3527 248 3628 302 650

401 385 513 438 ὃσιε
544 381 791 451 ίεράρχα,
833 381 918 434 ἵνα
944 382 1082 448 ἄξιοι
1126 380 1534 451 ἀπώειχθῶμεν
1568 379 1670 449 τῆς
1702 377 1856 450 παρὰ.
1873 375 1948 429 τοί

2075 375 2232 430 sione
2252 374 2476 429 Christi.
2502 372 2649 440 Quos
2686 386 2809 427 eum
2871 371 3216 438 cognovisset
3268 367 3326 423 S.
3377 370 3628 425 Clemens

400 473 648 547 Χριστοῦ
675 474 1024 543 ὲπαγγελίας.
1081 474 1189 538 Οὓς
1220 473 1474 543 ἐγνωκὼς
1497 475 1543 505 ’θ
1585 475 1615 526 6
1647 473 1799 540 ἅγιος
1827 471 1969 542 Κλή-

403 587 510 641 μης
550 567 639 621 διὰ
703 567 798 620 τοῦ
844 565 979 620 Θεοῦ
1045 566 1091 598 ⁸ο
1139 563 1612 638 ύπερορισθέντας,
1663 563 1802 633 ἔφη·
1855 561 1968 616 Οὐκ

397 659 759 731 ἀπροσφόρως
803 660 833 713 6
882 657 1086 729 Κύριός
1117 675 1184 729 με
1222 656 1457 710 ἐνταῦθα
1503 652 1965 724 ἁπεκατέστησεν,

402 751 487 803 ἵνα
515 751 561 782 ³⁸
593 767 658 803 συ
666 750 934 821 μμέτοχος
977 749 1266 819 γενόμενος
1291 746 1400 800 τῶν
1425 745 1760 816 παθημάτων
1790 745 1820 796 ὑ
1828 743 1964 815 μῶν,

397 841 478 893 ἔτι
537 839 877 912 παρηγορίας
927 837 1273 894 ὑποτύπωσιν
1323 837 1415 892 καὶ
1452 835 1728 907 ὑπομονῆς
1754 837 1965 906 ἐμπαρ-

395 932 522 997 ἐξω.

466 1022 609 1076 XXI.
643 1022 854 1094 Ἔμαθε
887 1023 945 1077 δὲ
987 1023 1116 1094 παρ’
1143 1021 1351 1087 αὐτῶν,
1396 1021 1480 1076 ὅτι
1529 1020 1639 1075 ἀπὸ
1684 1018 1743 1086 ἓξ
1774 1017 1963 1090 μιλίων

387 1112 454 1164 τὸ
480 1112 622 1184 ὓδωρ
645 1113 738 1166 ἐπὶ
771 1113 880 1167 τῶν
919 1112 1066 1166 ίδίων
1101 1111 1265 1183 ὤμων
1303 1110 1576 1183 ἐκόμιζον.
1613 1109 1820 1164 Αὐτίκα
1869 1104 1962 1163 οὖν

387 1205 420 1256 6
457 1204 612 1272 ἅγιος
664 1204 896 1275 Κλήμης
924 1203 1294 1275 προετρέψατο
1313 1203 1527 1266 αὐτοὺς,
1550 1201 1722 1270 λέγων
1739 1216 1754 1231 ο
1783 1197 1964 1264 Εύξώ-

392 1293 531 1363 μεθα
553 1293 645 1345 τὸν
668 1294 714 1325 ⁸⁸
755 1293 960 1364 Κύριον
1003 1293 1160 1364 ὴμῶν
1199 1291 1405 1364 Ἰησοῦν
1443 1290 1696 1364 Χριστὸν,
1725 1291 1812 1344 ἵνα
1849 1292 1963 1353 τοῖς

385 1382 745 1452 όμολογηταῖς
812 1383 911 1454 τῆς
979 1381 1144 1436 αὐτοῦ
1210 1381 1448 1445 πίστεως
1528 1380 1698 1452 νομὴν
1774 1379 1963 1442 ὓδατος

384 1474 646 1547 διανοίξῃ·
674 1476 767 1529 καὶ
798 1477 828 1529 6
851 1475 1096 1540 πατάξας
1115 1474 1213 1546 τὴν
1235 1473 1439 1545 πέτραν
1475 1473 1534 1527 ὲν
1571 1475 1642 1543 τῇ
1685 1469 1732 1504 ⁸³
1771 1471 1960 1542 ἐρήμῳ

383 1563 481 1615 τοῦ
524 1564 674 1629 Σινᾶ,
713 1567 808 1618 καὶ
850 1565 1123 1638 ἐρρύησαν
1171 1563 1337 1618 ὕδατα
1379 1564 1458 1628 είς
1498 1559 1831 1633 πλησμονὴν,
1860 1559 1958 1612 αύ-

383 1655 478 1718 τὸς
506 1657 635 1726 ἡμῖν
659 1657 721 1710 τὸ
767 1657 996 1727 ἄφθονον
1041 1659 1190 1728 νᾶμα
1212 1656 1506 1727 παράσχοι,
1531 1655 1680 1716 ὅπως
1705 1654 1770 1723 τῆ
1793 1649 1956 1704 αὐτοῦ

2077 476 2297 536 propter
2328 465 2497 519 Deum
2533 464 2705 518 fuisse
2759 464 3092 534 deportatos,
3147 462 3260 516 ait:
3297 459 3412 516 Non
3441 462 3540 517 abs
3569 479 3627 518 re

2071 556 2334 613 Dominus
2364 573 2449 611 me
2472 556 2578 610 huc
2605 555 2891 625 perduxit;
2923 564 2982 609 ut
3011 553 3290 624 particeps
3314 551 3491 608 factus
3513 569 3629 622 pcr-

2068 650 2386 721 pessionnm
2436 657 2765 710 vestrarum,
2819 646 2982 701 etiam
3018 645 3411 702 consolationis
3447 653 3500 701 et
3532 660 3627 715 pa-

2068 741 2269 797 tientiae
2297 739 2608 810 exemplum
2645 738 2960 809 prwberem.

2132 1001 2275 1059 XXI.
2301 1002 2498 1059 Didicit
2520 1011 2700 1058 autem
2727 1003 2793 1057 ab
2815 1001 2916 1070 eis,
2937 1002 3080 1073 quod
3103 1002 3168 1058 de
3191 1012 3344 1059 sexto
3371 1002 3625 1058 milliario

2064 1111 2263 1165 aquam
2295 1096 2412 1151 suis
2444 1096 2685 1151 humeris
2721 1096 3091 1164 deportarent.
3151 1094 3454 1150 Confestim
3495 1110 3625 1166 ergo

2062 1192 2283 1237 sanctus
2315 1182 2564 1238 Clemens
2595 1183 2914 1255 cohortatus
2937 1192 3021 1238 est
3049 1184 3192 1248 illos,
3227 1183 3414 1239 dicens
3441 1201 3453 1237 :
3484 1181 3625 1238 Ore-

2062 1288 2187 1328 mus
2209 1271 2499 1328 Domiuum
2537 1283 2785 1329 nostrum
2839 1273 3024 1330 Jesum
3082 1275 3384 1342 Christum,
3410 1285 3474 1330 ut
3501 1275 3624 1330 ﬁdei

2061 1379 2175 1419 sua:
2210 1363 2623 1421 confessoribus
2670 1381 2863 1421 venam
2913 1381 3070 1436 aqua:
3117 1368 3360 1437 aperiat;
3417 1371 3495 1422 et'
3528 1367 3622 1452 qui

2057 1458 2328 1528 percussit
2357 1469 2566 1528 petram
2596 1459 2650 1512 in
2675 1459 2887 1514 deserto
2913 1458 3076 1526 Sinze,
3100 1469 3154 1514 ct
3173 1459 3444 1514 [luxerunt
3468 1475 3625 1529 aqua:

2058 1549 2114 1605 in
2172 1549 2556 1605 abundantiam
2592 1564 2642 1618 ι,
2689 1551 2804 1621 ipse
2862 1551 3019 1605 nobis
3071 1551 3352 1620 copiosum
3405 1550 3621 1606 laticem

2055 1639 2332 1709 praebeat,
2383 1657 2493 1711 quo
2535 1642 2708 1712 ipsius
2757 1642 3191 1712 suppeditalione
3232 1642 3498 1697 laetemur.
3554 1643 3623 1698 Et

381 1747 618 1817 χορηγίᾳ
655 1747 1061 1820 εὐφρανθῶμεν.
1118 1748 1228 1803 Καὶ
1253 1747 1318 1818 δὴ
1360 1746 1460 1816 τῆς
1506 1743 1715 1808 ἱκεσίας
1739 1743 1948 1814 πληρω-

2052 1747 2179 1788 vero
2228 1734 2492 1804 completa
2539 1735 2953 1806 supplicatione,
3001 1734 3128 1790 hinc
3183 1735 3440 1804 illincque
3501 1735 3613 1791 cir-

379 1837 589 1906 θείσης,
629 1838 780 1892 ἐνθεν
823 1839 1076 1894 κάκεῖθεν
1114 1836 1534 1910 περιεόλέψατοο
1600 1834 1694 1889 καὶ
1745 1829 1884 1889 εἶδεν
1907 1833 1954 1868 ⁸⁸

376 1930 551 2000 ἀμνὸν
581 1929 868 2001 ἱστάμενον
908 1931 978 1994 ⁸⁵,
1019 1931 1081 1995 ὃς
1122 1930 1216 1984 τὸν
1249 1928 1421 1996 δεξιὸν
1453 1927 1592 1982 πόδα
1641 1927 1950 1996 ἐκούφισεν,

376 2017 466 2074 οἷα
488 2021 581 2075 τὸν
606 2022 772 2076 τόπον
795 2023 873 2095 τῷ
913 2022 1055 2095 ἁγίῳ
1096 2023 1371 2093 Κλήμεντι
1405 2020 1742 2083 ύποδεικνύς.
1768 2019 1900 2072 Τότε
1923 2021 1952 2073 ό

376 2110 534 2178 ἅγιος
567 2111 818 2183 Κλήμης,
871 2112 1163 2182 συννοήσας
1212 2110 1258 2143 ⁸⁸
1296 2110 1388 2165 τὸν
1435 2108 1641 2182 Κύριον
1671 2104 1844 2174 εἶναι,
1890 2108 1950 2162 ὃν

379 2205 542 2273 μόνος
568 2203 730 2266 αὐτὸς
763 2203 984 2258 τεθέατο
1016 2204 1060 2236 ⁸⁷
1109 2203 1204 2258 καὶ
1237 2203 1424 2274 ἔτερος
1453 2200 1728 2265 παντελῶς
1752 2201 1948 2266 οὐδεὶς,

373 2293 648 2364 ἐπορεύθη
699 2294 838 2365 πρὸς
885 2293 977 2348 τὸν
1014 2293 1200 2358 τόπον,
1241 2293 1337 2346 καὶ
1365 2288 1549 2346 εἶπεν
1616 2290 1704 2344 Ἐν
1728 2289 1951 2361 ὀνόματι

369 2384 469 2438 τοῦ
495 2383 706 2457 Πατρὸς
745 2385 841 2440 καὶ
877 2383 972 2439 τού
1010 2383 1138 2439 Υἱοῦ
1164 2383 1255 2439 καί
1297 2379 1392 2438 τοῦ
1437 2379 1600 2452 ἁγίου
1629 2377 1950 2453 live-imm;

372 2476 645 2548 κρούσατε
697 2479 754 2531 ὲν
778 2477 856 2548 τῷ
878 2477 1028 2548 τόπῳ
1067 2476 1261 2548 τούτῳ.
1291 2475 1402 2529 Καὶ
1446 2472 1633 2544 ἐπειδὴ
1662 2472 1862 2535 πάντες
1889 2465 1957 2525 ἐν’

371 2569 560 2639 κύκλῳ
582 2571 694 2632 τοῖς
732 2568 1046 2632 σκαπανίοις
1074 2567 1338 2638 ἐσκαψαν,
1388 2566 1482 2619 καὶ
1527 2565 1628 2619 οὐκ
1671 2563 1831 2618 αὑτὸν
1857 2562 1948 2617 τὸν

367 2662 538 2714 τόπον
565 2663 622 2715 έν
649 2653 694 2729 ᾧ
719 2661 748 2714 6
781 2661 954 2732 ἀμνὸς
999 2659 1152 2731 ἔστη,
1205 2657 1385 2712 λαϐὼν
1437 2656 1630 2728 μικρὸν
1680 2655 1947 2710 σκαλίδιον

367 2757 400 2809 ὁ
426 2755 598 2823 ἅγιος,
649 2753 869 2824 ἐλαφρῷ
910 2751 1217 2823 κρούσματι
1237 2751 1284 2785 ⁸⁸
1308 2750 1401 2805 τὸν
1427 2750 1590 2803 τόπον
1617 2748 1707 2803 τὸν
1730 2749 1835 2802 ὑπὸ
1855 2748 1946 2804 τὸν

368 2845 509 2898 πόδα
541 2845 635 2898 τοῦ
665 2844 857 2916 ἀμνοῦ.
909 2844 1099 2914 ἔτυψεν
1128 2844 1178 2875 ⁸⁸
1199 2860 1212 2874 ·
1264 2843 1385 2897 ὅθεν
1413 2841 1754 2914 παραχρῆμα
1793 2842 1951 2914 πηγὴ

365 2931 799 3004 ὑπερϐλυούσαις
817 2934 862 2966 ⁹⁰
879 2935 998 2996 ταῖς
1024 2932 1214 3008 φλεψὶν
1239 2930 1653 3004 εὐπρεπεστάτη
1681 2930 1941 3001 ἀνεφάνη“

2057 1825 2395 1895 cumspexit;
2429 1835 2482 1880 et
2503 1827 2634 1882 vidit
2657 1832 2857 1898 agnum
2909 1835 3170 1893 stantem,
3200 1826 3295 1896 qui
3334 1827 3622 1883 dexterum

2056 1917 2247 1987 pedem
2296 1918 2513 1986 levavit,
2567 1929 2829 1990 tanquam
2866 1927 3057 1974 sancto
3117 1917 3383 1974 Clementi
3439 1919 3619 1976 locum

2056 2009 2368 2065 ostendens.
2407 2010 2562 2066 Tunc
2607 2009 2665 2066 S.
2723 2011 2976 2066 Clemens
3023 2019 3283 2080 reputans
3324 2008 3616 2066 Dominum

2053 2117 2173 2157 esse
2192 2141 2208 2168 ,
2240 2119 2401 2173 quem
2431 2105 2584 2160 solus
2606 2106 2723 2176 ipse
2749 2103 3055 2174 conspexit,
3083 2112 3137 2159 et
3167 2103 3354 2159 nullus
3385 2104 3616 2159 omnino

2051 2194 2225 2261 alius;
2278 2197 2344 2250 ad
2373 2197 2553 2252 locum
2582 2196 2860 2268 profectus
2886 2205 2989 2265 est,
3019 2212 3086 2252 ac
3114 2196 3282 2252 dixit:
3315 2195 3371 2251 In
3394 2198 3616 2254 nomine
3668 2202 3669 2205 “

2049 2283 2227 2341 Patris
2250 2295 2303 2342 et
2346 2286 2469 2342 Filii
2499 2297 2552 2343 et
2601 2288 2838 2358 Spiritus
2883 2289 3080 2356 sancti,
3135 2291 3351 2360 pulsate
3404 2283 3458 2344 in
3509 2291 3617 2345 hoc

2049 2375 2191 2435 loco.
2222 2378 2472 2453 Cumque
2499 2396 2688 2437 omnes
2713 2381 2986 2451 ligonibus
3021 2381 3075 2435 in
3106 2382 3294 2437 orbem
3327 2381 3612 2448 fodissent,

2049 2487 2159 2527 non
2215 2484 2395 2530 autem
2448 2475 2629 2530 locum
2681 2473 2859 2546 ipsum
2893 2474 2948 2528 in
2989 2490 3099 2544 quo
3138 2489 3311 2546 agnus
3358 2482 3611 2542 steterat;

2047 2574 2271 2624 sanctus
2321 2578 2548 2640 accepto
2577 2584 2745 2639 parvo
2771 2567 3011 2637 sarculo,
3041 2567 3227 2624 locum
3245 2569 3338 2640 qui
3364 2578 3480 2624 erat
3509 2570 3612 2624 sub

2045 2659 2184 2726 pede
2213 2660 2338 2731 agni
2377 2661 2649 2731 percussit
2686 2661 2792 2716 levi
2831 2645 2978 2716 ictu:
3029 2660 3173 2715 unde
3221 2669 3444 2728 repente
3488 2659 3612 2716 fons

2040 2748 2200 2810 arenis
2221 2750 2651 2806 redundantibus
2668 2750 3067 2820 pulcherrimus
3083 2749 3306 2804 emersit
3327 2767 3342 2815 ;
3367 2749 3463 2820 qui
3484 2764 3609 2804 cum

2041 2843 2250 2912 impetu
2281 2842 2484 2898 eﬂ'usus
2512 2841 2694 2898 eti‘ecit;
2722 2841 2966 2895 ﬂuvium.
2996 2839 3148 2896 Tune
3188 2848 3417 2895 sanctus
3474 2855 3612 2895 cun.

2046 2933 2149 2989 etis
2179 2934 2602 2998 exsultantibus,
2673 2931 3090 3000 responsorium
3133 2931 3309 2986 dixit:
3340 2929 3608 2985 Fluminis

365 3028 514 3096 ἥτις,
578 3028 676 3082 σὺν
745 3030 888 3100 όρμῇ
941 3027 1264 3099 ἐκχυθεῖσα,
1332 3027 1574 3098 ποταμὸν
1621 3026 1932 3080 ἀπετέλεσε.

2047 3027 2263 3096 impetus
2285 3025 2561 3095 lwtiﬁcant
2587 3024 2856 3084 civitatem
2881 3022 2975 3076 Dei
2999 3023 3054 3075 ι).

363 3121 685 3191 Τηνικαῦτα
752 3123 782 3175 6
833 3121 986 3190 ἅγιος
1036 3121 1254 3176 πάντων
1303 3121 1742 3192 ἀγαλλιωμένων,
1807 3121 1851 3154 ⁸⁸
1901 3120 2298 3176 ύπακουστικδν
2343 3117 2496 3176 εἷπε·
2552 3120 2660 3175 Τοῦ
2717 3117 2980 3187 ποταμοῦ
3024 3115 3095 3170 τὰ
3157 3114 3460 3188 ὁρμήματα
3510 3119 3610 3172 εύ-

361 3215 689 3282 ςεραὶνουσι
710 3211 825 3282 τὴν
850 3215 1030 3268 πόλιν
1067 3213 1172 3267 τοῦ
1198 3214 1365 3270 Θεοῦ.

437 3327 606 3384 XXII.
683 3327 782 3383 Διὰ
823 3329 1025 3401 ταύτην
1063 3324 1155 3383 οὖν
1196 3329 1296 3401 τὴν
1337 3330 1561 3402 φήμην,
1595 3330 1938 3403 προσέδραμε

365 3418 518 3471 πᾶσα
563 3419 598 3488 ὴ
639 3417 908 3490 ἐπαρχία·
945 3418 1040 3471 καὶ
1077 3419 1128 3470 οἱ
1165 3417 1485 3488 ἐληλυθότες
1517 3419 1755 3482 ἅπαντες
1803 3417 1941 3490 πρὸς

358 3505 708 3578 τὴνξδιδαχὴν
747 3505 840 3560 τοῦ
861 3506 1017 3576 ἁγίου
1048 3507 1361 3578 Κλήμεντος
1391 3507 1810 3578 ἐπιστρέφοντες
1823 3508 1939 3548 ⁹²-⁹³

361 3595 505 3666 πρὸς
534 3595 625 3648 τὸν
646 3594 848 3667 Κύριον
868 3613 881 3626 ·
909 3595 1048 3650 ὥστε
1077 3595 1200 3650 καθ’
1233 3595 1446 3669 ἡμέραν
1473 3597 1817 3652 πεντακόσιοι
1844 3599 1939 3652 καὶ¹

361 3687 674 3759 περαιτέρω
708 3687 1091 3760 βαπτιζόμενοι
1123 3689 1449 3762 ἀνεχώρουν.
1489 3691 1672 3754 Ἐντὸς
1715 3691 1773 3744 δὲ
1820 3692 1939 3757 ἑνὸς

361 3779 539 3842 ἔτους,
563 3779 847 3848 γεγόνασιν
871 3780 1049 3833 ἐκεῖσε
1075 3782 1226 3851 παρὰ
1252 3781 1360 3835 τῶν
1388 3782 1595 3836 πιστῶν
1620 3783 1941 3854 ἑϐδομηκον-

357 3869 594 3923 ταπέντε
639 3869 920 3942 ἐκκλησίαι
942 3912 955 3935 ,
991 3874 1086 3926 καὶ
1121 3873 1296 3927 πάντα
1328 3872 1398 3926 τὰ
1442 3873 1636 3928 εἴδωλα
1669 3874 1936 3946 κατεθρύ-

358 3959 540 4029 ϐησαν
561 4001 576 4022 ,
605 3960 805 4025 πάντες
836 3962 885 4014 οἱ
909 3964 1026 4016 ναοὶ
1051 3963 1153 4034 τῆς
1200 3963 1508 4036 περιχώρου
1535 3965 1934 4038 καθῃρέθησαν,

358 4053 545 4105 πάντα
570 4051 640 4105 τὰ
669 4051 803 4123 ἄλση
838 4053 932 4106 ἐπὶ
962 4054 1248 4125 τριακόσια
1277 4057 1432 4127 μίλια
1463 4056 1636 4110 διόλου
1661 4059 1719 4112 ὲν
1755 4057 1937 4130 κύκλῳ

357 4141 753 4213 κατεκόπησαν
777 4143 870 4196 καὶ
897 4144 1374 4217 κατεστρώθησαν.

433 4253 625 4308 XXIII.
667 4255 981 4326 Τηνικαῦτα
1002 4256 1049 4288 ’³⁵
1081 4257 1370 4329 ἐπίφθονον
1411 4259 1650 4333 διήγημα
1683 4261 1935 4334 διέδραμε

355 4347 502 4417 πρὸς
522 4346 610 4398 τὸν
636 4346 856 4415 βασιλέα
873 4347 1155 4418 Τραϊανὸν,
1179 4349 1255 4414 ώς
1271 4350 1456 4404 αὐτόοι
1481 4352 1615 4424 πρὸς
1634 4354 1936 4426 ἀναρίθμη-

2112 3323 2279 3380 ΧΧΙΙ.
2339 3322 2424 3380 Ob
2491 3324 2633 3381 hanc
2679 3320 2849 3394 igitur
2893 3317 3124 3388 famam,
3170 3322 3448 3377 concurrit
3494 3330 3606 3378 tota

2040 3418 2347 3488 provincia;
2396 3421 2600 3488 quique
2628 3415 2924 3474 veniebant
2963 3415 3030 3470 ad
3080 3415 3137 3470 S.
3182 3416 3473 3472 Clementis
3509 3417 3607 3472 do-

2039 3506 2270 3561 ctrinam
2296 3521 2488 3563 omnes
2515 3506 2974 3564 convertebantur
2996 3506 3063 3560 ad
3095 3504 3383 3560 Dominum
3411 3524 3426 3573 ;
3462 3507 3605 3565 adeo

2039 3609 2098 3653 ut
2135 3599 2379 3669 quotidie
2409 3600 2686 3672 quingenti
2727 3612 2780 3657 οι
2814 3597 3050 3666 amplius
3079 3597 3395 3652 recederent
3421 3597 3605 3665 bapti-

2039 3692 2166 3746 zati.
2201 3693 2347 3747 Intra
2389 3709 2558 3747 unum
2588 3702 2769 3748 autem
2798 3705 3005 3747 annum
3031 3729 3046 3750 .
3086 3688 3242 3743 factae
3280 3697 3409 3743 sunt
3435 3688 3543 3742 illic
3573 3704 3603 3740 a

2037 3781 2288 3838 ﬁdelibus
2315 3783 2655 3854 septuaginta
2702 3784 2948 3854 quinque
2995 3778 3277 3844 ecclesiae,
3319 3787 3373 3833 et
3417 3779 3601 3832 omnia

2038 3873 2180 3928 idola
2207 3872 2484 3930 confracta
2516 3884 2682 3943 sunt,
2722 3876 2905 3929 omnia
2936 3870 3132 3941 templa
3163 3869 3603 3940 circumjacentis

2037 3963 2276 4035 regionis
2300 3964 2478 4019 diruta
2507 3975 2656 4032 sunt,
2693 3980 2883 4021 omnes
2915 3960 3023 4021 luci
3067 3976 3238 4031 usque
3267 3961 3332 4014 ad
3359 3969 3601 4020 trecenta

2036 4055 2290 4111 milliaria
2313 4055 2368 4111 in
2408 4056 2638 4112 circuitu
2668 4058 2870 4114 concisi
2902 4066 3028 4114 sunt
3054 4062 3111 4113 et-
3135 4051 3249 4113 solo
3273 4053 3492 4123 aequali.

2104 4253 2294 4310 XXIII.
2338 4254 2493 4312 Tunc
2541 4256 2807 4312 invidiosa
2846 4258 3086 4314 narratio
3123 4258 3368 4333 pervenit
3395 4252 3464 4314 ad
3495 4252 3605 4314 im-

2034 4355 2339 4418 peratorem
2369 4346 2666 4419 Trajanum
2693 4388 2708 4416 ,
2744 4349 2891 4418 quod
2915 4349 3024 4405 illic
3049 4351 3116 4404 ad
3143 4351 3598 4408 innumerabilem

353 4455 454 4488 τον
498 4436 699 4507 πλῆθος
734 4436 763 4488 ὁ
795 4437 901 4490 τῶν
940 4439 1278 4508 Χριστιανῶν
1311 4439 1592 4512 ὲπηυξήθη
1635 4441 1794 4505 λαός·
1838 4445 1932 4497 καὶ

2047 4439 2437 4495 multitudinem
2486 4441 2755 4496 adauctus
2795 4450 2939 4497 esset
2977 4442 3210 4511 populus
3255 4442 3598 4498 Christiano-

355 4529 642 4599 ἀπεστάλη
659 4529 703 4559 ’⁸
725 4528 1050 4598 Αὐφιδιανὸς
1080 4531 1108 4583 6
1144 4529 1365 4601 ἡγεμών
1384 4547 1398 4560 ·
1427 4511 1608 4597 ὅστις,
1645 4533 1931 4600 πλείστους

2047 4547 2178 4585 rum.
2206 4531 2274 4586 Et
2309 4531 2516 4588 missus
2543 4540 2627 4587 cst
2656 4532 2976 4588 Auﬁdianus
3004 4549 3239 4602 praeses:
3270 4533 3365 4604 qui
3393 4534 3596 4590 multos

350 4620 473 4673 τῶν
510 4620 843 4690 Χριστιανῶν
876 4620 1152 4692 διαψόροις
1190 4620 1444 4690 βασάνοις
1473 4622 1678 4677 ἀνελὼν
1704 4625 1770 4689 ’⁸,
1789 4627 1930 4698 ὁρῶν

350 4728 420 4764 τε
437 4710 486 4741 ’⁷
519 4711 641 4774 τοὺς
665 4711 872 4774 πάντας
896 4710 974 4782 τῷ
1011 4712 1293 4784 μαρτυρίῳ
1329 4713 1465 4783 μετὰ
1497 4717 1670 4787 χαρᾶς
1693 4733 1930 4788 προσερ-

353 4800 622 4872 χομένους
644 4841 658 4864 ,
684 4801 1074 4873 παρεχώρησεν
1097 4803 1174 4874 τῷ
1199 4803 1388 4874 πλήθει
1410 4845 1425 4870 ,
1465 4807 1624 4876 μόνον
1659 4806 1750 4860 τὸν
1775 4808 1930 4877 ἆγιον

353 4895 656 4964 Κλήμεντα
696 4896 788 4947 ἐπὶ
824 4893 885 4946 τὸ
925 4893 1072 4948 θύειν
1094 4897 1138 4928 ’³
1175 4897 1514 4970 βιαζόμενος.
1564 4901 1674 4954 Καὶ
1713 4901 1929 4972 βλέπων

351 4983 534 5045 οὕτως
562 4984 838 5055 ἱδρυμένον
873 4985 929 5037 ὲν
961 4986 1146 5057 Κυρίῳ
1167 5029 1181 5053 ,
1210 4992 1302 5043 καὶ
1322 4991 1367 5022 ⁸³
1403 4992 1464 5044 τὺ
1505 4991 1732 5046 καθόλου
1768 5012 1933 5065 μετα-

352 5076 581 5142 τεθῆναι
605 5077 708 5147 ούχ
726 5073 835 5129 οἷόν
857 5093 917 5129 τε
931 5078 1020 5140 ¹⁰⁰,
1041 5078 1188 5146 λέγει
1211 5082 1228 5112 ί
1249 5085 1360 5147 τοῖς
1387 5084 1538 5149 ἰδίοις
1558 5102 1573 5117 ⁸
1605 5085 1934 5160 Ἀπαχθήτω

430 5201 461 5231 ιι
489 5187 657 5245 Exod.
687 5204 822 5244 xvn.
897 5190 925 5230 ι)
957 5189 1102 5246 Psal.
1126 5209 1247 5260 xcv,
1312 5196 1368 5251 5.

2033 4623 2380 4680 Christianos
2405 4624 2636 4680 diversis
2669 4625 2948 4695 suppliciis
2978 4641 3102 4680 cum
3146 4626 3436 4682 occidisset
3458 4668 3473 4692 ,
3510 4627 3593 4679 vi-

2031 4714 2292 4787 deretque
2333 4731 2524 4772 omnes
2563 4717 2630 4770 ad
2675 4716 2994 4787 martyrium
3045 4733 3168 4771 cum
3212 4717 3412 4788 gaudio
3437 4731 3594 4772 acce-

2031 4809 2158 4864 dere
2181 4848 2196 4873 ,
2237 4808 2402 4864 cessit
2440 4807 2810 4873 multitudini,
2843 4808 3018 4862 solum
3056 4817 3307 4864 sanctum
3339 4808 3593 4864 Clemen-a

2032 4912 2139 4958 tem
2198 4916 2398 4973 cogens
2451 4900 2518 4955 ad
2577 4901 3018 4956 sacrificandum.
3083 4899 3150 4954 Et
3205 4901 3394 4956 videns
3455 4901 3591 4957 adeo

2029 4994 2278 5050 stabilem
2319 4994 2372 5048 in
2407 4994 2659 5057 Domino,
2689 5009 2791 5048 nec
2821 4993 3046 5047 omnino
3075 5008 3236 5062 posse
3263 4994 3588 5048 asententia

2029 5086 2334 5154 dimoveri,
2363 5085 2502 5141 dixit
2544 5085 2610 5140 ad
2657 5100 2788 5140 suos
2827 5099 2840 5136 :
2881 5082 3198 5140 Abdueatur
3245 5085 3303 5140 in
3352 5084 3588 5139 medium

1661 5303 1897 5360 VARUE
1927 5303 2326 5360 LECTIONES.

445 5439 496 5512 τέ
519 5439 602 5512 βξ.
666 5439 942 5512 ἑωρακώς.

350 5511 402 5543 ⁸⁸
448 5510 789 5582 ειη-ἑστῶτα.
897 5512 942 5543 ⁸⁸
975 5513 1048 5566 al.
1087 5515 1360 5582 ἐννοήσας.

1018 5442 1064 5474 ⁸ο
1105 5441 1304 5498 ιιΙ.’τὸν
1341 5441 1492 5496 Θεόν.
1558 5441 1601 5473 ⁸¹
1639 5441 1710 5494 aI.
1763 5439 1876 5492 ἀλλ’
1938 5439 2042 5492 ἵνα.

1456 5512 1500 5542 ⁸⁷
1540 5513 1610 5565 al.
1653 5511 1929 5564 ἐθεάσατο.
2001 5510 2046 5541 ⁸⁸
2087 5509 2246 5568 idem,
2285 5513 2572 5578 κρούματι.
2611 5510 2748 5564 Cor.

3238 5441 3284 5472 ⁸⁵
3323 5440 3394 5494 al.
3459 5441 3582 5494 ἴδεν.

2784 5440 2829 5471 ⁸³
2878 5441 2948 5494 al.
3019 5443 3110 5511 γῇ.
3238 5441 3284 5472 ⁸⁵
3323 5440 3394 5494 al.
3459 5441 3582 5494 ἴδεν.

2843 5512 2886 5543 ⁸³
2926 5512 2996 5564 al.
3037 5512 3315 5564 ἔκρουσεν.
3427 5512 3472 5543 ⁸ο
3511 5512 3582 5564 al.

2145 5439 2189 5470 ⁸⁸
2219 5439 2288 5492 al.
2358 5439 2492 5510 πρὸς
2567 5439 2676 5492 τόν.
2784 5440 2829 5471 ⁸³
2878 5441 2948 5494 al.
3019 5443 3110 5511 γῇ.
3238 5441 3284 5472 ⁸⁵

2145 5525 2246 5580 em,
2285 5513 2572 5580 κρούματι.
2611 5510 2748 5564 Cor.
2843 5512 2886 5543 ⁸³
2926 5512 2996 5565 al.
3037 5512 3294 5580 ἔκρουσεν

351 5579 841 5652 ὑπερϐλυζούσαις.
921 5584 964 5614 ³⁸
999 5583 1152 5637 deest
1180 5576 1238 5636 in
1264 5584 1332 5635 al.
1375 5583 1420 5613 θ’
1446 5582 1491 5614 ³³
1520 5582 1592 5636 al.
1633 5581 1983 5650 ἐπέστρεφον.
2245 5576 2562 5652 inscendit.
2639 5581 2683 5611 ⁹⁸
2719 5581 2788 5633 al.
2822 5581 2983 5652 inser.
3013 5576 3138 5652 παρ’
3163 5580 3344 5634 αὑτοῦ.
3420 5583 3465 5613 ⁵⁵
3510 5584 3581 5634 al.

353 5629 585 5704 ἀνεῖλεν.
613 5629 631 5643 ’
664 5651 708 5685 ⁹⁷
748 5629 820 5707 ιιιῖ
852 5651 927 5706 δέ.
1005 5654 1050 5686 ³⁸
1087 5653 1156 5708 al.
1198 5651 1454 5707 ἐπιθύειν.
1534 5654 1579 5684 99
1621 5654 1769 5707 deest
1806 5629 1958 5708 iu'al.

2042 5650 2109 5682 ¹⁰⁰
2150 5650 2217 5706 al.
2266 5650 2338 5720 μὴ
2369 5649 2706 5720 βουλόμενον.
2789 5652 2802 5682 ¹
2845 5649 2971 5707 Vide
3005 5669 3060 5707 ιι.
3096 5649 3150 5719 5,
3175 5652 3416 5723 proxime
3465 5667 3580 5720 seq.
