4066 6330
574 311 682 369 655

1673 310 2017 367 APPENDIX
2052 311 2143 366 Al)
2183 311 2241 367 S.
2295 311 2739 370 CLEMENTEM.

3725 319 3822 377 656

569 433 698 486 sede
740 443 1033 486 successor
1057 429 1271 486 ﬁdelis:
1306 429 1603 488 Clementis
1628 431 1777 487 illius
1810 431 1970 501 cujus
2008 431 2117 486 huc

2253 431 2626 505 σωτηριώδεις
2651 432 2874 505 διδαχάς
2903 434 2998 488 καὶ
3027 433 3234 504 σιγῶσα
3269 435 3368 508 βοᾷ
3399 436 3662 506 γεγονὼςςῑ
3690 438 3814 479 ηδι-

570 538 744 594 usque
802 521 1093 577 universus
1134 522 1285 577 orbis
1327 523 1596 577 salutares
1641 520 1816 578 fuisse
1861 520 2144 577 doctrinas

565 615 650 670 vel
676 625 862 670 tacens
885 615 1088 670 clamat
1113 633 1126 668 :
1151 614 1467 681 Clementis,
1489 613 1584 684 qui
1609 614 1735 670 vitis
1755 614 1960 669 Christi
1983 629 2145 670 verus

564 708 774 762 exstitit
804 707 1032 777 palmes,
1072 721 1168 778 per
1194 722 1357 778 quem
1388 707 1548 764 nobis
1577 706 1843 763 doctrinae
1879 723 1985 764 uva
2019 724 2140 763 ma-

567 811 887 866 turescens,
933 801 1154 872 pietatis
1210 809 1266 855 et
1317 800 1512 857 salutis
1565 809 1809 856 mustum
1863 799 2136 856 stillavit:

561 883 883 961 Clementis,
920 909 1063 948 vera:
1088 893 1271 961 scalas,
1305 909 1429 964 qua:
1455 909 1562 947 non
1601 892 1670 949 ad
1717 893 1875 949 collis
1902 893 2142 963 alicujus

562 986 907 1042 altitudinem
933 1002 1034 1042 nos
1057 986 1258 1053 evehit,
1283 987 1378 1042 sed
1400 987 1664 1041 virtutum
1696 986 2137 1052 aseensionibus,

564 1085 825 1149 tanquam
875 1078 1134 1148 gradibus
1181 1077 1545 1148 quibusdam,
1584 1078 1652 1132 ad
1683 1078 1884 1134 caelum
1931 1087 1987 1134 et
2028 1094 2142 1134 ea:-

561 1169 718 1223 lestia
765 1184 865 1224 nos
894 1168 1138 1224 traducit
1170 1185 1185 1221 :
1215 1169 1398 1236 scalae,
1432 1183 1555 1239 quae
1597 1168 1688 1222 illa
1715 1183 1746 1223 a
1786 1165 1994 1223 Jacobo
2022 1167 2140 1225 visa

560 1275 910 1330 nequaquam
940 1258 1168 1314 inferior
1210 1269 1295 1316 est
1326 1272 1390 1328 al;
1435 1276 1534 1316 nec
1562 1259 1804 1315 ostendit
1835 1261 1996 1315 nobis
2033 1275 2137 1314 an-

559 1353 710 1423 gelos
733 1368 827 1424 per
849 1368 970 1408 eam
997 1353 1357 1408 ascendentes
1373 1368 1440 1408 ac
1460 1353 1856 1408 descendentes
1873 1395 1888 1419 ,
1915 1352 2011 1408 sed
2039 1352 2138 1406 ho-

561 1445 766 1497 minum
787 1444 1002 1498 animas
1021 1442 1221 1498 divinis
1242 1443 1479 1497 maxime
1492 1440 2137 1506 admonitionibus,velut

555 1552 586 1591 e
615 1537 874 1606 gradibus
908 1537 962 1591 in
989 1535 1190 1607 gradus
1213 1551 1311 1606 per
1340 1536 1572 1590 virtutes
1602 1533 1672 1589 ad
1703 1532 1874 1588 Deum
1899 1532 2130 1588 inducit.

627 1625 712 1681 ΙΙΙ.
755 1627 926 1696 Cujus
956 1627 1177 1697 quidem
1211 1625 1543 1680 miraculum
1576 1641 1705 1680 eum
1735 1640 1846 1680 non
1876 1624 2134 1680 didiceri-

2249 521 2566 592 Κλήμεντος
2616 523 2711 577 τοῦ
2774 523 3009 596 ἀληθοῦς
3076 526 3350 598 κλήματος
3415 527 3514 598 τῆς
3583 527 3820 598 ἀμπέλου

2246 612 2506 684 Χριστοῦ,
2539 614 2607 668 δι’
2641 610 2704 670 οὑ
2729 617 2865 687 ἡμῖν
2895 619 2924 670 ό
2951 617 3051 688 τῆς
3090 615 3441 680 διδασκαλίας
3468 616 3665 688 βότρυς
3693 635 3817 690 περ·

2245 706 2440 770 κάσας,
2470 706 2700 776 γλεῦκος
2743 707 3024 773 εὐσεϐείας
3049 709 3144 764 καὶ
3187 709 3462 782 σωτηρίας
3500 709 3814 778 ἐστάλαξεν·

2245 797 2581 868 Κλήμεντος,
2610 800 2713 870 τῆς
2733 799 2967 872 ἀληθοῦς
2995 801 3285 872 κλίμακος,
3313 801 3412 873 τῆς
3438 801 3500 854 οὑ
3527 802 3666 875 πρὸς
3689 801 3816 873 γεὼ·

2243 888 2406 960 λοφόν
2444 907 2498 943 τι
2527 889 2661 959 ὕψος
2704 891 3161 963 ὲπαναγαγούσης
3205 891 3372 963 ἡμᾶς,
3402 891 3538 946 ἀλλά
3574 895 3693 956 ταῖς
3718 893 3817 946 τῶν

2242 981 2453 1053 ἀρετῶν
2484 981 2836 1049 ἀναϐάσεσιν,
2867 983 3057 1056 ῶσπερ
3084 984 3195 1038 τισὶ
3221 983 3466 1054 βαθμίσι,
3497 983 3637 1056 πρὸς
3663 984 3816 1059 οὑρα-

2240 1074 2330 1129 νόν
2351 1091 2410 1127 τε
2431 1076 2525 1129 καὶ
2545 1074 2615 1127 τά
2638 1076 2866 1146 οὑράνια
2885 1078 3031 1147 ἡμᾶς
3055 1075 3477 1148 διαϐιϐαζούσης
3496 1092 3510 1106 ο
3537 1075 3812 1148 κλίμακος,

2243 1165 2340 1218 καὶ
2382 1167 2484 1238 τῆς
2539 1166 2734 1220 Ἰακὼϐ
2779 1167 3073 1241 ὁραθείσης
3121 1167 3280 1221 οὐδὲν
3323 1166 3679 1238 ἀποδεούσης,
3723 1169 3812 1221 οὑκ

2238 1257 2506 1326 ἀγγέλους
2535 1257 2600 1311 δι’
2624 1257 2796 1330 αὐτῆς
2825 1258 3076 1322 ἀνιόντας
3103 1258 3198 1312 καὶ
3228 1257 3517 1321 κατιόντας
3550 1260 3683 1329 ἡμῖν
3717 1257 3814 1311 δει-

2237 1349 2531 1420 κνυούσης,
2583 1347 2720 1403 ἀλλά
2771 1348 3075 1422 ἀνθρώπων
3120 1347 3300 1420 ψυχὰς
3345 1350 3470 1412 ταῖς
3517 1349 3812 1415 θειοτάταις

2237 1439 2646 1509 παραινέσεσιν,
2679 1439 2756 1503 ὡς
2786 1441 2850 1493 ἐκ
2881 1439 3104 1511 βαθμῶν
3136 1440 3217 1503 είς
3241 1438 3485 1512 βαθμοὺς
3513 1439 3581 1494 δι’
3608 1440 3812 1512 ἀρετῶν

2233 1529 2312 1602 τῷ
2342 1530 2463 1602 Θεῷ
2490 1547 2742 1600 συνεισφε
2751 1530 2967 1603 ρούσης.

2305 1625 2398 1677 ΙΙΙ.
2424 1623 2647 1686 υῦτινος
2668 1623 2734 1695 δὴ
2762 1623 2822 1676 τὸ
2845 1623 3032 1696 θαῦμα
3057 1622 3134 1696 μὴ
3161 1622 3441 1696 μαθόντες,
3467 1617 3513 1677 ὦ
3534 1623 3810 1680 κάλλιπεν

557 1716 646 1781 tis,
677 1731 710 1770 o
754 1717 1126 1786 pulcherrime
1173 1726 1228 1771 et
1270 1715 1589 1772 ﬁdelissime
1617 1725 1816 1783 emtas,
1863 1715 2027 1786 quale
2060 1715 2120 1771 sil

2233 1715 2331 1769 καὶ
2375 1715 2694 1770 πιστότατον
2747 1715 3050 1787 ἄθροισμα,
3095 1715 3194 1770 καὶ
3237 1710 3346 1769 οἷόν
3393 1716 3512 1768 ἐστι
3555 1717 3649 1768 καὶ
3695 1716 3810 1771 ὅσον

554 1818 608 1863 et
633 1819 899 1879 quantum
924 1808 1136 1876 audire,
1165 1817 1427 1880 tanquam
1458 1809 1674 1880 pietatis
1701 1817 1969 1876 amantes,
1993 1823 2120 1863 con-

2233 1806 2548 1878 ἀκηκοέναι,
2571 1806 2648 1870 ὼς
2670 1805 3028 1877 φιλευσεϐείς,
3055 1805 3407 1876 ἀγωνίζεσθε,
3433 1806 3529 1861 καὶ
3552 1823 3810 1878 προσκιρ-

555 1904 779 1970 tendite,
811 1912 865 1958 et
906 1904 973 1958 ad
1005 1917 1313 1958 sermonem
1353 1902 1643 1967 exsultate,
1674 1917 1738 1957 ac
1773 1917 1937 1958 aures
1973 1901 2133 1956 incli-

554 2004 700 2060 nate,
731 2004 894 2065 atque
929 2004 1171 2049 nostram
1221 2005 1481 2050 accusate
1520 1993 1831 2050 tarditatem
1869 2013 1885 2050 :
1927 1995 2129 2050 etenim

551 2089 618 2144 de
661 2089 766 2144 hoc
809 2087 1022 2160 gaudeo
1074 2101 1088 2137 :
1144 2095 1377 2153 tantum,
1429 2101 1605 2156 usque
1651 2085 1719 2140 ad
1758 2084 1921 2139 linem
1969 2085 2127 2154 mihi,

551 2192 760 2247 qumso,
811 2177 894 2233 sic
934 2185 1204 2231 attentum
1247 2185 1460 2231 servate
1508 2177 1777 2241 animum,
1809 2191 1910 2230 nec
1935 2176 2129 2232 sinatis

550 2272 792 2340 aliquam
857 2270 1024 2340 hujus
1085 2268 1210 2324 vita:
1260 2285 1444 2324 rerum
1500 2268 1890 2341 cogitationem
1942 2269 2128 2324 subire

550 2372 788 2417 mentem
832 2371 1094 2428 vestram,
1138 2371 1192 2417 et
1226 2361 1562 2416 alacritatem
1609 2360 1856 2416 emollire
1887 2375 1903 2414 :
1933 2376 2124 2416 verum

547 2452 794 2524 vigilanti
827 2452 1102 2508 intellectu
1134 2467 1198 2508 ac
1229 2467 1395 2508 sensu
1426 2467 1540 2506 rem
1576 2452 1808 2508 lidcliter
1841 2451 2122 2523 suscipite.

547 2543 624 2600 lta
647 2555 828 2600 autem
854 2545 1035 2600 habet.

618 2637 709 2694 IV.
745 2638 1044 2709 Postquam
1078 2639 1375 2708 prteclarus
1411 2649 1466 2696 et
1488 2641 1842 2697 beatissimus
1869 2640 2123 2700 Clemens

545 2731 811 2787 doctrina:
839 2743 1004 2802 atque
1033 2733 1378 2803 apostolatus
1414 2750 1637 2790 cursum
1675 2735 2015 2806 perfecisset,
2058 2752 2124 2793 ac

545 2845 576 2883 e
602 2828 766 2884 rebus
789 2827 1046 2882 humanis
1073 2842 1168 2896 per
1193 2827 1440 2899 martyrii
1465 2829 2000 2885 consummationem
2025 2845 2122 2886 ex-

545 2920 836 2985 cessisset;
863 2919 1006 2974 sicut
1031 2927 1086 2974 et
1119 2919 1256 2973 liber
1281 2919 1503 2988 gloriosi
1528 2920 1648 2991 ejus
1674 2923 1921 2994 martyrii
1941 2923 2122 2980 decla-

543 3016 648 3073 rat,
681 3021 844 3076 quem
875 3021 906 3060 a
932 3005 1091 3060 vobis
1129 3021 1238 3062 non
1272 3007 1512 3077 ignorari
1541 3025 1868 3078 persuasum
1900 3012 2116 3082 habeo;

2231 1902 2359 1954 τᾶτε
2394 1898 2488 1952 τοῦ
2525 1899 2706 1969 λόγου,
2738 1902 2833 1954 καὶ
2861 1901 2962 1973 τὴν
3007 1899 3180 1970 ἀκοὴν
3210 1899 3550 1964 ὑποκλίνετε,
3597 1900 3694 1954 καὶ
3720 1899 3809 1971 τῆς

2233 1991 2563 2065 βραδυτῆτος
2592 1993 2748 2065 ήμῶν
2775 1991 3234 2065 καταμέμφεσθε·
3265 1992 3445 2065 χαίρω
3485 1992 3531 2046 δ’
3573 1987 3670 2046 οῦν
3694 1992 3810 2046 τοὺ-

2229 2096 2324 2133 του
2372 2079 2565 2134 ἕνεκα·
2622 2081 2801 2152 μόνον,
2853 2082 3014 2153 μέχρι
3063 2081 3251 2146 τέλους
3303 2099 3432 2154 μοι,
3484 2082 3806 2156 παρακαλῶ,

2229 2171 2402 2237 οὑτως
2435 2173 2838 2246 συντεταμένην
2867 2176 3144 2246 τηρήσατε
3179 2174 3279 2246 τὴν
3309 2174 3571 2240 διάνοιαν,
3602 2175 3699 2230 καὶ
3735 2175 3806 2247 μή

2227 2281 2348 2318 τινα
2403 2264 2652 2336 βιωτικδν
2686 2265 2945 2338 λογισμὸν
2989 2266 3068 2338 τῷ
3111 2266 3189 2338 νῷ
3243 2267 3399 2338 ὑμῶν
3445 2266 3804 2334 ὑπεισελθεῖν,

2227 2358 2323 2412 καὶ
2363 2359 2426 2412 τὸ
2451 2359 2728 2432 πρόθυμον
2758 2358 3034 2432 χαυνῶσαι
3065 2361 3298 2432 ἐάσητε·
3332 2359 3448 2413 ἀλλ’
3486 2358 3807 2432 ἐγρηγορότι

2225 2451 2471 2524 λογισμῷ
2518 2452 2614 2506 καλ⁵
2659 2453 2965 2524 φρονήματι
2998 2451 3158 2505 τοῦτο
3199 2453 3408 2516 πιστῶς
3453 2451 3803 2520 ὑποδέξασθε.

2228 2548 2414 2602 Ἔστιν
2451 2547 2510 2600 δὲ
2537 2546 2728 2611 οὑτως.

2294 2640 2386 2696 IV.
2434 2639 2542 2694 Τοῦ
2585 2641 2831 2712 ἀοιδίμου
2880 2639 2973 2693 καὶ
3021 2639 3439 2711 μακαριωτάτου
3489 2639 3805 2711 Κλήμεντος

2221 2734 2312 2790 τὸν
2334 2736 2432 2807 τῆς
2454 2735 2798 2797 διδασκαλίας
2823 2735 2918 2789 καὶ
2947 2733 3247 2805 ἀποστολῆς
3272 2733 3468 2804 δρόμον
3491 2733 3804 2787 ἐκτελέσαν-

2222 2846 2332 2893 τος,
2359 2828 2454 2882 καὶ
2479 2829 2587 2882 τῶν
2613 2829 2739 2900 τῇδε
2764 2826 2853 2882 διά
2874 2827 2972 2898 τῆς
3009 2826 3106 2879 τοῦ
3149 2826 3450 2898 μαρτυρίου
3475 2825 3804 2891 τελειώσεως

2227 2921 2768 2995 μετακεχωρηκότοςο
2810 2920 2886 2983 ὡς
2910 2920 3003 2974 καὶ
3027 2920 3060 2990 ή
3088 2917 3182 2972 τοῦ
3226 2919 3439 2985 ἐνδόξου
3468 2909 3635 2972 αὑτοῦ
3669 2937 3804 2991 μαρ-

2221 3018 2407 3090 τυρίου
2450 3015 2629 3086 βίϐλος
2676 3014 2997 3085 δεδήλωκεν,
3045 3013 3112 3083 ἦν
3144 3012 3218 3084 μὴ
3256 3013 3468 3081 ἀγνοεῖν
3517 3013 3665 3083 ὑμᾶς
3708 3013 3803 3066 πέ-

543 3114 892 3168 nequaquam
941 3097 1153 3168 justum
1195 3114 1317 3153 esse
1356 3100 1620 3170 judicavit
1673 3103 1972 3173 Dominus,
2024 3108 2116 3178 qui

2223 3126 2451 3181 πεισμαι
2467 3124 2479 3138 ·
2505 3107 2567 3161 οὑ
2589 3106 2797 3160 δίκαιον
2822 3105 3082 3178 κέκρικεν
3107 3107 3134 3158 ό
3157 3104 3395 3170 δοξάζων
3417 3104 3541 3168 τοὺς
3565 3103 3805 3169 δοξάζον-

543 3190 911 3259 gloriﬁcantes
938 3190 1116 3258 ipsum
1145 3190 1414 3260 glorilicat
1440 3193 1491 3258 δ,
1540 3209 1651 3249 non
1682 3195 1926 3252 vicissim
1956 3199 2120 3267 glori-

543 3277 707 3334 ﬁcare
732 3279 884 3332 illum
910 3318 925 3343 ,
956 3278 1051 3349 qui
1081 3295 1183 3349 pre
1214 3296 1402 3336 amore
1447 3297 1577 3355 erga
1612 3301 1738 3340 eum
1766 3287 1846 3342 sic
1873 3289 2121 3344 decerta-

540 3381 729 3437 verat;
763 3371 873 3424 imo
907 3371 1197 3425 admodum
1227 3371 1531 3442 gloriﬁcare
1552 3384 1606 3430 et
1630 3392 1887 3446 magnum
1918 3378 2117 3449 facere,

539 3473 777 3528 eumque
821 3467 881 3513 ut
926 3459 980 3513 in
1023 3459 1162 3514 cmlo
1193 3461 1424 3531 angelis,
1465 3463 1538 3518 ita
1566 3465 1656 3520 hic
1687 3483 1908 3538 quoque
1939 3470 2119 3525 homi-

541 3550 705 3606 nibus
750 3550 1120 3607 clarissimum
1159 3555 1407 3624 reddere,
1446 3573 1542 3628 per
1579 3559 1972 3618 miraculorum
2017 3565 2118 3620 de-

539 3639 990 3698 monstrationem
1014 3685 1028 3712 ,
1082 3653 1137 3700 et
1173 3648 1412 3705 maxime
1440 3653 1808 3708 venerandum
1837 3657 2115 3712 :miracu-

538 3734 741 3800 lorum,
771 3750 1005 3804 quorum
1051 3736 1272 3806 quidem
1305 3754 1462 3795 mens
1500 3742 1937 3812 magnitudinem
1963 3762 2116 3801 com-

538 3827 876 3898 prehendere
931 3843 1039 3882 non
1087 3828 1268 3894 valet,
1318 3845 1421 3885 nec
1475 3834 1656 3888 oratio
1703 3835 2112 3894 multitudinem

536 3921 738 3987 dicere,
781 3936 882 3977 nec
910 3939 1108 3980 manus
1135 3939 1364 3979 exarare
1395 3925 1745 3982 inﬁnitatem.
1782 3927 1852 3983 Ut
1883 3945 2015 3999 ergo
2043 3947 2112 3987 ex

538 4014 747 4069 ﬁmbria
777 4032 1038 4086 pannum,
1063 4016 1220 4083 juxta
1249 4019 1619 4086 proverbium,
1651 4020 1791 4076 intra
1821 4038 1918 4078 vos
1947 4041 2109 4094 repu-

535 4114 682 4181 tetis,
713 4113 764 4168 id
791 4112 934 4184 quod
959 4113 1186 4183 promisi
1214 4113 1469 4168 narrabo.

605 4208 672 4263 ν.
699 4207 838 4262 Cum
861 4206 1208 4262 veneratione
1244 4207 1627 4278 dignissimum
1651 4224 1852 4279 corpus
1873 4210 2109 4266 sanctis-

535 4299 658 4355 simi
695 4299 952 4370 martyris
996 4297 1295 4353 Clementis
1345 4299 1399 4352 in
1448 4300 1784 4369 profundum
1829 4303 2001 4357 maris
2037 4303 2107 4358 ab

533 4393 716 4462 impiis
759 4392 867 4448 illis
908 4390 1218 4446 idololatris
1246 4391 1548 4461 projectum
1594 4392 1810 4463 fuisset,
1855 4397 2101 4468 illudque

2219 3220 2316 3266 τας
2339 3199 2498 3254 αὑτὸν
2526 3197 2750 3271 Κύριος,
2804 3197 2878 3270 μὴ
2926 3194 3273 3261 ἀντιδοξάσαι
3316 3197 3408 3251 τὸν
3448 3197 3622 3260 οὑτως
3663 3197 3804 3269 ὑπὲρ

2218 3296 2318 3367 τῆς
2341 3295 2420 3358 είς
2448 3293 2610 3347 αὑτὸν
2638 3293 2859 3362 ἀγάπης
2883 3290 3290 3362 ἀγωνισάμενον
3309 3307 3322 3320 ·
3357 3289 3492 3344 ἀλλά
3515 3289 3612 3343 καὶ
3635 3291 3803 3362 ὑπερ-

2218 3385 2437 3452 δοξάσαι
2463 3386 2558 3440 καὶ
2593 3384 2912 3456 μεγαλῦναι,
2948 3386 3042 3438 καὶ
3068 3384 3144 3447 ὡς
3168 3383 3227 3436 ὲν
3250 3381 3465 3453 οὐρανῷ
3492 3384 3604 3445 τοῖς
3633 3382 3802 3450 ἀγγέ-

2217 3479 2349 3544 λοις,
2393 3477 2535 3532 οὕτω
2583 3478 2862 3532 κάνταῦθα
2899 3481 3013 3541 τοῖς
3061 3474 3374 3549 ἀνθρώποις
3419 3473 3802 3546 λαμπρότατον

2217 3574 2378 3630 αὑτὸν
2403 3572 2761 3644 καταστῆσαι,
2791 3571 2881 3626 διά
2911 3572 3012 3643 τῆς
3039 3569 3148 3624 τῶν
3193 3568 3648 3642 θαυματουργιῶν
3677 3569 3798 3622 ἑπι-

2216 3667 2467 3734 δείξεως,
2519 3666 2614 3720 καὶ
2663 3662 3124 3736 αίδεσιμώτατον·
3179 3659 3674 3734 θαυματουργιῶν,
3723 3653 3801 3711 ὧν

2214 3760 2339 3823 νοῦς
2369 3760 2467 3831 μὲν
2507 3757 2568 3812 τὸ
2614 3757 2845 3829 μέγεθος
2890 3755 3139 3827 ἐννοῆσαι
3182 3754 3383 3816 ἀτονεῖ,
3434 3751 3592 3820 λόγος
3635 3751 3691 3804 δὲ
3738 3751 3802 3804 τὸ

2215 3852 2415 3924 πλῆθος
2439 3853 2632 3916 εἰπεῖν,
2678 3851 2774 3904 καὶ
2809 3849 2932 3921 χεὶρ
2955 3845 3282 3918 διαχαράξαι
3312 3845 3376 3898 τὸ
3415 3844 3644 3916 ἄπειρον
3663 3860 3678 3874 ο
3707 3844 3800 3899 ἵνα

2212 3940 2304 3999 οῦν
2337 3947 2399 3997 ὲκ
2424 3942 2518 3997 τοῦ
2547 3940 2856 4014 κρασπέδου
2884 3939 2946 3992 τὸ
2970 3937 3196 4008 ὕφασμα
3233 3938 3280 3968 ⁸⁸
3311 3933 3451 4007 μετὰ
3473 3934 3574 4007 τὴν
3603 3951 3800 4006 παίοι-

2216 4037 2344 4110 μίαν
2375 4034 2591 4106 γνοίητε
2621 4035 2678 4088 ὲν
2705 4033 2859 4102 ὑμῖν,
2889 4029 2917 4084 ὃ
2947 4030 3041 4083 καὶ
3066 4028 3382 4100 ὑπεσχόμην
3409 4027 3759 4100 διηγήσομαι.

2286 4213 2347 4270 ν.
2375 4213 2480 4267 Τοῦ
2509 4211 2817 4266 πανσέπτου
2840 4206 3093 4277 λειψάνου
3120 4185 3215 4258 τοῦ
3246 4202 3502 4258 πανοσίου
3533 4204 3796 4276 ίερομάρ-

2207 4330 2370 4384 τυρος
2397 4310 2714 4381 Κλήμεντος
2755 4309 2812 4360 ὲν
2839 4304 2917 4375 τῷ
2941 4304 3040 4374 τῆς
3079 4301 3354 4373 θαλάσσης
3392 4300 3796 4372 ἀπορριφέντος

2211 4406 2357 4479 βυθῷ
2381 4404 2530 4477 παρά
2552 4403 2659 4456 τῶν
2684 4401 2858 4455 ἀθέων
2881 4397 3102 4452 ἐκείνων
3125 4393 3549 4466 εἰδωλολατρῶν,
3577 4393 3792 4448 καὶτοῦ

530 4484 835 4554 excepisset
870 4485 1131 4554 templum
1157 4482 1212 4537 in
1240 4483 1511 4554 profundo
1543 4501 1572 4540 a
1609 4485 1717 4541 Deo
1747 4488 2100 4562 aediﬁcatum,

2223 4518 2264 4554 ιν
2295 4496 2442 4570 βυθῷ
2471 4495 2765 4566 θεοδμήτου
2809 4491 2939 4547 ναοῦ
2983 4489 3142 4544 τοῦτο
3189 4487 3612 4560 ὑποδεξαμένου,
3658 4488 3793 4542 θαυ-

533 4576 622 4629 hic
643 4590 861 4644 quoque
900 4575 1199 4629 maximum
1230 4575 1342 4630 edit
1377 4577 1706 4632 miraculum
1748 4579 1890 4635 Deus
1927 4581 2104 4635 admi-

529 4667 808 4721 rabilium.
847 4665 962 4722 lloe
991 4667 1135 4722 enim
1171 4667 1336 4736 facto,
1367 4684 1494 4723 cum
1545 4669 1798 4741 discipuli
1843 4673 1962 4743 ejus
1995 4690 2103 4729 una

528 4775 655 4815 cum
691 4758 938 4813 ﬁdelibus
975 4758 1069 4828 qui
1103 4759 1214 4815 illic
1253 4769 1414 4814 erant
1456 4763 1910 4832 lamentarentur,
1943 4775 1998 4821 et
2043 4777 2104 4823 ut

525 4852 903 4912 sanctissimas
931 4852 1312 4924 gloriosissimi
1363 4855 1662 4911 Clementis
1709 4856 1972 4927 reliquias
2020 4861 2102 4916 eis

525 4946 862 5010 ostenderet,
912 4945 1058 5014 quod
1102 4954 1157 5000 et
1201 4945 1404 5001 factum
1450 4957 1565 5013 est,
1603 4948 1772 5004 Deum
1821 4953 2096 5023 supplices

523 5046 815 5110 rogarent:
863 5034 1113 5105 protinus
1157 5037 1485 5094 immensum
1520 5041 1652 5096 illud
1687 5044 1916 5116 pelagus
1949 5045 2096 5101 desi-

2210 4594 2509 4667 ματουργεῖ
2539 4607 2592 4643 τι
2626 4588 2878 4660 μέγιστον
2923 4582 3199 4638 κάνταῦθα
3243 4582 3272 4634 ό
3315 4581 3424 4636 τῶν
3470 4581 3793 4654 θαυμασίων

2205 4689 2357 4752 Θεός.
2387 4684 2586 4739 Τούτου
2615 4682 2724 4754 γὰρ
2753 4677 3056 4749 γεγονότος,
3083 4677 3177 4730 καὶ
3201 4676 3309 4728 τῶν
3339 4675 3598 4746 μαθητῶν
3620 4673 3790 4729 αὑτοῦ

2207 4783 2304 4836 σὺν
2330 4780 2437 4834 τῶν
2465 4780 2642 4832 ἐκεῖσε
2671 4772 2876 4827 πιστῶν
2904 4771 2948 4802 ’ί
2983 4769 3343 4842 ὀδυρομένων,
3382 4767 3552 4833 δεῖξαί
3577 4785 3637 4822 τε
3660 4767 3791 4821 τοῦ-

2203 4889 2316 4935 τοις
2338 4871 2398 4924 τὸ
2426 4867 2581 4922 πανίε
2591 4881 2679 4937 ρον
2702 4863 2950 4933 λείψανον
2975 4857 3068 4912 τοῦ
3099 4857 3420 4923 πανενδόξου
3445 4857 3788 4928 Κλήμεντος,

2203 4961 2233 5014 ὃ
2257 4979 2309 5013 τι
2338 4959 2431 5013 καὶ
2457 4957 2668 5026 γέγονε,
2700 4952 2835 5025 πρὸς
2878 4949 3014 5003 Θεὸν
3046 4946 3416 5010 ἱκετευόντων,
3449 4945 3696 5018 παρευθὺ
3723 4945 3790 4998 τδ

2203 5051 2428 5122 ἄπειρον
2454 5049 2628 5101 έκεῖνο
2655 5045 2890 5113 πέλαγος
2928 5038 3274 5110 ὑπολοφῆσαν
3308 5039 3403 5093 καὶ
3432 5039 3510 5103 είς
3537 5039 3789 5093 τούπίσω

522 5144 673 5188 stens
697 5145 762 5184 ac
789 5129 1156 5193 retrocedens,
1187 5130 1363 5185 eﬁ‘ccit
1390 5141 1451 5186 ut
1477 5133 1654 5203 ipsum
1679 5138 1841 5192 etiam
1869 5140 2098 5209 profun-

2223 5144 2551 5205 ιναποδὶσαν,
2593 5138 2859 5210 εἰσιτητὸν
2895 5136 2990 5190 καὶ⁵
3037 5133 3197 5188 αὐτὸν
3234 5132 3324 5186 τὸν
3355 5131 3515 5204 βυθὸν
3543 5136 3656 5196 τοῖς
3693 5133 3789 5185 εὑ·-

519 5225 652 5280 dum
695 5240 725 5278 a
764 5224 870 5294 piis
909 5222 1051 5278 adiri
1093 5232 1275 5292 posset
1316 5239 1492 5294 usque
1533 5226 1598 5281 ad
1642 5229 1747 5283 tria
1809 5232 2090 5292 milliaria.

522 5317 709 5387 itaque
741 5316 994 5387 ingressi,
1037 5315 1363 5371 invenerunt
1390 5317 1615 5374 domum
1657 5321 1712 5376 in
1742 5325 1915 5394 tigura
1947 5336 2086 5383 tem-

592 5441 619 5470 ι
644 5428 779 5485 Gen.
811 5444 1004 5496 xxvut,
1036 5429 1120 5483 12.
1178 5427 1248 5484 δι
1276 5427 1409 5500 Reg.
1436 5444 1498 5495 ll,
1524 5429 1613 5486 50.

2201 5238 2384 5292 σεϐέσι
2410 5234 2725 5306 πεποίηκεν,
2755 5232 2881 5303 ἄχρι
2915 5227 3103 5301 μιλίων
3127 5226 3312 5298 τριῶν.
3341 5226 3453 5280 Καὶ
3498 5224 3562 5298 δὴ
3601 5225 3785 5279 είσελο

2201 5330 2384 5392 θόντες
2425 5322 2581 5398 εῦρον
2611 5328 2666 5380 ἐν
2711 5326 2947 5396 σχήματι
2995 5315 3124 5371 ναοῦ
3156 5318 3501 5389 μαρμαρίνου
3547 5317 3780 5388 οἴκημα,

1798 5505 2033 5562 νΑῐίῐίΕ
2074 5508 2482 5566 LECTIONES.

561 5593 717 5673 .”-"
749 5593 798 5673 fi
829 5595 1110 5673 γεγονέναι
1134 5595 1214 5673 vel
1243 5595 1543 5673 γεγονυίας.
1586 5596 1928 5673 "MOratione
1970 5605 2037 5656 de
2071 5603 2332 5671 Gregorio
2366 5602 2774 5672 Thaumalnrgo
2807 5601 3104 5673 Gregm'ills
3141 5599 3446 5673 __N}'55“““5_
3480 5595 3627 5653 Cir“
3658 5612 3774 5673 "‘9‘

519 5664 668 5748 riintn
697 5682 710 5716 :
749 5665 834 5728 Ὡς
868 5664 954 5748 ἀν,
985 5667 1125 5722 κατὰ
1157 5667 1255 5737 τὴν
1289 5668 1603 5748 παροιμίαν,
1631 5668 1749 5724 ὅλον
1779 5673 1907 5744 ἡμῖν
1935 5674 2155 5747 γένηται
2181 5664 2486 5746 incusavi;
2519 5675 2581 5727 ἐκ
2605 5673 2696 5728 τοῦ
2710 5664 3029 5745 νκρασπέδου
3045 5672 3105 5726 τὸ
3138 5664 3380 5742 ὕφασμα.
3408 5669 3544 5726 Cor.
3588 5672 3629 5703 ²¹
3659 5669 3774 5734 τοῖς

521 5737 694 5788 ἐκεῖσε
724 5741 948 5802 πιστοῖς.
