4066 6330
287 288 395 346 657

830 294 1136 350 EPIIRAIM
1175 294 1566 352 CIIERSONIS
1602 295 1931 351 ARCIIIEI’.
1973 296 2057 352 DF
2090 297 2456 375 ‘MIRACULO
2483 300 2541 355 S.
2582 300 2985 360 CLEMENTIS.

3439 310 3542 366 638

289 414 391 467 καὶ
432 414 619 468 αὑτόθι
653 415 715 492 εν
743 414 887 486 σορῷ
913 415 1087 491 λιθίνῃ
1124 417 1183 472 τὺ
1226 419 1492 487 πανάγιον
1534 420 1629 472 καὶ
1658 416 1866 484 ἔνδοξον

1989 420 2045 475 )1ἰ
2080 420 2409 487 marmorei,
2453 428 2507 475 et
2534 420 2650 476 illic
2693 422 2748 476 in
2780 436 2945 492 capsa
2981 420 3194 491 lapidea
3239 422 3540 490 repositum

291 489 719 575 ἁποτεθειμένόν
745 505 837 559 τοῦ
870 489 1143 579 μάρτυρος
1173 506 1441 577 λείψανονῖ
1471 501 1567 571 Οἷς
1593 504 1722 578 ἆραι
1749 507 1871 578 βου-

292 595 545 666 λομένοις
568 597 628 649 τὸ
655 597 923 667 πανὰγιον
949 602 1012 653 ἐκ
1035 598 1128 653 τοῦ
1155 599 1318 669 βυθοῦ
1356 599 1622 669 λείψανον,
1659 599 1874 671 νύκτωρ

296 688 529 752 ἐπιστάς
554 689 764 754 τούτοις
785 691 813 742 ό
841 692 1013 760 ἅγιος,
1053 691 1251 745 οὑτωσὶ
1274 690 1611 763 διηγόρευσε·
1657 690 1731 743 Τὸ
1777 691 1875 761 μὲν

294 780 553 851 λείψανον
591 778 719 854 ἆραι
747 784 820 855 μὴ
844 784 1028 855 δόξητε
1055 799 1070 813 ·
1096 784 1391 856 χαρίζομαι
1415 785 1471 837 δὲ
1515 785 1644 855 ὑμῖν
1671 784 1875 853 ταύτην

294 876 401 946 τὴν
424 876 603 946 χάριν,
629 878 693 929 ἵν’
720 878 931 948 ἑκάστῳ
949 878 1123 949 χρόνῳ
1146 880 1202 930 ὲν
1224 881 1289 949 τῇ
1316 879 1413 949 τῆς
1438 877 1574 947 ἐμῆς
1596 876 1875 947 ἀθλήσεως

298 967 487 1038 ἡμέρα
513 969 604 1021 ἐπὶ
627 968 765 1021 ἑπτά
786 970 997 1041 ἡμέρας
1022 970 1319 1040 ὑποχωρῶν
1342 970 1370 1021 ὁ
1398 969 1575 1039 βυθὸς,
1596 968 1683 1021 διὰ
1706 968 1876 1039 ξηρᾶς

300 1061 594 1125 πεζεύειν,
650 1062 841 1133 μέχρις
889 1056 992 1116 ὧδε
1045 1060 1649 1134 παρασκευασθήσεται.
1681 1061 1791 1113 Καὶ
1847 1062 1876 1114 ό

299 1152 461 1221 λόγος
484 1154 642 1226 ἔργον
666 1156 897 1224 ἐγένετο.
934 1156 1158 1208 Ἐκτοτε
1186 1153 1483 1225 γὰρμέχρι
1508 1153 1606 1223 τῆς
1640 1153 1876 1223 σήμερον

301 1247 520 1316 ἑκάστῳ
547 1246 723 1317 χρόνῳ
770 1245 829 1298 τὸ
869 1244 1178 1317 θαυμαστὸν
1214 1245 1371 1298 τοῦτο
1410 1244 1644 1297 τελεῖται
1688 1242 1878 1314 θεουρ-

299 1338 474 1407 γικῶς
507 1339 739 1409 μεγαλού
749 1356 848 1411 ργη
860 1357 951 1409 μα.

378 1428 467 1482 VI.
507 1429 571 1480 Τί
600 1428 757 1481 τοῦτο
795 1427 891 1480 τοῦ
922 1426 1166 1490 Μωσέως
1210 1425 1487 1498 θαύματος
1513 1425 1874 1498 ἁτιμότερον;

301 1520 367 1571 Τί
390 1520 446 1573 δὲ
467 1519 563 1572 τοῦ
601 1519 899 1572 Ἐλισσαίου
924 1518 1236 1588 άδοξότερόν
1260 1535 1317 1570 τε
1343 1518 1435 1570 καὶ
1457 1516 1837 1588 ταπεινότερον
1861 1532 1876 1581 ;

300 1608 437 1662 πολὺ
471 1610 569 1679 μὲν
593 1605 684 1662 οὖν
727 1626 790 1677 γε
821 1608 1154 1679 ἐνδοξότερόν
1189 1625 1249 1660 τε
1295 1609 1388 1661 καὶ
1429 1607 1777 1679 ὑψηλότερον.
1822 1607 1879 1662 '0

306 1705 405 1775 μὲν
430 1704 540 1773 γὰρ
568 1703 747 1773 ῥάϐδῳ
774 1702 868 1755 καὶ
896 1700 1000 1764 ζῶν
1029 1702 1121 1754 καὶ
1145 1698 1289 1765 ἅπαξ
1314 1700 1413 1771 τὴν
1450 1700 1722 1753 θάλασσαν
1758 1699 1877 1752 δια-

303 1798 515 1867 σχίσας,
543 1794 725 1865 τρίϐον
754 1794 843 1847 τὸν
873 1794 1031 1864 βυθὸν
1060 1794 1432 1863 ἀπειργάσατο
1452 1808 1466 1823 ο
1489 1795 1516 1846 ὁ
1535 1793 1591 1846 δὲ
1620 1791 1880 1855 ὡσαύτως

298 1891 364 1957 τῇ
417 1886 639 1958 μηλωτῇ
683 1885 773 1938 τὸν
825 1884 1094 1955 Ἰορδάνην
1142 1882 1346 1954 τεμὼν,
1394 1882 1541 1948 ἅπαξ
1586 1883 1681 1935 καὶ
1726 1877 1879 1945 οὗτος

299 1979 457 2031 τοῦτο
500 1976 1085 2047 τεθαυματούργηκενο
1116 1975 1197 2038 εἰς
1238 1974 1336 2045 τὴν
1382 1974 1655 2046 προτέραν
1697 1975 1878 2045 ἀμφο-

300 2070 473 2140 τέρων
514 2069 618 2121 τῶν
661 2069 888 2131 ὑδάτων,
928 2067 1065 2139 μετὰ
1090 2066 1185 2138 τὴν
1208 2066 1476 2129 διάϐασιν,
1506 2068 1666 2136 φύσιν
1710 2085 1879 2120 κατα-

304 2163 563 2223 στάντων,
595 2161 687 2213 καὶ
714 2158 910 2230 μηκέτι
938 2158 1093 2211 τοῦτο
1120 2158 1474 2229 πεπραχότων
1493 2175 1504 2186 ·
1530 2152 1682 2221 οὗτος
1703 2157 1759 2210 δὲ
1784 2157 1835 2209 τί
1863 2173 1877 2221 ;

307 2254 445 2325 μετὰ
474 2254 721 2317 θάνατον,
748 2254 842 2305 καὶ
883 2253 981 2321 οὑχ
1018 2250 1184 2315 ἆπαξ,
1215 2251 1330 2305 ἁλλ’
1362 2251 1547 2303 ἔκτοτε
1578 2250 1739 2320 μέχρι
1781 2249 1879 2319 σή-

308 2363 492 2416 μερον.
523 2346 585 2397 Ὠ
610 2344 703 2396 τοῦ
729 2342 1002 2413 θαύματος
1027 2342 1121 2394 καὶ
1146 2341 1244 2411 τῆς
1267 2339 1423 2409 δόξης
1448 2338 1542 2391 τοῦ
1570 2338 1843 2408 μάρτυρος
1864 2338 1876 2391 l

303 2438 422 2499 οἵας
468 2436 681 2507 εἴληχεν
722 2436 935 2504 ἑκάστῳ
961 2433 1135 2504 χρόνῳ
1173 2434 1230 2485 ὲν
1256 2433 1323 2502 τῇ
1354 2432 1453 2501 τῆς
1479 2428 1691 2493 ἐνδόξου
1716 2428 1879 2482 αὑτοῦ

306 2527 587 2597 ἀθλήσεως
630 2526 848 2597 ἡμέραι
906 2507 1029 2577 Ἐπὶ
1073 2521 1211 2575 ἑπτὰ
1248 2529 1377 2593 γὰρ,
1418 2520 1494 2584 ὡς
1528 2519 1879 2591 προέφημεν,

306 2622 543 2692 ἡμέραις
583 2618 899 2690 ὑποχωροῦν
930 2618 991 2670 τὸ
1029 2618 1253 2688 ἄπειρον
1299 2617 1473 2669 ἐκεῖνο
1500 2614 1753 2682 πέλαγος,
1783 2630 1881 2666 πο-

310 2714 464 2785 ρείαν
489 2711 806 2765 εὐεπίϐατον
832 2712 946 2773 τοῖς
972 2707 1215 2761 εὐσεϐέσι
1243 2705 1562 2777 παρέχεται.

296 2842 297 2845 η
385 2804 495 2858 VII.
523 2803 725 2856 Τούτου
767 2798 858 2856 οὖν
895 2800 1069 2863 οὕτως
1108 2798 1415 2870 γινομένου,
1464 2798 1664 2861 πάντες
1691 2796 1797 2850 τῶν
1826 2797 1883 2850 ὲν

307 2899 442 2968 ἡμῖν
470 2893 801 2965 φιλευσεϐὦν
826 2890 1105 2963 ἐγχωρίων
1142 2890 1236 2943 καὶ
1266 2888 1497 2942 πολιτῶν
1532 2889 1631 2959 τῆς
1659 2887 1881 2959 Χερσῶ-

306 3009 421 3054 νος,
447 2988 605 3042 τοῦτο
647 2986 962 3066 ἁκηκοόςτες,
992 2984 1129 3055 πρὸς
1160 2983 1260 3053 τὴν
1299 2981 1393 3037 τοῦ
1436 2981 1713 3052 θαύματος
1756 2981 1885 3035 θέαν

1977 511 2235 583 martyris
2262 528 2461 582 corpus
2499 512 2913 568 sanctissimum
2945 520 2999 566 et
3028 512 3350 582 gloriosum.
3387 512 3543 577 Quod

1976 619 2102 657 cum
2130 619 2160 657 e
2185 603 2455 673 profundo
2479 605 2679 659 vellent
2702 604 2908 670 tollere,
2937 613 3099 658 noctu
3126 603 3237 657 illic
3260 618 3319 658 se
3341 603 3547 659 sistens

1978 705 2235 762 sanctus,
2265 696 2338 751 ita
2376 697 2575 751 edixit:
2609 698 2824 767 Corpus
2855 697 3074 766 quidem
3109 698 3279 753 nolite
3308 698 3495 752 tollere
3527 717 3540 751 :

1976 785 2120 841 banc
2166 794 2347 839 autem
2394 786 2550 840 vobis
2592 786 2833 841 concedo
2884 784 3152 855 gratiam,
3204 792 3264 837 ut
3313 783 3544 852 singulis

1978 876 2137 930 annis
2177 877 2264 931 die
2291 876 2613 932 certaminis
2642 876 2746 931 mei
2778 892 2874 946 per
2903 884 3109 945 septem
3140 876 3259 930 dies
3286 875 3545 929 recedens

1976 984 2150 1034 mare,
2181 968 2432 1037 pedestre
2462 967 2563 1021 iter
2608 982 2705 1038 per
2729 967 2939 1020 aridam
2974 966 3039 1020 ad
3075 966 3221 1021 hunc
3256 981 3430 1035 usque
3461 965 3545 1018 lo-

1976 1076 2102 1116 cum
2142 1067 2428 1131 praaparet.
2461 1060 2529 1114 Et
2567 1074 2748 1114 sermo
2774 1072 2938 1127 opere
2964 1057 3265 1127 completus
3298 1056 3420 1109 I'uit.
3466 1056 3548 1110 Ab

1976 1169 2043 1209 eo
2082 1152 2352 1222 siquidem
2394 1161 2660 1222 tempore,
2710 1166 2885 1220 usque
2914 1150 2969 1204 in
3016 1150 3340 1204 hodiernum
3377 1148 3544 1214 diem,

1979 1243 2208 1315 singulis
2247 1243 2406 1299 annis
2450 1258 2708 1313 magnum
2751 1242 2856 1296 hoc
2900 1240 3224 1295 miraculum
3267 1238 3377 1295 Deo
3420 1254 3549 1309 ope-

1979 1349 2133 1390 rante
2159 1334 2458 1406 perﬁcitur.

2050 1424 2138 1480 Vl.
2196 1427 2339 1493 Quid
2406 1427 2552 1481 istud
2608 1428 2874 1483 miraculo
2934 1425 3100 1481 Μοείο
3164 1424 3549 1480 inbonoratius

1978 1520 2093 1573 est?
2120 1518 2261 1585 Quid
2304 1534 2432 1575 vero
2459 1518 2621 1572 Elisei
2655 1519 2951 1588 ignobilius
2979 1528 3033 1574 et
3060 1517 3360 1573 humilius?
3389 1516 3551 1584 quin-

1981 1612 2091 1666 imo
2120 1612 2361 1666 nobilius
2384 1620 2438 1665 et
2470 1610 2656 1665 altius.
2685 1611 2777 1666 Ille
2805 1612 3074 1681 siquidem
3093 1611 3266 1681 virga,
3292 1619 3345 1663 et
3369 1609 3548 1673 vivus,

1981 1713 2035 1757 et
2059 1702 2246 1766 semel,
2278 1701 2416 1761 mari
2443 1702 2639 1767 scisso,
2670 1703 2936 1773 gurgitem
2966 1702 3069 1756 iter
3094 1701 3272 1755 eil‘ecit
3294 1713 3319 1741 ε
3350 1720 3364 1754 :
3413 1700 3551 1753 alter

1984 1811 2110 1849 vero
2136 1794 2389 1850 similiter
2418 1795 2617 1850 melote
2642 1794 2936 1850 Jordauem
2971 1810 3186 1857 secans,
3217 1794 3385 1849 semel
3416 1808 3552 1862 quo-

1979 1904 2085 1957 que
2104 1887 2333 1956 ipselioc
2357 1886 2483 1942 fecit
2508 1888 2833 1943 miraculum
2861 1889 2922 1939 ιιι
2966 1887 3231 1942 ambabus
3249 1887 3405 1956 aquis
3431 1896 3553 1954 post

1979 1978 2271 2033 transitum
2321 1978 2551 2034 redactis
2582 1979 2649 2033 ad
2680 1994 2834 2033 suam
2865 1990 3113 2033 naturam
3140 2020 3155 2045 ,
3201 1994 3302 2033 nec
3359 1988 3550 2049 postea

1981 2070 2119 2125 idem
2174 2071 2431 2139 operatis.
2501 2069 2601 2125 Hic
2654 2081 2835 2126 autem
2887 2071 3053 2141 quid?
3103 2070 3235 2125 Post
3286 2081 3549 2136 mortem;

1978 2171 2033 2216 et
2077 2178 2182 2216 non
2228 2163 2436 2226 semel,
2471 2163 2566 2218 sed
2609 2162 2678 2217 ab
2724 2178 2789 2217 eo
2826 2173 3068 2232 tempore
3112 2176 3284 2231 usque
3312 2162 3367 2215 in
3404 2162 3553 2215 hunc

1980 2254 2143 2308 diem.
2176 2253 2220 2308 Ο
2253 2254 2578 2309 miraculum
2609 2262 2663 2308 et
2687 2255 2915 2325 gloriam
2954 2254 3245 2325 martyris!
3279 2253 3550 2319 Quantam

1980 2357 2310 2404 consecutus
2334 2358 2417 2403 est
2448 2348 2680 2419 singulis
2702 2348 2861 2402 annis
2888 2348 2974 2403 die
2998 2348 3221 2418 gloriosi
3255 2348 3338 2401 sui
3372 2355 3551 2401 certa-

1982 2442 2181 2497 minis!
2233 2440 2451 2511 Septem
2501 2442 2648 2497 enim
2696 2440 2835 2505 dies,
2889 2440 3033 2495 sicut
3084 2449 3242 2494 antea
3292 2440 3551 2504 diximus,

1982 2534 2241 2590 secedens
2273 2535 2543 2590 inﬁnitum
2575 2533 2710 2589 illud
2748 2534 2973 2606 pelagus
3002 2575 3018 2601 ,
3057 2534 3161 2604 piis
3206 2534 3410 2604 praebet
3452 2534 3553 2587 iter

1981 2628 2214 2681 transitu
2243 2625 2420 2682 Iacile.

2056 2798 2168 2855 VII.
2205 2797 2319 2855 lloc
2362 2800 2529 2870 igitur
2558 2800 2632 2855 ita
2663 2799 2833 2868 facta,
2864 2798 3046 2855 cuncti
3090 2799 3232 2870 apud
3279 2814 3377 2854 nos
3422 2800 3553 2854 reli-

1984 2891 2121 2963 giosi
2157 2893 2347 2947 incolae
2382 2894 2621 2964 regionis
2651 2903 2704 2949 et
2734 2894 2882 2950 cives
2907 2893 3227 2957 Chersonis,
3256 2892 3440 2946 audita
3472 2907 3551 2958 re,

1986 2983 2054 3038 ad
2080 2982 2379 3037 videndum
2414 2984 2739 3037 miraculum
2770 2989 3152 3052 properarunt.
3184 2981 3322 3034 Cum
3351 2979 3553 3049 quibus

304 3081 621 3152 ἠπείγοντο.
655 3079 790 3133 Μεθ’
814 3072 887 3131 ὧν
912 3076 1003 3130 καί
1037 3094 1119 3141 τις
1144 3077 1283 3147 ἁνὴρ
1307 3074 1532 3146 εὐσεϐὴς
1557 3076 1651 3128 σὺν
1676 3074 1886 3128 εὑσεϐεῖ

1989 3076 2209 3147 quidam
2257 3090 2475 3145 quoque
2518 3074 2605 3128 vir
2643 3074 2767 3144 pius
2820 3088 2924 3126 una
2974 3086 3100 3126 cum
3152 3071 3239 3140 pia
3286 3085 3454 3123 uxore
3501 3080 3557 3123 et

305 3173 532 3241 γυναικὶ
578 3172 670 3224 καὶ
713 3170 887 3240 τέκνῳ
928 3168 1117 3240 ἄρρενι
1157 3167 1255 3239 τὴν
1285 3166 1378 3219 ἐπὶ
1415 3166 1504 3218 τὸν
1533 3165 1692 3234 ἁγίου
1740 3166 1885 3237 ἱερο-

313 3264 596 3335 μὰρτυρος
650 3260 776 3314 ναὸν
828 3260 1039 3330 διήνυον
1081 3257 1197 3319 ὁδὸν
1241 3254 1645 3327 προθυμότατα.
1688 3255 1798 3307 Καὶ
1824 3254 1889 3326 δὴ

306 3357 407 3409 τὸν
431 3355 592 3408 τόπον
631 3351 1044 3415 καταλαϐόντες,
1075 3350 1166 3403 καὶ
1207 3348 1268 3401 τὸ
1306 3346 1491 3418 θαῦμα
1516 3346 1681 3399 εἰσέτι
1707 3344 1890 3398 τελού-

315 3464 479 3517 μενον
507 3445 850 3515 θεασὰμενοι,
878 3444 945 3513 τῇ
973 3440 1118 3511 χειρὶ
1158 3438 1249 3491 τὸν
1276 3436 1442 3491 παῖδα
1467 3434 1776 3505 λαϐόμενοι,
1809 3434 1889 3496 εἰς

306 3540 409 3593 τὸν
441 3539 499 3590 ἐν
540 3537 616 3608 τῷ
665 3535 808 3607 βυθῷ
854 3534 1143 3603 θεόδμητον
1184 3533 1387 3583 ἐκεῖνον
1415 3527 1540 3581 ναὸν
1595 3526 1848 3598 εἰσῄεσαν
1870 3541 1887 3558 θ

314 3634 413 3687 καὶ
441 3634 506 3702 τῇ
551 3629 691 3700 σορῷ
735 3626 1132 3701 παραστάντες,
1176 3621 1435 3685 ἱκετικῶς
1462 3620 1552 3673 τὸν
1599 3620 1752 3688 ἅγιον
1782 3619 1891 3672 ὲλι-

312 3724 559 3784 τάνευον,
598 3718 1009 3793 ἁμαρτημάτων
1039 3714 1384 3786 συγχώρησιν
1407 3712 1472 3765 δι’
1509 3709 1671 3764 αὑτοῦ
1707 3708 1891 3763 λαϐεῖν

313 3814 707 3885 ἐξαιτούμενοι,
753 3811 848 3866 καὶ
888 3810 970 3881 τῷ
996 3808 1145 3861 παιδὶ
1191 3806 1412 3876 δοθῆναι
1458 3803 1701 3874 δεόμενοι
1746 3802 1892 3873 ζωὴν

319 3907 538 3980 μακρὰν
567 3906 661 3959 καὶ
674 3906 785 3976 ἀπή
794 3920 948 3975 μονα,
970 3901 1081 3973 βίου
1106 3918 1164 3954 τε
1188 3900 1502 3971 εὐμάρειαν,
1529 3897 1622 3951 καὶ
1643 3890 1728 3951 οἷα
1749 3896 1894 3959 εἰκὸς

316 4002 499 4070 γονεῖς
526 3997 619 4051 ἐπὶ
645 3996 819 4067 τέκνῳ
848 3993 1114 4048 αἰτεῖσθαι
1142 3992 1434 4063 μονογενεῖ.

388 4178 529 4233 VIII.
572 4177 660 4239 Ὠς
698 4168 793 4229 οῦν
842 4172 942 4243 τὴν
985 4169 1151 4241 εὑχὴν
1192 4166 1535 4229 τετελέκασι,
1576 4164 1672 4217 καὶ
1714 4163 1774 4217 τὸ
1799 4160 1895 4216 τοῦ

1993 3170 2146 3240 prole
2190 3168 2455 3232 mascula,
2486 3166 2629 3219 viam
2659 3164 2726 3218 ad
2757 3162 3094 3217 sacrosancti
3127 3160 3383 3230 martyris
3416 3168 3556 3212 tem~

1991 3262 2140 3331 plum
2176 3260 2464 3314 ducentem
2515 3272 2730 3312 summa
2778 3253 3061 3309 alacritate
3101 3257 3446 3321 peregerunt.
3492 3247 3558 3302 Et

1990 3369 2120 3409 vero
2166 3354 2345 3408 locum
2398 3348 2659 3413 assecuti,
2707 3355 2761 3402 et
2810 3345 3136 3400 miraculum
3189 3341 3335 3412 quod
3378 3333 3559 3394 adhuc

1990 3443 2173 3509 ﬁebat,
2225 3441 2445 3507 intuiti,
2498 3455 2727 3509 puerqu
2778 3453 2943 3492 manu
2997 3436 3415 3505 prebendcntes,
3470 3432 3559 3489 in_-

1991 3535 2164 3605 gressi
2195 3542 2321 3587 sunt
2364 3530 2496 3609 illud
2532 3529 2583 3582 in
2624 3526 2901 3597 profundo
2942 3525 3207 3579 divinitus
3234 3522 3558 3578 aediﬁcatum

1994 3626 2252 3695 templum
2282 3642 2294 3678 :
2326 3632 2488 3693 atque
2512 3621 2580 3675 ad
2608 3620 2851 3673 loculum
2878 3617 3215 3679 accedentes,
3246 3614 3561 3683 suppliciter

1992 3730 2242 3775 sanctum
2274 3715 2575 3785 rogabant,
2607 3718 2852 3783 petentes
2875 3710 3195 3764 delictorum
3222 3707 3435 3760 veniam
3465 3719 3563 3772 per

1997 3812 2174 3881 ipsum
2212 3810 2479 3878 accipere,
2527 3805 2763 3873 darique
2804 3802 3146 3873 postulantes
3192 3815 3362 3867 puero
3395 3799 3561 3849 vitam

1995 3904 2213 3974 longam
2240 3910 2294 3956 et
2337 3900 2584 3962 illaesam,
2619 3911 2745 3951 cum
2786 3893 2931 3948 (acili
2976 3906 3158 3946 rerum
3193 3896 3478 3957 apparatu,
3508 3894 3563 3939 et

1996 4012 2118 4067 quce
2169 4002 2597 4051 consentaneum
2647 3997 2731 4045 est
2776 3995 2959 4059 petere
3005 3992 3259 4055 parentes
3308 3995 3407 4051 pro
3452 3980 3563 4033 lilio

1997 4089 2183 4144 unico.
3234 4154 3237 4159 Ι

2075 4180 2211 4235 VIII.
2240 4177 2310 4234 Ut
2346 4192 2475 4247 ergo
2495 4190 2683 4247 preces
2714 4172 2994 4237 ﬁnierunt,
3019 4177 3073 4225 et
3090 4166 3265 4224 sancti
3304 4164 3566 4233 reliquias

318 4267 479 4336 ἁγίου
534 4262 958 4335 κατησπάσαντο
1011 4258 1282 4327 λείψανον,
1335 4257 1415 4319 εἰς
1445 4254 1688 4308 τοὺπίσω
1735 4254 1886 4308 πάλιν

1999 4270 2307 4329 exosculati
2348 4277 2495 4333 sunt,
2522 4276 2823 4322 retrorsum
2853 4270 3043 4333 postea
3084 4253 3391 4313 redierunt?
3434 4255 3567 4319 Qui-

320 4359 569 4429 ἐξῄεσαν.
596 4353 697 4409 Ὧν
727 4354 1065 4422 ἐξελθόντων,
1091 4350 1153 4405 τὸ
1184 4349 1326 4420 ὕδωρ
1353 4348 1513 4401 πάλιν
1541 4347 1619 4410 εἰς
1631 4347 1730 4417 τὴν
1764 4346 1886 4398 ῐδίαι

2001 4364 2105 4418 bus
2132 4361 2389 4433 egressis,
2432 4374 2573 4429 aqua
2598 4358 2796 4411 iterum
2824 4354 2891 4407 ad
2922 4366 3080 4407 suum
3106 4349 3284 4403 locum
3309 4346 3565 4401 recurrit.

320 4448 505 4520 χώραν
539 4445 862 4516 ἐπέδραμεν.
894 4443 956 4497 Οἱ
988 4442 1043 4494 δὲ
1081 4438 1581 4513 μεταστραφέντες,
1615 4438 1707 4490 καὶ
1734 4436 1886 4489 πέλα-

2004 4457 2085 4512 Illi
2119 4466 2297 4510 autem
2332 4452 2604 4516 conversi,
2636 4458 2690 4504 et
2714 4455 2998 4503 cernentes
3029 4445 3251 4515 pelagus
3276 4456 3397 4495 esse
3417 4438 3565 4508 quod

320 4559 420 4612 γος
452 4541 552 4612 τὴν
584 4538 709 4611 πρὶν
739 4535 1060 4607 θεασάμενοι
1082 4532 1285 4605 τρίϐον,
1315 4530 1440 4601 τῇδε
1474 4531 1696 4584 κάκεῖσε
1737 4545 1903 4600 περιν

324 4632 675 4695 σκοποῦντες,
710 4630 808 4702 τὴν
832 4628 926 4682 τοῦ
945 4627 1135 4681 τέκνου
1168 4624 1395 4696 ζήτησιν
1433 4619 1773 4693 έπεχείριζον
1795 4638 1807 4651 ·
1839 4620 1901 4673 τὸ

322 4728 383 4780 δὲ
394 4722 461 4798 ἦν
484 4727 542 4778 ὲν
562 4725 632 4794 τῇ
654 4721 747 4774 τοῦ
768 4720 923 4790 ἁγίου
943 4719 1171 4791 λάρνακι
1200 4713 1555 4783 καταλειφθέν
1569 4731 1581 4743 ·
1637 4712 1904 4765 καὶτοῦτο

326 4820 389 4871 ού
419 4819 487 4888 τῇ
514 4816 622 4868 τῶν
654 4812 856 4882 γονέων
896 4811 1055 4882 λήθῃ,
1088 4808 1224 4863 ἁλλὰ
1256 4811 1323 4879 τῇ
1374 4804 1468 4859 τοῦ
1520 4804 1654 4860 Θεοῦ
1689 4805 1907 4877 εὐδοκία

328 4912 591 4980 ἐγεγόνει,
621 4909 708 4961 ἴνα
738 4905 834 4960 καὶ
866 4902 1098 4957 ἐνταῦθα
1130 4900 1390 4972 μειζόνως
1422 4898 1793 4972 θαυμαστώσῃ
1815 4900 1908 4955 τὸν

332 5002 606 5074 μάρτυρα.

399 5092 491 5147 IX.
535 5093 622 5154 Ὠς
655 5089 700 5143 δ’
727 5081 821 5142 οῦν
851 5086 900 5140 οἱ
928 5086 1106 5154 γονεῖς
1137 5084 1199 5137 τὸ
1236 5084 1423 5137 τέκνον
1464 5084 1563 5154 οὑχ
1610 5082 1905 5155 ηὑρισκον,

333 5186 427 5241 καὶ
458 5186 540 5237 ὅτι
568 5184 626 5235 ὲν
654 5181 730 5252 τῷ
754 5178 900 5251 βυθῷ
928 5176 1139 5239 τούτοις
1173 5175 1443 5246 ὲπελὴσθη
1471 5176 1499 5228 ό
1530 5178 1658 5240 παῖς
1698 5177 1910 5247 ἐνενόη-

337 5294 456 5339 σαν,
489 5275 543 5327 τί
569 5274 650 5326 δεῖ
680 5272 773 5325 καὶ
803 5270 1002 5338 λέγειν,
1036 5265 1162 5329 τούς
1187 5283 1246 5319 τε
1277 5266 1371 5318 τοῦ
1416 5267 1629 5337 πατρὸς
1658 5267 1906 5339 θρήνους,

337 5372 431 5423 καὶ
460 5368 559 5431 τὰς
584 5368 682 5438 τῆς
709 5364 914 5437 μητρὸς
943 5360 1225 5432 οἰμωγάςς
1260 5362 1446 5414 Πᾶσαν
1493 5358 1602 5431 γάρ
1645 5360 1743 5431 τὴν
1764 5363 1911 5430 λαμ-

337 5460 481 5531 πρὰν
512 5459 725 5528 ἐκείνην
749 5455 941 5526 ἑορτὴν
962 5455 1041 5515 εἰς
1070 5452 1266 5523 θρῆνον
1303 5453 1683 5522 μετεποίησαν.
1717 5452 1781 5505 Τί
1803 5451 1911 5522 γὰρ

337 5554 436 5608 οὑκ
467 5552 685 5620 ἓλεγον;
717 5548 770 5601 τι
797 5546 853 5600 δὲ
885 5546 985 5600 οὑκ
1015 5544 1315 5614 ἐπραττονς
1357 5543 1465 5598 τῶν
1497 5545 1594 5598 ὅσα
1649 5546 1794 5608 εἰκὸς
1842 5540 1911 5614 ἦν

446 5708 471 5735 ﬁ
516 5693 686 5749 Exod.
730 5708 839 5746 »ιι-π.
920 5689 943 5728 1³
972 5686 1037 5740 ll'
1076 5686 1205 5757 R<~g.
1249 5701 1306 5739 ιι.

1997 4549 2151 4621 prius
2186 4547 2287 4600 iter
2316 4552 2453 4609 erat,
2489 4543 2595 4597 huc
2616 4550 2669 4595 ct
2712 4539 2840 4594 illuc
2890 4532 3417 4603 circumspiciendo,
3472 4528 3568 4583 ﬁlii

2002 4640 2408 4710 inquisitionem
2441 4633 2918 4706 aggrediebantur:
2947 4637 3003 4683 at
3040 4628 3133 4681 ille
3160 4625 3211 4678 in
3240 4640 3365 4677 arca
3396 4622 3571 4677 sancti

2004 4734 2228 4787 relictus
2255 4730 2468 4784 fuerat:
2515 4727 2676 4797 idque
2697 4741 2808 4780 non
2840 4721 3114 4777 oblivione
3144 4727 3453 4788 parentum.
3479 4716 3571 4769 sed

2008 4826 2101 4881 Dei
2132 4824 2409 4878 voluntate
2457 4818 2660 4873 factum
2692 4825 2792 4876 est.
2818 4824 2875 4869 ut
2907 4814 2996 4868 hic
3026 4827 3245 4883 quoque
3280 4819 3573 4879 martyrem

2009 4918 2183 4988 magis
2202 4916 2452 4970 redderet
2473 4908 2871 4966 admirabilem.

2074 5077 2169 5133 IX.
2202 5076 2339 5131 Cum
2376 5088 2507 5144 ergo
2534 5078 2787 5143 parentes
2802 5078 2991 5124 natum
3017 5081 3124 5122 non
3165 5062 3490 5122 invenirent,
3525 5065 3577 5110 et

2012 5172 2396 5240 cogitassenta
2435 5182 2493 5221 se
2520 5165 2690 5220 fuisse
2740 5177 2970 5233 puerum
2999 5161 3054 5213 in
3094 5157 3260 5211 maris
3306 5150 3578 5223 profundo

2014 5264 2288 5319 oblivione
2312 5260 2656 5318 mandatum,
2689 5255 2819 5326 quid
2856 5270 2993 5324 opus
3020 5261 3101 5306 est
3123 5251 3303 5304 dicere
3336 5255 3390 5300 et
3415 5244 3580 5313 patris

2016 5353 2453 5415 lamentationes,
2484 5359 2534 5405 ct
2561 5349 2755 5403 matris
2785 5346 3063 5400 ululatus?
3093 5342 3267 5396 Omne
3309 5337 3579 5407 siquidem

2019 5448 2149 5503 illud
2172 5445 2516 5515 splendidum
2568 5442 2765 5496 festum
2798 5442 3183 5495 converterunt
3228 5434 3281 5486 in
3317 5432 3583 5484 lamenta-

2021 5539 2241 5595 tionem.
2286 5535 2427 5603 Quid
2481 5534 2625 5613 enim
2674 5546 2780 5588 non
2805 5527 3089 5587 dicebant?
3131 5524 3261 5597 quid
3300 5537 3429 5579 vero
3474 5537 3583 5577 non
