4066 6330
556 321 659 377 659

1662 307 2007 380 APPENDIX
2042 307 2132 361 AD
2173 306 2233 362 S.
2273 300 2711 360 CLEMENTEM.

3691 278 3800 327 ϋ-ιυ

555 432 862 490 faciebant?
892 447 959 485 ex
988 430 1059 485 iis
1096 444 1219 499 qua:
1271 443 1369 498 par
1398 426 1529 495 erat?
1548 428 1628 482 vel
1659 428 1840 499 ipsum
1887 428 2111 496 lapidem

2225 429 2317 482 καὶ
2348 427 2495 480 λίθον
2531 424 2689 479 αὐτὸν
2725 422 2941 491 κινῆσαι
2976 416 3109 489 πρὸς
3142 414 3394 487 δάκρυον.
3461 413 3526 465 Ἡ
3568 412 3679 482 γὰρ
3703 427 3795 499 τεέ-

554 541 773 583 tuovere
795 526 859 580 ad
884 524 1181 594 lacrymas.
1210 521 1455 575 Genitrix
1489 520 1632 576 enim
1660 521 1839 575 oculis
1869 520 1935 574 ad
1968 535 2117 573 mare

552 620 802 687 intensis,
827 630 881 674 et
904 618 1157 672 manibus
1187 617 1241 670 in
1278 617 1447 670 altum
1491 617 1752 683 sublatis,
1802 615 2117 686 hujusmodi

552 727 713 768 voces
735 719 927 767 saneto
964 709 1185 764 emisit:
1218 707 1310 763 liae
1357 717 1520 773 sunt,
1549 723 1583 762 ο
1618 717 1840 773 sancte,
1888 716 1994 763 tua:
2034 722 2119 761 re-

550 804 959 860 munerationes
978 804 1001 855 ’ἱ
1023 801 1184 856 Tales
1206 810 1313 855 tuae
1340 802 1731 855 retributiones
1759 817 1885 872 erga
1908 817 2003 857 eos
2024 804 2118 872 qui

549 898 617 951 ad
643 907 692 951 te
708 897 951 952 studiose
983 894 1316 948 accurrunt?
1343 893 1435 948 Sic
1464 894 1705 949 laborem
1732 910 1762 947 a
1797 910 1884 948 me
1923 909 1989 949 ex
2010 911 2119 963 quo

550 988 755 1043 accessi
785 995 1062 1054 sumptum
1096 985 1399 1051 remetitus,
1428 984 1733 1041 mercedem
1767 986 1902 1039 mihi
1936 986 2119 1040 reddi-

549 1080 715 1133 disti?
745 1078 979 1134 Ubinam
1012 1086 1094 1132 est
1122 1077 1265 1131 illius
1296 1079 1491 1132 meus?
1524 1077 1784 1143 Quaauam
1811 1078 1979 1133 maris
2005 1079 2119 1132 bel-

550 1171 637 1223 lua
672 1165 1009 1222 \isccranati
1036 1168 1140 1222 mei
1173 1167 1473 1222 laceravit?
1505 1166 1640 1233 Quis
1675 1184 1802 1221 vero
1826 1169 2118 1223 vehemens

550 1260 1076 1329 flectusinsurgens,
1100 1274 1225 1313 eum
1255 1259 1461 1322 vivum,
1492 1269 1751 1329 tanquam
1782 1261 2115 1329 sepulcrum,

551 1352 801 1421 operuit?
826 1351 995 1416 Quem
1028 1351 1140 1419 jam
1181 1352 1355 1406 oculis
1389 1352 1687 1420 aspiciam?
1724 1350 1832 1405 Pro
1880 1368 1989 1421 quo
2018 1368 2119 1405 au-

550 1450 660 1494 tem
682 1440 887 1494 orabo?
917 1440 1050 1505 Quis
1078 1454 1206 1494 vero
1231 1442 1532 1495 senectutis
1560 1457 1692 1495 mea:
1726 1441 1997 1497 efﬁcietur
2017 1443 2115 1497 ba-

548 1537 743 1591 culus?
768 1537 879 1589 (Iur
909 1552 995 1590 me
1021 1577 1036 1600 ,
1070 1544 1275 1598 sancte,
1312 1552 1418 1589 non
1456 1535 1628 1589 fecisti
1670 1536 1875 1591 sociam
1911 1551 2034 1590 esse
2061 1536 2113 1590 in

551 1640 725 1682 tnorte
773 1629 868 1681 ﬁlii
901 1628 1039 1693 mei;
1096 1636 1157 1680 ut
1199 1628 1660 1696 quemadmodum
1703 1627 1769 1681 ad
1815 1636 1867 1682 te
1908 1629 2113 1682 accessi

551 1736 715 1773 manu
751 1720 902 1773 illum
939 1728 1150 1783 tenens,
1182 1718 1252 1770 ita
1284 1728 1337 1772 et
1360 1719 1502 1771 ulnis
1535 1718 1783 1772 eumdem
1817 1718 1998 1772 ferens
2046 1718 2112 1771 ad

2219 516 2547 579 κοῦσα,τοὺς
2577 511 2885 583 ὀφθαλμοὺς
2904 509 2981 580 τῷ
2994 509 3216 576 πελάγει
3232 504 3510 557 ἐντείνασα
3535 501 3677 564 "-",
3702 498 3797 552 καὶ

2218 606 2316 669 τὰς
2346 609 2531 676 χεῖρας
2562 603 2698 674 πρὸς
2731 600 2859 670 ὕψος
2878 598 3129 669 διάρασα,
3160 594 3371 649 τοιάσδε
3385 592 3464 661 τῷ
3481 588 3622 659 ἁγίῳ
3642 589 3795 659 ἠφίει

2221 696 2427 767 φωνάς·
2464 690 2632 748 Αῦταί
2669 710 2783 756 σου,
2825 692 2968 759 ἅγιε,
3002 690 3058 741 αἱ
3105 686 3360 759 ἀμοιῦαί;
3393 681 3637 736 τοιαῦταί
3700 697 3795 732 σου

2218 791 2326 843 τῶν
2371 789 2521 860 πόθῳ
2560 788 2695 860 πρὸς
2744 787 2804 839 σέ
2842 783 3282 855 προστρεχόντων
3312 781 3368 834 αἱ
3402 775 3791 847 ἁνταμείψεις;

2220 881 2374 934 Οῦτω
2404 880 2496 932 τὸν
2538 880 2705 931 κόπον
2751 876 3151 946 ἀντιμετρήσας
3176 873 3240 925 ὃν
3271 871 3363 939 ἀφ’
3392 865 3461 941 ἧς
3491 865 3790 939 παρεγενό-
3854 950 3857 957 ἱ

2222 990 2328 1045 μην
2371 971 2673 1041 ὑπέμεινα,
2716 969 2813 1039 τὴν
2857 964 3200 1036 ἀντιμισθίαν
3235 981 3322 1034 μοι
3352 961 3627 1022 δέδωκας;
3680 958 3788 1011 Ποῦ

2223 1080 2322 1132 μου
2357 1061 2386 1113 ὁ
2430 1063 2587 1124 παῖς;
2632 1060 2789 1111 Ποῖον
2828 1055 2922 1110 τοῦ
2970 1054 3103 1126 ἐμοῦ
3155 1054 3345 1106 τέκνου
3391 1050 3461 1104 τὰ
3507 1050 3788 1119 σπλάγχνα

2218 1154 2407 1225 θηρίον
2440 1151 2707 1220 Θαλάττης
2744 1147 3088 1218 ὲσπάραξεν;
3121 1147 3279 1198 Ποῖον
3327 1144 3384 1196 δέ
3420 1142 3595 1213 ῥόθιον
3642 1142 3788 1211 κῦμα

2217 1243 2653 1305 κατεπαναστάν,
2680 1242 2756 1305 ὡς
2783 1242 2968 1309 τάφος,
3004 1240 3179 1303 ζῶντα
3217 1236 3375 1289 τοῦτο
3408 1236 3454 1267 ’⁸
3482 1234 3786 1303 ἐκάλυψενς

2217 1336 2348 1390 Τίνα
2378 1338 2488 1397 τοῖς
2520 1333 2815 1403 ὀφθαλμοῖς
2844 1333 2968 1403 ἄρτι
3000 1330 3295 1400 θεάσομαι;
3350 1327 3522 1398 ’Υπὲρ
3553 1326 3609 1378 δέ
3649 1325 3789 1386 τίνος

2216 1425 2627 1500 προσεύξομαι’;
2676 1423 2771 1487 Τίς
2813 1422 2870 1475 δέ
2910 1439 3008 1492 μου
3048 1418 3141 1472 τοῦ
3183 1420 3365 1490 γήρως
3396 1418 3490 1470 καὶ
3522 1415 3788 1485 βακτηρία

2214 1521 2535 1589 γενήσεται;
2567 1517 2679 1568 Ἵνα
2709 1517 2762 1568 τί
2799 1532 2886 1585 με,
2912 1508 2955 1566 ῶ
2986 1514 3126 1581 ᾶγιε,
3153 1511 3225 1581 μὴ
3251 1511 3329 1581 τῷ
3357 1508 3450 1561 τοῦ
3478 1508 3670 1561 τέκνου
3692 1506 3787 1559 θα⁵

2214 1611 2358 1680 νάτῳ
2388 1609 2711 1679 κοινωνῆσαι
2754 1606 3079 1675 πεποίηκας,
3112 1604 3186 1665 ὼς
3217 1602 3282 1655 ἂν
3327 1601 3517 1671 ὥσπερ
3560 1598 3698 1669 πρὸς
3730 1596 3788 1649 σέ

2213 1701 2372 1755 τοῦτο
2404 1704 2472 1771 τῇ
2508 1699 2652 1771 χειρί
2681 1698 2982 1767 κατέχουσα
3012 1694 3361 1767 παραγέγονα
3381 1732 3395 1756 ,
3441 1692 3637 1744 οὑτωσὶ
3687 1690 3788 1742 κᾶν

552 1810 757 1863 inferos
787 1809 972 1863 infelix
993 1810 1415 1863 descenderem?
1438 1807 1481 1863 Ο
1501 1825 1649 1863 mare
1685 1818 1738 1863 et
1759 1808 2111 1879 profundum,

2218 1791 2296 1862 τῷ
2326 1791 2427 1864 ᾄδῃ
2460 1787 2919 1860 άγκαληιροροῦσα
2966 1784 3140 1854 τούτῳ
3179 1785 3212 1853 ἡ
3252 1781 3507 1850 δύστηνος
3557 1778 3788 1832 καταϐέ-

550 1916 788 1969 quonam
816 1901 895 1953 tui
932 1900 1054 1954 sinu
1082 1916 1263 1955 meum
1305 1901 1573 1955 detinebis
1597 1901 1802 1954 lilium?
1833 1902 2115 1966 Quomodo

550 2002 731 2046 autem
761 2003 814 2045 et
843 2007 966 2045 eum
998 1992 1151 2047 ales?
1205 1992 1301 2045 llci
1329 1994 1483 2058 mihi,
1531 1992 1604 2046 illi
1647 1992 1953 2046 miserande
1978 2033 1995 2057 ,
2040 1990 2113 2045 ﬁli

552 2091 675 2135 ante
704 2091 916 2150 tempus
957 2090 1142 2150 rapte:
1176 2082 1282 2146 ﬁli,
1331 2099 1436 2152 qua
1469 2086 1679 2138 ratione
1717 2099 1746 2137 a
1775 2085 1911 2137 meis
1941 2083 2115 2137 oculis

550 2174 865 2227 recessisti?
891 2174 1102 2239 Quibus
1119 2174 1348 2241 pedibus
1380 2174 1656 2227 revertar?
1688 2172 1991 2239 Quemnam
2016 2190 2115 2228 au-

550 2269 659 2315 tem
690 2260 865 2315 instar
896 2261 1018 2330 agni
1044 2261 1383 2316 exsilientem
1415 2261 1866 2331 contemplabor?

620 2434 688 2489 Χ.
718 2435 878 2490 Pater
902 2451 1032 2490 vero
1061 2451 1257 2491 rursus
1279 2434 1534 2489 manibus
1560 2451 1623 2490 os
1655 2435 1987 2505 percutiens,
2028 2436 2110 2491 la—

548 2528 893 2582 mentabatur
916 2528 1001 2583 his
1031 2529 1245 2583 verbis:
1273 2527 1472 2594 Quare,
1496 2544 1530 2583 ο
1564 2540 1769 2596 sancte,
1802 2530 1995 2583 orbum
2026 2544 2113 2583 me

549 2620 735 2675 liberis
763 2628 985 2689 repente
1008 2620 1273 2674 effecisti?
1302 2618 1415 2673 Cur
1438 2620 1518 2673 sic
1541 2620 1710 2674 tilium
1735 2635 1914 2674 meum
1940 2629 2112 2674 morte

549 2712 859 2768 miserrima
893 2714 1029 2768 mori
1059 2713 1401 2784 permisisti?
1442 2711 1563 2779 Qua
1594 2714 1661 2767 de
1691 2729 1855 2767 causa
1898 2714 1963 2768 iis
1989 2729 2111 2782 qua:

545 2820 895 2874 speraveram
929 2806 1202 2861 contraria
1246 2804 1380 2858 mihi
1432 2805 1780 2873 obtigerunt?
1826 2804 1964 2859 Cum
2009 2805 2112 2861 hac

549 2914 644 2966 spe
668 2899 733 2952 ad
767 2908 818 2953 te
842 2897 1209 2953 accessimus?
1252 2894 1475 2950 Taliane
1528 2904 1658 2951 sunt
1696 2897 1837 2949 dona
1889 2897 1943 2950 in
1987 2913 2106 2964 eos,

549 2989 642 3058 qui
677 2989 743 3043 ad
776 2997 1043 3060 martyres
1071 3004 1195 3043 cum
1230 2988 1501 3042 desiderio
1532 2986 1863 3042 adveniunt?
1898 2986 2109 3044 Revera

549 3096 655 3133 non
686 3090 763 3143 tu,
797 3081 890 3134 sed
918 3090 1262 3149 peccatorum
1312 3094 1555 3133 meorum
1593 3080 1845 3147 procellze
1873 3096 2104 3150 puerum

2217 1883 2380 1954 δηκα.
2413 1879 2484 1934 Ὦ
2508 1881 2750 1938 Θάλασσα
2770 1880 2862 1931 καὶ
2884 1876 3030 1947 βυθέ,
3062 1874 3198 1945 ποίῳ
3222 1890 3314 1926 σου
3347 1873 3530 1943 κόλπῳ
3548 1872 3639 1923 τὸν
3658 1870 3788 1941 ἐμὸν

2215 1972 2462 2038 καθέξεις
2512 1971 2654 2035 υἱόν;
2719 1968 2843 2031 Πῶς
2876 1967 2932 2020 δὲ
2977 1967 3072 2019 καὶ
3128 1963 3347 2036 θρέψεις
3394 1963 3584 2027 αὐτόν;
3643 1962 3789 2032 οἴμοι

2213 2063 2399 2116 τέκνον
2414 2062 2663 2124 ἐλεεινὸν,
2685 2060 2872 2113 τέκνον
2893 2058 3000 2129 πρὸ
3018 2057 3163 2128 ὥρας
3183 2054 3526 2127 ἀναρπασθέν
3541 2071 3554 2083 ·
3578 2053 3786 2115 τέκνον,

2215 2155 2333 2218 πῶς
2357 2155 2477 2218 ἑδυς
2500 2154 2607 2206 τῶν
2651 2153 2797 2223 ἐμῶν
2843 2150 3171 2220 ὀφθαλμῶν,
3234 2147 3407 2210 ποίοις
3453 2148 3608 2199 ποσὶν
3659 2147 3783 2198 ὑπο·

2214 2248 2430 2318 στρέφω
2464 2247 2542 2311 ²⁶;
2588 2246 2721 2299 Τίνα
2768 2244 2825 2297 δὲ
2870 2244 2947 2306 ῶς
2982 2243 3120 2313 ἄρνα
3153 2239 3554 2311 ἐπισκιρτῶντα
3601 2238 3790 2291 θεάσο-

2217 2351 2355 2406 μαιὲ

2278 2427 2345 2481 Χ.
2393 2426 2449 2480 '0
2479 2425 2536 2478 δέ
2567 2442 2630 2494 γε
2668 2424 2849 2495 πατὴρ
2892 2421 3117 2476 τοιαῦτα
3166 2420 3350 2483 πάλιν,
3416 2418 3494 2491 τῷ
3524 2418 3787 2490 χειρὶτὴν

2210 2518 2332 2587 ὅφιν
2372 2518 2547 2570 παίων
2573 2557 2587 2580 ,
2633 2516 2900 2586 ὠδύρετο·
2941 2515 3055 2567 Ἵνα
3099 2512 3181 2577 τί,
3230 2506 3275 2564 ὦ
3315 2512 3434 2580 ἆγιε
3460 2550 3474 2573 ,
3528 2510 3787 2579 ἐξαίφνης

2210 2610 2412 2665 ἄπαιδά
2446 2626 2512 2680 με
2546 2608 2922 2678 κατέστησας;
2962 2606 3074 2657 Ἵνα
3106 2605 3162 2657 τί
3186 2603 3360 2667 οὕτως
3398 2603 3655 2673 οἰκτίστῳ
3692 2601 3788 2654 θα-

2211 2704 2355 2773 νάτῳ
2378 2701 2438 2754 τδ
2472 2700 2604 2771 ἐμὸν
2631 2700 2821 2753 τέκνον
2846 2698 3027 2753 θανεῖν
3045 2696 3472 2769 παρεχώρησας;
3501 2696 3618 2749 "1v:
3649 2694 3700 2747 τί
3718 2694 3786 2747 τὰ

2210 2794 2424 2849 ἐναντία
2455 2786 2531 2846 ὧν
2562 2791 2765 2863 ἤλπισα
2823 2791 2913 2861 μοὶ
2962 2791 3329 2860 συνήντησεν;
3370 2789 3462 2839 ἐπί
3508 2786 3786 2848 τοιαύταις

2211 2885 2344 2957 πρὸς
2382 2883 2440 2936 σέ
2488 2880 2967 2952 παραγεγόναμεν;
3002 2878 3257 2933 Τοιαῦται
3299 2877 3406 2931 τῶν
3439 2877 3586 2947 πόθῳ
3620 2894 3787 2948 προσ-

2208 2974 2513 3048 ερχομένων
2572 2976 2685 3035 τοῖς
2708 2972 2969 3043 μάρτυσιν
2997 2973 3052 3025 αἰ
3085 2970 3279 3042 δωρεαί
3297 2986 3312 3035 ;
3357 2971 3563 3033 Ὄντως
3593 2970 3653 3021 ού
3698 2970 3781 3032 σὺ,

2209 3067 2323 3120 ἀλλ’
2357 3067 2411 3119 αἰ
2448 3066 2556 3118 τῶν
2601 3065 2748 3136 ἐμῶν
2787 3064 3201 3135 ἁμαρτημάτων
3242 3062 3456 3115 θύελλαι
3491 3062 3582 3114 τὸν
3617 3060 3784 3114 παῖδα

551 3171 685 3223 mari
720 3171 1077 3225 tradiderunt.
1107 3170 1151 3225 Ο
1182 3170 1256 3224 ﬁli
1286 3171 1381 3235 mi,
1414 3170 1537 3241 quis
1563 3171 1641 3225 tui
1666 3171 1863 3225 mortui
1892 3174 2107 3229 claudet

2212 3161 2273 3228 τῇ
2308 3157 2548 3226 θαλάσσῃ
2580 3152 3042 3226 παραδεδώκασιν.
3084 3150 3153 3205 Ὦ
3188 3153 3373 3207 τέκνον
3420 3151 3671 3223 ἐμὸν,τίς
3694 3170 3785 3206 σου

550 3263 780 3316 oculos?
809 3263 943 3328 Quis
967 3278 1098 3316 vero
1129 3274 1180 3316 te
1199 3263 1456 3332 sepeliet?
1477 3262 1740 3329 Quisnam
1764 3263 1976 3321 ioculus
2002 3266 2111 3321 ele-

549 3354 952 3422 gantissimum,
975 3353 1545 3423 jucundissimumque
1569 3362 1723 3407 tuum
1758 3362 1894 3423 teget
1927 3355 2109 3409 taber-

551 3445 845 3501 naculum?
885 3442 966 3497 Ali
993 3446 1005 3497 ι
1034 3460 1261 3515 prorsus
1290 3445 1486 3500 clausit
1518 3444 1735 3515 quidem
1764 3452 1888 3501 tuos
1923 3446 2110 3501 oculos

549 3551 736 3595 mare:
768 3536 980 3605 sepeliit
1019 3552 1146 3590 vero
1176 3545 1227 3591 te
1256 3552 1482 3607 gurges;
1534 3545 1589 3591 et
1632 3546 1820 3592 venter
1874 3538 2109 3608 piscium

549 3630 643 3684 tibi
672 3628 1032 3683 conditorium
1058 3627 1180 3681 fuit.

618 3719 709 3774 XI.
735 3719 849 3775 Hoc
869 3719 1051 3789 itaque
1077 3720 1316 3773 lamento
1342 3736 1464 3775 cum
1495 3730 1748 3790 parentes
1773 3722 2105 3792 plaugerent,

547 3814 767 3883 quidam
802 3812 959 3866 exiis
988 3810 1081 3881 qui
1137 3811 1265 3866 illuc
1313 3824 1701 3878 convenerant,
1752 3813 1839 3867 vix
1891 3812 2107 3867 tandem

548 3913 937 3973 persuaserunt
960 3902 1068 3957 illis
1086 3911 1146 3956 ut
1165 3904 1490 3958 desisterent
1506 3905 1912 3965 lamentatione.
1935 3906 2111 3982 Atque

548 3994 617 4047 ab
648 3994 850 4063 ejulatu
885 4011 1177 4069 parumper
1217 4010 1519 4067 cessantes,
1574 4001 1796 4057 domum
1837 4004 2107 4058 abierunt.

551 4086 816 4161 Tempore
840 4107 970 4162 ergo
1001 4093 1348 4162 procedente,
1381 4102 1435 4146 et
1469 4094 1881 4150 advenientibus
1921 4096 2110 4150 diebus

549 4182 749 4247 quibus
776 4167 951 4237 sancti
980 4183 1245 4237 memoria
1274 4182 1604 4247 celebratur,
1630 4183 1745 4239 haec
1766 4183 1909 4239 inter
1937 4200 1994 4239 se
2025 4185 2111 4238 di-

549 4272 761 4337 cebant,
786 4274 1135 4328 recordantes
1161 4274 1255 4326 filii
1284 4274 1368 4329 sui
1394 4292 1408 4331 :
1436 4273 1678 4342 Agedum
1697 4274 2111 4343 proﬁciscamur

550 4364 615 4416 ad
646 4374 893 4419 sanetum
919 4406 935 4431 ,
964 4374 1025 4419 ut
1052 4365 1098 4420 si
1130 4365 1336 4434 aliquid
1388 4366 1743 4435 reliquiarum
1771 4367 1865 4420 ﬁlii
1911 4368 2103 4433 nostri,

549 4453 693 4523 quod
720 4456 832 4508 lieri
867 4471 972 4510 non
996 4464 1191 4524 potest,
1222 4457 1564 4520 remanserit,
1598 4455 1872 4521 tollamus,
1904 4467 2103 4512 etcum

2210 3252 2335 3311 τοὺς
2379 3248 2692 3318 ὀφθαλμοὺς
2745 3246 2971 3299 θανόντα
2995 3247 3037 3276 ’⁷
3082 3244 3342 3314 stultitiast;
3384 3245 3480 3308 Τίς
3526 3245 3585 3298 δὲ
3625 3247 3782 3298 ἐντα-

2212 3340 2430 3409 φιάσει;
2465 3340 2603 3392 Ποῖα
2628 3338 2683 3391 δὲ
2716 3338 2872 3409 σορὸς
2896 3337 2957 3390 τὸ
2994 3337 3316 3409 περικαλλὲς
3359 3337 3451 3389 καὶ
3488 3336 3783 3407 τερπνότα-

2208 3450 2299 3485 τον
2328 3431 2669 3507 κατακρύψει
2698 3448 2794 3486 σου
2835 3431 3131 3503 utﬁt/uitta;
3171 3429 3241 3483 Ἢ
3285 3428 3500 3493 πάντως
3546 3426 3781 3497 ἐκάλυψε

2214 3524 2310 3595 μέν
2370 3542 2463 3579 σου
2515 3528 2641 3589 τοὺς
2689 3525 2997 3595 ὀφθαλμοὺς
3030 3522 3301 3576 θάλασσα·
3363 3520 3686 3589 ἐνεταφίαοε
3723 3517 3781 3571 δὲ

2212 3616 2395 3687 βυθόςο
2434 3619 2527 3673 καὶ
2548 3616 2757 3687 γαστὴρ
2794 3614 2987 3686 ἰχθύων
3017 3614 3172 3685 σορός
3194 3630 3276 3666 σοι
3313 3613 3547 3681 ἐγένετο.

2278 3704 2378 3769 XI:
2410 3712 2564 3766 Οῦτω
2583 3705 2724 3763 δὀὗν
2755 3707 3102 3777 κοπτομένων
3121 3706 3229 3759 τῶν
3247 3705 3508 3759 τεκόντων
3540 3704 3629 3757 τὸν
3651 3703 3782 3775 θρῆ-

2208 3814 2318 3865 νον,
2365 3800 2471 3853 τῶν
2514 3801 2691 3852 ἐκεῖσε
2726 3797 3081 3851 συνελθόντων
3120 3795 3261 3857 τινὲς
3284 3835 3299 3857 ,
3338 3795 3490 3865 μόλις
3526 3793 3658 3847 ποτέ
3683 3792 3778 3845 τοῦ

2212 3894 2406 3966 θρήνου
2437 3894 2640 3946 ἀνεῖναι
2670 3890 2894 3953 τούτους
2926 3887 3238 3940 πεπείκασι.
3263 3889 3370 3940 Kal.
3401 3886 3463 3957 δὴ
3484 3887 3581 3957 τῆς
3608 3886 3777 3955 οἰμω-

2210 3986 2313 4055 γῆς
2338 3984 2438 4038 κᾶν
2474 3984 2609 4055 πρὸς
2638 3982 2814 4052 ὀλίγον
2847 3980 3201 4049 παυσάμενοι,
3222 3978 3400 4032 οἴκαδε
3423 3976 3643 4047 ῷχοντο.
3668 3974 3776 4029 Τοῦ

2209 4072 2299 4128 οὖν
2344 4074 2533 4145 χρόνου
2581 4072 3029 4144 προοδεύσαντος,
3066 4071 3158 4122 καὶ
3215 4069 3321 4121 τῶν
3348 4069 3446 4139 τῆς
3492 4067 3585 4120 τοῦ
3620 4067 3777 4135 ἁγίου

2214 4167 2427 4237 μνήμης
2447 4165 2666 4236 ἡμερῶν
2688 4162 3125 4227 καταλαϐουσῶν,
3147 4162 3319 4215 τοιάδε
3350 4160 3485 4231 πρὸς
3516 4159 3776 4230 ἀλλήλους

2210 4259 2427 4325 ἔλεγον,
2478 4259 2556 4319 εἰς
2582 4256 2884 4326 ἀνάμνησιν
2925 4254 3019 4307 τοῦ
3058 4255 3185 4308 ἰδίου
3232 4254 3420 4305 τέκνου
3467 4251 3770 4322 γενόμενον

2209 4347 2375 4418 Δεῦρο
2408 4348 2471 4417 δὴ
2504 4347 2597 4399 καὶ
2623 4345 2974 4418 πορευθῶμεν
2996 4345 3132 4416 πρὸς
3162 4344 3251 4396 τὸν
3284 4344 3465 4410 ἅγιον,
3511 4342 3588 4403 ὡς
3629 4342 3694 4395 ἂν
3727 4344 3779 4397 εί

2210 4440 2315 4493 πού
2335 4458 2385 4492 τι
2406 4439 2673 4508 λείψανον,
2689 4439 2826 4508 ὅπερ
2848 4437 3121 4500 ἀδύνατον,
3149 4434 3443 4504 ὑπελείφθη
3464 4433 3558 4486 τοῦ
3585 4433 3771 4487 τέκνου

549 4552 742 4597 sancto
765 4545 1158 4600 contendamus
1184 4538 1389 4615 judicio
1411 4564 1424 4611 ;
1448 4546 1532 4599 vel
1566 4555 1619 4600 et
1642 4546 1779 4602 forte
1810 4549 2109 4603 moriamur

2212 4530 2366 4603 ἡμῶν
2396 4528 2704 4599 λαϐώμεθα,
2740 4529 2831 4580 καὶ
2858 4527 2946 4580 τὸν
2979 4527 3131 4594 ἆγιον
3162 4523 3536 4594 δικασώμεθα,
3570 4524 3623 4576 εἴ
3659 4539 3773 4585 πως
3866 4578 3870 4582 ,

552 4636 685 4696 illic.
718 4636 910 4692 mortis
941 4638 1095 4706 pueri
1128 4639 1441 4708 participes.
1476 4637 1600 4692 Hmc
1631 4640 1814 4709 itaque
1842 4640 2105 4707 dicentes,

553 4726 792 4781 nondum
818 4727 971 4781 finito
994 4743 1246 4782 sermone
1267 4768 1281 4793 ,
1320 4728 1708 4798 profectionem
1755 4730 2102 4791 inchoarunt.

548 4819 797 4887 Cumque
847 4820 1245 4884 accessissent,
1297 4831 1350 4875 et
1392 4822 1457 4875 ad
1492 4821 1668 4875 locum
1711 4824 2103 4889 pervenissent,

550 4920 714 4979 atque
744 4911 1144 4966 retrocessissct
1171 4928 1353 4977 mare;
1387 4913 1494 4967 Deo
1524 4914 1603 4968 sic
1619 4915 1782 4969 etiam
1805 4914 2108 4971 lionorante

552 5009 843 5071 martyrem
868 5045 883 5067 ,
913 5002 1070 5071 primi
1110 5003 1162 5056 in
1194 5003 1521 5073 profundum
1550 5005 1874 5073 insilierunt,
1906 5006 2105 5061 stimu-

552 5095 696 5149 lante
722 5093 1142 5148 lilii‘dcsiderio:
1172 5110 1376 5163 eosque
1399 5110 1633 5165 sequens
1662 5097 1952 5152 multitudo
1985 5112 2107 5167 per-

548 5189 724 5258 gebat.

616 5346 729 5402 ΧΠ.
771 5347 839 5402 Et
885 5362 1009 5403 cum
1065 5345 1134 5402 ad
1184 5345 1331 5403 omni
1376 5346 1525 5400 cultu
1573 5345 1795 5415 dignum
1854 5348 2107 5416 martyris

2209 4625 2302 4676 καὶ
2333 4620 2599 4691 θανοῦμεν
2621 4620 2818 4680 ἐκεῖσε,
2854 4618 2931 4688 τῷ
2971 4617 3185 4687 θανάτῳ
3220 4615 3313 4668 τοῦ
3353 4614 3538 4679 παιδὸς
3582 4632 3769 4668 κοινω-

2207 4718 2482 4788 νήσαντες.
2522 4712 2684 4766 Ταῦτ’
2716 4709 2807 4765 οῦν
2837 4711 3099 4773 εἰπόντες,
3123 4708 3272 4762 οὔπω
3302 4708 3451 4771 τέλος
3482 4707 3771 4787 τοῖς-λεγος

2210 4807 2390 4877 μένοις
2419 4804 2715 4867 τεθείκασι,
2762 4802 2856 4855 καὶ
2889 4802 2986 4871 τὴν
3035 4800 3258 4871 πορείαν
3291 4798 3624 4871 άπήρξαντρ.
3664 4796 3771 4851 Καὶ

2204 4897 2267 4968 δὴ
2302 4895 2751 4968 παραγεγονότες,
2788 4894 2878 4947 καὶ
2908 4893 2998 4946 τὸν
3034 4893 3198 4945 τόπον
3239 4889 3647 4955 καταλαϐόντες,
3681 4889 3771 4942 καὶ

2204 4990 2303 5058 τῆς
2359 4988 2629 5057 θαλάσσης
2692 4984 3155 5056 ὑποχωρησάσης,
3198 4981 3461 5052 τιμῶντος
3500 4981 3593 5034 τοῦ
3638 4978 3769 5034 Θεοῦ

2207 5077 2485 5131 κάνταῦθα
2513 5077 2601 5129 τὸν
2639 5075 2908 5146 μάρτυρα,
2939 5074 3015 5144 τῷ
3039 5072 3131 5125 τοῦ
3161 5071 3352 5125 τέκνου
3396 5070 3545 5141 πόθῳ
3587 5069 3769 5125 δακνό-

2209 5186 2378 5238 μενοι,
2412 5168 2612 5239 πρῶτοι
2640 5166 2717 5237 τῷ
2751 5164 2896 5236 βυθῷ
2930 5165 3320 5236 εἰσεπήδησαν*
3356 5162 3687 5233 ἐφεπόμενόν
3709 5179 3766 5215 τε

2204 5259 2411 5322 τούτοις
2441 5259 2501 5311 τὸ
2531 5258 2731 5328 πλῆθος
2750 5258 3036 5328 ἐπήρχετο.

2275 5352 2387 5406 XII.
2413 5353 2522 5405 Kal.
2552 5351 2616 5420 δὴ
2651 5350 2741 5403 τὸν
2778 5349 3083 5402 πάνσεπτον
3112 5346 3232 5400 ναὸν
3268 5346 3657 5411 καταλαϐόντες
3675 5346 3766 5400 τοῦ

1802 5466 1888 5520 VA
1899 5467 2035 5524 ΒΙᾸΞ
2074 5468 2473 5525 LECTIONES.

617 5551 738 5630 1",”
750 5550 841 5630 Si?
860 5553 1166 5630 legendum.
1186 5569 1292 5630 119!)
1321 5553 1622 5630 ἐκτείνασα,
1644 5564 1700 5608 ut
1720 5556 1961 5630 ediderat
1984 5560 2302 5625 Cotelerius,
2326 5562 2418 5630 qui
2434 5568 2664 5613 verterat
2689 5556 2937 5630 extensis,
2952 5554 3285 5630 nequeenim
3305 5552 3764 5630 (ξςεῃεέκτείνειν

544 5618 853 5688 ὀφθαλμούς
896 5618 1118 5686 dixeris,
1152 5624 1241 5677 sed
1269 5624 1519 5675 ἐντείνειν
1540 5666 1553 5687 ,
1584 5627 1846 5680 intendere
1873 5666 1887 5685 ,
1928 5646 2034 5681 non
2085 5618 2357 5683 extendere
2385 5632 2580 5684 oculos.
2612 5631 2775 5682 CLER.

2854 5628 2898 5658 ³⁵
2933 5628 3004 5680 al.
3040 5623 3244 5677 τοῦτον.
3323 5625 3368 5655 ⁸⁸
3402 5622 3579 5687 Ποίοις
3616 5623 3765 5675 ποσὶν

548 5689 888 5767 ὑποστρέψῃ).
924 5692 1103 5769 Minus
1149 5694 1434 5769 commode
1469 5711 1728 5769 conversa
1753 5708 1877 5750 sunt
1911 5700 2020 5751 lucc
2059 5701 2198 5769 apud
2227 5700 2468 5757 Suriutn.
2506 5700 2609 5755 Sed
2640 5716 2738 5753 nos
2772 5714 2875 5752 non
2901 5694 3205 5752 solemusin
3229 5690 3760 5763 ﬁdcm'lntcrpretum

545 5763 820 5827 tnquircre
847 5778 861 5815 :
886 5763 1140 5817 enitimur
1164 5765 1354 5817 melius
1380 5764 1736 5834 interpretari.
1767 5769 1898 5822 Cor.
1944 5770 1985 5800 ⁸⁷
2021 5763 2384 5836 οιξθανόντος.
