4066 6330
329 288 430 341 641

844 284 1150 338 EPHRAIM
1190 284 1577 340 CHERSONIS
1615 283 1932 339 ARCHIEP.
1975 286 2061 340 DE
2100 287 2458 345 MIRACULO
2500 291 2562 345 S.
2605 289 3008 348 CLEMENTIS.

3461 297 3566 349 6ιὲ

331 399 646 470 μάρτυρος,
677 390 721 450 ὦ
748 396 840 450 τοῦ
875 398 1178 469 θαύματοςί
1228 399 1393 470 ὁρῶσι
1426 403 1487 451 τὸ
1535 398 1664 451 ἴδιον
1712 398 1901 450 τέκνον

2007 403 2264 471 templum
2296 406 2707 472 pervenissent,
2738 425 2772 465 o
2795 411 3154 466 miraculum!
3182 412 3368 467 vident
3394 413 3565 470 ﬁlium

328 488 442 551 ζῶν
471 490 567 542 καὶ
607 487 828 559 φαιδρὸν
858 489 952 541 καὶ
994 490 1304 560 άλλόμενον.
1348 490 1434 552 Ὠς
1466 489 1522 541 δὲ
1563 491 1621 542 ἐν
1665 488 1902 559 θαύμασι

328 579 519 650 θαῦμα
540 578 940 650 περιτυχόντες,
976 580 1340 648 ἐκπλαγέντες
1366 597 1425 631 τε
1455 578 1533 649 τῷ
1555 578 1774 649 ἐξαισίῳ
1804 596 1901 649 με-

328 671 607 742 γαλουργή
617 688 766 740 ματι,
793 670 986 741 πρῶτα
1008 671 1105 741 μὲν
1127 672 1187 723 τὸ
1213 670 1354 724 θεῖον
1369 670 1678 741 ἐγέραιροψ
1716 669 1903 722 ἔπειτα

326 761 388 814 δὲ
413 761 505 815 τὸν
541 762 793 834 μάρτυρα
824 761 1252 836 εὐχαριστηρίοις
1273 764 1473 831 φωναῖς
1496 757 1863 830 ἐπευφήμιζον
1887 773 1902 788 ο

328 849 455 906 εἶτα
485 853 563 923 τῷ
595 852 701 923 νέῳ
720 852 1000 916 ἐπύθοντο,
1025 851 1142 915 πῶς
1186 852 1485 915 σέσωσται,
1519 850 1665 913 τίνος
1704 849 1903 917 ζωογοο

326 942 563 1009 νοῦντος,
586 944 730 1007 τίνος
767 944 1128 1015 φυλάσσοντος
1146 984 1160 1007 ,
1200 944 1293 996 καὶ
1318 942 1461 1005 τίνος
1491 942 1797 1013 τρέφοντος.
1845 939 1900 993 '0

326 1032 390 1086 δέ
412 1052 475 1103 γε
504 1037 652 1100 παῖς,
688 1038 754 1106 τῇ
782 1037 879 1106 μὲν
912 1038 1008 1106 μιᾷ
1033 1036 1174 1107 χειρὶ
1218 1034 1462 1104 κατέχων
1505 1035 1604 1104 τὴν
1634 1033 1898 1105 λάρνακα,

326 1126 397 1194 τῇ
427 1124 484 1176 δὲ
522 1123 687 1195 ἑτέρᾳ
728 1124 1181 1177 δακτυλοδεικτῶν
1221 1123 1312 1176 τὸν
1358 1123 1567 1177 ἔνδοθεν
1617 1122 1899 1194 κείμενον,

326 1216 445 1275 τοῖς
472 1212 745 1284 ἐρωτῶσιν
777 1214 1214 1285 ἁνταπεκρίνετοο
1248 1209 1414 1277 Οὖτός
1449 1231 1549 1284 μου
1588 1213 1725 1285 μετὰ
1769 1213 1901 1266 Θεὸν

329 1307 426 1359 καὶ
459 1304 570 1377 ζωὴ
599 1308 693 1361 καὶ
711 1308 906 1380 τροφὴ,
954 1310 1045 1360 καὶ
1076 1308 1185 1361 τῶν
1220 1309 1277 1361 ἐν
1314 1310 1379 1377 τῇ
1422 1307 1663 1380 Θαλάσσῃ
1698 1306 1901 1378 θηρίων

328 1400 660 1471 ἀμυντήριον
695 1400 965 1469 ἐγεγόνει·
1005 1396 1242 1472 οὖτόςμε
1293 1400 1413 1454 καθ’
1445 1399 1679 1470 ἑκάστην
1716 1398 1899 1468 ἐτιθηο-

331 1494 473 1544 νεῖτο
516 1491 889 1563 λαμπρότατα.

2006 506 2165 545 suum
2205 493 2473 548 viventem
2526 511 2591 551 ac
2650 499 2830 553 laetum
2871 510 3034 569 atque
3084 504 3445 561 exsilientem.
3498 506 3570 561 Ut

2003 599 2133 637 vero
2163 585 2217 638 in
2244 586 2528 643 miraculis
2560 591 2886 646 miraculum
2918 594 3283 664 oﬂ‘enderunt,
3315 597 3571 668 obstupe-

2003 683 2217 728 scentes
2267 691 2432 745 super
2488 693 2687 748 magno
2727 681 3037 753 eximioque
3087 700 3278 755 opere.
3330 688 3566 757 primum

2003 761 2221 830 quidem
2252 762 2364 818 Deo
2390 765 2654 821 honorem
2677 767 2977 839 dederunt;
3014 774 3208 830 deinde
3247 792 3374 830 vero
3415 793 3564 832 mar-

2003 860 2175 923 tyrem
2205 856 2690 915 acclamationibus
2721 869 2775 915 et
2795 863 3091 931 gratiarum
3109 866 3415 922 actionibus
3436 882 3567 937 pro-

2003 948 2176 1001 secuti
2226 960 2373 1006 sunt.
2429 949 2625 1007 Postea
2681 955 3080 1011 adolescentem
3143 959 3567 1031 interrogarunt.

2001 1054 2112 1108 quo
2138 1049 2299 1109 pacto
2344 1053 2593 1101 servatus
2643 1046 2860 1115 fuisset,
2892 1065 3134 1119 quonam
3171 1051 3338 1105 vitam
3384 1052 3570 1115 dante,

2004 1145 2245 1199 quonam
2301 1135 2665 1203 custodiente,
2710 1148 2765 1194 ct
2798 1156 3039 1210 quonam
3076 1143 3369 1200 nutriente.
3429 1145 3573 1202 Puer

2003 1230 2207 1289 autem,
2239 1239 2345 1278 una
2381 1226 2603 1295 quidem
2638 1242 2805 1283 manu
2840 1237 3032 1286 tenens
3068 1247 3278 1301 arcam,
3304 1236 3411 1292 alia
3440 1253 3573 1293 vero

2004 1310 2252 1368 indicans
2275 1314 2445 1385 digito
2486 1332 2612 1371 eum
2640 1319 2735 1389 qui
2783 1318 2931 1376 intus
2956 1322 3195 1390 jacebat,
3226 1326 3573 1399 interrogan-

2002 1404 2151 1460 tibus
2180 1406 2423 1462 vicissim
2477 1410 2795 1479 respondit:
2838 1410 2939 1467 Hic
2989 1414 3121 1467 mihi
3155 1426 3277 1484 post
3320 1417 3490 1474 Deum
3519 1432 3574 1477 et

2000 1496 2133 1564 vita,
2166 1507 2220 1553 et
2255 1498 2597 1566 alimentum,
2644 1510 2698 1555 et
2750 1497 3016 1557 adversus
3066 1504 3309 1561 marinas
3362 1509 3572 1567 belluas

2002 1592 2474 1659 propugnaculum
2522 1592 2759 1647 exstitit:
2788 1593 2879 1649 hic
2913 1609 3001 1648 me
3046 1596 3289 1665 quotidie
3325 1601 3570 1670 splendi-

2004 1681 2229 1737 dissime
2257 1684 2588 1739 nutricabat.

398 1775 535 1829 Xlll.
570 1779 632 1831 0i
665 1776 819 1835 δὀὖν
854 1780 1126 1843 τεκόντες,
1164 1780 1360 1851 θάμϐει
1399 1782 1492 1836 καὶ
1518 1784 1661 1854 χαρᾷ
1698 1797 1896 1854 συσχε-

2066 1774 2208 1831 ΧΙΙΙ.
2238 1774 2500 1832 Parentes
2526 1786 2733 1843 autem,
2757 1782 3119 1841 admiratione
3156 1803 3221 1842 ac
3250 1787 3435 1845 laetitia
3467 1792 3566 1845 de-

329 1867 531 1934 θέντες,
561 1873 628 1941 τῇ
656 1887 713 1923 τε
740 1870 919 1924 πίστει
958 1872 1119 1925 πλέον
1148 1871 1531 1942 βεϐαιωθέντες
1557 1874 1650 1926 τοῦ
1688 1874 1897 1944 μάρτυ-

331 1978 441 2031 ρος,
468 1961 536 2015 δι’
551 1957 610 2016 οὖ
641 1962 732 2016 τὸν
746 1964 935 2036 νεκρὸν
960 1963 1278 2035 νομισθέντα
1313 1964 1425 2018 υἱὸν
1459 1962 1634 2030 ζῶντα
1674 1966 1897 2037 ἀπείλη-

328 2067 454 2118 φεν,
494 2052 623 2113 τοὺς
657 2052 953 2123 προτέρους
988 2051 1215 2123 θρήνους
1251 2052 1332 2114 είς
1362 2052 1710 2122 εὐχαριστίαν
1747 2052 1899 2125 ἐτρέ-

324 2140 516 2207 ψαντο,
546 2140 722 2194 τοιάδε
752 2142 829 2212 τῷ
859 2140 996 2212 ἁγίῳ
1012 2140 1393 2211 ἐπιϐοώμενοι·
1439 2142 1525 2205 Ὠς
1552 2141 1765 2213 ἀληθῶς
1792 2144 1898 2213 ἄρα

326 2231 668 2300 θαυμαστὸς
690 2236 729 2287 ό⁴
747 2232 889 2299 Θεὸς
908 2232 978 2286 ἐν
994 2233 1117 2299 τοῖς
1134 2232 1323 2301 ἁγίοις
1341 2232 1544 2299 αὐτοῦ,
1562 2234 1653 2285 καὶ
1673 2233 1901 2302 θέλημα

324 2320 447 2374 τῶν
477 2322 859 2391 φοϐουμένων
887 2323 1071 2377 αὐτὸν
1113 2322 1316 2389 ποιῶν,
1362 2322 1461 2377 καὶ
1500 2322 1611 2391 τῆς
1638 2322 1901 2389 δεήσεως

322 2408 525 2463 αὐτῶν
553 2411 903 2465 είσακούων.
942 2413 1191 2476 Ἕσωσας
1222 2412 1408 2483 ἡμῶν,
1445 2413 1619 2481 Ἀγιε,
1640 2412 1731 2466 τὸν
1763 2413 1897 2479 υίὺν,

322 2497 615 2561 ἀπέδωκας
637 2500 768 2570 ἡμῖν
817 2500 911 2553 τὸν
947 2501 1046 2553 οὐκ
1065 2501 1435 2573 ἐλπιζόμενον.
1465 2498 1536 2556 Ὦ
1572 2502 1767 2574 οὑρανὲ
1806 2504 1900 2556 καὶ

322 2589 417 2659 γῆ,
436 2590 612 2643 καὶσὺ
636 2588 785 2659 βυθὲ,
810 2592 837 2643 ὀ
852 2591 980 2661 πρὶν
998 2591 1085 2660 ὑφ’
1104 2592 1257 2663 ἡμῶν
1280 2593 1652 2665 ἐπαρώμενος,
1678 2593 1900 2664 ἔκστηθι

322 2679 404 2750 τῷ
442 2680 581 2753 ὑπὲρ
611 2680 770 2751 φύσιν
794 2682 969 2754 τούτῳ
996 2682 1489 2756 μεγαλουργήματι.
1518 2686 1700 2749 Ἴλεως
1726 2686 1782 2739 δὲ
1808 2686 1902 2739 καὶ

325 2772 492 2835 αὐτὸς
522 2772 682 2841 γενοῦ
702 2814 716 2838 ,
748 2773 903 2841 ἅγιε,
939 2768 1015 2827 ὧν
1049 2775 1185 2846 πρὸς
1230 2774 1288 2828 σὲ
1319 2780 1385 2846 τῇ
1424 2775 1593 2846 θλίψει
1628 2777 1901 2848 τρυχόμε-

322 2882 409 2918 νοι
441 2864 761 2935 ἐπράξαμέν
786 2881 846 2917 τε
874 2866 967 2918 καὶ
984 2867 1205 2937 εἴπομεν
1225 2883 1237 2896 ·
1268 2867 1341 2937 μὴ
1359 2867 1755 2932 ἀνταποδώσεις
1770 2870 1903 2939 ἡμῖν

321 2956 424 3030 τὴν
449 2956 558 3011 τῶν
587 2955 945 3028 βλασφημιῶν
986 2958 1359 3013 ἀνταπόδοσιν.
1397 2959 1500 3013 Τὸν
1548 2960 1662 3014 υίὸν
1698 2960 1907 3015 ἀπελά-

323 3045 516 3117 6ομεν,
547 3048 639 3101 τὸν
670 3048 860 3118 νεκρὸν
892 3048 979 3101 διὰ
1009 3047 1101 3101 σοῦ
1131 3049 1225 3102 νῦν
1251 3051 1559 3104 ἀναστάντα
1583 3050 1900 3122 ἐδεξάμεθα,

2000 1865 2157 1931 tenti,
2192 1878 2246 1920 et
2276 1867 2331 1920 in
2387 1868 2492 1923 ﬁde
2544 1873 2801 1943 martyris
2854 1878 3030 1947 magis
3082 1880 3391 1935 conlirmati
3420 1923 3435 1947 ,
3474 1899 3572 1953 per

1999 1970 2159 2025 quem
2208 1956 2378 2013 ﬁlium
2414 1974 2577 2029 quem
2605 1972 2931 2031 putaverant
2970 1978 3270 2037 mortuum,
3294 1972 3568 2032 viventem

1999 2054 2338 2112 receperant,
2380 2048 2593 2116 priores
2632 2051 2813 2107 luctus
2857 2054 2912 2108 in
2964 2058 3265 2126 gratiarum
3299 2062 3572 2120 actionem

1999 2144 2410 2203 converterunt,
2453 2139 2693 2210 taliaque
2723 2143 3097 2202 acclamarunt
3128 2162 3355 2207 sancto:
3393 2153 3568 2220 Quam

2000 2239 2127 2279 vere
2150 2227 2337 2297 utique
2364 2231 2628 2286 mirabilis
2658 2232 2799 2289 Deus
2824 2237 2876 2289 in
2907 2241 3104 2295 sanctis
3144 2244 3252 2295 suis
3292 2256 3340 2309 δ,
3378 2256 3431 2300 et
3475 2263 3567 2301 ua-

2001 2314 2257 2371 luntatem
2292 2320 2588 2375 timentium
2619 2341 2674 2377 se
2700 2326 2919 2395 faciens,
2948 2330 3461 2407 deprecationemque
3480 2354 3569 2391 eo-

2002 2424 2116 2461 rum
2146 2412 2433 2466 exaudiens
2456 2414 2504 2469 b.
2552 2414 2811 2485 Servasti,
2842 2431 3048 2489 sancte,
3078 2425 3247 2480 lilium
3280 2439 3527 2485 nostrum
3553 2449 3570 2497 ;

2001 2499 2283 2557 reddidisti
2331 2505 2487 2561 nobis
2519 2522 2681 2577 quem
2714 2524 2823 2564 non
2868 2514 3247 2581 sperabamus.
3296 2517 3343 2573 0
3373 2522 3573 2577 ccelum

1999 2602 2054 2647 et
2077 2602 2239 2661 terra,
2274 2606 2441 2667 tuque
2466 2616 2665 2672 gurges
2696 2603 2850 2671 prius
2880 2621 2911 2659 a
2944 2607 3103 2662 nobis
3147 2623 3449 2681 exsecratc,
3474 2616 3575 2671 ob-

2002 2694 2251 2763 stupesce
2269 2706 2431 2759 super
2458 2692 2561 2748 hoc
2583 2704 2833 2751 naturam
2856 2700 3150 2756 excedente
3167 2718 3363 2773 magno
3385 2722 3571 2775 opere.

2004 2778 2136 2835 Esto
2161 2789 2339 2836 autem
2372 2792 2430 2838 tu
2477 2801 2719 2857 quoque,
2773 2805 2808 2844 o
2855 2801 3061 2858 sancte,
3095 2796 3381 2864 propitius,
3417 2797 3471 2852 in
3504 2799 3575 2854 iis

2003 2885 2125 2939 qua:
2148 2882 2335 2927 contra
2364 2882 2416 2929 te
2447 2876 2740 2934 alﬂictione
2766 2883 2986 2937 contriti
3018 2899 3142 2939 cum
3176 2884 3424 2952 fecimus,
3457 2900 3571 2944 tum

2004 2964 2278 3020 diximus:
2325 2982 2394 3021 ne
2424 2970 2697 3027 retribuas
2742 2974 2903 3029 nobis
2948 2977 3320 3033 conviciorum
3345 2982 3572 3037 retribu-

2010 3054 2232 3108 tionem.
2262 3054 2462 3111 Filium
2489 3063 2952 3129 recuperavimus,
2991 3077 3265 3122 mortuum
3303 3086 3449 3125 nunc
3476 3088 3574 3141 per

318 3141 424 3210 τὴν
451 3138 545 3190 τοῦ
573 3140 759 3211 γήρως
791 3138 1087 3211 βακτηρίαν
1126 3144 1191 3213 σῇ
1226 3141 1445 3214 βοηθείᾳ
1482 3142 1644 3196 πάλιν
1681 3143 1896 3214 ἔχομεν.

2005 3156 2055 3201 te
2085 3147 2407 3203 suscitatum
2450 3152 2782 3221 accepimus,
2838 3157 3093 3213 baculum
3147 3165 3442 3218 senectutis
3475 3174 3569 3220 tuo

322 3230 392 3281 τί
418 3230 485 3282 τά
532 3230 704 3287 πολλᾶ
738 3230 1004 3303 λέγομεν;
1035 3231 1125 3284 τὸν
1165 3233 1225 3285 οὐ
1251 3234 1546 3306 τριήμερον
1577 3234 1691 3288 ἀλλ’
1720 3235 1901 3288 ἐνιαύ-

323 3338 439 3373 σιον
466 3321 677 3393 νεκρὸν,
724 3322 819 3375 καὶ
856 3323 917 3374 οὐ
958 3322 1088 3393 λίθῳ
1134 3323 1249 3376 ἀλλ’
1281 3323 1431 3379 ὖδατι
1473 3328 1897 3398 καλυπτόμενον,

322 3413 422 3466 καὶ
451 3414 550 3484 οὐχ
577 3412 683 3466 ὑπὸ
713 3413 1026 3484 σκωλήκων,
1062 3412 1097 3466 ἃ
1128 3416 1226 3485 τῆς
1246 3415 1339 3468 τοῦ
1373 3415 1618 3487 σώματος
1656 3421 1770 3472 ἐστι
1797 3419 1900 3489 φύ-

324 3522 466 3567 σεως
502 3504 609 3557 ὢια
631 3544 646 3570 ,
676 3504 1087 3576 δαπανηθέντα,
1138 3506 1275 3560 ἀλλὰ
1311 3507 1402 3562 τὸν
1449 3510 1553 3562 ὑπὸ
1598 3512 1793 3581 ἰχθύων
1825 3514 1902 3577 ὡς

322 3598 654 3671 ἐνομίσαμεν
707 3599 1145 3671 καταϐρωθέντα,
1199 3602 1334 3655 σῶον
1385 3603 1471 3657 διὰ
1511 3604 1603 3657 σοῦ
1635 3607 1902 3661 άπελάϐο-

326 3707 448 3762 μεν.
482 3687 621 3759 Εὖγε
645 3692 744 3761 τῆς
764 3692 1005 3763 χάριτος,
1034 3689 1160 3762 εὖγε
1196 3695 1293 3766 τῆς
1313 3695 1488 3767 δόξης,
1524 3693 1652 3766 εὖγε
1684 3700 1783 3771 τῆς
1808 3701 1900 3755 δυ-

322 3784 543 3854 νάμεως
584 3786 676 3838 καὶ
695 3785 793 3856 τῆς
825 3785 1145 3857 εὐεργεσίας
1193 3804 1305 3852 σου,
1340 3788 1482 3857 ἅγιε.
1524 3790 1677 3845 Οὕτω
1722 3793 1902 3847 τοίνυν

322 3877 419 3929 τὸν
449 3877 599 3945 ἆγιον
630 3876 768 3948 μετά
795 3878 1042 3950 δακρύων
1075 3879 1583 3952 ἐπευφημήσαντες,
1620 3883 1712 3939 τὸν
1740 3888 1903 3941 παῖδα

324 3968 810 4041 άράμενοι,οίκαδε
844 3971 1226 4043 παρεγένοντο,
1246 3973 1379 4024 πᾶσι
1415 3972 1476 4025 τὸ
1510 3973 1691 4047 θαῦμα
1722 3979 1903 4051 ἐκδιη-

324 4057 424 4124 γού
433 4075 603 4128 μενοι.

395 4149 535 4204 XIV.
569 4149 634 4203 Τί
668 4145 759 4204 οὖν
809 4151 943 4223 πρὸς
983 4152 1154 4205 ταῦτα
1198 4154 1291 4206 καὶ
1340 4156 1783 4230 παρισὼσαιμεν;
1811 4163 1901 4218 τὸν

342 4241 528 4295 Ἠλίαν
552 4242 682 4311 φασι
715 4260 843 4295 ποτε
862 4244 953 4296 τὸν
983 4246 1175 4315 νεκρὸν
1204 4245 1380 4309 ζῶντα
1415 4248 1528 4301 υἱὸν
1551 4253 1616 4320 τῇ
1655 4250 1757 4323 ἰδίᾳ
1772 4254 1903 4307 ἀπο-

326 4334 511 4387 δοῦναι
540 4334 734 4406 μητρί·
763 4335 793 4388 ὃ
847 4337 989 4406 μέγα
1027 4355 1086 4389 τε
1129 4338 1363 4411 ὑπάρχει
1411 4341 1507 4394 καὶ
1551 4343 1903 4415 ὑπερθαύμα-

331 4443 471 4479 στον,
536 4426 695 4479 Ἀλλὰ
742 4427 834 4479 καὶ
865 4427 942 4499 τῷ
984 4428 1286 4482 Ἐλισσαίου
1319 4431 1469 4494 ποτὲ,
1506 4434 1581 4496 ὡς
1606 4434 1896 4506 ἱστοροῦσι,
1930 4467 1974 4521 D

334 4518 595 4588 μνήματι,
622 4518 725 4571 ὑπό
750 4536 911 4572 τινων
932 4520 1268 4590 άνδροέρόνων
1295 4522 1616 4591 φονευθέντα
1645 4526 1784 4589 τινὰ,
1803 4526 1896 4583 καὶ

329 4608 390 4661 ἐν
417 4608 566 4679 αὐτῷ
601 4608 840 4679 ῥιφέντα,
875 4608 1037 4673 εὐθὺς
1077 4611 1434 4682 ἀνεγερθῆναι
1465 4630 1523 4666 τε
1557 4617 1652 4669 καὶ
1699 4617 1892 4687 ζῆσαι·

327 4700 360 4753 ὃ
387 4699 570 4771 μεῖζον
596 4699 688 4752 τοῦ
718 4700 984 4772 προτέρου
1019 4702 1112 4755 καὶ
1133 4701 1527 4776 ἐξαισιώτερον.
1552 4708 1663 4760 Καὶ
1692 4708 1897 4779 Πέτρος

329 4793 386 4845 δὲ
419 4795 476 4845 ἐν
519 4795 633 4855 τοῖς
671 4792 792 4846 καθ’
826 4794 971 4863 ἡμᾶς
993 4832 1007 4856 ,
1062 4796 1094 4866 ἡ
1142 4796 1250 4848 τῶν
1298 4798 1608 4852 ἀποστόλων
1644 4802 1891 4871 κορωνὶς,

328 4883 429 4951 τὴν
473 4882 850 4953 πτωχοτρόφον
886 4884 1097 4954 ἐκείνην
1142 4886 1315 4957 χήραν
1362 4887 1598 4942 Ταὸιθὰν
1632 4890 1894 4944 θανοῦσαν

329 4970 580 5043 αὖθωρον
612 4977 883 5045 προσευχῇ
912 4974 1283 5047 ἐξανέστησεν.
1316 4978 1496 5031 Ταῦτα
1527 4978 1625 5051 μὲν
1646 4976 1737 5033 οὖν
1768 4980 1897 5034 θαυ-

335 5063 515 5133 μαστὰ
547 5065 641 5119 καὶ
674 5065 1067 5138 ὑπέρλαμπρα’
1102 5068 1162 5120 τὸ
1191 5068 1247 5121 δὲ
1298 5070 1468 5140 παρὸν
1513 5070 1728 5142 θαῦμα,
1771 5072 1893 5126 ὅσον

330 5152 537 5207 τούτων
564 5155 1027 5227 ὁπερανέστηκενί

399 5244 518 5298 XV.
548 5247 658 5300 Καὶ
681 5248 782 5320 δρα
807 5267 894 5320 μοι
924 5249 1202 5321 προσέχων
1242 5252 1301 5305 τὸ
1338 5253 1603 5326 ὑπέροχον
1627 5254 1722 5309 τοῦ
1766 5258 1895 5312 θαύ-

336 5352 526 5407 ματος.
581 5336 637 5390 '0
668 5337 770 5407 μὲν
814 5338 1013 5404 Ἠλίας,
1046 5339 1121 5403 ὼς
1148 5342 1485 5414 προέφημεν,
1515 5345 1637 5416 ἄρτι
1672 5347 1896 5403 θανόντα

331 5426 424 5481 τὸν
444 5427 605 5481 παῖδα
632 5431 724 5481 καὶ
751 5427 902 5484 οὔπω
933 5431 1332 5503 καταψυχέντα,
1356 5434 1471 5490 ἀλλ’
1502 5436 1668 5490 εἰσέτι
1699 5438 1761 5491 τὸ
1784 5439 1900 5511 θερ-

337 5518 435 5593 μὸν
462 5520 559 5591 τῆς
583 5520 793 5589 φύσεως
818 5520 1163 5589 διασῴζοντα,
1210 5525 1583 5600 ἐξανέστησεν.
1632 5529 1694 5582 Ἦ
1716 5530 1770 5583 δὲ
1802 5529 1895 5585 τοῦ

1999 3238 2206 3292 auxilio
2269 3239 2464 3295 iterum
2541 3243 2826 3302 habemus.
2874 3247 3014 3316 Quid
3076 3252 3307 3308 dicimus
3369 3256 3576 3311 multa?

2000 3345 2109 3383 non
2151 3330 2465 3387 triduanum
2498 3335 2590 3390 sed
2623 3353 2865 3393 annuum
2898 3351 3199 3410 mortuum,
3253 3361 3353 3401 nec
3397 3348 3573 3417 lapide

2002 3421 2095 3474 sed
2122 3436 2264 3488 aqua
2299 3424 2598 3491 obtectum,
2634 3443 2735 3484 nec
2768 3445 2798 3483 a
2828 3433 3104 3487 vermibus
3136 3434 3292 3504 juxta
3319 3440 3571 3507 corporis

2002 3519 2255 3564 naturam
2286 3525 2694 3584 consumptum,
2734 3518 2827 3573 sed
2860 3535 2890 3574 a
2922 3521 3166 3590 piscibus
3218 3533 3277 3578 ut
3321 3527 3571 3582 arbitrati

2002 3615 2192 3656 sumus
2229 3602 2569 3671 devoratum,
2607 3606 2817 3662 salvum
2848 3625 2944 3679 per
2976 3620 3026 3665 te
3052 3614 3380 3683 recepimus.
3420 3617 3571 3687 Euge

2001 3680 2270 3761 gratiam;
2304 3710 2439 3765 euge
2463 3696 2727 3766 gloriam;
2761 3715 2899 3771 euge
2937 3680 3237 3772 potentiam
3277 3715 3330 3761 et
3367 3708 3571 3763 beneﬁ—

2001 3784 2146 3839 cium
2179 3795 2329 3841 tuum
2358 3830 2373 3855 ,
2411 3804 2445 3843 o
2487 3800 2693 3847 sancte.
2742 3791 2855 3849 Hoc
2900 3794 3067 3865 igitur
3116 3798 3276 3852 modo
3318 3811 3567 3856 sanctum

2001 3890 2124 3930 cum
2155 3876 2412 3949 lacrymis
2433 3889 2487 3935 et
2516 3882 3003 3941 acclamationibus
3019 3890 3317 3957 prosecuti,
3334 3905 3565 3959 puerum

2001 3965 2272 4035 tollentes,
2333 3985 2590 4028 revenere
2649 3973 2913 4044 domum,
2964 3979 3179 4035 cunctis
3239 3981 3565 4040 miraculum

2001 4068 2341 4115 enarrantes.

2070 4148 2211 4205 XIV.
2273 4152 2413 4218 Quid
2467 4169 2598 4227 ergo
2647 4171 2773 4211 cum
2820 4157 2909 4213 bis
2956 4159 3565 4231 conferemustEliam

2002 4241 2155 4297 aiunt
2176 4243 2303 4299 olim
2335 4246 2502 4301 tilium
2532 4258 2807 4305 mortuum
2842 4253 3001 4307 matri
3038 4257 3271 4325 propria:
3297 4259 3564 4316 viventem

2002 4334 2303 4391 reddidisse
2328 4348 2390 4405 c;
2437 4340 2579 4409 quod
2612 4350 2666 4394 et
2688 4357 2943 4411 magnum
2981 4350 3065 4398 est
3101 4356 3154 4400 et
3190 4349 3345 4404 valde
3392 4351 3569 4405 admi-

2004 4424 2194 4479 rabile.
2237 4424 2341 4481 Sed
2376 4437 2430 4482 et
2469 4428 2738 4498 referunt,
2763 4433 2828 4487 ad
2853 4432 3019 4489 Elisei
3049 4436 3343 4506 aliquando
3385 4444 3564 4511 sepul-

2002 4533 2155 4572 crum
2183 4520 2471 4588 quemdam
2493 4523 2561 4577 ab
2577 4522 2853 4593 aliquibus
2892 4527 3183 4585 bomicidis
3219 4531 3563 4589 interfectum

2001 4622 2065 4662 ac
2086 4607 2139 4661 in
2164 4625 2228 4665 eo
2246 4611 2568 4681 projectum,
2587 4616 2772 4670 statim
2794 4620 3166 4676 resurrexisse
3189 4638 3253 4677 ac
3274 4624 3475 4682 vixisse
3502 4629 3563 4682 ἀς

2000 4699 2146 4769 quod
2174 4702 2356 4771 priore
2395 4704 2574 4773 majus
2623 4716 2707 4761 est
2735 4717 2902 4779 atque
2947 4713 3275 4770 mirabilius.
3328 4716 3394 4773 Et
3435 4735 3566 4775 vero

2002 4790 2144 4845 inter
2173 4807 2268 4847 eos
2297 4793 2391 4864 qui
2419 4795 2486 4849 ad
2512 4811 2614 4851 nos
2639 4799 2930 4868 pertinent,
2958 4800 3151 4860 Petrus
3188 4808 3564 4876 apostolorum

1998 4893 2205 4949 vertex,
2232 4886 2378 4941 illam
2412 4903 2716 4958 pauperum
2743 4893 2987 4950 altricem
3020 4898 3243 4954 viduam
3273 4901 3563 4961 Tabitbam

1998 4984 2293 5042 mortuam,
2324 4977 2511 5033 eadem
2541 4978 2675 5034 hora
2697 4984 2949 5051 precibus
2972 4988 3256 5045 suscitavit
3283 4991 3351 5045 ad
3374 4993 3559 5052 vitam.

2000 5065 2127 5124 Hice
2162 5071 2411 5138 equidem
2443 5073 2719 5130 mirabilia
2748 5088 2877 5133 sunt
2922 5089 2977 5135 et
3028 5082 3187 5153 longe
3230 5068 3569 5143 clarissima.

1998 5159 2068 5214 At
2097 5174 2335 5229 praesens
2374 5163 2700 5220 miraculum
2726 5179 2993 5238 quantum
3031 5188 3094 5227 ea
3132 5177 3449 5243 exsuperat!

2072 5250 2189 5306 XV.
2219 5252 2285 5307 Et
2307 5255 2429 5310 vide
2452 5257 2585 5311 mibi
2608 5267 2772 5329 atque
2802 5263 3091 5320 considera
3116 5267 3363 5321 miraculi
3388 5269 3561 5324 excel-

1995 5342 2238 5398 lentiam.
2289 5343 2438 5403 Elias
2486 5350 2749 5419 quidem,
2785 5366 2849 5408 ut
2901 5366 3025 5411 ante
3074 5357 3337 5423 diximus,
3393 5360 3563 5414 modo

1996 5446 2270 5492 mortuum
2301 5453 2551 5508 puerum,
2580 5444 2784 5515 quique
2818 5448 3056 5503 nondum
3094 5447 3414 5517 refrixerat,
3462 5454 3559 5508 sed

1998 5530 2175 5585 adhuc
2213 5540 2424 5588 natura
2446 5535 2680 5592 calorem
2706 5541 3078 5607 conservabat,
3109 5527 3411 5599 suscitavit.
3450 5544 3556 5600 El'h

408 5672 433 5700 ι
474 5657 616 5715 Psal.
649 5676 817 5725 vau,
847 5661 931 5717 36.
1010 5664 1037 5704 δ
1078 5662 1218 5718 Psal.
1253 5661 1545 5729 cxtlv,19.
1581 5668 1693 5724 clll
1729 5672 1857 5742 Reg.
1906 5689 2034 5727 xvu.
2114 5674 2140 5713 ἀ
2174 5672 2237 5727 lV'
2280 5673 2408 5752 Reg.
2450 5691 2566 5731 xm.
