4066 6330
540 296 646 350 διδ

1618 286 1962 342 APPENDIX
2001 286 2091 339 AD
2131 285 2188 340 S.
2229 285 2668 342 CLEMENTEM.

3687 284 3788 339 6H

537 413 632 467 s:ei
668 418 848 466 autem
872 409 1050 466 virtus
1098 409 1314 466 duabus
1338 403 1405 459 de
1433 399 1618 458 causis
1638 397 1964 454 miraculum
1985 411 2108 465 prr-

2220 395 2526 450 Ἔλισσαίου
2570 396 2800 469 δύναμις
2849 397 2996 451 δυοῖν
3040 399 3228 454 εἵνεκα
3272 399 3459 454 αίτιῶν
3495 397 3559 452 τδ
3604 398 3792 470 θαῦμα

540 506 704 572 fecit;
749 520 855 559 una
887 505 1130 574 quidem,
1155 500 1450 559 ostendens
1477 496 1794 570 prophetam
1833 491 1924 561 qui
1952 491 2105 559 igno-

539 599 798 664 rabatur;
847 598 953 651 alia
1010 613 1161 663 vero,
1216 611 1324 650 non
1374 591 1679 648 concedens
1700 587 1902 642 caedem
1940 583 2103 637 etiam

538 700 663 761 post
699 699 949 745 mortem.
985 689 1178 744 Petrus
1203 697 1385 742 autem
1407 701 1506 740 sua
1531 683 1754 744 virtute,
1783 688 1836 732 et
1856 676 2115 747 precibus,

539 801 726 841 eorum
761 784 854 854 qui
882 799 914 838 a
937 783 1097 837 vidua
1127 780 1394 835 beneﬁcio
1417 778 1634 832 fuerant
1665 772 1842 828 affecti
1874 769 2106 840 sumpt-is

541 879 594 932 in
630 878 915 941 auxilium,
945 875 1060 946 ipse
1087 889 1304 945 quoque
1333 887 1453 926 eam
1490 868 1654 923 modo
1685 867 1996 922 defunctam
2020 878 2107 917 re-

540 969 842 1024 suscitavit.
872 969 942 1022 At
965 977 1185 1022 sanctus
1215 974 1422 1034 martyr
1467 963 1749 1026 Clemens;
1789 975 1822 1014 ο
1866 957 2107 1012 miracu-

540 1063 651 1116 lum
681 1064 693 1115 ί
749 1076 856 1114 non
889 1068 1165 1113 mortuum
1192 1066 1485 1121 recentem,
1518 1054 1611 1109 sed
1643 1066 1910 1115 annuum,
1934 1049 2019 1103 vel
2048 1054 2108 1102 ut

539 1153 734 1208 melius
756 1143 956 1214 dicam,
975 1165 1098 1204 eum
1121 1148 1214 1218 qui
1236 1148 1292 1202 in
1320 1160 1648 1216 unoquoque
1669 1150 1944 1198 momento
1959 1143 2107 1212 ejus-

539 1260 647 1314 que
680 1244 998 1298 tennissima
1023 1250 1176 1310 parte
1201 1238 1574 1302 moriebatur,
1608 1250 1838 1306 puerum
1883 1248 2108 1288 conser-

540 1337 704 1389 vavit.
758 1333 820 1388 Et
868 1334 1018 1388 scitis
1049 1347 1241 1387 omnes
1275 1330 1367 1400 qui
1409 1328 1489 1384 rei
1537 1327 1838 1398 periculum
1877 1324 2104 1390 fecistis,

539 1431 744 1493 quanto
771 1433 1011 1493 tempore
1025 1421 1320 1477 verisimile
1339 1431 1458 1475 erat
1489 1435 1720 1491 puerum
1748 1419 1803 1473 in
1833 1416 2106 1489 profundo

539 1526 648 1571 tam
673 1525 827 1571 vasto
855 1517 1188 1571 conservari.

607 1607 748 1663 XVI.
795 1609 996 1662 Verum
1052 1608 1183 1662 mihi
1217 1607 1501 1678 diligenter
1547 1605 1944 1672 consideranti,
1996 1619 2107 1660 non

537 1717 708 1756 unum
752 1713 1028 1756 mortuum
1074 1717 1088 1753 :
1133 1701 1227 1754 sed
1260 1709 1465 1770 quanto
1493 1699 1753 1768 temporis
1777 1698 1953 1768 spatio
1996 1698 2106 1752 sci-

540 1810 662 1848 mus
687 1810 916 1864 puerum
948 1794 1000 1847 in
1044 1809 1184 1864 aqua
1216 1792 1495 1857 suffocari,
1528 1792 1582 1845 id
1612 1800 1826 1860 tempus
1851 1799 2107 1859 repeten-

540 1895 622 1940 tes
671 1901 844 1955 eaque
881 1885 1166 1940 intervalla
1217 1885 1588 1948 remetientes‘,
1642 1883 1983 1937 inveniemus
2031 1889 2110 1935 tot

542 1990 788 2034 mortuos
819 1992 850 2032 a
903 1987 1097 2033 sancto
1153 1974 1332 2031 fuisse
1381 1975 1696 2032 suscitatos.
1736 1973 1998 2044 Quodque
2027 1981 2111 2028 est

541 2071 942 2136 admirabilius,
989 2084 1093 2124 non
1147 2069 1215 2123 ab
1247 2083 1513 2138 aquarum
1566 2067 1832 2122 duntaxat
1875 2065 2111 2124 suffoca-

541 2165 707 2229 tione,
736 2164 830 2218 sed
880 2171 935 2218 et
976 2179 1006 2216 a
1037 2161 1338 2217 bestiarum
1377 2161 1600 2215 laesione
1636 2175 1864 2231 puerum
1903 2169 2110 2215 tutatus

539 2269 644 2316 est.
673 2260 717 2314 Ο
746 2259 1008 2328 gratiam!
1043 2272 1077 2312 ο
1103 2259 1359 2311 virtutem
1409 2270 1530 2325 qua:
1561 2266 1794 2325 utraque
1835 2253 2108 2323 ostendit;

539 2362 595 2406 et
637 2367 792 2421 aqua:
821 2349 1133 2419 compedes,
1164 2357 1218 2403 et
1266 2347 1566 2403 belluarum
1619 2345 2106 2416 propulsationem.

538 2442 620 2496 Aul
655 2442 768 2495 haec
789 2440 919 2510 quid
973 2437 1190 2493 dicitis?
1233 2435 1425 2492 Nonne
1474 2437 1580 2491 hoc
1626 2435 1953 2490 miraculum
2002 2435 2111 2488 alia

541 2534 800 2602 superat?
828 2531 944 2586 Nisi
967 2530 1093 2602 quis
1122 2545 1222 2585 nos
1251 2529 1390 2584 male
1418 2537 1660 2595 accuset,
1691 2537 1754 2582 ut
1790 2527 1921 2582 illud
1946 2543 2110 2598 super

540 2625 806 2679 miracula
837 2623 1156 2694 prophetica
1194 2621 1538 2676 extollentes.
1565 2617 1720 2674 Nulla
1743 2634 1862 2673 eam
1901 2618 1972 2673 ob
1994 2633 2109 2673 rem

542 2733 644 2772 nos
674 2717 884 2772 macula
919 2716 1166 2785 attinget.
1206 2712 1418 2768 Etenim
1462 2721 1648 2782 aperte
1691 2711 1845 2766 scitis
1889 2725 2107 2766 sacrum

544 2821 834 2877 martyrem
869 2809 922 2864 in
951 2809 1138 2864 eadem
1174 2808 1344 2878 gloria
1375 2814 1429 2860 et
1459 2805 1514 2860 in
1547 2805 1738 2860 iisdem
1781 2804 2108 2859 tabernacu-

542 2905 608 2959 lis
638 2919 759 2959 esse
795 2919 918 2958 cum
951 2901 1156 2958 sanctis
1178 2901 1530 2972 martyribus,
1552 2899 1834 2970 apostolis,
1876 2898 2110 2968 prophe-

541 2995 634 3058 tis,
668 2993 912 3062 ipsisque
938 2991 1168 3063 angelis.

2209 489 2486 542 τετέλεκεν
2500 506 2513 519 ⁸
2536 491 2616 542 ἐνί
2634 489 2753 561 μὲν,
2772 491 3133 562 ἀγνοούμενον
3151 494 3434 564 προφήτην
3448 492 3792 556 δεικνύουσα,

2211 580 2380 651 ἑτέρῳ
2412 581 2488 645 δὲ,
2527 583 2600 654 μὴ
2637 583 2992 656 συγχωροῦσα
3023 583 3180 653 φόνον
3215 586 3308 638 καὶ
3355 585 3493 655 μετά
3540 584 3790 660 θάνατον.

2223 669 2280 722 '0
2309 671 2367 722 δέ
2389 689 2451 739 γε
2478 673 2682 743 Πέτρος
2708 675 2775 743 τῇ
2803 674 2907 745 ἰδίᾳ
2925 674 3172 744 δυνάμει,
3201 675 3293 727 καὶ
3313 673 3412 744 τὴν
3440 673 3550 726 τῶν
3579 673 3796 744 εὐεργε-

2211 763 2486 832 τουμένων
2518 764 2672 836 παρά
2701 766 2800 836 τῆς
2825 769 2998 838 χήρας
3040 767 3206 838 εὐχὴν
3252 767 3518 836 συνεργὸν
3552 765 3793 834 λαϐόμε-

2211 870 2320 916 νος,
2356 855 2479 926 ἄρτι
2513 856 2607 908 καὶ
2626 855 2785 919 αὐτὸς
2816 843 3017 927 ταύτην
3063 856 3328 910 θανοῦσαν
3370 856 3791 926 ὲξανεστήσατο.

2224 945 2282 998 '0
2315 945 2372 998 δέ
2412 963 2473 1014 γε
2501 947 2828 1019 ἱερομάρτυς
2870 948 3120 1020 Κλήμης,
3155 943 3199 1002 ὦ
3228 948 3322 1002 τοῦ
3351 948 3663 1019 θαύματοςί
3689 949 3794 999 οὐκ

2213 1036 2512 1108 ἀρτιθανῆ,
2556 1038 2671 1092 ἀλλ’
2704 1042 3054 1109 ἐνιαυσιαῖον,
3105 1041 3139 1109 ἢ
3177 1041 3376 1113 μᾶλλον
3429 1043 3603 1093 εἰπεῖν
3668 1020 3790 1091 καθ’

2214 1129 2451 1202 ἑκάστην
2494 1133 2728 1204 στιγμὴν
2775 1135 2868 1187 καὶ
2923 1134 3126 1204 ταύτης
3167 1134 3246 1206 τῷ
3298 1133 3610 1204 λεπτοτάτῳ
3658 1135 3789 1187 ἀπο-

2215 1221 2518 1294 θνήσκοντα
2541 1224 2704 1278 παῖδα
2732 1225 3007 1290 διέσωζεν.
3026 1227 3134 1278 Καὶ
3158 1226 3270 1279 ἴστε
3289 1226 3488 1288 πάντες
3513 1227 3562 1277 οἱ
3598 1243 3789 1278 πεπει-

2218 1316 2437 1388 ραμένοι
2465 1316 2558 1369 τοῦ
2576 1317 2914 1388 πράγματος,
2943 1318 3106 1369 πόσον
3125 1317 3271 1380 εἰκὸς
3301 1313 3368 1389 ἦν
3393 1317 3558 1370 παῖδα
3572 1319 3631 1370 ἐν
3651 1317 3789 1370 οὓτω

2213 1406 2434 1478 ἀπλέτῳ
2461 1407 2606 1480 βυθῷ
2633 1406 2987 1472 διασώζεσθαι
3012 1409 3223 1481 χρόνον.
3534 1403 3551 1422 ⁸

2285 1605 2428 1661 XVI.
2459 1607 2618 1661 Ἀλλά
2640 1624 2727 1678 μοι
2745 1606 2989 1680 ἀκριϐῶς
3010 1607 3318 1672 σκοποῦντι,
3344 1607 3439 1677 οὐχ
3454 1607 3550 1660 ἕνα
3574 1609 3788 1680 νεκρὸν,

2215 1696 2329 1750 ἀλλ’
2356 1698 2487 1767 ὅσην
2531 1697 2679 1768 ῶραν
2705 1697 2861 1768 ἴσμεν
2887 1697 2946 1750 ἐν
2979 1695 3130 1748 ὕδατι
3158 1696 3319 1750 παῖδα
3367 1697 3674 1767 πνίγεσθαι,
3700 1699 3790 1750 τὸν

2209 1788 2400 1861 χρόνον
2456 1788 2885 1853 ἀναποδίζοντες,
2941 1789 3036 1842 καὶ
3085 1788 3287 1852 ταύτας
3333 1789 3788 1861 ἀναμετροῦντες,

2207 1880 2494 1944 τοσούτους
2519 1881 2746 1951 νεκροὺς
2767 1882 3063 1934 ἀνεστᾶναι
3087 1881 3181 1933 τὸν
3209 1881 3361 1949 ᾶγιον
3391 1884 3786 1954 ἐφευρήσομεν.

2209 1971 2319 2026 Kal.
2343 1970 2404 2024 τὸ
2436 1971 2500 2042 δὴ
2559 1970 3018 2041 θαυμαστότερον,
3057 1972 3139 2024 ὅτι
3171 1972 3231 2024 οὐ
3277 1973 3378 2043 τῆς
3421 1973 3529 2024 τῶν
3582 1974 3792 2026 ὑδάτων

2213 2063 2372 2134 μόνον
2399 2061 2722 2132 πνιγμονῆς,
2750 2061 2886 2116 ἀλλά
2936 2064 3030 2116 zeal.
3073 2062 3175 2133 τῆς
3207 2063 3411 2135 θηρίων
3445 2064 3651 2135 βλάϐης
3696 2066 3790 2118 τὸν

2210 2154 2378 2208 παῖδα
2420 2153 2696 2218 διέσωζεν.
2742 2155 2806 2206 Ὦ
2845 2155 3086 2227 χάριτος,
3129 2155 3175 2208 ῶ
3201 2156 3481 2228 δυνάμεως
3505 2158 3792 2229 ἀμφάεερι

2209 2244 2585 2315 δεικνυμένης,
2617 2245 2712 2297 καὶ
2745 2245 2822 2316 τῷ
2852 2245 3009 2298 ὕδατι
3047 2245 3273 2317 πέδησις
3297 2247 3364 2310 ’⁸,
3405 2248 3498 2300 καὶ
3530 2247 3639 2299 τῶν
3688 2247 3790 2317 θη-

2216 2336 2346 2409 ρίων
2373 2337 2725 2408 ἀμυντήριον.
2780 2336 2924 2408 Πρὸς
2958 2336 3131 2389 ταῦτα
3157 2337 3210 2390 τί
3260 2353 3430 2406 φατε;
3470 2338 3582 2408 υύχ
3617 2339 3790 2408 ρ-

2213 2444 2387 2480 κειται
2410 2427 2472 2480 τὸ
2500 2426 2684 2498 θαῦμα
2711 2426 2818 2481 τῶν
2846 2427 3020 2480 ἄλλων
3045 2444 3059 2494 ;
3086 2429 3149 2481 El
3177 2429 3250 2501 μή
3282 2446 3366 2492 τις
3414 2430 3562 2500 ἡμᾶς
3604 2429 3793 2493 κακῶς

2213 2518 2646 2591 καταμέμψοιτο,
2694 2520 2771 2581 ὡς
2801 2520 3156 2590 προφητικῶν
3185 2519 3343 2573 τούτο
3374 2520 3669 2591 θαυμάτων
3697 2522 3794 2574 ὑπ-

2210 2610 2523 2681 εξαίροντας
2549 2611 2616 2664 ³⁸.
2645 2611 2832 2674 Οὐδεὶς
2860 2611 3014 2682 ἡμῶν
3042 2611 3231 2682 μῶμος
3261 2613 3451 2665 τούτου
3470 2614 3630 2684 χάριν
3659 2613 3792 2667 καθ-

2212 2701 2426 2772 άψεται.
2474 2700 2585 2754 Kal.
2648 2699 2827 2753 οἴδατε
2873 2700 2982 2772 γὰρ
3025 2701 3211 2772 σαφῶς
3256 2703 3346 2756 τὸν
3397 2705 3788 2776 ἱερομάρτυρα,

2210 2792 2307 2846 zeal.
2336 2791 2517 2857 ὁσίων,
2544 2791 2640 2845 καὶ
2688 2791 3000 2863 μαρτύρων,
3035 2794 3130 2846 καὶ
3157 2794 3492 2859 ἀποστόλων,
3521 2797 3617 2848 καὶ
3654 2813 3791 2867 προ-

2212 2883 2418 2955 φητῶν,
2445 2884 2541 2936 καὶ
2561 2884 2808 2953 ἀγγέλων
2838 2885 3038 2953 αὐτῶν,
3062 2887 3315 2958 ὁμόδοξον
3337 2889 3607 2959 ὑπάρχειν
3629 2887 3791 2942 αὑτὸν

2211 2977 2306 3030 καὶ
2334 2976 2621 3048 σύσκηνον.

611 3103 776 3158 XVII.
815 3103 943 3168 Sed,
989 3119 1021 3158 o
1052 3109 1354 3174 martyrum
1394 3101 1674 3174 splendor,
1713 3111 1768 3158 et
1795 3111 2110 3158 sanctorum

2284 3113 2448 3171 XVII.
2469 3115 2628 3180 Ἀλλ’,
2656 3109 2701 3169 ῶ
2727 3115 3016 3189 μαρτύρων
3037 3117 3331 3188 ἀγλάϊσμα,
3347 3117 3510 3171 ὁσίων
3522 3135 3576 3171 τι
3592 3119 3790 3187 ἐγκαλ-

542 3197 730 3262 decus,
760 3194 1014 3265 primitiae
1049 3195 1500 3262 bierarcbarum;
1530 3193 1655 3250 vide
1685 3195 1830 3250 hunc
1865 3204 1921 3251 et
1961 3210 2110 3252 nunc

541 3297 860 3361 prazsentem
908 3295 1134 3354 cretum,
1190 3287 1341 3357 pium
1381 3295 1435 3342 et
1464 3285 1556 3341 Dei
1603 3295 1899 3355 amantem,
1944 3287 2037 3358 qui
2077 3302 2110 3342 a

541 3381 666 3435 vitae
693 3379 946 3434 ﬂuctibus
974 3378 1220 3449 quotidie
1271 3377 1666 3448 submergitur;
1699 3378 1810 3435 tuis
1857 3379 2111 3449 precibus

543 3474 772 3529 illzesum
806 3470 1022 3526 custodi
1051 3478 1105 3524 et
1151 3485 1306 3524 serva
1334 3470 1698 3538 incolumem;
1732 3486 1798 3527 ac
1834 3470 2112 3527 dzemones

543 3564 636 3634 qui
679 3565 852 3619 instar
874 3562 1115 3618 ferarum
1147 3562 1472 3617 immanium
1499 3563 1769 3632 insiliunt,
1803 3565 2110 3636 animmque

545 3655 879 3710 nobilitatem
904 3654 1266 3710 devoraturos
1294 3669 1353 3709 se
1379 3668 1500 3708 esse
1519 3654 1821 3720 minantur,
1852 3655 2114 3710 interces-

545 3748 766 3801 sionum
819 3754 1035 3799 tuarum
1071 3744 1258 3814 jaculo
1287 3743 1548 3814 expellas,
1583 3760 1616 3798 ο
1644 3745 2012 3802 sanctissime.
2043 3747 2114 3802 At

544 3849 691 3896 certe
721 3848 787 3894 et
808 3854 927 3906 vos,
953 3846 1007 3893 et
1053 3837 1368 3893 fidelissima
1419 3837 1792 3908 congregatio,
1831 3838 1939 3893 huc
1969 3839 2112 3910 agite

545 3933 702 4000 mihi,
731 3933 958 3988 obsecro
997 3950 1011 3987 :
1043 3948 1137 4004 per
1163 3932 1307 3986 bona
1340 3929 1560 4002 Deoque
1605 3939 1762 4002 grata
1798 3945 1964 4000 opera
2012 3947 2116 3987 nos

545 4029 741 4100 dignos
780 4025 953 4081 sancti
987 4025 1198 4096 gratiis,
1222 4039 1287 4078 ac
1315 4023 1478 4078 donis
1499 4021 1817 4078 efﬁciamus.
1844 4021 1909 4077 Et
1937 4023 2112 4093 primo

545 4122 768 4193 quidem
797 4119 1120 4175 cbaritatem
1167 4131 1296 4188 erga
1330 4114 1498 4171 Deum
1551 4124 1607 4171 et
1647 4116 1786 4170 inter
1824 4131 1924 4170 nos
1965 4115 2113 4184 ipsos

547 4217 820 4271 sinceram
866 4229 931 4269 ac
969 4210 1417 4281 imperturbatam
1460 4223 1773 4272 servemus;
1799 4208 1993 4263 deinde
2044 4205 2114 4262 ab

546 4309 697 4364 omni
755 4306 1066 4368 maledicto,
1101 4301 1249 4357 omni
1295 4299 1602 4367 mendacio,
1646 4299 1796 4354 omni
1847 4297 2111 4369 perjurio,

549 4417 649 4455 llOS
673 4410 1048 4468 repurgemus.

617 4536 803 4591 XVIII.
837 4534 977 4589 Ante
1022 4533 1137 4588 haec
1161 4545 1290 4586 vero
1315 4539 1368 4585 et
1397 4539 1517 4601 post
1559 4529 1673 4584 haec
1708 4530 2112 4602 cleemosynam

551 4630 838 4690 faciamus,
863 4642 984 4696 qua?
1015 4633 1071 4680 et
1101 4623 1275 4693 magis
1297 4623 1400 4677 scit
1429 4621 1599 4676 Deum
1631 4622 1866 4690 placare,
1896 4636 1959 4677 ac
1990 4637 2116 4691 pro-

553 4722 740 4794 pitium
782 4718 1006 4774 reddere
1052 4716 1290 4786 peccatis
1336 4714 1564 4769 nostris.
1619 4712 1753 4779 Quis
1799 4714 1945 4769 enim
1996 4714 2117 4783 ejus

551 4812 775 4877 oblitus,
799 4825 1024 4880 regnum
1052 4807 1141 4862 Dei
1166 4806 1504 4879 possederit?
1526 4801 1695 4861 Nemo
1715 4815 1960 4860 nostrum
1988 4822 2119 4877 pra:-

554 4911 703 4959 tcxat
743 4907 1139 4972 paupertatem,
1181 4912 1342 4952 nemo
1385 4897 1728 4958 viduitatem,
1762 4910 1863 4950 nec
1910 4896 2114 4951 libero-

552 5009 676 5055 rum
725 4992 1134 5058 educationem;
1164 4989 1387 5060 frigidas
1417 4989 1516 5044 bas
1542 4986 1987 5060 perniciosasque
2015 5003 2116 5043 ea-

554 5088 886 5145 cusationes.
913 5083 1083 5139 Nemo
1106 5092 1346 5138 vestrum
1376 5083 1536 5137 vidua
1575 5083 1666 5136 illa
1697 5081 1989 5151 pauperior
2010 5089 2115 5145 est,

556 5195 676 5250 qua:
688 5176 818 5232 nihil
834 5175 978 5230 aliud
993 5182 1188 5245 przeter
1207 5172 1472 5244 pugillum
1493 5171 1682 5227 farina:
1700 5172 2032 5242 possidebat,
2048 5172 2116 5226 ad

557 5273 672 5327 base
685 5270 860 5324 alebat
874 5268 1220 5336 liberos,qme
1235 5274 1416 5319 tamen
1433 5280 1588 5319 suam
1612 5273 1705 5317 aut
1720 5262 1810 5316 filii
1827 5264 1989 5317 vitam
2008 5279 2114 5318 non

555 5362 792 5435 praetulit
832 5357 1222 5414 misericordiae
1236 5369 1284 5410 ιι.
1304 5353 1382 5409 Ne
1412 5369 1715 5408 excusemus
1752 5354 2114 5407 excusationrs

556 5459 609 5514 in
625 5456 846 5528 peccatis
858 5455 882 5495 ι
893 5453 1045 5517 _Deus
1068 5469 1168 5506 non
1185 5451 1437 5505 irridetur
1451 5447 1840 5518 sAspiciamus
1855 5456 2030 5502 mente
2047 5447 2114 5501 ad

637 5585 663 5614 α
691 5571 753 5624 ιιι
793 5568 924 5640 Reg.
957 5583 1088 5622 xvu.
1163 5567 1193 5608 δ
1225 5563 1508 5630 Psal.c.u.,
1553 5562 1588 5617 ὁ
1629 5571 1651 5600 ε
1685 5559 1898 5623 Gal.vu,
1921 5560 1971 5613 7.

2207 3209 2483 3280 λώπισμα,
2509 3209 2776 3281 ἰεραρχῶν
2792 3209 3119 3282 ἀκροθίνιον,
3149 3211 3224 3263 ἴδε
3241 3209 3399 3262 τοῦτο
3424 3211 3519 3264 καὶ
3535 3210 3605 3264 τὰ
3625 3212 3720 3271 νῦν
3731 3212 3791 3266 τὸ

2210 3299 2382 3371 παρὸν
2401 3298 2702 3370 σύνταγμα,
2719 3298 2780 3352 τὸ
2796 3300 3016 3363 εὐσεϐὲς
3030 3300 3123 3353 καὶ
3140 3299 3401 3369 φιλόθεον,
3419 3303 3511 3354 καὶ⁵
3526 3305 3648 3355 καθ’
3671 3304 3794 3356 ἑκά-

2211 3412 2342 3467 στην
2361 3395 2466 3449 ὑπὸ
2483 3395 2591 3449 τῶν
2606 3394 2699 3450 τοῦ
2711 3395 2827 3466 βίου
2844 3395 3228 3467 κλυδωνισμῶν
3244 3399 3784 3470 καταποντιζόμενον·

2209 3488 2327 3550 ταῖς
2357 3489 2478 3550 σαῖς
2524 3486 2697 3550 λιταῖς
2729 3486 2965 3551 ἀϐλαϐὲς
2989 3487 3215 3558 φρούρει
3253 3505 3312 3540 τε
3347 3490 3443 3542 καὶ
3491 3490 3785 3560 περίσωζε·

2211 3580 2308 3633 ztal.
2345 3581 2473 3644 τοὺς
2500 3580 2632 3633 ὡσεὶ
2665 3580 2834 3650 θῆρας
2862 3579 3088 3652 ἀγρίους
3117 3581 3497 3653 ὲπιπηδῶντας
3536 3583 3792 3653 δαίμονας

2211 3673 2306 3726 καὶ
2326 3675 2660 3742 καταφαγεῖν
2685 3673 2746 3725 τὸ
2772 3654 2873 3742 τῆς
2896 3671 3073 3743 ψυχῆς
3101 3674 3315 3742 εὐγενὲς
3341 3675 3787 3741 ὲπαπειλοῦντας,

2211 3764 2290 3836 τῷ
2313 3764 2423 3817 τῶν
2452 3764 2558 3818 σῶν
2582 3764 2886 3837 πρεσϐειῶν
2903 3764 3135 3836 ἀκοντίῳ
3159 3765 3502 3831 ἀποδιώκοις,
3542 3768 3785 3821 πανόσιε.

2226 3852 2477 3910 Ἀλλόὗν
2521 3857 2618 3909 καὶ
2658 3857 2838 3927 ὑμεῖς,
2867 3850 2912 3908 ὦ
2951 3856 3270 3910 πιστότατον
3303 3857 3596 3930 ἄθροισμα,
3637 3858 3789 3911 δεῦτέ

2216 3965 2310 4018 μοι
2320 3946 2641 4020 παρακαλεῖν
2659 3948 2730 4001 δι’
2760 3948 2978 4017 ἀγαθῶν
3005 3948 3182 4020 ἔργων
3205 3950 3297 4002 καί
3321 3949 3582 4018 θεοφιλῶν
3608 3950 3790 4018 ἀξίους

2211 4039 2438 4104 ἑαυτοὺς
2469 4040 2575 4094 τῶν
2600 4039 2692 4093 τοῦ
2737 4038 2896 4110 ἁγίου
2926 4041 3161 4112 χαρίτων
3191 4043 3283 4095 καὶ
3305 4042 3524 4113 δωρεῶν
3542 4044 3792 4115 ἐργασώ-

2215 4131 2372 4203 μεθα.
2417 4133 2526 4185 Καὶ
2558 4133 2749 4204 πρῶτα
2795 4133 2892 4203 μὲν
2917 4133 3016 4203 τὴν
3057 4131 3194 4204 πρὸς
3239 4133 3370 4186 Θεὸν
3399 4134 3494 4186 καὶ
3530 4135 3789 4207 ἀλλήλους

2213 4227 2456 4298 ἀγάπην,
2479 4225 2745 4297 εἰλικρινῆ
2777 4227 2871 4278 καὶ
2891 4224 3157 4279 ἀθόλωτον
3185 4225 3567 4298 φυλαξώμεθαο
3599 4228 3790 4282 ἔπειτα

2215 4318 2396 4388 πάσης
2445 4316 2726 4389 λοιδορίας,
2778 4317 2871 4370 καὶ
2915 4317 3114 4381 παντὸς
3165 4317 3413 4387 ψεύδους,
3453 4320 3548 4372 καὶ
3607 4320 3788 4392 πάσης

2216 4409 2519 4482 ἐπιορκίας,
2551 4411 2777 4472 ἑαυτοὺς
2801 4410 3214 4480 ὲκκαθάρωμεν.

2285 4522 2592 4596 XVIllJIpb
2607 4524 2663 4576 δὲ
2678 4522 2882 4577 τούτων
2899 4497 3148 4594 καὶμετά
3173 4522 3365 4586 ταῦτα,
3381 4524 3478 4595 τὴν
3502 4525 3625 4597 ὲλεη
3634 4526 3789 4596 μοσύ-

2214 4636 2311 4690 νην
2339 4614 2823 4688 κατεργασώμεθα,
2845 4615 2879 4686 ἦ
2899 4616 2992 4667 καὶ
3011 4614 3210 4686 μᾶλλον
3228 4612 3334 4668 οἶδε
3349 4618 3440 4670 τὸν
3465 4619 3600 4672 Θεὸν
3625 4620 3780 4690 θερα-

2217 4708 2425 4772 πεύειν,
2461 4705 2706 4760 ῖλεώνοτε
2755 4711 2930 4760 ποιεῖν
2969 4711 3090 4771 ταῖς
3134 4708 3428 4781 ἁμαρτίαις
3477 4710 3656 4780 ἡμῶν.
3694 4711 3782 4771 Τίς

2217 4799 2551 4873 γὰροταύτης
2584 4799 2990 4871 ἐπιλαθόμενος,
3023 4800 3297 4871 βασιλείαν
3341 4801 3475 4854 Θεοῦ
3532 4803 3782 4874 κληρονοο

2221 4896 2442 4967 μήσειεν
2471 4911 2485 4959 ;
2515 4893 2720 4966 Μηδεὶς
2753 4893 2908 4964 ἡμῶν
2953 4893 3306 4966 προϐαλέσθω
3356 4895 3570 4957 πενίαν,
3603 4896 3781 4966 μηδεὶς

2217 4987 2462 5060 χηρείαν,
2489 4989 2626 5060 μήτε
2650 4987 3057 5058 παιδοτροφίαν,
3078 4986 3175 5050 τὰς
3197 4985 3410 5057 ψυχρὰς
3435 4984 3639 5050 ταύτας
3658 5004 3781 5058 προ-

2219 5082 2410 5152 φάσεις
2443 5083 2536 5135 καί
2567 5079 2860 5152 ὀλεθρίους.
2883 5079 3070 5143 Οὐδεὶς
3087 5081 3116 5132 ύ
3125 5079 3240 5149 μῶν
3259 5079 3359 5148 τῆς
3385 5080 3560 5150 χήρας
3577 5079 3781 5150 ἐκείνης

2219 5175 2559 5247 πενέστερος,
2584 5173 2685 5244 τῆς
2706 5174 2869 5245 μηδὲν
2892 5174 2978 5226 ’ἐτε
2988 5191 3076 5244 ρον
3092 5174 3138 5225 εἰ
3168 5167 3241 5244 μὴ
3256 5171 3428 5242 δράκα
3446 5173 3782 5243 κεκτημένης

2221 5265 2472 5337 ἀλεύρου,
2497 5268 2589 5320 zeal.
2618 5265 2791 5319 ταῦτα
2819 5264 3301 5337 παιδατροφούσης,
3334 5263 3426 5316 καὶ
3473 5263 3546 5334 μὴ
3599 5280 3769 5334 προτι-

2224 5359 2474 5430 μησάσης
2512 5359 2611 5430 τὴν
2650 5359 2787 5412 ίδίαν
2814 5356 2978 5428 ζωὴν,
3029 5357 3062 5428 ἢ
3105 5360 3172 5428 τῇ
3201 5357 3248 5388 ³⁸
3273 5355 3366 5408 τοῦ
3405 5356 3620 5419 τέκνου,
3649 5355 3783 5423 ὑπὲρ

2219 5447 2311 5500 τὸν
2339 5447 2505 5501 ἔλεον.
2532 5451 2588 5502 Μ
2595 5448 2628 5518 ὴ
2661 5445 3144 5519 προφασιζώμεοα
3169 5445 3500 5514 προφάσεις
3518 5445 3588 5499 ἐν
3609 5445 3759 5515 ὀμαρ

1836 5675 2070 5732 νΑιιιιΕ
2111 5671 2516 5733 LECTIONES.

629 5783 730 5838 "f.
781 5783 1020 5855 πέδησεν.
1120 5781 1170 5814 ²⁹
1209 5779 1248 5836 f.
1279 5778 1694 5852 ὑπεραίροντας.
1773 5775 1816 5810 ³⁸
1851 5775 1888 5832 Ῑο
1922 5775 2040 5849 τήν·
