4066 6330
277 320 289 336 ο
316 240 422 295 649
1136 249 1197 303 S.
1234 246 1601 305 BARNABAS
1636 249 2062 307 APOSTOLUS.
2098 282 2168 293 -—
2193 250 2718 308 PROLEGOMENA.
3440 266 3545 319 6310

759 519 1045 591 OIlGENES,
1076 526 1166 580 lib.
1198 546 1234 593 ι,
1261 538 1452 585 contra
1475 530 1714 599 Celsum,
1749 550 1892 588 num.
1927 534 2017 599 65,
2040 544 2166 588 tom.
2192 534 2231 600 l,
2255 551 2377 603 pag.
2401 533 2528 600 578,
2556 534 2683 587 edit.
2711 532 2892 587 Paris.
2915 531 3071 587 1735.

386 660 700 733 Γέγραπται
722 663 786 734 δὴ
818 664 873 715 ὲν
910 668 974 735 τῇ
1015 666 1265 738 Βαρνάϐα
1296 668 1553 741 καθολικῇ
1596 671 1877 743 Ἐπιστολῇ

2056 671 2328 743 Scriptum
2366 689 2530 743 porro
2565 682 2648 729 est
2687 674 2740 727 in
2778 668 3041 725 Barnabae
3079 666 3352 721 catholica
3403 666 3532 738 Epi-

310 750 512 802 ἠοδτι
543 749 819 815 ἐξελέξατο
861 753 987 816 τοὺς
1038 755 1199 819 ἰδίους
1253 758 1580 823 ἀποστόλους
1641 760 1878 831 Ἰησοῦς,

1984 767 2120 823 stola
2150 782 2166 820 :
2284 766 2575 835 Apostolus
2600 783 2630 820 a
2660 764 2788 821 Jrsu
2836 763 3006 817 fuisse
3034 761 3257 829 electos,
3295 762 3389 831 qui
3429 761 3535 815 im-

303 840 472 902 ὄντας
495 840 636 912 ὑπὲρ
660 844 838 896 πᾶσαν
868 843 1095 915 ἀνομίαν
1122 848 1518 921 ἀνομωτέρους.
1547 853 1876 921 Ρὴἰιοεαιὸω,

304 944 435 983 can.
469 930 557 983 17.

1431 867 1518 913 ιυςο
1547 853 1876 921 Philocalice,
1978 857 2133 927 probi
2158 865 2317 912 erant
2344 864 2407 911 ut
2433 858 2565 912 nulli
2592 857 2785 927 magis.
2813 854 2947 923 Cap.
2986 853 3037 907 5.

304 944 435 1000 cap.
469 944 492 983 ι
505 944 557 985 τι.

1022 1072 1171 1142 lusu,
1210 1074 1343 1146 Περὶ
1371 1075 1575 1147 ἀρχῶν,
1604 1076 1697 1130 lib.
1728 1091 1810 1145 ιιι,
1839 1093 1956 1146 cap.
1985 1076 2041 1142 2,
2065 1093 2210 1130 num.
2239 1078 2294 1142 4,
2326 1087 2452 1131 tom.
2479 1075 2522 1143 1,
2546 1093 2666 1148 pag.
2699 1080 2821 1136 140.

385 1204 582 1262 Eadem
614 1222 830 1277 quoque
856 1210 1130 1267 Barnabas
1158 1212 1213 1265 in
1240 1209 1485 1282 Epistola
1516 1228 1613 1269 sua
1640 1213 1903 1280 declarat,
1931 1230 2054 1269 cum
2091 1213 2227 1269 duas
2254 1212 2371 1269 vias
2398 1227 2519 1268 esse
2549 1213 2698 1278 dicit,
2725 1229 2889 1269 unam
2940 1216 3101 1282 lucis,
3132 1216 3356 1270 alteram
3386 1222 3532 1269 tene-

302 1295 554 1363 brarum,
600 1301 800 1371 quibus
840 1313 897 1359 et
936 1319 1166 1373 praeesse
1212 1319 1391 1363 certos
1424 1324 1675 1380 quosque
1713 1310 1935 1382 angelos
1975 1310 2149 1365 dicit:
2183 1310 2281 1364 viae
2308 1308 2527 1379 quidem
2570 1310 2727 1376 lucis,
2750 1311 2970 1382 angelos
3019 1310 3141 1378 Dei;
3182 1311 3527 1368 tenebrarum

299 1400 487 1445 autem
511 1391 632 1457 vite,
666 1393 887 1465 angelos
916 1394 1152 1453 Satanae.
1180 1399 1319 1469 Cap.
1364 1398 1446 1453 18.

883 1553 1017 1627 Lege
1048 1562 1121 1614 sis
1151 1561 1382 1629 ejusdem
1420 1562 1663 1633 Origenis
1691 1526 1799 1617 lib.
1834 1580 1849 1617 ι
1884 1564 2166 1633 Explanat.
2194 1563 2248 1617 in
2278 1561 2447 1633 Epist.
2482 1564 2549 1618 ad
2589 1562 2747 1618 Rom.
2772 1581 2809 1631 I,
2843 1564 2933 1619 24.

1868 1723 1951 1777 ll'l.

1356 1866 1639 1933 Essemus,
1666 1865 1801 1922 Hist.
1832 1864 1988 1931 eccl.,
2016 1865 2109 1919 lib.
2138 1880 2215 1929 ιιι,
2242 1879 2358 1931 cap.
2381 1862 2473 1916 25.

545 2002 742 2061 Ruﬁno
777 2008 1075 2080 interprete,
2742 2003 2958 2060 Valesio
2985 2003 3285 2073 interprete.

361 2114 494 2173 Post
521 2118 635 2174 haec
651 2122 765 2189 jam
792 2125 1055 2195 scriptura
1075 2136 1175 2193 est,
1204 2144 1325 2198 qua:
1480 2121 1567 2173 Ἐν
1592 2122 1702 2181 τοῖς
1729 2116 1902 2179 νόθοις
1925 2133 1967 2168 κε

1925 2114 2306 2185 κατατετάχθαι
2331 2117 2424 2168 καὶ
2566 2121 2673 2176 Pro
2702 2121 2903 2191 spuriis
2932 2120 3163 2175 habendi
3203 2131 3331 2175 sunt
3356 2121 3518 2177 etiam

287 2207 496 2263 dicitur
534 2210 702 2267 Actus
744 2213 932 2283 Pauli;
964 2218 1057 2272 sed
1088 2228 1141 2272 et
1170 2220 1324 2275 libei-
1393 2213 1501 2266 τῶν
1547 2210 1762 2264 Παύλου
1791 2210 1893 2279 Πρέ

1917 2207 2047 2273 ξεων
2085 2208 2116 2277 ἡ
2161 2206 2371 2278 γραφὴς
2395 2209 2422 2260 ὅ
2493 2211 2662 2266 Actus
2696 2210 2885 2277 Pauli,
2916 2219 2972 2265 et
3001 2211 3140 2265 liber
3178 2211 3423 2269 Pastoris
3454 2214 3523 2268 ti-

289 2301 382 2354 lus
405 2302 499 2369 qui
526 2305 1116 2379 appellaturPastoris;
1147 2323 1201 2368 et
1218 2313 1322 2368 Re-
1392 2322 1451 2358 τε
1494 2305 1781 2375 λεγόμενος
1832 2304 1895 2356 Π(

1914 2303 2039 2373 ιμὴν
2059 2343 2073 2365 ,
2108 2301 2421 2371 καὶὴἈπο-
2492 2303 2611 2357 tulo
2628 2302 2680 2355 in
2698 2300 3013 2371 scriptus,et
3028 2300 3308 2359 Revelatio
3334 2304 3518 2373 Petri;

290 2394 495 2450 velatio
540 2395 729 2466 Petri,
780 2401 846 2455 de
895 2404 1095 2472 quibus
1156 2422 1319 2475 quam
1393 2396 1623 2467 κάλυψις
1661 2395 1886 2465 Πέτρουν

1576 2412 1623 2459 ις
1661 2395 1886 2465 Πέτρου,
1926 2393 2019 2447 καὶ
2051 2393 2186 2465 πρὸς
2214 2390 2421 2454 τούτοις
2496 2393 2755 2447 Barnabas
2784 2392 2911 2447 item
2939 2394 3182 2464 epistola.

288 2487 531 2541 maxime
575 2489 872 2547 dubitatur.
919 2492 1113 2551 Fertur
1157 2499 1319 2553 etiam
1393 2494 1425 2564 ἡ
1484 2490 1754 2563 φερομένη
1823 2488 1894 2539 Βα

810 2508 872 2547 Ir.
919 2492 1113 2551 Fertur
1157 2499 1319 2553 etiam
1393 2494 1425 2564 ἡ
1484 2490 1754 2563 φερομένη
1823 2485 2074 2558 Βαρνάϐα
2141 2486 2416 2557 ἐπιστολή.

284 2576 554 2634 Barnabas
582 2582 830 2651 epistola.
1393 2588 1531 2655 Lege
1559 2581 1607 2635 Ν
1616 2580 1890 2649 icepliorun

808 2622 830 2637 .
1393 2588 1531 2655 Lege
1559 2580 1943 2649 Nicephorum,
1969 2576 2062 2631 lib.
2094 2594 2155 2643 ιι,
2180 2592 2300 2647 cap.
2328 2576 2414 2631 46.

1485 2743 1640 2815 lui-zu,
1675 2740 1835 2806 ibid.,
1861 2738 1954 2793 lib.
1980 2754 2059 2805 vr,
2081 2755 2200 2807 cap.
2234 2739 2320 2792 14.

537 2881 734 2940 Ruﬁno
767 2887 1066 2957 interprete.
1469 2886 1555 2939 Ἑν
1577 2885 1635 2938 δὲ
1661 2882 2143 2946 ταῖςῪποτυ-ιαῖισε

1914 2882 2230 2945 πυταίισεσι,
2268 2881 2419 2948 ξυνε-
2564 2883 2707 2938 idem
2749 2882 3041 2953 (Clemens)
3074 2882 3128 2937 in
3169 2883 3323 2940 libris
3361 2886 3520 2939 Ὑπο-

357 2992 418 3046 In
484 2993 636 3050 libris
702 2996 1191 3065 lnformationum,
1257 3012 1315 3055 ut
1385 2978 1542 3033 λόντα
1569 2978 1761 3043 είπεῖνν
1786 2976 1963 3046 πάσης

1913 2992 1963 3046 ης
1986 2975 2084 3045 τῆς
2107 2972 2418 3045 ἐνδιαθηκου
2491 2976 2803 3042 τυπώσεων,
2832 2978 3096 3044 omnium,
3129 2988 3189 3032 ut
3219 2995 3327 3034 uno
3354 2983 3519 3037 verbo

281 3085 523 3140 breviter
548 3087 724 3143 dicam
753 3130 768 3154 ,
823 3091 1126 3146 universam
1168 3093 1310 3161 pari-
1386 3066 1608 3161 ραίῗῆς
1654 3067 1887 3161 ἐπιῗεῖξπ

1915 3064 2090 3135 ,μένας
2129 3064 2418 3133 πεποίηται
2491 3067 2689 3132 dicam,
2714 3068 2999 3136 utriusque
3018 3066 3351 3124 Testamenti
3379 3068 3521 3126 Scri-

273 3186 368 3232 ter
400 3176 739 3249 Scripturam
755 3150 1007 3235 divinam
1056 3150 1310 3253 com-pen-
1381 3157 1688 3253 6mm“???
1722 3154 1795 3253 μ
1818 3152 1873 3205 δὲ

1913 3150 1994 3215 τὰς
2020 3150 2419 3221 ἀναλεγομένας
2490 3168 2775 3228 pturarum
2803 3160 3243 3228 compendiosum
3281 3162 3519 3217 instituit

271 3270 456 3326 diosis
481 3243 951 3330 dissertationibus
973 3243 1306 3345 explanavit:
1386 3246 1692 3345 περελθώΐ
1728 3245 1827 3317 τὴν
1846 3338 1865 3345 _

1912 3243 2077 3308 ἷούδα,
2121 3243 2284 3311 λέγω,
2325 3245 2419 3296 καὶ
2491 3251 2937 3315 enarrationem;
2995 3266 3063 3304 ne
3123 3252 3229 3307 illis
3298 3254 3518 3323 quidem

275 3366 338 3418 in
378 3366 583 3435 quibus
613 3368 680 3422 ne
708 3384 771 3424 ea
802 3336 1163 3440 quidemquae
1187 3386 1311 3441 apo-
1382 3342 1481 3441 τᾲς
1526 3339 1718 3441 mm};
1768 3338 1881 3441 δῗῖθ¹

1909 3336 2060 3401 λικὰς
2100 3337 2414 3401 ὲπιστολάςσ
2490 3339 2870 3411 przetermissis
2918 3337 3237 3410 Scripturis,
3280 3343 3346 3396 de
3391 3343 3515 3413 qui-

269 3459 488 3527 crypha
507 3474 537 3512 a
555 3460 876 3528 quibusdam
899 3462 1164 3517 habentur
1184 3478 1313 3533 pra:-

269 3549 466 3617 teriit;
503 3557 565 3605 ut
590 3560 675 3606 est
697 3550 843 3607 Petri
874 3551 1148 3608 Revelatio

1385 3436 1483 3506 τήν
1526 3450 1583 3485 τε
1630 3430 1883 3503 Βαρνάϐα
1923 3432 2017 3483 καὶ
2060 3430 2158 3500 τὴν
2208 3428 2415 3500 Πέτρου
2486 3432 2589 3487 bus
2616 3433 2755 3485 inter
2781 3431 2981 3485 multos

1923 3432 2017 3483 καὶ
2060 3430 2158 3500 τὴν
2208 3428 2415 3500 Πέτρου
2486 3432 2589 3487 bus
2616 3433 2755 3485 inter
2781 3431 2981 3485 multos
3007 3432 3299 3503 ambigitur
3327 3431 3516 3489 :Juda!

1385 3523 1680 3595 λεγομένην
1721 3520 2078 3591 ἀποκάλυψιν.
2124 3520 2265 3590 Lege
2311 3519 2412 3573 Ni-
2487 3521 2775 3591 epistolam
2825 3528 2878 3575 et
2927 3520 2991 3574 Bt

1905 3520 2078 3591 λυψιν.
2124 3520 2265 3590 Lege
2311 3519 2412 3573 Ni-
2487 3521 2775 3591 epistolam
2825 3528 2878 3575 et
2927 3520 3225 3587 Barnabaz,
3273 3539 3337 3578 ac
3386 3527 3511 3581 reli-

1386 3616 1684 3686 cephorum,
1716 3612 1808 3667 lib.
1848 3629 1920 3677 iv,
1958 3628 2077 3681 cap.
2114 3613 2202 3665 53.
2485 3628 2622 3683 quas
2648 3614 2947 3667 catholicas
2968 3615 3227 3683 epistolas
3252 3616 3509 3689 intelligo,

2486 3715 2539 3759 et
2568 3704 2968 3759 Revelationem
2992 3722 3112 3775 quae
3127 3706 3324 3761 dicitur
3345 3707 3509 3766 Petri.

377 3862 565 3935 'Aiium
600 3867 770 3920 locum
796 3867 1009 3923 Eusnnu
1040 3885 1103 3922 ex
1131 3869 1268 3925 Hist.
1302 3870 1471 3937 Eccl.,
1496 3870 1586 3924 lib.
1586 3887 1688 3995 Evt,
1716 3890 1832 3996 cali.
1868 3875 1971 3998 E5,
2003 3875 2241 3943 superius
2270 3873 2545 3928 retulimus
2575 3874 2714 3925 inter
2751 3880 2981 3925 veterum
3018 3874 3313 3927 testimonia
3341 3875 3405 3928 de

1635 3954 1770 3998 msto
1797 3960 1839 3996 is
1914 3960 2195 3998 LEMENTIS.

1633 3954 1839 4011 pietatis
1868 3954 2195 3999 ULEMENTIS.

1852 4102 1940 4157 IV.

765 4241 1129 4304 Hinnouvuus,
1166 4241 1260 4294 lib.
1287 4239 1362 4295 De
1388 4240 1518 4296 viris
1542 4240 1867 4309 illustribus,
1890 4259 2010 4313 cap.
2048 4243 2102 4310 6,
2142 4260 2259 4298 cum
2288 4254 2454 4298 vetere
2485 4244 2665 4299 (ἐνωεο
2688 4246 2994 4319 interprete.

356 4378 634 4450 Βαρνάϐας
672 4378 946 4449 Κύπριος,
992 4380 1021 4430 ὁ
1063 4380 1157 4432 καὶ
1194 4379 1391 4449 Ἰωσὴφ
1419 4378 1669 4448 Λευίτης,
1701 4379 1838 4450 μετὰ

2018 4380 2295 4437 Barnabas
2333 4382 2588 4454 Cyprius,
2620 4387 2713 4455 qui
2754 4397 2809 4443 et
2852 4387 3052 4459 Joseph
3098 4389 3331 4457 Levites,
3377 4408 3498 4445 cum

264 4475 492 4529 Παύλου
512 4473 619 4527 τῶν
640 4473 807 4526 ἐθνῶν
835 4472 1121 4535 ἀπόστολος
1145 4474 1521 4538 κατασταθεὶς,
1550 4473 1677 4543 μίαν
1702 4474 1838 4544 πρὸς

1939 4470 2109 4527 Paulo
2134 4475 2375 4543 gentium
2403 4478 2684 4544 apostolus
2713 4479 3016 4546 ordinatus,
3046 4497 3209 4535 unam
3238 4482 3306 4536 ad
3334 4483 3500 4537 aediﬁ-

262 4567 563 4638 οἰκοδομὴν
587 4566 685 4636 τῆς
724 4565 1042 4635 Ἑκκλησίας
1066 4564 1347 4635 ἐπιστολὴν
1380 4565 1683 4631 συνέταξεν,
1716 4565 1837 4634 ἥτις

1936 4563 2209 4619 cationem
2254 4562 2512 4619 Ecclesiae
2546 4568 2907 4636 pertinentem
2938 4569 3234 4640 Epistolam
3278 4548 3508 4644 compo:

263 4663 361 4723 ei;
386 4658 484 4721 τὰς
509 4656 856 4728 ἀποκρύφους
884 4655 1099 4728 γραφὰς
1121 4656 1569 4726 ἀναγινώσκεται.

1937 4657 2071 4721 suit,
2101 4671 2223 4726 qua:
2253 4656 2394 4711 inter
2424 4659 2763 4729 apocrypbas
2792 4662 3095 4731 scripturas
3117 4664 3333 4734 legitur.

259 4886 317 4943 Δ
341 4816 476 4886 Lege
510 4816 742 4938 ﬁdonem
782 4813 1137 4881 Viennensem,
1169 4816 1224 4869 in
1248 4816 1382 4869 libro
1414 4814 1488 4871 De
1518 4812 1919 4878 festivitatibus,
1947 4812 2036 4864 ad.
2065 4827 2125 4865 ιιι
2159 4809 2289 4865 Idus
2320 4808 2476 4873 Jun.;
2514 4808 2821 4878 Notkerum,
2849 4812 3175 4885 Freculfum,
3204 4816 3495 4871 Honorium

322 4897 514 4943 uausto
556 4925 569 4937 .

322 4903 569 4959 ugustoa.

1153 5022 1300 5085 lusu,
1346 5021 1439 5074 lib.
1479 5038 1574 5075 xm
1603 5020 1907 5076 Comment.
1952 5020 2008 5074 in
2042 5018 2311 5074 Ezechiel.
2338 5032 2493 5083 XLIII,
2528 5017 2615 5071 19.

349 5183 589 5239 Vitulum
621 5195 797 5257 autem
825 5187 919 5257 qui
954 5202 1054 5257 pro
1084 5188 1240 5242 nobis
1270 5188 1582 5241 immolatus
1612 5197 1718 5249 est,
1752 5195 1808 5240 et
1830 5186 2000 5257 multa
2028 5184 2435 5257 Scripturarum
2482 5182 2622 5250 loca,
2663 5194 2717 5242 et
2768 5186 3040 5256 praecipue
3074 5186 3339 5240 Barnaba:
3364 5185 3490 5255 Epi-

259 5256 413 5313 stola
435 5270 557 5324 qua:
582 5256 811 5311 habetur
832 5256 887 5312 in
922 5256 1225 5328 scripturas
1251 5258 1610 5328 apocryphas,
1642 5256 1905 5310 nominat.
1938 5256 2073 5326 Cap.
2103 5256 2157 5310 8.

344 5368 493 5423 Idem
526 5367 901 5442 Hisnouvuus,
933 5370 1192 5442 adversus
1236 5369 1575 5441 Pelagianos,
1618 5368 1831 5442 lib._n|,
1858 5387 1974 5442 cap.
2010 5370 2065 5442 1,
2095 5374 2264 5442 locum
2298 5371 2355 5429 S.
2402 5373 2667 5429 Barnabaa
2707 5375 2769 5428 de
2808 5373 3079 5442 apostolis,
3108 5370 3385 5423 laudatum
3424 5370 3487 5423 ab

263 5442 518 5511 Origene,
550 5439 646 5494 lib.
680 5455 697 5493 1
724 5450 897 5495 contr.
925 5439 1164 5508 Celsum,
1193 5439 1460 5511 perperam
1488 5441 1619 5494 citat
1644 5440 1736 5494 sub
1766 5441 1971 5493 nomine
1999 5440 2065 5493 B.
2094 5440 2314 5510 lgnatii.

340 5555 815 5631 Nicspnoncs__CP.
850 5558 1039 5631 inﬁne
1068 5557 1527 5631 Chronographiaa
1548 5574 1658 5631 suae
1687 5556 1981 5631 Epistulam
2014 5556 2274 5631 Barnabw
2306 5570 2553 5631 posuerat
2582 5562 2719 5616 inter
2751 5558 2916 5614 libros
2957 5555 3094 5610 Novi
3145 5554 3185 5608 Τ
3186 5555 3483 5621 testamenti,

262 5629 453 5696 quibus
487 5628 871 5697 contradictum
905 5629 1026 5697 fuit,
1054 5638 1110 5682 ut
1134 5639 1275 5697 patet
1298 5626 1367 5683 ea:
1382 5626 1659 5683 Anastasii
1680 5626 2077 5682 Bibliotlterarii
2102 5626 2353 5685 versione.

593 5719 860 5782 Parnon.
904 5720 1022 5781 Gn.
1078 5720 1134 5780 ll

3168 5717 3242 5777 21
