4066 6330
607 249 702 308 631

1716 256 1773 316 8.
1810 259 2173 318 BARNABAS
2211 264 2564 324 APOSTOLU
2574 267 2629 322 S.

3664 282 3745 338 652

609 378 3734 428 _____________________________

1094 506 2451 664 RECENTIORUM
2587 513 3318 670 JUDICIA

884 783 1030 872 DE
1102 784 1686 881 EPISTOLA
1736 791 2150 882 SANCTI
2233 792 2811 884 BARNABZE
2903 796 3511 934 APOSTOLI.

2206 1112 2284 1198 Ι.

838 1306 855 1380 (
894 1304 950 1366 J.
984 1305 1052 1365 B.
1110 1302 1630 1379 COTELERlUS,
1692 1305 1910 1367 Patres
1965 1304 2335 1397 Apost‘olici,
2377 1312 2417 1367 t.
2452 1307 2506 1381 Ι,
2543 1325 2602 1386 p.
2656 1310 2713 1383 5,
2772 1308 2873 1371 ed.
2907 1310 3356 1374 Amstelodami
3389 1314 3577 1394 172k.)

675 1616 746 1670 De
774 1618 883 1671 vita
910 1627 957 1671 et
989 1618 1194 1671 nomine
1229 1617 1509 1674 Barnabas.
1562 1619 1816 1675 Refertur
1856 1637 1883 1675 a
1917 1621 1976 1677 Β.
2012 1621 2155 1677 Luca
2184 1630 2227 1686 Α
2260 1627 2505 1682 scribens
2531 1643 2547 1681 ε
2579 1628 2653 1681 Ab
2683 1628 2932 1697 apostolis
2960 1628 3235 1685 Barnabas
3265 1630 3343 1684 vel
3370 1648 3388 1681 ι
3409 1630 3542 1699 ﬁlius
3563 1636 3767 1688 consola-

594 1707 775 1764 Josem
809 1725 903 1764 seu
946 1708 1242 1779 Josephum
1270 1752 1283 1777 ,
1339 1710 1574 1766 Levitam
1600 1754 1614 1778 ,
1658 1728 1854 1783 genere
1900 1712 2156 1784 Cyprium

596 1802 891 1858 exstitisse.
933 1800 1149 1856 Scilicet
1196 1818 1257 1856 ea
1304 1804 1358 1856 in
1407 1803 1583 1858 insula
1628 1804 1847 1874 plurimi
1896 1806 2160 1875 degebant

595 1894 766 1949 Judaei
799 1913 813 1949 :
846 1910 876 1948 a
911 1893 1111 1964 quibus
1159 1904 1344 1964 postea
1366 1937 1380 1961 ,
1426 1896 1729 1965 imperante
1776 1895 2046 1967 Trajano,
2081 1898 2159 1953 uti

594 1985 859 2041 discimus
887 2001 982 2055 per
1010 1984 1237 2040 Dionem
1259 1985 1509 2040 Cassium
1543 1987 1597 2038 in
1622 1984 1858 2041 Historia
1881 1987 2027 2043 illius
2056 1989 2158 2041 im-

592 2076 885 2145 peratoris,
912 2074 1205 2130 Eusebium
1230 2075 1283 2129 in
1325 2076 1607 2144 Chronico,
1628 2076 1904 2142 Orosium,
1936 2078 2030 2133 lib.
2058 2095 2155 2147 vu,

592 2182 713 2237 cap.
731 2168 819 2234 12,
843 2176 1005 2237 atque
1022 2167 1189 2237 hujus
1204 2168 1490 2233 asseclam,
1512 2167 2154 2241 pseudo-Hieronymum,

593 2269 826 2315 tractatu
855 2261 923 2315 de
949 2260 1085 2316 locis
1108 2275 1175 2315 ex
1199 2262 1350 2316 Actis
1377 2261 1748 2330 apostolorum
1768 2304 1783 2329 ,
1815 2263 2025 2320 inﬁnita
2059 2266 2158 2320 ho-

594 2353 802 2405 minum
840 2351 1134 2406 multitudo
1154 2351 1400 2422 iugulata
1441 2346 1578 2419 fuit,
1631 2353 1870 2423 urbsque
1901 2354 2155 2421 Salamis,

592 2444 893 2514 peremptis
922 2444 1178 2499 omnibus
1207 2443 1406 2500 incolis
1428 2485 1444 2509 ,
1494 2443 1741 2501 funditus
1770 2460 1979 2501 eversa.
2018 2446 2158 2502 Dicit

590 2537 753 2592 etiam
787 2536 963 2593 Lucas
988 2536 1169 2593 Josem
1194 2552 1493 2608 cognomen
1517 2536 1779 2593 Barnabas
1804 2538 1872 2593 ab
1897 2540 2157 2608 apostolis

592 2630 787 2685 tulisse
819 2630 949 2700 (quo
977 2629 1315 2700 signiﬁcetur
1340 2629 1456 2692 υἱὸς
1485 2628 1878 2699 παρακλήσεως
1897 2668 1912 2692 ,
1961 2628 2014 2683 id
2044 2640 2155 2697 est,

591 2722 736 2792 ﬁlius
763 2723 1141 2776 consolationis
1167 2731 1217 2776 et
1243 2721 1649 2775 exhortationis.
1677 2718 1982 2790 Utrumque
2012 2723 2155 2776 enim

590 2816 987 2887 παρακλήσεως
1020 2815 1281 2879 denotat;
1332 2812 1582 2882 quamvis
1624 2809 1684 2864 Β.
1730 2809 2060 2882 Hieronymo
2091 2813 2157 2868 ad

591 2907 698 2962 Titi
732 2923 792 2973 ιι,
825 2907 925 2973 15,
961 2905 1132 2976 magis
1161 2903 1593 2959 consolationem
1624 2916 1785 2971 quam
1818 2902 2153 2957 exhortatio-

2262 1720 2419 1771 tionis
2448 1738 2466 1771 ›
2493 1728 2568 1773 est
2592 1730 2827 1788 vocatus,
2859 1737 2953 1789 pro
2980 1738 3039 1775 eo
3054 1722 3188 1791 quod
3214 1738 3333 1774 cum
3352 1722 3575 1775 habuerit
3598 1740 3768 1793 agrum,

2257 1820 2473 1874 eumque
2502 1807 2791 1861 uendiderit
2810 1849 2824 1873 ,
2876 1810 3099 1878 pretium
3129 1808 3241 1878 ejus
3276 1819 3396 1863 ante
3422 1810 3563 1879 pedes
3592 1822 3768 1881 aposto-

2258 1897 2451 1961 lorum,
2499 1900 2567 1952 ad
2614 1901 3017 1954 consolationem
3046 1918 3368 1972 pauperum,
3414 1902 3658 1971 posuerit;
3695 1919 3772 1958 nec

2256 2005 2365 2044 non
2428 1990 2501 2044 illi
2561 1991 2651 2060 qui
2709 1990 2763 2045 in
2814 1989 3173 2063 Hieronymo,
3222 1992 3365 2047 libro
3407 1991 3481 2046 De
3520 1992 3772 2046 nominibus

2261 2080 2559 2150 Hebraicis,
2591 2091 2809 2138 vertunt
2844 2084 2986 2152 ﬁlius
3014 2082 3413 2137 consolationis.
3444 2082 3519 2138 Ad
3549 2083 3775 2154 posterio-

2257 2189 2372 2227 rem
2408 2188 2535 2229 vero
2578 2172 2741 2229 etiam
2787 2173 3238 2245 signiﬁcationem
3293 2174 3484 2229 adduci
3514 2182 3673 2244 potest
3696 2189 3776 2229 ex-

2257 2265 2457 2335 positio
2512 2265 2684 2321 sant-ti
2735 2263 3110 2336 Chrysostomi
3135 2304 3151 2328 ,
3198 2265 3426 2320 bomilia
3460 2266 3517 2319 11
3553 2264 3603 2320 in
3629 2265 3775 2319 Acta:

2262 2357 2560 2431 Βαρνάϐας,
2611 2357 2640 2410 ὃ
2694 2358 2838 2410 ἐστιν
2889 2357 3017 2423 υἱὸς
3053 2357 3505 2427 παρακλήσεως,
3556 2357 3651 2410 ὑπὸ
3691 2354 3777 2408 τῶν

2257 2446 2564 2502 ἀποστόλων
2587 2446 2974 2519 ἐπωνομάσθη’
3006 2448 3099 2501 καὶ
3124 2447 3272 2501 δοκεῖ
3310 2465 3397 2519 μοι
3428 2446 3534 2501 ἀπὸ
3558 2446 3647 2517 τῆς
3675 2446 3780 2518 ἀρε-

2256 2532 2355 2603 τῆς
2381 2532 2655 2603 εἰληφέναι
2679 2533 2739 2586 τὸ
2765 2535 2953 2605 ὄνομα,
2978 2534 3053 2598 ὡς
3079 2534 3214 2606 πρὸς
3241 2536 3404 2588 τοῦτο
3426 2536 3599 2599 ἱκανὸς
3622 2532 3687 2587 ὢν
3706 2535 3780 2588 καὶ

2258 2623 2577 2693 ἐπιτήδειος.
2613 2623 2919 2689 Barnabas,
2972 2630 3066 2682 hoc
3092 2637 3167 2682 est
3210 2649 3233 2685 ‹
3277 2626 3424 2695 ﬁlius
3451 2625 3780 2680 consolationis

2257 2720 2305 2766 et
2337 2711 2742 2777 exhortationis,
2766 2732 2784 2765 ι
2821 2713 2884 2766 ab
2916 2714 3170 2783 apostolis
3198 2716 3594 2786 cognominatus
3621 2723 3705 2769 est.
3728 2712 3781 2765 Et

2258 2801 2385 2855 mihi
2419 2802 2644 2868 videtur,
2676 2820 2709 2857 a
2738 2804 2927 2857 virtute
2952 2820 3139 2858 nomen
3168 2806 3547 2876 assumpsisse,
3592 2804 3711 2875 quod
3729 2803 3781 2856 ad

2257 2892 2392 2946 illud
2414 2901 2569 2963 aptus
2591 2903 2723 2948 esset
2743 2911 2804 2948 ac
2826 2895 3063 2960 idoneus,
3088 2896 3153 2951 ad
3174 2898 3588 2965 consolandum,
3605 2908 3782 2964 nempe,

588 3016 714 3057 nem
740 3008 915 3055 sonet.
942 2997 1130 3052 Tradit
1159 2996 1356 3067 quippe
1384 3003 1607 3049 sanctus
1632 2993 1990 3063 Augustinus,
2020 2993 2156 3049 alios
2188 2977 2229 3032 Β
2258 3001 2324 3041 ac
2352 2986 2775 3041 exhortandum.
2809 2987 3033 3044 Accedit
3062 2990 3168 3046 huc
3213 2990 3578 3061 veriloquium
3622 2986 3785 3042 Hieroo

589 3092 815 3147 verbum
839 3087 1207 3161 παρεκλήθην,
1226 3086 1361 3155 psal.
1388 3100 1578 3149 cxvm,
1610 3085 1698 3149 52,
1724 3084 1949 3139 vertisse
1974 3100 2157 3138 conso-

589 3185 730 3237 latus
759 3197 904 3247 sum,
935 3180 1072 3234 alios
1105 3178 1410 3232 exhortatus
1440 3193 1577 3232 sum.
1615 3175 1682 3230 Et
1710 3184 1941 3247 utraque
1976 3176 2158 3232 versio

589 3269 831 3324 cernitur
864 3270 916 3321 in
952 3267 1009 3322 S.
1043 3265 1282 3334 Hilario;
1314 3266 1407 3337 qui
1436 3266 1504 3320 ad
1532 3266 1774 3336 ejusdem
1809 3266 2003 3336 psalmi
2034 3281 2156 3321 ver-

588 3361 824 3419 siculum
856 3360 943 3425 76,
981 3358 1075 3412 τοῦ
1108 3358 1486 3431 παρακαλέσαι
1528 3357 1707 3413 reddit
1735 3366 1794 3410 ut
1821 3358 2156 3422 exhortetur;

588 3456 880 3525 locumque
908 3451 1154 3522 Apostoli
1185 3449 1225 3504 ll
1270 3448 1397 3506 Cor.
1434 3466 1486 3517 ι,
1526 3449 1591 3516 5,
1652 3449 1724 3503 ita
1754 3448 1908 3504 eﬁ‘ert
1943 3467 1956 3503 :
1987 3448 2156 3503 Bene-

588 3548 761 3601 dictus
785 3545 925 3599 Deus
948 3554 996 3599 et
1010 3542 1174 3598 Pater
1194 3542 1408 3596 Domini
1429 3542 1593 3595 nostri
1615 3539 1741 3595 Iesu
1758 3539 1975 3607 Christi,
1998 3541 2159 3595 Pater

589 3639 1005 3703 miserationum,
1049 3644 1099 3691 et
1145 3633 1285 3689 Deus
1312 3634 1478 3686 onmis
1509 3632 1910 3700 exhortationis,
1941 3633 2033 3702 qui
2066 3647 2159 3686 ex-

588 3733 832 3785 hortatur
877 3745 970 3783 nos
1016 3728 1073 3781 in
1122 3725 1265 3780 omni
1321 3723 1679 3777 tribulatione.
1732 3721 1834 3776 Ubi
1884 3720 2154 3793 Vulgata:

590 3823 727 3876 Deus
794 3820 954 3874 totius
1008 3816 1421 3882 consolationis,
1460 3814 1551 3885 qui
1596 3812 1900 3867 consolatur
1946 3828 2038 3866 nos
2101 3812 2157 3864 in

587 3913 730 3966 omni
762 3910 1100 3965 tribulatione
1129 3916 1334 3973 nostra,
1370 3918 1427 3961 ut
1458 3907 1719 3975 possimus
1749 3918 1797 3960 et
1834 3904 1938 3975 ipsi
1968 3920 2153 3958 conso-

586 4006 691 4059 lari
712 4020 798 4059 eos
827 4005 917 4075 qui
945 4005 1000 4056 in
1024 4002 1165 4056 omni
1192 4017 1439 4071 pressura
1465 4008 1608 4065 sunt,
1631 4015 1720 4068 per
1741 3998 2157 4051 exhortationem

586 4112 691 4166 qua
720 4096 1059 4150 exhortamur
1093 4103 1145 4148 et
1178 4094 1281 4163 ipsi
1313 4109 1345 4145 a
1376 4091 1505 4158 Deo,
1556 4099 1660 4144 etc.
1697 4090 1787 4144 Sic
1823 4090 1987 4144 etiam
2015 4090 2156 4158 apud

587 4185 920 4252 Luciferum,
952 4187 1090 4240 libro
1120 4186 1196 4239 De
1227 4202 1327 4238 non
1358 4184 1699 4237 conveniendo
1726 4198 1840 4234 cum
1873 4182 2152 4246 hwreticis,

588 4280 694 4335 hoc
722 4280 882 4334 modo
907 4278 1104 4333 citatur
1130 4277 1443 4347 Apostolus,
1475 4274 1637 4329 llebr.
1672 4290 1750 4339 ιιι,
1782 4276 1878 4328 15;
1904 4273 2005 4328 Sed
2036 4290 2155 4327 con-

2260 3078 2576 3148 nymianum
2609 3101 2620 3134 :
2655 3079 2950 3147 Barnabas,
2980 3082 3124 3150 [ilius
3153 3082 3454 3151 prophetas,
3483 3089 3574 3135 aut
3595 3079 3786 3150 prophe-

2261 3170 2370 3235 tiae,
2406 3171 2508 3225 hoc
2552 3180 2635 3225 est
2683 3172 2963 3242 propheta.
3022 3172 3421 3242 Pr0phetarum
3465 3170 3662 3226 scilicet
3695 3168 3788 3223 sive

2259 3267 2544 3322 doctorum
2575 3276 2677 3331 est,
2716 3267 2993 3321 adhortari
3037 3275 3090 3322 et
3132 3266 3409 3322 consolari
3456 3264 3549 3320 Dei
3588 3262 3785 3334 plebem.

2258 3356 2547 3426 Quocirca,
2578 3358 2698 3411 Act.
2739 3373 2829 3423 xv,
2854 3357 2953 3421 52,
2998 3357 3226 3411 habetur
3253 3375 3270 3411 :
3310 3355 3507 3419 Ἰούδας
3531 3354 3586 3407 δὲ
3612 3352 3695 3406 καὶ
3715 3348 3787 3401 Σίο

2257 3451 2353 3516 λας
2383 3452 2476 3505 καὶ
2506 3452 2657 3505 αὐτοὶ
2685 3452 2956 3525 προφῆται
2981 3450 3249 3517 ὅντες,διὰ
3272 3451 3435 3521 λόγου
3465 3449 3647 3505 πολλοῦ
3674 3463 3792 3516 παρ-

2259 3542 2519 3597 εκάλεσαν
2577 3542 2703 3606 τοὺς
2748 3542 3047 3612 ἀδελφοὺς,
3098 3543 3193 3597 καὶ
3240 3542 3618 3616 ἐπεστήριξαν.
3657 3538 3792 3594 Juxta

2259 3645 2504 3689 nostrum
2553 3635 2950 3703 interpretem:
3008 3633 3179 3689 Judas
3230 3648 3415 3691 autem
3464 3646 3512 3691 et
3561 3633 3711 3699 Silas,
3752 3638 3792 3684 et

2258 3723 2359 3791 ipsi
2404 3739 2521 3776 cum
2561 3732 2731 3777 essent
2768 3724 3032 3794 prapheta:
3054 3764 3072 3792 ,
3120 3724 3269 3779 verbo
3303 3726 3534 3796 plurimo
3568 3720 3791 3779 consolati

2258 3826 2377 3869 sunt
2427 3816 2643 3886 fratres,
2678 3827 2729 3871 et
2769 3818 3223 3888 conﬁrmaverunt.
3268 3818 3338 3873 Et
3378 3818 3401 3873 Ι
3443 3819 3571 3874 Cor.
3607 3815 3791 3880 x1v,5:

2270 3910 2326 3963 '0
2363 3909 2419 3962 δὲ
2458 3910 2814 3981 προφητεύων
2863 3909 3165 3983 ἀνθρώποις
3204 3912 3362 3967 λαλεί
3413 3910 3686 3981 οἰκοδομὴν
3716 3907 3794 3961 καὶ

2256 4000 2593 4072 παράκλησιν
2630 4004 2724 4054 καὶ
2760 4000 3129 4072 παραμυθίαν.
3186 4001 3334 4057 Nam
3386 4004 3478 4074 qui
3528 4000 3794 4073 prophetat,

2255 4093 2549 4146 hominibus
2580 4093 2814 4162 loquitur
2841 4094 2909 4146 ad
2934 4094 3343 4162 azdiﬁcationem
3365 4136 3381 4160 ,
3426 4104 3476 4148 et
3504 4089 3796 4147 exhortatio-

2254 4204 2404 4251 nem,
2448 4195 2497 4239 et
2544 4185 2975 4240 consolationem.
3058 4185 3213 4241 Vcrs.
3260 4186 3325 4241 51
3370 4206 3383 4241 ;
3437 4184 3667 4239 Δύνασθε
3708 4180 3799 4250 γὰρ

2256 4279 2374 4333 καθ’
2401 4278 2495 4331 ἕνα
2522 4277 2721 4340 πάντες
2744 4278 3123 4349 προφητεύειν,
3149 4280 3234 4331 ἵνα
3262 4279 3468 4342 πάντες
3497 4274 3795 4348 μανθάνωσι,

587 4370 835 4424 solamini
882 4369 1218 4437 vosmetipsos
1242 4410 1256 4436 ,
1309 4384 1408 4438 pro
1451 4382 1561 4437 quo
1590 4365 1853 4437 Vulgatus
1889 4367 2155 4435 interpres

2257 4372 2349 4424 καὶ
2397 4371 2595 4435 πάντες
2639 4370 3077 4443 παρακαλῶνται.
3132 4370 3207 4426 Ex
3260 4372 3459 4427 eadem
3536 4368 3796 4425 versione:

590 4462 970 4517 adhortamini.
1001 4460 1045 4513 A
1063 4459 1324 4529 Gregorio
1351 4469 1530 4514 autem
1553 4459 1915 4524 Nazianzeno,
1944 4459 1998 4512 in
2028 4472 2154 4512 ora—

589 4554 737 4608 tione
764 4552 853 4619 56,
887 4551 1234 4623 παράκλητος
1263 4551 1281 4604 l
1309 4550 1468 4608 Joan.
1496 4569 1566 4617 ιι,
1601 4553 1626 4605 1
1645 4594 1661 4619 ,
1693 4552 1982 4622 exponitur
2011 4568 2153 4621 παρ-

587 4645 807 4715 αινέτης
836 4684 849 4709 ,
915 4646 1241 4699 exhortator.
1274 4643 1550 4714 Multaque
1580 4644 1779 4699 similia
1816 4643 2019 4713 passim
2070 4657 2154 4697 re-

586 4738 785 4810 peries.
830 4736 1074 4807 Denique
1122 4745 1343 4792 sanctus
1380 4736 1704 4792 Ambrosius
1746 4735 1802 4789 in
1848 4735 1979 4789 illud
2011 4736 2153 4805 psal.

587 4847 777 4899 cxvm,
811 4828 907 4885 76:
931 4828 998 4883 Ut
1027 4829 1331 4882 exhortetur
1360 4846 1462 4891 me,
1487 4828 1590 4881 ait:
1619 4826 1797 4897 Aliqui
1826 4828 2025 4881 codices
2056 4825 2155 4879 ha-

590 4922 707 4974 bent
740 4925 796 4975 in
839 4925 935 4975 hoc
979 4921 1117 4989 loco,
1164 4931 1226 4976 ut
1264 4920 1576 4975 consoletur
1620 4934 1726 4973 me.
1770 4917 1871 4973 Sed
1900 4919 2060 4972 etiam
2099 4919 2154 4972 in

591 5011 841 5080 Apostolo
895 5012 1113 5080 legimus
1170 5010 1588 5063 exhortationem
1646 5026 1740 5079 pro
1800 5010 2154 5063 consolatione

589 5102 809 5167 dictam,
839 5108 887 5153 et
919 5101 1330 5155 consolationem
1378 5118 1473 5170 pro
1510 5102 1897 5156 exhortatione.
1940 5101 2019 5155 Ex
2070 5102 2155 5156 his

528 5250 531 5253 λ
590 5193 804 5247 duabus
833 5192 1317 5262 signiﬁcationibus
1345 5193 1771 5265 παρακλήσεως,
1817 5194 2046 5262 primam
2098 5193 2154 5248 'rn

526 5293 537 5351 ᾖ
589 5284 910 5353 explicando
937 5284 1157 5338 nomine
1187 5285 1446 5339 Barnabas
1469 5286 1762 5353 accipiunt,
1789 5284 2154 5341 OEcumenius

590 5377 657 5429 ad
688 5377 810 5431 Act.
842 5392 916 5439 ιν,
948 5376 1038 5441 56,
1073 5376 1200 5430 dum
1225 5376 1276 5430 id
1306 5377 1546 5430 nominis
1574 5376 1686 5430 vult
1714 5392 1832 5431 esse
1856 5376 2153 5448 μαρτύριον

590 5469 794 5539 ἀρετῆς
826 5469 1276 5540 φιλοικτίρμονος,
1312 5481 1366 5524 et
1397 5469 1771 5524 demonstrare
1801 5469 2153 5541 παραμυθίαν

590 5560 687 5611 καὶ
738 5559 1055 5629 οἰκτιρμόν;
1089 5558 1359 5615 Notkerus
1389 5562 1443 5614 in
1472 5559 1879 5631 Martyrologio,
1917 5571 2064 5615 torno
2086 5560 2153 5613 Vl

592 5652 840 5717 Antiqua
857 5651 1120 5707 Lectionis
1147 5651 1365 5709 Henrici
1400 5651 1627 5723 Canisii,
1652 5648 1718 5708 ad
1743 5668 1805 5709 ιιι
1831 5652 1955 5710 ldus
1978 5653 2146 5719 Junii,

2254 4460 2483 4515 Potestis
2528 4462 2667 4515 enim
2713 4477 2887 4516 omnes
2932 4478 3024 4531 per
3076 4462 3308 4532 singulos
3364 4460 3701 4531 prophetare,
3750 4461 3800 4505 κε

2255 4571 2431 4608 omnes
2457 4554 2686 4620 discant,
2715 4563 2763 4608 et
2797 4570 2971 4607 omnes
3005 4554 3365 4607 exhortantur.

2324 4643 2479 4699 Hunc
2508 4643 2814 4698 Barnabam
2841 4644 3118 4699 exstitisse
3141 4659 3310 4699 unum
3342 4659 3412 4699 ex
3440 4642 3583 4698 LXX
3609 4635 3799 4695 Domini

2253 4734 2537 4805 discipulis
2568 4735 2913 4805 comprobari
2961 4743 3139 4805 potest
3189 4735 3507 4791 testimonio
3533 4729 3801 4789 Clementis

2253 4826 2629 4893 Alexandrini,
2658 4841 2783 4881 cum
2811 4825 2906 4880 lib.
2933 4841 2972 4879 ιι
3000 4822 3356 4892 Stromateon,
3402 4835 3521 4879 tum
3552 4826 3608 4879 in
3641 4821 3799 4892 Hypo-

2257 4921 2522 4994 typosibus
2539 4918 2682 4991 apud
2706 4917 3020 4984 Eusebium,
3045 4917 3191 4973 Hist.
3242 4917 3371 4975 eccl.
3393 4919 3493 4974 lib.
3521 4933 3565 4985 ι,
3586 4932 3701 4986 cap.
3725 4912 3800 4975 l3,

2253 5023 2306 5068 et
2336 5013 2428 5067 lib.
2462 5027 2544 5078 ιι,
2579 5025 2699 5080 cap.
2736 5009 2795 5076 l;
2832 5024 3063 5079 eamque
3113 5009 3469 5064 traditionem
3520 5015 3801 5078 sequuntur

2255 5100 2589 5171 Epiphanius
2618 5100 2672 5153 in
2708 5098 2814 5154 ﬁne
2844 5107 2977 5153 tom.
3008 5097 3049 5163 l,
3084 5098 3181 5154 lib.
3216 5115 3257 5167 ι,
3282 5099 3555 5154 Adversus
3580 5099 3800 5159 hereses,

2254 5201 2443 5249 auctor
2498 5193 2746 5251 Chronici
2787 5190 2917 5246 dicti
2965 5191 3361 5256 Alexandrini,
3413 5190 3714 5246 Dorotheus
3752 5185 3801 5238 in

2256 5278 2479 5350 Synopsi
2500 5322 2515 5346 ,
2558 5289 2611 5333 et
2638 5280 2676 5332 ii
2709 5280 2800 5350 qui
2832 5278 3095 5335 Barnabae
3137 5295 3225 5337 res
3254 5290 3440 5351 gestas
3479 5278 3800 5347 conscripse-

2255 5382 2400 5429 runt.
2440 5372 2638 5426 Contra
2669 5372 2859 5442 objicit
2898 5372 3041 5427 Beda
3086 5373 3141 5426 in
3184 5374 3303 5429 Act.
3357 5390 3457 5428 tv:
3492 5372 3686 5427 Mirum
3711 5381 3799 5437 quo

2252 5466 2404 5520 modo
2427 5464 2561 5517 hunc
2590 5463 2911 5530 Barnabam,
2936 5465 3024 5534 qui
3050 5473 3228 5533 postea
3251 5481 3370 5518 cum
3393 5464 3570 5519 Paulo
3592 5459 3799 5532 gentium

2252 5569 2327 5611 est
2362 5557 2637 5611 ordinatus
2662 5557 2960 5625 apostolus,
2996 5573 3059 5609 ac
3100 5566 3215 5625 post
3246 5557 3465 5625 longum
3489 5555 3603 5624 ejus
3631 5556 3797 5605 contu-

2253 5651 2517 5718 bernium,
2547 5649 2715 5705 denuo
2746 5646 2973 5721 Cyprum
2992 5690 3005 5713 ,
3041 5650 3175 5704 unde
3204 5658 3351 5703 ortus
3380 5648 3597 5721 fuerat,
3623 5636 3799 5717 prdi-
