4066 6330
394 252 503 305 655

1722 253 1985 309 PROLEG
1993 253 2245 308 OMENA.

3494 257 3596 311 633$

386 383 607 425 caturus
636 371 821 437 rediit,
857 371 1108 427 Eusebius
1129 415 1143 439 ,
1194 378 1248 429 in
1279 376 1512 432 Historia
1554 378 1942 443 ecclesiastica,
1974 382 2019 438 A
2046 379 2345 434 intercedat
2381 380 2985 443 rationeauctoﬁtatis,
3014 379 3345 434 Clementem
3380 379 3518 433 inter
3548 389 3601 435 et

384 466 451 516 de
474 481 688 519 numero
710 482 818 520 esse
856 480 959 518 Lxx
1010 467 1389 536 discipulorum
1409 468 1622 521 Domini
1648 468 1943 535 Saluatoris

385 556 708 621 arbitratur;
732 573 848 610 cum
865 558 1140 627 manifeste
1172 559 1365 612 scribat
1393 558 1456 613 Β.
1478 558 1799 619 Lucas,eum
1829 569 1945 628 post

383 649 741 701 ascensionem
772 646 1013 714 Domini,
1048 650 1114 702 ad
1170 650 1542 719 discipulatum
1591 652 1943 718 apostolorum

384 739 584 791 venisse
601 754 619 791 :
637 740 738 792 nisi
758 741 892 808 forte
907 743 1195 809 putandum
1211 752 1415 795 estcum
1440 744 1584 811 prius
1611 744 1684 795 ita
1712 745 1944 811 discipu-

382 828 553 881 latum
580 829 779 883 Christi
807 841 1059 897 secutum,
1100 844 1156 886 ut
1186 834 1401 887 necdum
1433 835 1805 888 renuntiaverit
1833 852 1943 887 om-

382 920 539 972 nibus
572 937 689 990 quae
722 923 1019 991 possidebat
1052 938 1069 975 :
1103 925 1239 993 quod
1273 934 1451 978 utrum
1492 926 1799 995 evangelica:
1846 929 1942 997 do-

379 1013 570 1065 ctrinae
598 1015 908 1078 convenerit,
933 1016 1096 1069 cuivis
1118 1016 1369 1084 facillime
1394 1026 1556 1086 patet.
1584 1018 1779 1072 Verum
1810 1035 1941 1089 pace

381 1104 485 1157 viri
533 1107 878 1171 venerabilis,
928 1122 1025 1162 nec
1071 1106 1244 1163 Lucas
1294 1109 1426 1164 dicit
1472 1109 1772 1165 Barnabam
1818 1122 1941 1181 post

380 1197 758 1251 ascensionem
802 1197 1014 1252 Domini
1060 1198 1290 1267 cmpisse
1315 1198 1557 1264 credere,
1597 1217 1697 1256 nec
1732 1202 1941 1258 videtur

380 1306 608 1347 necesse
637 1301 699 1347 ut
732 1307 919 1348 omnes
947 1293 1199 1363 discipuli
1236 1294 1420 1349 omnia
1461 1311 1558 1349 sua
1601 1297 1937 1367 abjecerint:

378 1382 531 1452 quod
558 1383 804 1452 quamvis
831 1392 975 1437 esset
1000 1425 1014 1447 ,
1063 1384 1239 1453 potuit
1266 1382 1461 1438 Noster
1489 1399 1679 1439 recens
1710 1386 1939 1440 haeredi-

380 1482 496 1527 tate
538 1474 786 1543 adeptum
825 1489 1013 1543 agrum
1054 1474 1288 1529 vendere
1313 1515 1327 1537 ,
1378 1488 1488 1544 quo
1532 1475 1815 1544 pecuniam
1870 1477 1939 1531 ad

378 1564 546 1633 pedes
573 1564 937 1632 apostolorum
970 1572 1209 1633 poneret.

452 1637 716 1707 caeterum
758 1654 822 1708 de
862 1652 1106 1708 Barnaba
1137 1656 1306 1710 multa
1348 1665 1637 1710 narrantur
1682 1657 1735 1710 in
1788 1654 1937 1711 Novo

377 1743 731 1800 Testamento
776 1765 789 1799 :

377 1835 681 1891 Christiani
736 1837 1058 1894 Antiocheni
1116 1840 1363 1894 miserint
1411 1840 1805 1911 eleemosynam
1869 1840 1935 1894 ad

378 1925 901 1999 Hierosolymitanos
926 1946 1021 2001 per
1044 1947 1236 1985 manus
1266 1931 1410 1987 illius
1440 1950 1453 1986 :
1502 1948 1569 1986 ex
1592 1948 1700 2003 quo
1728 1932 1932 1988 factum

372 2021 639 2086 arbitror,
689 2030 748 2075 ut
787 2021 957 2076 Graeci
1001 2022 1055 2075 in
1088 2023 1428 2078 ordinatione
1457 2023 1637 2093 magni
1663 2025 1932 2078 teconomi

374 2110 658 2173 dicerent,
689 2113 868 2182 εὐχαῖς
899 2114 991 2167 καὶ
1027 2114 1340 2186 πρεσϐείαις
1369 2114 1462 2167 τοῦ
1491 2115 1643 2183 ἁγίου
1677 2117 1768 2169 καὶ
1796 2132 1931 2170 παν-

374 2205 624 2275 ευφήμου
675 2204 925 2275 Βαρνάϐα
966 2204 1056 2258 τοῦ
1106 2206 1397 2260 ἀποστόλου
1441 2208 1533 2259 x'a‘t
1576 2208 1931 2281 γενναιομάρ-

372 2308 561 2366 τυροζ,
615 2297 850 2365 precibus
890 2306 941 2350 et
995 2297 1446 2352 intercessionibus
1486 2300 1656 2352 sancti
1712 2311 1760 2354 et
1803 2300 1933 2355 cele-

372 2386 669 2439 bratissimi
700 2387 995 2453 Barnabw,
1036 2390 1264 2458 apostoli
1288 2399 1336 2444 et
1376 2391 1606 2460 generosi
1647 2394 1929 2463 martyris;

372 2479 831 2549 quemadmodum
858 2482 1039 2538 videre
1085 2491 1168 2539 est
1216 2484 1269 2537 in
1317 2482 1473 2538 Joan.
1520 2483 1716 2538 Morini
1748 2483 1929 2540 Sacris

388 2573 816 2628 ordinationibus
850 2584 1002 2645 parte
1033 2591 1103 2641 ιι,
1144 2591 1265 2646 pag.
1298 2576 1419 2631 115.
1450 2575 1673 2647 Reliqua
1702 2578 1769 2633 ad
1797 2592 1929 2647 apo-

365 2666 576 2722 stolum
609 2668 769 2723 istum
802 2668 1146 2738 pertinentia,
1191 2683 1341 2734 vera,
1388 2668 1653 2736 fabulosa,
1678 2680 1730 2726 et
1768 2670 1927 2742 vulgo

366 2770 794 2829 cognoscuntur,
833 2770 888 2815 et
915 2760 984 2815 ad
1012 2762 1321 2816 institutum
1353 2771 1603 2819 nostrum
1634 2779 1743 2818 non
1771 2763 1928 2818 valde

366 2850 583 2907 faciunt
610 2869 624 2905 :
651 2869 820 2923 quare
849 2869 911 2909 ea
943 2856 1106 2910 missa
1140 2855 1390 2912 facimus.

442 2944 681 3013 Epistola
707 2945 986 3001 Barnabaz.
1023 2945 1280 3003 Venimus
1308 2949 1374 3003 ad
1404 2948 1695 3018 Epistolam
1726 2965 1925 3005 nomen

364 3035 518 3091 illius
543 3033 911 3105 praeferentem
932 3078 946 3102 ,
980 3038 1247 3093 veteribus
1278 3039 1547 3094 laudatam
1581 3056 1741 3110 saepe,
1777 3042 1924 3097 desi-
1950 3067 1991 3124 α

359 3128 611 3182 deratam
640 3127 1012 3197 superioribus
1040 3130 1285 3194 saeculis,
1323 3139 1512 3185 nostro
1544 3132 1770 3187 feliciter
1807 3134 1923 3187 edi-

358 3224 479 3268 tam
507 3230 538 3268 a
568 3215 698 3270 viris
722 3216 1053 3273 doctissimis
1081 3217 1308 3291 Hogone
1337 3219 1594 3277 Menardo
1636 3233 1690 3278 et
1737 3222 1923 3279 lsaaco

364 3304 584 3361 Vossio.
621 3306 908 3361 Dubitatur
934 3322 1004 3363 an
1035 3310 1113 3364 sit,
1132 3312 1402 3380 genuinus
1429 3312 1590 3380 fetus,
1624 3330 1691 3368 an
1720 3331 1922 3385 suppo-

361 3403 525 3459 situs.
561 3402 936 3459 Existimatum
983 3404 1200 3474 quidem
1228 3403 1494 3462 Clementi
1534 3408 1919 3475 Alexandrino,

358 3495 583 3565 Origeni
615 3511 678 3550 ac
720 3494 1046 3566 Hieronymo
1066 3538 1081 3563 ,
1112 3497 1340 3552 summis
1368 3498 1501 3553 viris
1524 3540 1538 3563 ,
1570 3500 1770 3570 quibus
1796 3516 1922 3572 pro-

361 3601 547 3659 pterea
582 3588 712 3643 ﬁdes
765 3588 923 3643 facile
963 3589 1213 3657 abrogari
1258 3606 1365 3644 non
1406 3590 1604 3657 debet,
1647 3592 1781 3645 nihil
1834 3593 1922 3647 hic

361 3680 573 3735 fraudis
595 3679 925 3735 delitescere.
950 3678 1018 3732 At
1039 3678 1327 3743 Eusebius,
1351 3680 1571 3749 quando
1621 3680 1765 3735 Hist.
1790 3682 1917 3736 sccl.

364 3774 463 3827 lib.
512 3789 617 3839 ιιι,
666 3787 781 3841 cap.
836 3772 940 3837 25,
991 3770 1287 3840 Epistolam
1322 3773 1552 3827 collocat
1582 3772 1720 3827 inter
1749 3773 1919 3828 libros

363 3864 598 3934 spurios,
631 3866 688 3916 ὲν
721 3863 922 3927 νόθοις,
965 3863 1149 3917 dolum
1186 3864 1395 3917 videtur
1425 3862 1732 3931 suspicatus
1769 3882 1781 3917 :
1815 3864 1918 3918 nisi

361 3957 409 4010 si
454 3957 579 4026 quis
632 3956 855 4009 nothum
900 3956 1155 4009 volumen
1201 3968 1266 4008 eo
1316 3954 1419 4008 loci
1469 3962 1722 4022 exponat,
1771 3963 1831 4007 ut
1863 3954 1915 4008 in

360 4047 729 4117 Amphilochii
763 4045 1000 4116 Epistola
1040 4046 1274 4100 iambica
1310 4045 1377 4099 ad
1408 4043 1690 4099 Seleucum
1720 4085 1734 4108 ,
1787 4046 1916 4099 illud

356 4138 510 4209 quod
542 4154 649 4192 non
677 4147 757 4192 est
784 4137 1075 4207 genuinum
1106 4151 1273 4191 sacrae
1303 4136 1617 4205 Scriptura},
1645 4137 1758 4191 sive
1784 4136 1917 4192 alias

358 4240 644 4286 auctorem
669 4245 857 4284 verum
889 4229 1045 4283 titulo
1093 4226 1370 4297 praeferat,
1427 4227 1539 4281 sive
1574 4228 1911 4282 ementitum.

356 4322 518 4377 Certe
539 4323 626 4374 vix
652 4321 797 4375 credi
819 4327 1016 4391 potest,
1042 4320 1185 4389 quod
1212 4320 1344 4373 adeo
1360 4320 1594 4374 eximius
1614 4320 1913 4389 apostolus,

2044 470 2344 527 Barnabam
2372 515 2386 537 ,
2432 474 2588 542 cujus
2636 472 2872 541 Epistola
2920 482 3129 525 tantum
3178 471 3334 524 famae
3378 487 3484 524 non
3518 480 3602 525 est

2042 575 2330 620 consecuta
2361 580 2424 619 ac
2468 566 2554 620 illa
2604 568 2917 623 Clementis.
2971 566 3049 619 Ad
3098 565 3208 618 haec
3259 575 3597 632 argumento.

2041 672 2149 726 quo
2181 658 2351 711 utitur
2393 668 2614 713 sanctus
2650 659 2989 729 Augustinus
3012 697 3025 721 ,
3058 654 3151 708 lib.
3197 670 3212 707 ι
3264 649 3462 707 Contra
3499 653 3598 705 ad-

2041 750 2330 802 uersarium
2383 750 2512 819 legis
2544 759 2595 802 et
2637 750 3036 818 prophetarum,
3082 761 3200 814 cap.
3230 744 3329 809 20,
3368 753 3425 796 ut
3462 758 3599 813 apo-7

2040 841 2239 910 crypha
2273 840 2371 895 sub
2404 841 2715 895 nominibus
2756 841 2982 893 Andreae
3022 837 3353 906 Joannisque
3396 836 3597 903 scripta

2039 932 2288 987 exsibilet
2316 940 2478 1001 atque
2506 934 2756 1001 explodat
2787 930 2893 997 {Si
2931 929 3147 982 illorum
3175 937 3363 992 essent,
3393 934 3599 1010 recepta

2039 1033 2206 1077 essent
2231 1024 2295 1077 ab
2326 1024 2599 1090 Ecclesia;
2630 1040 2715 1092 eo,
2750 1026 3001 1094 inquam,
3035 1030 3353 1092 argumento
3382 1022 3437 1075 in
3468 1035 3599 1078 sus-

2038 1115 2307 1185 picionem
2342 1115 2631 1186 illegitimte
2660 1117 2825 1186 prolis
2856 1116 3000 1170 venit
3030 1115 3290 1184 Epistula,
3330 1129 3450 1168 cum
3480 1114 3593 1183 jam

2039 1205 2131 1257 diu
2164 1206 2365 1274 reiecta
2412 1214 2465 1259 et
2510 1206 2576 1259 ad
2621 1206 2956 1276 apocryphas
2983 1206 3281 1273 scripturas
3308 1204 3595 1258 amandata

2040 1294 2221 1349 fuerit.
2255 1297 2562 1365 Apocrypha
2583 1338 2597 1361 ,
2627 1297 2800 1365 inquit
2842 1295 3222 1365 Hieronymus,
3254 1294 3411 1363 epist.
3446 1294 3498 1361 7,
3527 1294 3595 1349 ad

2039 1384 2261 1450 Lanam,
2292 1388 2427 1440 sciat
2456 1403 2558 1439 non
2585 1404 2764 1440 eorum
2790 1403 2901 1441 esse
2928 1402 3150 1455 quorum
3183 1386 3353 1439 titulis
3389 1402 3595 1454 pramo-

2040 1484 2239 1529 tantur.
2273 1475 2611 1544 Quapropter
2638 1476 2923 1545 Origenes,
2954 1474 3046 1544 qui
3078 1473 3284 1542 putavit
3309 1488 3447 1541 opus
3472 1486 3595 1527 esse

2038 1566 2317 1633 Barnabaz,
2350 1568 2578 1621 credidit
2605 1568 2768 1622 etiam
2801 1580 2922 1622 esse
2949 1566 3292 1621 canonicum.
3327 1562 3483 1627 Sunt,
3511 1563 3594 1615 in-

2038 1658 2154 1727 quit
2209 1660 2275 1711 ad
2326 1673 2464 1711 vers.
2511 1658 2599 1720 24,
2634 1672 2751 1728 cap.
2802 1674 2819 1710 ι
2879 1656 3131 1726 Epistolas
3176 1657 3241 1709 ad
3295 1654 3590 1719 Romanos,

837 1746 977 1800 inter
1024 1747 1161 1812 alia,
1208 1747 1327 1803 Act.
1379 1764 1466 1814 x1,
1499 1748 1597 1813 29,
1652 1749 1740 1814 50,
1791 1750 1936 1818 quod
1968 1718 2010 1773 Β
2035 1761 2283 1821 praeterea
2317 1752 2479 1819 (sicut
2510 1753 2564 1804 in
2592 1718 2773 1804 multis
2804 1749 3092 1818 Scriptura?
3123 1749 3250 1801 locis
3280 1747 3591 1814 invenimus)

2033 1843 2195 1895 etiam
2224 1844 2495 1912 utriusque
2523 1845 2718 1911 partis,
2746 1843 2822 1897 vel
2864 1844 3133 1913 utriusque
3174 1842 3269 1896 via:
3293 1882 3309 1903 ,
3356 1840 3589 1909 fautores

2033 1935 2247 2001 quidam
2279 1943 2326 1987 et
2358 1935 2623 2002 adjutores
2658 1934 2849 2006 angeli,
2879 1943 3009 1999 ctc.,
3043 1934 3133 1989 ubi
3163 1934 3286 2004 quis
3312 1948 3421 1987 non
3446 1932 3593 1987 videt

2034 2026 2196 2081 alludi
2228 2028 2293 2081 ad
2325 2036 2487 2096 caput
2518 2027 2584 2082 18
2612 2037 2810 2083 nostra:
2834 2027 3108 2098 Epistolas,
3138 2026 3204 2081 de
3227 2026 3438 2081 duabus
3464 2025 3586 2089 viis,

2031 2127 2085 2172 et
2127 2119 2193 2173 de
2243 2118 2448 2189 angelis
2495 2119 2712 2188 utrique
2754 2120 2855 2173 viae
2898 2117 3242 2187 praepositis?
3294 2115 3413 2170 Jam
3459 2130 3588 2170 vero

2031 2210 2124 2263 lib.
2170 2226 2187 2262 ι
2240 2220 2422 2262 contra
2469 2207 2677 2264 Celsum
2719 2210 2861 2265 idem
2908 2209 3264 2263 Adamantius
3314 2222 3502 2262 vocem
3554 2222 3587 2260 a

2031 2300 2277 2355 Barnaba
2313 2302 2475 2371 paulo
2510 2300 2701 2356 durius
2740 2300 2794 2354 in
2825 2301 3101 2371 apostolos
3143 2300 3404 2369 prolatam
3427 2338 3442 2363 ,
3487 2288 3600 2355 lie-7

2030 2408 2302 2464 quaquam
2351 2394 2567 2463 rejicit,
2613 2394 2723 2447 imo
2769 2394 3038 2448 similibus
3093 2392 3385 2461 Scriptum
3426 2390 3585 2445 dictis

2030 2487 2207 2541 munit
2254 2501 2317 2541 ac
2366 2486 2579 2548 ﬁrmat,
2638 2485 2968 2555 insuperque
3023 2484 3320 2554 Epistolam
3374 2499 3583 2537 sacram

2027 2595 2148 2635 esse
2198 2581 2412 2644 innuit,
2463 2588 2516 2633 et
2562 2587 2716 2632 vocat
2763 2578 3095 2632 Catholicam
3146 2595 3161 2631 :
3212 2592 3321 2646 quo
3364 2576 3582 2646 quidem

2026 2674 2248 2729 nomine
2280 2674 2440 2727 etiam
2480 2672 2753 2726 indicatur
2786 2686 2906 2725 eam
2950 2670 3141 2724 saltem
3188 2686 3217 2723 a
3264 2670 3449 2723 multis
3480 2669 3584 2723 Ca-

2025 2764 2245 2819 tholicis
2268 2762 2437 2818 fuisse
2466 2762 2780 2827 admissam,
2804 2770 2967 2830 atque
2993 2759 3166 2814 instar
3188 2755 3579 2813 catholicarum

2026 2854 2353 2919 lectitatam;
2409 2867 2517 2907 non
2565 2852 2745 2907 solum
2792 2862 2972 2906 autem
3021 2849 3376 2920 signiﬁcatur,
3433 2848 3581 2918 quod

2026 2946 2177 3000 aiunt
2218 2960 2281 2999 ex
2314 2944 2542 2999 Leontio
2570 2944 2665 3000 lib.
2699 2944 2775 2999 De
2805 2946 2983 3008 sectis,
3017 2944 3229 2999 actione
3261 2942 3326 3009 2,
3363 2957 3395 2996 a
3425 2943 3581 3012 cujus

2025 3036 2279 3106 opinione
2310 3036 2617 3090 nullatenus
2639 3034 2890 3090 dissentit
2912 3032 3294 3096 (Ecumenius,
3324 3022 3593 3101 scriptam

2023 3123 2144 3183 esse
2171 3128 2238 3183 ad
2269 3143 2458 3182 omnes
2483 3127 2829 3199 generaliter,
2866 3141 2973 3180 non
3006 3139 3133 3180 vero
3159 3124 3228 3179 ad
3257 3140 3421 3179 unam
3450 3116 3591 3194 gen-l

2022 3230 2152 3275 tem.
2184 3218 2320 3274 Nam
2354 3221 2398 3275 si
2441 3220 2494 3274 id
2524 3229 2733 3273 tantum
2764 3219 3063 3274 declararet
3091 3232 3155 3272 ea
3184 3232 3321 3283 vox,
3354 3217 3442 3272 cui
3475 3233 3580 3271 un-

2021 3327 2187 3381 quam
2217 3312 2456 3366 venisset
2486 3311 2542 3364 in
2573 3318 2806 3365 mentem
2833 3350 2847 3376 ,
2893 3307 3120 3363 Joannis
3147 3308 3440 3364 secundam
3464 3348 3480 3375 ,
3510 3308 3580 3363 ad

2023 3419 2185 3458 unam
2216 3404 2477 3470 domum,
2531 3411 2586 3457 et
2638 3402 2891 3469 tertiam,
2941 3402 3010 3456 ad
3063 3417 3232 3455 unum
3301 3400 3575 3455 hominem

2020 3504 2289 3562 exaratos,
2318 3497 2371 3549 in
2400 3495 2788 3551 catholicarum
2817 3510 3041 3550 censum
3072 3493 3312 3551 referre?
3336 3493 3579 3550 Pruden-

2020 3589 2128 3643 tius
2164 3588 2345 3657 itaque
2371 3586 2572 3641 factum
2601 3587 2668 3641 ab
2699 3586 2907 3642 Isidoro
2950 3585 3155 3656 llispal.
3186 3587 3279 3641 lib.
3311 3603 3364 3641 v1
3395 3587 3577 3655 Origi-

2020 3698 2168 3746 num,
2197 3696 2315 3750 cap.
2346 3680 2380 3732 ‘2
2409 3681 2568 3749 (nam
2606 3678 2875 3732 confutari
2902 3694 3006 3733 non
3040 3688 3279 3733 meretur
3308 3681 3572 3734 sententia

2020 3770 2341 3843 Hebedjesu,
2378 3770 2617 3825 auctoris
2644 3769 2953 3833 Cbaldaici,
2983 3770 3299 3825 allirmantis
3325 3771 3378 3824 in
3409 3769 3574 3825 Cata-

2018 3865 2141 3935 logo
2192 3865 2495 3928 librorum,
2548 3861 2846 3917 catholicas
2907 3862 3027 3916 ideo
3074 3862 3259 3916 vocari
3306 3861 3572 3931 Epistolas

2015 3957 2239 4024 Jacobi,
2289 3956 2471 4022 Petri,
2499 3955 2726 4012 Joannis
2762 3967 2812 4010 et
2853 3954 3039 4020 Judaa,
3069 3956 3212 4024 quod
3246 3956 3315 4010 ab
3346 3956 3411 4010 iis
3443 3970 3572 4024 apo-

2017 4048 2170 4102 stolis
2223 4049 2372 4101 omni
2435 4047 2755 4110 charactere.
2787 4056 2840 4101 et
2885 4047 3067 4115 lingua
3142 4046 3344 4100 fuerint
3389 4047 3571 4100 consi-

2017 4139 2266 4208 gnatae),
2298 4139 2391 4207 qui
2423 4154 2546 4193 cum
2577 4139 2892 4207 pmdictum
2932 4138 3251 4192 vocabulum
3282 4137 3570 4205 posteriori

2015 4245 2181 4285 sensu
2229 4239 2552 4299 usurparet,
2622 4229 2918 4284 catholicas
2976 4238 3251 4298 nuncupat
3303 4228 3571 4298 Epistolas

2016 4321 2183 4385 Petri,
2207 4337 2312 4375 non
2338 4323 2463 4376 item
2489 4320 2696 4387 Jacobi,
2713 4320 2957 4385 Joannis,
2976 4330 3033 4375 et
3047 4319 3197 4374 Judzc
3224 4336 3569 4390 :quanquam

356 4417 441 4469 vir
470 4415 652 4483 ριεηιιε
700 4410 903 4481 Spiritu
942 4424 1122 4465 δαηειο
1162 4421 1210 4464 ει
1255 4412 1357 4479 ﬁde
1381 4412 1424 4477 ¹ν
1446 4419 1758 4481 segregatus
1806 4425 1913 4464 una
1946 4405 1989 4459 D
2013 4414 2164 4469 Judu:
2189 4423 2243 4468 et
2266 4413 2451 4467 Jacobi
2486 4414 2844 4483 generaliores
2874 4413 2984 4467 sint
3009 4414 3180 4482 prima
3209 4413 3351 4467 Petri
3381 4430 3394 4466 :
3428 4413 3571 4467 unde

284 4500 291 4505 ’
356 4522 485 4561 cum
514 4504 682 4559 Paulo
720 4521 749 4559 a
789 4513 979 4558 sancto
1018 4503 1220 4572 Spiritu
1252 4504 1306 4555 in
1338 4510 1475 4571 opus
1505 4501 1810 4571 Evangelii,
1859 4510 1912 4554 et

354 4598 565 4667 collega
593 4596 835 4667 ejusdem
868 4594 1091 4665 apostoli
1137 4595 1188 4647 in
1218 4594 1458 4665 gentium
1489 4592 1815 4661 apostolatu,
1847 4604 1911 4646 ea

356 4688 641 4758 scripserit
686 4702 805 4756 qua;
849 4689 902 4739 in
942 4686 1202 4755 opusculo
1241 4683 1491 4754 praesenti
1526 4684 1907 4738 continentur:

352 4788 579 4835 coactas
608 4778 729 4833 dico
756 4776 1071 4846 allegorias,
1106 4775 1477 4830 enarrationes
1510 4773 1910 4843 Scripturarum

356 4870 544 4924 minus
574 4867 913 4929 verisimiles,
948 4864 1160 4920 fabulas
1188 4865 1255 4919 de
1280 4864 1607 4919 animalibus
1632 4904 1647 4928 ,
1701 4865 1912 4933 aliaque

352 4958 428 5018 de
457 4962 656 5033 quibus
684 4969 867 5030 postea
915 4972 1157 5029 agemus.
1207 4956 1334 5012 llaec
1362 4965 1540 5011 tamen
1566 4997 1582 5022 ,
1613 4956 1701 5009 vix
1738 4956 1912 5010 credi-

354 5056 526 5121 bilia,
579 5068 687 5108 non
734 5060 1003 5107 remorata
1050 5059 1179 5105 sunt
1222 5050 1506 5120 praedictos
1556 5049 1907 5113 Clementem,

350 5143 686 5215 Origenem,
740 5142 1126 5214 Hieronymum
1176 5160 1189 5195 :
1239 5143 1379 5197 sicut
1424 5141 1581 5211 pauci
1632 5141 1768 5195 navi
1817 5142 1908 5210 qui

354 5240 642 5293 honestam
670 5233 862 5289 faciem
896 5233 1152 5304 Epistolas
1180 5249 1209 5287 a
1236 5232 1515 5287 Clemente
1558 5232 1804 5286 Romano
1843 5231 1909 5284 ad

350 5330 672 5388 Corinthios
718 5328 1087 5384 Romanorum
1134 5326 1353 5382 nomine
1394 5326 1711 5395 conscriptae
1756 5339 1909 5379 com-

356 5426 667 5491 maculant,
717 5437 826 5477 non
872 5421 1233 5492 impedierunt
1272 5421 1403 5490 quin
1447 5421 1581 5474 tanti
1622 5435 1684 5473 ea
1719 5419 1907 5485 ﬁeret;

351 5516 608 5588 quamvis
633 5528 827 5583 magna
849 5554 863 5579 ,
915 5528 1036 5569 meo
1058 5512 1277 5584 quidem
1317 5511 1556 5583 judicio,
1608 5510 1907 5573 differentia

430 5676 448 5710 ³
472 5674 592 5729 Act.
623 5690 700 5740 ιι,
727 5674 829 5739 2b;
858 5690 979 5738 xm,
1017 5674 1071 5728 2.

2012 4513 2256 4560 notatum
2307 4505 2408 4559 fuit
2452 4522 2481 4560 a
2527 4506 2761 4574 quodam
2813 4505 3104 4560 scholiaste
3147 4505 3215 4558 ad
3269 4504 3566 4574 Epistolam

2011 4595 2216 4662 Jacobi,
2241 4613 2342 4652 ms.
2383 4596 2549 4667 Regio
2580 4596 2681 4651 705
2705 4616 2718 4651 :
2747 4598 3110 4668 Προτέτακται
3135 4599 3167 4669 ἡ
3193 4599 3285 4651 τοῦ
3316 4599 3567 4653 Ἰακώϐου

2025 4687 2302 4759 Ἐπιστολὴ
2330 4688 2435 4740 τῶν
2461 4689 2663 4752 ἄλλων,
2698 4690 2778 4742 ὅτι
2807 4706 2865 4741 τε
2900 4688 3113 4759 πρῶτος
3151 4690 3443 4754 ἐπίσκοπος
3478 4688 3566 4763 ἦν,

2012 4783 2104 4834 καὶ⁹
2148 4783 2227 4834 ὅτι
2271 4782 2371 4852 τῆς
2420 4782 2623 4853 Πέτρου
2672 4781 3098 4853 καθολικωτέρα·
3147 4785 3265 4845 ταῖς
3312 4783 3417 4855 γὰρ
3466 4785 3567 4838 ἀνὰ

2011 4874 2188 4926 πᾶσαν
2227 4874 2323 4945 τὴν
2359 4874 2461 4943 γῆν
2509 4874 2926 4945 διεσπαρμέναις
2966 4874 3178 4946 ἐγράφη
3223 4875 3427 4929 δώδεκα
3467 4893 3567 4944 φυ-

2010 4966 2144 5029 λαῖς.
2220 4966 2329 5021 Hoc
2368 4977 2496 5022 est:
2542 4966 2726 5021 Posita
2770 4978 2844 5023 est
2886 4978 3009 5023 ante
3039 4968 3217 5033 .alias
3268 4970 3564 5024 catholicas

2012 5058 2253 5127 Epistola
2278 5058 2501 5123 Jacobi;
2533 5072 2641 5113 tum
2667 5061 2791 5130 quia
2825 5061 2871 5113 is
2904 5061 3103 5129 primus
3132 5070 3245 5113 erat
3271 5062 3559 5129 episcopus,

2012 5161 2122 5203 tum
2145 5152 2269 5219 quia
2302 5150 2397 5204 illa
2427 5151 2774 5205 universalior
2807 5162 2882 5205 est
2924 5152 3147 5220 epistola
3176 5151 3320 5205 Petri
3353 5151 3559 5219 (prima

2011 5242 2277 5311 scilicet);
2327 5242 2602 5295 duodecim
2649 5243 2834 5312 quippe
2876 5242 3110 5295 tribubus
3144 5259 3236 5309 per
3263 5242 3558 5294 universum

2009 5336 2182 5389 orbem
2228 5336 2477 5403 dispersis
2528 5337 2723 5403 scripta
2774 5344 2847 5388 est
2910 5334 3150 5403 Denique
3190 5330 3252 5387 S.
3300 5331 3557 5402 Hierony-

2010 5441 2165 5491 mus,
2216 5429 2269 5479 in
2322 5426 2461 5480 libro
2490 5442 2651 5494 quem
2701 5424 2776 5477 De
2822 5423 3240 5492 interpretatione
3292 5421 3557 5479 nominum

2014 5516 2427 5584 chraicorum,
2486 5517 2728 5572 imitatus
2771 5516 3049 5571 Philonem
3105 5530 3169 5568 ac
3218 5508 3551 5582 Origenem,
