4066 6330
446 341 449 344 .
480 285 585 343 655

1574 274 1631 329 S.
1673 267 2037 327 BARNABAS
2084 264 2515 324 APOSTOLUS.

3614 254 3716 309 656

482 401 794 474 composuit
816 442 832 463 ,
882 400 1024 454 inter
1057 395 1194 452 Novi
1224 393 1557 451 Testamenti
1594 393 1766 447 libros
1799 407 1906 446 non
1939 400 2051 446 sta-
2079 391 2121 449 Δ
2149 390 2327 459 ginem
2357 387 2505 443 illius
2536 392 2825 455 repeteret,
2858 398 2887 438 a
2920 381 3258 452 temporibus
3284 374 3557 433 excidium
3592 388 3714 427 mox

483 497 678 552 tuisset
715 493 1011 564 Epistolam
1041 488 1305 543 Barnabas
1329 528 1344 551 ,
1388 486 1529 542 sicut
1556 484 1706 552 facit,
1736 499 1900 554 quam
1932 483 2048 552 ipse

485 602 607 643 cum
638 584 963 656 apocryphis
988 578 1290 649 Scripturis
1320 576 1552 647 legebat,
1588 576 1691 630 nisi
1723 575 1949 629 vidisset
1974 572 2050 626 ita

484 680 552 735 ab
581 678 814 749 Origene
840 675 1010 729 fuisse
1038 672 1343 727 actitatum.
1388 668 1644 723 Eamdem
1679 682 1898 737 quoque
1922 681 2051 721 sen-

488 774 712 827 tentiam
763 766 1224 839 dcprehcndimus
1272 764 1327 817 in
1388 760 1610 830 antiqua
1666 757 2051 813 Stichometria

482 864 700 929 Latina,
734 838 855 932 quae
888 866 1065 914 exstat
1106 858 1161 911 in
1200 855 1415 910 duobus
1463 851 1622 907 libris
1670 866 1829 916 mss.,
1880 850 2052 904 altero
2096 838 2097 841 “

487 970 597 1009 non
629 953 835 1023 pridem
864 950 1230 1003 Puteanorum
1270 945 1522 999 Fratrum
1545 983 1560 1009 ,
1607 956 1753 996 nunc
1784 941 2051 995 Christia-

488 1046 703 1102 nissimi
732 1044 895 1114 regis,
927 1042 1099 1097 altero
1128 1038 1519 1094 monachorum
1558 1033 1745 1089 Sancti
1772 1032 2050 1087 Germani.

486 1139 601 1195 Illic
650 1136 890 1207 Epistola
936 1132 1199 1187 Barnaba:
1242 1129 1561 1201 collocatur,
1590 1132 1716 1196 post
1754 1123 2053 1194 Epistolam

487 1232 639 1287 Judae
658 1273 672 1297 ,
706 1238 831 1284 ante
860 1224 1085 1282 Joannis
1120 1222 1521 1278 Revelationem
1550 1226 1605 1273 et
1632 1216 1800 1272 Actus
1837 1224 2056 1286 aposto-

490 1503 675 1575 genis,
727 1501 978 1556 Clemens
1023 1493 1456 1556 Alexandrinus,
1500 1489 1700 1560 quippe
1755 1488 1847 1557 qui
1894 1501 2053 1554 opus,

492 1594 639 1665 quod
690 1591 866 1647 credit
909 1604 1030 1644 esse
1076 1583 1359 1648 Barnabas,
1411 1582 1710 1650 impugnat,
1758 1580 1879 1630 licet
1930 1590 2057 1644 sup—

492 1700 718 1757 presso,
778 1679 1005 1736 honoris
1066 1690 1271 1739 causa,
1326 1672 1580 1736 nomine;
1632 1667 1914 1734 Pwdagoyi
1972 1680 2052 1729 il,

2148 478 2648 551 subsequentibus;
2692 478 2762 532 ita
2806 476 2946 531 male
2982 489 3078 544 per
3102 468 3398 526 secundum
3426 463 3716 524 conclude-

2148 584 2300 630 retur
2326 573 2532 628 natales
2561 570 2805 641 ejusdem
2837 567 3135 637 contigisse
3154 605 3170 630 ,
3201 560 3385 617 statim
3420 568 3717 627 antequam

2150 666 2397 721 Clemens
2426 664 2596 718 libros
2624 677 2755 717 suos
2780 665 3153 730 componeret.
3188 655 3270 708 An
3305 652 3450 707 enim
3494 662 3717 704 necesse

2152 756 2289 823 fuit,
2328 763 2388 810 ut
2414 753 2617 825 ingenii
2649 760 3065 807 monumentum
3104 744 3511 816 apocryphum,
3553 740 3719 796 simul

2153 862 2217 900 ac
2245 860 2275 899 e
2304 843 2558 899 manibus
2590 842 2873 913 scriptoris
2908 841 3137 903 exierat,
3167 837 3313 891 illico
3353 833 3423 889 ad
3464 845 3717 888 commu-

2153 953 2278 993 nem
2304 936 2549 991 notitiam
2568 934 2893 1006 perveniret,
2916 941 3080 1001 atque
3101 946 3130 983 a
3153 927 3407 983 Patribus
3425 919 3723 980 citaretur?

2154 1046 2220 1086 eo
2244 1028 2546 1100 praesertim
2575 1038 2846 1095 tempore,
2886 1040 2996 1095 quo
3031 1032 3085 1078 et
3109 1019 3422 1076 scribebant
3446 1014 3639 1086 pauci,
3667 1019 3723 1068 et

2155 1121 2249 1191 qui
2278 1136 2377 1175 sua
2397 1118 2594 1173 litteris
2619 1115 3051 1179 committebant,
3085 1111 3233 1168 solos
3258 1108 3371 1163 fere
3396 1106 3450 1160 in
3475 1104 3721 1161 testimo-

2156 1213 2308 1267 nium
2351 1209 2686 1266 adhibebant
2710 1221 2897 1262 sacros
2923 1204 3093 1259 libros
3124 1220 3137 1255 :
3164 1212 3225 1256 ut
3249 1209 3722 1254 non-commemo-

2158 1317 2272 1357 rem
2320 1298 2788 1355 luctuosissimam
2837 1293 3178 1349 voluminum
3224 1286 3719 1345 ecclesiasticorum

2157 1392 2434 1463 prioribus
2463 1389 2679 1445 saeculis
2704 1395 3053 1441 exaratorum
3076 1383 3369 1453 iacturam.
3398 1376 3587 1447 Itaque
3609 1392 3723 1430 me-

2157 1484 2245 1540 dia
2280 1484 2366 1538 via
2410 1479 2767 1537 incedendum
2813 1477 3062 1539 videtur;
3106 1482 3160 1529 et
3202 1468 3545 1528 referendum
3584 1483 3723 1538 opus

2160 1576 2226 1630 ad
2278 1585 2488 1643 tempus
2525 1571 2669 1642 quod
2721 1571 2862 1625 inter
2905 1575 3201 1635 utrumque
3260 1560 3581 1626 intercedit;
3651 1560 3721 1612 ita

2162 1683 2341 1725 tamen
2381 1677 2442 1722 ut
2490 1667 2554 1721 ad
2600 1666 2834 1736 primum
2870 1660 3045 1731 magis
3074 1657 3297 1714 accedat
3341 1674 3355 1710 :
3399 1670 3564 1725 quam
3608 1666 3723 1706 rem

492 1791 612 1844 οθρ-
645 1772 731 1826 ίθ·
759 1770 814 1825 Ῑδ
852 1783 1014 1839 Porro
1036 1778 1376 1835 nequaquam
1397 1758 1779 1820 commiSiSSel.
1806 1756 1850 1810 Si
1871 1753 1937 1807 ad
1955 1753 2055 1807 0³·
2091 1745 2133 1799 Β
2159 1765 2438 1818 character
2462 1757 2697 1821 dicendi,
2744 1753 3099 1825 apostolicam
3137 1748 3515 1819 antiquitatem
3560 1745 3725 1802 redo-

484 1880 693 1921 rnonem
715 1862 989 1934 pertinere
1012 1858 1203 1912 fuisset
1223 1854 1540 1909 arbitratus.
1558 1852 1635 1904 Ac
1657 1847 1796 1903 forte
1818 1845 2056 1916 suspicio

492 1958 598 2013 erit
618 1956 802 2022 alicui,
826 1952 1069 2008 variasse
1091 1949 1448 2009 Clementem,
1471 1951 1565 1997 aut
1593 1956 1650 1996 se
1672 1941 1736 1994 ad
1763 1940 2056 1992 multorum

492 2049 807 2120 opinionem
839 2039 1314 2100 accommodasse,
1348 2044 1461 2090 tum
1500 2048 1622 2087 cum
1653 2030 2057 2098 Scripturarum

486 2118 680 2195 Canon
714 2146 894 2191 certos
920 2133 1118 2188 limites
1147 2128 1388 2184 nondum
1420 2131 1721 2194 acceperat.
1752 2119 1807 2174 Si
1840 2118 2058 2189 quidem

496 2235 550 2288 in
598 2231 750 2285 libris
794 2221 1274 2284 Ὑποτυπώσεων,
1319 2217 1590 2273 referente
1633 2212 1865 2268 Eusebio
1912 2209 2056 2262 flist.

498 2326 591 2378 lib.
628 2338 701 2387 vi,
737 2335 855 2388 cap.
893 2318 994 2381 14,
1042 2330 1148 2368 una
1183 2327 1306 2367 cum
1350 2308 1487 2363 Novi
1530 2302 1863 2361 Testamenti
1910 2300 2062 2355 libris

494 2418 846 2469 enarraverat
896 2406 1190 2476 Epistulam
1244 2402 1553 2465 Barnabm;
1612 2410 1774 2467 quam
1832 2393 2063 2450 fortasse

499 2499 1018 2575 pseudepigrapham
1052 2495 1295 2559 rebatur,
1325 2490 1542 2561 quando
1573 2485 1909 2542 confutabat.
1957 2480 2062 2535 Sed

499 2607 553 2652 et
584 2595 967 2664 Hieronymus,
1000 2602 1165 2658 supra
1195 2586 1394 2641 citatus
1420 2583 1488 2638 de
1510 2581 1732 2635 notione
1755 2576 1902 2630 vocis
1932 2575 2065 2643 Apo-

500 2689 754 2760 cryphum
778 2701 878 2756 pro
901 2696 1063 2753 opere
1090 2680 1211 2734 falsi
1239 2676 1411 2743 tituli;
1436 2684 1615 2729 tamen
1644 2671 1698 2723 in
1722 2669 1853 2722 locis
1881 2665 2063 2720 relatis

503 2786 641 2839 inter
668 2792 909 2836 veterum
941 2771 1274 2829 Tcstimonia
1294 2812 1309 2838 ,
1340 2765 1636 2838 Epistolam
1676 2760 2061 2831 apocrypham,

503 2891 611 2930 non
657 2866 1185 2944 pseudepigrapham
1235 2861 1369 2915 vult.
1417 2855 1725 2924 Quinetiam
1771 2868 1799 2905 a
1848 2849 2064 2905 Gelasio

503 2964 814 3036 apocrypha
862 2974 969 3013 non
1006 2972 1104 3026 pro
1156 2946 1637 3024 pseudepigraphis
1669 2945 1931 2999 duntaxat
1974 2956 2066 2995 su-

507 3033 749 3119 muntur,
776 3052 861 3105 vel
906 3061 1141 3118 quorum
1189 3041 1384 3099 secreti
1425 3046 1677 3094 auctores
1705 3044 1870 3105 atque
1915 3033 2067 3087 inco-

505 3151 663 3222 gniti,
684 3158 872 3200 verum
902 3155 998 3210 pro
1022 3136 1276 3193 omnibus
1298 3146 1439 3203 quae,
1465 3130 1593 3201 quia
1616 3138 1801 3183 notam
1827 3125 2064 3195 aliquam

509 3239 700 3297 mereri
748 3234 1022 3297 videntur,
1051 3229 1167 3284 sive
1210 3223 1634 3296 suppositionis,
1667 3221 1783 3277 sive
1830 3217 2063 3283 erroris,

507 3334 622 3389 sive
671 3310 1003 3397 impietatis,
1069 3318 1326 3375 abscondi
1374 3316 1569 3371 debent
1624 3323 1785 3383 atque
1828 3309 2068 3381 ignorari

510 3420 866 3495 (ἀποκρυφῆς
896 3413 1145 3489 μᾶλλονῆ
1173 3409 1526 3480 ἀναγνώσεως
1547 3407 1690 3475 ἄξια,
1719 3406 1850 3461 dicit
1880 3410 2071 3458 auctor

517 3493 810 3595 Synopseos
871 3529 1035 3571 sacra:
1089 3509 1376 3576 Scriptura:
1418 3502 1655 3558 creditus
1685 3493 2068 3562 Athanasius),

512 3586 613 3666 nec
658 3586 713 3661 in
759 3604 975 3677 publica
1003 3599 1208 3655 versari
1243 3596 1435 3651 notitia
1459 3635 1474 3659 ,
1508 3594 1649 3649 sicut
1675 3590 1799 3645 libri
1825 3586 2070 3644 canonici

512 3698 916 3769 Scripturarum
939 3734 953 3758 ,
981 3701 1035 3747 et
1077 3690 1115 3745 ii
1155 3684 1509 3744 ecclesiastici
1538 3683 1779 3744 Patrum,
1810 3681 1905 3750 qui
1929 3676 2073 3733 inof-

512 3793 668 3847 fenso
696 3787 832 3859 pede
858 3785 1073 3840 decurri
1104 3788 1328 3853 queunt.
1363 3777 1543 3844 Quare
1583 3775 1725 3828 inter
1766 3769 2074 3841 apocrypha

514 3889 759 3940 recenset
798 3878 1094 3935 Clementis
1140 3871 1495 3928 Alexandrini
1521 3868 1814 3941 opuscula,
1856 3864 2075 3919 Tenui-

514 3976 647 4031 liani
667 4015 683 4041 ,
711 3971 1004 4043 Cypriani,
1034 3965 1291 4030 Arnobii,
1332 3962 1630 4029 Lactantii,
1659 3958 1909 4023 Eusebii,
1942 3958 2077 4011 alio-

515 4082 660 4133 rum,
689 4063 939 4135 quamvis
967 4058 1210 4113 indubia.
1306 4097 1313 4105 .

584 4158 667 4213 Ex
713 4155 914 4227 quibus
966 4148 1222 4206 omnibus
1267 4144 1586 4209 conficitur,
1634 4156 1742 4195 non
1789 4137 2078 4193 admodum

516 4254 724 4308 clarere
753 4257 935 4303 utrum
963 4250 1281 4314 praesentem
1324 4234 1619 4307 Epistolam
1648 4229 1960 4300 adjudicare
1989 4227 2081 4281 de-

519 4349 742 4401 beamus
770 4339 1033 4395 Barnaba:
1057 4334 1329 4405 apostolo,
1356 4347 1422 4385 an
1450 4328 1603 4384 alteri
1626 4324 1836 4381 homini
1864 4332 2082 4393 aposto-

2157 1856 2295 1916 lens,
2328 1866 2435 1906 non
2469 1851 2698 1905 obscure
2728 1846 3015 1917 significat.

2230 1948 2453 2011 Quanta:
2479 1941 2829 1996 auctoritatis.
2854 1937 3127 2005 Quantum
3156 1933 3221 1989 ad
3248 1932 3537 1989 secundam
3566 1932 3727 1985 inter-

2162 2040 2495 2109 rogationem
2522 2074 2537 2099 ,
2565 2035 2631 2088 de
2649 2030 2903 2103 praesenti
2934 2039 3175 2098 tempore
3211 2025 3358 2079 nulla
3387 2024 3561 2078 oritur
3588 2022 3729 2077 ditii-

2160 2133 2353 2188 cultas.
2378 2129 2608 2185 Constat
2633 2126 2772 2179 inter
2801 2138 3012 2187 omnes,
3062 2118 3360 2190 Epistolam
3411 2117 3467 2170 in
3515 2130 3729 2171 canone

2161 2223 2338 2277 locum
2353 2235 2462 2274 non
2482 2219 2697 2273 habere.
2716 2213 2825 2269 Nec
2845 2213 3026 2267 minus
3043 2218 3294 2265 constare
3309 2208 3487 2270 debet,
3506 2207 3726 2277 dignam

2161 2330 2281 2371 esse
2318 2328 2513 2382 magna
2530 2308 2894 2369 veneratione,
2917 2320 3038 2375 quae
3062 2312 3269 2358 tantum
3290 2301 3425 2355 ferat
3451 2300 3624 2355 :etatis
3644 2308 3731 2354 at-

2162 2422 2266 2477 que
2284 2401 2724 2461 existimationis.
2746 2399 2802 2454 Si
2822 2406 3001 2452 autem
3020 2393 3427 2449 consideremus
3443 2392 3618 2460 prima
3636 2405 3732 2444 sab-

2164 2497 2306 2562 cnla,
2352 2494 2569 2564 quando
2612 2506 2819 2547 canone
2863 2490 3079 2543 diverso
3122 2486 3414 2541 utebantur
3435 2483 3725 2549 Ecclesia;

2166 2590 2314 2644 varia
2338 2589 2392 2642 in
2427 2585 2602 2641 studia
2641 2582 2799 2639 scissi
2823 2581 3043 2636 fuerunt
3062 2579 3380 2635 Christiani.
3404 2577 3461 2632 ld
3488 2586 3545 2632 ut
3572 2578 3730 2631 intel-

2165 2680 2383 2750 ligatur,
2415 2678 2706 2732 obscrvare
2742 2680 2975 2743 oportet,
3024 2671 3455 2741 Scripturarum,
3488 2685 3611 2741 quae
3638 2677 3732 2723 aut

2167 2785 2337 2825 sacrae
2358 2776 2505 2835 sunt,
2536 2775 2628 2821 aut
2666 2766 2803 2819 tales
2833 2772 2961 2818 sunt
2988 2762 3185 2831 habita;
3218 2776 3248 2814 a
3289 2759 3591 2825 nonnullis,
3620 2774 3729 2813 non

2169 2876 2329 2915 unam
2356 2860 2497 2930 apud
2527 2868 2746 2913 sanctos
2778 2856 2965 2909 Patres
3009 2853 3232 2923 reperiri
3262 2852 3608 2908 divisionem.
3639 2850 3731 2905 ln-

2166 2953 2378 3009 tcrdum
2406 2951 2603 3020 duplex
2636 2948 2977 3005 solummodo
3014 2945 3071 3001 fit
3103 2944 3411 3015 Scriptura;
3447 2946 3729 3010 canonica,

2167 3043 2325 3111 cujus
2355 3041 2585 3095 dictator
2603 3037 2837 3108 Spiritus
2855 3047 3095 3102 sanctus,
3116 3046 3167 3091 et
3195 3037 3529 3105 apocrypha,
3569 3036 3729 3105 cujus

2168 3144 2357 3189 auctor
2375 3134 2541 3188 homo
2556 3132 2725 3187 solus.
2744 3129 2820 3184 Ita
2846 3128 3207 3200 Hieronymus
3230 3130 3282 3182 in
3309 3128 3537 3198 Prologo
3556 3128 3734 3198 galea-

2171 3237 2242 3294 to,
2277 3225 2636 3297 Augustinus,
2683 3224 2720 3277 ι.
2754 3240 2789 3277 ιι
2824 3224 2899 3277 De
2925 3223 3166 3276 doctrina
3197 3219 3657 3290 Christiana,cap.
3678 3221 3733 3286 8,

2170 3330 2223 3376 et
2256 3318 2515 3385 lsidorus,
2556 3316 2833 3388 Originum
2866 3316 2962 3370 lib.
2994 3331 3069 3382 vi,
3101 3330 3219 3383 cap.
3244 3313 3298 3366 Ξ.
3330 3312 3421 3368 Sic
3441 3314 3605 3368 etiam
3628 3314 3735 3369 duo

2170 3426 2366 3484 genera
2383 3408 2787 3479 Scripturarum
2806 3414 3081 3478 ponuntur
3098 3406 3150 3459 in
3168 3404 3427 3471 Eusebio,
3445 3404 3591 3460 Hist.
3608 3406 3733 3460 εδει.

2171 3504 2265 3558 lib.
2304 3518 2388 3570 ιιι,
2413 3516 2533 3571 cap.
2560 3500 2614 3568 3,
2652 3496 3148 3569 ὁμολογουμένων
3173 3496 3271 3550 καὶ
3299 3497 3738 3566 ἀναντιρῤήτων

2170 3602 2225 3649 et
2252 3592 2370 3645 τῶν
2392 3592 2477 3661 μὴ
2505 3592 2807 3655 τοιούτων,
2843 3589 2897 3642 in
2929 3588 3213 3644 Athanasii
3239 3604 3334 3643 seu
3362 3588 3587 3645 alterius
3601 3586 3739 3659 Syn-

2174 3686 2308 3754 opsi,
2339 3681 2805 3751 κανονιζομένων
2841 3690 2895 3736 et
2918 3681 3003 3751 μὴ
3034 3680 3513 3750 κανονιζομένων,
3545 3681 3600 3734 in
3634 3682 3739 3751 Cy-

2178 3778 2283 3831 rilli
2326 3774 2795 3846 Hierosolymitani
2840 3782 3035 3844 quarta
3078 3772 3367 3838 calechesi,
3400 3770 3509 3840 τῆς
3535 3771 3738 3838 διαθή-

2176 3888 2287 3937 κης
2318 3869 2416 3923 καὶ
2451 3868 2610 3936 παρὰ
2654 3867 2843 3921 πᾶσιν
2881 3866 3370 3936 ὁμολογουμένων
3401 3875 3454 3921 et
3480 3867 3741 3934 ἀποκρύ-

2176 3979 2304 4031 ςρων
2332 3960 2430 4014 καὶ
2458 3959 3009 4029 ἀμφιϐαλλομένων,
3044 3960 3099 4012 in
3136 3958 3383 4027 Gregorii
3416 3956 3740 4013 Nazianzeni

2178 4054 2421 4109 carmine
2454 4053 2543 4119 '55,
2578 4051 2750 4105 θείων
2776 4050 3172 4119 εθιιλτνησίων
3198 4057 3251 4104 et
3284 4051 3743 4119 παρεγγράπτων

2180 4162 2273 4201 seu
2317 4144 2402 4213 μὴ
2434 4144 2729 4213 molior;
2768 4141 2911 4211 apud
2944 4139 3329 4212 Hieronymum
3362 4143 3589 4210 epistola
3616 4143 3738 4207 129,

2180 4245 2234 4292 et
2262 4236 2315 4288 in
2345 4242 2507 4303 caput
2550 4249 2588 4287 ιι
2637 4232 2892 4302 Epistolas
2925 4232 2994 4286 ad
3025 4232 3226 4296 Titum,
3257 4241 3311 4287 et
3335 4232 3740 4289 Commentario

2182 4327 2237 4380 in
2259 4324 2522 4389 Psalmos,
2551 4323 2599 4377 si
2630 4331 2809 4377 tamen
2851 4321 3013 4391 hujus
3046 4321 3170 4375 libri
3206 4329 3396 4375 auctor
3422 4323 3742 4376 existiman-

521 4441 655 4503 lico,
707 4434 799 4504 qui
849 4441 943 4486 aut
988 4427 1249 4500 Barnabas
1299 4438 1499 4479 nomen
1543 4417 1932 4488 assumpserit,
1988 4421 2082 4467 aut
2113 4429 2157 4484 ο
2184 4419 2287 4473 dus
2313 4424 2415 4480 est,
2446 4415 2512 4470 ad
2539 4414 2804 4485 psalmum
2829 4429 3009 4480 cxux,
3039 4412 3513 4467 ecclesiasticarum
3541 4422 3593 4468 et
3618 4430 3745 4483 apo-

521 4526 785 4583 Barnabae
830 4523 994 4577 fuerit
1035 4516 1403 4592 cognominis,
1440 4522 1601 4585 prout
1645 4526 1675 4565 a
1713 4509 1904 4579 primis
1930 4506 2086 4562 Chri—

527 4617 721 4674 stianis
757 4615 979 4669 nomina
1026 4610 1397 4682 apostolorum
1430 4605 1680 4660 affectata
1728 4601 1897 4657 fuisse
1930 4599 2089 4654 docet

525 4726 629 4765 nos
681 4706 973 4777 Dionysius
1028 4702 1429 4758 Alexandrinus
1482 4696 1622 4767 apud
1660 4693 1952 4748 Eusebium
1989 4690 2083 4744 lib.

526 4819 624 4869 vn,
652 4816 771 4870 cap.
805 4798 895 4852 25.
926 4797 1004 4850 Eo
1031 4796 1205 4866 magis
1236 4794 1460 4855 inclino,
1485 4798 1543 4845 ut
1564 4800 1813 4843 censeam
1841 4800 1947 4839 non
1969 4797 2090 4837 esse

527 4893 782 4966 apostoli.
813 4890 965 4956 Quod
999 4890 1043 4944 si
1075 4887 1196 4957 quis
1242 4886 1470 4940 certiora
1518 4879 1758 4951 proferat
1783 4920 1797 4944 ,
1844 4875 2090 4947 gratissi-

528 5003 675 5045 mam
704 4986 793 5041 ille
818 4999 928 5039 rem
960 4982 1138 5036 faciet.
1167 4980 1279 5047 Ego
1305 4978 1447 5048 quod
1476 4974 1679 5038 nescio,
1709 4971 1848 5028 scire
1873 4984 1958 5023 me
1984 4984 2090 5022 non

529 5096 752 5155 possum
780 5074 1040 5148 proliteri.

604 5169 847 5242 Epistola
877 5164 1160 5226 Barnabw,
1191 5161 1400 5231 quando
1425 5156 1644 5223 scripta.
1674 5153 1830 5207 Dices
1857 5172 1869 5206 :
1901 5149 1957 5205 Si
1984 5165 2093 5203 non

531 5278 615 5323 est
643 5263 896 5336 apostoli,
927 5258 1145 5330 quando
1176 5253 1377 5322 scripta
1425 5249 1567 5303 fuit?
1604 5256 1821 5316 quantae
1850 5244 2094 5298 habenda

496 5382 505 5424 ί
530 5370 586 5417 et
611 5358 795 5413 habita
823 5350 1200 5409 auctoritatis?
1246 5346 1319 5404 De
1350 5345 1545 5415 primo,
1574 5349 1721 5411 patet
1750 5354 1814 5393 ex
1844 5336 2095 5406 Epistulae

498 5468 501 5477 ·
536 5463 657 5519 cap.
689 5448 756 5501 16
780 5447 961 5501 datam
995 5440 1165 5495 fuisse
1190 5443 1313 5507 post
1349 5432 1617 5489 excidium
1654 5426 2097 5497 Hicrosolymita-

537 5557 687 5596 num.
719 5539 912 5607 Liquet
943 5535 1108 5588 etiam
1135 5547 1205 5585 ex
1230 5529 1505 5584 Clemente
1542 5521 1910 5576 Alexandrino
1930 5560 1945 5584 ,
1978 5518 2097 5571 lau-

537 5636 725 5687 datore
763 5629 1019 5700 Epistolaz
1044 5668 1060 5692 ,
1110 5635 1235 5679 ante
1281 5624 1439 5676 linem
1494 5614 1718 5673 secundi
1758 5612 1943 5668 saeculi
1972 5627 2098 5681 pro-

539 5726 720 5780 diisse.
756 5720 906 5777 Sicut
930 5731 1105 5774 autem
1132 5732 1227 5787 per
1254 5716 1489 5785 primum
1516 5728 1622 5766 non
1662 5710 1798 5765 bene
1838 5706 1961 5779 quis
1989 5707 2097 5761 ori-

2187 4508 2538 4577 crypharum;
2601 4504 2743 4573 apud
2799 4502 3172 4557 Innocentium
3223 4518 3438 4573 papam,
3480 4505 3639 4573 epist.
3687 4505 3740 4569 3,

2186 4616 2305 4670 cap.
2350 4598 2402 4665 7,
2446 4606 2772 4667 receptarum
2814 4597 2871 4648 in
2912 4611 3110 4649 canone
3161 4610 3225 4650 ac
3274 4595 3741 4665 repudiandarum.

2186 4691 2491 4762 Aliquando
2524 4689 2717 4758 triplex
2742 4685 3021 4755 Scriptura
3049 4687 3403 4756 perhibetur;
3454 4686 3742 4752 canonica,

2187 4784 2409 4839 omnino
2438 4781 2780 4851 recipienda:
2815 4779 3143 4851 apocrypha,
3176 4778 3393 4847 penitus
3420 4779 3743 4849 rejicienda;

2187 4885 2242 4932 et
2268 4877 2454 4940 dubia,
2481 4877 2621 4929 inter
2649 4882 2936 4942 utramque
2964 4870 3175 4941 posita;
3206 4871 3274 4925 ab
3295 4871 3569 4941 aliquibus
3595 4871 3749 4927 vide-

2190 4970 2317 5024 licet
2362 4967 2620 5031 admissa,
2666 4964 2947 5034 repudiata
2993 4964 3062 5019 ab
3092 4964 3241 5031 aliis;
3283 4965 3447 5019 mista
3482 4974 3537 5020 et
3572 4965 3751 5020 media

2192 5062 2335 5115 inter
2364 5059 2653 5131 genuinam
2675 5072 2741 5112 ac
2764 5058 3018 5123 notham;
3051 5072 3192 5113 verae
3221 5058 3490 5127 proxima,
3515 5059 3603 5114 cui
3629 5074 3753 5113 con-

2193 5153 2477 5208 tradicitur
2511 5150 2751 5220 quidem,
2779 5149 2952 5204 honor
2983 5158 3163 5204 tamen
3194 5149 3423 5203 habetur
3453 5158 3515 5205 ut
3544 5150 3753 5221 legatur

2193 5244 2633 5310 catechumenis;
2667 5256 2832 5312 quam
2878 5241 3100 5296 demum
3144 5241 3272 5297 licet
3313 5256 3423 5296 non
3473 5243 3664 5297 eodem
3697 5243 3754 5294 in

2192 5336 2366 5409 pretio
2395 5336 2629 5391 habeant
2649 5334 2910 5392 Catholici
2938 5349 3003 5389 ac
3026 5334 3367 5402 canonicam,
3406 5344 3465 5389 ut
3493 5350 3562 5389 ex
3586 5350 3649 5389 ea
3688 5335 3755 5388 ﬁ-

2194 5429 2281 5484 dei
2315 5428 2566 5497 dogmata
2600 5425 2943 5491 confirment,
2978 5441 3087 5481 non
3132 5425 3254 5481 ideo
3297 5426 3753 5495 quemadmodum

2196 5520 2562 5592 apocrypham
2597 5518 3006 5585 abominantur,
3038 5527 3201 5588 atque
3252 5534 3282 5573 e
3328 5518 3543 5587 templis
3575 5516 3756 5571 elimi-

2197 5622 2349 5677 nant,
2378 5611 2624 5681 quinimo
2656 5626 2781 5665 cum
2812 5611 3114 5665 reverentia
3150 5610 3445 5679 excipiunt,
3474 5625 3539 5665 ac
3587 5609 3641 5663 in
3668 5623 3757 5662 ec-

2200 5703 2377 5761 clesiis
2410 5702 2475 5757 ad
2505 5701 2675 5773 plebis
2702 5700 3113 5760 aediﬁcationem
3144 5702 3405 5760 lectitant.
3432 5704 3540 5758 Ista
3564 5701 3757 5757 edoce-
