4066 6330
371 271 471 326 65⁸7

1699 267 2229 334 ΡΒΟΙδΕΟΟΜΕΝΑέ

3479 266 3583 322 658

372 396 496 436 ιιιιιι·
521 380 593 437 ab
620 382 850 455 Origene
896 386 959 440 ad
1004 384 1228 448 Joannis
1265 410 1337 458 ιν,
1368 393 1469 459 22;
1496 391 1744 459 Eusebio,
1781 390 1920 445 Hist.
1956 394 1996 449 Α
2026 391 2093 444 ab
2124 389 2454 459 Hieronymo
2485 386 2810 456 apocrypha,
2854 400 2947 441 seu
3001 394 3151 441 extra
3194 396 3485 451 canonem,
3512 383 3581 439 ad

372 473 464 527 lib.
502 489 587 537 ιιι,
620 490 739 544 cap.
777 476 829 540 5,
866 477 956 543 25,
987 480 1076 546 Si,
1111 492 1165 539 et
1194 485 1359 552 alibi;
1388 486 1683 540 Athanasio
1712 485 1765 537 in
1797 482 1924 553 Epi--

373 564 508 619 stola
536 564 760 632 Festali,
791 576 844 621 et
868 568 920 622 in
963 572 1186 643 Synopsi
1209 575 1397 630 divina:
1434 576 1750 645 Scriptum;
1797 576 1924 629 Am-

372 656 652 724 philochio
682 657 734 711 in
767 656 1000 714 lambico
1030 664 1269 718 carmine
1293 666 1359 720 ad
1402 666 1705 732 Seleucum,
1738 664 1925 720 Hiero-

372 761 536 817 nymo
581 749 638 803 in
688 749 1099 819 praefationibus
1126 754 1192 809 ad
1216 754 1425 825 Judith,
1456 766 1509 813 et
1538 758 1604 812 ad
1636 757 1737 813 tria
1772 755 1926 811 Salo-

371 839 550 893 monis
581 841 892 909 volumina;
924 842 1118 899 Rulino
1144 846 1199 899 in
1232 842 1468 914 Symboli
1507 851 1850 917 expositione,
1872 857 1927 903 et

368 929 672 1002 Nicephoro
697 932 1293 1007 Constantinopolitano
1334 938 1388 991 in
1421 937 1632 995 Canonc
1679 936 1921 1005 Scriptu-

370 1039 571 1081 rarum.
620 1023 789 1079 Porro
833 1027 1115 1098 utriusque
1175 1029 1336 1099 hujus
1370 1029 1651 1084 divisionis
1685 1030 1921 1084 membra

368 1116 806 1174 subdividuntur.
877 1117 932 1173 ln
988 1120 1203 1189 prima,
1265 1121 1541 1175 canonicae
1592 1119 1922 1189 Scriptum,

362 1207 519 1275 juxta
570 1211 898 1265 sententiam
943 1212 1115 1266 sancti
1154 1210 1475 1283 Augustini,
1511 1211 1633 1266 loco
1664 1212 1827 1265 citato
1857 1226 1922 1265 ex

366 1298 624 1355 Doctrina
669 1300 992 1365 Christiana,
1042 1303 1125 1357 vel
1174 1303 1243 1357 ab
1283 1304 1537 1358 omnibus
1587 1302 1923 1372 accipiuntur

365 1390 626 1449 Ecclesiis
652 1395 954 1461 catholicis,
987 1396 1071 1449 vel
1118 1410 1148 1449 a
1187 1392 1431 1466 pluriblis
1466 1404 1519 1450 et
1563 1396 1919 1467 gravioribus,

362 1485 446 1539 vel
476 1499 506 1538 a
535 1484 883 1554 paucioribus
913 1484 1250 1555 minorisque
1281 1484 1642 1548 auctoritatis,
1673 1482 1755 1536 vel
1785 1482 1921 1537 forte

360 1590 391 1629 a
427 1575 677 1645 pluribus
722 1585 778 1630 at
818 1591 925 1629 non
960 1577 1321 1648 gravioribus,
1360 1584 1452 1629 aut
1482 1575 1715 1644 denique
1737 1574 1920 1629 forsan

360 1678 390 1714 a
426 1662 769 1730 gravioribus
816 1666 907 1719 sed
954 1679 1061 1718 non
1101 1664 1375 1735 pluribus;
1410 1665 1600 1733 sicque
1629 1672 1722 1717 aut
1744 1665 1919 1718 omni-

356 1753 558 1817 modae,
593 1761 688 1807 aut
738 1754 986 1823 majoris,
1024 1763 1119 1809 aut
1169 1755 1392 1825 :rqualis
1424 1755 1763 1812 auctoritatis
1791 1772 1918 1811 cen—

355 1844 468 1900 seri
508 1844 726 1899 debent.
760 1844 931 1912 Quam
979 1846 1397 1915 inaequalitatem
1444 1847 1784 1901 auctoritatis
1827 1845 1920 1901 Ju-

353 1936 488 1991 dznis
513 1952 619 1992 non
653 1937 822 1994 fuisse
839 1939 1133 1993 inauditam
1164 1939 1358 2010 colligo
1381 1954 1447 1993 ex
1468 1938 1711 2007 Philone,
1732 1940 1825 1996 lib.
1848 1941 1921 1995 De

353 2032 464 2086 vita
485 2030 919 2099 contemplativa;
941 2029 1196 2100 Josepho,
1214 2031 1353 2086 libro
1376 2048 1391 2086 ι
1416 2042 1597 2085 contra
1612 2033 1918 2103 Appionem,

352 2130 519 2192 atque
536 2120 883 2194 Hieronymo,
903 2123 957 2177 in
980 2121 1387 2193 praefationibus
1416 2125 1482 2177 ad
1508 2123 1699 2195 Reges,
1722 2125 1788 2180 ad
1814 2124 1918 2178 To-

352 2214 525 2281 biam,
550 2214 614 2269 ad
648 2212 945 2279 Juditham,
976 2216 1042 2270 ad
1072 2213 1246 2286 Opera
1277 2214 1586 2272 Salomonis
1633 2226 1687 2272 et
1711 2217 1779 2271 ad
1812 2217 1917 2271 Da-

352 2305 572 2359 nielem.
618 2305 700 2361 Ab
729 2306 918 2361 eodem
967 2307 1297 2377 Augustino,
1317 2308 1411 2375 lib.
1440 2324 1574 2362 xvnr
1606 2307 1679 2362 De
1708 2309 1918 2364 civitate

355 2395 476 2464 Dei,
508 2410 626 2466 cap.
656 2395 748 2462 36,
782 2396 981 2467 duplex
1023 2412 1198 2452 canon
1256 2396 1657 2468 Scripturarum
1704 2396 1916 2454 Veteris

350 2487 687 2543 Testamenti
738 2490 900 2544 statui
952 2489 1190 2557 videtur;
1234 2505 1420 2544 earum
1448 2503 1585 2560 quas
1611 2487 1782 2544 Judaei
1817 2506 1917 2559 pro

349 2582 633 2639 canonicis
658 2583 879 2649 habent,
910 2592 965 2637 et
996 2598 1182 2637 earum
1212 2599 1348 2653 quas
1387 2582 1629 2640 Ecclesia
1664 2602 1675 2637 :
1703 2599 1805 2654 qua
1848 2585 1916 2639 de

350 2691 417 2731 re
460 2675 803 2731 consulendze
848 2674 1041 2730 Isidori
1075 2675 1339 2746 Origines,
1383 2676 1477 2730 lib.
1511 2692 1596 2742 vi,
1626 2692 1743 2746 cap.
1779 2677 1830 2731 l.
1857 2676 1913 2730 in

347 2767 541 2823 eadem
567 2767 741 2838 prima
772 2766 1038 2823 divisione
1066 2767 1191 2822 libri
1213 2767 1507 2838 apocryphi
1539 2767 1739 2838 gradus
1761 2768 1917 2823 simi-

348 2858 477 2915 liter
517 2860 781 2923 obtinent,
826 2870 986 2928 prout
1013 2860 1080 2914 ad
1112 2859 1393 2915 veritatem
1423 2874 1486 2913 ac
1509 2860 1783 2929 pietatem,
1812 2859 1913 2913 ial-

348 2960 568 3013 sitatem
596 2966 651 3012 et
674 2958 1005 3028 impietatem
1035 2956 1208 3026 magis
1240 2963 1334 3009 aut
1364 2956 1546 3010 minus
1578 2962 1826 3025 vergunt.
1854 2953 1911 3008 ln

346 3050 591 3106 secunda
632 3050 835 3121 pariter
880 3049 1166 3113 divisione,
1211 3048 1389 3104 dubiae
1420 3047 1732 3118 Scripturaz,
1766 3049 1906 3117 apud
1938 3074 1982 3133 ς

346 3140 646 3198 Eusebium
678 3142 771 3197 lib.
804 3158 865 3207 ιι,
895 3156 1014 3211 cap.
1047 3141 1151 3207 2'5;
1184 3141 1278 3195 lib.
1315 3156 1398 3205 ιιι,
1428 3155 1548 3210 cap.
1574 3141 1607 3194 5
1636 3148 1689 3193 et
1709 3140 1802 3204 Q5,
1828 3139 1911 3193 di-

345 3235 664 3291 versitatem
696 3235 967 3305 accipiunt
1008 3249 1074 3289 ex
1102 3233 1452 3304 proximitate
1502 3232 1570 3286 ad
1620 3231 1911 3287 canonicas

346 3329 436 3383 vel
464 3327 531 3382 ad
556 3328 893 3400 apocrypbas
917 3345 931 3393 ;
957 3342 1080 3382 cum
1102 3341 1131 3379 a
1157 3324 1404 3395 pluribus
1423 3322 1681 3378 Ecclesiis
1698 3322 1910 3392 publice

347 3419 682 3486 lectitantur,
714 3434 836 3474 cum
867 3419 935 3473 ab
958 3417 1195 3487 antiquis
1222 3415 1538 3472 doctoribus
1564 3414 1909 3483 reperiuntur

347 3510 616 3582 allegatae,
654 3525 891 3581 cumque
941 3509 1140 3579 spuria:
1186 3507 1439 3561 videntur
1483 3521 1546 3561 ac
1600 3506 1665 3562 de
1711 3506 1909 3575 quibus

350 3617 518 3672 quam
542 3602 776 3657 maxime
804 3602 1102 3656 dubitatur.

420 3690 518 3749 Bis
559 3693 632 3747 ita
673 3692 886 3762 positis,
913 3694 1191 3749 evanescit
1224 3694 1405 3749 omnis
1438 3689 1744 3747 diilicultas.
1780 3687 1900 3759 Epi-

350 3783 494 3839 stola
521 3782 781 3839 Barnaba:
811 3783 879 3838 ab
907 3783 1137 3854 Origene
1175 3794 1234 3855 et
1270 3783 1595 3854 quibusdam
1648 3778 1905 3835 Ecclesiis

349 3876 613 3932 canonica
629 3884 875 3946 reputata
908 3875 1041 3943 fuit;
1073 3892 1103 3930 a
1129 3876 1406 3932 Clemente
1430 3874 1797 3930 Alexandrino
1821 3874 1904 3929 in-

348 3970 563 4025 terdum
614 3970 894 4035 canonica,
934 3968 1201 4024 interdum
1252 3968 1437 4035 dubia,
1470 3969 1743 4023 interdum
1793 3981 1903 4020 non

347 4060 633 4126 canonica,
661 4075 755 4115 seu
789 4058 1093 4129 apocrypha
1126 4059 1177 4112 in
1210 4058 1353 4112 bono
1371 4072 1533 4114 sensu
1560 4056 1747 4126 primae
1767 4054 1906 4109 divi-

348 4149 558 4205 sionis:
593 4150 661 4205 ab
690 4148 921 4204 Eusebio
946 4148 1131 4214 dubia,
1161 4147 1366 4217 spuria,
1398 4147 1563 4203 citata
1590 4147 1806 4217 quidem
1837 4144 1905 4198 ab

349 4242 611 4312 antiquis,
638 4252 703 4297 at‘
721 4242 957 4297 melioris
979 4248 1120 4295 notae
1149 4240 1472 4311 apocrypbis
1504 4238 1859 4310 propinquior
1886 4255 1899 4289 :

650 4480 837 4537 Versus
865 4481 1260 4552 Script-urarum
1291 4500 1585 4536 sacrarunt.

343 4595 624 4654 Genesis..
702 4638 713 4650 .
795 4639 805 4650 .
887 4640 900 4650 .
976 4640 989 4652 .
1068 4640 1079 4652 .
1161 4639 1173 4651 .
1249 4598 1451 4653 Versus
1559 4614 1767 4652 ιυιιιιιι).

346 4688 627 4746 Exodus..
704 4731 715 4743 .
795 4732 806 4743 .
885 4732 896 4743 .
976 4731 988 4743 .
1068 4731 1079 4743 .
1161 4732 1173 4744 .
1254 4731 1266 4744 .
1344 4730 1357 4743 .
1434 4731 1448 4743 .
1556 4704 1789 4744 nuuocc.

344 4780 709 4839 Leviticnm..
790 4823 802 4835 .
882 4823 893 4835 .
976 4824 987 4835 .
1068 4824 1077 4834 .
1160 4823 1171 4834 .
1252 4823 1265 4835 .
1345 4823 1356 4833 .
1435 4823 1445 4833 .
1558 4798 1781 4836 unoccc.

342 4873 609 4930 Numeri..
685 4917 698 4929 .
779 4915 792 4927 .
873 4917 883 4927 .
963 4914 976 4927 .
1059 4918 1069 4927 .
1150 4915 1162 4926 .
1243 4918 1255 4929 .
1337 4916 1349 4928 .
1430 4914 1443 4927 .
1554 4890 1786 4928 MMMDCL.

340 4964 816 5025 Deuteronomium
868 5007 880 5017 .
958 5006 971 5017 .
1053 5006 1066 5017 .
1150 5006 1161 5017 .
1245 5006 1255 5018 .
1333 5007 1344 5017 .
1429 5006 1439 5016 .
1553 4979 1781 5018 nuuccc.

339 5057 698 5118 JesuNave..
780 5100 790 5111 .
878 5099 887 5113 .
967 5098 980 5111 .
1059 5098 1070 5110 .
1153 5099 1164 5111 .
1246 5099 1257 5109 .
1341 5097 1444 5110 ..
1558 5074 1650 5110 ιω.

339 5152 1650 5209 Judicum..........nn.

339 5245 1669 5299 Ruth...........ccr..

338 5338 671 5409 Regnorum.
697 5334 910 5389 Primus
938 5334 1089 5387 liber.
1156 5376 1168 5386 .
1248 5372 1260 5384 .
1342 5374 1353 5385 .
1432 5374 1443 5385 .
1556 5348 1682 5385 ιιιιυ.

474 5454 545 5466 -
689 5424 972 5480 Secundus
1001 5424 1153 5478 liber.
1242 5463 1254 5475 .
1336 5463 1347 5475 .
1429 5462 1440 5473 .
1552 5438 1646 5474 uti.

407 5568 483 5637 (l)
525 5564 759 5636 Hujusce
790 5562 1108 5634 Patrologia:
1136 5573 1174 5617 t.
1200 5561 1241 5630 Ι,
1267 5561 1370 5616 col.
1399 5559 1519 5614 467.

1918 4376 1979 4385 —

1932 4445 1974 4497 D
2006 4460 2317 4531 Regnorum
2349 4466 2567 4523 Tertius
2594 4468 2747 4522 liber.
2817 4511 2828 4521 .
2909 4510 2922 4521 .

2028 481 2281 537 Ecclesia:
2326 479 2734 534 :cdiﬁcationem
2784 481 3058 549 pertinens
3116 498 3129 533 :
3187 495 3219 533 a
3273 476 3581 547 Nicephmo

2026 572 2623 641 Constantinopolitano
2662 586 2771 625 non
2802 571 3077 633 canonica,
3109 585 3215 625 non
3246 568 3578 639 apocrypha,

2027 663 2122 718 sed
2150 663 2239 718 cui
2261 662 2688 717 contradicitur:
2717 676 2748 715 a
2778 660 2928 715 nullo
2957 660 3261 731 apocrypha
3293 656 3583 713 deterioris

2027 764 2189 823 notae,
2220 769 2363 809 noxa
2400 754 2625 819 scilicet,
2665 753 2934 819 haeretica,
2960 753 3153 822 impia;
3185 752 3341 823 cujus
3368 750 3581 821 generis

2024 846 2238 901 videtur
2265 844 2435 901 fuisse
2467 844 2814 916 Evangelium
2848 844 3167 913 inscriptum
3198 843 3417 897 nomine
3449 841 3581 895 Bar-

2027 939 2207 1006 nabaz;
2239 939 2383 1008 quod
2412 938 2467 991 in
2495 937 2726 992 concilio
2750 936 2995 991 Romano
3021 949 3183 1005 opera
3207 933 3407 989 Gelasii
3426 933 3581 987 dam-

2026 1037 2212 1084 natum
2241 1037 2341 1085 est.
2379 1028 2507 1083 Vide
2539 1043 2701 1097 supra
2734 1027 2888 1081 initio
2931 1034 3182 1081 notarum
3218 1025 3269 1077 in
3309 1023 3571 1080 Constitu-

2032 1122 2193 1174 tiones
2228 1118 2555 1189 {apostolicas
2602 1118 2701 1187 (l),
2731 1116 3030 1171 lndiculum
3092 1113 3518 1183 Scripturarum,
3550 1126 3583 1166 e

2025 1206 2352 1261 bibliotheca
2385 1207 2551 1276 Regia
2584 1209 2981 1278 depromptum.
3590 1270 3599 1285 .

2098 1300 2303 1355 Titulus
2332 1299 2603 1369 Epistolw.
2632 1299 2817 1355 Restat
2842 1300 2988 1355 aliud
3021 1300 3176 1364 nihil,
3201 1299 3305 1355 nisi
3336 1299 3403 1354 de
3426 1300 3582 1355 titulo

2024 1390 2276 1460 Epistola:
2307 1392 2603 1460 inquirere,
2635 1392 2699 1445 ad
2732 1407 2870 1461 quos
2906 1392 3107 1461 scripta
3137 1391 3321 1445 fuerit.
3345 1390 3451 1447 Res
3472 1407 3579 1445 non

2023 1482 2202 1552 magni
2230 1492 2313 1537 est
2333 1484 2611 1538 momenti.
2632 1482 2702 1537 Ut
2726 1484 2869 1537 enim
2900 1484 3156 1552 praeclare
3175 1482 3575 1537 Tertullianus:

2026 1572 2179 1626 Nihil
2208 1574 2272 1627 de
2310 1575 2479 1627 titulis
2524 1576 2755 1637 interest,
2783 1592 2899 1627 cum
2950 1575 3018 1626 ad
3056 1589 3229 1628 omnes
3277 1574 3581 1642 scripserint

2022 1665 2265 1735 apostoli,
2317 1677 2423 1719 tum
2481 1668 2549 1719 ad
2586 1667 2859 1735 quosdam.
2911 1668 2985 1720 Ac
3032 1666 3170 1720 forte
3214 1666 3579 1737 ἀνεπίγραφος

2024 1771 2234 1825 semper
2260 1756 2500 1820 exstitit;
2541 1757 2753 1825 qualem
2781 1758 3059 1812 cernimus
3093 1756 3322 1812 Joannis
3351 1756 3577 1827 apostoli

2021 1846 2271 1915 primam.
2307 1845 2461 1912 Quod
2494 1846 2538 1901 si
2568 1847 2724 1901 aliter
2745 1863 2801 1902 se
2827 1864 2915 1902 res
2950 1849 3164 1913 habeat,
3195 1848 3481 1919 conjiciam
3511 1862 3578 1903 ex

2022 1946 2133 1992 tota
2161 1937 2425 1992 orationis
2469 1939 2628 2005 serie,
2674 1940 2739 1995 ad
2788 1940 3127 1996 Christianos
3158 1938 3414 1999 Hebraeos
3444 1940 3578 1994 mis-

2020 2046 2161 2098 sam,
2192 2039 2408 2085 tenaces
2445 2029 2673 2085 nimium
2706 2034 2996 2102 antiquatae
3038 2033 3191 2104 legis,
3220 2033 3287 2087 ad
3325 2031 3579 2087 Hebraeos

2018 2121 2336 2190 inscriptam
2367 2119 2555 2175 fuisse.
2588 2119 2831 2199 Hincque
2858 2123 3031 2192 potuit
3082 2122 3199 2176 ﬁeri
3245 2131 3325 2187 ut,
3358 2131 3579 2191 accepto

2018 2229 2237 2269 rumore
2282 2216 2347 2270 de
2391 2214 2632 2285 Epistola
2667 2215 2901 2284 quadam
2944 2214 3203 2269 Barnaha’.
3228 2214 3295 2268 ad
3324 2212 3578 2271 Hebraeos

2018 2320 2048 2359 a
2075 2319 2133 2359 se
2157 2319 2266 2359 non
2292 2306 2431 2372 visa,
2465 2306 2834 2361 Tertullianus
2859 2322 2979 2376 cap.
3011 2305 3102 2373 20,
3141 2305 3235 2360 lib.
3268 2305 3345 2359 De
3369 2306 3578 2376 pudici-

2017 2397 2113 2461 tia,
2145 2394 2439 2466 EpistOlam
2460 2397 2615 2452 Pauli
2641 2399 2957 2453 canonicam
2994 2400 3059 2452 ad
3086 2397 3363 2465 Hebraeos,
3390 2399 3455 2453 de
3475 2414 3576 2454 cu-

2012 2490 2102 2559 jus
2127 2498 2348 2543 auctore
2372 2506 2435 2544 ac
2467 2493 2790 2547 auctoritate
2818 2492 3214 2562 ambigebatur,
3246 2492 3515 2561 putaverit
3543 2507 3576 2548 a

2015 2580 2261 2637 Barnaba
2294 2581 2460 2638 fuisse
2484 2583 2829 2639 destinatam.
2853 2584 3029 2653 Atque
3055 2584 3321 2638 hactenus
3350 2587 3416 2641 de
3444 2583 3574 2655 Epi-

2017 2675 2182 2729 stola.
2446 2674 2457 2683 ’

2085 2768 2315 2836 Antiqua
2362 2770 2549 2821 versio.
2576 2767 2741 2821 Vetus
2767 2778 2945 2821 autem
2981 2766 3354 2837 interpretatio
3382 2764 3576 2821 barba-

2013 2858 2145 2911 riem
2179 2857 2399 2928 ubique,
2428 2859 2629 2928 ubique
2671 2859 3050 2928 negligentiam
3102 2857 3360 2923 ostendit,
3386 2866 3574 2927 estque

2015 2950 2327 3019 imperfecta
2359 2960 2412 3005 et
2438 2952 2650 3017 mutila,
2676 2960 2791 3007 tum
2815 2952 3037 3022 passim,
3070 2961 3183 3006 tum
3212 2951 3481 3022 praecipue
3506 2952 3573 3005 ad

2014 3040 2193 3107 ﬁnem,
2220 3042 2309 3095 ubi
2350 3043 2660 3111 posteriora
2695 3044 2871 3113 capita
2902 3052 3235 3108 resecantur,
3286 3040 3424 3096 forte
3445 3041 3571 3111 quia

2018 3134 2200 3189 minus
2228 3139 2385 3189 docta
2422 3135 2743 3190 videbantur
2769 3137 3065 3206 interpreti,
3099 3145 3261 3205 atque
3293 3135 3360 3190 ad
3391 3149 3572 3189 mores

2018 3226 2190 3291 magis
2219 3228 2539 3295 pertinentia
2572 3246 2583 3281 :
2615 3229 2780 3298 igitur
2805 3229 3024 3284 omissis
3051 3228 3137 3295 iis,
3163 3230 3461 3298 paucisque
3483 3240 3575 3279 vo-

2016 3316 2170 3371 cibus
2204 3318 2444 3383 iusertis,
2475 3319 2831 3388 colophonem
2880 3334 2973 3388 per
3017 3318 3362 3388 doxologiam
3400 3316 3573 3386 impo-

2014 3411 2114 3465 nit.
2148 3410 2318 3465 Suum
2356 3420 2537 3466 tamen
2580 3412 2657 3467 illi
2693 3414 2931 3468 versioni
2982 3413 3212 3483 pretium
3241 3430 3254 3466 :
3288 3410 3375 3465 cui
3420 3409 3574 3464 debe-

2015 3520 2139 3560 mus
2169 3505 2348 3575 priora
2381 3505 2580 3574 capita,
2604 3522 2727 3562 cum
2761 3522 2868 3560 non
2894 3507 3082 3576 paucis
3104 3506 3572 3562 emendationibus

2014 3594 2184 3651 Crteci
2207 3606 2513 3663 contextus,
2546 3606 2603 3652 ut
2633 3598 2766 3651 nihil
2789 3598 2962 3653 dicam
2986 3598 3053 3653 de
3078 3599 3398 3669 antiquitate
3425 3599 3571 3655 illius

2012 3702 2075 3743 ac
2105 3688 2473 3758 simplicitate.

2082 3780 2470 3838 Stichometria.
2509 3781 2771 3838 Caeterum
2797 3782 3054 3838 ineditam
3108 3783 3566 3849 Stichometriam,

2010 3872 2167 3942 cujus
2212 3873 2458 3940 memini,
2485 3874 2689 3945 placuit
2720 3875 2808 3930 hic
2839 3890 3130 3945 apponere,
3158 3876 3369 3931 tametsi
3407 3876 3569 3931 muti-

2010 3963 2115 4018 lam
2162 3974 2215 4020 et
2262 3975 2610 4036 corruptam;
2648 3966 2773 4038 quia
2806 3982 2915 4020 non
2959 3966 3284 4022 mediocrem
3330 3966 3568 4021 fructum

2010 4054 2195 4111 aﬂ‘eret
2240 4058 2561 4129 legentibus,
2584 4068 2748 4131 atque
2778 4056 3180 4114 conferentibus
3207 4074 3329 4113 cum
3359 4058 3450 4113 illa
3475 4057 3568 4111 Ni-

2009 4148 2227 4218 cephori
2256 4149 2866 4223 Constantinopolitani,
2911 4165 3035 4205 cum
3086 4165 3217 4207 mss.
3270 4150 3565 4207 Bibliorum

2011 4239 2310 4309 codicibus,
2341 4257 2574 4313 cumque
2607 4242 2882 4298 laterculis
2914 4240 3337 4310 Scripturarum.

3222 4488 3385 4527 IIDC.

2142 4585 2211 4594 —-
2354 4557 2592 4623 Quartus
2623 4559 2774 4614 liber.
2810 4600 2823 4612 .
2904 4602 2914 4613 .
3000 4601 3015 4613 .
3092 4602 3106 4616 .
3220 4579 3436 4618 IIICCCC.

2138 4672 2157 4740 (
2183 4670 2457 4727 Excidisse
2498 4674 2738 4728 sidentur
2766 4675 2889 4728 libri
2918 4674 3380 4747 Paralipomenon.
3407 4683 3422 4747 )

2001 4782 2547 4839 PsalmiDavidici..
2628 4824 2641 4838 .
2721 4826 2731 4838 .
2815 4827 2827 4839 .
2908 4827 2920 4837 .
3002 4827 3014 4841 .
3094 4829 3105 4839 .
3220 4806 3429 4844 unum.

2001 4876 2311 4931 Proverbia.
2357 4918 2370 4929 .
2444 4918 2455 4929 .
2536 4919 2547 4929 .
2629 4918 2641 4930 .
2724 4920 2737 4933 .
2814 4919 2828 4931 .
2910 4920 2922 4931 .
3001 4923 3014 4936 .
3094 4922 3105 4932 .
3219 4899 3341 4936 uno.

2001 4967 2376 5023 Ecclesiastes.
2452 5008 2463 5021 .
2547 5009 2555 5021 .
2641 5010 2651 5021 .
2730 5010 2741 5020 .
2823 5010 2832 5020 .
2912 5010 2924 5022 .
3001 5011 3013 5023 .
3093 5012 3104 5024 .
3216 4988 3297 5027 nc.

2002 5058 2225 5113 Cantica
2254 5060 2645 5113 canticorum.
2726 5100 2737 5111 .
2821 5101 2831 5112 .
2909 5103 2918 5111 .
3001 5102 3014 5115 .
3092 5102 3103 5114 .
3215 5080 3326 5117 ccc.

2005 5149 2296 5219 Sapientia.
2354 5190 2367 5203 .
2447 5191 2459 5203 .
2539 5191 2550 5202 .
2629 5192 2639 5202 .
2720 5191 2731 5203 .
2813 5192 2823 5203 .
2906 5195 2917 5207 .
2995 5195 3007 5206 .
3087 5194 3099 5206 .
3213 5173 3266 5209 ιι.

2004 5238 2277 5309 Sapientia
2307 5238 2452 5294 Jesu.
2528 5281 2538 5292 .
2620 5284 2629 5294 .
2712 5283 2722 5293 .
2805 5284 2816 5295 .
2901 5285 2910 5295 .
2996 5285 3006 5296 .
3090 5285 3101 5296 .
3215 5263 3341 5299 uno.

2003 5332 2295 5387 Duodecim
2322 5330 2622 5401 Prophetas.
2710 5374 2721 5387 .
2803 5374 2813 5385 .
2898 5375 2910 5387 .
2989 5375 3000 5387 .
3086 5376 3096 5386 .
3208 5341 3444 5392 uiincx‘.

1999 5421 3376 5481 Osee...........nux.

408 5683 441 5749 ﬂ
470 5675 741 5733 Numerus
764 5677 1027 5747 generalis
1054 5693 1173 5734 cum
1200 5674 1622 5748 particularibus
1641 5689 1748 5729 non
1771 5672 2083 5729 concordat.
