4066 6330
304 260 400 317 661

1659 259 2189 318 PROLECOMENA.

3417 260 3520 318 662

374 378 527 434 Illius
552 393 695 449 saepe
737 380 983 435 meminit
1015 382 1437 450 Alexandrinus,
1469 386 1778 456 multosque
1802 402 1868 441 ex
1896 400 1943 457 Α
1972 384 2178 440 Christo
2209 389 2306 449 est,
2350 385 2403 437 in
2438 400 2595 453 quam
2632 383 2769 438 beati
2805 396 2978 436 omnes
3007 380 3098 451 qui
3130 380 3416 434 intrarunt.
3442 376 3519 432 Ex

302 486 367 526 ea
408 469 616 541 profert
642 472 808 537 locos,
853 473 1307 541 quemadmodum
1339 483 1393 530 et
1418 475 1696 547 Origenes,
1727 492 1865 546 quos

303 574 496 615 omnes
534 561 588 615 in
614 562 816 616 nostris
839 562 1309 620 observationibus
1336 567 1642 622 notavimus
1676 586 1688 622 :
1718 584 1866 621 eam-

302 667 413 721 que
436 653 567 707 citat
590 660 809 707 sanetus
832 653 1122 724 Gregorius
1142 654 1515 711 Nazianzenus
1538 658 1590 711 in
1613 658 1863 712 Philoco-

301 745 403 799 lia.
431 743 662 798 Sanctus
692 744 1052 816 Hieronymus
1089 747 1140 800 in
1176 748 1312 802 libro
1340 749 1414 802 De
1445 751 1866 819 interpretatione

305 838 577 891 nominum
620 835 1025 903 Hebraicorum,
1063 847 1185 908 post
1230 840 1639 909 explicationem
1676 857 1862 896 eorum

302 943 430 998 qua:
458 926 867 997 reperiunturin
896 928 1238 998 Apocalypsi,
1258 929 1639 998 interpretatur
1658 946 1719 984 ea
1747 947 1867 1000 quae

301 1026 521 1074 exstant
573 1018 625 1071 in
675 1017 845 1071 sancti
894 1017 1152 1073 Barnabas
1206 1018 1463 1090 Epistola,
1514 1022 1617 1076 hoc
1658 1022 1862 1077 modo:

309 1111 384 1165 De
414 1110 657 1179 Epistola
696 1109 975 1165 Barnabas.
1000 1110 1285 1176 Abraham,
1315 1124 1464 1181 pater
1495 1114 1668 1167 videns
1699 1131 1864 1184 popu-

302 1202 438 1265 lum,
464 1210 570 1256 etc.

376 1292 442 1346 Hi
472 1301 600 1348 sunt
621 1302 830 1349 veteres
861 1303 1110 1349 auctores
1137 1296 1227 1362 qui
1259 1295 1325 1350 de
1360 1296 1460 1350 hac
1482 1297 1704 1366 epistola
1732 1297 1866 1351 scri-

302 1392 530 1453 pserunt
576 1392 669 1439 aut
717 1386 1095 1439 meminerunt.
1145 1384 1276 1451 Quae
1316 1387 1530 1456 quidem
1575 1388 1695 1457 jure
1732 1388 1867 1441 inter

304 1476 603 1545 scripturas
644 1476 978 1546 apocryphas
1019 1493 1047 1531 a
1093 1478 1271 1532 citatis
1301 1479 1617 1533 auctoribus
1663 1494 1867 1533 connu-

302 1577 567 1633 meratur,
592 1579 703 1622 tum
737 1569 886 1637 quia,
938 1584 1005 1622 an
1038 1567 1301 1621 Barnabas
1333 1569 1401 1622 sit
1445 1570 1708 1623 incertum
1753 1576 1863 1633 est,

302 1668 421 1713 tum
450 1660 574 1730 quia
599 1660 653 1713 in
684 1674 745 1713 ea
776 1660 1019 1727 quaedam
1045 1660 1384 1729 reperiuntur
1411 1675 1531 1728 qua:
1556 1660 1867 1716 difficultate

1966 492 2075 547 quo
2113 476 2234 530 loco
2286 474 2570 543 legendum
2615 483 2698 529 est
2741 473 2881 543 apud
2910 471 3241 526 Clementem
3283 468 3521 522 Alexan-

1966 566 2182 619 drinum
2214 566 2251 632 η
2275 566 2343 617 ἐν
2377 564 2747 631 δικαιοσύνη,
2775 573 2829 617 et
2857 562 3233 631 exponendum
3254 601 3270 626 ,
3304 576 3366 612 ea
3405 574 3522 629 qua:

1964 658 2019 710 in
2060 657 2275 725 justitia
2321 664 2419 708 est.
2474 654 2528 708 ld
2573 654 2735 709 etiam
2784 662 2927 722 patet
2980 668 3045 706 ex
3085 652 3200 721 ipso
3246 648 3523 704 Clemente

1966 746 2352 809 Alexandrino,
2379 745 2473 799 lib.
2501 761 2515 798 ι
2541 744 2893 809 Stromatum,
2933 744 3023 797 ubi
3054 744 3195 797 idem
3230 742 3402 805 locus,
3428 738 3521 793 sed

1966 839 2201 908 longior,
2240 838 2439 892 citatur
2467 852 2531 891 ex
2563 837 2748 891 eadem
2777 836 3005 905 epistola
3030 833 3200 888 sancti
3228 829 3524 887 Clementis

1966 929 2030 983 ad
2063 928 2376 985 Corinthios
2404 972 2418 997 ,
2471 928 2752 983 nominato
2784 935 2992 979 tantum
3022 932 3211 978 sancto
3248 920 3525 976 Clemente

1966 1020 2108 1074 circa
2139 1020 2299 1074 linem
2329 1029 2617 1075 contextus
2646 1060 2659 1083 ,
2701 1019 2885 1088 paucis
2915 1016 3094 1071 verbis
3119 1013 3380 1077 mutatis;
3418 1012 3523 1066 hoc

1965 1112 2162 1166 modo:
2197 1130 2214 1162 ι
2248 1111 2375 1165 Hazc
2431 1123 2503 1165 est
2537 1120 2687 1179 porta
2723 1109 2929 1162 Domini
2954 1108 3123 1175 ,Justi
3170 1105 3440 1158 intrabunt
3468 1104 3522 1156 in

1964 1216 2112 1256 eam:
2136 1223 2153 1253 s
2174 1201 2303 1258 Cum
2324 1220 2442 1273 ergo
2470 1203 2649 1256 multa:
2676 1212 2871 1269 apertte
2902 1200 3006 1253 sint
3031 1208 3197 1268 porta:
3212 1198 3266 1249 in
3286 1195 3523 1265 justitia,

1964 1295 2072 1347 haec
2086 1294 2189 1363 fuit
2207 1295 2262 1346 in
2275 1295 2503 1359 Christo,
2521 1296 2571 1347 in
2591 1310 2747 1363 quant
2768 1292 2903 1346 beati
2925 1307 3098 1344 omnes
3123 1290 3212 1359 qui
3234 1290 3523 1352 intrarunt,

1963 1395 2011 1440 et
2041 1388 2138 1438 iter
2159 1401 2311 1438 suum
2346 1386 2645 1438 direxerant
2678 1386 2731 1436 in
2760 1384 3042 1437 sanctitate
3064 1380 3405 1450 cognoscendi
3427 1394 3491 1447 po
3515 1406 3526 1418 -

1966 1486 2148 1531 testate
2175 1478 2417 1546 praedita.
2446 1476 2647 1529 Αὐτίκα
2673 1479 2699 1529 ὁ
2731 1476 2960 1547 Κλήμης
2992 1476 3048 1526 ὲν
3075 1476 3140 1544 τῇ
3171 1472 3306 1541 πρὸς
3335 1474 3523 1541 Κοριν-

1965 1568 2110 1631 Οίους
2152 1569 2402 1638 ἐπιστολῇ
2430 1567 2571 1621 κατὰ
2612 1567 2753 1631 λέξιν
2787 1568 2919 1637 φησὶ
2951 1567 3049 1629 τὰς
3086 1564 3340 1635 διαφορὰς
3377 1565 3523 1614 ἐκτι-

1966 1658 2187 1729 θέμενος
2212 1659 2319 1712 τῶν
2356 1659 2497 1713 κατὰ
2520 1660 2618 1730 τὴν
2674 1658 2990 1728 Ἐκκλησίαν
3027 1658 3280 1727 δοκίμωνο
3320 1676 3336 1705 ι
3372 1655 3521 1707 Ἤτω

302 1751 531 1806 minime
565 1760 769 1806 carent.
804 1749 1078 1821 Siquidem
1128 1752 1398 1806 nonnullre
1430 1760 1558 1808 sunt
1586 1753 1639 1806 in
1673 1768 1735 1806 ea
1768 1766 1857 1807 sa-

1964 1754 2039 1815 τὶς
2080 1754 2295 1820 πιστὸς,
2336 1755 2448 1823 ἤτω
2480 1753 2700 1816 δυνατός
2754 1770 2838 1816 τις
2881 1752 3077 1821 γνῶσιν
3122 1751 3371 1815 ἐξειπεῖν,
3414 1749 3526 1817 ἤτω

302 1842 491 1907 Ιεὺηε,
514 1843 580 1897 ad
608 1858 747 1913 quas
776 1842 954 1896 minus
999 1842 1141 1897 cauti
1174 1840 1444 1897 t-ll‘endere
1479 1843 1704 1912 possint,
1729 1856 1863 1912 quas

303 1943 489 1990 tamen
537 1950 636 2005 pro
664 1935 883 1989 modulo
918 1935 1237 2005 explanavi;
1270 1951 1379 1990 non
1407 1951 1471 1990 eo
1501 1935 1714 2005 quidem
1746 1937 1864 1989 ani-

305 2042 423 2093 mo,
461 2028 617 2096 quasi
645 2026 803 2080 velim
834 2042 951 2081 eam
976 2028 1045 2081 ab
1073 2028 1220 2082 omni
1245 2044 1394 2083 naevo
1422 2028 1750 2097 pertinacius
1773 2044 1866 2082 ex-

301 2134 536 2186 cusare;
590 2118 1042 2189 quemadmodum
1074 2119 1233 2176 hodie
1256 2120 1412 2176 video
1438 2121 1747 2188 nonnullos,
1773 2120 1866 2190 qui

300 2220 488 2265 vetera
519 2211 764 2282 quaedam
808 2223 1156 2267 monumenta
1180 2229 1209 2267 a
1237 2228 1295 2269 se
1324 2213 1488 2280 edita,
1534 2214 1863 2270 continentia

301 2318 488 2359 meras
531 2303 920 2359 nutricularum
961 2304 1183 2371 nsenias,
1220 2321 1314 2361 seu
1352 2306 1531 2375 potius
1562 2306 1747 2377 aegroti
1771 2320 1865 2360 ve-

300 2395 442 2449 teris
482 2394 713 2458 somnia,
757 2410 878 2465 quae
906 2394 973 2449 ad
1000 2395 1235 2465 primum
1260 2396 1512 2451 intuitum
1540 2396 1673 2451 viris
1694 2396 1865 2451 doctis

301 2500 565 2540 nauseam
598 2494 889 2554 moveant,
918 2494 1065 2541 tanta
1093 2487 1259 2541 animi
1286 2487 1629 2542 contentione
1652 2487 1866 2557 (quam-

299 2576 390 2630 vis
440 2577 556 2631 sine
606 2577 844 2647 ratione)
887 2574 1172 2633 defendere
1198 2588 1484 2642 conantur,
1510 2587 1571 2633 ut
1608 2579 1775 2634 velint
1801 2594 1863 2633 ea

301 2666 631 2736 scriptorum
656 2667 900 2723 omnium
933 2678 1169 2726 veterum
1199 2686 1262 2726 ac
1290 2671 1651 2726 recentiorum
1679 2679 1865 2724 aucto-

298 2757 453 2811 ritati
499 2757 760 2828 praeferri.
792 2758 901 2816 Nec
947 2760 1001 2815 id
1045 2776 1264 2817 movere
1308 2776 1635 2831 quemquam
1685 2761 1862 2827 debet,

301 2848 453 2917 quod
511 2846 760 2905 Clemens
810 2850 1246 2918 Alexandrinus,
1291 2860 1345 2906 et
1400 2849 1688 2922 Origenes,
1739 2866 1863 2906 cum

298 2940 449 2995 hanc
487 2940 653 2995 citant
681 2940 985 3010 epistolam,
1026 2959 1301 3014 nunquam
1352 2959 1471 2999 eam
1502 2942 1863 3013 apocrypham

298 3046 427 3086 esse
473 3030 727 3087 dixerint.
777 3031 1055 3102 Siquidem
1096 3036 1364 3105 ejusmodi
1413 3045 1661 3091 auctores
1720 3051 1861 3101 saepe

298 3130 531 3176 utuntur
583 3125 903 3195 apocryphis
959 3144 973 3181 :
1032 3134 1090 3180 ut
1146 3128 1285 3182 libro
1339 3128 1543 3195 Enocb,
1594 3127 1858 3194 Pastoris,

297 3210 541 3265 Matthiae
562 3210 931 3268 Traditionum
958 3215 1113 3282 libro,
1136 3214 1278 3271 Petri
1306 3217 1657 3289 Apocalypsi,
1687 3218 1862 3275 Evan-

297 3303 445 3372 gelio
468 3302 870 3375 )Egyptiorum,
898 3315 951 3361 et
981 3308 1268 3364 similibus.
1309 3307 1483 3364 Unum
1524 3319 1701 3366 tamen
1744 3327 1862 3368 cer-

296 3404 416 3449 tum
447 3404 549 3462 est,
587 3396 727 3451 hanc
755 3398 1060 3467 epistolam,
1109 3415 1227 3469 qum
1270 3400 1430 3455 modo
1467 3416 1497 3455 a
1542 3402 1700 3456 nobis
1729 3404 1861 3468 exit,

296 3498 422 3537 eam
471 3499 591 3539 esse
648 3501 810 3554 quam
873 3496 1095 3543 sanctus
1154 3488 1555 3560 Hieronymus.
1612 3493 1861 3549 Clemens

298 3577 723 3644 Alexandrinus,
764 3589 816 3633 et
845 3578 1106 3651 Origenes
1157 3583 1283 3636 olim
1316 3599 1425 3652 pra:
1469 3584 1719 3639 manibus
1764 3586 1861 3640 ha-

298 3666 576 3733 buerunt;
610 3683 732 3721 cum
772 3684 962 3725 omnes
999 3671 1146 3726 locos
1190 3672 1258 3726 ab
1287 3673 1391 3728 illis
1433 3689 1499 3728 ex
1539 3690 1601 3729 ea
1646 3676 1859 3740 citatos,

301 3757 365 3811 in
393 3758 493 3812 hac
514 3774 677 3828 quam
702 3759 935 3827 edimus,
959 3762 1206 3833 epistola,
1231 3765 1467 3834 reperire
1495 3766 1671 3821 liceat.
1696 3766 1760 3819 Et
1792 3779 1860 3821 ex

302 3850 511 3905 nostris
562 3851 1031 3909 observationibus
1078 3854 1422 3910 manifestum
1455 3858 1555 3911 erit
1587 3876 1599 3912 :
1631 3873 1739 3912 uno
1762 3874 1858 3913 ex-

298 3949 479 4009 cepto,
525 3942 617 4012 qui
662 3942 934 4013 profertur
968 3960 997 3999 a
1040 3944 1312 4000 Clemente
1355 3945 1737 4013 Alexandrino,
1761 3948 1854 4004 lib.

298 4047 357 4086 γι
388 4030 741 4101 Stromatum,
784 4050 906 4090 cum
942 4051 1219 4106 exponens
1269 4038 1413 4092 hunc
1452 4038 1753 4094 Psalmista:
1780 4041 1859 4094 lo-

300 4140 427 4179 cum
460 4143 474 4180 :
506 4123 637 4179 Hcec
666 4137 820 4195 porta
860 4127 1097 4191 Domini,
1121 4129 1256 4197 justi
1294 4129 1569 4184 intrabunt
1604 4148 1695 4200 per
1722 4148 1856 4197 eam,

300 4220 384 4273 sic
403 4218 510 4273 ait:
543 4218 927 4289 Ἑξηγούμενος
946 4220 1006 4272 τὸ
1028 4221 1186 4290 ῥητὸν
1208 4221 1299 4274 τοῦ
1322 4222 1625 4292 Προφήτου,
1652 4224 1860 4294 Βαρνά-

298 4311 400 4375 6a;
418 4312 683 4383 ἐπιφέρει·
704 4312 916 4364 Πολλῶν
930 4312 1109 4366 πυλῶν
1132 4313 1457 4383 ἁνεῳγυιῶν,
1477 4317 1509 4387 ἡ
1528 4315 1856 4387 δικαιοσύνη,

1966 1847 2129 1913 σοφὸς
2174 1847 2230 1899 ὲν
2262 1844 2529 1915 διακρίσει
2567 1844 2760 1914 λόγων,
2793 1844 2907 1913 ἤτω
2946 1842 3141 1914 γοργὸς
3169 1843 3225 1894 ὲν
3254 1840 3452 1913 ἔργοις.
3501 1857 3519 1889 ι

1962 1930 2017 1985 Id
2044 1930 2293 1985 estzlam
2334 1930 2567 1986 Clemens
2614 1932 2665 1985 in
2696 1930 2938 2001 Epistola
2989 1931 3057 1983 ad
3110 1929 3409 1984 Corinthios
3442 1926 3522 1982 his

1963 2022 2126 2077 verbis
2190 2023 2386 2092 inquit,
2417 2038 2674 2092 exponens
2696 2022 3049 2090 differentiam
3085 2036 3265 2073 eorum
3291 2020 3379 2089 qui
3399 2028 3524 2071 sunt

1962 2114 2167 2181 probati
2195 2116 2250 2166 in
2266 2113 2502 2167 Ecclesia
2534 2133 2549 2167 :
2574 2133 2590 2165 ι
2614 2113 2698 2168 Sit
2722 2113 2912 2183 aliquis
2944 2112 3136 2182 ﬁdelis,
3166 2113 3234 2165 sit
3262 2120 3441 2181 potens
3468 2111 3525 2162 in

1962 2204 2274 2274 explicanda
2307 2204 2620 2274 cognitione,
2646 2204 2715 2257 sit
2741 2204 2959 2272 sapiens
2988 2204 3043 2256 in
3072 2202 3382 2256 discretione
3410 2216 3523 2253 ser-

1963 2312 2171 2350 monum
2194 2337 2210 2362 ,
2241 2297 2309 2350 sit
2337 2295 2618 2365 stupendus
2650 2296 2705 2349 in
2730 2295 2991 2365 operibus.
3019 2313 3036 2346 ι
3061 2294 3299 2348 Tandem
3326 2301 3523 2346 notan-

1962 2386 2091 2440 dum
2133 2395 2216 2441 est
2255 2388 2520 2457 quosdam
2561 2387 2904 2442 existimasse
2934 2386 3049 2442 haec
3079 2386 3241 2440 verba
3278 2382 3526 2438 Clemen-

1962 2479 2031 2535 tis
2065 2478 2415 2535 Alexandrini
2453 2480 2546 2534 lib.
2580 2496 2619 2533 ιι
2651 2477 3009 2542 Stromatum,
3036 2481 3067 2531 ό
3103 2478 3283 2545 νόμος
3306 2476 3527 2543 ἀπατο-

1954 2571 2115 2639 ρεύει
2142 2570 2383 2641 ἀδελφῷ
2418 2569 2721 2637 δανείζειν,
2758 2570 2809 2624 id
2848 2578 2949 2633 est,
2993 2568 3077 2622 lea:
3100 2568 3335 2638 prohibet
3366 2564 3524 2635 fratri

1965 2667 2214 2732 fenerari,
2241 2676 2370 2734 etc.,
2400 2666 2556 2722 citari
2578 2681 2645 2721 ex
2673 2664 2913 2735 Epistola
2938 2663 3220 2729 Barnabze,
3249 2661 3394 2731 quod
3416 2673 3524 2715 non

1964 2759 2034 2812 ita
2064 2766 2146 2812 est
2172 2774 2185 2811 :
2219 2758 2311 2813 sed
2346 2757 2506 2827 paulo
2544 2766 2669 2811 ante
2697 2758 2935 2811 citantur
2962 2756 3075 2809 ha‘c
3113 2754 3272 2809 verba
3297 2769 3362 2806 ex
3389 2750 3524 2805 Bar-

1964 2850 2102 2904 naba
2129 2892 2144 2916 ,
2193 2865 2314 2920 quae
2349 2851 2402 2904 in
2440 2851 2542 2905 hac
2572 2849 2809 2919 Epistola
2855 2849 3121 2903 habentur
3152 2846 3253 2901 sub
3279 2848 3436 2899 linem
3463 2844 3523 2896 il-

1963 2939 2087 3007 lius,
2139 2938 2349 3010 Ἀμέλει
2410 2938 2682 3009 μυστικῶς
2722 2940 2750 2991 ὁ
2792 2938 3091 3010 Βαρνάϐας·
3147 2937 3202 2989 '0
3239 2936 3293 2988 δὲ
3326 2936 3456 2998 Θεὸς
3497 2935 3525 2987 ὁ

1962 3029 2055 3083 τοῦ
2101 3029 2316 3094 παντὸς⁸
2337 3031 2540 3101 κόσμου
2568 3030 2857 3100 κυριεύων,
2895 3030 3046 3101 φησὶ,
3102 3028 3211 3099 δῴη
3263 3029 3355 3081 καὶ
3398 3029 3525 3097 ὑμῖν

1965 3122 2182 3191 γνῶσιν,
2232 3131 2334 3178 etc.
2361 3164 2375 3187 ,
2431 3137 2601 3192 usque
2642 3122 2706 3176 ad
2748 3120 2835 3174 illa
2866 3121 3026 3175 verba
3047 3161 3061 3187 ,
3088 3118 3319 3189 ἀγάπης
3347 3117 3526 3170 τέκνα

1966 3214 2063 3268 καὶ
2114 3212 2376 3283 εἰρήνης,
2420 3223 2549 3279 etc.,
2600 3227 2720 3284 qua:
2760 3220 2888 3269 sunt
2927 3227 2993 3267 ex
3034 3220 3181 3265 textu
3230 3208 3524 3264 Clementis

1963 3305 2336 3373 Alexandrini,
2366 3306 2458 3376 qui
2492 3305 2707 3361 tandem
2740 3304 3047 3375 subjungit,
3077 3304 3273 3373 sufﬁcit
3308 3303 3404 3356 hoc
3434 3302 3521 3355 di-

1964 3412 2096 3461 cere,
2130 3394 2268 3466 quod
2296 3393 2381 3448 les:
2415 3395 2649 3464 prohibet
2682 3394 2843 3462 fratri
2870 3393 3117 3462 fenerari,
3157 3406 3278 3461 qua:
3305 3388 3522 3459 quidem

1964 3488 2125 3543 verba
2157 3504 2263 3543 non
2295 3496 2510 3542 exstant
2534 3488 2587 3540 in
2624 3486 2725 3540 hac
2745 3485 2995 3555 epistola,
3028 3500 3149 3554 quae
3176 3493 3364 3539 sancto
3401 3482 3528 3536 Bar-

1964 3578 2120 3632 nabas
2150 3576 2463 3632 ascribitur.
2510 3574 2712 3630 Tenuis
2751 3575 2998 3644 quaedam
3039 3572 3334 3628 difﬁcultas
3359 3580 3527 3628 restat

1964 3670 2104 3724 circa
2140 3668 2359 3721 nomina
2405 3664 2694 3729 Hebraica,
2740 3680 2861 3734 qua:
2908 3672 3129 3721 sanctus
3165 3662 3526 3735 Hieronymus

1962 3760 2167 3833 profert
2193 3774 2259 3813 ex
2293 3757 2529 3828 Epistola
2573 3758 2746 3812 sancti
2782 3754 3044 3811 Barnabte
3071 3757 3124 3809 in
3154 3756 3294 3810 libro
3326 3755 3401 3809 De
3430 3771 3526 3808 no—

1964 3852 2194 3906 minibus
2226 3849 2527 3913 Hebraicis.
2572 3845 2855 3918 Siquidem
2892 3860 3061 3901 unum
3089 3860 3301 3909 eorum,
3333 3858 3526 3913 nempe

1972 3944 2209 4011 Nahum,
2254 3944 2307 3997 in
2339 3941 2566 4013 epistola
2595 3941 2933 3997 desideratur
2974 3957 2987 3993 :
3028 3938 3108 3993 sic
3129 3937 3272 3993 enim
3299 3937 3375 3991 ait
3400 3952 3526 3991 san-

1965 4044 2087 4090 ctus
2111 4033 2475 4105 Hieronymus
2502 4072 2517 4097 ,
2550 4030 2845 4096 Manasses,
2877 4027 3091 4094 oblitus,
3134 4026 3372 4092 Nohum,
3411 4044 3526 4098 ger-

1965 4144 2098 4181 men.
2155 4125 2258 4180 Sed
2297 4140 2451 4179 error
2481 4123 2747 4193 obrepsit,
2804 4130 2857 4175 et
2898 4120 3183 4191 legendum
3212 4127 3311 4183 est,
3353 4115 3521 4184 Nave,

1963 4228 2022 4271 ut
2073 4218 2300 4272 habetur
2342 4217 2396 4270 in
2432 4216 2533 4269 hac
2575 4213 2837 4283 Epistola,
2886 4211 2976 4281 qui
3019 4209 3119 4264 fuit
3148 4217 3298 4279 pater
3328 4206 3516 4272 Josue,

1962 4311 2112 4377 juxta
2147 4306 2533 4377 Septuaginta;
2577 4305 2660 4358 vel
2704 4302 2850 4368 Nan,
2880 4302 3022 4371 quod
3054 4301 3192 4355 idem
3216 4308 3299 4355 est
3326 4314 3524 4354 secun-

298 4402 441 4471 αὕτη
465 4402 610 4455 ἐστὶν
648 4403 681 4471 ἡ
713 4402 770 4454 ὲν
793 4402 1028 4471 Χριστῷ,
1070 4404 1127 4455 ὲν
1217 4405 1265 4456 οἱ
1303 4404 1557 4475 μακάριοι
1586 4406 1782 4469 πάντες
1814 4409 1862 4458 ot

1966 4401 2092 4455 dum
2127 4409 2329 4455 textum
2366 4398 2708 4453 Hebraicum.
2756 4395 2821 4449 Et
2838 4394 2975 4449 ratio
3007 4402 3112 4459 est,
3144 4394 3273 4464 quia
3309 4392 3525 4448 Nahum

299 4497 651 4559 εἰσελθόντες.
694 4496 747 4551 ld
799 4506 922 4552 est:
966 4496 1239 4551 Enarrans
1302 4500 1499 4552 dictum
1566 4496 1860 4568 Prophetw,

298 4589 581 4644 Barnabas
602 4591 759 4660 infert
785 4606 803 4643 :
824 4589 957 4645 Cum
984 4592 1163 4645 multa:
1194 4601 1360 4660 porta:
1379 4594 1484 4644 sint
1506 4601 1719 4660 apertae,
1749 4607 1863 4660 quia

297 4694 376 4735 est
398 4683 631 4748 iustitia,
654 4698 717 4735 ea
746 4691 821 4735 est
843 4682 896 4733 in
928 4680 1157 4745 Christo,
1182 4683 1235 4734 in
1264 4696 1418 4750 quam
1450 4683 1586 4734 beati
1608 4693 1726 4735 sunt
1756 4699 1864 4734 om-

300 4791 414 4838 nes,
452 4774 543 4842 qui
572 4781 695 4825 sunt
742 4775 983 4842 ingressi.
1030 4772 1133 4826 Sed
1168 4782 1331 4842 puto,
1382 4783 1474 4827 aut
1509 4774 1715 4841 lapsum
1744 4788 1863 4828 esse

302 4864 569 4918 memoria
584 4864 913 4918 Clementem
932 4864 1382 4927 Alexandrinum,
1409 4874 1501 4918 aut
1524 4874 1667 4919 certe
1684 4865 1861 4918 locum

300 4956 681 5023 depravatum,
725 4965 779 5009 et
809 4956 1092 5025 legendum
1128 4971 1250 5010 esse
1287 4954 1551 5024 Κλήμης,
1582 4971 1688 5008 non
1714 4959 1863 5022 Βαρ-

300 5046 507 5112 νάϐας.
557 5043 692 5099 Nam
736 5046 823 5101 hic
869 5034 1021 5101 locus
1067 5048 1294 5101 habetur
1326 5048 1377 5099 in
1427 5047 1648 5115 epistola
1691 5047 1862 5101 sancti

298 5137 600 5193 Clementis
632 5139 698 5192 ad
733 5138 1067 5205 Corinthius,
1102 5140 1190 5193 ubi
1224 5140 1363 5192 idem
1398 5139 1547 5192 locus
1568 5137 1866 5193 Psalmistze

297 5227 590 5300 exponitur
624 5248 639 5285 :
675 5248 694 5281 ι
724 5230 865 5301 Αὕτη
898 5229 1095 5301 ήπύλη
1135 5229 1226 5282 τοῦ
1272 5230 1494 5301 Κυρίου,
1530 5229 1721 5282 δίκαιοι
1756 5231 1866 5282 εἰσ-

299 5322 611 5377 ελεύσονται
640 5321 697 5374 ὲν
725 5322 877 5391 αὐτῇ.
915 5340 932 5371 s
967 5321 1181 5374 Πολλῶν
1203 5317 1293 5374 οὖν
1318 5320 1497 5373 πυλῶν
1538 5320 1861 5391 ἀνεῳγυιῶν,

300 5414 336 5485 ἠ
360 5415 418 5467 ὲν
450 5412 765 5484 δικαιοσύνῃ
788 5411 923 5481 αὕτη
962 5414 1105 5463 ἐστὶ)
1132 5413 1164 5482 ἡ
1193 5414 1247 5463 ὲν
1283 5412 1498 5482 Χριστῴ
1532 5414 1587 5464 ὲν
1691 5412 1865 5482 μακά-

306 5519 408 5571 ριοι
439 5502 637 5565 πάντες
665 5503 715 5555 οἱ
751 5500 1094 5563 εἰσελθόντες.
1126 5501 1180 5554 Id
1209 5513 1291 5555 est
1323 5521 1335 5555 :
1374 5520 1391 5552 ι
1420 5492 1548 5555 llwc
1575 5512 1727 5571 porta
1760 5502 1866 5555 Do-

302 5595 457 5655 mini,
479 5594 615 5662 justi
646 5593 915 5647 iutrabunt
940 5595 991 5646 in
1006 5610 1139 5646 eam.
1167 5613 1184 5643 ι
1209 5592 1339 5647 Cum
1362 5594 1525 5663 igitur
1545 5595 1725 5649 multa’
1747 5611 1865 5661 por-

307 5696 374 5741 te
415 5694 611 5755 aperta
650 5686 790 5751 sint,
835 5702 952 5757 qusc
984 5687 1034 5737 in
1070 5686 1286 5755 jnstitia
1332 5696 1445 5752 est,
1492 5688 1668 5741 eadem
1715 5698 1763 5739 et
1812 5689 1863 5739 in

1964 4508 2069 4547 non
2107 4492 2375 4562 signiticet
2422 4506 2663 4561 germen,
2698 4489 2788 4543 sed
2827 4484 3207 4539 consolatorem
3237 4521 3252 4549 ,
3282 4493 3416 4540 teste
3439 4500 3525 4540 eo-

1963 4586 2083 4639 dem
2114 4583 2443 4652 Hieronymo
2465 4626 2478 4647 ,
2515 4581 2637 4635 libri
2675 4581 2823 4635 citati
2851 4580 3027 4649 capite
3055 4579 3121 4633 de
3142 4576 3299 4641 Jona,
3341 4585 3396 4631 et
3420 4575 3526 4630 Na-

1964 4668 2115 4731 hum.
2148 4675 2383 4738 Nahum,
2425 4675 2616 4743 inquit,
2664 4672 2981 4737 consolator,
3017 4686 3047 4724 a
3081 4669 3263 4724 radice
3300 4679 3423 4733 om,
3471 4667 3523 4720 id

1964 4776 2046 4821 est
2071 4767 2355 4823 consolari.
2395 4768 2463 4819 At
2492 4763 2659 4830 Nave,
2704 4780 2799 4821 seu
2845 4762 2965 4817 Nun
2992 4770 3075 4817 est
3098 4775 3340 4831 germen.
3370 4760 3525 4829 juxta

1964 4858 2212 4913 eumdem
2249 4855 2657 4927 Hieronymum,
2682 4856 2927 4926 ejusdem
2958 4854 3053 4908 lib.
3081 4868 3201 4922 cap.
3237 4852 3261 4905 1
3302 4870 3313 4905 :
3356 4849 3522 4916 Nave,

1966 4967 2157 5015 semen,
2187 4960 2414 5019 germen,
2442 4948 2517 5001 vel
2547 4948 2906 5017 pulchritudo,
2932 4962 2963 5001 a
2997 4946 3165 5001 verbo
3192 4942 3526 5013 conjugatio-

1967 5042 2051 5094 nis
2078 5037 2275 5107 Niphal
2295 5046 2405 5125 rm,
2438 5038 2489 5091 id
2525 5046 2607 5091 est
2633 5036 2978 5105 germinabitd

1956 5181 1964 5189 .
2035 5134 2171 5187 Cum
2208 5142 2387 5187 autem
2440 5133 2553 5186 haec
2603 5133 2762 5186 unica
2806 5130 3015 5185 feratur
3061 5130 3231 5183 sancti
3270 5126 3527 5182 Barnabas

1967 5225 2235 5295 Epistola,
2269 5224 2566 5278 notandum
2600 5234 2777 5278 tamen
2825 5238 2946 5278 esse
2976 5223 3156 5291 putavi
3178 5263 3191 5285 ,
3230 5218 3525 5288 Epistulam

1966 5317 2136 5371 sancti
2170 5315 2316 5369 Pauli
2350 5316 2414 5369 ad
2442 5314 2696 5369 Hebraeos
2721 5331 2749 5367 a
2778 5313 3131 5377 Tertulliano,
3162 5311 3302 5365 libro
3328 5309 3402 5362 De
3430 5326 3528 5377 pu-

1965 5413 2173 5477 dicitia,
2210 5421 2398 5465 sancto
2439 5410 2699 5465 Barnaba'.
2728 5408 2976 5474 attribui,
3018 5418 3074 5460 ut
3112 5407 3317 5459 clarum
3354 5413 3434 5457 est
3462 5418 3526 5456 ex

1966 5505 2083 5573 ejus
2115 5503 2294 5557 verbis
2322 5522 2332 5556 :
2369 5502 2713 5556 Exstatenim
2738 5510 2784 5553 et
2810 5498 3071 5553 Barnabw
3095 5495 3280 5549 titulus
3313 5496 3381 5549 ad
3415 5492 3527 5547 Ile-

1969 5597 2166 5657 braaos;
2197 5596 2324 5647 adeo
2360 5595 2489 5646 satis
2513 5593 2849 5646 auctoritatis
2876 5591 3008 5653 viro,
3046 5598 3101 5641 ut
3133 5605 3284 5658 quem
3322 5585 3527 5641 Paulus

1963 5688 2115 5755 juxta
2149 5702 2200 5738 se
2236 5685 2561 5739 constituerit
2587 5685 2637 5736 in
2669 5681 2995 5737 abstinentite
3023 5689 3233 5734 tenore:
3268 5680 3405 5733 sAut
3436 5694 3539 5749 ego.
