4066 6330
594 331 706 391 363

595 455 765 522 solus,
783 464 880 508 aut
905 446 1203 515 Barnabas,

601 521 858 615 stateme
877 541 1001 597 Cor.
1022 540 1100 611 lx)
1123 556 1172 592 ει
1191 548 1239 592 et
1265 536 1443 605 utique
1469 529 1720 597 receptior
1749 525 1887 595 apud
1902 521 2162 615 Ecclesias

602 614 865 690 Barnabte
896 631 1121 701 epistola
1139 628 1233 681 illo
1250 622 1546 696 apocrypha
1579 619 1801 673 Pastorc
1825 614 2158 669 moechorum.

600 725 816 778 Monens
840 724 1017 793 itaque
1034 715 1338 786 discipulos,
1365 713 1570 766 omissis
1601 707 1836 763 omnibus
1873 704 2063 765 initiis,
2092 703 2160 755 ad

596 815 966 884 perfectionem
1002 810 1167 879 magis
1199 809 1435 867 tendere;
1478 818 1567 855 nec
1605 814 1788 852 rursus
1816 796 2161 866 fundamenta

595 883 910 974 paenitentiae
927 898 1180 970 jacereab
1208 893 1449 966 operibus
1482 898 1837 943 mortuorum:
1874 883 2161 953 «Impossi-

547 1058 553 1066 ,
597 999 698 1052 bile
736 999 873 1051 enim
902 1005 999 1058 est,
1029 993 1223 1063 inquit,
1259 1006 1344 1044 eos
1384 987 1473 1057 qui
1511 983 1666 1038 semel
1696 980 1983 1034 illuminati
2014 986 2156 1040 sunt,

595 1102 645 1144 et
670 1091 867 1143 donum
896 1087 1097 1140 caeleste
1124 1086 1463 1155 gustaverunt
1493 1086 1540 1129 et
1576 1074 2021 1144 participauerunt
2046 1067 2159 1136 Spi-

596 1183 761 1235 ritum
774 1190 919 1233 sanet
928 1194 1034 1241 um,
1051 1185 1099 1230 et
1114 1181 1321 1229 verbum
1342 1170 1436 1223 Dei
1458 1168 1610 1221 dulce
1627 1172 1986 1236 gustaverunt,
2001 1171 2155 1227 retc.,

595 1288 717 1342 qua:
758 1272 921 1326 verba
969 1271 1145 1339 legere
1196 1267 1321 1319 licet
1374 1264 1429 1317 in
1476 1259 1711 1330 Epistola
1753 1256 1906 1310 Pauli
1952 1256 2017 1309 ad
2050 1253 2158 1307 He-

592 1363 791 1426 braeos,
812 1376 933 1430 cap.
980 1375 1055 1412 vt.
1096 1356 1235 1411 Hinc
1269 1352 1563 1422 capiendus
1590 1359 1673 1405 est
1708 1346 2033 1402 Philastrius
2060 1344 2155 1399 lib.

595 1453 673 1509 De
697 1453 1000 1514 haeresibus,
1027 1465 1147 1518 cap.
1173 1448 1241 1501 60
1271 1467 1283 1502 :
1315 1446 1449 1501 Sunt
1471 1446 1565 1499 alii
1588 1444 1676 1513 qui
1703 1439 1997 1509 Epistolam
2020 1437 2157 1491 beati

596 1545 758 1598 Pauli
790 1545 859 1597 ad
885 1542 1133 1596 Hebrazos
1166 1557 1269 1593 non
1294 1547 1541 1592 asserunt
1561 1550 1705 1598 esse;
1735 1532 1823 1585 sed
1846 1531 2047 1594 dicunt,
2065 1537 2157 1579 aut

592 1637 857 1689 Barnaba:
899 1650 1009 1689 esse
1054 1633 1189 1686 beati
1244 1629 1511 1699 apostoli,
1572 1634 1663 1679 aut
1716 1622 2017 1677 Clementis.
2054 1618 2156 1675 Ubi

594 1728 739 1781 haud
791 1726 954 1781 dubie
994 1724 1385 1779 Tertullianum
1432 1718 1699 1787 intelligit.
1733 1713 1837 1768 Sed
1859 1713 1925 1767 de
1958 1712 2042 1765 his
2068 1726 2156 1765 sa-

593 1820 662 1873 tis
693 1837 706 1873 :
741 1834 886 1871 nunc
914 1824 1089 1871 restat
1124 1824 1180 1870 ut
1219 1814 1286 1869 de
1330 1813 1474 1867 illius
1504 1817 1844 1879 argumento,
1877 1804 1991 1859 sive
2025 1804 2155 1857 sub-

587 1907 734 1976 jecto
766 1906 1002 1961 breviter
1027 1921 1207 1976 agam.

666 1998 920 2076 Epistolw
960 2008 1345 2069 argumentum,
1394 1995 1604 2048 divisio.
1654 1992 1794 2046 Cum
1827 1988 1997 2044 Judaei
2029 1987 2153 2058 qui-

589 2102 713 2156 dam
754 2100 821 2154 ad
869 2100 1028 2154 ﬁdem
1075 2092 1276 2152 Christi
1329 2088 1574 2150 conversi
1618 2086 2039 2164 galaticarentur
2075 2086 2157 2152 (ut

590 2209 714 2250 cum
746 2192 1080 2247 Tertulliano
1107 2188 1343 2258 loquar),
1395 2186 1499 2239 hoc
1528 2193 1631 2249 est,
1665 2184 1832 2251 legem
1860 2173 2151 2232 Mosaicam

590 2298 698 2338 una
728 2296 853 2336 cum
875 2280 1166 2349 Evangelio
1184 2276 1520 2331 retinendam
1548 2288 1670 2329 esse
1692 2279 1965 2341 putarent,
1992 2267 2154 2338 idque

589 2376 778 2430 multis
798 2372 1129 2429 Christianis
1157 2370 1567 2440 persuaderent,
1608 2376 1830 2422 sanctus
1853 2364 2150 2429 Barnabas,

588 2466 701 2520 sive
742 2466 866 2534 quis
898 2464 1060 2529 alius,
1088 2470 1337 2516 sanctum
1382 2459 1613 2513 Paulum
1647 2456 1918 2520 imitatus,
1959 2469 2148 2508 eorum

585 2556 893 2611 doctrinam
942 2556 1045 2609 hac
1088 2553 1317 2623 epistola
1352 2551 1655 2607 convellere
1689 2555 1938 2612 conatur,
1969 2545 2153 2600 docet-

587 2663 694 2718 que
737 2647 922 2701 multis
950 2645 1243 2716 Scriptura:
1275 2645 1427 2710 locis,
1462 2659 1525 2698 ac
1554 2642 1763 2712 ﬁguris,
1797 2640 1966 2710 legem
2002 2638 2153 2709 Moy-

587 2737 664 2791 sis
686 2736 798 2806 jam
835 2736 1149 2806 abrogatam
1183 2750 1325 2798 esse,
1359 2734 1518 2803 eique
1555 2730 1904 2800 Evangelium
1934 2743 2152 2782 succes-

587 2829 746 2883 sisse.
774 2826 874 2882 Hic
904 2838 987 2883 est
1018 2828 1183 2897 hujus
1211 2826 1454 2895 epistolae
1480 2838 1716 2893 scopus;
1743 2822 1808 2877 ad
1827 2837 1986 2892 quem
2015 2836 2151 2875 non-

587 2920 732 2974 nulla
770 2920 879 2985 hic,
923 2934 1043 2989 quae
1074 2934 1180 2972 non
1216 2926 1343 2971 sunt
1372 2914 1802 2986 προηγουμένου,
1842 2929 1936 2968 seu
1963 2914 2150 2982 praeci-

586 3016 678 3084 pui
725 3012 1052 3085 argumenti,
1087 3012 1182 3066 sed
1212 3010 1377 3064 veluti
1423 3007 1730 3063 secundarii
1763 3014 2048 3069 tractatus,
2090 3014 2151 3058 ut

1688 319 1749 377 s.
1786 313 2151 372 BARNABAS
2181 296 2601 365 APOSTOLUS.
3674 302 3759 362 οδε

1228 460 1329 499 non
1351 442 1600 496 habemus
1621 436 1715 489 hoc
1738 431 1987 503 operandi
2017 437 2160 499 pote-
2189 432 2235 487 Α
2264 427 2428 479 altera
2455 420 2801 493 paraenetica,
2842 419 2893 472 in
2925 432 3032 487 qua
3062 413 3315 487 praeclara
3346 422 3397 469 et
3428 412 3567 470 utilia
3588 415 3763 473 monita

2267 517 2457 573 salutis
2489 528 2542 569 et
2574 520 2839 583 praecepta
2872 510 3090 565 dantur.

2334 604 2495 658 Prior
2520 619 2641 671 pars
2671 599 2926 671 epistola.
2978 598 3135 653 Prior
3176 612 3302 667 pars
3329 595 3498 665 capita
3522 595 3763 652 duodecim

2263 695 2659 766 complectitur.
2704 693 2760 748 In
2793 694 2971 763 primo
2996 692 3062 747 de
3093 690 3395 746 cessatione
3419 688 3764 744 sacriﬁciorum

2262 788 2512 843 Mosaica:
2558 786 2686 855 legis
2741 786 2951 857 agitur;
3002 783 3055 836 in
3110 780 3348 837 secundo
3381 779 3445 833 de
3479 778 3764 847 jejuniorum

2261 881 2503 950 ejusdem
2532 879 2662 948 legis
2694 877 3018 942 abolitione;
3055 875 3107 927 in
3139 872 3299 927 tertio
3316 870 3487 942 agitur
3509 871 3569 923 de
3594 868 3767 923 instan-

2263 971 2405 1025 tibus
2427 968 2821 1024 calamitatibus
2847 1010 2861 1035 ,
2905 967 3371 1032 admouenturque
3404 960 3577 1014 ﬁdeles
3599 960 3657 1013 ad
3679 962 3769 1013 vir-

2262 1072 2437 1116 tutum
2485 1060 2724 1115 studium
2751 1100 2766 1124 ,
2800 1058 2942 1128 quod
2972 1055 3143 1110 Judaei
3184 1054 3299 1109 suis
3322 1051 3542 1122 jejuniis
3563 1060 3611 1104 et
3633 1064 3769 1104 εει-θ-

2260 1152 2458 1206 mouiis
2536 1149 2965 1220 postponebant;
3042 1147 3096 1200 in
3170 1153 3367 1215 quarto
3430 1151 3670 1196 tractatur
3717 1141 3769 1196 de

2258 1246 2461 1301 Christi
2501 1244 2733 1298 adventu
2760 1283 2775 1308 ,
2832 1239 3093 1295 missione
3143 1237 3509 1307 apostolorum
3535 1276 3549 1300 ,
3599 1232 3768 1287 Christi

2257 1339 2512 1409 passione
2545 1345 2597 1391 et
2636 1333 2997 1398 exaltatione;
3034 1331 3088 1384 in
3117 1330 3311 1401 quinto
3343 1328 3409 1383 de
3450 1325 3668 1382 hominis
3704 1340 3772 1379 re-

2256 1430 2536 1501 paratione
2584 1427 2929 1496 disputatur;
2968 1424 3020 1478 in
3058 1433 3211 1479 sexto
3255 1435 3448 1476 rursus
3494 1418 3559 1473 de
3603 1416 3772 1470 Christi

2257 1520 2529 1589 passione,
2562 1527 2616 1572 et
2652 1518 2718 1572 de
2743 1515 3065 1587 quibusdam
3095 1514 3241 1568 illius
3271 1509 3702 1572 circumstantiis;
3730 1508 3772 1562 in

2257 1611 2488 1681 septimo
2531 1610 2599 1665 de
2640 1607 3011 1678 antiquatione
3040 1602 3476 1661 circumcisiouis
3510 1601 3707 1666 veteris,
3732 1608 3774 1653 et

2255 1704 2322 1758 de
2348 1701 2761 1758 circumcisione
2785 1699 2997 1754 aurium
3023 1706 3075 1752 et
3106 1697 3322 1763 cordis;
3355 1695 3407 1749 in
3430 1703 3613 1749 octavo
3627 1691 3685 1749 de
3702 1707 3773 1746 es-

2255 1796 2335 1851 cis
2362 1794 2650 1865 prohibitis
2684 1793 2737 1846 in
2767 1792 2934 1846 veteri
2960 1792 3095 1861 lege,
3134 1789 3312 1857 deque
3335 1787 3545 1840 illarum
3582 1782 3774 1853 mystica

2256 1886 2729 1956 interpretatione;
2766 1885 2821 1938 in
2870 1898 3015 1937 nono
3039 1882 3105 1936 de
3128 1880 3402 1949 baptismo
3438 1885 3491 1932 et
3530 1890 3709 1941 cruce;
3731 1874 3774 1927 in

2255 1977 2466 2033 decimo
2489 1977 2555 2032 de
2586 1975 2959 2047 reprobatione
2983 1974 3161 2043 populi
3193 1970 3430 2035 Judaici,
3460 1976 3513 2023 et
3533 1967 3775 2038 gentilium

2255 2069 2549 2136 electione;
2584 2070 2638 2122 in
2662 2066 2949 2121 undecimo
2974 2066 3039 2119 de
3063 2063 3419 2134 abrogatione
3454 2058 3662 2115 Sabbati
3698 2057 3777 2111 Ju-

2254 2162 2435 2228 daici;
2476 2162 2532 2215 in
2588 2159 2911 2215 duodecimo
2948 2157 3014 2212 de
3061 2156 3245 2225 templi
3301 2153 3511 2209 Judaici
3558 2151 3777 2221 repudia—

2256 2257 2403 2312 tione
2441 2270 2507 2309 ac
2548 2252 2915 2317 demolitione,
2949 2248 3094 2305 etde
3126 2248 3314 2317 templi
3351 2244 3636 2317 spiritualis
3668 2243 3777 2299 tedi-

2254 2348 2525 2403 ﬁcatione.

2324 2438 2567 2494 Secunda
2606 2452 2731 2506 pars
2755 2433 3008 2505 epistolae.
3052 2430 3306 2487 Secunda
3337 2445 3462 2501 pars
3494 2427 3686 2483 duobus
3705 2442 3777 2482 ca-

2252 2532 2456 2603 pitibus
2506 2528 2825 2584 absolvitur.
2878 2525 2935 2579 ln
2979 2526 3158 2591 primo
3206 2523 3389 2594 agitur
3438 2524 3502 2577 de
3529 2523 3609 2577 via
3645 2522 3776 2584 lucis,

2252 2626 2359 2679 hoc
2403 2631 2509 2689 est,
2561 2622 2628 2677 de
2676 2621 2745 2675 iis
2792 2634 2913 2689 quae
2957 2618 3272 2671 Christiano
3311 2616 3516 2687 agenda
3547 2624 3696 2677 sunt;
3734 2614 3776 2665 in

2252 2713 2420 2766 altero
2463 2711 2531 2764 de
2560 2709 2646 2762 via
2675 2706 3040 2770 tenebrarum,
3068 2704 3168 2758 hoc
3200 2711 3286 2757 est
3311 2744 3327 2769 ,
3363 2702 3431 2756 de
3460 2702 3525 2755 iis
3553 2717 3663 2770 quae
3683 2700 3778 2753 aui-

2251 2818 2352 2856 mae
2380 2800 2521 2855 ﬁdeli
2547 2798 2798 2869 fugienda
2821 2812 2886 2851 ac
2910 2794 3130 2850 vitanda
3148 2804 3278 2850 sunt
3309 2812 3321 2848 :
3354 2803 3469 2849 tum
3492 2793 3689 2847 demum
3711 2806 3779 2845 sc-

2250 2893 2437 2963 quitur
2464 2892 2733 2961 epilogus.

2320 3004 2446 3059 llaec
2475 3011 2658 3059 autem
2687 3002 2912 3072 epistola
2944 3001 3012 3055 ab
3032 2997 3285 3070 Origene,
3318 3000 3413 3054 lib.
3443 3016 3461 3054 ι
3486 3009 3658 3053 contra
3683 2996 3781 3052 Cel-

585 3105 652 3160 de
684 3106 918 3159 adventu
939 3100 1455 3170 Christi,passione,
1484 3108 1617 3164 etc.,
1645 3096 1955 3151 referuntur
1986 3110 2149 3149 :nam
2178 3112 2219 3168 ο
2251 3113 2369 3151 sum
2405 3096 2508 3151 sub
2548 3096 2735 3161 linem,
2780 3092 3083 3159 Catholica,
3134 3093 3185 3146 id
3234 3103 3323 3147 est
3363 3090 3675 3146 universalis
3702 3105 3779 3157 ap-

585 3198 733 3251 illins
763 3196 937 3265 gratia
964 3202 1285 3257 tractantur,
1324 3205 1449 3245 cum
1486 3189 1554 3243 ad
1593 3187 1712 3258 ejus
1734 3186 2147 3255 intelligentiam

584 3300 693 3341 non
731 3300 922 3354 parum
954 3282 1257 3349 conferant,
1291 3283 1445 3352 juxta
1471 3296 1678 3335 morem
1708 3289 2014 3344 oratorum,
2054 3279 2149 3349 qui

583 3377 858 3433 interdum
887 3376 994 3429 alio
1035 3375 1434 3445 digrediuntur,
1468 3389 1575 3428 non
1618 3373 1884 3427 inutiliter
1908 3372 2150 3441 quidem,

584 3481 709 3521 cum
749 3466 800 3519 id
824 3465 1084 3534 plenioris
1106 3464 1485 3520 elucidationis
1516 3464 1688 3534 gratia
1714 3463 1892 3519 facere
1918 3464 2169 3519 soleant.

587 3557 701 3612 Sub
738 3556 898 3610 ﬁnem
950 3555 1194 3625 epistolae
1234 3556 1405 3609 multa
1436 3556 1592 3609 docet
1635 3553 1997 3621 Christianos,
2029 3569 2151 3623 quae

583 3648 651 3702 ad
684 3648 850 3701 vitam
881 3655 1028 3702 recte
1069 3645 1459 3700 instituendam
1496 3646 1791 3715 plurimum
1818 3645 2149 3700 conducunt.

585 3738 722 3794 Hinc
753 3738 831 3804 ﬁt,
863 3749 921 3794 ut
962 3738 1081 3794 haec
1119 3738 1345 3808 epistola
1372 3737 1429 3791 in
1470 3737 1607 3792 duas
1648 3746 1830 3807 partes
1871 3738 2153 3792 commode

584 3830 837 3886 distribui
886 3830 1060 3900 possit
1101 3849 1115 3885 :
1164 3845 1395 3901 quarum
1449 3830 1617 3885 altera
1674 3838 1758 3885 est
1804 3830 2149 3898 didascalica,

585 3937 707 3993 quas
750 3922 935 3978 multis
962 3922 1299 3994 argumentis
1330 3921 1486 3975 docet
1529 3921 1737 3976 nullum
1767 3936 1889 3977 esse
1919 3923 2153 3991 amplius

584 4014 720 4085 legis
745 4013 1016 4079 Mosaicae,
1041 4024 1093 4070 et
1117 4012 1465 4069 Iudaicarum
1488 4013 1935 4067 cazremouiarum
1955 4027 2149 4067 usum:

600 4183 821 4198 μ

2251 3187 2481 3257 pellatur
2508 3203 2521 3239 :
2550 3184 2741 3239 Exstat
2770 3199 2895 3237 sane
2924 3183 2977 3235 in
3009 3178 3268 3234 Barnaba:
3305 3179 3565 3233 catholica
3591 3174 3779 3246 epistola

2250 3276 2805 3348 scriptum,etc.,quia
2830 3290 2937 3329 non
2962 3273 3028 3327 ad
3053 3288 3212 3327 unam
3241 3280 3450 3326 certam
3474 3272 3781 3341 gentem,aut

2252 3372 2526 3426 nationem
2568 3370 2767 3437 scripta
2809 3378 2929 3431 est,
2976 3366 3069 3420 sed
3100 3364 3167 3417 ad
3196 3378 3392 3418 omnes
3421 3360 3736 3417 Christianos
3767 3375 3779 3410 ε

2250 3460 2323 3513 ita
2363 3460 2507 3514 enim
2542 3457 2875 3512 deﬁniuntur
2900 3454 3177 3509 catholicae
3203 3453 3574 3521 apostolorum
3605 3450 3780 3518 episto-

2247 3551 2342 3618 lae,
2397 3560 2457 3604 ut
2503 3548 2849 3603 manifestum
2892 3556 2973 3601 est
3009 3561 3074 3599 ex
3099 3544 3354 3611 Leontio,
3386 3544 3481 3598 lib.
3518 3542 3592 3594 De
3630 3538 3780 3599 sectis,

2244 3660 2361 3714 cap.
2411 3644 2445 3697 2
2480 3662 2492 3698 :
2531 3642 2825 3697 Καθολικαὶ
2868 3640 2925 3692 δὲ
2973 3638 3311 3709 ἐκλήθησαν,
3364 3636 3547 3707 ἐπειδὴ
3586 3634 3642 3686 οὐ
3670 3630 3781 3701 πρὸς

2250 3737 2307 3789 ἒν
2344 3736 2493 3799 ἔθνος
2531 3735 2877 3805 ἐγράφησαν,
2918 3731 2993 3795 ὡς
3019 3733 3074 3784 at
3101 3731 3194 3784 τοῦ
3224 3730 3461 3795 Παύλου,
3489 3727 3618 3781 ἀλλὰ
3643 3721 3780 3777 καθό-

2250 3827 2341 3879 λου
2377 3827 2511 3898 πρὸς
2559 3825 2754 3891 πάντα,
2805 3823 2859 3878 id
2889 3833 2990 3889 est,
3009 3821 3295 3877 Catholij
3319 3823 3477 3877 dicta:
3507 3828 3639 3882 sunt,
3667 3812 3780 3887 quod

2252 3935 2355 3971 non
2378 3920 2446 3971 ad
2486 3935 2643 3971 unam
2678 3917 2889 3985 scripta:
2926 3924 3047 3967 sunt
3079 3923 3303 3984 gentem,
3329 3925 3385 3967 ut
3418 3912 3572 3966 Pauli
3599 3909 3781 3978 Episto-

2252 4010 2338 4073 ιω,
2366 4008 2454 4062 sed
2478 4007 2787 4077 generaliter
2807 4006 2875 4058 ad
2897 4020 3094 4058 omnes.

2126 4320 2320 4408 III.

581 4484 861 4562 ίῖεᾶαουδ
910 4491 1258 4565 VOSSIUS,
1299 4492 1590 4583 Prtefatio
1642 4495 1717 4583 ad
1766 4493 2131 4583 _Episto_lam_
2185 4495 2246 4583 _S.
2310 4496 2633 4583 Barpabm,
2668 4492 3127 4583 Arustelodami
3174 4508 3343 4553 anno
3380 4492 3529 4553 1656
3556 4490 3629 4551 ab
3658 4487 3775 4564 ipso

1312 4574 1543 4634 editam
1581 4576 1659 4636 ad
1689 4570 1927 4636 calcem
1961 4574 2389 4653 Epistolarum
2422 4576 2484 4635 S.
2520 4571 2751 4652 lgnatii
2781 4570 3129 4653 martyris.)

653 4748 871 4816 Aliquot
909 4749 1021 4818 jam
1054 4762 1182 4805 sunt
1223 4752 1349 4804 anni
1380 4750 1523 4819 quod
1549 4750 1689 4803 hanc
1714 4748 1975 4803 Barnabas
2018 4746 2143 4817 Epi-
2174 4750 2218 4805 D
2249 4746 2617 4815 maximopere
2658 4744 2877 4815 gavisus
2929 4758 3071 4810 sum,
3109 4743 3160 4795 in
3194 4742 3312 4795 illas
3342 4755 3535 4793 mantus
3565 4733 3775 4791 incidere

584 4842 801 4908 stolam,
846 4858 1009 4913 quam
1056 4845 1124 4897 ab
1168 4844 1579 4914 incomparabili
1621 4842 1889 4897 Salmasio
1925 4857 2145 4911 accepe-

581 4948 720 4996 ram,
751 4933 803 4987 in
835 4934 1008 4988 lucem
1039 4935 1281 4989 emittere
1312 4936 1676 4988 decreveram.
1711 4932 1812 4987 Sed
1841 4932 1938 4987 iter
1962 4949 2139 4987 meum

582 5026 815 5092 obstitit,
863 5026 1159 5094 quominus
1205 5026 1511 5081 institutum
1557 5026 1689 5080 illud
1725 5034 1836 5079 tum
1883 5028 2140 5095 temporis

582 5116 837 5186 perﬁcere
883 5116 1118 5169 licuerit.
1159 5116 1297 5171 Dum
1334 5134 1464 5173 vero
1508 5119 1754 5186 Angliam
1796 5119 1988 5184 lustro,
2036 5118 2170 5183 alia,

580 5225 702 5264 sese
727 5208 925 5263 obtulit
954 5210 1171 5263 occasio
1198 5253 1213 5277 ,
1245 5227 1350 5279 qua
1387 5212 1646 5279 scriptum
1680 5211 1834 5274 illud,
1859 5212 2005 5278 quod
2026 5211 2137 5279 jam

577 5300 669 5354 diu
719 5301 893 5353 lucem
940 5302 1270 5368 merebatur,
1322 5302 1535 5355 tandem
1577 5302 1867 5369 aliquando
1892 5301 2135 5370 divulga-

577 5400 745 5445 retur.
791 5391 1024 5447 Parabat
1055 5402 1167 5447 tum
1205 5409 1405 5449 novam
1450 5393 1639 5463 lgnatii
1669 5393 1956 5447 editionem
1990 5408 2140 5447 reve-

577 5481 937 5537 reudissimus
977 5481 1249 5537 Hiberniae
1286 5485 1512 5553 primas,
1554 5482 1805 5538 Usserius
1853 5484 2142 5537 Armacha-

578 5584 705 5621 nus.
747 5569 827 5622 llli
870 5573 1050 5642 itaque
1083 5574 1372 5642 postulanti
1407 5584 1461 5627 et
1502 5574 1745 5627 oﬁ‘erenti
1776 5583 1834 5627 ut
1874 5591 1979 5627 una
2013 5591 2135 5629 cum

578 5657 870 5727 lgnatianis
915 5665 1028 5718 haec
1069 5681 1287 5735 quoque
1329 5665 1592 5721 Barnaba:
1626 5668 1980 5721 excuderetur
2023 5668 2134 5735 epi-

582 5751 739 5817 stola,
789 5769 896 5808 non
947 5765 1153 5811 tantum
1184 5759 1413 5813 libenter
1461 5759 1513 5813 id
1556 5760 1821 5820 concessi,
1858 5762 1947 5813 sed
1973 5759 2131 5811 etiam

2250 4834 2686 4904 antiquissimum
2735 4834 2877 4888 istud
2917 4842 3349 4897 monumentum,
3399 4844 3447 4883 a.
3478 4828 3667 4899 quibus
3690 4824 3774 4875 im-

2248 4943 2493 4982 mensum
2546 4937 2807 4996 quantum
2855 4926 3159 4995 splendoris
3206 4921 3440 4978 mutuari
3469 4920 3770 4989 sibi‘possct.

2247 5022 2311 5075 Et
2336 5022 2441 5075 nisi
2476 5022 2664 5092 ingens
2694 5020 2869 5075 isthoc
2891 5019 3221 5083 incendium,
3248 5017 3390 5087 quod
3416 5030 3523 5069 non
3550 5011 3770 5081 exiguam

2246 5125 2453 5185 partem
2507 5115 2657 5169 urbis
2686 5112 3028 5183 _Oxouiensis
3072 5111 3319 5175 vastavit,
3362 5106 3546 5163 omnia
3579 5112 3771 5174 quoque

2244 5206 2571 5276 exemplaria
2592 5205 3006 5275 absumpsisset,
3032 5204 3449 5273 pulcherrimam
3474 5200 3589 5268 ejus
3606 5199 3767 5249 aucto-

2244 5300 2319 5353 ris
2365 5298 2657 5352 editionem
2703 5298 2911 5367 jamdiu
2963 5296 3361 5350 habuissemus.
3411 5290 3527 5347 Non
3575 5284 3765 5341 deluere

2242 5400 2417 5445 tamen
2462 5389 2517 5442 in
2559 5388 2728 5442 Gallia
2766 5389 2866 5441 viri
2894 5386 3058 5449 docti,
3088 5386 3180 5455 qui
3210 5385 3487 5453 indignum
3513 5377 3762 5450 putabant,

2240 5479 2505 5548 scriptum
2545 5478 2649 5534 hoc
2691 5478 2897 5531 diutius
2947 5477 2999 5531 in
3047 5476 3283 5530 tenebris
3334 5474 3563 5528 latitare.
3597 5467 3759 5531 Itaque

2240 5586 2411 5640 nuper
2462 5570 2615 5642 Hugo
2653 5569 2976 5636 Menardus,
3028 5570 3328 5621 monachus
3371 5562 3575 5618 ordinis
3604 5550 3761 5611 Sancti

2241 5662 2435 5729 Mauri,
2485 5678 2680 5717 novam
2738 5661 2895 5717 nobis
2955 5661 3249 5715 editionem
3303 5655 3593 5713 adornavit.
3639 5644 3758 5714 Quill

2240 5758 2531 5826 plurimum
2562 5758 2661 5813 hoc
2690 5773 2905 5813 nomine
2928 5757 3157 5811 meritus
3185 5755 3253 5811 sit
3274 5753 3339 5809 de
3368 5749 3597 5822 publico,
3623 5749 3758 5795 nemo
