4066 6330
274 343 383 399 665

1634 343 1719 398 PR
1728 342 2164 401 OLEGOMENA.

3400 343 3507 402 σος

269 468 377 523 est,
426 456 519 527 qui
560 457 770 512 inficias
815 456 993 514 iverit.
1030 460 1159 517 Plus
1203 469 1383 517 tamen
1425 464 1738 528 meruisset,
1790 464 1835 519 si
1866 472 1909 527 Α
1942 465 1995 519 in
2042 466 2147 523 hoc
2180 467 2579 537 reprehendere
2603 467 2824 536 quodin
2865 460 3037 521 altero
3072 460 3357 523 excusant.
3388 466 3504 523 No-

270 550 595 621 contigisset
625 550 703 602 illi
743 548 898 618 plura
929 552 1113 607 videre
1143 554 1495 624 exemplaria.
1528 554 1664 609 Cum
1692 554 1834 608 enim

268 654 385 699 tota
423 644 512 697 illa
543 644 709 697 editio
732 660 795 698 ex
819 660 927 699 uno
950 648 1291 714 promanarit
1317 647 1521 715 codice,
1542 647 1658 702 fieri
1685 648 1838 701 aliter

263 753 385 790 non
439 736 613 805 potuit
660 736 789 805 quin
838 736 1335 793 inemendatissima
1387 738 1645 808 prodiret.
1684 738 1835 806 Mihi,

264 829 398 883 licet
448 844 554 883 non
584 844 757 898 usque
787 828 922 884 adeo
952 829 1171 884 fortuna
1215 830 1429 896 faverit,
1462 840 1521 885 ut
1546 832 1835 901 quisquam

263 922 519 976 invidere
551 921 760 987 debeat,
806 937 869 976 ea
902 931 1080 977 tamen
1111 924 1336 993 contigit
1380 924 1629 987 felicitas,
1662 933 1721 978 ut
1748 924 1838 977 tri-

258 1015 373 1070 bus
403 1016 457 1070 in
482 1017 584 1070 hoc
611 1016 931 1087 corrigendo
956 1034 1087 1073 usus
1120 1020 1222 1073 sim
1258 1036 1389 1074 mss.
1433 1019 1674 1075 Primum
1704 1021 1834 1073 mihi

263 1106 561 1162 Florentiae
591 1108 958 1176 suppeditavit
990 1109 1313 1165 bibliotheca
1353 1110 1617 1179 Medicea,
1669 1111 1837 1173 altera

264 1202 383 1257 duo
411 1200 733 1256 bibliotheca
772 1201 1031 1255 Vaticana
1073 1210 1126 1256 et
1154 1200 1569 1269 Theatinorum,
1602 1203 1695 1272 qui
1726 1202 1837 1257 Ro-

265 1312 374 1350 mae
416 1303 603 1365 agunt.
632 1295 849 1349 Illorum
878 1311 1035 1349 usum
1070 1306 1349 1365 acceptum
1376 1296 1488 1350 fero
1518 1296 1677 1350 Lucae
1710 1295 1838 1349 Hol-

266 1388 466 1452 stenio,
508 1387 623 1442 viro
654 1403 869 1443 summo
913 1398 965 1443 et
1006 1405 1285 1457 nunquam
1332 1404 1436 1441 non
1471 1387 1609 1441 infra
1645 1389 1833 1442 merita

266 1497 369 1535 sua
398 1479 688 1534 laudando.
722 1464 1073 1548 Quiditaque
1104 1495 1206 1549 ope
1256 1480 1482 1534 istorum
1532 1479 1694 1534 trium
1744 1494 1836 1534 co-

267 1571 452 1626 dicum
479 1571 774 1639 praestitum
818 1572 912 1635 sit,
944 1573 1147 1627 videbit
1179 1573 1245 1637 is,
1273 1572 1364 1641 qui
1391 1586 1566 1641 operte
1592 1570 1826 1639 pretium

267 1663 506 1728 duxerit,
557 1662 845 1717 editionem
896 1664 1036 1719 hanc
1082 1679 1204 1719 cum
1258 1664 1453 1729 altera,
1500 1678 1662 1732 quam
1700 1662 1834 1728 dixi,

266 1756 629 1809 committere.

333 1844 534 1900 Nescio
575 1855 755 1901 autem
782 1862 881 1902 cur
907 1847 1127 1917 quidam
1162 1848 1365 1917 opinati
1398 1847 1511 1902 sint
1538 1848 1680 1903 hanc
1700 1846 1829 1917 Epi-

262 1939 466 1993 stolam
504 1952 613 1991 non
646 1954 768 1994 esse
796 1939 1080 2005 Barnaba,
1111 1955 1232 1995 cum
1259 1950 1436 1994 tamen
1471 1947 1525 1993 et
1557 1939 1827 2006 Clemens,

260 2040 316 2086 et
351 2028 637 2101 Origenes,
666 2038 721 2085 et
750 2031 863 2094 alii,
899 2032 1044 2086 illam
1078 2032 1125 2087 ei
1160 2032 1422 2086 tribuant.
1450 2031 1651 2086 Offensi
1681 2042 1827 2097 sunt,

260 2121 450 2187 credo,
489 2121 588 2174 viri
637 2121 802 2187 docti,
854 2122 999 2191 quod
1048 2122 1132 2176 hic
1164 2121 1282 2175 loca
1313 2121 1559 2190 quaedam
1594 2120 1651 2174 S.
1684 2118 1831 2175 Scri-

262 2221 441 2282 pturae
488 2213 649 2267 aliter
677 2213 1038 2283 explicentur,
1064 2228 1227 2283 quam
1256 2213 1516 2282 explicari
1540 2212 1825 2267 debebant.

261 2301 591 2358 Persuaderi
625 2312 925 2375 nequeunt,
958 2304 1039 2358 sic
1082 2304 1326 2373 potuisse
1374 2320 1435 2359 ea
1488 2304 1606 2373 capi
1655 2319 1684 2358 a
1714 2303 1830 2358 viro

262 2402 433 2451 tanta
461 2396 837 2463 auctoritatis,
868 2396 1024 2465 cujus
1059 2396 1217 2451 toties
1240 2396 1379 2451 sacri
1420 2396 1539 2451 libri
1564 2396 1829 2450 memine-

260 2489 399 2554 rint,
434 2488 634 2558 quique
681 2503 899 2558 semper
956 2487 1110 2543 Pauli
1164 2489 1397 2558 apostoli
1441 2502 1626 2543 comes
1668 2487 1831 2541 fuerit

261 2580 607 2646 individuus,
644 2589 697 2635 et
726 2581 840 2650 ipse
866 2596 1083 2652 quoque
1114 2597 1258 2635 unus
1285 2596 1313 2635 e
1343 2580 1648 2634 minoribus
1696 2595 1830 2649 apo-

262 2674 442 2729 stolis.
477 2672 581 2728 Sed
613 2674 739 2743 quis
770 2689 799 2727 a
844 2673 1037 2743 primis
1088 2674 1197 2728 illis
1226 2672 1553 2727 Christianis
1585 2672 1829 2741 omnige-

260 2781 394 2820 nam
445 2766 727 2820 scientiam
756 2772 810 2818 et
853 2764 1158 2819 doctrinam
1187 2764 1523 2834 expostulet;
1554 2764 1677 2832 quis
1707 2763 1829 2818 illos

260 2873 374 2911 non
399 2871 552 2926 aeque
588 2856 955 2911 hallucinatos
993 2857 1291 2919 existimet,
1332 2866 1494 2925 atque
1516 2870 1703 2909 eorum
1742 2870 1829 2908 ne-

258 2957 447 3019 potes;
484 2948 785 3016 praesertim
819 2948 875 3001 in
909 2948 1075 3003 rebus
1108 2948 1243 3001 nihil
1267 2948 1332 3001 ad
1362 2947 1520 3001 tidem
1553 2946 1828 3021 pertinen-

259 3040 456 3095 tibus?
483 3038 737 3109 Nunquid
772 3048 825 3093 et
852 3040 905 3093 in
937 3040 1161 3109 epistola
1189 3040 1506 3102 Clementis,
1538 3054 1699 3109 quam
1728 3054 1825 3091 no-

1934 567 2049 613 tum
2095 568 2176 616 est
2223 560 2462 627 cuilibet,
2496 577 2659 632 quam
2693 561 2923 616 nimium
2942 548 3189 634 "myStice
3226 568 3279 617 et
3314 577 3508 631 super-

1934 651 2144 707 stitiose
2191 653 2349 723 (pene
2399 655 2565 708 etiam
2614 654 2815 725 inepte)
2864 654 3025 724 primi
3078 656 3155 709 illi
3204 637 3505 710 Christiani

1937 743 2247 813 Scripturas
2283 760 2471 801 sacras
2517 747 2627 801 sint
2672 747 3031 815 interpretati.
3078 746 3135 801 Si
3164 748 3351 817 itaque
3374 747 3505 801 etin

1934 839 2038 893 hoc
2084 847 2308 892 auctore
2351 840 2597 908 quaedam
2632 850 2926 894 occurrant
2969 855 3091 909 quae
3117 841 3348 895 eruditis
3390 839 3507 895 dis-

1933 930 2184 998 pliceant,
2228 929 2466 984 dandum
2496 931 2546 984 id
2577 930 2758 999 potius
2797 932 3041 986 moribus
3072 941 3315 987 veterum
3345 932 3505 986 Chri-

1934 1022 2237 1081 stianorum
2265 1039 2431 1092 quam
2461 1032 2520 1077 ut
2562 1032 2784 1093 putetur
2808 1025 3069 1094 scriptum
3098 1039 3220 1080 esse
3244 1025 3502 1094 supposi-

1935 1112 2141 1166 titium.
2186 1113 2289 1169 Sed
2344 1130 2520 1184 neque
2566 1115 2669 1169 hoc
2711 1131 3043 1186 quemquam
3076 1130 3294 1171 movere
3323 1117 3503 1184 debet,

1935 1204 2078 1273 quod
2115 1203 2383 1260 Eusebius
2417 1216 2470 1260 et
2493 1205 2663 1260 Graeci
2690 1207 3021 1274 posteriores
3051 1208 3191 1262 inter
3213 1206 3504 1276 ἀπόκρυφοι

1933 1296 2278 1363 reposuerint
2316 1296 2612 1366 Epistolam
2648 1299 2930 1353 Barnabas.
2967 1296 3084 1352 Non
3111 1299 3256 1352 enim
3294 1299 3396 1353 hoc
3437 1314 3502 1352 eo

1934 1380 2137 1436 factum
2180 1384 2329 1452 quod
2376 1385 2686 1441 dubitarent
2715 1388 2780 1441 de
2811 1397 3066 1452 auctore,
3101 1388 3191 1443 sed
3220 1389 3364 1456 quod
3395 1404 3500 1443 non

1931 1473 2227 1540 probarent
2250 1474 2508 1544 mysticas
2543 1476 2676 1530 istas
2701 1475 3177 1545 interpretationes
3204 1476 3501 1529 multorum

1934 1562 1992 1615 S.
2028 1562 2326 1634 Scriptura:
2361 1566 2629 1621 locorum.
2662 1567 2863 1623 Eadem
2896 1568 3106 1623 ratione
3130 1578 3182 1623 et
3208 1569 3502 1623 Clementis

1933 1653 2305 1724 Alexandrini,
2362 1667 2415 1712 et
2460 1659 2628 1713 mults
2683 1659 2933 1730 Origenis
2974 1675 3162 1731 Opera,
3201 1662 3341 1715 inter
3370 1677 3501 1731 apo-

1934 1746 2138 1815 crypha
2172 1747 2342 1802 relata
2385 1760 2533 1802 sunt.
2576 1748 2761 1820 Neque
2802 1760 2982 1805 tamen
3014 1768 3254 1820 unquam
3285 1751 3502 1806 dubita-

1932 1848 2048 1893 tum
2080 1838 2182 1893 fuit
2208 1840 2339 1909 quin
2371 1843 2606 1910 genuina
2650 1852 2833 1898 essent
2860 1843 2946 1896 illa
2980 1858 3166 1912 opera.
3217 1842 3283 1897 Et
3317 1854 3497 1898 certe:

1932 1929 1979 1983 si
2036 1930 2218 1984 omnia
2259 1947 2379 2001 qua:
2431 1932 2723 2002 aliquando
2770 1933 2909 1988 inter
2959 1934 3269 2004 apocrypha
3317 1934 3499 1987 habita

1935 2019 2043 2073 sint
2082 2020 2308 2089 rejicere
2366 2022 2618 2089 velimus,
2667 2022 2964 2093 rejicienda
2998 2039 3216 2094 quoque
3253 2034 3397 2078 esset
3432 2023 3495 2079 D.

1931 2112 2085 2167 Pauli
2109 2112 2175 2166 ad
2205 2112 2461 2167 Hebraeos
2486 2112 2747 2183 Epistola,
2780 2116 2906 2169 item
2935 2114 3085 2169 Judae
3116 2116 3342 2184 apostoli
3375 2114 3501 2185 Epi-

1932 2199 2089 2265 stola,
2137 2208 2189 2254 et
2220 2199 2308 2253 illa
2340 2198 2635 2256 Clementis
2673 2203 2738 2256 ad
2771 2203 3106 2257 Corinthios.
3138 2203 3292 2269 Quod
3334 2219 3497 2273 quam

1929 2290 2227 2348 absurdum
2254 2293 2345 2357 sit,
2378 2292 2502 2363 quis
2534 2305 2617 2347 est
2639 2295 2733 2363 qui
2765 2309 2872 2349 non
2912 2295 3110 2349 videat.

2000 2380 2103 2433 Alii
2132 2395 2199 2434 ex
2226 2382 2363 2451 stylo
2388 2390 2441 2436 et
2473 2382 2787 2451 scriptionis
2822 2399 3017 2453 genere
3048 2385 3335 2451 dixerunt,
3380 2401 3500 2441 sese

1929 2470 2331 2541 deprehendere
2352 2472 2634 2541 epistolam
2660 2474 2798 2527 hanc
2821 2490 2943 2529 esse
2967 2477 3227 2544 spuriam.
3252 2475 3326 2531 De
3348 2475 3501 2547 lgna-

1930 2564 2247 2634 tiiepistolis
2275 2564 2413 2619 idem
2433 2565 2797 2620 affirmabant.
2815 2564 2917 2620 Sed
2947 2568 3171 2621 nimium
3199 2584 3329 2624 sane
3356 2577 3500 2629 acuti

1929 2658 2115 2712 volunt
2139 2657 2344 2725 videri,
2371 2658 2465 2728 qui
2505 2659 2630 2713 talia
2665 2658 2893 2729 jactant.
2939 2657 3056 2713 Non
3105 2660 3179 2713 ita
3221 2660 3379 2715 facile
3418 2671 3502 2716 est

1930 2751 2115 2820 spuria
2150 2751 2349 2820 scripta
2373 2766 2405 2804 a
2438 2750 2689 2821 genuinis
2711 2751 3079 2821 distinguere,
3108 2767 3271 2822 quam
3304 2754 3374 2807 sit
3402 2768 3499 2807 na-

1930 2844 2068 2897 tivas
2096 2858 2339 2910 gemmas
2370 2842 2691 2910 dignoscere
2717 2842 2784 2895 ab
2806 2843 3150 2897 adulterinis.
3181 2842 3317 2897 Cum
3350 2844 3495 2898 enim

1928 2936 2041 2988 veri
2072 2934 2239 3003 lapilli
2265 2949 2387 2986 cum
2418 2933 2624 2987 tictitiis
2650 2933 3065 2987 committuntur
3088 2943 3141 2988 et
3171 2949 3497 3004 comparan-

1928 3035 2037 3091 tur,
2072 3033 2185 3078 tum
2222 3033 2281 3077 ut
2312 3024 2606 3093 plurimum
2648 3024 2807 3079 fucus
2839 3034 3062 3094 apparet
3100 3048 3110 3080 :
3145 3026 3220 3080 ita
3259 3043 3497 3096 purpura

259 3131 350 3187 bis
394 3131 540 3184 dedit
571 3131 657 3183 vir
685 3129 957 3184 maximus
985 3128 1255 3183 Patricius
1282 3128 1498 3194 Junius,
1544 3129 1826 3183 bibliothe-

1934 3117 1998 3169 ad
2028 3131 2322 3186 purpuram
2364 3116 2717 3186 dijudicatur,
2764 3116 2836 3169 ita
2874 3124 2929 3170 et
2969 3117 3021 3170 in
3057 3116 3181 3171 aliis
3224 3118 3499 3173 mercibus
3539 3144 3542 3148 λ

259 3223 447 3279 carius
476 3222 657 3293 regius
701 3223 809 3293 (cui
857 3238 957 3291 ego
998 3231 1207 3276 tantum
1249 3222 1439 3284 debeo,
1489 3232 1546 3275 ut
1576 3222 1729 3290 plura
1775 3221 1825 3275 ei

260 3316 459 3371 debere
526 3331 632 3370 non
693 3315 967 3386 possim),
1033 3314 1232 3368 similia
1291 3313 1637 3367 occurrunt?
1692 3310 1826 3378 Quis

259 3408 407 3463 enim
435 3408 577 3463 bono
606 3409 788 3463 animo
816 3414 1167 3478 concoquere,
1183 3406 1355 3476 possit
1382 3406 1629 3461 fabellam
1655 3406 1823 3475 illam,

261 3515 430 3568 quam
480 3500 547 3554 de
598 3501 849 3569 phtenice
891 3509 1098 3566 narrat,
1146 3499 1320 3569 deque
1378 3498 1627 3568 pluribus
1684 3498 1826 3552 ultra

261 3590 540 3645 Oceanum
570 3592 822 3646 mundis?
851 3589 966 3645 Non
994 3600 1124 3659 puto
1142 3590 1304 3645 etiam
1333 3604 1661 3659 quemquam
1690 3587 1827 3641 velle

260 3681 547 3735 admittere
568 3682 957 3751 expositionem
977 3683 1160 3745 istam,
1184 3688 1243 3733 ut
1265 3680 1487 3733 linteum
1513 3677 1825 3733 coccineum

260 3768 417 3823 Raab
456 3771 779 3838 meretricis,
827 3772 1041 3843 signum
1087 3770 1250 3825 fuerit
1288 3768 1571 3839 sanguinis
1599 3766 1827 3831 Christi,

260 3869 323 3914 et
352 3861 455 3914 alia
486 3862 730 3931 quaedam
771 3861 822 3917 id
874 3878 1065 3932 genus,
1106 3876 1227 3930 quae
1274 3874 1381 3913 non
1416 3866 1500 3912 est
1530 3857 1693 3926 hujus
1724 3855 1828 3909 loci

261 3949 493 4005 referre.
528 3953 688 4022 Atqui
714 3961 891 4006 tamen
923 3953 1023 4006 iste
1048 3952 1319 4015 Clemens,
1366 3949 1482 4019 pari
1510 3949 1635 4018 jure
1661 3956 1823 4016 atque

259 4042 571 4111 Barnabas,
614 4045 793 4100 dictus
820 4054 901 4100 est
931 4044 1230 4113 apostolus.
1268 4043 1383 4097 Non
1413 4042 1614 4097 debent
1642 4040 1827 4109 itaque

1931 3209 2007 3263 fit.
2041 3208 2142 3263 Sed
2180 3209 2306 3278 quid
2340 3220 2455 3273 est,
2494 3209 2634 3263 unde
2666 3208 2791 3275 isti,
2819 3209 2911 3278 qui
2964 3217 3197 3279 negant,
3243 3210 3499 3279 epistolas

1933 3303 2033 3357 has
2055 3317 2175 3357 esse
2212 3301 2500 3365 Barnabas,
2534 3309 2588 3354 et
2632 3298 2822 3369 Ignatii
2844 3341 2858 3367 ,
2902 3300 3082 3356 istboc
3119 3300 3369 3371 colligere
3400 3318 3500 3371 po-

1933 3396 2135 3451 tuerint
2161 3392 2453 3463 ?Nunquid
2487 3393 2592 3447 alia
2619 3407 2808 3446 eorum
2842 3392 3043 3461 scripta
3067 3392 3353 3447 viderunt?
3379 3388 3498 3447 Non

1934 3496 2098 3543 certe.
2124 3484 2279 3541 Unde
2305 3501 2434 3554 ergo
2469 3484 2537 3537 iis
2582 3482 2856 3548 innotuit,
2906 3498 3016 3551 quo
3057 3483 3196 3554 stylo
3252 3483 3337 3538 usi
3388 3483 3502 3538 sint

1934 3576 2210 3631 Barnabas
2270 3584 2323 3629 et
2355 3574 2629 3644 lgnatius?
2681 3574 2751 3626 At
2791 3574 3046 3642 inquiunt
3073 3574 3159 3628 isti
3203 3590 3321 3629 sese
3352 3575 3500 3629 nihi-

1934 3668 2172 3723 lominus
2216 3668 2356 3722 scire
2393 3682 2518 3719 vera
2550 3680 2704 3731 esse,
2743 3680 2864 3733 quae
2891 3666 3145 3720 sentiant.
3180 3665 3235 3719 Si
3268 3668 3341 3720 ita
3383 3675 3495 3733 est,

1923 3761 2040 3831 jam
2070 3759 2295 3814 verbum
2328 3774 2436 3812 non
2483 3757 2699 3811 addam.
2736 3755 3061 3825 Pergamus,
3090 3765 3143 3810 et
3178 3757 3494 3825 videamus,

1930 3852 2124 3921 ecquid
2149 3866 2328 3922 Operae
2350 3849 2580 3919 pretium
2609 3848 2771 3904 interit
2800 3849 2865 3903 ad
2897 3849 3038 3904 hanc
3070 3848 3363 3918 Epistolam
3395 3848 3499 3905 ad-

1932 3954 2173 4000 notasse.

257 4190 3470 4218 Μ

1778 4276 1943 4367 IV.

1016 4462 1129 4542 (Ex
1163 4462 1533 4542 prmfatione
1572 4457 1892 4522 Editionis
1923 4452 2320 4518 Oxoniensis
2348 4452 2498 4513 anni
2534 4443 2738 4523 1680).

331 4606 465 4661 Cum
489 4607 543 4661 in
568 4608 795 4661 editione
827 4606 1155 4680 Scriptorum
1186 4622 1412 4664 veterum
1442 4611 1825 4665 ecclesiastico-

1930 4605 2089 4660 theol.
2116 4604 2320 4671 doctor,
2348 4604 2752 4657 etastronomia:
2785 4600 3050 4671 professor
3074 4596 3375 4653 Saviliauus
3394 4598 3507 4650 red-

257 4717 377 4752 rum
407 4716 656 4767 versarer,
693 4704 964 4770 prwterire
992 4720 1091 4757 non
1122 4704 1272 4759 licuit
1306 4702 1365 4758 S.
1402 4702 1665 4757 Barnabte
1695 4700 1826 4772 Epi-

255 4794 483 4859 stolam,
526 4796 786 4864 primaeva:
818 4797 1187 4866 antiquitatis,
1225 4799 1520 4867 argumenti
1562 4799 1739 4864 sacri,
1772 4803 1821 4850 et

258 4888 491 4940 auctoris
525 4888 681 4956 (quod
714 4890 951 4959 praefert)
991 4891 1198 4945 nomine
1233 4891 1431 4959 pariter
1459 4890 1632 4953 sacri,
1672 4906 1817 4943 com-

253 4980 727 5035 mendatissimam.
756 4981 886 5036 Haec
920 4991 1198 5051 postquam
1233 5000 1324 5051 per
1363 4964 1593 5052 plurima
1621 4982 1816 5036 swcula

254 5068 309 5121 in
343 5067 774 5122 bibliothecarum
811 5070 1000 5138 pluteis
1044 5071 1366 5136 delituisset,
1402 5071 1813 5125 reverendissimi

256 5156 492 5222 Usserii,
548 5160 868 5215 Armachani
906 5163 1185 5231 primatis,
1238 5163 1414 5216 studio
1468 5174 1515 5216 et
1564 5164 1816 5233 auspiciis

250 5250 399 5317 prelo
430 5248 526 5301 hoc
559 5250 613 5302 in
641 5250 754 5304 loco
790 5252 1169 5321 subjiciebatur
1197 5269 1286 5307 an.
1332 5251 1492 5306 1645.
1533 5251 1635 5306 Sed
1668 5254 1812 5307 urbis

253 5337 481 5395 Omnia:
519 5348 665 5409 parte
705 5357 897 5410 magna
923 5341 1070 5411 gravi
1099 5341 1337 5395 incendio
1366 5352 1634 5412 correpta,
1667 5355 1814 5413 typo-

248 5431 571 5501 grapheum,
610 5448 724 5484 cum
760 5442 869 5485 tota
896 5432 1247 5501 supellectile,
1279 5434 1480 5487 schedis
1509 5417 1774 5503 impressis
1795 5474 1812 5495 .

247 5536 299 5576 et
335 5524 626 5593 exemplari
651 5527 762 5594 ipso
783 5567 796 5589 ,
826 5527 1190 5595 conﬂagravit,
1231 5526 1308 5578 ita
1348 5537 1403 5579 ut
1441 5543 1505 5578 ea:
1531 5526 1677 5578 clade
1712 5526 1814 5579 ista

251 5615 388 5668 nihil
417 5624 738 5683 superesset,
769 5625 957 5684 prteter
985 5617 1206 5686 paginas
1245 5616 1555 5680 nonnullas,
1584 5632 1699 5687 quae
1728 5633 1813 5684 pe-

253 5726 342 5763 nes
374 5718 749 5774 correctorem,
780 5718 1033 5777 quantum
1066 5708 1318 5777 conjicere
1345 5708 1524 5773 datur,
1564 5711 1770 5777 fuerant
1796 5726 1812 5772 ;

255 5816 487 5872 quasque
531 5800 609 5854 vir
643 5802 1026 5857 eruditissimus
1060 5800 1344 5856 Eduard?ﬂ
1374 5801 1675 5857 Bernardus
1710 5803 1809 5857 SS.

1927 4704 2091 4768 emit,
2162 4700 2389 4769 mihique
2421 4698 2633 4768 benigne
2674 4693 3095 4750 communicavit.
3144 4691 3310 4746 Paulo
3341 4702 3493 4762 post,

1922 4813 2100 4866 nempe
2123 4812 2260 4849 anno
2286 4794 2457 4857 1645,
2486 4810 2616 4863 opus
2646 4792 2710 4846 ab
2741 4792 2961 4862 Hugone
2992 4790 3045 4842 Μ
3050 4790 3245 4844 enardo
3265 4831 3280 4855 ,
3309 4804 3494 4841 mona-

1928 4886 2026 4940 cho
2052 4885 2466 4956 congregationis
2496 4883 2555 4938 S.
2582 4883 2789 4949 Mauri,
2820 4880 3249 4936 adnotationibus
3271 4879 3493 4933 eruditis

1915 4978 2276 5044 illustratum,
2296 4994 2423 5031 cura
2445 4977 2730 5047 confratris
2754 4975 2909 5029 Luca:
2932 4975 3177 5029 Dacherii
3198 5017 3212 5041 ,
3239 4972 3491 5027 Menarda

1921 5082 2089 5124 morte
2130 5079 2416 5139 praerepto,
2472 5070 2528 5122 in
2572 5068 2740 5122 lucem
2785 5067 3014 5121 Parisiis
3054 5066 3271 5136 prodiit.
3322 5062 3490 5117 Porro

1920 5179 2008 5216 an.
2043 5161 2178 5215 lii/l6
2203 5160 2596 5213 illustrissimus
2623 5158 2688 5213 D.
2725 5157 2946 5212 Isaacus
2986 5158 3231 5223 Vossius,
3256 5155 3491 5209 luculen—

1919 5255 2139 5309 tissima:
2175 5253 2287 5323 ejus
2318 5252 2684 5323 Epistolarum
2722 5250 2779 5305 S.
2814 5250 3016 5320 Ignatii
3044 5249 3261 5303 editioni
3293 5247 3490 5316 episto-

1917 5346 2026 5399 lam
2052 5348 2185 5399 hanc
2208 5344 2454 5415 adjun-Iit
2470 5358 2489 5407 ;
2516 5354 2561 5397 et
2589 5351 2737 5396 notas
2759 5383 2772 5403 ,
2800 5339 2972 5395 breves
2994 5340 3229 5410 quidem,
3256 5339 3344 5393 sed
3369 5355 3489 5392 eru-

1916 5438 2057 5489 ditas
2084 5436 2310 5488 addidit.
2329 5434 2549 5488 Demum
2567 5450 2655 5487 an.
2674 5428 2983 5485 ἱϐῚΞῙοαη.
3012 5427 3483 5496 Bapt.Cotelerius,

1916 5531 2190 5586 Societatis
2214 5529 2513 5584 Sorbonicaz
2536 5528 2835 5597 theologus,
2875 5521 3211 5579 Bibliotheca
3239 5539 3348 5578 sua:
3384 5519 3481 5578 SS.

1920 5620 2143 5674 Patrum
2174 5623 2263 5692 qui
2296 5622 2614 5691 temporibus
2648 5618 2953 5690 apostolicis
2985 5617 3276 5686 ﬂoruerunt
3299 5658 3313 5681 ,
3354 5616 3483 5687 Epi-

1918 5714 2107 5768 stolam
2139 5715 2271 5768 hanc
2294 5716 2546 5781 inseruit,
2571 5714 2953 5782 versionemque
2977 5727 3161 5767 noram
3184 5710 3481 5777 adornavit,

1920 5810 2166 5866 notasque
2196 5806 2591 5865 laudatissimas
2616 5807 2874 5876 apposuit.
