4066 6330
638 318 740 375 667

1759 318 1818 377 s.
1863 316 2227 374 BARNABAS
2246 314 2251 385 ς
2270 310 2695 369 APOSTOLUS.
3712 318 3794 374 εδδ

712 437 844 501 Qua
903 436 967 490 de
1022 452 1173 505 opere
1216 438 1330 507 ipso
1377 437 1603 493 dicenda
1641 448 1953 510 supersunt,
1997 449 2052 493 ut
2102 438 2201 493 viri
2230 442 2277 498 Α
2303 433 2461 487 stolas
2487 448 2609 486 suos
2642 430 2878 501 elegisset
2904 427 3096 496 Iesus,
3121 427 3378 500 quierant
3400 428 3535 483 omni
3561 428 3795 500 iniquitate

638 527 814 595 magni
858 528 1120 581 memoria:
1155 528 1301 581 litem
1322 569 1336 592 ,
1370 530 1536 582 verbis
1576 530 1925 584 illustrissimi
1956 530 2196 599 primatis

636 616 879 685 prazdicti
896 657 911 681 ,
942 634 1058 687 quae
1092 619 1335 686 ﬂammas
1361 632 1662 686 evaserant,
1688 621 1951 675 exhibebo.

634 760 815 799 JACOBI
848 762 1150 801 ARMACIIANI
1172 763 1237 800 DE
1267 764 1515 802 ΒΛΒΝΛΒΑΞ
1552 765 1806 804 ειιιετοω
1834 765 2191 804 ΡΒΕΜΟΝΙΤΙΟ.

713 879 730 910 ι
754 859 1039 931 Polycarpi
1067 862 1132 915 ad
1154 860 1525 931 Philippenses
1552 862 1867 931 Epistolam,
1894 864 2046 932 longe
2068 880 2195 933 pro-

636 952 884 1007 lixiorem
929 953 1018 1006 illa
1066 969 1186 1023 qum
1234 954 1462 1007 habetur
1505 959 1647 1025 typis
1674 970 1903 1019 excusa,
1952 955 2091 1023 apud
2138 970 2195 1009 se

635 1042 821 1097 Graece
876 1042 1133 1112 scriptam
1175 1044 1477 1108 exstitisse,
1531 1044 1807 1097 Baronio'
1852 1053 2195 1112 persuaserat

634 1130 958 1187 Franciscus
1010 1131 1345 1198 Turrianus,
1390 1131 1674 1188 Soeietatis
1727 1133 1852 1188 lesu
1892 1135 2188 1204 presbyter.

635 1222 740 1277 Sed
787 1224 1076 1293 exemplari
1122 1222 1266 1278 illius
1308 1224 1621 1294 diligentius
1668 1224 1942 1293 inspecto,
1986 1232 2189 1292 partem

633 1313 803 1382 ipsius
834 1316 1124 1368 maximam
1156 1315 1221 1369 ad
1249 1314 1532 1383 epistolam
1556 1356 1571 1379 ,
1616 1331 1735 1385 qua:
1766 1315 2025 1369 Barnaba:
2062 1330 2191 1385 apo-

631 1404 751 1458 stoli
782 1404 1055 1459 ferebatur
1078 1405 1206 1459 olim
1239 1406 1455 1459 nomine
1476 1447 1490 1471 ,
1516 1406 1866 1474 pertinuisse,
1891 1406 2188 1474 deprehen-

629 1494 709 1548 dit
736 1504 922 1563 postea
957 1493 1192 1549 Jacobus
1233 1494 1587 1560 Sirmondus,
1618 1496 1858 1564 ejusdem
1905 1495 2189 1551 Societatis

629 1584 931 1656 theologus.
980 1585 1165 1657 Neque
1204 1587 1358 1642 aliter
1407 1588 1698 1654 habuisse,
1730 1588 1812 1641 vel
1853 1588 2189 1643 bibliotheca:

630 1675 934 1744 Vaticana,
960 1680 1043 1733 vel
1072 1680 1361 1734 eardinalis
1402 1680 1696 1734 Columnzei
1726 1679 1943 1735 codices
1962 1719 1977 1744 ,
2000 1687 2185 1733 osten—

627 1765 708 1820 dit
735 1765 923 1823 Petrus
952 1767 1252 1824 Halloixius
1271 1770 1312 1835 ³,
1347 1779 1400 1822 et
1430 1771 1542 1840 ipse
1573 1770 1791 1839 jesuita.

703 1897 723 1933 ι
746 1878 946 1952 Nempe
973 1882 1026 1936 in
1051 1883 1226 1953 primo
1250 1885 1580 1954 exemplari,
1612 1899 1677 1938 ex
1707 1898 1816 1954 quo
1845 1884 2188 1939 Columnzeus

628 1971 719 2027 ille
760 1972 928 2027 codex
965 1974 1082 2043 (qui
1118 1976 1359 2029 omnium
1400 1984 1620 2044 putatur
1660 1976 2098 2045 antiquissimus)
2137 1985 2189 2031 et

626 2064 819 2134 reliqui
845 2065 937 2134 qui
968 2075 1259 2135 supersunt
1283 2066 1443 2121 hodie
1476 2076 1602 2122 sunt
1628 2068 1881 2137 descripti
1900 2108 1914 2133 ,
1940 2067 2189 2122 librario-

625 2170 746 2209 rum
783 2156 914 2210 vitio
959 2158 1240 2226 quaternio
1291 2158 1373 2212 vel
1414 2160 1651 2213 omissus
1694 2158 1777 2211 vel
1830 2159 2187 2229 trauspositus

623 2254 709 2300 est
736 2263 750 2300 :
783 2247 940 2316 cujus
965 2246 1173 2303 delectu
1214 2249 1417 2303 factum
1448 2259 1532 2303 est
1552 2290 1565 2313 ,
1596 2258 1657 2304 ut
1687 2250 1737 2303 in
1768 2248 1971 2305 Graecis
1996 2265 2187 2319 super-

625 2339 843 2395 stitibus
873 2350 926 2394 et
955 2340 1115 2395 linem
1142 2342 1383 2412 epistola:
1412 2340 1695 2412 Polycarpi
1722 2340 2112 2408 desideremus,
2133 2350 2186 2397 et

623 2428 951 2499 principium
984 2430 1264 2489 Barnabte.

699 2538 719 2572 ι
748 2519 882 2575 Nam
911 2523 1064 2592 longe
1090 2526 1488 2595 antiquioribus
1517 2526 1679 2581 etiam
1706 2527 2059 2595 temporibus,
2076 2540 2185 2580 non

624 2610 813 2683 lgnatii
845 2615 1019 2669 solum
1048 2616 1253 2672 litteras
1282 2617 1409 2672 huic
1437 2616 1720 2688 Polycarpi
1744 2615 1999 2685 Epistolas
2022 2615 2185 2685 (quod

622 2719 689 2758 ex
729 2704 835 2759 line
872 2706 1040 2775 ipsius
1088 2708 1277 2777 liquet)
1330 2708 1601 2777 subjectas
1637 2707 1839 2771 fuisse,
1884 2706 1978 2760 sed
2023 2706 2185 2759 simul

622 2809 745 2848 cum
782 2795 862 2851 eis
885 2806 934 2851 et
960 2797 1117 2851 istam
1150 2796 1410 2851 Barnabas
1435 2815 1448 2850 :
1474 2813 1539 2851 ex
1564 2796 1654 2849 illo
1684 2794 1997 2865 Hieronymi
2041 2794 2181 2859 loco,

622 2884 677 2938 in
702 2886 840 2941 libro
883 2904 944 2942 ιιι
990 2886 1234 2943 adversus
1278 2889 1618 2960 Pelagianos,
1646 2886 1953 2941 blandiente
2000 2886 2186 2956 conje-

622 2985 806 3040 ctura,
845 2989 904 3032 ut
934 2980 1238 3044 crederem,
1272 2980 1675 3049 peneinductus
1705 2993 1824 3032 sum
1857 2996 1870 3031 :
1903 2961 2144 3049 Ignatius
2166 3017 2179 3041 ,

620 3072 702 3125 tir
738 3072 1053 3139 apostolicus
1099 3082 1147 3125 et
1190 3080 1411 3141 martyr,
1447 3071 1627 3124 scribit
1673 3069 1924 3123 audacter
1955 3084 1973 3123 :
2012 3069 2185 3139 Elegit

2294 525 2598 594 iniquiores.
2626 521 2726 575 Ubi
2750 520 3076 575 Catholicam
3106 521 3245 576 hanc
3271 521 3499 591 appellat
3521 522 3765 591 epistolam
3782 567 3793 589 ,

2296 616 2437 686 quod
2486 615 2617 668 nulli
2665 613 2977 683 particulari
3030 613 3111 668 vel
3166 628 3433 683 personat,
3473 613 3548 667 vel
3588 613 3796 670 Ecclesia:

2297 707 2554 774 inscripta
2601 720 2663 759 ea
2719 713 2903 770 esset,
2961 704 3055 758 sed
3104 702 3530 757 Christianorum
3576 701 3796 771 fratrum,

2294 796 2607 863 ubicunque
2632 792 2941 863 degentium
2964 833 2978 856 ,
3010 792 3107 862 ipsi
3133 792 3488 845 universitati.
3513 789 3675 861 Neque
3693 808 3797 847 vero

2294 888 2600 954 mirabitur,
2652 885 2841 957 Ignatii
2908 889 3127 940 nomine
3180 886 3495 953 productum
3548 883 3695 939 fuisse
3744 887 3798 943 ab

2294 977 2639 1049 Hieronymo,
2664 977 2805 1047 quod
2828 986 2944 1030 erat
2965 976 3222 1030 Barnaba:
3248 993 3262 1041 ;
3292 975 3383 1044 qui
3408 973 3650 1029 Barnabm
3668 977 3798 1031 etiam

2294 1071 2449 1125 titulo
2505 1086 2534 1124 a
2580 1069 2854 1124 Clemente
2884 1068 3249 1121 Alexandrino
3293 1065 3563 1119 laudatum
3597 1067 3799 1131 animad-

2291 1163 2545 1229 verterit,
2578 1163 2723 1233 quod
2763 1162 3008 1216 Romano
3059 1160 3327 1215 Clementi
3368 1158 3538 1213 fuerat
3565 1159 3800 1213 ascriben-

2289 1255 2438 1310 dum.
2466 1253 2514 1309 ls
2535 1254 2679 1309 enim
2712 1253 2874 1307 citato
2902 1254 3019 1308 loco
3068 1252 3263 1322 psalmi
3316 1251 3543 1321 (Aperite
3568 1250 3681 1301 mihi
3707 1267 3801 1318 por-

2291 1355 2371 1398 tas
2401 1344 2662 1412 justitiaz,
2702 1345 2753 1396 in
2789 1346 2929 1411 ipsas
2975 1345 3234 1412 ingressus
3275 1340 3556 1409 conﬁtebor
3589 1339 3801 1404 Domino;

2288 1434 2396 1489 htec
2430 1443 2505 1487 est
2548 1444 2701 1504 porta
2742 1434 2988 1500 Domini,
3013 1434 3148 1503 justi
3196 1431 3495 1486 transibunt
3526 1448 3609 1501 per
3635 1448 3732 1483 eam
3751 1432 3800 1499 ⁸),

2287 1526 2562 1594 prophetae
2584 1526 2785 1579 dictum
2812 1526 2913 1580 hoc
2934 1541 2964 1580 a
2988 1525 3233 1579 Barnaba
3254 1524 3336 1579 sic
3356 1523 3647 1593 expositum
3669 1521 3803 1578 fuisse

2286 1614 2393 1669 ait:
2422 1613 2634 1668 Πολλῶν
2688 1614 2868 1668 πυλῶν
2913 1615 3251 1686 ἀνεῳγυιᾶΝ,
3301 1616 3335 1685 ἡ
3379 1611 3503 1685 [ὲν]
3540 1612 3804 1685 δικαιοσύνῃ

2288 1702 2425 1776 αὕτη
2480 1705 2630 1759 ἐστὶν
2658 1708 2690 1776 ἡ
2742 1707 2798 1761 ἐν
2826 1706 3074 1778 Χριστῷ,
3109 1699 3225 1779 ὲνῇ
3262 1706 3515 1777 μακάριοι
3557 1706 3730 1768 πάντες
3765 1705 3802 1755 οἱ

2218 1814 2259 1869 Β
2287 1795 2627 1860 εἰσελθόντες.
2673 1796 2806 1851 Cum
2851 1798 3030 1852 multa:
3079 1808 3243 1867 porta:
3293 1799 3401 1852 sint
3462 1806 3673 1867 apertis;
3713 1813 3804 1866 qua:

2285 1888 2644 1957 estjustitite,
2681 1905 2743 1942 ea
2775 1898 2850 1943 est
2882 1890 2936 1943 in
2979 1890 3188 1945 Christo
3216 1904 3234 1942 :
3270 1907 3329 1942 in
3361 1906 3511 1959 quam
3556 1889 3679 1941 beati
3708 1897 3802 1941 sunt

2286 1993 2459 2031 omnes
2500 1982 2589 2049 qui
2632 1989 2752 2033 sunt
2785 1981 3025 2050 ingressi.
3066 1980 3195 2046 Quae
3229 1981 3449 2051 quidem
3471 2020 3485 2047 ,
3514 1980 3563 2033 in
3602 1979 3804 2033 Barnaba

2287 2058 2490 2121 frustra
2539 2067 2800 2137 quaesita,
2857 2069 2911 2121 in
2964 2070 3144 2137 priore
3184 2069 3481 2125 Clementis
3530 2067 3804 2139 Epistola(a

2284 2156 2600 2212 doctissimo
2622 2157 2856 2214 Patricio
2876 2158 3039 2215 Junio
3067 2177 3174 2215 non
3203 2160 3277 2215 ita
3302 2161 3506 2232 pridem
3532 2161 3681 2231 edita)
3705 2161 3807 2215 toti-

2284 2245 2406 2301 dem
2436 2246 2613 2302 verbis
2642 2262 2895 2317 espressa
2925 2250 3254 2305 invenimus.

2366 2354 2387 2388 s
2417 2335 2586 2392 Porro
2614 2337 2749 2391 duas
2782 2338 2944 2393 hasce
2981 2338 3328 2408 imperfectas
3351 2337 3619 2410 Polycarpi
3641 2347 3687 2392 et
3704 2336 3807 2391 Bar-

2284 2431 2439 2486 nabze
2468 2431 2683 2488 Grzecas
2712 2435 2967 2503 epistolas
2987 2476 3002 2503 ,
3037 2450 3102 2490 ex
3134 2436 3367 2491 Andreae
3396 2436 3594 2491 Schotti
3617 2451 3803 2506 apograo

2285 2522 2392 2591 pho
2422 2538 2520 2578 sua
2563 2540 2725 2579 manu
2768 2526 3067 2595 descriptas
3098 2527 3181 2580 vir
3220 2528 3560 2603 clarissimus
3587 2529 3805 2582 Claudius

2287 2612 2617 2681 Salmasius,
2648 2632 2755 2671 una
2794 2625 2920 2672 cum
2949 2619 3171 2688 antiqua
3210 2618 3404 2675 Latina
3432 2620 3673 2676 Barnabae
3707 2634 3805 2673 ver-

2285 2706 2438 2762 sione
2463 2749 2477 2773 ,
2518 2723 2584 2762 ex
2605 2718 2785 2764 vetere
2822 2708 3165 2768 Corbeiensis
3208 2713 3549 2769 bibliotheca:
3588 2713 3746 2767 codice
3783 2727 3806 2764 a

2284 2796 2495 2852 Joanne
2523 2797 2787 2853 Cordesio
2812 2800 3079 2870 exscripta
3104 2843 3117 2867 ,
3148 2800 3339 2857 lsaaco
3369 2802 3586 2869 Vossio,
3608 2801 3805 2856 celeber-

2285 2888 2409 2941 rimi
2457 2889 2602 2945 illius
2636 2890 2860 2945 Gerardi
2900 2891 3010 2945 lilio
3033 2934 3047 2957 ,
3080 2908 3309 2947 summae
3342 2894 3452 2964 spei
3487 2894 3690 2963 juveni,
3716 2902 3805 2945 tra-

2286 2980 2463 3037 didit:
2525 2998 2688 3052 quam
2733 2999 2855 3037 cum
2903 2984 3088 3039 Graeco
3134 2983 3397 3041 Barnabae
3434 2995 3576 3041 textu
3618 2985 3807 3054 conjun-

2286 3081 2460 3139 ctam,
2512 3075 2705 3129 additis
2748 3075 2908 3129 etiam
2934 3076 3160 3131 eruditis
3197 3078 3461 3145 notis,ad
3504 3078 3691 3147 prelum
3733 3073 3801 3126 ille

620 3160 877 3215 Dominus
907 3162 1167 3231 apostolos
1188 3202 1201 3225 ,
1229 3162 1318 3232 qui
1352 3177 1506 3229 super
1533 3176 1707 3213 omnes
1737 3160 1968 3213 homines
2002 3177 2184 3230 pecca-
2210 3154 2253 3215 C
2284 3167 2583 3237 apparavit.
2611 3163 2681 3220 Ut
2715 3166 2875 3236 igitur
2917 3167 2969 3220 in
3008 3166 3250 3239 Syllogcs
3285 3168 3451 3239 hujus
3483 3168 3658 3232 initio,
3686 3164 3806 3219 Crte-

622 3263 757 3306 tores
805 3263 976 3306 erant.
1027 3250 1097 3307 Ut
1151 3253 1295 3306 cnim
1341 3254 1391 3306 in
1442 3253 1741 3321 posteriore
1784 3251 2184 3321 lgnatianarum

620 3343 985 3413 Epistolarum
1012 3345 1328 3399 collectione
1348 3386 1361 3410 ,
1381 3360 1505 3398 cum
1543 3345 1764 3413 reliquis
1786 3345 2019 3413 praeﬁxa:
2048 3343 2185 3399 fuis-

621 3445 743 3492 sent
787 3435 969 3491 Marize
1005 3436 1347 3490 Castabalum
1385 3436 1603 3490 nomine
1650 3438 1920 3507 inscriptae
1961 3438 2183 3504 litterae,

620 3545 714 3585 eas
737 3529 901 3583 etiam
935 3530 1106 3599 ipsius
1137 3528 1326 3597 lgnatii
1360 3530 1618 3599 inscripto
1650 3530 1837 3597 titulo,
1879 3530 1932 3583 in
1965 3530 2184 3584 Antonii

621 3622 884 3677 Melissa‘
938 3623 1227 3692 productas
1297 3623 1466 3678 fuisse
1514 3623 1995 3677 animadvertimus
2044 3640 2055 3675 :
2112 3622 2184 3675 ita

620 3717 783 3772 etiam
814 3717 867 3771 in
904 3718 1081 3787 priore
1117 3718 1238 3783 illa,
1264 3733 1386 3771 cum
1420 3717 1559 3771 inter
1592 3715 1873 3787 Polycarpi
1910 3725 1962 3769 et
1996 3714 2184 3785 Ignatii

620 3810 794 3865 eidem
823 3809 1140 3879 subjunctas
1169 3810 1423 3879 epistolas
1442 3852 1456 3876 ,
1482 3808 1644 3863 etiam
1683 3809 1773 3861 illa
1815 3807 2075 3861 Barnabas
2104 3808 2185 3860 in-

623 3901 883 3969 terposita
947 3901 1254 3970 legeretur;
1312 3917 1416 3953 non
1474 3900 1672 3953 mirum
1730 3900 1775 3952 si
1829 3900 2183 3969 ἁμαρτήματι

624 3991 935 4062 μνημονικῴ
971 3991 1280 4057 consimili,
1328 3999 1380 4043 et
1431 3990 1618 4044 eodem
1667 3988 1825 4043 modo
1852 3987 2181 4053 cxcusabili,

620 4082 808 4153 lgnatii
840 4084 1058 4138 nomine
1089 4084 1333 4137 citaverit
1370 4082 1764 4153 Hieronymus,
1795 4082 1939 4150 quod
1969 4080 2182 4150 pr0prie

620 4186 736 4229 erat
764 4175 1106 4230 tribuendum
1137 4174 1413 4228 Barnabas.

697 4284 716 4318 ι
741 4266 798 4319 In
833 4283 895 4321 ea
924 4267 1068 4319 enim
1088 4305 1103 4331 ,
1126 4282 1288 4334 quam
1329 4281 1471 4319 nunc
1497 4266 1720 4331 damus,
1752 4263 1897 4318 illius
1917 4262 2180 4332 Epistola,

622 4360 888 4415 sententia
933 4359 1047 4415 haec
1075 4368 1285 4428 reperta
1318 4358 1598 4419 est:'l‘ob;
1646 4356 1805 4419 ἰδίους
1860 4356 2183 4419 ἀποστόλους

2288 3270 2411 3309 cum
2458 3254 2811 3326 Polycarpum
2832 3297 2848 3322 ,
2878 3258 3176 3326 posteriore
3223 3259 3309 3312 sui
3355 3267 3505 3329 parte
3534 3274 3594 3312 ex
3624 3255 3805 3324 antiqua

2290 3347 2540 3403 versione
2577 3346 2766 3401 Latina
2800 3348 3103 3417 suppletum
3126 3390 3141 3415 ,
3175 3348 3520 3403 exhibuimus
3547 3367 3559 3402 :
3592 3349 3657 3401 ita
3684 3354 3728 3399 et
3755 3342 3807 3396 ad

2286 3441 2404 3511 ejus
2442 3440 2602 3494 linem
2645 3439 2950 3493 Barnabam
2976 3480 2990 3506 ,
3029 3440 3208 3508 priore
3236 3440 3321 3494 sui
3356 3449 3507 3510 parte
3533 3455 3595 3493 ex
3620 3438 3714 3491 alia
3738 3451 3808 3488 vc-

2286 3542 2399 3587 tere
2455 3531 2898 3602 interpretatione
2943 3532 3189 3586 similiter
3233 3532 3648 3602 redintegratum
3694 3530 3805 3593 (non

2286 3625 2405 3679 sine
2447 3624 2824 3678 humanissimi
2868 3622 3047 3677 Vossii
3084 3625 3405 3694 consensu)
3472 3628 3809 3692 repraesentare

2284 3718 2461 3772 visum
2512 3715 2634 3770 fuit.
2669 3714 2745 3769 Ex
2792 3715 2948 3783 cujus
2993 3714 3279 3784 utriusque
3324 3716 3609 3769 collatione
3656 3719 3811 3765 mutua

2284 3816 2365 3862 est
2386 3806 2801 3876 deprehensum,
2832 3820 2938 3858 non
2964 3806 3140 3859 solum
3174 3807 3411 3874 primam
3446 3805 3682 3875 Epistola:
3712 3815 3810 3870 par-
3836 3866 3839 3867 ν

2286 3909 2392 3955 tem
2421 3900 2473 3953 in
2503 3897 2801 3968 exemplari
2826 3896 3017 3951 Latino
3051 3896 3219 3953 fuisse
3245 3909 3648 3961 conservatam,
3678 3905 3809 3963 quem

2284 3991 2521 4047 defuisse
2561 3990 2800 4044 diximus
2844 3989 2896 4042 in
2930 3989 3149 4056 Graeco;
3194 3990 3284 4043 sed
3322 3991 3487 4044 etiam
3528 3996 3809 4059 postremam

2284 4083 2401 4137 vice
2427 4097 2580 4135 versa
2611 4089 2872 4135 retentam
2904 4078 2928 4132 l‘
2930 4080 3071 4134 uisse
3119 4079 3172 4132 in
3204 4078 3426 4145 Graeco,
3458 4096 3572 4150 qua:
3605 4079 3763 4131 aberat
3786 4086 3810 4124 a

2284 4172 2474 4227 Latino
2492 4212 2507 4236 ,
2540 4181 2699 4241 atque
2726 4172 2778 4225 in
2804 4170 3140 4225 iutermediis
3168 4180 3449 4240 praeterea,
3474 4169 3710 4225 nonnulla
3733 4165 3810 4217 ha-

2284 4265 2410 4319 bere
2449 4262 2693 4317 Graecum
2730 4279 2849 4332 quae
2885 4262 3082 4316 desunt
3121 4263 3174 4315 in
3218 4263 3409 4319 Latino
3434 4265 3474 4328 ⁷,
3513 4271 3563 4316 et
3597 4260 3807 4314 Latinum

2286 4370 2478 4410 rursus
2510 4368 2630 4422 qua:
2664 4367 2771 4407 non
2800 4353 3143 4421 reperiuntur
3170 4354 3222 4405 in
3249 4353 3471 4420 Graeco;
3510 4354 3655 4425 cujus
3677 4364 3808 4419 gene-

621 4452 744 4514 τοὺς
780 4452 1065 4521 μέλλοντας
1096 4451 1386 4522 κηρύσσειν
1418 4449 1477 4502 τὸ
1494 4447 1815 4517 Εὐαηέλιον
1838 4448 2001 4501 αὑτοῦ
2025 4489 2039 4513 ,
2070 4448 2185 4514 ἐξε-

2287 4448 2363 4503 ris
2402 4461 2463 4500 ea
2498 4454 2662 4511 sunt,
2699 4459 2819 4514 qua:
2850 4444 2905 4497 iu
2938 4452 3169 4512 utroque
3201 4455 3456 4499 contextu
3492 4446 3637 4499 uncis
3670 4440 3809 4494 inelu-

620 4542 810 4609 λέξατο
847 4543 1003 4607 ὄντας
1051 4544 1188 4615 ὑπὲρ
1239 4545 1413 4595 πᾶσαν
1455 4542 1721 4613 ἁμαρτίαν
1784 4541 2177 4612 ἀνομωτέρους.

622 4641 794 4705 Quam
813 4650 863 4693 et
883 4639 1324 4708 antellieronymi
1343 4648 1584 4706 tempora
1607 4636 1657 4688 in
1680 4635 1866 4689 eadem
1891 4634 2185 4699 exstitisse,

621 4733 784 4785 verba
832 4732 917 4784 illa
950 4730 1197 4799 Origenis
1222 4731 1242 4760 ⁸
1270 4731 1425 4783 ﬁdem
1456 4728 1661 4782 faciunt
1691 4744 1703 4779 :
1749 4744 1766 4776 ι
1791 4726 2098 4797 Γέγραπται
2130 4726 2183 4778 δὲ

622 4828 678 4879 ὲν
702 4829 767 4895 τῇ
790 4825 1038 4895 Βαρνάϐα
1059 4823 1328 4892 ΚαΟολικῇ
1356 4820 1611 4890 ἐπιστολῇ
1647 4818 1786 4887 (ὅθεν
1810 4819 1837 4869 ὁ
1861 4816 2062 4881 Κέλσος
2088 4817 2183 4870 λα-

624 4917 730 4972 ϐὼν
762 4919 900 4988 τάχα
930 4913 1099 4977 εἶπεν,
1135 4912 1267 4967 εἶναι
1296 4915 1621 4984 ὲπιρῤήτους
1653 4911 1745 4962 καὶ
1789 4909 2183 4980 πονηροτάτους

622 5014 747 5077 τοὺς
796 5009 1256 5076 ἁποστὸλονς),ὄτι
1290 5006 1566 5072 ἐξελέξατο
1592 5005 1714 5063 τοὺς
1746 5001 1905 5064 ἰδίους
1959 5000 2185 5055 ἀποστό-

622 5106 745 5169 λους
785 5102 987 5173 Ἰησοῦς
1033 5100 1189 5163 ὄντας
1241 5100 1380 5169 ὑπὲρ
1424 5099 1600 5150 πᾶσαν
1639 5094 1862 5164 ἀνομίαν
1910 5092 2181 5162 ἀνομωτέ-

624 5215 799 5269 ρους.)
820 5193 1087 5261 Scriptum
1130 5200 1205 5244 est
1255 5206 1378 5243 sane
1411 5190 1463 5241 in
1485 5186 1745 5240 Barnabw
1777 5182 2051 5237 Catholica
2074 5185 2183 5251 epi-

621 5289 760 5342 stola
825 5286 983 5356 (unde
1017 5285 1241 5354 fortasse
1274 5280 1455 5337 Celsus
1483 5280 1808 5332 occasionem
1834 5276 2089 5344 arripuit,
2123 5288 2179 5330 ut

622 5377 887 5447 apostolos
920 5377 1140 5446 infames
1170 5384 1216 5428 et
1248 5371 1588 5443 nequissimos
1617 5368 1866 5439 diceret),
1890 5365 2027 5436 quod
2055 5383 2182 5436 apo-

2289 4537 2464 4591 denda
2500 4537 2830 4590 curavimus.
3166 4606 3177 4615 ‘

2363 4648 2383 4679 s
2412 4628 2490 4683 Ex
2520 4629 2734 4683 duobus
2761 4639 2939 4683 autem
2976 4630 3263 4700 praecipuis
3304 4630 3558 4683 membris
3588 4635 3687 4679 tota
3718 4622 3807 4675 hac

2288 4729 2498 4776 constat
2533 4717 2809 4788 Epistola:
2843 4736 2965 4789 quae
3009 4720 3059 4773 in
3095 4731 3345 4774 contextu
3372 4720 3556 4773 Graeco
3582 4719 3674 4771 hac
3696 4715 3807 4766 inter

2286 4831 2343 4869 se
2373 4817 2691 4871 transitione
2718 4832 2959 4871 connexa
2990 4817 3255 4872 videmus.
3292 4816 3475 4869 Ταῦτα
3497 4813 3608 4884 μὲν
3632 4810 3804 4869 οὕτως·

2284 4908 2713 4978 Μεταλάᾶυμεν
2742 4908 2809 4962 δὲ
2844 4908 2941 4961 καὶ
2980 4908 3077 4961 ἐπὶ
3119 4908 3325 4976 ἑτέραν
3360 4905 3580 4975 γνῶσιν
3614 4900 3699 4953 καὶ
3737 4896 3805 4948 δι-

2284 4998 2502 5066 δαχὴν-⁸
2542 4999 2633 5053 ubi
2672 5015 2770 5069 pro
2805 4998 3255 5069 μεταλάϐωμεν,
3289 4999 3376 5051 alii
3411 4994 3801 5066 paralitilwpsr,

2282 5088 2549 5146 Patricius
2575 5091 2767 5148 Junius
2812 5101 2997 5147 noster
3028 5090 3365 5161 μεταϐῶμεν
3406 5089 3673 5160 legendum
3699 5094 3804 5135 con-

2277 5183 2416 5252 jicit.
2442 5183 2497 5238 In
2524 5185 2700 5253 priore
2733 5193 2915 5239 autem
2948 5192 3100 5255 parte
3121 5184 3385 5239 sententia
3412 5184 3522 5236 haec
3548 5182 3687 5248 longe
3703 5178 3802 5225 ante

2280 5285 2631 5346 praecesserat
2680 5293 2693 5330 :
2741 5277 2923 5347 Ἔχεις
2980 5277 3073 5330 καὶ
3112 5276 3167 5329 ἐν
3226 5276 3397 5348 τούτῳ
3426 5273 3519 5344 τὴν
3556 5269 3695 5333 δόξαν
3726 5258 3801 5312 τοῦ

2292 5366 2462 5437 Ἰησοῦ
2480 5376 2499 5432 ί,
2546 5367 2626 5420 ὅτι
2660 5368 2716 5420 ὲν
2760 5366 2903 5438 αὐτῷ
2944 5367 3152 5432 πάντα,
3199 5368 3289 5423 καὶ
3317 5370 3394 5430 είς
3439 5362 3622 5425 αὐτόν,
3665 5364 3797 5425 quam

694 5521 715 5551 ²
738 5518 960 5583 Baron.,
984 5515 1166 5571 Natat.
1203 5516 1257 5567 in
1277 5510 1622 5582 .llartyrolog.
1661 5510 1804 5563 Rom.
1826 5508 2049 5563 Januar.
2081 5509 2170 5562 26.
2248 5510 2268 5540 ³
2297 5507 2355 5591 P.
2382 5509 2612 5566 Halloix.
2633 5510 2820 5565 Natat.
2846 5513 2897 5565 in
2916 5510 3019 5565 Vit.
3050 5507 3351 5632 P’olycarpi,
3378 5522 3493 5577 cap.
3524 5503 3605 5563 l6,
3632 5497 3704 5558 l7,
3727 5489 3793 5545 l8.

694 5589 878 5632 “ﬁliae-
909 5588 999 5632 lib-
1031 5604 1086 5632 ιι-
1118 5602 1278 5632 scrin-
1344 5585 1428 5632 19.
1540 5584 1559 5613 ⁸
1595 5579 1813 5632 Oriacn.
1844 5588 2023 5632 contra
2066 5580 2295 5632 Celsum.
2321 5582 2414 5632 lib.
2452 5598 2489 5632 ι.
2520 5598 2571 5632 n.
2604 5581 2691 5632 50.
2768 5583 2788 5612 ⁸
2819 5581 2962 5632 Psal.
2998 5595 3199 5632 cxvm.
3238 5596 3266 5631 a
3296 5620 3309 5632 .
3350 5592 3487 5632 cxvn
3511 5615 3525 5632 .
3548 5590 3593 5626 υ.
3624 5568 3701 5631 l9,
3722 5558 3793 5614 90·

610 5616 615 5639 ;
680 5589 879 5645 Meliss.
908 5588 1000 5641 lib.
1031 5604 1087 5650 ιι,
1118 5602 1279 5641 serm.
1344 5585 1428 5639 19.

1540 5579 1813 5652 “'Origcn.
1833 5588 2023 5652 contra
2066 5580 2295 5652 Celsum,
2321 5581 2414 5634 lib.
2452 5598 2489 5647 I_,
2519 5598 2571 5652 p.
2604 5581 2691 5635 50.
2768 5583 2788 5612 ⁸
2819 5581 2962 5636 Psal.
2998 5595 3199 5652 om”.
3238 5596 3266 5631 a

3350 5558 3487 5633 ei?"
3511 5615 3525 5639 ,
3548 5558 3602 5626 υ(
3624 5568 3701 5631 19,
3722 5558 3793 5639 ἓθο

610 5634 618 5669 ³
1459 5632 1747 5708 Clemente
1781 5632 2089 5706 Alexandr;
2118 5632 2171 5722 7v

2280 5632 2489 5706 tam"
2519 5632 2765 5708 rcitatam
2802 5632 2835 5706 ε’
2862 5632 3249 5724 animus
3294 5632 3419 5721 ὗμιν
3478 5632 3689 5715 γράφω,
3727 5632 3795 5685 ἵνα

638 5729 876 5801 συνίητε.
