2033 3165
126 184 178 213 £69
789 184 1052 213 PROLEGOMENA.
1681 188 1733 217 670

127 250 205 274 vetus
216 244 329 274 Latinus
345 245 477 281 interpres
495 253 545 273 suo
558 246 620 274 loco
631 250 732 274 motam
751 246 903 275 huctrans-

956 247 1053 274 τούτων
1084 246 1248 279 ἐπιϐούλους.
1285 248 1405 283 Ἀγάπης
1435 248 1517 275 τέκνα
1547 249 1594 276 καὶ
1623 250 1734 286 εἰρήνης

125 292 206 325 tulit,
219 292 303 320 totius
323 291 448 326 Epistolas
476 292 611 328 epilogum
630 292 702 320 hunc
721 292 787 320 satis
810 293 904 320 incon-

123 338 237 366 cinuum
251 342 383 365 statuens.
397 337 460 372 "ore
474 344 561 365 autem
572 339 610 365 sic
624 343 694 366 sunt.
709 338 817 366 Habetis
835 339 903 366 inte-

122 384 177 411 rim
188 384 220 411 de
232 384 368 419 majestate
382 384 496 416 Christi,
512 386 640 420 quomodo
660 386 747 413 omnia
767 386 794 412 in
811 386 902 419 illum,

122 434 149 457 et
164 438 212 464 per
224 430 299 457 illum
311 431 382 465 facta
393 436 463 458 sunt.
479 431 529 459 Cui
543 432 577 458 sit
589 431 681 465 honor,
696 432 788 464 virtus,
808 431 902 467 gloria,

115 482 196 502 nunc
218 480 244 503 et
267 476 294 502 in
315 476 411 504 sa'cula
433 477 597 504 surculorum.
625 476 748 505 Secunda
778 477 904 513 Epistola:

121 525 202 555 parte
221 521 327 555 penitus
349 521 529 556 praetermissa
543 531 549 548 :
563 529 644 557 quam
668 522 784 555 idcirco,
811 522 904 550 Latina

120 566 303 594 eruditissimi
328 567 439 595 Gerardi
454 567 605 604 Langbaini
630 569 772 602 versione,
798 569 825 596 in
854 569 904 597 hac

122 611 243 639 editione
255 612 470 647 locupletandam
485 614 650 642 curavimus.

163 667 173 683 ε
188 657 229 684 Ab
247 657 299 685 hac
319 666 382 685 vero
399 659 511 685 duarum
524 660 625 687 viarum
645 661 817 689 distinctione
842 670 904 697 pars

122 702 178 730 ista
199 703 274 731 ducit
294 704 457 732 exordium:
486 705 554 732 Ὀδοὶ
582 705 628 732 δύο
654 707 706 733 εἰσὶ
730 707 837 742 διδαχῆς
860 706 905 733 καὶ

122 747 263 781 ἐξουσίας·
281 750 298 784 ἥ
315 758 342 776 τε
359 749 404 776 τοῦ
422 750 526 785 φωτὸς,
550 752 622 787 καὶὴ
645 752 690 778 τοῦ
710 753 828 784 σκότους.
844 754 906 780 Δια-

122 794 198 830 φορὰ
206 794 235 821 δὲ
248 795 331 831 πολλὴ
346 796 400 822 τῶν
409 796 454 822 δύο
463 796 538 824 ὁδῶν·
552 797 594 831 ἐφ’
601 794 634 832 ἧς
644 798 692 833 μὲν
699 798 752 833 γάρ
760 799 812 825 εἰσι
827 807 905 825 τετα-

123 841 221 876 γμένοι
236 843 394 876 φωταγωγοὶ
407 843 514 877 ἄγγελοι
530 843 577 870 τοῦ
590 844 667 877 Θεοῦ,
682 845 723 879 ἐφ’
738 841 772 880 ἦς
779 845 806 871 δὲ
823 844 905 878 ἄγγε-

121 887 164 914 λοι
181 888 228 914 τοῦ
242 888 356 915 Σατανᾶ.
373 889 412 916 Ad
423 897 483 923 quae
506 891 586 918 verba
603 891 753 926 respexisse
762 890 905 926 Origenem

123 941 182 961 non
197 938 239 961 est
249 935 377 966 dubium.
395 935 421 961 in
436 935 506 963 libro
526 944 557 963 ιιι
581 936 651 971 Περὶ
665 936 774 971 ἀρχῶν,
790 944 850 971 cap.
869 935 902 969 2,
920 927 941 955 Β

122 979 161 1007 ita
174 980 335 1008 scribentem
350 990 356 1007 :
371 980 469 1008 Eadem
480 990 580 1017 quoque
590 982 728 1009 Barnabas
742 983 769 1009 in
784 982 903 1017 Epistolu

123 1034 174 1053 sua
189 1026 324 1059 declarat,
342 1035 400 1053 cum
413 1028 480 1055 duas
494 1029 550 1055 vias
563 1037 617 1056 esse
632 1029 713 1061 dicit,
728 1037 807 1055 unam
819 1028 902 1062 lucis,

123 1071 237 1098 alteram
253 1072 435 1105 tenebrarum;
455 1073 547 1108 quibus
559 1078 584 1100 et
600 1081 710 1107 prwesse
729 1077 811 1100 certos
826 1081 905 1108 quos-

122 1125 174 1152 que
190 1117 294 1152 angelos
311 1118 395 1144 dicit:
409 1118 456 1145 uia:
473 1119 577 1153 quidem
599 1119 666 1146 lucis
678 1138 686 1151 ,
701 1119 805 1153 angelos
821 1118 902 1150 lucis,

123 1162 289 1188 tenebrarum
305 1167 391 1189 autem
407 1163 477 1197 'viw,
497 1163 601 1198 angelos
621 1163 738 1191 Satanae.
757 1163 814 1191 Etsi
831 1163 903 1190 enim

121 1207 152 1234 in
181 1207 270 1242 priore
294 1216 402 1243 quoque
427 1208 553 1244 Epistolas
579 1215 653 1245 parte
683 1210 745 1245 (uti
770 1210 850 1237 etiam
876 1209 903 1236 in

121 1254 421 1288 pseudo-Clementinis
437 1254 684 1283 Constitutionibus
691 1255 712 1289 ⁸,
724 1263 838 1291 quarum
856 1263 904 1283 au-

121 1303 227 1326 ctorem
238 1319 246 1331 ,
260 1303 289 1326 ut
305 1306 338 1327 ex
353 1298 476 1327 Romano
489 1300 641 1335 Clemente,
657 1301 761 1337 lgnatio
771 1322 778 1335 ,
796 1306 823 1329 et
843 1302 903 1329 aliis

122 1345 196 1377 alia,
210 1345 246 1371 ita
261 1353 321 1380 quae
339 1345 372 1372 de
388 1346 494 1374 duabus
510 1346 572 1374 vitae
585 1347 736 1383 mortisque
752 1348 804 1375 viis
817 1348 904 1376 fusius

122 1395 250 1424 enarrat,
261 1398 294 1418 ex
307 1391 357 1419 hac
368 1391 426 1426 ipsa
438 1392 567 1420 Barnabas
580 1393 692 1428 epistola
710 1394 902 1428 intervertisse,

123 1437 167 1464 vel
182 1436 269 1471 prima
292 1436 361 1464 facie
385 1437 481 1473 legenti
501 1438 655 1474 constabit)
670 1439 782 1466 duarum
804 1441 904 1467 viarum

122 1481 197 1509 facta
210 1482 245 1509 sit
263 1482 362 1509 mentio
372 1504 379 1516 ,
396 1482 448 1510 hoc
462 1487 550 1511 tamen
564 1488 668 1511 tantum
682 1485 708 1512 in
725 1485 784 1512 loco
794 1505 801 1518 ,
820 1493 904 1520 ange-

122 1530 214 1556 lorum
228 1528 297 1556 lucis
308 1533 334 1556 et
347 1527 453 1557 Satanae
462 1550 470 1562 ,
485 1529 578 1557 iisdem
589 1530 776 1566 praefectorum
786 1551 794 1563 ,
807 1539 904 1559 occur-

121 1574 161 1602 rit
175 1575 404 1622 commemoratio.
420 1575 495 1603 Adde
505 1576 577 1611 quod
592 1581 618 1603 et
630 1575 737 1604 Satanae
751 1577 838 1612 ipsum
852 1585 903 1605 no-
916 1593 937 1622 ρ

122 1628 186 1648 men
210 1621 244 1648 ab
265 1616 444 1657 Hieronymo,
468 1621 494 1649 in
519 1623 572 1650 line
594 1622 677 1650 libelli
697 1622 735 1650 De
756 1624 902 1651 nominibus

124 1666 280 1699 Hebraicis,
305 1667 374 1694 inter
393 1675 424 1695 ea
454 1673 616 1702 recensetur,
637 1677 697 1703 qua:
723 1677 756 1697 ex
783 1669 901 1704 Epistola

123 1713 258 1741 Barnabas
276 1717 341 1741 sunt
355 1714 469 1747 selecta,
488 1722 538 1742 nec
559 1714 587 1741 in
611 1715 702 1750 priore
715 1719 804 1743 tamen
822 1717 904 1751 hujus

122 1758 253 1794 Epistolas
266 1763 342 1793 parte
356 1758 460 1794 uspiam
471 1765 572 1794 exstat,
589 1760 615 1787 in
631 1768 683 1796 qua
695 1761 797 1796 reliqua
813 1762 904 1790 omnia

122 1810 191 1833 sunt
214 1811 317 1840 reperta
342 1815 349 1832 :
372 1806 394 1834 si
420 1807 501 1834 modo
521 1806 595 1834 Nave
618 1808 684 1843 (quo
702 1809 811 1836 nomine
824 1808 903 1842 Iesu.

124 1851 185 1879 sive
203 1850 286 1879 Josue
305 1856 406 1886 patrem
435 1851 521 1880 Grzeci
542 1853 703 1888 indigitant)
729 1861 777 1888 pro
799 1853 905 1881 Nahum

123 1898 388 1934 teposueris;quem
409 1899 511 1926 librarii
533 1899 683 1927 temeritate
699 1899 742 1926 hic
755 1899 839 1928 fuisse
861 1900 905 1927 in-

124 1943 244 1975 fultum,
257 1944 380 1978 germinis
397 1943 525 1978 adjuncta
547 1945 733 1979 interpretatio
748 1945 813 1972 satis
825 1944 904 1972 cvin-

124 1991 174 2018 cit.
190 1989 257 2017 Cum
275 1989 381 2016 Nahum
397 1990 432 2017 sit
447 1989 606 2023 consolator,
620 1990 693 2018 Nave
707 1998 788 2023 vero,
801 1999 886 2018 semen
898 2012 905 2024 ,

125 2045 232 2072 germen
242 2036 283 2063 vel
304 2036 470 2069 pulchritudo
485 2036 547 2063 :uti
574 2037 629 2071 jam
655 2036 730 2072 prius
761 2037 787 2064 in
811 2037 904 2064 eodem

125 2083 199 2111 libro
212 2086 378 2117 exposuerat
392 2082 449 2116 ipse
463 2081 642 2118 Hieronymus
657 2083 677 2109 ⁵.

166 2137 176 2154 ‹
195 2127 358 2163 Longiorem
389 2135 500 2163 quoque
528 2128 599 2156 hanc
626 2127 711 2156 fuisse
739 2127 905 2163 Epistolam,

128 2173 312 2209 Στιχομετρία
333 2173 378 2200 illa
390 2173 456 2200 satis
477 2172 685 2208 indicat,qnam
708 2173 812 2201 Latinis
834 2174 907 2206 (nam

125 2220 222 2248 Graeca
234 2219 316 2246 editio
331 2219 376 2246 hic
388 2223 430 2246 est
444 2219 555 2252 mutila)
573 2227 606 2246 ex
634 2218 776 2253 Nicephori
794 2218 909 2253 patriar-

954 294 1109 329 γνωπικῶς
1139 293 1350 330 προσηγόρευσε.
1378 293 1429 322 Ubi
1449 300 1583 329 postrema
1606 295 1673 328 illa,
1699 304 1732 323 ex

954 339 1082 367 Barnabas
1093 340 1177 368 nostri
1192 344 1336 373 contextu,
1348 340 1385 367 ita
1397 345 1460 368 sunt
1471 341 1650 369 restituenda:
1668 342 1734 369 Ἵνα

953 383 1066 418 σωθῆτε
1086 386 1120 412 ἐν
1143 386 1236 420 ἡμέρᾳ
1262 387 1394 420 κρίσεως.
1421 387 1534 413 Τούτων
1557 387 1734 421 ἐπιϐούλους

955 431 1007 466 (vel
1021 431 1178 465 ὲπιϐόλους
1189 454 1196 464 ,
1213 437 1243 460 ut
1261 432 1386 459 emendat
1404 432 1596 468 Sylburgius,)
1616 433 1735 468 ἀγάπης

954 477 1044 503 τέκνα
1050 477 1098 503 καὶ
1109 477 1229 511 εἰρήνης
1237 477 1405 512 τνωστικῶς
1416 478 1649 512 προσηγόρευσε,
1662 479 1732 506 idem

955 530 993 550 sc.
1010 522 1165 555 Barnabas;
1182 523 1233 550 sub
1245 522 1330 558 ipsius
1342 522 1469 557 Epistolas
1479 523 1638 554 clausulam,
1652 523 1734 559 paylo

955 571 1032 601 post,
1054 575 1102 595 eos
1118 568 1151 594 ad
1165 575 1234 602 quos
1252 567 1359 600 scribit,
1375 567 1413 594 ita
1428 568 1549 595 salutans
1564 576 1570 595 :
1586 566 1733 602 σώζεσθε,

954 612 1070 647 ἀγάπης
1084 613 1172 639 τέκνα
1186 613 1233 639 καὶ
1247 613 1376 647 εΙρήνης.
1391 613 1426 640 Ut
1449 618 1505 641 tum
1526 622 1559 641 ex
1584 614 1731 649 principio,

955 662 1011 684 tum
1026 666 1059 685 ex
1075 658 1127 685 [ine
1140 658 1281 686 manifeste
1295 659 1491 693 deprehensum
1511 664 1653 693 appareat,
1681 668 1732 694 po-

955 703 1054 730 sterius
1066 704 1216 732 membrum
1228 704 1280 731 hoc
1295 705 1442 739 (utcunque
1452 712 1467 731 a
1478 704 1574 732 Latino
1588 705 1733 740 interprete

955 750 1062 777 silentio
1085 752 1321 786 prmtermissum),
1340 752 1462 787 ejusdem
1483 752 1606 787 corporis
1628 757 1732 787 partem

955 803 1030 829 esse,
1046 797 1123 831 cujus
1140 802 1166 824 et
1180 797 1309 832 primum.

994 852 1003 868 ι
1018 842 1058 870 Ad
1074 843 1156 871 totius
1166 851 1230 870 vero
1245 843 1372 878 Epistola:
1389 847 1527 870 auctorem
1545 847 1572 870 et
1586 842 1734 870 auctorita-

955 893 1008 916 tem
1023 889 1095 923 quod
1108 889 1201 916 attinet
1213 909 1222 923 ,
1236 890 1306 916 idem
1319 889 1362 917 ille
1373 889 1546 924 Clemens(ut
1554 889 1586 916 de
1599 888 1733 923 discipulo

955 934 1040 969 ipsius
1053 934 1168 969 Origene
1183 935 1251 962 nihil
1266 935 1366 968 dicam)
1382 940 1409 963 et
1420 935 1538 963 auctoris
1551 934 1691 967 Barnabzu,
1707 937 1734 961 et

955 980 1125 1008 auctoritatis
1135 981 1289 1015 apostolica:
1297 1000 1305 1014 ,
1316 988 1377 1008 eam
1394 981 1478 1009 fuisse
1489 981 1611 1008 credidit.
1623 980 1651 1007 ln
1664 980 1734 1007 libro

954 1025 1025 1053 enim
1042 1026 1087 1053 illo
1103 1034 1122 1053 ιι
1136 1025 1317 1061 Stromatum,
1332 1027 1384 1054 alia
1392 1032 1485 1062 postea
1496 1026 1649 1054 testimonia
1660 1034 1693 1053 ex
1701 1032 1733 1052 ea

953 1071 1106 1106 producens
1117 1091 1124 1104 ,
1140 1071 1191 1099 hac
1205 1072 1291 1098 utitur
1304 1071 1459 1106 praefatione
1475 1080 1482 1098 :
1497 1072 1587 1102 Ὅπως
1608 1071 1629 1097 δ’
1653 1071 1734 1105 ἡμεῖς

953 1116 1000 1143 τοῦ
1021 1117 1141 1144 διαϐόλου
1165 1117 1214 1149 τὰς
1242 1118 1378 1153 ἐνεργείας
1405 1118 1450 1144 καὶ
1480 1117 1514 1144 τὰ
1536 1116 1675 1152 πνεύματα
1699 1115 1734 1143 τὰ

954 1163 1094 1199 ἀκάθαρτα
1111 1163 1151 1195 είς
1166 1163 1214 1199 τὴν
1230 1163 1277 1190 τοῦ
1293 1163 1453 1199 ἀμαρτωλθῦ
1470 1164 1556 1199 ψυχὴν
1568 1163 1734 1198 ἐπισπείρειν

955 1209 1052 1244 φαμὲν,
1064 1209 1094 1236 οὗ
1103 1218 1145 1245 μοι
1152 1210 1192 1236 δεῖ
1198 1210 1325 1237 πλειόνων
1332 1210 1427 1244 λόγων,
1440 1211 1618 1247 παραϐεμένῳ
1630 1210 1734 1246 μάρτυν

953 1254 998 1281 τὸν
1012 1255 1185 1282 ἅποστολικδν
1198 1255 1336 1291 Βαρνάϐαν
1353 1256 1377 1291 (ὁ
1384 1256 1412 1283 δὲ
1424 1256 1478 1283 τῶν
1494 1256 1674 1292 ἐϐδομήκοντα
1688 1253 1732 1291 ἦν,

954 1300 1001 1326 καὶ
1026 1300 1153 1336 συνεργὸς
1179 1301 1227 1327 τοῦ
1259 1301 1385 1336 Παύλου)
1413 1301 1482 1328 κατὰ
1497 1302 1581 1335 ἷλέξιν
1605 1298 1656 1328 ὧδέ
1676 1309 1735 1332 πως

953 1346 1074 1381 λέγοντα.
1102 1347 1236 1380 Quomodo
1256 1353 1343 1375 autem
1368 1357 1414 1375 nos
1440 1348 1733 1383 diabolioperationes,

953 1397 977 1420 et
990 1393 1098 1425 spiritus
1114 1394 1262 1421 immundos
1277 1394 1303 1420 in
1316 1395 1461 1429 peccatoris
1474 1396 1590 1421 animam
1605 1394 1735 1421 seminare

953 1438 1074 1464 dicamus
1084 1458 1091 1471 ,
1116 1446 1168 1465 non
1187 1439 1251 1468 mihi
1268 1439 1388 1473 pluribus
1403 1438 1486 1466 verbis
1499 1447 1564 1474 opus
1579 1444 1631 1472 est,
1647 1439 1670 1465 si
1684 1438 1734 1465 ad-

953 1481 1053 1509 dmro
1070 1486 1159 1509 testem
1175 1482 1330 1509 Barnabam
1343 1484 1515 1517 apostolicum
1528 1484 1594 1518 (erat
1610 1488 1697 1510 autem
1711 1483 1734 1510 is
1758 1515 1760 1517 _

953 1535 986 1555 ea:
1007 1527 1201 1563 Septuaginta,
1221 1534 1245 1556 et
1263 1528 1345 1556 Pauli
1361 1529 1469 1564 adjutor
1485 1530 1517 1564 “’)
1540 1530 1580 1556 his
1600 1529 1681 1556 verbis
1696 1529 1735 1555 sic

955 1574 1092 1601 dicentem.
1107 1574 1140 1601 Et
1153 1574 1180 1602 in
1196 1583 1212 1602 ν
1228 1584 1234 1603 :
1254 1575 1410 1611 Βαρνάϐας,
1431 1577 1445 1602 ὁ
1461 1576 1507 1602 καὶ
1527 1575 1609 1607 αὐτὸς
1636 1583 1735 1610 συγκη-

955 1618 1037 1655 ρύξας
1054 1619 1093 1655 τῷ
1115 1619 1266 1656 Ἀποστόλῳ
1283 1620 1352 1647 κατὰ
1370 1621 1418 1656 τὴν
1434 1620 1569 1647 διακονίαν
1585 1620 1638 1646 τῶν
1652 1619 1735 1646 ἐθνῶν

953 1666 998 1694 τὸν
1015 1667 1105 1702 λόγον.
1132 1667 1289 1702 Barnabas,
1318 1670 1363 1704 qui
1383 1670 1437 1704 ipse
1457 1677 1557 1704 quoque
1576 1669 1603 1695 in
1620 1669 1735 1703 gentium

954 1713 1099 1741 ministerio
1109 1714 1260 1749 pradieavit
1272 1714 1375 1746 uerbum
1384 1723 1436 1741 una
1444 1723 1502 1741 cum
1511 1714 1627 1749 apostolo
1639 1713 1733 1741 Paulo.

953 1759 1046 1794 Neque
1057 1760 1193 1795 apostolici
1208 1761 1295 1788 solum
1304 1780 1311 1793 ,
1324 1761 1371 1788 sed
1384 1761 1465 1788 etiam
1479 1760 1590 1795 apostoli
1604 1760 1736 1787 Barnabte

955 1805 1064 1832 nomine
1074 1825 1082 1838 ,
1099 1806 1125 1832 in
1140 1814 1159 1833 ιι
1184 1805 1346 1833 Stromatum
1357 1806 1426 1833 libro
1436 1827 1443 1839 ,
1457 1806 1578 1833 eamdem
1594 1805 1735 1840 epistolam

955 1850 1047 1878 laudat
1063 1860 1069 1878 :
1087 1852 1280 1887 ejusdemque,
1297 1860 1350 1879 non
1366 1853 1456 1879 minus
1468 1860 1548 1887 quam
1569 1852 1735 1886 reliquarum

957 1896 1158 1932 Scripturarum
1174 1898 1369 1926 canonicarum
1379 1919 1386 1932 ,
1402 1898 1428 1925 in
1443 1898 1520 1925 libris
1534 1898 1735 1934 Hypotypasean

956 1947 1107 1970 contractas
1120 1943 1314 1978 explicationes
1330 1944 1451 1971 exhibuit
1464 1944 1495 1971 “.

994 1997 1004 2013 ε
1025 1988 1162 2016 Barnabas
1178 1988 1300 2023 Cyprius,
1318 1989 1362 2024 qui
1382 1994 1406 2016 et
1423 1988 1518 2023 Ioseph
1542 1988 1651 2021 Levites,
1676 1996 1733 2015 cum

956 2033 1041 2061 Paulo
1052 2035 1167 2070 gentium
1181 2035 1314 2069 apostolus
1328 2036 1476 2067 ordinatus,
1494 2043 1573 2061 unam
1591 2035 1625 2061 ad
1648 2035 1733 2069 (edi/i-

957 2082 1087 2108 cationen:
1111 2081 1237 2109 Ecclesia:
1267 2081 1434 2116 pertinentem
1453 2081 1599 2116 Epistolam
1628 2089 1734 2115 compo-

958 2128 1022 2160 suit,
1039 2136 1097 2162 qua’
1116 2128 1185 2155 inter
1196 2128 1360 2163 apocryphas
1375 2129 1519 2163 scripturas
1535 2128 1640 2163 legitur,
1657 2127 1693 2154 ait
1708 2128 1735 2154 in

964 2172 1207 2201 Ecclesiasticorum
1243 2175 1398 2208 scriptorum
1435 2173 1558 2208 Catalogo
1583 2175 1612 2202 Β.
1641 2173 1736 2200 lliero-

959 2226 1068 2253 nymus,
1093 2223 1120 2245 et
1136 2219 1204 2246 libro
1219 2227 1268 2245 xm
1298 2218 1550 2246 Commentariorum
1565 2219 1592 2245 in
1605 2218 1736 2252 Ezechiel,

126 2266 189 2293 clue
220 2264 513 2300 Constantinopolitani
539 2263 761 2298 Chronographia.
798 2264 909 2292 tradidit
926 2260 946 2287 D
959 2271 1018 2298 cap.
1034 2263 1067 2290 43
1084 2273 1091 2289 :
1113 2263 1240 2297 Vitulum,
1257 2264 1355 2299 inquit,
1371 2265 1415 2299 qui
1429 2273 1476 2299 pro
1490 2264 1561 2291 nobis
1586 2264 1737 2291 immolatus

125 2312 310 2344 Anastasius,
335 2311 462 2338 Romanae
479 2310 604 2338 Ecclesiae
626 2310 857 2337 bibliothecarius.
880 2310 908 2338 ln

125 2365 202 2393 qua,
218 2362 247 2384 ut
262 2361 363 2391 septem
386 2356 533 2384 Catholicae
551 2355 622 2391 (qum
636 2356 776 2391 vocantur)
796 2355 908 2388 Jacobi,

126 2404 220 2437 Petri,
232 2403 343 2431 Joannis
357 2407 384 2430 et
397 2402 473 2430 Juda:
486 2402 627 2437 Epistulae,
641 2401 709 2428 1500
720 2402 842 2429 versibus
851 2422 859 2435 ,
874 2401 909 2428 ita

127 2455 160 2478 et
174 2450 232 2477 haec
250 2449 394 2482 Barnabas,
410 2448 479 2476 1306
491 2448 684 2483 comprehensa
701 2447 783 2475 fuisse
799 2447 908 2475 dicitur.

128 2495 163 2523 ln
186 2495 336 2530 posteriore
355 2494 472 2529 denique
493 2493 620 2528 Epistolte
642 2498 716 2528 parte
735 2497 841 2527 reperta
859 2493 909 2520 ista

128 2547 214 2575 sunt,
239 2549 254 2569 a
277 2541 413 2569 Clemente
428 2541 627 2572 Alexandrino,
650 2541 676 2567 in
706 2540 775 2567 libro
797 2547 816 2566 ιι
835 2539 910 2566 Stro-

130 2594 233 2616 matum
244 2610 251 2622 ,
266 2596 298 2616 ex
313 2588 434 2615 Barnaha
450 2588 529 2615 citata
557 2597 564 2614 :
592 2587 619 2614 '0
636 2587 664 2613 δὲ
680 2586 767 2618 Θεὸςὸ
781 2586 827 2613 τοῦ
844 2595 910 2613 παν-

129 2634 179 2666 τὸς
190 2635 292 2669 κόσμου
308 2634 451 2670 γυριεύων,
467 2633 520 2669 δῴη
533 2633 580 2659 καὶ
594 2634 656 2668 ὑμῖν
671 2633 764 2667 σοφίαν
776 2633 821 2659 ita).
836 2632 911 2659 σύνε-

131 2690 186 2714 σιν,
199 2679 466 2716 ὲπιπήμην,γνῶσιν
477 2679 530 2705 τῶν
543 2679 730 2714 δικαιωμάτων
741 2678 832 2711 αὑτοῦ,
845 2679 911 2705 ὑπο-

133 2728 230 2764 μονήν.
239 2726 346 2754 Γίνεσθε
358 2723 404 2752 οὖν
417 2725 585 2757 θεοδίδακτοι,
594 2724 768 2761 ὲκζητοῦντες
779 2725 805 2751 τί
819 2724 913 2759 ζητεῖό

133 2773 236 2808 Κύριος
245 2773 290 2807 ἀφ’
301 2773 385 2807 ὑμῶν.
402 2772 461 2798 Ἵνα
474 2771 570 2807 εὓρητε
579 2771 606 2797 ὲν
618 2770 707 2806 ἡμέρᾳ
724 2770 838 2806 κρίσεως
851 2770 913 2802 τοὺς

171 2829 182 2845 ⁸
203 2828 345 2856 Constitut.
374 2828 509 2863 apostolic.
529 2827 576 2854 lib.
592 2835 640 2860 vn,
664 2835 694 2855 ca

961 2315 1008 2342 est,
1025 2315 1049 2337 et
1063 2310 1147 2336 multa
1172 2309 1372 2345 Scripturarum
1392 2310 1461 2343 loca,
1476 2315 1501 2337 et
1520 2311 1649 2345 pracipue
1666 2310 1737 2337 Bar-

962 2355 1035 2383 nabas
1052 2355 1182 2390 Epistula,
1198 2364 1255 2390 qua:
1280 2355 1389 2383 habetur
1411 2357 1479 2384 inter
1500 2356 1651 2391 Scripturas
1674 2365 1738 2391 apo-

962 2402 1083 2436 cryphas,
1100 2401 1228 2428 nominat.
1247 2400 1342 2428 Utrum
1356 2410 1419 2429 vero
1430 2410 1461 2429 ex
1475 2403 1582 2437 propria
1599 2407 1688 2430 mente
1704 2403 1739 2429 ab

963 2448 1080 2482 apostolo
1091 2448 1124 2474 ad
1135 2444 1336 2482 aediﬁcationem
1353 2447 1477 2476 Ecclesia
1487 2450 1657 2484 compositam
1669 2449 1739 2476 hanc

963 2494 1047 2521 fuisse
1075 2493 1222 2528 Epistulam
1254 2494 1298 2521 ille
1323 2494 1430 2527 dixerit,
1452 2503 1486 2522 ex
1510 2495 1625 2523 aliorum
1648 2499 1737 2522 autem

963 2548 1045 2568 sensu
1059 2540 1086 2567 in
1106 2540 1323 2575 apocryphorum
1337 2540 1451 2568 classem
1467 2541 1621 2576 canjeccrit,
1643 2541 1738 2575 exqui-

962 2590 1023 2613 rant
1034 2586 1079 2613 alii
1093 2595 1100 2613 :
1113 2587 1140 2614 in
1151 2594 1210 2614 eam
1220 2591 1293 2614 certe
1306 2587 1465 2614 sententiam
1478 2587 1652 2622 propendissc
1662 2587 1738 2615 illum

963 2633 1119 2668 aliquando,
1133 2641 1165 2661 ex
1179 2632 1324 2660 Nominum
1338 2633 1529 2660 Hebraicorum
1546 2634 1634 2660 libello
1647 2633 1738 2669 colligi

964 2688 1044 2714 posse
1067 2680 1206 2713 videatur;
1221 2680 1248 2706 in
1263 2687 1328 2715 quo,
1344 2687 1406 2707 cum
1432 2679 1545 2714 reliquis
1559 2678 1625 2705 Novi
1642 2678 1738 2706 Testa-

965 2726 1048 2754 menti
1063 2726 1220 2761 Scripturis,
1236 2726 1317 2753 etiam
1339 2726 1468 2753 Barnabas
1494 2725 1571 2752 istam
1592 2724 1737 2760 Epistolam

965 2771 1137 2807 coniunctam
1150 2771 1184 2799 ab
1197 2779 1229 2799 eo
1241 2771 1326 2798 luisse
1335 2771 1481 2798 cernimus.

718 2847 725 2854 .
744 2827 769 2859 Ι,
785 2827 812 2860 2,
841 2833 866 2854 et
894 2826 1031 2860 deinceps.
1068 2827 1079 2843 ’
1094 2826 1204 2854 Hieron.
1226 2826 1264 2853 De
1278 2826 1405 2853 nominib.
1430 2825 1567 2856 Hebraic.,
1593 2825 1619 2851 in
1634 2825 1736 2852 Exodo.

171 2835 182 2845 ι’
203 2835 345 2856 uonstuut.
374 2835 509 2863 apostouc.
529 2835 576 2854 nn.
592 2835 640 2860 vn,
664 2835 725 2889 cap.
744 2835 769 2859 ι,
785 2835 812 2860 z,
841 2835 866 2854 et
894 2835 982 2855 aeinct

137 2864 159 2879 ¹⁰
174 2863 246 2891 ldem
269 2864 350 2891 etiam
367 2864 480 2891 allirmat
503 2863 529 2889 in
552 2863 621 2890 libro
639 2870 673 2889 vn
705 2862 892 2897 lypotyposeon
920 2864 982 2897 (apn

1019 2862 1129 2896 Euseb,
1156 2862 1204 2890 lib.
1221 2869 1240 2889 ll
1266 2860 1356 2894 Hist,
1375 2869 1436 2896 κεφ.
1459 2861 1502 2894 α’).
1544 2862 1563 2876 “
1580 2861 1737 2896 Ἐπιτετμη‹

138 2899 220 2935 μένας
238 2899 380 2936 πεποίηται
393 2899 538 2936 διηγήσεις.
553 2898 641 2926 Euseb
656 2919 663 2933 ,
682 2898 727 2926 lib.
750 2907 773 2926 vr
787 2898 869 2933 llist.,
883 2907 906 2925 κε

963 2901 1006 2932 ιγ’,
1020 2897 1058 2924 ιδ’.
