4066 6330
639 280 734 335 671

1697 281 1754 337 S.
1796 280 2161 336 BARNABAS
2197 280 2623 341 APOSTOLUS.
3704 295 3787 350 672

705 413 725 444 ‹
762 391 821 448 In
862 393 950 448 illa
998 391 1289 466 Nicephori
1320 396 1915 472 Constantinopolitani
1969 401 2201 471 patriar-
2229 406 2276 464 Α
2303 420 2485 458 nomen
2525 404 2824 475 appositum
2852 420 2868 456 :
2896 414 3008 471 aut,
3057 405 3107 458 si
3142 404 3322 473 libeat,
3368 405 3643 475 Epistolam
3683 412 3789 467 hanc

629 486 747 540 cbze
782 486 1163 559 Στιχομετρίᾳ,
1198 505 1360 559 quam
1409 489 1619 547 Latinis
1679 494 2027 549 Anastasium
2075 493 2190 548 Ro-

629 592 806 632 manae
832 577 1086 634 Ecclesia:
1116 580 1592 638 bibliothecarium
1614 586 1900 641 tradidisse
1928 586 2187 651 diximus,

630 684 660 722 a
689 666 823 724 Novi
854 669 1187 726 Testamenti
1233 676 1557 747 apocryphis
1592 678 1810 747 quidem
1860 680 2076 749 scriptis
2101 695 2189 735 se-

630 770 875 831 paratur,
922 763 1014 817 sed
1061 764 1202 818 inter
1244 780 1306 819 ea
1341 768 1529 836 quibus
1572 770 1956 823 contradicitur
2009 770 2092 839 (ut
2138 780 2192 824 et

629 853 985 925 A’poealypsis
1031 854 1280 927 Joannis)
1330 869 1659 914 recensetur.
1718 859 1775 913 In
1840 863 2010 916 altero
2056 878 2187 917 vero

631 941 898 1010 lndiculo,
935 963 1097 1016 quem
1138 951 1412 1004 Anastasii
1450 949 1649 1006 Nicazni
1677 954 1729 1006 in
1758 951 1814 1008 S.
1850 952 2189 1024 Scripturam

632 1034 1039 1101 Quaestionibus
1094 1040 1396 1109 subjectum
1455 1043 1707 1111 vidimus,
1738 1061 1842 1099 una
1875 1062 1996 1100 cum
2058 1064 2191 1118 apo-

633 1129 852 1198 cryphis
899 1129 1217 1198 simpliciter
1245 1133 1636 1190 adnumeratur
1665 1156 1677 1190 :
1702 1145 1757 1191 et
1787 1138 1957 1207 ipsius
2004 1138 2193 1195 [liere-

633 1219 782 1289 nymi
841 1220 893 1273 in
953 1220 1181 1292 Prologo
1231 1224 1436 1294 galeato
1486 1228 1742 1298 suffragio
1794 1230 2102 1296 accedente,
2140 1240 2193 1286 et

633 1310 959 1367 universalis
994 1312 1251 1370 Ecclesia:
1298 1318 1464 1371 simul
1510 1319 1737 1389 judicio,
1774 1337 1897 1390 qua:
1930 1322 2192 1377 Barnabze
2222 1322 2225 1325 ⁷

633 1400 897 1470 scriptum
930 1404 1138 1458 nullum
1172 1406 1227 1459 in
1283 1423 1497 1462 sacrum
1527 1408 1804 1464 Canonem
1836 1427 2071 1480 unquam
2098 1412 2188 1466 ad-

634 1491 849 1547 misisse
874 1506 1147 1564 comperta
1172 1506 1271 1551 est.
1302 1498 1543 1554 Montani
1578 1502 1721 1555 enim
1750 1505 1950 1572 spiritu
1980 1503 2192 1558 amatus

633 1580 736 1636 fuit
759 1582 1128 1641 Tertullianus
1153 1589 1213 1653 “,
1241 1605 1363 1644 cum
1390 1591 1634 1660 epistula:
1666 1594 1731 1647 ad
1773 1593 2030 1647 liebrmos
2059 1593 2191 1647 Bar-

634 1676 788 1730 nabas
833 1678 1000 1733 alIixit
1051 1681 1303 1734 titulum:
1335 1690 1386 1736 et
1443 1683 1609 1737 altera
1665 1685 1799 1751 inec,
1828 1686 1864 1754 ἡ
1896 1685 2189 1756 φερομένη

2294 497 2698 551 consolatoriam
2740 498 2876 569 (qua:
2924 497 3114 566 swpius
3148 498 3345 550 dicitur
3392 497 3503 552 ideo
3538 501 3789 571 scripta,ut

2293 585 2513 640 lectores
2582 587 2734 641 laetos
2759 585 3005 656 faceret),
3036 602 3099 640 ea:
3128 588 3421 656 argumenti
3464 587 3790 661 designatione,

2290 676 2355 728 ab
2388 686 2599 729 auctore
2626 677 2758 745 ipso,
2790 675 3087 742 Barnabas,
3118 676 3221 729 sive
3251 676 3572 743 consolator,
3596 681 3790 749 appella-

2292 777 2438 832 tam;
2467 784 2525 822 eo
2554 768 2659 837 fere
2705 768 2858 822 modo
2914 786 3013 839 quo
3046 769 3179 823 liber
3222 766 3516 822 Salomonis
3557 770 3792 844 Coheletb,

2290 858 2395 911 sive
2427 857 2802 924 Ecclesiastes,
2838 858 3064 924 dicitur;
3095 866 3187 911 aut
3220 857 3432 913 Hermas
3475 875 3593 928 opus
3634 859 3792 920 Pastor

2290 946 2616 1002 inscribitur.
2670 949 2941 1018 Quidquid
2972 950 3062 1016 sit,
3095 966 3299 1003 necesse
3329 958 3404 1002 est
3454 961 3507 1002 ut
3554 951 3791 1022 fateamur,

2292 1040 2488 1108 optima
2510 1039 2613 1108 ﬁde
2647 1040 2954 1109 scriptorem
2984 1040 3120 1093 hunc
3162 1056 3318 1092 usum
3364 1040 3549 1109 fuisse;
3580 1056 3669 1092 non
3688 1041 3793 1095 alie-

2292 1148 2407 1197 nos,
2450 1132 2555 1185 imo
2596 1148 2694 1185 non
2746 1132 2971 1201 aliquos,
3010 1132 3304 1202 captavisse
3335 1131 3545 1196 titulos;
3586 1132 3670 1184 hoc
3704 1150 3795 1187 vero

2292 1223 2463 1276 solum
2510 1223 2611 1277 sibi
2658 1240 2955 1293 arrogasse,
2998 1233 3053 1277 ut
3087 1240 3177 1277 ceu
3202 1240 3229 1277 e
3254 1222 3490 1293 ﬁdelium
3518 1240 3653 1295 grege
3678 1226 3798 1277 mini-

2294 1332 2408 1369 mus
2434 1315 2647 1386 aliquis,
2677 1332 2809 1369 unus
2836 1331 2899 1369 ea:
2925 1315 3054 1382 illis,
3087 1316 3252 1384 frater
3278 1314 3533 1384 fratribus
3580 1315 3799 1369 salutaria

2293 1408 2494 1459 monita
2519 1415 2844 1477 proponeret,
2872 1422 2963 1475 per
2992 1407 3165 1459 omnia
3191 1405 3509 1458 orthodoxae
3553 1413 3598 1457 et
3626 1416 3799 1474 aposto-

2294 1501 2489 1567 lorum,
2518 1503 2811 1571 prwsertim
2844 1500 2902 1555 S.
2931 1500 3112 1568 Pauli,
3141 1498 3373 1572 vestigiis
3416 1501 3645 1554 insistens
3666 1512 3743 1553 :ut
3766 1501 3801 1553 si

2246 1658 2269 1663 _
2294 1610 2397 1647 non
2426 1594 2664 1647 laborum
2688 1604 2735 1648 et
2767 1594 3035 1660 itinerum,
3067 1592 3252 1646 saltem
3287 1593 3586 1662 dogmatum
3622 1592 3802 1661 partici-

2294 1703 2407 1756 pem
2436 1686 2625 1756 ubique
2651 1702 3015 1757 agnoscamus.
3056 1684 3270 1739 Interea
3313 1684 3800 1749 animadvertendum,

634 1770 909 1837 Βαρνάϐα
931 1773 1238 1841 ἐπιστολή,
1264 1776 1331 1829 ab
1360 1776 1594 1832 Eusebio
1614 1779 1655 1809 ”
1680 1795 1787 1833 non
1820 1781 1997 1835 solum
2047 1779 2186 1833 inter

2246 1770 2257 1819 ι
2291 1779 2586 1834 Historiam
2613 1778 2756 1845 Jobi,
2808 1777 2973 1846 Ruth,
3013 1778 3272 1843 Est/teris,
3310 1787 3358 1830 et
3389 1776 3801 1844 Paralipomenon,

636 1864 934 1932 scripturas
966 1866 1150 1935 quibus
1174 1868 1579 1935 contradicitur,
1614 1871 1705 1925 sed
1734 1872 1897 1925 etiam
1928 1873 2066 1926 inter
2098 1888 2193 1925 no—

641 1955 757 2009 thas
787 1958 1106 2012 collocatur.
1137 1958 1203 2013 Ut
1249 1961 1337 2015 hic
1380 1964 1541 2016 etiam
1574 1963 1750 2018 locum
1802 1964 2018 2028 habeat,
2046 1964 2189 2034 quod

635 2049 700 2100 de
731 2048 851 2102 aliis
866 2050 1106 2118 ejusdem
1135 2053 1346 2123 generis
1372 2054 1439 2108 ab
1466 2055 1771 2125 Augustino
1789 2057 1831 2087 "
1852 2067 1934 2110 est
1963 2057 2187 2111 dictum.

637 2135 766 2192 Hazc
793 2142 989 2210 scripta
1017 2147 1237 2197 castitas
1268 2144 1498 2198 Canonis
1524 2164 1625 2199 non
1656 2150 1843 2216 recepit
1877 2166 1895 2203 :
1920 2165 2021 2201 non
2056 2148 2191 2218 quod

634 2246 813 2284 eorum
872 2234 1160 2300 hominum,
1220 2237 1309 2306 qui
1358 2236 1463 2289 Deo
1510 2237 1842 2306 placuerunt,
1890 2239 2194 2308 reprobetur

636 2323 967 2387 auctoritas;
1024 2325 1112 2377 sed
1167 2324 1303 2394 quod
1339 2326 1442 2379 ista
1497 2343 1600 2380 non
1647 2327 1930 2381 credantur
1960 2330 2193 2399 ipsorum

635 2430 764 2467 esse.

711 2522 729 2556 ι
768 2503 1089 2576 Quanquam
1109 2524 1215 2562 non
1247 2510 1405 2579 longe
1428 2520 1550 2581 post
1572 2510 1740 2580 ipsius
1774 2512 2031 2568 Barnabas
2060 2522 2194 2569 tem-

635 2610 767 2665 pora
803 2606 1081 2650 exaratam
1140 2597 1307 2653 fuisse
1353 2600 1495 2653 hanc
1552 2600 1871 2669 Epistolam,
1919 2612 1997 2657 tot
2045 2604 2133 2657 illa
2163 2620 2193 2658 a

634 2688 911 2744 Clemente
942 2690 1312 2744 Alexandrino
1358 2693 1473 2763 (qui
1516 2694 1765 2761 proximo
1805 2704 1927 2762 post
1977 2704 2193 2764 aposto-

636 2781 717 2834 los
740 2782 938 2835 sreeulo
963 2782 1176 2852 claruit)
1214 2798 1281 2836 ex
1324 2799 1407 2849 ea,
1444 2785 1494 2836 in
1526 2784 1850 2838 Stromatum
1873 2785 2045 2851 libris,
2078 2787 2195 2839 lau-

635 2874 763 2927 data
793 2874 1126 2939 testimonia,
1157 2876 1315 2928 tidem
1345 2874 1568 2929 faciunt.
1590 2875 1801 2941 Quibus
1835 2885 1888 2930 et
1924 2878 2014 2932 illa
2042 2878 2191 2947 ejus-

637 2966 757 3020 dem
780 2966 832 3019 in
859 2965 1176 3035 Pwdagogo,
1205 2968 1298 3020 lib.
1325 2986 1386 3033 ιι,
1413 2984 1529 3038 cap.
1558 2968 1643 3033 10,
1672 2969 1966 3038 adjungere
1992 2970 2149 3023 liceat
2177 2988 2190 3024 :

637 3061 746 3113 Καὶ
801 3060 890 3113 τὸν
933 3063 1028 3131 μὲν
1087 3062 1263 3131 λαγὼν
1284 3064 1401 3116 κατ’
1427 3064 1543 3126 ἔτος
1572 3064 1908 3117 πλεονεκτεῖν
1937 3082 2065 3131 φασι
2094 3065 2191 3135 τὴν

637 3152 937 3219 ἀφόδευσιν,
974 3154 1051 3215 εἰς
1076 3154 1337 3224 ἀριθμοὺς
1363 3148 1443 3216 οἷς
1471 3153 1728 3224 βεϐίωκεν
1760 3155 1932 3209 ἔτεσιν
1980 3154 2193 3225 ἴσχοντα

636 3243 865 3312 τροπάς.
893 3243 1022 3309 Quae
1053 3260 1116 3297 ex
1154 3245 1271 3298 istis
1291 3247 1538 3315 Epistula:
1561 3247 1722 3317 hujus
1748 3254 2051 3300 mutuatum
2069 3262 2192 3300 eum

638 3332 832 3400 fuisse,
858 3336 1064 3389 monuit
1093 3352 1177 3391 me
1194 3336 1252 3391 D.
1279 3337 1469 3393 Petrus
1485 3339 1783 3406 Turnerus,
1814 3338 2117 3394 Savilianns
2139 3340 2191 3393 in

638 3425 928 3479 Academia
944 3425 1235 3483 Oxoniensi
1257 3432 1563 3485 matheseos
1580 3431 1859 3501 professor
1882 3430 2193 3486 eruditissi-

640 3536 804 3574 mus:
850 3520 969 3573 Ὅτι
999 3524 1031 3592 ἡ
1058 3521 1264 3591 λαγῶος
1302 3523 1421 3577 κατ’
1474 3524 1710 3577 ἐνιαυτὸν
1752 3523 2060 3579 πλεονεκτεῖ
2098 3524 2194 3596 τὴν

639 3612 952 3681 ἀφόδευσιψ
985 3615 1082 3667 ὅσα
1123 3615 1228 3687 γὰρ
1253 3616 1345 3686 ἔτη
1372 3617 1458 3688 ζῇ,
1501 3617 1763 3683 τοσαύτας
1810 3617 1921 3689 ἔχει
1966 3619 2192 3689 τρυπὰς.

641 3707 747 3762 Sed
775 3718 829 3762 et
870 3707 1109 3777 aliquam
1145 3710 1232 3763 hic
1261 3710 1555 3779 praeferunt
1602 3712 1885 3767 vetustatis
1936 3714 2191 3783 speciem,

640 3802 882 3872 ipsarum
912 3802 1285 3873 apocrypharu
1298 3820 1347 3857 m
1388 3805 1806 3875 scripturarum,
1835 3821 2064 3876 quarum
2080 3807 2192 3877 jam

638 3896 730 3949 diu
763 3894 818 3949 in
850 3892 1087 3948 Ecclesia
1142 3894 1408 3950 obsolevit
1453 3897 1736 3963 memoria,
1770 3899 2054 3955 citationes
2087 3915 2193 3955 non

637 4001 826 4058 paucas
857 4004 870 4039 :
896 3985 1038 4039 inter
1066 4001 1203 4055 quas
1233 3995 1287 4040 et
1317 3987 1462 4040 illam
1509 3986 1739 4043 fortasse
1782 3990 1906 4059 quis
1934 4005 2197 4045 annume-

638 4078 870 4134 raverit:
903 4076 1081 4149 Regna
1107 4080 1159 4131 in
1188 4080 1339 4132 terris
1371 4084 1545 4134 decem
1575 4081 1904 4150 regnabant:
1937 4092 1985 4137 et
2023 4099 2197 4139 resut—

637 4183 719 4243 get
750 4181 889 4235 retro
934 4170 1183 4241 pusillus,
1230 4172 1320 4242 qui
1368 4172 1587 4241 deponet
1618 4182 1720 4228 tres
1754 4175 1809 4228 in
1850 4192 2045 4241 unum;
2072 4176 2197 4231 licet

637 4278 701 4317 ea
732 4262 972 4317 Danielis
1003 4261 1239 4331 capitulo
1267 4277 1363 4329 vn,
1388 4264 1466 4316 uti
1511 4263 1639 4318 olim
1674 4264 1727 4318 in
1754 4264 1895 4318 LXX
1930 4264 2197 4336 Interpre-

640 4362 756 4407 tum
791 4354 1026 4409 editione
1062 4354 1361 4423 legebatur,
1390 4355 1729 4425 desumptam
1761 4357 1929 4413 fuisse
1950 4372 2050 4428 ego
2075 4358 2194 4429 qui-

2292 1872 2525 1941 aliosquc
2561 1886 2625 1925 ea:
2662 1869 2811 1923 libris
2858 1870 2909 1922 in
2964 1868 3283 1922 Hebraicum
3314 1865 3573 1920 Canonem
3594 1865 3800 1933 receptis,

2291 1969 2427 2035 quod
2470 1964 2669 2033 pariter
2698 1963 2892 2016 obtinet
2917 1964 2969 2015 in
3005 1959 3245 2030 Epistola
3278 1959 3347 2013 ad
3381 1958 3637 2024 Hebrteos,
3660 1966 3806 2009 aucto-

2294 2074 2408 2109 rum
2438 2056 2651 2110 nomina
2680 2055 2892 2107 minime
2915 2054 3183 2123 praeferre,
3208 2064 3255 2106 et
3299 2062 3475 2105 tamen
3522 2051 3581 2103 de
3628 2049 3804 2102 illorum

2291 2146 2394 2215 fide
2438 2147 2588 2200 nulla
2631 2156 2706 2200 est
2763 2146 3140 2200 controversia.
3200 2142 3428 2197 Interim
3474 2140 3804 2210 dispiciendum

2292 2237 2516 2304 videtur,
2544 2255 2613 2291 an
2642 2255 2735 2292 nos
2785 2239 2883 2291 hac
2937 2244 3236 2305 tempestate
3282 2236 3474 2288 rectius
3505 2234 3565 2286 de
3594 2232 3805 2301 Epistola

2292 2328 2448 2398 hujus
2502 2338 2714 2384 auctore
2760 2330 3018 2400 possimus
3072 2328 3343 2396 judicare,
3390 2343 3539 2397 quam
3587 2325 3667 2394 qui
3711 2340 3806 2392 pro-

2289 2421 2434 2474 ximo
2463 2422 2685 2476 vixerint
2736 2420 2947 2485 steculo,
2976 2420 3207 2475 Clemens
3255 2419 3654 2482 Alexandrinus,
3685 2426 3805 2483 atque

2295 2512 2562 2582 Origenes,
2615 2514 2704 2585 qui
2743 2512 2800 2568 S.
2832 2513 3093 2567 Barnabas
3141 2513 3449 2580 ascripsere.
3492 2510 3650 2563 Porro
3676 2508 3806 2559 aduo-

2293 2607 2532 2671 tandum,
2565 2608 2755 2675 scripto
2804 2605 2964 2659 alicui
3013 2622 3117 2659 non
3152 2605 3269 2658 ideo
3321 2605 3501 2656 statim
3548 2602 3689 2670 ﬁdem
3715 2617 3804 2653 om-

2293 2714 2406 2751 nem
2441 2697 2706 2767 abrogari,
2750 2699 2796 2751 si
2847 2697 2910 2750 de
2961 2697 3076 2765 ejus
3123 2707 3342 2749 auctore
3372 2694 3647 2764 aliquando
3679 2692 3805 2761 fuerit

2293 2789 2618 2851 dubitatum,
2649 2798 2741 2841 aut
2780 2788 2824 2840 si
2872 2788 3041 2857 ipsum
3094 2803 3184 2854 per
3213 2784 3431 2854 aliquod
3481 2794 3663 2852 tempus
3704 2780 3807 2833 deli-

2295 2882 2473 2933 tuerit.
2506 2879 2717 2934 Norunt
2766 2879 2960 2933 eruditi
2994 2879 3100 2933 huic
3141 2879 3257 2945 ipsa
3297 2877 3509 2946 scriptis
3539 2874 3806 2945 quibusdam

2294 2976 2346 3027 in
2376 2972 2637 3026 Cononem
2666 2987 2805 3025 nunc
2839 2980 2886 3024 et
2916 2970 3042 3023 olim
3089 2969 3307 3037 receptis
3351 2968 3630 3031 accidisse;
3658 2975 3697 3018 et
3719 2979 3806 3033 qua

2292 3065 2355 3117 de
2384 3063 2441 3119 S.
2472 3064 2732 3117 Barnaba:
2754 3062 2975 3129 epistola
3006 3060 3162 3129 refert
3204 3058 3487 3124 Eusebius,
3522 3057 3686 3110 eadem
3715 3069 3807 3108 eum

2297 3174 2396 3211 non
2436 3154 2588 3207 modo
2630 3154 2691 3206 de
2737 3152 2793 3207 S.
2836 3150 3061 3204 Joannis
3096 3150 3421 3220 Apocalypsi
3451 3159 3497 3203 et
3534 3147 3587 3203 S.
3615 3146 3749 3199 Judte
3770 3154 3807 3197 et

2295 3246 2569 3304 catholicis
2624 3244 2861 3300 omnibus
2912 3242 3187 3313 Epistolis,
3238 3244 3332 3295 sed
3378 3242 3537 3296 etiam
3572 3242 3629 3293 de
3656 3240 3735 3291 illa
3756 3237 3807 3290 ad

2299 3341 2569 3401 Hebraeos,
2604 3353 2720 3408 quia
2762 3352 2900 3391 nunc
2930 3334 2988 3390 S.
3020 3334 3191 3388 Paulo
3230 3333 3542 3398 ascribitur,
3574 3332 3680 3384 licet
3710 3328 3808 3383 olim

2297 3430 2355 3486 S.
2396 3429 2658 3484 Barnach
2692 3430 3067 3497 imputaretur,
3103 3425 3365 3479 retulisse.

2366 3522 2583 3577 Constat
2612 3518 3069 3590 Epistolamhanc,
3093 3534 3208 3587 qum
3224 3518 3333 3586 fere
3363 3526 3473 3571 tota
3500 3526 3571 3570 est
3612 3516 3659 3568 in
3696 3512 3808 3581 Syn-

2301 3632 2481 3687 agogce
2514 3614 2722 3678 ritibus,
2762 3622 2811 3667 et
2851 3621 3155 3666 sanctarum
3188 3610 3586 3681 Scripturarum
3615 3606 3808 3677 mysticis

2307 3707 2542 3763 sensibus
2585 3704 2898 3771 evolvendis,
2931 3703 2999 3757 ad
3046 3704 3192 3757 rudis
3242 3705 3389 3773 vulgi
3439 3712 3637 3773 captum
3670 3700 3808 3752 minus

2298 3797 2770 3862 accommodatam,
2797 3805 2845 3848 et
2898 3795 3116 3865 proinde
3164 3795 3448 3848 verisimile
3472 3804 3544 3848 est
3573 3812 3602 3846 a
3628 3792 3807 3845 lectione

2296 3891 2407 3961 ejus
2444 3889 2656 3961 publica
2706 3886 3002 3941 Ecclesiam
3034 3898 3148 3957 post
3179 3896 3382 3957 tempus
3435 3887 3640 3957 aliquod
3674 3882 3809 3936 absti-

2295 3984 2511 4037 nuisse:
2547 3979 2684 4051 quod
2724 3989 2772 4034 et
2815 3979 2967 4033 hodie
3009 3978 3207 4048 factum
3260 3978 3325 4032 de
3381 3976 3641 4033 nonnullis
3664 3987 3810 4027 recou-

2296 4073 2505 4128 ditioris
2549 4070 2845 4143 argumenti
2890 4067 3150 4140 periochis
3198 4083 3316 4136 qua:
3363 4067 3422 4121 in
3465 4081 3612 4120 sacro
3635 4062 3808 4118 Conone

2296 4166 2649 4221 continentur.
2687 4161 2801 4226 Hec
2842 4178 2960 4216 vero
3010 4160 3231 4230 ﬁdenter
3266 4159 3514 4225 dixerint,
3558 4151 3809 4225 Epistolam

2296 4261 2429 4314 hanc
2452 4274 2552 4330 quo
2582 4257 2807 4327 penitius
2846 4252 3191 4325 intelligetur,
3240 4268 3299 4308 eo
3326 4252 3658 4322 acceptiorem
3686 4246 3807 4317 futu-

2297 4369 2431 4420 ram,
2460 4360 2509 4408 et
2538 4350 2607 4405 ad
2643 4365 2918 4405 sacrarum
2944 4346 3296 4415 Litterarum,
3324 4362 3420 4401 nec
3452 4360 3552 4401 non
3581 4338 3809 4410 antiquis-

638 4442 760 4497 dem
784 4443 1203 4499 existimaverim
1235 4462 1247 4498 :
1275 4459 1397 4499 cum
1447 4443 1831 4502 Theodotionis
1872 4447 2193 4517 interpreta-
2225 4443 2267 4498 Ι)
2296 4450 2549 4500 simorum
2594 4441 2821 4498 Patrum
2872 4440 3219 4511 cognitionem
3245 4437 3533 4508 plurimum
3562 4436 3808 4506 facturam.

640 4534 739 4597 tio,
771 4550 934 4605 quam
968 4534 1022 4588 in
1055 4532 1295 4598 Daniele,
1322 4534 1490 4589 altera
1518 4534 1605 4589 illa
1651 4536 1978 4606 posthabita,
2010 4535 2193 4591 Eccle-

639 4627 778 4682 siam
827 4633 1014 4695 postea
1067 4626 1340 4693 recepisse
1395 4626 1682 4681 conﬁrmat
1738 4625 2190 4699 Hieronymus”,

640 4721 784 4774 hanc
809 4719 967 4774 nobis
999 4719 1158 4773 hodie
1186 4720 1471 4775 lectionem
1508 4721 1763 4776 exhibeat
1790 4739 1804 4775 :
1828 4720 1978 4775 Δέκα
2009 4723 2192 4786 ,βασι-

638 4809 766 4876 ,λεῖς
791 4808 1256 4876 ἀναστήσονται,
1287 4810 1383 4864 καὶ
1413 4812 1715 4867 ὀπίσωλ...
1746 4832 1766 4865 ι

708 4902 928 4971 Reliqua
955 4901 1354 4955 desiderantur:
1383 4905 1509 4972 quid
1562 4915 1737 4959 autem
1775 4905 2189 4974 eruditissimus,

642 4994 911 5048 Hibernia:
948 4993 1109 5063 juxta
1160 5004 1209 5048 et
1245 4997 1472 5050 melioris
1513 4997 1833 5053 litteratum
1877 5000 2097 5069 primas,
2128 5001 2191 5053 de

639 5084 871 5155 epistola:
915 5084 1070 5153 hujus
1114 5094 1325 5138 auctore
1371 5088 1610 5153 senserit,
1642 5104 1941 5159 quanquam
1996 5106 2097 5145 non
2128 5107 2191 5144 ea:

639 5181 796 5233 dictis
857 5179 1056 5249 liquido
1105 5189 1374 5248 appareat,
1418 5179 1617 5232 indicia
1664 5191 1835 5234 tamen
1882 5190 2005 5234 sunt
2060 5182 2192 5234 satis

640 5270 787 5324 clara
815 5286 932 5341 qua:
971 5271 1127 5340 ﬁdem
1175 5271 1399 5340 faciant,
1441 5272 1775 5340 propendisse
1803 5289 1921 5325 eum
1956 5272 2013 5325 in
2061 5272 2193 5326 hanc

639 5365 971 5429 sententiam,
1012 5362 1077 5417 ἰιι
1133 5362 1361 5416 crederet
1413 5379 1539 5432 opus
1580 5364 1673 5415 hoc
1728 5364 1974 5432 scriptori
2021 5364 2195 5433 ignoto

638 5455 833 5509 deberi.
863 5454 990 5509 Esto
1011 5472 1131 5526 ergo
1157 5455 1280 5509 huic
1302 5456 1444 5525 operi
1469 5455 1639 5508 aliena
1666 5472 1822 5509 manu
1848 5454 1905 5510 S.
1936 5455 2196 5511 Barnast

2299 4535 2614 4606 Quanquam
2651 4535 2788 4588 enim
2833 4542 3112 4605 perpetuus
3158 4530 3358 4585 Veteris
3399 4524 3727 4585 lnstrumenti
3755 4518 3808 4573 ad

2295 4627 2549 4681 Messiam
2599 4634 2859 4695 respectus
2900 4623 3049 4679 nobis
3105 4623 3259 4694 quasi
3287 4639 3379 4692 per
3407 4630 3723 4675 transennam
3758 4623 3807 4663 ex

2297 4718 2539 4774 Chaldcei
2563 4717 2947 4788 Paraphrastis
2972 4716 3260 4785 stricturis,
3288 4716 3600 4785 scriptorum
3628 4706 3806 4763 Talmu-

2295 4810 2553 4877 dicorum,
2584 4808 3040 4877 Rabbinorumque
3077 4805 3324 4876 malignis
3374 4793 3805 4873 interpretamentis

2294 4910 2595 4973 compareat
2627 4900 2795 4955 :olim
2835 4908 3007 4952 tamen
3050 4897 3259 4967 quando
3303 4898 3355 4951 in
3402 4896 3542 4949 omni
3571 4891 3805 4962 Synagoga

2296 4993 2721 5048 hebdomadatim
2756 5008 2863 5045 non
2907 4991 3055 5045 lecta:
3086 5000 3323 5056 tantum,
3353 4989 3443 5042 sed
3492 4996 3542 5043 ct
3586 4986 3805 5039 enarrata:

2294 5094 2441 5143 erant
2474 5085 2795 5154 Scriptura;
2816 5082 3085 5137 Midrasch
3104 5082 3199 5135 iste
3214 5081 3485 5151 mysticus,
3501 5078 3600 5132 sive
3619 5083 3801 5139 evange-

2295 5183 2427 5235 licus
2456 5178 2657 5233 Veteris
2689 5175 3374 5240 Instrumentisensus,non
3391 5172 3559 5224 minus
3605 5161 3802 5220 omnibus

2295 5270 2695 5339 innotuitquam
2739 5267 2848 5337 ipse
2875 5282 3023 5321 sacer
3056 5273 3228 5320 textus
3255 5280 3273 5317 :
3299 5273 3351 5318 et
3370 5262 3581 5334 proinde
3610 5272 3697 5311 non
3720 5251 3799 5304 mi-

2298 5379 2394 5417 nus
2426 5362 2613 5414 idonea
2644 5357 3011 5428 suppeditabat
3049 5365 3358 5427 argumenta
3381 5355 3449 5408 ad
3473 5341 3799 5406 convincendat

2297 5454 2535 5519 Judwos,
2553 5468 2709 5522 quam
2722 5468 2784 5505 ea
2801 5466 2917 5517 qua:
2929 5464 2992 5505 ea:
3003 5448 3366 5503 disertissimis
3392 5456 3647 5500 sacramm
3664 5435 3797 5491 Litte-

714 5573 756 5604 η
788 5569 1101 5646 Te_r_tullian.
1134 5572 1204 5646 De
1232 5574 1486 5644 pudicitia
1506 5614 1521 5638 ,
1550 5590 1669 5643 cap.
1691 5573 1779 5639 20,
1802 5584 1855 5646 et
1879 5590 1942 5630 ex
1961 5590 2043 5633 eo.
2078 5573 2413 5646 Hieronym.,
2436 5571 2678 5646 Catalog.
2697 5571 2877 5646 script.
2900 5567 3258 5646 ecclesiast._in
3289 5564 3503 5646 Pauly.
3548 5549 3795 5646 ‘1‘??pr

642 5641 734 5696 lib.
768 5656 815 5694 νι
851 5640 1056 5695 llistor.
1085 5640 1403 5709 ecclesiast.,
1437 5662 1497 5698 κε

643 5712 803 5766 c.58.
884 5711 925 5743 "
984 5711 1207 5780 Pra'fat.
1242 5717 1295 5767 in
1350 5711 1554 5768 Daniel.

1503 5627 1573 5713 ξρξ
1714 5627 1792 5698 is".
1812 5627 2080 5712 rdiis-3.,
2110 5627 2192 5700 ιζ]

2448 5627 2545 5698 ue'.
2625 5627 2667 5676 ἷι
2696 5627 3007 5711 Αυέιιδῐὶη.,
3044 5637 3114 5691 De
3160 5638 3357 5695 civitat.
3408 5633 3521 5700 Dei,
3563 5627 3646 5683 lib.
3670 5630 3794 5678 mlh
