4066 6330
267 271 378 329 613
1622 264 2149 322 PROLEGOMENA.
2174 218 2185 239 ἵ
3386 274 3489 327 67.;

265 404 452 442 rarum
507 386 717 441 uocibus
760 385 985 455 fuissent
1028 385 1274 440 deducta.
1319 384 1457 438 Hinc
1504 384 1705 453 factum
1729 395 1825 447 est,
1855 387 1898 437 Α
1928 383 2107 452 fuerit,
2136 383 2391 438 invidiam
2418 385 2621 455 facere;
2652 402 2713 441 ne
2736 386 2973 455 iniquum
2993 386 3239 455 petendo,
3261 403 3320 441 eo
3344 387 3484 457 quod

267 479 405 549 quod
462 478 717 532 Dominus
773 492 949 531 noster
991 486 1040 530 et
1089 477 1201 546 ejus
1229 475 1603 544 apostoli,[ere
1629 475 1827 544 passim
1930 490 2133 543 azquum
2168 483 2245 527 est
2299 475 2630 529 excidamus.
2686 475 2901 528 Modica
2955 486 3077 529 sunt
3123 493 3240 546 qute
3290 478 3343 529 in
3370 477 3485 544 ejus

261 572 515 625 adversus
565 570 781 625 Judteos
821 570 1009 625 exinde
1053 577 1361 639 argumenta
1382 567 1825 636 deprompserint;
1929 567 2157 636 gratiam
2195 566 2480 634 poscimus,
2526 583 2639 633 nec,
2686 576 2744 620 ut
2790 576 2939 637 puto,
2969 568 3127 637 facile
3154 570 3484 623 recusanda:

259 674 309 716 et
338 665 385 716 si
414 665 550 734 forte
600 663 780 732 aliqua
803 662 942 731 apud
980 671 1246 715 auctorem
1277 668 1514 713 nostrum
1541 667 1821 712 occurrant
1927 664 1985 707 ut
2016 655 2267 708 nimirum
2294 656 2342 708 si
2373 672 2475 709 non
2502 657 2626 725 ipsi,
2649 656 2838 711 saltem
2868 658 3019 711 annis
3048 660 3162 726 eius
3190 662 3354 713 honos
3383 659 3484 713 Ita-

257 772 381 824 qum
415 755 623 824 longius
668 752 833 823 petita
876 751 1137 815 videntur,
1192 747 1289 803 illa
1318 748 1460 817 ipsa,
1504 754 1597 798 aut
1642 760 1822 799 eorum
1928 746 2223 801 beatur:si
2270 764 2371 801 non
2423 749 2719 817 apostolum
2772 766 3135 819 agnoscamus,
3164 768 3281 805 eum
3310 762 3487 805 tamen
3550 764 3557 771 ‘

257 845 456 899 saltem
479 843 694 913 vestigia
719 842 775 895 in
798 839 1054 910 Epistolis
1077 838 1321 892 Paulinis
1360 838 1476 907 quis
1513 836 1706 905 poterit
1734 852 1820 889 re-
1926 854 2016 891 ceu
2044 837 2263 892 Patrem
2285 855 2611 894 reuereamur
2638 852 2728 896 :et
2768 843 2999 907 demum,
3028 844 3074 897 si
3098 860 3197 897 non
3224 844 3279 896 in
3310 842 3487 898 Cano-

254 939 451 1006 pen're,
1925 947 2040 984 nem
2067 931 2222 985 illum
2266 930 2618 1003 recipiendum
2651 936 2927 1001 ducamus,
2945 936 3133 991 saltem
3161 938 3216 990 in
3245 940 3483 993 classicis

327 1029 434 1087 Sed
469 1029 707 1083 nolumus
753 1026 1010 1099 pertinaci
1058 1024 1215 1078 nimis
1261 1022 1557 1093 patrocinio
1586 1019 1644 1077 S.
1672 1019 1816 1073 Bar—
1924 1021 2290 1091 scriptoribus,
2321 1041 2417 1095 pro
2445 1026 2705 1096 dignitate
2740 1044 2898 1097 quam
2926 1028 3055 1082 olim
3082 1030 3309 1083 obtinuit
3340 1031 3479 1100 apud

254 1125 433 1190 nabte,
466 1134 556 1178 aut
597 1122 885 1194 quicunque
912 1118 1164 1189 Epistolas
1191 1116 1348 1185 hujus
1390 1125 1576 1168 auctor
1610 1112 1815 1167 demum
1924 1111 2173 1168 Ecclesiae
2191 1116 2470 1185 scriptores
2502 1120 2918 1189 antiquissimos,
2951 1138 3302 1178 numeremus.

264 1236 3465 1271 MM

1812 1345 1931 1436 V.

337 1534 359 1615 (
388 1538 462 1598 D.
521 1535 621 1595 LE
653 1530 1000 1604 NOURRY,
1050 1527 1410 1607 Apparatus
1474 1522 1557 1585 ad
1590 1518 2451 1679 iﬁfggpflﬁcgthmaximam
2502 1539 2621 1592 vet.
2680 1529 2887 1609 Patr.,
2949 1535 3144 1597 Paris.
3218 1539 3393 1616 1703,

680 1785 1066 1841 ARTICULUS
1104 1783 1380 1840 pmMUS‘
1841 1760 1884 1814 B
1910 1770 2030 1809 rum
2055 1757 2234 1812 locum
2263 1759 2505 1831 ad0ptati
2542 1762 2839 1819 Christiani
2877 1766 3327 1834 subrogarentur.
3358 1768 3465 1825 De-

570 1902 814 1972 Analysis
842 1900 1094 1970 Epistolas
1125 1899 1183 1954 S.
1211 1896 1492 1952 Barnabaz.

325 2021 528 2075 Auctor
557 2018 720 2088 hujus
750 2015 999 2085 Epistolaa
1018 2057 1033 2083 ,
1058 2014 1339 2084 praemissa
1363 2026 1552 2066 eorum
1578 2010 1643 2064 ad
1670 2023 1809 2079 quos

245 2114 446 2170 scribit
482 2111 631 2167 brevi
688 2109 1053 2173 salutatione,
1112 2107 1298 2160 laudat
1346 2104 1561 2157 illorum
1615 2102 1806 2167 ﬁdem,

244 2208 574 2263 charitatem
597 2247 610 2270 ,
642 2204 877 2272 aliaque,
909 2200 1110 2271 quibus
1139 2197 1329 2268 repleti
1361 2203 1536 2259 erant,
1574 2192 1809 2262 Spiritus

243 2300 430 2354 sancti
456 2296 619 2352 dona.
662 2293 819 2348 Nulla
843 2308 971 2348 vero
999 2292 1106 2345 alia
1138 2291 1349 2344 ratione
1380 2287 1621 2341 animum
1655 2300 1711 2339 se
1740 2284 1807 2338 ad

242 2390 603 2446 scribendum
631 2388 904 2457 appulisse
938 2384 1239 2455 profitetur,
1272 2381 1377 2435 nisi
1410 2389 1469 2434 ut
1495 2380 1653 2434 ﬁdem
1690 2379 1810 2433 illo-

244 2498 377 2538 rum
423 2480 791 2551 perfectiorem
849 2473 1585 2542 redderet,‘ostenderetque
1637 2471 1805 2526 Deum

246 2576 375 2629 ideo
400 2574 688 2644 pr0phetas
728 2585 828 2626 suo
875 2569 1073 2638 Spiritu
1121 2568 1366 2632 aﬁlasse,
1400 2574 1461 2620 ut
1488 2564 1665 2620 foedus
1709 2580 1808 2618 no-

245 2681 382 2719 vum
409 2704 423 2729 ,
467 2663 841 2718 lncarnatione
888 2660 1009 2715 Filii
1061 2662 1147 2716 sui
1184 2658 1513 2725 ineundum,
1552 2658 1807 2712 omnibus

245 2756 696 2825 prauuntiarent.
747 2752 885 2808 Hinc
931 2753 1018 2807 ille
1068 2760 1450 2822 argumentum
1503 2766 1662 2805 suum
1714 2766 1808 2820 ago

244 2863 494 2919 gressus,
523 2864 589 2903 ex
622 2847 935 2902 eorumdem
966 2844 1357 2917 prophetarum
1384 2842 1619 2897 oraculis
1644 2840 1804 2896 Chri-

244 2949 397 2995 stum
439 2937 725 2991 Dominum
772 2937 895 3006 jure
960 2935 1153 2989 merito
1209 2934 1341 3002 legis
1409 2931 1659 2987 Mosaicze
1711 2932 1806 2984 ab-

240 3045 476 3101 rogasse
501 3027 765 3084 sacriﬁcia
787 3068 800 3093 ,
830 3027 1089 3096 nullaque
1116 3025 1220 3079 alia
1243 3066 1259 3091 ,
1297 3040 1462 3094 quam
1494 3022 1717 3093 spiritus
1752 3030 1806 3075 et

194 3168 197 3169 ν
243 3093 432 3178 cordis
458 3121 733 3191 postulare
766 3093 1119 3173 demonstrat.
1144 3093 1506 3183 Quamobrem
1544 3116 1667 3169 illos
1691 3114 1802 3170 sol-
1829 3093 1871 3151 (ἶ

242 3216 394 3268 licite
421 3213 692 3274 admonet,
721 3210 788 3263 ab
815 3209 881 3262 iis
902 3215 1162 3272 caveant,
1186 3206 1277 3275 qui
1321 3206 1488 3275 legem
1516 3204 1716 3277 Moysis
1749 3212 1803 3259 et

240 3306 453 3360 Christi
474 3304 638 3358 simul
666 3302 1056 3357 observandam
1073 3314 1193 3353 esse
1216 3299 1493 3352 docerent.
1528 3297 1652 3351 ldeo
1673 3311 1801 3351 vero

241 3400 396 3452 illam
440 3396 725 3451 rescissam
772 3408 891 3449 esse
934 3391 1127 3457 probat
1156 3408 1169 3444 :
1197 3398 1254 3442 ut
1282 3388 1490 3443 dilectio
1517 3388 1645 3442 Jesu
1678 3404 1802 3441 con-

236 3492 482 3561 signetur
514 3490 570 3542 in
597 3487 841 3541 cordibus
868 3486 1051 3539 vestris
1076 3483 1133 3537 in
1157 3498 1297 3551 spem
1331 3482 1451 3551 ﬁdei
1474 3481 1657 3547 illius;
1689 3482 1801 3536 bis-

240 3600 354 3654 que
377 3584 551 3637 tribus
578 3580 866 3634 virtutibus
890 3617 905 3643 ,
929 3575 1241 3629 meditemur
1288 3575 1525 3628 timorem
1568 3574 1701 3641 Dei,
1749 3586 1798 3628 et

239 3674 603 3729 custodiamus
632 3672 884 3725 mandata
926 3671 1091 3725 illius.
1142 3668 1380 3723 Subinde
1412 3668 1533 3721 aliis
1568 3666 1795 3735 prophe-

238 3777 423 3823 tarum
473 3767 606 3820 locis
660 3764 875 3833 planum
927 3763 1111 3833 utique
1157 3759 1287 3815 facit
1334 3758 1615 3814 Christum
1677 3758 1798 3812 ideo

240 3874 467 3914 carnem
516 3855 757 3911 induisse
780 3895 795 3918 ,
844 3862 1182 3922 mortemque
1213 3852 1446 3917 obiisse,
1478 3860 1569 3913 ut,
1608 3850 1798 3905 mortis

239 3952 474 4021 imperio
500 3951 796 4012 destructo,
824 3948 1081 4002 mundum
1114 3945 1378 4015 sanguine
1409 3959 1511 3998 suo
1561 3944 1796 3999 redime-

242 4051 347 4099 ret.
372 4042 530 4109 Quod
562 4040 730 4096 Judazi
756 4056 879 4096 cum
916 4040 1135 4095 credere
1166 4041 1471 4105 noluerint,
1498 4039 1671 4093 voluit
1707 4037 1796 4091 ille

240 4135 597 4204 Evangelium
639 4149 797 4189 suum
829 4134 1087 4189 omnibus
1134 4133 1385 4203 gentibus
1430 4133 1499 4187 ab
1534 4131 1796 4201 apostolis

240 4226 549 4298 pmedicari.
577 4226 737 4279 Addit
762 4226 1045 4279 Christum
1076 4227 1179 4279 etsi
1201 4239 1268 4278 ex
1296 4223 1473 4278 Patris
1502 4231 1792 4292 praecepto,

238 4319 406 4374 sicuti
432 4317 746 4388 praedictum
779 4316 976 4382 fuerat,
1002 4317 1194 4372 lubens
1223 4326 1470 4371 mortuus
1498 4317 1591 4382 sit,
1616 4316 1793 4385 ipsum

1914 1845 2075 1915 nique
2113 1858 2398 1919 postquam
2424 1852 2489 1906 de
2517 1850 2737 1908 Sabbati
2770 1856 3153 1925 celebratione,
3178 1860 3476 1925 Dominica:

1910 1936 2016 1990 diei
2069 1938 2440 2010 institutione,
2487 1946 2672 2015 templi
2725 1946 3199 2021 llierosolymitani
3254 1954 3472 2008 destru-

1909 2028 2106 2095 ctione,
2138 2029 2341 2100 Deique
2387 2033 2442 2086 in
2481 2036 2740 2091 COl'dlbllS
2767 2040 2969 2094 nostris
2995 2041 3331 2097 habitatione
3358 2044 3474 2099 dis-

1910 2121 2099 2183 seruit,
2123 2123 2351 2190 primam
2376 2125 2580 2180 claudit
2600 2127 2852 2197 Epistolze
2880 2141 3109 2200 partem.

1979 2209 2037 2265 In
2082 2216 2354 2283 secunda,
2398 2235 2521 2288 qua:
2556 2220 2775 2275 brevior
2799 2232 2911 2289 est,
2955 2225 3152 2295 stylum
3189 2226 3255 2280 ad
3302 2227 3475 2281 infor-

1907 2306 2135 2362 mandos
2174 2307 2608 2367 Christianorum
2656 2330 2835 2370 mores
2871 2319 3176 2385 convertit;
3226 2320 3473 2390 duasque

1907 2408 2194 2468 eapropter
2258 2402 2596 2459 demonstrat
2670 2422 2789 2460 esse
2845 2408 3129 2463 hominum
3192 2412 3331 2466 vias.
3404 2410 3474 2467 Et.

1906 2491 2140 2558 priorem
2179 2493 2394 2561 quidem
2420 2538 2435 2562 ,
2467 2496 2551 2551 cui
2580 2497 2754 2567 angeli
2795 2508 3069 2567 praesunt,
3113 2518 3342 2571 quaeque
3385 2506 3471 2559 via

1908 2581 2040 2636 lucis
2079 2582 2316 2653 dicitur,
2363 2604 2487 2642 cum
2531 2589 2801 2658 explicat,
2836 2590 2910 2644 ibi
2947 2592 3076 2661 quid
3121 2592 3470 2650 Christianus

1906 2689 2083 2745 agere,
2116 2678 2243 2746 quid
2270 2677 2457 2748 fugere
2482 2680 2696 2745 debeat,
2741 2682 2983 2735 onmium
3012 2684 3187 2739 oculis
3221 2686 3467 2756 subjicit.

1904 2766 2265 2826 Posteriorem
2298 2788 2459 2839 vero,
2486 2789 2606 2843 qua:
2651 2777 2827 2827 subest
2872 2775 3072 2845 angelis
3117 2774 3369 2841 Satanae.
3417 2786 3469 2832 et

1905 2864 1989 2918 via
2019 2866 2346 2918 tenebrarum
2398 2867 2847 2936 cognominatur,
2902 2869 3244 2937 explanando
3288 2871 3466 2939 palam

1906 2953 1994 3009 ille
2024 2953 2154 3009 facit
2179 2972 2300 3026 qua:
2332 2958 2442 3011 sint
2468 2959 2620 3023 vitia,
2660 2967 2714 3013 et
2756 2959 2897 3014 mala
2921 2974 3119 3029 opera,
3152 2961 3351 3032 quibus
3383 2961 3467 3016 in-

1905 3044 2127 3114 quinata
2180 3047 2360 3101 anima
2392 3049 2569 3117 poenis
2601 3049 2798 3104 inferni
2846 3051 3138 3108 addicitur.
3174 3051 3464 3106 Postremo

1908 3146 1963 3191 ut
2003 3137 2284 3208 imperatis
2325 3139 2522 3195 divinis
2583 3155 2791 3195 morem
2843 3152 3069 3212 gerant,
3120 3143 3462 3209 adhortatur,

1901 3238 2386 3300 comprecaturque
2435 3240 2495 3285 ut
2545 3234 2628 3286 sui
2673 3234 3020 3288 meminerint
3076 3234 3219 3304 apud
3269 3233 3461 3299 Deum,

1900 3317 2058 3387 cujus
2104 3318 2159 3372 in
2205 3322 2377 3389 gratia
2412 3329 2473 3375 ut
2521 3338 2735 3392 semper
2788 3332 3079 3393 maneant,
3123 3326 3461 3394 expetendo,

1901 3407 2154 3478 Epistola:
2182 3412 2498 3467 coronidem
2532 3414 2779 3483 imponit.

2417 3524 2812 3581 ARTICULUS
2852 3527 2912 3584 ll.

1901 3612 2053 3667 Hanc
2083 3615 2357 3688 epistolgm
2382 3617 2621 3688 eamdem
2650 3634 2781 3682 esse,
2809 3634 2925 3688 qum
2971 3617 3033 3669 ab
3076 3619 3462 3688 antiquissimis

2264 3684 2515 3739 Ecclesia:
2544 3686 2795 3740 Patribus
2820 3684 3095 3743 laudatur.

1966 3774 2194 3831 Constat
2224 3775 2518 3846 Epistolam
2566 3777 2705 3832 hanc
2738 3778 2982 3831 eamdem
3010 3793 3131 3831 esse
3150 3817 3165 3841 ,
3194 3794 3356 3847 quam
3390 3778 3462 3831 ab

1900 3866 2408 3936 antiquissimorum
2434 3866 2688 3921 Ecclesia:
2718 3877 3021 3937 temporum
3047 3865 3301 3919 Patr-ibus
3322 3864 3458 3919 Bar-

1898 3962 2050 4015 nabte
2080 3959 2300 4013 nomine
2327 3957 2549 4013 citatam
2580 3957 2750 4013 fuisse
2775 3974 2839 4012 ex
2867 3958 3182 4012 eorumdem
3215 3956 3462 4010 testimo-

1898 4052 2002 4106 niis
2030 4052 2250 4121 planum
2294 4052 2371 4104 ﬁt.
2414 4049 2471 4103 ld
2514 4059 2695 4104 autem
2750 4050 2831 4103 vel
2881 4065 2945 4102 ex
2995 4049 3110 4102 sola
3162 4046 3459 4101 Clementis

1895 4142 2247 4196 Alexandrini
2280 4140 2605 4195 auctoritate
2637 4139 2996 4193 invictissime
3026 4140 3453 4193 demonstratur.

1896 4234 2043 4298 Quos
2072 4234 2213 4287 enim
2241 4248 2308 4287 ex
2330 4248 2393 4287 ea
2417 4233 2567 4286 locos
2598 4231 2844 4300 protulit,
2878 4232 2912 4285 ii
2957 4246 3024 4283 ex
3055 4229 3309 4299 Epistolas
3347 4229 3456 4282 ini-

1896 4327 1993 4389 tio,
2036 4326 2129 4380 ubi
2174 4324 2359 4379 Graeca
2384 4324 2545 4379 verba
2586 4323 2794 4389 deleta,
2826 4330 2989 4392 atque
3032 4336 3097 4375 ex
3129 4320 3342 4387 medio,
3391 4336 3457 4376 ac

239 4422 427 4466 tamen
450 4427 633 4466 Verum
661 4426 781 4466 esse
807 4410 895 4464 Dei
926 4410 1147 4464 Filium.
1167 4410 1411 4479 Ειριὶεειι
1438 4409 1633 4464 deinde
1654 4423 1793 4479 (100-
1822 4424 1871 4485 1)
1896 4420 2112 4473 tandem
2137 4431 2203 4471 ex
2227 4417 2333 4471 ﬁne
2355 4458 2371 4481 ,
2395 4415 2485 4469 ubi
2512 4414 2704 4468 Latina
2734 4412 3103 4481 interpretatio
3129 4411 3329 4475 deﬁcit,
3358 4426 3458 4464 ex-

234 4504 407 4557 modo
454 4503 729 4572 propheta:
771 4511 826 4556 et
864 4501 1044 4556 verbis
1092 4510 1146 4554 et
1194 4501 1381 4570 ﬁguris
1433 4499 1792 4568 signiﬁcarint

232 4597 523 4651 Christum
550 4597 603 4649 in
631 4595 883 4665 passione
911 4604 1065 4649 aceto
1087 4603 1140 4649 et
1164 4592 1284 4648 felle
1314 4592 1631 4662 potandum,
1665 4607 1794 4661 pur-

233 4703 379 4759 pura
426 4688 787 4752 induendum,
837 4686 1008 4755 spinis
1061 4684 1473 4750 coronandum;
1527 4682 1622 4737 sed
1678 4682 1794 4736 haec

235 4779 424 4831 omnia
470 4779 649 4833 surdis
683 4776 991 4832 Judazorum
1038 4776 1263 4829 auribus
1309 4775 1613 4829 decantata.
1668 4767 1795 4825 Inde

236 4879 426 4925 autem
464 4870 664 4939 colligit
692 4885 851 4924 aures
877 4868 1057 4924 cordis
1086 4865 1573 4929 circumcidendas,
1607 4864 1793 4919 docet-

233 4980 347 5035 que
370 4963 835 5019 circumcisionem
859 4960 1169 5015 Iudaeorum
1208 4959 1566 5027 antiquatam,
1592 4953 1792 5009 Mosai-

235 5071 446 5126 easque
481 5056 645 5125 leges,
683 5055 881 5125 quibus
910 5052 1014 5109 cibi
1066 5050 1312 5106 nonnulli
1340 5047 1788 5118 prohibebantur,

237 5146 513 5217 spirituali
542 5162 705 5201 sensu
729 5144 1124 5215 intelligendas.
1152 5142 1282 5197 Post
1316 5143 1430 5195 Itan
1459 5137 1699 5194 ostendit
1722 5137 1789 5190 ab

239 5239 434 5293 iisdem
479 5238 751 5309 prophetis
818 5238 1039 5307 insuper
1100 5233 1519 5306 praznuntiatum
1561 5231 1676 5286 fore
1733 5237 1791 5282 ut

236 5331 411 5390 Judaei
460 5347 558 5387 nec
584 5331 784 5387 Christi
813 5330 1079 5400 baptismo
1114 5328 1492 5393 abluerentur,
1538 5341 1638 5381 nec
1666 5340 1792 5380 cru-

239 5443 364 5485 cem
394 5428 514 5498 ejus
535 5432 904 5497 agnoscerent,
926 5433 1089 5494 atque
1109 5422 1179 5478 ob
1203 5420 1445 5491 ejusdem
1477 5416 1678 5473 Christi
1708 5416 1778 5471 ab

240 5522 352 5578 illis
380 5522 641 5593 ejuratam
669 5518 1001 5575 divinitatem
1038 5513 1348 5573 exbaredes
1382 5512 1508 5570 facti
1535 5551 1551 5577 ,
1590 5512 1645 5568 in
1687 5523 1781 5566 eo-

312 5712 363 5781 _"
378 5708 535 5765 Varia
564 5725 733 5764 sacra.

1897 4518 2111 4580 cerptos
2146 4524 2267 4563 esse
2314 4506 2821 4561 manifestissimum
2869 4513 2971 4559 est.
3017 4502 3231 4557 Erravit
3286 4503 3457 4572 igitz'r

1896 4601 2145 4672 Moynius
2171 4600 2234 4665 ¹⁶,
2261 4598 2591 4654 Calviniana:
2634 4607 2791 4651 sectae
2819 4594 2947 4649 olim
2995 4594 3319 4663 Rothomagi
3352 4594 3455 4646 mi-

1900 4698 2097 4761 nister,
2123 4693 2217 4764 qui
2247 4692 2602 4763 posteriorem
2647 4691 2809 4762 hujus
2840 4689 3091 4760 Epistolae
3116 4696 3323 4758 partem
3353 4702 3454 4743 nec

1900 4785 2142 4856 ejusdem
2174 4783 2487 4854 scriptoris,
2521 4798 2620 4837 nec
2648 4782 2891 4852 ejusdem
2941 4781 3067 4851 styli
3119 4794 3183 4833 ac
3216 4778 3451 4848 priorem

1898 4878 2069 4933 videri
2099 4877 2393 4932 arbitratus
2422 4884 2523 4930 est.
2570 4872 2719 4928 Hane
2750 4873 2948 4943 quippe
2999 4872 3169 4941 ipsam
3206 4877 3412 4940 partem
3432 4907 3450 4936 ,

1898 4979 2091 5041 praeter
2114 4976 2473 5023 memoratum
2517 4964 2847 5020 Clementem
2880 4964 2948 5017 ab
2980 4962 3209 5030 Origene
3249 4959 3454 5029 Grego-

1898 5064 2086 5131 rioque
2113 5060 2458 5115 Nazianzeno
2484 5058 2672 5112 eodem
2699 5056 2963 5110 Barnabaa
2987 5054 3206 5108 nomine
3227 5052 3449 5106 citatam
3510 5034 3518 5045 ’

1895 5155 2147 5225 legimus.

2403 5240 2797 5297 ARTICULUS
2836 5239 2927 5295 lll.

1892 5341 1970 5397 De
2016 5350 2228 5394 auctore
2265 5336 2419 5405 hujus
2466 5334 2699 5419 epistola:
2747 5334 3079 5402 antiquorum
3129 5336 3446 5394 scriptorum

2516 5421 2811 5474 opiniones.

1963 5505 2100 5561 Tota
2143 5503 2307 5574 igitur
2334 5502 2399 5557 de
2428 5500 2531 5555 hac
2562 5498 2797 5569 Epistola
2832 5493 3118 5551 diﬁicultas
3150 5491 3205 5545 iu
3228 5502 3296 5545 eo
3325 5499 3448 5543 ve”-
