4066 6330
714 267 821 323 675

1770 263 1824 317 s.
1865 220 2232 317 BAltNABAS
2269 261 2693 317 APOSTOLUS.

3756 268 3834 323 lilii

714 393 900 451 satur,
950 392 1134 438 utrum
1181 399 1213 437 a
1251 371 1500 438 Barnaba
1552 376 1829 447 apostolo,
1857 376 2015 445 cujus
2052 373 2268 444 praefert
2294 380 2341 439 Α
2370 377 2521 430 nabae
2577 374 2789 445 penitus
2831 357 3179 442 abjudicant,
3228 380 3283 427 et
3337 373 3674 442 apocrypham
3716 385 3839 447 atque

715 491 933 540 nomen,
966 490 1093 529 vere
1124 472 1364 544 profecta
1409 472 1499 525 sit.
1524 468 1639 522 Non
1679 482 1784 521 una
1815 466 2077 535 siquidem
2102 481 2164 518 ea
2199 466 2266 520 de

715 585 775 624 re
823 569 1169 639 antiquorum
1222 564 1478 620 Ecclesiae
1515 562 1738 616 Patrum
1800 559 1903 613 luit
1972 558 2261 613 sententia.

713 662 1050 716 Posteriores
1087 673 1217 713 vero
1248 656 1538 723 scriptores
1569 653 1622 705 in
1652 652 1835 721 plures
1875 650 2156 719 magisque
2183 646 2266 702 di—

712 770 898 809 versas
929 752 1210 823 opiniones
1233 748 1498 802 abierunt.
1531 744 1781 799 Clemens
1806 741 2004 797 etenim
2034 741 2267 794 Alexan-

712 846 904 900 drinus
937 844 1119 898 nullus
1146 854 1383 909 unquam
1412 835 1677 891 dubitavit
1704 850 1822 888 eam
1856 848 2045 887 verum
2076 830 2263 901 genui-

715 953 956 1007 numque
998 935 1165 989 fetum
1220 947 1339 986 esse
1381 928 1639 982 Barnaba:
1664 968 1679 991 ,
1724 941 1883 995 quem
1914 924 2218 993 apostolum
2247 964 2260 985 ,

711 1030 889 1086 virum
923 1026 1298 1097 apostolicum,
1329 1036 1495 1075 unum
1522 1034 1588 1072 ex
1637 1017 1994 1086 septuaginta,
2029 1025 2083 1071 et
2112 1015 2263 1069 Pauli

714 1121 1014 1191 adjutorem
1043 1116 1293 1186 appellat.
1321 1111 1445 1166 Haec
1470 1109 1649 1163 videre
1673 1116 1754 1163 est
1783 1108 1837 1161 in
1861 1107 2006 1162 illius
2025 1105 2265 1160 Stroma—

715 1224 825 1266 tum
858 1211 1009 1265 libris
1040 1206 1315 1271 secundo,
1369 1203 1557 1273 quinto
1603 1209 1657 1254 et
1701 1207 1854 1253 sexto
1880 1199 1943 1251 ’⁷.
1995 1198 2261 1253 Clementi

712 1311 891 1357 autem
960 1296 1273 1369 prmceptori
1318 1309 1418 1349 suo
1464 1291 1793 1360 subscripsit
1844 1288 2101 1360 Origenes
2144 1306 2157 1340 :
2201 1306 2265 1344 ac

710 1402 897 1465 postea
922 1389 1214 1460 Gregorius
1237 1385 1609 1440 Nazianzenus
1634 1383 1881 1451 Origenis
1911 1381 2081 1451 ipsius
2101 1380 2263 1435 verba

712 1482 1142 1547 transcribendo,
1170 1480 1221 1533 in
1249 1479 1435 1533 eadem
1478 1490 1696 1545 quoque
1725 1472 1978 1541 opinione
2010 1487 2067 1527 se
2098 1471 2264 1527 fuisse

712 1576 856 1632 haud
881 1575 1111 1630 obscure
1141 1568 1488 1641 signiﬁcavit.

2366 467 2766 535 supposititiam
2813 480 2933 521 esse
2982 465 3335 520 contendunt.
3381 464 3570 518 Contra
3606 480 3716 520 vero
3752 467 3836 523 lla-

2366 561 2928 627 mondus,Vossius,
2975 560 3158 613 Bullus
3209 568 3265 613 et
3313 558 3566 628 Dupinius
3610 574 3711 614 eam
3759 576 3840 619 non

2366 655 2529 707 alium
2569 670 2731 723 quam
2786 652 3089 707 Barnabam
3144 660 3420 706 auctorem
3463 652 3648 708 habere
3688 670 3843 725 propu-

2366 753 2548 807 gnant.

2883 852 3279 909 ARTICULUS
3322 854 3383 908 V.

2613 946 2853 1000 Primum
2894 957 3258 1017 argumentum
3294 946 3633 1000 examinatur.

2435 1038 2539 1105 Qui
2577 1038 2870 1108 Epistolam
2900 1040 3039 1094 hanc
3065 1039 3326 1093 Barnabas
3357 1038 3668 1107 abjudicant,
3693 1039 3762 1093 his
3784 1041 3846 1097 ni—

2367 1142 2552 1188 tuntur
2582 1130 2933 1202 argumentis.
2964 1130 3028 1184 Et
3052 1132 3227 1200 primo
3262 1130 3479 1199 quidem
3509 1129 3545 1183 ii
3586 1127 3771 1184 Eusebii
3788 1142 3848 1193 at.

2363 1239 2469 1293 que
2516 1222 2868 1294 Hieronymi,
2914 1224 3005 1292 qui
3054 1239 3170 1277 eam
3217 1223 3283 1276 ad
3316 1220 3612 1292 apocrypha
3636 1229 3682 1275 et
3710 1223 3848 1289 spuria

2364 1311 2653 1384 ablegant,
2698 1313 3019 1367 auctoritate
3046 1327 3075 1365 a
3102 1311 3259 1365 nobis
3287 1311 3537 1380 superius
3558 1311 3699 1364 allata
3723 1320 3848 1365 utun-

2365 1413 2471 1467 tur.
2512 1404 2676 1461 Docet
2716 1405 2914 1475 quippe
2948 1404 3088 1458 idem
3119 1403 3540 1474 Hieronymus"
3566 1419 3577 1454 :
3600 1404 3850 1472 Apocryplto

2361 1514 2539 1551 eorum
2582 1514 2681 1552 non
2708 1513 2818 1552 esse
2849 1514 3067 1568 quorum
3097 1496 3268 1551 titulis
3295 1504 3678 1566 prtenotantur:
3703 1495 3785 1561 vel,
3808 1503 3849 1549 ut

2364 1591 2516 1645 addit
2539 1591 2787 1645 Gelasius
2821 1607 2982 1660 papa,
3016 1591 3200 1659 aliquo
3231 1589 3545 1643 inﬁciuntur
3569 1605 3748 1644 errore.
3773 1590 3848 1643 Alii

786 1668 982 1767 Ϋοτιξξη
1014 1665 1273 1767 advel?“
1296 1656 2262 1767 9‘_°"‘_e"g‘ff“,
2294 1714 2335 1767 Β
2363 1692 2540 1738 tamen
2584 1691 2780 1753 negant
2822 1656 3037 1737 Eusebii
3077 1656 3497 1750 llieronymique
3544 1679 3605 1733 de
3646 1678 3852 1733 Barnabas

713 1757 989 1821 sobius“;
1019 1751 1457 1826 quandoquidem
1494 1749 1585 1803 ubi
1612 1749 1678 1802 de
1701 1748 1946 1816 ejusdem
1972 1747 2265 1802 Clementis

712 1849 977 1918 Operibus
1025 1857 1328 1901 sermonem
1376 1839 1609 1895 instituit
1643 1853 1653 1886 ε
1692 1836 1756 1890 In
1801 1837 2022 1904 iisdem,
2062 1839 2267 1908 inquit,

714 1941 862 1995 libris
884 1939 1037 2008 affert
1064 1935 1359 1996 testimonia
1387 1933 1803 2002 Scripturarum,
1822 1946 1935 1999 qua:
1953 1949 1983 1983 a
2009 1931 2270 1983 nonnullis

715 2033 1080 2103 repudiantur,
1106 2046 1282 2098 nempe
1303 2044 1367 2085 ex
1392 2025 1668 2096 Sapientia
1702 2024 2023 2089 Salomonis,
2058 2024 2180 2076 item
2208 2038 2271 2076 ea:

716 2122 956 2196 Epistola
1000 2122 1281 2177 Clementis
1332 2136 1392 2172 ac
1422 2117 1704 2173 Barnaba.
1743 2116 1809 2171 Et
1846 2116 2008 2185 paulo
2051 2124 2172 2185 post
2189 2115 2267 2167 ηε

716 2219 866 2274 Idem
891 2218 945 2270 in
977 2215 1124 2269 libris
1164 2209 1594 2266 Ὑποτυταῦσεων
1618 2209 1873 2273 omnium,
1909 2218 1964 2260 ut
1996 2224 2097 2260 uno
2124 2207 2272 2261 verba

714 2314 889 2367 dicam
916 2352 931 2378 ,
962 2309 1231 2377 utriusque
1279 2302 1596 2357 Testamenti
1624 2302 2009 2371 scripturarum
2030 2315 2271 2367 compen-

714 2406 917 2458 diosam
946 2400 1162 2455 instruit
1194 2396 1575 2459 narrationem,
1602 2409 1662 2446 ne
1685 2393 1795 2447 illis
1822 2392 2029 2463 quidem
2058 2400 2274 2461 praeter-

623 2482 637 2501 ’
716 2496 887 2549 missis
916 2491 1214 2563 scripturis,
1248 2489 1310 2541 de
1337 2486 1523 2557 quibus
1560 2485 1697 2539 inter
1733 2483 1925 2538 multos
1965 2482 2269 2552 ambigitur,

714 2588 873 2641 Iuda:
900 2584 1187 2655 Epistolam
1207 2623 1222 2646 ,
1244 2592 1291 2636 et
1323 2580 1601 2644 Barnaba,
1638 2594 1699 2631 ac
1732 2576 1961 2645 reliquas
1985 2573 2270 2629 catholicas

717 2679 985 2751 Epistolas
1035 2676 1290 2746 intelligo.
1348 2672 1486 2727 Tum
1532 2670 1769 2740 denique
1799 2683 1865 2723 ex
1904 2681 2004 2721 sua
2040 2665 2121 2720 sic
2159 2665 2273 2733 ipse

715 2771 981 2829 sententia
1031 2768 1345 2840 pronuntiat
1367 2766 1452 2819 ²⁰ε
1487 2764 1596 2817 Pro
1646 2761 1841 2831 spuriis
1887 2756 2113 2811 habendi
2153 2766 2273 2810 sunt

713 2868 873 2921 etiam
911 2864 1073 2916 Actus
1112 2858 1343 2914 Pauli...
1374 2855 1637 2920 Barnaba:
1659 2854 1786 2906 item
1827 2849 2090 2919 Epistula.
2122 2848 2275 2905 Unde

715 2956 985 3026 intelligas
1015 2951 1307 3008 Eusebium
1334 2990 1350 3014 ,
1382 2944 1742 3017 quorumdam
1772 2942 2139 3012 antiquiorum
2182 2957 2273 2995 ve-

2370 1774 2604 1846 Epistola
2650 1774 2813 1828 verba
2843 1773 3037 1827 debere
3067 1773 3331 1826 alterutro
3376 1786 3533 1825 sensu
3565 1770 3733 1838 accipi.
3765 1768 3850 1824 Non

2370 1868 2584 1937 quidem
2610 1866 2805 1935 primo,
2838 1880 2960 1919 eum
3008 1862 3301 1931 Epistulam
3348 1862 3488 1914 hanc
3527 1858 3754 1912 Barnabas
3782 1874 3853 1911 no-

2370 1960 2515 2013 mine
2545 1956 2766 2011 inscribi
2798 1972 2905 2009 non
2945 1954 3271 2016 inlicientur,
3325 1968 3390 2005 ac
3417 1951 3745 2021 Hieronymus
3764 1965 3849 2003 eam

2372 2067 2402 2105 a
2445 2050 2691 2103 Barnaba
2732 2048 3091 2116 compositam
3135 2060 3256 2099 esse
3311 2043 3556 2097 allirmet.
3604 2041 3759 2110 Neque
3791 2056 3851 2095 se-

2371 2141 2567 2206 cundo,
2595 2156 2715 2195 cum
2747 2140 2892 2193 illam
2918 2154 3023 2191 non
3074 2144 3280 2190 tantum
3311 2136 3488 2189 omnis
3511 2134 3693 2188 erroris
3711 2148 3850 2201 etper-

2374 2243 2501 2297 tem,
2534 2232 2624 2286 sed
2652 2232 2837 2295 etiam,
2864 2238 2925 2283 ut
2958 2227 3033 2282 ait
3060 2226 3421 2297 Hieronymus
3442 2226 3505 2291 “,
3531 2225 3594 2277 ad
3614 2224 3853 2291 wdiﬁcatio-

2374 2341 2487 2379 nem
2509 2323 2758 2377 Ecclesia?
2783 2323 3121 2393 pertinentem
3141 2328 3451 2389 agnoscant.
3476 2316 3550 2371 Eo
3569 2317 3713 2388 igitur
3730 2330 3851 2370 sensu

2372 2435 2490 2474 eam
2538 2427 2765 2487 uterque
2811 2417 3050 2484 spuriam
3094 2421 3149 2467 et
3195 2412 3556 2481 apocrypham
3598 2424 3705 2463 esse
3738 2404 3852 2471 dixit,

2373 2510 2516 2579 quod
2542 2510 2682 2563 inter
2711 2506 3005 2561 canonicos
3034 2504 3230 2559 divinae
3268 2502 3562 2572 Scriptura
3604 2499 3747 2553 ﬁbras
3774 2510 3854 2550 non

2373 2602 2773 2657 adnumeratur.

2444 2692 2644 2748 Verum
2681 2706 2745 2746 ex
2780 2688 2953 2759 posita
2995 2690 3121 2743 olim
3164 2687 3231 2741 ab
3267 2685 3567 2757 Augustino
3600 2680 3755 2752 regula
3788 2694 3854 2732 ur-

2375 2791 2500 2854 gent
2518 2797 2707 2836 eorum
2737 2779 3070 2845 adversarii;
3114 2792 3177 2831 ea
3223 2792 3456 2845 quaeque
3492 2774 3676 2842 scripta
3709 2771 3765 2823 ab
3785 2766 3856 2819 Ec-

2373 2874 2534 2931 clesia
2560 2872 2724 2943 recipi
2758 2871 3028 2935 debuisse,
3060 2884 3182 2939 quas
3202 2885 3231 2924 a
3254 2868 3503 2940 quolibet
3524 2863 3747 2936 apostolo
3766 2874 3857 2931 pto-

2373 2968 2540 3023 diisse
2568 2965 2891 3021 constiterit.
2932 2963 3061 3018 Inde
3100 2964 3300 3033 quippe
3348 2970 3567 3017 sanctus
3603 2958 3683 3011 ille
3714 2955 3857 3008 doctor

715 3047 889 3117 sugiis
932 3041 1275 3107 inlmrendo’
1323 3038 1617 3108 Epimlam
1656 3034 1916 3125 Ralm,”
1946 3048 2044 3102 pro
2087 3032 2269 3102 spuria
2297 3062 2337 3121 C
2370 3069 2559 3117 contra
2594 3057 2963 3114 adversarium
2997 3054 3154 3125 Legis
3198 3064 3252 3108 et
3290 3053 3671 3122 Prophetarum
3712 3046 3855 3105 libros,

716 3136 992 3192 habuisse.
1021 3132 1381 3201 Ilieronymus
1410 3143 1537 3181 vero
1559 3127 1601 3156 “
1632 3126 1780 3179 illam
1820 3124 1952 3177 inter
1972 3126 2270 3193 Scripturas

715 3228 1042 3299 apocryphas
1100 3224 1371 3278 amandat.
1422 3220 1661 3289 Uterque
1706 3233 1871 3287 porro
1916 3215 2271 3286 Nicephorus,

717 3316 1350 3388 Constantinopolitanus
1399 3313 1609 3369 scilicet
1660 3320 1822 3380 atque
1852 3309 2119 3371 Calixtus,
2164 3307 2273 3361 Eu-

719 3415 853 3469 sebii
898 3413 1056 3467 verba
1100 3423 1427 3478 sensumque
1456 3404 1763 3476 expressit:
1795 3402 1888 3457 sed
1920 3416 2168 3471 quaenam
2205 3399 2276 3453 sit

720 3504 935 3559 Eusebii
972 3519 1035 3557 ac
1060 3500 1371 3570 Hieronymi
1399 3499 1466 3553 de
1491 3494 1925 3566 apocrypborum
1957 3491 2277 3548 deﬁnitione

720 3597 939 3667 opinio,
969 3596 1148 3651 adhuc
1172 3603 1259 3649 est
1286 3592 1338 3645 in
1368 3588 1757 3645 controversia.

1238 3703 1631 3761 ARTICULUS
1666 3703 1756 3758 IV.

1179 3801 1444 3856 Sententia
1476 3797 1836 3852 recentiorum.

793 3922 1063 3991 Quantum
1091 3919 1156 3973 ad
1182 3917 1543 3976 recentiores,
1572 3910 1726 3981 Hugo
1749 3906 2038 3963 Mcnardus
2058 3946 2073 3969 ,
2106 3905 2276 3959 Bene.

724 4017 941 4071 dic-tina:
972 4013 1145 4083 gentis
1174 4008 1507 4070 monachus,
1538 4006 1603 4058 de
1640 4005 1740 4057 hac
1771 3999 2013 4071 Epistola
2041 3998 2118 4053 sic
2150 4012 2274 4051 sen-

728 4110 792 4163 tit
812 4106 1066 4168 “zJure,
1114 4101 1327 4171 inquit,
1368 4101 1505 4152 inter
1549 4096 1835 4163 scripturas
1885 4088 2205 4159 apocrypha:
2247 4103 2279 4138 a

728 4202 904 4254 citatis
944 4194 1245 4251 auctoribus
1276 4197 1719 4251 connumeratur;
1751 4194 1859 4237 tum
1890 4182 2015 4252 quia
2041 4196 2109 4232 an
2136 4178 2279 4232 Bar-

729 4295 878 4347 naba:
902 4293 990 4355 sit,
1021 4291 1273 4342 incertum
1297 4294 1411 4347 est;
1461 4290 1568 4334 tum
1590 4280 1715 4349 quia
1751 4276 1990 4346 quietiam
2016 4273 2281 4342 reperiun-

732 4396 983 4453 tur,quce
1012 4379 1312 4449 difﬁcultate
1355 4374 1567 4428 minime
1614 4376 1825 4431 carent;
1856 4365 2108 4435 siquidem
2152 4377 2282 4414 nou-

730 4475 890 4528 nullaz
937 4480 1054 4525 sunt
1098 4472 1153 4522 in
1190 4486 1251 4522 ea
1300 4465 1552 4528 salebra,
1604 4460 1670 4513 ad
1731 4473 1861 4528 quas
1918 4456 2087 4507 minus
2134 4453 2279 4505 cauti

731 4564 988 4633 offendere
1024 4562 1241 4631 possint.
1273 4556 1382 4611 Nec
1418 4555 1530 4620 ulli,
1576 4550 1776 4614 subdit,
1809 4547 2005 4602 mirum
2036 4557 2157 4597 esse
2182 4541 2278 4596 de-

731 4659 841 4723 bet,
868 4655 1011 4725 quod
1036 4654 1125 4706 illa
1156 4665 1256 4705 nec
1285 4665 1314 4703 a
1344 4648 1643 4708 Clemente,
1666 4656 1765 4695 nec
1790 4640 1858 4693 ab
1888 4635 2120 4705 Origene
2148 4648 2279 4702 apo-

734 4750 935 4820 crypha
1003 4753 1327 4810 censeatur,
1395 4739 1652 4811 siquidem
1707 4731 2002 4798 hujusntodi
2046 4736 2281 4782 auctores

735 4818 955 4896 utuntur
1004 4835 1335 4907 apocryphis.
1404 4831 1656 4884 Fluctuat
1715 4825 1896 4880 animo
1948 4818 2281 4883 Cotelerius,

736 4905 1075 4995 summisque
1118 4938 1177 4978 se
1217 4922 1294 4976 ait
1318 4918 1724 4975 dillicultatihus
1755 4909 2037 4985 pnepediri
2066 4905 2283 4977 quomi-

736 5035 841 5077 nus
870 5017 1126 5072 Barnaba).
1151 5029 1270 5069 eam
1312 5012 1592 5073 attribuat,
1636 5022 1799 5078 quam
1830 5014 2010 5059 tamen
2054 5001 2130 5054 illi
2162 5014 2283 5053 om-

735 5116 869 5169 nino
897 5112 1159 5179 abrogare
1195 5121 1302 5161 non
1345 5104 1525 5158 audet.
1578 5101 1656 5155 Re
1685 5108 1863 5154 autem
1892 5108 2182 5166 perpensa,
2228 5091 2280 5155 in

739 5209 884 5262 hunc
914 5199 1188 5256 concludit
1217 5196 1437 5252 modum
1466 5212 1480 5247 :
1511 5192 1622 5263 Ego
1645 5191 1808 5259 magis
1848 5188 2061 5250 inclina,
2086 5192 2141 5237 ut
2165 5197 2285 5236 cen-

735 5312 877 5352 seam
919 5308 1021 5346 non
1048 5306 1157 5344 esse
1195 5286 1453 5358 apostoli;
1485 5284 1875 5353 proﬁteturque
1903 5293 1962 5332 se
1992 5276 2189 5346 gratias
2218 5272 2284 5327 iis

737 5386 1082 5449 habiturum,
1106 5380 1201 5450 qui
1220 5375 1492 5433 voluerint
1517 5372 1743 5426 certiora
1782 5366 2033 5439 proferre.
2078 5361 2284 5416 Natalis

736 5492 866 5531 vero
890 5471 1212 5537 Alexander,
1246 5474 1685 5533 memoratusque
1715 5458 1962 5529 Moynius
1986 5456 2131 5510 illam
2152 5454 2282 5509 Bar-

795 5587 849 5617 ’¹⁷
888 5584 1021 5639 Vide
1078 5598 1238 5651 supra
1290 5575 1607 5651 Testimonia
1631 5581 1905 5651 “veterum.

741 5658 828 5709 Μ.
903 5656 944 5686 ²¹
976 5654 1051 5707 De
1076 5639 1253 5721 script.
1286 5648 1466 5721 eccles.
1511 5647 1584 5721 _”
1631 5639 1845 5721 Prmfat.
1870 5639 1924 5721 in

891 5742 927 5787 ι,
958 5702 1143 5776 cbntra
1164 5702 1371 5775 Latet-3.
1400 5716 1547 5785 Legis
1572 5723 1618 5767 et
1656 5711 1925 5779 Prophet.,
1959 5702 2074 5777 cap.
2104 5706 2192 5759 ‘20.
2270 5707 2315 5735 ’δ
2338 5702 2455 5757 Lib.

2011 5568 2053 5599 ιε
2090 5565 2205 5619 Lib.
2263 5578 2315 5617 v1
2381 5560 2548 5619 Hm,
2580 5570 2699 5624 cap.
2755 5553 2840 5606 ts.

1947 5600 2699 5706 Ἠ
2828 5600 2899 5675 ad
3218 5600 3392 5706 31D},
3407 5614 3587 5706 sfript.
3613 5600 3768 5660 eccm-

2371 3154 2597 3207 Andreae
2623 3159 2675 3205 et
2701 3149 2926 3205 Joannis
2954 3163 3149 3202 nomen
3185 3145 3553 3216 praeferentes,
3583 3135 3857 3210 apocryphos

2373 3260 2491 3301 esse
2512 3245 2704 3313 probat
2723 3244 2788 3307 “,
2819 3244 2944 3312 quia
2973 3242 3019 3295 si
3050 3239 3263 3293 illorum
3293 3246 3485 3303 essent,
3514 3231 3702 3301 ’τεθεριὶ
3733 3232 3858 3281 essent

2374 3339 2437 3390 ab
2464 3336 2719 3389 Ecclesia.
2741 3334 2893 3400 Quod
2922 3332 2967 3388 si
2993 3331 3328 3400 respondeas
3358 3328 3617 3399 quosdam
3640 3318 3860 3393 putarisse

2377 3430 2514 3484 hanc
2549 3428 2843 3499 Epistolam
2875 3426 3013 3480 inter
3044 3423 3359 3492 Scripturas
3386 3418 3665 3477 canonicas
3698 3411 3754 3467 ab
3770 3406 3860 3463 Ori-

2377 3539 2511 3593 gene
2544 3518 2883 3591 computari,
2924 3527 3087 3586 atque
3129 3530 3195 3570 eo
3241 3515 3296 3567 in
3330 3525 3556 3567 numero
3588 3509 3641 3562 in
3679 3498 3861 3569 antiquis

2377 3616 2695 3672 earumdem
2736 3612 3139 3681 Scripturarnm
3169 3606 3436 3675 catOIOgis
3463 3600 3671 3673 reperiri
3699 3616 3711 3650 :
3735 3597 3863 3650 insta-

2378 3709 2514 3763 bunt
2558 3705 2749 3761 iisdem
2782 3704 2835 3756 in
2873 3698 3134 3768 catalogis
3180 3696 3320 3751 alios
3349 3695 3530 3749 itidem
3574 3690 3725 3745 ﬁbras
3750 3694 3863 3751 repe-

2379 3800 2499 3865 riri,
2533 3799 2625 3869 qui
2656 3812 2752 3867 pro
2788 3792 3064 3849 canonicis
3090 3804 3375 3858 nunquam
3402 3784 3571 3841 habiti
3589 3788 3720 3844 sunt;
3744 3782 3865 3842 atque

2378 3863 2624 3963 Origenis
2656 3863 2849 3943 vverbis
2894 3884 2946 3938 id
2986 3883 3131 3953 quod
3172 3882 3367 3947 aiunt,
3427 3877 3572 3932 nullo
3627 3863 3865 3940 signiﬁcari

2380 3984 2540 4039 modo
2563 3979 2905 4036 contendent.

2448 4071 2792 4143 Respondent
2818 4070 2997 4137 itaque
3029 4065 3119 4119 alii
3144 4062 3443 4119 secundum
3472 4051 3735 4128 Augustini
3754 4060 3866 4103 meno

2383 4177 2486 4223 tem
2514 4208 2527 4231 ,
2572 4181 2677 4221 non
2723 4160 2906 4217 omnia
2943 4158 3167 4213 omnino
3208 4154 3605 4224 apostolorum,
3634 4145 3707 4200 vel
3730 4137 3866 4211 potius

2384 4257 2801 4329 apostolicorum
2830 4252 3069 4306 virorum
3087 4289 3100 4313 ,
3125 4247 3282 4302 sicuti
3312 4244 3569 4298 Barnaba:
3594 4280 3607 4303 ,
3635 4235 3803 4303 scripta
3826 4228 3865 4279 in

2386 4348 2770 4405 canonicorum
2795 4355 3077 4398 numerum
3106 4354 3226 4393 esse
3249 4336 3560 4399 referenda;
3588 4320 3866 4401 quandoqui-

2312 4420 2356 4474 Β
2384 4443 2504 4497 dem
2536 4450 2589 4495 et
2608 4440 2745 4493 liber
2771 4436 2982 4491 Herma:
3000 4475 3014 4499 ,
3040 4441 3094 4487 et
3120 4429 3413 4485 Clementis
3440 4421 3658 4481 Romani
3683 4412 3866 4487 Epistula

2386 4537 2531 4590 hunc
2598 4532 2655 4586 in
2714 4540 3001 4585 numerum
3064 4523 3288 4577 minime
3332 4519 3653 4574 referuntur.
3699 4506 3865 4564 Addunt

2386 4635 2641 4697 praeterea
2666 4637 2775 4676 non
2800 4636 2865 4675 eo
2887 4621 3004 4689 ipso
3032 4617 3292 4684 scriptum
3315 4609 3531 4681 aliquod
3546 4622 3637 4678 pro
3656 4597 3864 4658 canonico

2388 4688 2691 4774 habendum
2723 4757 2738 4780 ,
2766 4712 2909 4784 quod
2941 4713 3007 4765 ab
3031 4708 3276 4779 apostolo
3305 4704 3557 4775 qu0piam
3583 4699 3762 4755 editum
3786 4688 3862 4784 sit;

2388 4813 2481 4867 sed
2513 4812 2567 4865 id
2599 4778 2819 4877 insuper
2864 4778 3119 4859 Ecclesia:
3151 4797 3461 4855 deﬁnitione
3501 4784 3771 4849 renuntiari
3793 4778 3864 4832 de—

2387 4904 2516 4958 bere
2544 4904 2873 4954 asseverant.

2455 4992 2565 5049 Nos
2593 5000 2773 5046 autem
2810 4986 3099 5057 Augustini
3146 4988 3375 5037 mentem
3405 4993 3468 5032 ex
3511 4974 3630 5036 alia,
3655 4977 3789 5057 quam
3818 4956 3865 5010 de

2387 5086 2543 5142 libris
2573 5054 3142 5154 apocryphisstatuit,
3176 5069 3394 5128 certiori
3433 5065 3616 5136 regula
3644 5054 3866 5154 explican-

2389 5181 2511 5235 dam
2533 5192 2652 5232 esse
2681 5188 2985 5229 censemus.
3011 5170 3148 5224 Cum
3184 5166 3325 5222 enim
3359 5164 3473 5231 ipse
3508 5149 3786 5235 accuratius
3799 5139 3866 5231 de"

2870 5226 3128 5315 dicendus
3180 5254 3251 5309 sit
3295 5226 3717 5319 apocryphus“:

2386 5308 2566 5429 plura;1
2600 5352 2942 5422 apocrypha,
2992 5346 3200 5415 inquit,
3250 5345 3631 5429 nuncupantur,
3672 5340 3720 5379 eo

2386 5404 2549 5429 r'""'
2603 5404 2804 5422 “r"'vl
2930 5404 2941 5415 -
3068 5404 3084 5415 ι
3188 5404 3196 5409 ι
3427 5404 3434 5408 -
3785 5408 3793 5415 _

2386 5448 2594 5504 occulta
2639 5459 2818 5500 earum
2848 5442 2993 5511 origo
3024 5454 3123 5491 non
3153 5433 3347 5487 claruit
3376 5424 3638 5485 Patribus,
3675 5433 3701 5468 a
3724 5404 3862 5481 quibus

3603 5537 3643 5569 ¹⁰
3676 5525 3769 5584 lbitl
3791 5559 3805 5585 ι
3822 5531 3859 5585 οξ

2917 5552 2958 5581 ιο
2995 5549 3091 5603 lib.
3137 5563 3230 5613 tu,
3273 5564 3390 5616 cap.
3443 5544 3531 5616 25-
3603 5544 3643 5569 "
3676 5544 3859 5616 ¹9¹Ϋ¹⁹ξὶ

2491 5686 2663 5752 ιγ’οε
2685 5694 2892 5748 civitate
2922 5690 3016 5743 Dei
3039 5730 3054 5757 ,
3081 5704 3199 5758 cap.
3225 5689 3297 5743 25
3321 5729 3336 5755 ,
3367 5686 3473 5760 μ.
