4066 6330
292 251 402 309 677

1668 250 2191 309 PROLEGOMENA.

3411 250 3515 308 678

293 388 464 443 usque
494 371 564 427 ad
587 390 677 429 nos
709 374 1001 427 auctoritas
1034 369 1291 427 veracium
1317 365 1714 437 Scripturarum
1750 381 1860 418 cer-
1890 367 1934 423 Α
1963 361 2251 416 contraria
2277 363 2558 416 sententiae
2587 371 3018 435 propugnatores
3049 380 3115 424 ac
3158 368 3373 438 patroni
3424 385 3515 425 re-

292 468 505 521 tis-sima
534 478 579 521 et
608 469 879 521 notissima
914 468 1238 521 successione
1263 462 1511 533 pervenit.
1538 458 1615 513 Ex
1641 460 1739 512 hac
1766 472 1858 510 au—

1961 454 2253 521 spondent,
2280 453 2394 506 haec
2426 454 2587 506 verba
2604 468 2718 507 non
2744 456 2968 511 omnino
2994 459 3059 513 ad
3105 459 3335 514 litteram
3361 500 3378 525 ,
3420 460 3514 516 sed

290 567 404 614 tem
460 559 587 614 libri
644 560 935 632 apocryplti
990 558 1303 615 deﬁnitione
1348 566 1495 611 recte
1544 550 1855 608 adversario
1954 544 2241 614 benignius
2271 544 2607 614 accipienda,
2649 546 2894 617 nihilque
2928 549 3073 605 aliud
3117 566 3313 606 sonare
3348 568 3511 622 quam

208 690 213 694 ι
289 666 420 717 suo,
452 652 621 707 libros
648 652 875 707 Andreas
899 660 951 706 et
972 650 1196 705 Joannis
1220 646 1520 717 objicienti,
1538 643 1848 714 respondet,

287 758 389 798 eos
420 742 580 813 plane
608 759 728 800 esse
773 743 1143 815 apocryphos;
1183 742 1309 811 quia
1338 740 1383 794 si
1424 740 1492 793 ab
1523 738 1591 792 iis
1617 750 1848 806 quorum

286 840 446 888 tanta
495 844 611 888 erat
652 834 793 904 apud
840 832 1134 889 Ecclesiam
1185 830 1506 896 auctoritas,
1558 843 1683 882 vere
1724 841 1852 895 pro.

283 925 544 994 diissent,
580 926 634 981 id
657 934 709 981 et
761 925 1011 981 Patribus
1038 932 1402 996 perspectum,
1427 932 1480 977 et
1513 922 1581 976 ab
1609 919 1846 975 Ecclesia

281 1018 488 1074 fuisset
540 1025 837 1088 receptum.
907 1017 1246 1086 Quapropter
1302 1029 1424 1069 cum
1495 1028 1525 1067 e
1573 1011 1847 1068 contrario

282 1109 448 1179 origo
492 1109 735 1179 epistolae
790 1108 1051 1162 Barnaba:
1092 1107 1372 1170 Patribus,
1420 1104 1676 1159 nimirum
1723 1102 1847 1156 Cle-

282 1200 496 1265 menti,
539 1197 758 1268 Origeni
799 1206 961 1267 atque
987 1198 1109 1253 aliis
1141 1196 1417 1263 claruerit,
1448 1211 1515 1249 ex
1545 1195 1705 1249 allata
1736 1193 1846 1246 Au-

279 1292 495 1361 gustini
523 1291 835 1346 deﬁnitione
873 1290 1013 1345 inter
1040 1290 1380 1361 apocryphas
1422 1289 1718 1359 scripturas
1748 1303 1845 1341 an-

280 1384 567 1439 numerari
599 1398 705 1438 non
734 1383 907 1438 debet.

810 1514 1205 1571 ARTICULUS
1241 1514 1331 1570 VI.

538 1630 835 1686 Secundum
864 1640 1230 1702 argumentum
1259 1628 1588 1699 expenditur.

1954 638 2230 707 apostolos
2248 677 2264 703 ,
2289 638 2433 707 quod
2457 638 2674 708 quidem
2703 655 2889 695 verum
2923 650 3026 707 est,
3056 652 3179 699 ante
3202 645 3513 700 conversio-

1950 744 2072 783 nem
2105 744 2257 784 suam
2292 730 2459 785 multa
2487 746 2789 803 magnaque
2814 749 3086 804 peccasse.

2019 818 2128 876 Nos
2159 836 2287 875 vero
2320 823 2423 877 hoc
2461 823 2599 877 idem
2630 834 3007 895 argumentum
3038 828 3105 881 ab
3135 825 3362 897 Origene
3394 827 3508 897 jam

1949 912 2075 966 olim
2108 913 2276 969 fuisse
2303 913 2535 969 dilutum
2572 918 2966 986 respondemus
2986 920 3052 973 ’⁷.
3081 920 3214 975 Cum
3236 921 3378 974 enim
3403 922 3511 991 for-

1949 1012 2085 1057 tasse
2108 1003 2300 1060 Celsus
2337 1021 2403 1061 ex
2432 1006 2622 1061 iisdem
2656 1009 2897 1064 auctoris
2928 1012 3098 1065 nostri
3129 1013 3310 1067 verbis
3349 1029 3507 1069 occa-

1946 1095 2164 1161 sionem,
2200 1096 2317 1167 ipso
2345 1106 2479 1153 teste
2510 1098 2759 1169 Origene,
2791 1102 3124 1170 arripuisset,
3150 1113 3208 1156 ut
3241 1103 3505 1173 apostolos

1945 1185 2168 1255 infames
2189 1197 2236 1241 et
2261 1189 2601 1258 nequissimos
2627 1191 2839 1257 diceret,
2863 1190 3046 1245 Jesum
3070 1194 3137 1245 ad
3160 1195 3504 1263 apostolicam

1928 1278 2260 1345 functionem
2289 1279 2503 1349 elegisse
2541 1281 2771 1335 homines
2798 1285 2942 1336 omni
2972 1286 3251 1355 iniquitate
3280 1286 3505 1355 iniquio-

1948 1386 2059 1433 res;
2090 1371 2169 1425 sic
2196 1371 2370 1434 illum,
2400 1381 2453 1427 et
2481 1374 2699 1443 quidem
2730 1377 2977 1443 apposite
3011 1378 3076 1431 ad
3103 1394 3215 1431 rem
3260 1390 3502 1436 nostram

1944 1460 2188 1515 confutat
2213 1480 2226 1515 :
2256 1462 2398 1526 Quid
2428 1464 2593 1533 igitur
2609 1464 2845 1531 absurdi,
2875 1467 2919 1519 si
2949 1467 3102 1521 Jesus
3123 1470 3389 1524 ostendere
3418 1487 3506 1524 vo-

1940 1555 2050 1608 lens
2080 1554 2307 1608 ltumano
2351 1558 2525 1626 generi
2562 1569 2817 1628 quantum
2861 1558 2989 1630 ejus
3023 1564 3279 1621 medicina
3317 1576 3503 1619 contra

1941 1654 2107 1713 pestes
2143 1647 2439 1700 animarum
2466 1649 2680 1717 polleat,
2706 1652 2927 1719 infantes
2952 1663 3003 1706 et
3032 1657 3369 1724 nequissimos
3396 1657 3502 1711 ele-

359 1725 671 1781 Secundum
718 1735 1093 1797 argumentum
1120 1767 1133 1791 ,
1162 1740 1269 1793 quo
1297 1724 1410 1777 haec
1436 1722 1674 1791 Epistola
1708 1720 1831 1775 Bar-

1939 1737 2035 1805 git,
2074 1746 2131 1790 ut
2162 1754 2363 1791 morum
2403 1741 2807 1808 purissimorttm
2841 1744 3129 1810 exemplum
3162 1748 3342 1815 fierent
3386 1766 3501 1802 am-

274 1818 441 1872 naba:
468 1817 826 1887 abjudicetur,
845 1816 967 1870 inde
994 1816 1341 1884 desumptum
1366 1811 1629 1882 est,quod
1659 1811 1840 1865 videa-

274 1919 375 1963 tur
398 1907 713 1964 incredibile
756 1906 1061 1976 apostolum
1093 1920 1184 1959 eas
1221 1905 1540 1974 scripsisse,
1587 1918 1725 1973 quas
1764 1901 1836 1956 ibi

271 1999 535 2068 legimus,
562 2006 780 2054 coactas
811 1996 1069 2051 nimirum
1101 1995 1386 2065 allegorias
1406 2036 1420 2059 ,
1463 1993 1837 2048 enarrationes

273 2086 685 2158 Scripturarum
704 2086 885 2141 minus
896 2084 1525 2153 verisimiles,anilesque
1541 2083 1609 2138 de
1621 2082 1835 2137 anima-

274 2179 424 2233 libus
439 2178 669 2233 fabulas.
687 2176 996 2247 Respondet
1007 2174 1343 2241 Hatnondus,
1367 2173 1661 2239 Gnosticos,
1690 2171 1836 2228 Scri-

270 2282 451 2341 ptura:
487 2288 653 2326 sacra:
685 2273 901 2342 mystice
939 2270 1345 2340 interpretanda:
1387 2267 1694 2338 facultatem
1733 2267 1833 2320 sibi

272 2364 779 2435 arrogantes,multa
796 2362 985 2417 Veteris
1008 2362 1323 2417 Testamenti
1343 2360 1641 2414 testimonia
1658 2359 1726 2413 ad
1740 2360 1836 2412 im-

268 2474 437 2527 puros
460 2473 582 2511 usus
606 2456 1140 2509 accommodasse.....
1159 2450 1298 2505 Hinc
1316 2450 1594 2504 Barnabas
1612 2450 1709 2504 hac
1727 2450 1834 2518 fere

270 2552 518 2604 universa
540 2547 778 2617 Epistola
807 2562 904 2599 sua
927 2544 1122 2599 Veteris
1148 2542 1494 2599 Instrumenti
1512 2540 1631 2595 loca
1649 2557 1830 2611 quam-

267 2643 506 2713 plurima
534 2640 782 2710 mystice,
811 2639 969 2692 etiam
997 2637 1301 2691 cabalistice
1326 2635 1583 2705 exposita,
1613 2632 1830 2689 Gnosti-

267 2752 457 2790 corum
487 2732 742 2787 doctrinis
776 2731 1009 2800 Opponit.

348 2822 695 2895 Respondent
726 2823 817 2876 alii
866 2822 1197 2877 Clementem
1226 2820 1673 2887 Alexandrinum,
1703 2817 1829 2875 Ori-

268 2931 463 2988 genem
491 2956 506 2981 ,
536 2915 782 2983 aliosque
826 2913 919 2982 qui
962 2913 1102 2967 hanc
1124 2910 1424 2982 Epistolam
1449 2910 1710 2969 Barnabas
1734 2909 1830 2964 ad-

260 3006 533 3078 judicant,
557 3004 689 3059 nihil
722 3012 970 3069 coactum
1003 3003 1057 3056 in
1089 3002 1207 3073 ejus
1236 3001 1529 3073 allegoriis,
1554 3000 1688 3055 nihil
1716 3014 1826 3054 non

263 3098 565 3155 verisimile
600 3097 654 3151 in
700 3094 1163 3159 enarrationibus,
1194 3094 1329 3148 nihil
1355 3094 1586 3164 denique
1610 3091 1822 3148 fabulo-

265 3207 394 3253 sum
442 3191 499 3245 in
537 3205 601 3245 ea
636 3188 937 3259 reperisse;
978 3187 1088 3242 imo
1119 3187 1255 3241 nihil
1296 3188 1442 3257 quod
1472 3201 1579 3243 non
1606 3194 1826 3256 aposto-

262 3282 436 3338 licum
476 3280 676 3342 virum,
724 3278 861 3332 nihil
909 3277 1056 3348 quod
1092 3292 1123 3331 a
1176 3276 1436 3331 Barnabas
1479 3274 1652 3346 ipsius
1686 3275 1825 3346 stylo

264 3376 507 3430 alienum
538 3370 773 3441 aliquid,
808 3378 902 3425 aut
947 3370 1039 3424 illo
1085 3369 1365 3439 indignum
1400 3383 1510 3438 prae
1564 3382 1624 3424 se
1664 3366 1819 3422 ferat.

217 3524 225 3531 ,
265 3467 608 3537 Quapropter
629 3461 890 3533 quosdam
914 3470 1116 3516 nostra:
1142 3460 1315 3515 aetatis
1337 3459 1486 3515 viros
1508 3457 1825 3513 temeritatis

263 3562 528 3617 audacter
556 3558 830 3621 incusant,
860 3555 954 3624 qui
984 3554 1050 3609 de
1082 3554 1222 3625 stylo
1244 3551 1665 3622 apostolicorum
1689 3550 1825 3605 scri—

264 3662 492 3723 ptorum
527 3648 720 3705 melius
749 3662 911 3719 quam
956 3645 1272 3701 eorumdem
1303 3642 1551 3713 discipuli
1579 3684 1595 3709 ,
1626 3642 1826 3711 aliique

266 3756 552 3813 suppares,
584 3746 678 3794 aut
698 3736 943 3809 ejusdem
988 3736 1163 3805 aetatis
1194 3735 1461 3803 homines,
1489 3748 1549 3789 se
1580 3733 1825 3803 judicare

266 3846 434 3903 posse
472 3828 773 3885 conﬁdunt.
808 3825 904 3882 His
934 3825 1198 3895 adjiciunt
1228 3825 1359 3880 illud
1393 3824 1564 3880 fuisse
1608 3825 1821 3879 Judaeo-

264 3940 393 3979 rum
438 3923 504 3977 ad
543 3920 913 3977 Christianam
962 3918 1149 3983 ﬁdem,
1186 3917 1325 3972 sicut
1368 3917 1482 3987 ipse
1525 3916 1821 3982 Barnabas,

263 4015 482 4069 noviter
510 4026 897 4068 conversorum
937 4007 1242 4079 ingenium;
1296 4018 1352 4061 ut
1385 4008 1692 4078 Seripturas
1738 4023 1825 4062 sa-

264 4121 391 4161 cras
422 4104 694 4174 allegoriis
721 4120 784 4159 ac
839 4102 1080 4175 mysticis
1110 4100 1542 4155 enarrationibus
1570 4100 1825 4168 interpre-

265 4208 515 4253 tarentur
535 4239 549 4263 ,
576 4196 853 4266 multaque
885 4195 937 4248 in
970 4193 1291 4248 animalium
1346 4191 1696 4261 proprietates
1724 4191 1821 4245 ob-

264 4301 569 4349 servarent.

1938 1828 2275 1896 plectentibus
2317 1832 2431 1899 ejus
2477 1831 2837 1903 Evangelium.
2881 1833 3026 1889 Nihil
3070 1853 3200 1907 ergo
3248 1840 3495 1905 absurdi,

1937 1918 2075 1972 nihil
2118 1918 2363 1976 Barnaba
2408 1922 2636 1993 indigni,
2687 1940 2788 1979 nec
2821 1926 3048 1981 nimium
3080 1928 3408 2000 hyperbolici
3443 1934 3498 1987 in

1938 2008 2020 2065 his
2044 2010 2225 2066 verbis
2253 2026 2374 2066 esse
2406 2013 2489 2066 vir
2515 2029 2745 2069 summa:
2766 2016 3089 2074 eruditionis
3120 2017 3381 2090 Origenes
3399 2038 3492 2077 ar-

1936 2098 2169 2155 bitratus
2196 2109 2279 2156 est
2310 2120 2322 2154 :
2355 2100 2721 2174 Hieronymus
2768 2116 2948 2161 autem
2983 2109 3124 2163 hanc
3171 2113 3496 2168 sententiam

1934 2191 2052 2245 viro
2084 2194 2381 2262 apostolico
2410 2194 2483 2249 ita
2513 2197 2729 2264 dignam
2760 2199 3011 2265 credidit,
3038 2210 3097 2255 ut
3120 2202 3173 2256 in
3199 2202 3339 2258 libro
3361 2219 3497 2259 con-

1937 2290 2019 2336 tra
2061 2280 2380 2353 Pelagianos
2427 2287 2662 2356 scripto,
2710 2290 2957 2345 eamdem
3008 2291 3201 2364 Ignatii
3242 2297 3497 2368 martyris

1934 2376 2153 2431 nomine
2182 2378 2404 2432 laudare
2436 2394 2542 2432 non
2574 2380 2920 2436 dubitaverit.

2431 2489 2826 2548 ARTICULUS
2863 2494 2996 2550 VIII.

2236 2580 2437 2651 Moynii
2469 2584 2777 2653 conjecturte
2803 2586 3183 2643 discutiuntur.

1999 2671 2246 2744 Moynius
2276 2675 2399 2730 aliis
2428 2677 2753 2745 quibusdam
2785 2686 2977 2732 contra
3008 2681 3251 2736 eamdem
3281 2682 3486 2754 episto-

1931 2776 2038 2822 lam
2068 2777 2272 2839 pugnat
2297 2770 2625 2839 conjecturis
2655 2787 2669 2826 :
2701 2786 2822 2840 quae
2849 2770 3070 2841 quidem
3102 2775 3357 2842 quamvis
3385 2776 3496 2833 sint

1929 2859 2237 2927 levissimae,
2273 2870 2451 2915 tamen
2482 2876 2603 2916 cum
2654 2863 2839 2916 nullus
2865 2862 3133 2919 hactenus
3164 2865 3232 2921 iis
3264 2882 3494 2937 respon-

1929 2947 2074 3002 disse
2102 2947 2338 3019 legatur',
2364 2963 2464 3018 pro
2495 2965 2644 3004 more
2672 2960 2879 3017 nostro,
2926 2967 2993 3031 ne
3035 2954 3165 3022 quid
3214 2956 3493 3027 relinqua-

1853 3055 1896 3114 ς
1930 3054 2052 3094 mus
2079 3040 2362 3107 intactum,
2394 3039 2512 3101 illas
2549 3041 2862 3112 singillatim
2900 3046 3355 3103 examinabimus.
3401 3049 3495 3104 Ait

1925 3129 2108 3202 itaque
2135 3151 2148 3187 :
2179 3151 2199 3184 ‹
2228 3132 2353 3187 Ilaec
2380 3134 2607 3203 epistola
2632 3134 2676 3189 si
2704 3142 2848 3191 esset
2874 3134 3167 3205 Barnabas,
3200 3139 3346 3194 illaut
3378 3156 3489 3195 non

1925 3240 2085 3280 secus
2126 3240 2191 3279 ac
2221 3223 2574 3295 Evangelium
2626 3225 2860 3281 Matthzei
2909 3229 3121 3283 tumulo
3173 3246 3273 3284 suo
3319 3231 3482 3286 condi

1920 3316 2195 3388 jussisset.
2230 3336 2249 3368 ›
2286 3315 2488 3371 Verum
2516 3318 2640 3388 quis
2662 3318 2878 3389 Moynio
2907 3321 3209 3375 Barnabam
3238 3321 3494 3393 Epistolas

1925 3424 2038 3465 sua:
2080 3407 2357 3478 exemplar
2399 3423 2633 3478 semper,
2689 3421 2785 3465 aut
2816 3413 3030 3479 saltem,
3082 3430 3206 3468 cum
3260 3425 3489 3471 mortem

1924 3499 2077 3566 obiit,
2122 3514 2306 3555 secum
2340 3515 2649 3556 asservasse
2688 3504 2982 3571 patefecit?
3017 3504 3156 3559 Num
3196 3508 3368 3563 moris
3407 3516 3493 3564 est

1925 3592 2068 3663 apud
2091 3593 2337 3648 homines
2360 3594 2715 3663 epistolarum
2745 3611 2969 3651 suarum
3001 3600 3079 3652 sic
3104 3599 3246 3668 apud
3275 3615 3335 3656 se
3369 3616 3488 3656 ser-

1921 3700 2052 3741 vare
2095 3685 2464 3755 exemplaria?
2502 3685 2704 3741 Demus
2735 3696 2912 3742 tamen
2944 3689 3159 3761 Moynio
3188 3707 3349 3760 penes
3374 3708 3491 3747 mo-

1923 3776 2149 3832 rientem
2184 3775 2490 3831 Barnabam
2521 3775 2691 3831 fuisse
2720 3776 2980 3847 Epistolaa
3023 3796 3135 3834 suae
3166 3782 3442 3851 exemplar
3469 3800 3486 3837 :

1923 3866 2166 3936 nunquid
2200 3881 2328 3936 ergo
2368 3866 2800 3927 lucubrationem
2830 3883 2983 3922 suam
3021 3870 3105 3923 vir
3149 3870 3488 3925 modestissi-

1924 3973 2046 4013 mus
2071 3956 2260 4011 eodem
2290 3957 2343 4011 in
2376 3958 2550 4027 pretio
2576 3972 2641 4011 ac
2674 3956 2913 4013 Matthaai
2945 3958 3296 4030 Evangelium
3324 3961 3490 4015 habea

1923 4047 2049 4101 bat?
2093 4046 2149 4101 Si
2184 4047 2237 4101 id
2284 4047 2578 4102 contendat
2623 4046 2901 4119 Moynius,
2930 4048 3176 4105 dicemus
3207 4066 3331 4104 eum
3363 4051 3486 4107 ideo

1923 4155 2045 4194 cum
2080 4140 2186 4195 hoc
2214 4139 2529 4209 Evangelio,
2560 4156 2667 4194 non
2698 4149 2877 4195 autem
2910 4157 3032 4197 cum
3065 4158 3161 4196 sua
3208 4140 3483 4211 EpiStola,

1924 4232 2137 4301 sepeliri
2165 4231 2436 4296 voluisse;
2467 4234 2594 4301 quia
2622 4234 2754 4288 illud
2784 4235 3066 4289 historiam
3098 4236 3241 4303 vitae,
3268 4237 3481 4305 mortis,

1925 4339 1989 4377 ac
2023 4324 2411 4379 miraculorum
2456 4324 2682 4390 Christi,
2714 4342 2877 4395 quam
2911 4342 3125 4396 semper
3160 4344 3269 4396 pra:
3308 4329 3482 4386 oculis

335 4384 634 4450 Addemus,
673 4395 775 4437 nos
818 4381 974 4486 paulo
1019 4386 1143 4448 post
1159 4377 1640 4482 demonstraturos
1685 4375 1825 4480 hanc
1853 4391 1901 4451 ο
1928 4375 2723 4486 ώὺυὲώ

263 4476 565 4549 Epistolam
606 4475 651 4529 si
682 4472 940 4528 Barnabas
987 4487 1097 4526 non
1128 4471 1218 4535 sit,
1253 4470 1491 4524 auctoris
1519 4484 1640 4523 esse
1669 4469 1818 4537 ejus-

260 4571 390 4628 dem
425 4584 547 4624 cum
598 4567 710 4632 illo,
745 4575 839 4619 aut
885 4572 1050 4619 certa:
1080 4561 1336 4632 proximat
1382 4561 1575 4615 aetatis.
1609 4559 1819 4615 Nemini

260 4667 451 4717 autem
498 4672 626 4713 vero
669 4655 941 4711 videbitur
988 4653 1165 4709 simile
1217 4652 1534 4722 scriptorem
1582 4652 1729 4722 pium
1768 4658 1822 4705 et

262 4754 512 4818 doctum,
539 4748 671 4803 viris
697 4745 1005 4818 apostolicis
1032 4757 1291 4811 coaevum,
1319 4745 1523 4814 quique
1545 4742 1819 4813 quomodo

261 4843 501 4917 apostoli
547 4840 855 4911 Scripturas
895 4845 1247 4909 exponerent,
1297 4836 1539 4906 apprime
1574 4842 1819 4897 noverat,

264 4931 337 4983 ab
370 4936 558 4982 eorum
593 4925 760 4995 stylo,
801 4931 856 4976 et
883 4924 1151 4979 scribendi
1185 4922 1677 4994 interpretandique
1708 4938 1826 4978 me-

265 5020 437 5076 tbodo
459 5019 561 5072 hac
588 5017 642 5070 in
676 5016 914 5088 Epistola
944 5016 1155 5086 penitus
1180 5015 1491 5073 descivisse.

777 5149 1170 5207 ARTICULUS
1207 5149 1319 5205 VII.

550 5243 783 5298 Tertium
809 5254 1175 5316 argumentum
1211 5243 1560 5298 examinatur.

334 5332 576 5390 Tertium
611 5345 987 5406 argumentum
1016 5344 1118 5402 est,
1169 5335 1466 5389 Barnabam
1508 5333 1668 5388 modo
1710 5342 1819 5388 tam

262 5425 618 5497 hyperbolico
643 5441 751 5480 non
782 5434 1098 5483 vocaturum
1132 5427 1403 5496 apostolos
1447 5425 1820 5496 iniquissimos

262 5521 575 5589 hominum,
598 5529 652 5577 et
682 5536 844 5593 super
876 5537 1037 5578 omne
1060 5530 1339 5593 peccatum
1376 5530 1710 5594 peccatores.
1751 5520 1820 5576 At

330 5688 379 5725 ²⁴¹
409 5686 533 5749 Lib.
568 5698 703 5746 cont.
740 5688 969 5746 Celsum.
1047 5690 1091 5722 ⁸⁸
1119 5688 1237 5745 Lib.
1267 5690 1358 5746 cit.

1993 4505 2163 4561 Instat
2202 4515 2376 4562 tamen
2417 4508 2667 4580 Moynius
2693 4510 3030 4581 apocryphos
3070 4511 3241 4567 libros
3268 4513 3336 4568 ab
3380 4529 3481 4569 au-

1925 4607 2071 4652 ctore
2098 4608 2286 4652 nostro
2314 4599 2489 4653 citari.
2520 4598 2658 4665 Quid
2692 4600 2853 4654 inde?
2886 4599 3075 4656 Nonne
3100 4610 3153 4657 et
3181 4604 3482 4659 doctissimi

1922 4690 2022 4743 viri
2044 4688 2271 4744 Paulum
2299 4688 2556 4745 etJudam
2586 4691 2755 4747 libros
2785 4692 2969 4747 itidem
3000 4696 3340 4771 apocryphos
3363 4697 3483 4751 lau-

1923 4780 2135 4835 davisse
2188 4779 2459 4835 fatentur?
2514 4778 2705 4835 Nonne
2755 4794 2809 4836 et
2858 4780 3063 4837 Paulus
3108 4783 3241 4853 tipse
3299 4786 3481 4840 ethni-

1924 4888 2135 4939 corum,
2173 4889 2310 4944 quos
2345 4874 2669 4944 apocryphis
2716 4874 2784 4929 ab
2815 4887 3037 4932 auctore
3078 4886 3266 4931 nostro
3300 4879 3481 4934 citatis

1926 4973 2184 5034 praestare
2211 4979 2369 5018 nemo
2398 4964 2617 5028 dixerit,
2647 4965 2826 5018 attulit
2855 4967 3263 5021 auctoritatem?

1997 5052 2163 5125 Urget
2209 5054 2448 5109 adhuc"
2476 5054 2780 5110 Barnabam
2812 5055 3067 5128 EpiStolae
3095 5058 3161 5112 ad
3190 5057 3442 5112 Hebraeos
3462 5099 3479 5125 ,

1927 5146 2144 5200 nomine
2176 5144 2328 5201 Pauli
2356 5154 2690 5217 praenotatse,
2737 5147 2907 5203 fuisse
2938 5157 3235 5203 auctorem.
3279 5150 3478 5218 Atqui,

1924 5239 2100 5311 inquit
2126 5239 2236 5304 ille,
2281 5255 2383 5293 non
2408 5238 2554 5293 video
2580 5254 2741 5310 quare
2762 5240 3004 5293 secundis
3033 5242 3172 5292 curis
3196 5255 3479 5310 argumen-

1924 5341 2035 5386 tum
2073 5331 2216 5385 istud
2254 5332 2444 5386 iterum
2489 5340 2858 5401 pertractasset
2890 5347 3007 5384 cum
3037 5331 3265 5402 quadam
3292 5332 3480 5400 prima

1923 5423 2257 5489 delibatione,
2297 5424 2448 5493 quasi
2489 5421 2796 5492 inEpistola
2826 5421 2895 5475 ad
2928 5420 3177 5475 Hebrazos
3201 5424 3478 5478 materiam

1921 5519 2083 5575 istam
2124 5520 2283 5576 nimis
2330 5516 2712 5589 perfunctorie,
2760 5519 3029 5589 minusque
3076 5516 3299 5588 feliciter
3343 5527 3478 5572 esset
