4066 6330
663 238 773 297 679

1838 237 1893 293 s.
1937 236 2300 292 BARNABAS
2337 236 2761 293 APOSTOLUS.
3726 255 3804 310 σεο

651 366 978 429 prosecutus.
1003 354 1187 428 Neque
1230 358 1339 414 hoc
1364 368 1743 431 argumentum
1782 361 1962 431 priore
1990 361 2221 416 validius
2247 365 2296 420 Α
2322 370 2517 415 verunt
2545 361 2859 432 diligentius
2928 361 2987 416 hi
3035 346 3526 433 ingenue-fatentur
3552 366 3676 435 apud
3702 374 3809 425 anti-

650 459 755 507 est.
784 449 969 506 Primo
992 451 1191 521 quippe
1218 449 1419 506 falsum
1459 460 1543 509 est
1600 452 1905 507 Barnabam
1974 453 2117 507 hanc
2156 451 2224 506 ad

2324 470 2464 525 quos
2492 455 2790 525 scriptores
2819 453 2956 508 nihil
2994 469 3334 521 succurrere,
3364 454 3502 509 unde
3527 458 3809 525 quandonam

652 541 912 599 Hebraeos
959 544 1247 614 scripsisse
1282 543 1605 615 Epistolam.
1643 545 1868 612 Deinde,
1911 554 2050 609 esto,
2087 560 2226 601 scrl-
2324 545 2597 601 Barnabas
2619 547 2688 601 ab
2729 546 2908 618 Cypro
2940 547 3121 602 insula
3160 545 3399 612 redierit,
3428 545 3675 616 vitamque
3705 566 3817 605 mar.

651 637 841 705 pserit.
875 633 1133 706 Nunquid
1169 651 1278 690 non
1318 638 1499 706 potuit
1527 636 1670 692 idem
1700 646 1890 693 auctor
1920 638 2132 693 duabus
2155 637 2223 691 ad

650 727 899 783 diversos
944 728 1173 783 diverse
1221 728 1462 798 regionis
1516 727 1787 793 homines,
1839 744 1979 798 quos
2025 729 2220 783 iisdem

644 821 918 877 doctrinis
961 829 1018 876 et
1048 820 1333 890 praeceptis
1381 820 1627 875 imbuere
1655 820 1890 887 volebat,
1922 821 2065 876 datis
2102 820 2221 890 epi-

646 914 830 978 stolis,
860 912 1002 967 idem
1030 920 1267 966 tractare
1297 913 1714 982 argumentum?
1746 911 1992 982 Denique
2034 927 2218 966 nonne

646 1003 795 1059 idem
823 1012 1015 1058 auctor
1057 1003 1242 1071 plures
1265 1002 1331 1057 de
1361 1018 1421 1058 re
1453 1003 1643 1058 eadem
1699 1003 1907 1058 litteras
1937 1003 2178 1058 scribere
2202 1044 2216 1067 ,

650 1098 952 1167 eademque
980 1096 1035 1149 in
1062 1096 1171 1151 illis
1215 1103 1456 1166 repetere
1485 1105 1539 1151 et
1579 1096 1856 1152 inculcare
1892 1096 2220 1166 quandoque

650 1189 904 1259 cogitur?

729 1280 895 1350 Urget
941 1280 1140 1335 iterum
1173 1279 1424 1353 Moynius
1464 1280 1607 1335 hanc
1650 1278 1951 1350 Epistolam
1985 1295 2016 1334 a
2058 1279 2217 1350 primi

651 1382 707 1430 et
746 1373 969 1429 secundi
1000 1373 1182 1428 szeculi
1225 1372 1605 1441 scriptoribus,
1647 1380 1777 1440 puta
1808 1372 2087 1427 Clemente
2114 1370 2221 1426 Bo-

652 1481 836 1531 mano,
881 1464 1199 1535 Polycarpo,
1245 1463 1453 1533 lgnatio
1492 1463 1656 1518 etiam
1700 1462 1757 1516 in
1803 1464 1918 1519 suis
1960 1464 2220 1518 adversus

651 1558 868 1613 Judaios
922 1557 1382 1627 disputationibus
1431 1555 1623 1611 nullibi
1674 1554 1969 1611 laudatam.
2019 1554 2218 1611 Verum

650 1665 791 1718 quas
838 1650 973 1703 alias
1019 1648 1183 1702 iidem
1238 1647 1537 1716 scriptores
1589 1646 1817 1701 aliorum
1862 1647 2120 1716 epistolas
2168 1658 2222 1702 et

650 1741 856 1808 scripta
902 1738 1218 1801 citaverint,
1264 1738 1318 1791 in
1362 1738 1603 1792 medium
1644 1735 1891 1807 proferre
1936 1736 2217 1791 debuerat.

652 1830 795 1897 Quid
842 1845 993 1894 vero,
1038 1830 1085 1884 si
1133 1831 1249 1884 haec
1280 1828 1520 1899 Epistola
1554 1829 1607 1883 in
1642 1844 1833 1884 eorum
1874 1844 2070 1885 manus
2111 1844 2220 1884 non

652 1922 898 1977 venerit?
950 1920 1057 1976 Sed
1104 1920 1436 1989 conjecturis
1491 1934 1599 1974 non
1651 1931 1735 1976 est
1782 1936 1954 1991 opus;
2014 1930 2219 1976 certum

653 2015 851 2085 quippe
878 2022 962 2069 est
991 2014 1134 2067 hanc
1164 2012 1460 2082 Epistolam
1488 2029 1519 2067 a
1550 2012 1825 2067 Clemente
1848 2013 2221 2070 Alexandrino

652 2106 839 2162 saeculi
886 2106 1113 2161 secundi
1158 2115 1403 2168 auctore,
1435 2114 1495 2160 ut
1540 2121 1705 2175 supra
1734 2106 1992 2172 vidimus,
2024 2108 2218 2175 citari‘;

652 2197 798 2267 quod
824 2196 891 2251 ad
922 2210 1118 2250 vanam
1162 2194 1521 2264 objectionem
1553 2194 1714 2264 plane
1738 2193 2049 2249 diluendam
2086 2196 2221 2250 satis

653 2304 926 2357 superque
953 2288 1155 2341 dictum
1191 2287 1279 2342 sit.

724 2380 892 2433 Instat
914 2379 1148 2447 denique
1172 2378 1313 2432 hanc
1335 2375 1631 2446 Epistolam
1659 2391 1690 2430 a
1712 2375 1977 2441 Barnaba,
2000 2377 2093 2446 qui
2118 2377 2220 2432 sub

652 2467 865 2523 Nerone
894 2469 1212 2539 martyrium
1242 2484 1438 2538 passus
1476 2477 1583 2533 est,
1612 2469 1772 2523 scribi
1797 2483 1906 2522 non
1942 2468 2216 2538 potuisse;

654 2561 854 2631 quippe
879 2577 1000 2631 quze
1025 2571 1145 2630 post
1169 2576 1414 2616 eversam
1443 2575 1471 2613 a
1496 2560 1619 2615 Tito
1643 2558 2070 2631 Hierosolymam
2094 2559 2219 2613 data

652 2650 838 2707 fuerit.
867 2653 1042 2722 Atque
1072 2653 1176 2706 hoc
1199 2651 1329 2706 illud
1355 2660 1438 2706 est
1471 2652 1612 2720 quod
1638 2652 1691 2705 in
1720 2650 1861 2705 notis
1889 2658 1942 2705 et
1964 2650 2221 2705 observa-

652 2743 893 2799 tionibus
922 2744 1037 2798 suis
1067 2750 1448 2814 argumentum
1494 2742 1896 2796 invictissimum
1934 2750 1984 2795 et
2010 2741 2215 2795 eviden-

656 2835 917 2890 tissimum
935 2836 1188 2905 appellat.
1214 2833 1271 2888 Id
1299 2835 1479 2904 itaque
1502 2834 1664 2903 paulo
1687 2832 1970 2903 prolixiori
1999 2848 2222 2903 respon-

653 2928 812 2983 sione
844 2927 1163 2982 solvendum
1194 2933 1298 2981 est.

1183 3015 1573 3071 AHTICULUS
1610 3015 1702 3071 IX.

880 3110 1228 3175 Quandonam
1265 3110 1373 3163 haec
1396 3108 1619 3176 epistola
1648 3108 1845 3177 scripta
1871 3108 1961 3162 sit.

728 3202 845 3257 Jam
877 3204 1021 3256 enim
1049 3218 1157 3271 quo
1186 3210 1424 3269 tempore
1472 3201 1585 3254 haec
1614 3198 1854 3269 Epistola
1882 3199 2082 3269 scripta
2109 3199 2214 3266 sit,

656 3292 1045 3363 indagandum.
1092 3291 1194 3358 Qui
1224 3307 1342 3346 eam
1386 3290 1648 3346 Barnabas
1691 3291 1955 3356 tribuunt,
1993 3292 2049 3345 hi
2091 3300 2217 3347 ante

656 3386 775 3455 ejus
803 3386 1010 3439 obitum
1039 3385 1218 3439 datam
1248 3398 1367 3438 esse
1396 3382 1617 3437 indubie
1658 3384 2034 3451 pronuntiant.
2083 3382 2216 3451 Qui-

658 3478 761 3532 bus
784 3492 914 3531 vero
944 3492 1030 3531 res
1062 3476 1117 3530 in
1151 3475 1409 3544 ambiguo
1432 3477 1554 3541 est,"
1578 3476 1615 3529 ii
1639 3483 1816 3530 tamen
1848 3477 1993 3531 illius
2023 3486 2217 3531 aucto-

658 3586 771 3625 rem
801 3568 1133 3639 temporibus
1174 3567 1541 3636 apostolorum
1567 3566 1818 3622 ﬂoruisse
1858 3582 1987 3623 vero
2024 3576 2217 3639 putant

658 3662 913 3717 similius.
945 3660 1185 3729 Denique
1208 3660 1299 3730 qui
1334 3674 1364 3713 a
1396 3658 1640 3714 Barnaba
1672 3658 1964 3729 profectam
1992 3672 2212 3731 negant,

656 3770 778 3810 eam
810 3762 932 3823 post
960 3752 1229 3808 excidium
1262 3750 1835 3823 Hierosolymitanum,
1882 3751 1974 3807 sed
1999 3763 2123 3807 ante
2148 3754 2215 3806 fi-

657 3861 781 3900 nem
820 3844 1041 3900 secundi
1069 3842 1249 3899 saeculi
1279 3842 1539 3911 scriptam
1572 3857 1691 3897 esse
1725 3848 2037 3912 opinantur.
2066 3842 2215 3915 Moy-

658 3940 785 3991 nius
815 3937 899 3992 his
932 3936 1077 3992 addit
1107 3936 1253 3990 illam
1284 3944 1411 4005 post
1452 3950 1639 3989 necem
1667 3932 1889 4000 Justini,
1934 3935 2026 4005 qui
2069 3950 2213 3991 anno

658 4030 762 4084 162
793 4039 888 4085 aut
916 4030 1031 4099 2165
1072 4035 1279 4094 martyr
1311 4026 1586 4088 occubuit,
1642 4035 1697 4080 et
1737 4034 1861 4080 ante
1891 4024 2212 4080 Tertulliani

657 4130 913 4189 mortem,
943 4136 1065 4191 qua:
1095 4119 1241 4174 circa
1272 4132 1474 4173 annum
1521 4116 1626 4170 215
1671 4115 1913 4186 contigit,
1960 4117 2215 4186 obsigna-

654 4228 767 4272 tam
797 4215 986 4271 fuisse.
1010 4212 1194 4282 Neque
1217 4221 1394 4266 tamen
1425 4210 1510 4265 ille
1536 4210 1639 4263 alia
1667 4209 1878 4264 ratione
1905 4209 2213 4278 opinionem

656 4321 813 4361 suam
848 4305 1151 4369 conﬁrmat,
1185 4317 1345 4373 quam
1373 4301 1518 4372 quod
1548 4299 1821 4353 nonnullae
1842 4300 1909 4354 de
1929 4299 2215 4353 emissario

2322 636 2463 707 tyrio
2494 637 2756 707 posuerit,
2798 647 2950 693 certo
2990 636 3303 692 deﬁniatur.
3335 635 3549 691 Constat
3577 646 3728 693 autem
3767 640 3815 695 il.

2320 728 2430 782 lum
2461 739 2581 799 post
2609 728 3036 790 Hierosolymam
3067 743 3209 783 anno
3241 727 3329 792 72,
3361 736 3451 781 aut
3482 726 3624 796 juxta
3645 728 3815 784 doctio-

2319 833 2409 872 res
2452 818 2816 889 chronologos
2854 818 2920 872 70
2968 833 2998 872 a
3039 817 3160 872 Tito
3191 818 3540 882 destructam,
3564 818 3716 873 .vitam
3740 835 3815 889 po-

2322 911 2491 966 tuisse
2526 912 2846 980 producere.
2882 909 3074 965 Petrus
3112 909 3380 979 siquidem
3414 918 3466 963 et
3496 907 3679 965 Paulus
3702 925 3815 965 anno

2319 1012 2531 1056 tantum
2562 1002 2652 1066 66,
2681 1002 2732 1055 id
2768 1010 2851 1057 est
2875 1016 2984 1056 uno
3011 1008 3106 1055 aut
3129 1000 3302 1054 tribus
3326 1009 3445 1070 post
3466 1000 3706 1055 excidium
3725 1000 3819 1057 Bie-

2320 1102 2770 1174 rosolymitanum
2801 1100 2980 1165 annis,
3005 1099 3249 1171 martyrii
3274 1099 3503 1169 palmam
3522 1099 3682 1170 adepti
3704 1113 3817 1156 sunt.

2318 1195 2463 1250 Nihil
2491 1210 2621 1264 ergo
2650 1202 2795 1248 vetat
2822 1192 3114 1262 quominus
3135 1190 3415 1245 Barnabas
3444 1189 3497 1244 in
3518 1189 3729 1260 Epistola
3747 1209 3820 1248 sua

2321 1286 2547 1355 hujusce
2575 1284 2771 1339 excidii
2798 1282 2987 1338 fecerit
3014 1282 3367 1338 mentionem.

2389 1377 2549 1432 Certo
2578 1385 2760 1430 autem
2790 1375 2993 1430 certius
3025 1383 3108 1429 est
3137 1375 3280 1429 hanc
3302 1372 3540 1428 eamdem
3568 1371 3815 1442 Epistolam

2321 1486 2429 1525 non
2467 1470 2642 1524 solum
2669 1468 2738 1523 ab
2762 1465 2996 1538 Origene
3026 1465 3204 1533 citari,
3241 1465 3337 1520 sed
3365 1465 3524 1519 etiam
3548 1480 3576 1519 a
3600 1463 3822 1522 Clemente

2321 1560 2709 1625 Alexandrino,
2743 1558 2860 1629 qui,
2888 1568 2944 1612 ut
2970 1557 3047 1612 ait
3074 1556 3364 1619 Eusebius,
3396 1556 3578 1626 primis
3602 1558 3822 1625 aposmlo-

2322 1669 2441 1707 rum
2474 1650 2811 1721 temporibus
2835 1650 3142 1720 proximum
3174 1665 3234 1705 se
3255 1648 3429 1704 fuisse
3458 1657 3682 1704 testatur.
3704 1645 3824 1704 Unde

2326 1743 2611 1799 conficitur
2651 1742 3004 1808 Clementem,
3041 1741 3135 1811 qui
3165 1740 3465 1810 Epistolam
3506 1739 3657 1806 hanc,
3700 1738 3824 1794 sicuti

2321 1848 2390 1888 ex
2431 1830 2891 1902 frequentioribus
2930 1830 3050 1899 ejus
3084 1829 3441 1887 citationibus
3470 1827 3645 1896 liquet,
3684 1825 3824 1897 magni

2323 1927 2593 1984 aestimare
2621 1925 2923 1990 videbatur,
2954 1924 3023 1978 ab
3049 1921 3367 1993 apostolicis
3390 1921 3538 1985 viris,
3565 1919 3676 1988 quis
3700 1933 3823 1973 verus

2323 2020 2467 2075 illius
2490 2026 2677 2072 auctor
2702 2016 2986 2079 exstiterit,
3016 2014 3289 2071 curiosius
3316 2012 3616 2082 indagasse,
3637 2024 3724 2065 nec
3740 2007 3819 2063 dif-

2324 2109 2536 2166 ﬁciliter
2578 2107 2850 2162 didicisse.
2895 2105 3095 2160 Deinde
3136 2104 3278 2159 idem
3325 2102 3571 2157 Clemens
3595 2099 3723 2154 circa
3746 2113 3823 2152 an-

2322 2218 2451 2256 num
2478 2200 2582 2255 200
2618 2198 2737 2253 fato‘
2758 2198 2975 2252 functus
3003 2204 3105 2261 est,
3144 2194 3479 2265 proindcque
3506 2192 3663 2246 libros
3696 2204 3822 2252 suos,

2326 2294 2419 2348 ubi
2470 2294 2608 2347 hanc
2635 2290 2931 2361 Epistolam
2968 2288 3227 2352 laudavit,
3258 2287 3311 2341 in
3342 2286 3515 2340 lucem
3544 2283 3682 2354 prius
3722 2281 3825 2335 emi-

2322 2396 2485 2443 serat.
2512 2386 2676 2456 Atqui
2705 2385 2849 2438 illam
2876 2398 2984 2437 non
3011 2391 3070 2436 ut
3093 2396 3287 2435 recens
3320 2378 3556 2449 aliquod,
3589 2375 3673 2431 sed
3714 2374 3825 2427 anti-

2322 2497 2443 2553 quae
2492 2477 2830 2535 auctoritatis
2879 2476 3139 2545 scriptum
3180 2471 3392 2537 laudat,
3442 2471 3657 2538 ideoque
3696 2480 3823 2536 quam

2322 2575 2543 2645 putabat
2597 2572 2857 2643 martyrio
2914 2567 3099 2639 lgnatii
3143 2565 3528 2635 antiquiorem.
3574 2559 3702 2627 Quin
3743 2558 3826 2611 imo

2320 2665 2521 2736 ubique
2566 2679 2664 2734 pro
2698 2672 2846 2718 certo
2893 2662 3046 2731 ponit
3097 2659 3243 2712 illam
3296 2672 3327 2711 a
3358 2654 3596 2709 Barnaba
3628 2648 3825 2736 apostolo

2319 2732 2595 2827 scriptam,
2632 2753 2969 2821 nullumque,
3020 2762 3183 2818 quem
3216 2752 3425 2807 nosset,
3480 2742 3602 2797 huic
3629 2732 3824 2808 opinioni

2319 2841 2599 2911 refragari.
2634 2838 2789 2893 Tanti
2833 2837 2935 2891 viri
2964 2844 3232 2904 tantaeque
3278 2829 3615 2895 eruditionis,
3645 2842 3699 2881 ac
3722 2832 3826 2879 tem-

2319 2934 2543 3004 poribus
2573 2930 2883 3000 apostolicis
2915 2928 3051 2983 adeo
3094 2924 3258 2980 vicini
3296 2922 3604 2986 auctoritas,
3649 2913 3825 2972 maximi

2320 3032 2465 3078 certe
2491 3022 2632 3091 apud
2664 3035 2853 3076 omnes
2881 3020 3040 3075 debet
3065 3032 3185 3073 esse
3213 3016 3508 3087 ponderis;
3538 3028 3651 3069 cum
3674 3011 3719 3064 in
3735 3007 3819 3078 pri-

2319 3114 2423 3168 mis
2451 3112 2596 3166 nulla
2625 3110 2777 3165 firma
2806 3110 3081 3164 rationum
3115 3114 3461 3176 argumenta,
3494 3103 3716 3171 nihilque
3740 3097 3823 3161 illi,

2315 3204 2421 3259 nisi
2452 3203 2765 3272 conjectura
2794 3202 3061 3271 quaedam,
3104 3214 3300 3269 parum
3340 3197 3514 3252 valida
3548 3200 3824 3265 opponatur.

2312 3293 2579 3349 Caeterum
2610 3290 2957 3361 quantumvis
2986 3288 3235 3344 Clemens
3277 3289 3335 3343 in
3368 3286 3613 3357 Epistola:
3635 3283 3825 3337 auctoris

2313 3383 2533 3439 nomine
2559 3396 2772 3437 errasse
2795 3381 3087 3445 diceretur,
3111 3394 3177 3433 ex
3201 3376 3325 3448 ejus
3351 3389 3530 3432 tamen
3551 3373 3826 3430 auctoritate

2314 3472 2676 3528 invictissime
2705 3472 3110 3527 demonstratur
3141 3470 3289 3524 illam
3318 3470 3401 3524 vel
3432 3468 3498 3522 ab
3526 3481 3628 3521 uno
3647 3480 3705 3519 ex
3722 3476 3839 3544 ap0-_

2314 3565 2489 3631 stolis,
2533 3564 2617 3619 vel
2666 3564 2857 3619 saltem
2887 3564 2955 3619 ab
3008 3563 3191 3632 aliquo
3242 3576 3312 3616 ex
3359 3558 3621 3631 proximis
3675 3567 3825 3611 eorum

2314 3656 2720 3712 successoribus
2750 3653 2919 3709 fuisse
2946 3663 3246 3708 exaratam.

2384 3748 2440 3803 ld
2473 3748 2688 3819 quidem
2735 3762 2803 3802 ex
2850 3745 3245 3814 manuscriptis
3288 3742 3565 3800 codicibus
3593 3734 3765 3795 Graacis
3787 3739 3827 3786 et

2314 3839 2522 3896 Latinis
2559 3837 2865 3894 conﬁrmari
2906 3837 3189 3906 potuisset,
3242 3835 3289 3890 si
3325 3835 3419 3904 qui
3449 3832 3657 3888 omnino
3684 3827 3826 3881 incor-

2314 3932 2479 4001 rupti,
2525 3945 2589 3984 ac
2635 3943 2823 3983 verum
2857 3926 3111 3997 Epistola:
3159 3925 3377 3979 titulum
3421 3922 3744 3993 praaferentes
3775 3910 3825 3966 ad

2314 4038 2418 4077 nos
2444 4020 2833 4091 pervenissent.
2865 4018 2935 4072 At
2960 4018 3015 4071 in
3048 4016 3250 4072 Graecis
3274 4016 3555 4071 codicibus
3579 4005 3825 4080 caputeius

2315 4121 2651 4181 amputatum
2698 4117 2802 4174 est,
2850 4121 2905 4164 et
2940 4109 3128 4163 titulus
3172 4108 3266 4177 qui
3304 4107 3361 4162 in
3407 4107 3589 4162 Graeca
3628 4094 3824 4156 Menardi

2314 4207 2550 4261 editione
2575 4204 2789 4276 legitur,
2820 4218 2886 4259 ex
2912 4202 3146 4257 Eusebio
3171 4202 3383 4256 videtur
3412 4202 3726 4267 desumptus.
3746 4189 3825 4245 La-

2315 4299 2463 4353 tinus
2498 4312 2629 4352 vero
2663 4296 3001 4350 bibliothecae
3044 4303 3245 4348 nostra:
3275 4293 3471 4357 codex,
3509 4289 3597 4359 qui
3621 4283 3822 4341 omnium

657 4394 963 4449 Judaeorum
992 4393 1144 4447 hirco
1173 4370 1511 4445 caeremoniae
1538 4387 1591 4441 in
1615 4388 1716 4441 hac
1745 4386 1983 4455 Epistola
2010 4398 2216 4438 memo—
2243 4404 2293 4463 ι)
2319 4386 2508 4457 procul
2548 4385 2713 4440 dubio
2754 4392 2838 4439 est
2872 4382 3311 4453 antiquissimus,
3360 4383 3462 4437 hac
3500 4389 3695 4436 tantum
3734 4370 3823 4441 epi-

663 4492 870 4548 rentur,
901 4498 1037 4552 quas
1063 4481 1205 4536 sicut
1230 4479 1371 4549 apud
1401 4477 1701 4542 Iustinum,
1740 4477 1866 4531 licet
1899 4476 1968 4530 de
2008 4476 2074 4530 iis
2100 4475 2216 4529 dis-

663 4580 827 4638 serat,
854 4570 1056 4625 frustra
1082 4569 1385 4640 qumsieris,
1410 4568 1483 4621 ita
1510 4566 1655 4636 apud
1679 4564 2075 4620 Tertullianum
2099 4576 2218 4617 tan-

661 4662 943 4718 tummodo
980 4661 1243 4716 iuvenias.
1288 4659 1491 4714 Verum
1532 4674 1565 4712 a
1605 4673 1714 4728 quo
1750 4656 1938 4711 didicit
1966 4655 2217 4726 Moynius

662 4756 803 4810 hanc
852 4753 1147 4824 Epistolam
1200 4767 1365 4822 penes
1414 4750 1689 4807 Iustinum
1738 4764 1977 4818 unquam
2024 4747 2216 4814 fuisse,

658 4846 949 4915 ipsumque
975 4859 1097 4899 eam
1117 4842 1351 4912 legisse?
1378 4841 1487 4896 Fac
1518 4850 1697 4896 tamen
1722 4851 1774 4895 et
1794 4837 2045 4894 habuerit
2068 4847 2120 4893 et
2142 4839 2220 4893 le-

661 4936 818 5009 gerit,
848 4936 1091 5005 nunquid
1120 4935 1241 4990 ideo
1268 4949 1458 4989 omnes
1485 4934 1623 4988 hirci
1651 4931 1922 4987 emissarii
1952 4946 2215 4988 cazrcmos

659 5031 803 5094 nias,
842 5044 911 5083 ne
935 5027 1004 5082 iis
1042 5025 1280 5096 quidem,
1310 5040 1432 5095 quae
1466 5025 1519 5078 in
1552 5022 1791 5094 Epistola
1824 5022 2083 5077 Barnabas
2120 5036 2216 5075 oc-

660 5128 909 5188 currunt,
932 5118 1336 5191 praetermissis,
1368 5114 1555 5171 debuit
1579 5114 2044 5170 commemorare?
2072 5111 2215 5166 Nihil

662 5216 825 5286 igitur
851 5214 955 5269 hac
983 5211 1232 5283 negativa
1264 5207 1575 5277 conjectura
1608 5206 1783 5275 magis
1809 5204 2087 5271 frivolum,
2116 5205 2217 5259 mi-

662 5322 875 5377 nusque
904 5303 973 5359 ad
1000 5317 1113 5357 rem
1136 5301 1374 5371 aliquam
1405 5298 1751 5353 asserendam
1780 5298 2057 5352 idoneum.

732 5398 853 5466 Quo
898 5410 1063 5469 porro
1109 5402 1352 5463 tempore
1379 5390 1656 5445 Barnabas
1699 5390 1914 5455 obierit,
1949 5389 2215 5444 incertum

662 5500 765 5546 est.
800 5488 954 5544 Unde
982 5485 1167 5542 nescio
1196 5482 1327 5553 quid
1363 5480 1468 5537 sibi
1512 5479 1642 5534 velit
1666 5477 1933 5551 Moynius,
1984 5492 2109 5532 cum
2149 5492 2217 5533 ex

663 5577 1019 5636 communiori
1060 5576 1314 5647 opinione
1357 5581 1634 5629 asseverat
1672 5570 1827 5625 illum
1857 5570 1958 5625 sub
1988 5569 2217 5640 imper-io

663 5669 891 5728 Pisonis
913 5669 1169 5741 martyrio
1200 5666 1450 5722 affectum
1513 5662 1643 5732 Qui:
1661 5662 1808 5719 enim
1838 5662 1893 5717 id
1918 5662 2213 5731 investiga-

2318 4479 2520 4550 graphe
2546 4478 2862 4533 inscribitur
2894 4496 2907 4531 :
2940 4475 3137 4544 Incipit
3160 4476 3382 4546 epistola
3414 4474 3666 4528 Barnaba:
3690 4464 3825 4538 [elici-

2320 4581 2416 4635 ter,
2444 4577 2607 4640 atque
2640 4570 2857 4624 demum
2885 4569 2936 4622 in
2974 4568 3079 4622 fine
3103 4567 3184 4623 sic
3221 4567 3601 4623 concluditur:
3634 4556 3824 4631 Explici!

2318 4661 2538 4733 cpistola
2567 4659 2847 4715 Barnabw.

2842 4748 3233 4805 ARTICULUS
3268 4749 3337 4805 Χ.

2616 4838 2698 4893 Ad
2727 4855 2854 4909 quos
2880 4838 2989 4892 haec
3018 4839 3237 4909 epistola
3266 4839 3463 4909 scripta
3490 4839 3579 4893 sit.

2317 4930 2341 4960 "
2386 4930 2583 5001 lntegri
2609 4937 2789 4983 autem
2823 4929 2869 4983 si
2911 4939 3186 4985 exstarent
3216 4930 3569 4999 manuscripti
3604 4927 3675 4982 illi
3699 4920 3821 4979 codi-

2317 5037 2429 5089 ces,
2452 5021 2610 5077 nobis
2635 5021 2821 5090 utique
2849 5036 2958 5074 non
2985 5021 3148 5076 modo
3173 5020 3429 5091 Epistola:
3461 5020 3619 5089 hujus
3645 5014 3821 5071 titulum

2318 5113 2674 5177 iudicassent,
2703 5111 2795 5166 sed
2834 5126 2928 5166 eos
2959 5113 3123 5165 etiam
3157 5114 3223 5167 ad
3249 5128 3389 5183 quos
3420 5112 3509 5166 illa
3537 5112 3720 5166 directa
3736 5112 3817 5158 est.

2318 5201 2373 5256 1d
2403 5202 2547 5256 enim
2576 5217 2674 5257 sua
2704 5217 2811 5256 non
2839 5211 2988 5256 caret
3013 5202 3345 5258 dilIicultate.
3378 5202 3574 5257 Putant
3595 5194 3818 5268 siquidem

2318 5293 2569 5347 nonnulli
2610 5309 2676 5347 ex
2706 5302 2822 5349 tota
2868 5294 3131 5349 orationis
3174 5296 3313 5350 serie
3340 5294 3535 5364 conjici
3559 5306 3703 5363 posse
3722 5299 3821 5341 eam

2319 5383 2385 5438 ad
2418 5383 2755 5439 Christianos
2785 5385 3010 5440 missam
3040 5383 3317 5453 Hebraeos,
3366 5394 3577 5441 tenaces
3604 5380 3821 5437 nimirum

2318 5475 2555 5545 antiqua:
2574 5475 2728 5545 legis,
2760 5488 2813 5531 et
2847 5478 2915 5533 ad
2949 5477 3203 5534 Hebraeos
3226 5493 3348 5534 esse
3368 5477 3692 5545 inscriptam.
3734 5465 3819 5518 V6-

2318 5582 2441 5620 rum
2476 5566 2561 5622 vel
2601 5583 2665 5622 ex
2696 5568 2811 5638 ipsa
2843 5570 3011 5625 totius
3042 5569 3314 5640 Epistola,
3346 5585 3377 5624 a
3421 5569 3572 5623 nobis
3611 5559 3816 5633 superi"S

2321 5663 2461 5719 facta
2482 5662 3077 5735 synopsitexploratum
3106 5663 3184 5728 tit,
3214 5662 3336 5720 ideo
3352 5661 3617 5734 praecipue
3638 5657 3710 5728 ad.
3722 5661 3815 5707 eam
