4066 6330
300 264 401 322 681

1657 290 2189 356 PROLEGOMENA.

3434 335 3537 390 682

290 386 640 445 scribendam
694 400 972 451 auctorem
1024 400 1145 472 ejus
1194 403 1488 476 impulsum
1537 420 1595 467 ut
1646 429 1741 470 eos
1789 418 1856 473 ad
1886 429 1934 484 Α
2033 423 2288 486 Usserius
2310 431 2511 504 quippe
2537 435 2984 513 archiepiscopus
3011 445 3392 511 Armacnanus
3413 459 3528 529 pri-

290 494 436 529 auos
475 483 692 529 scrinsit
716 492 1061 529 nrgpmnnimr
1130 500 1549 529 ηηηι.;ι.,ι..,.ι,...-
1590 522 1653 529 _-
1687 509 1747 529 ,ι
1796 511 1851 529 μί
2191 519 2204 529 .
2368 523 2400 529 --
2433 524 2444 529 -

288 494 436 550 quos
475 483 693 552 scripsit
716 492 1083 558 prtemuniret,
1130 500 1550 573 prohiberetque
1588 522 1656 563 ne
1683 509 1753 563 ab
1795 511 1863 568 iis

285 568 667 639 deciperentur
692 575 785 643 qui
816 576 986 647 legem
1012 581 1214 654 Moysis
1245 596 1299 640 et
1322 568 1529 645 Christi
1552 593 1715 649 simul
1741 611 1861 652 ser-

283 662 524 716 vandam
576 679 697 719 esse
727 672 1068 728 asserebant.
1101 676 1265 746 Atqui
1304 680 1393 733 hic
1434 696 1589 738 error
1617 685 1859 754 ejusdem

282 751 400 809 fere
428 770 551 810 cum
580 756 890 816 Christiana
922 766 1180 836 religione
1211 779 1296 826 est
1336 775 1511 830 anatis
1540 795 1554 831 :
1592 751 1859 849 ill—umque

280 860 395 899 non
434 847 609 901 solum
653 848 932 919 Hebraeos,
978 858 1071 912 sed
1101 859 1265 915 etiam
1311 863 1617 932 btet-eticos,
1664 873 1856 940 quales

276 947 442 991 erant
464 938 726 996 Ebionitae
749 954 802 997 et
824 945 1180 1017 Ccrinthiani,
1210 954 1469 1013 docuisse"
1483 938 1851 1020 certissimum

274 1034 388 1082 est.
417 1027 680 1086 Praeterea
701 1034 802 1088 etsi
830 1052 861 1089 a
888 1038 1018 1094 solis
1041 1039 1280 1100 Hebraeis
1302 1061 1456 1102 error
1481 1050 1568 1106 hic
1597 1053 1853 1110 dissemi-

274 1123 445 1169 natus
482 1115 697 1184 fuisset,
742 1130 989 1189 poterant
1038 1136 1215 1185 tamen
1253 1131 1354 1202 ipsi
1399 1152 1465 1192 co
1509 1156 1619 1209 quo
1649 1141 1849 1214 ﬂagra-

272 1200 411 1256 bant
439 1205 717 1276 religionis
746 1228 859 1267 sua:
888 1216 1089 1282 studio,
1124 1219 1273 1274 illum
1306 1227 1447 1293 apud
1488 1245 1678 1286 omnes
1721 1250 1846 1291 cum

272 1290 555 1360 Hebrzeos,
589 1308 700 1353 tum
749 1305 976 1371 gentiles
1012 1309 1078 1362 ad
1120 1290 1485 1372 Christianam
1515 1320 1671 1376 fidem
1708 1340 1843 1381 con-

269 1402 466 1443 versos
492 1390 693 1460 ubique
723 1394 1106 1454 disseminare.
1140 1400 1325 1460 Potuit
1350 1422 1479 1479 ergo
1510 1422 1702 1467 auctor
1749 1431 1848 1470 no-

268 1487 387 1532 ster
432 1495 539 1534 non
583 1483 650 1536 ad
696 1482 951 1542 Hebraeos
983 1496 1383 1564 tantummodo,
1437 1502 1532 1555 sed
1581 1504 1743 1559 etiam
1778 1507 1845 1560 ad

264 1569 635 1639 Christianos,
684 1592 822 1645 quos
869 1582 938 1634 ab
968 1581 1210 1643 Hebraeis
1260 1590 1348 1643 vel
1373 1591 1641 1651 haereticis
1671 1598 1846 1669 decipi

266 1664 566 1728 metuebat,
599 1681 753 1721 suam
780 1670 1011 1741 dirigere
1041 1678 1348 1745 epistolam.

346 1752 611 1823 Objieitur
636 1767 812 1815 tamen
838 1762 1236 1824 Tcrtullianum
1274 1770 1573 1842 Epistolam
1599 1776 1749 1834 Pauli
1774 1783 1840 1837 ad
1875 1775 1915 1832 Β

261 1842 525 1903 Hebraeos
573 1850 770 1907 citasse
819 1853 1078 1914 Barnabas
1130 1864 1389 1932 nomine;
1453 1868 1701 1936 forsitan,
1749 1873 1838 1925 in-

260 1937 480 2005 quiunt,
506 1952 715 2010 accepto
740 1960 943 2000 rumore
962 1950 1025 2002 de
1049 1950 1289 2020 Epistola
1312 1958 1541 2026 quadam
1566 1959 1835 2018 Barnabas

258 2029 336 2079 ad
377 2028 623 2085 Ilebrwos
666 2051 697 2086 a
719 2051 773 2088 se
806 2053 906 2090 non
933 2041 1040 2093 visa
1063 2043 1088 2095 ?
1119 2043 1224 2099 Sed
1269 2046 1370 2101 hac
1400 2050 1706 2119 objectione
1756 2056 1833 2110 le-

258 2118 345 2173 vis
374 2122 684 2190 conjectura
713 2127 819 2182 alia
867 2132 1039 2185 multo
1080 2134 1269 2190 leviori
1298 2140 1579 2206 probatur.
1607 2142 1833 2200 Verum-

254 2213 536 2269 enimvcro
584 2217 629 2271 si
677 2218 1043 2279 Tertullianus
1094 2226 1393 2296 Epistolam
1448 2234 1514 2288 ad
1569 2233 1827 2293 Hebraeos

254 2303 520 2361 Barnabze
546 2309 813 2383 assignat,
835 2315 1080 2369 eamdem
1107 2318 1199 2372 alii
1236 2319 1416 2386 Lucae,
1445 2324 1535 2378 alii
1558 2326 1827 2383 Clementi

251 2392 591 2462 adjudicant.
624 2395 876 2467 Nunquid
900 2416 1027 2472 ergo
1060 2403 1114 2457 in
1147 2405 1291 2461 hanc
1315 2411 1639 2465 sententiam
1674 2413 1823 2468 abie-

250 2495 425 2540 runt:
463 2488 693 2556 forsitan
724 2508 931 2546 rumore
974 2505 1182 2564 accepto
1224 2499 1287 2552 de
1324 2499 1565 2570 Epistola
1598 2506 1826 2575 quadam

249 2575 414 2630 Luca:
442 2577 517 2631 vel
545 2578 823 2635 Clementis
856 2583 925 2636 ad
952 2582 1200 2640 Hebrwos
1226 2604 1257 2641 a
1286 2606 1341 2644 se
1365 2604 1467 2645 non
1493 2594 1649 2648 visa?
1683 2594 1825 2662 Quid

248 2669 356 2725 hac
386 2670 697 2740 conjectura
730 2673 979 2729 rutilius?
1008 2676 1303 2733 Dicendum
1337 2681 1499 2752 igitur
1524 2683 1823 2755 Epistolam

245 2761 318 2816 ad
352 2756 604 2823 Hebraeos
635 2778 664 2816 a
693 2763 1030 2821 Tertulliano
1074 2766 1336 2826 Barnabre
1367 2774 1588 2830 no’mine
1618 2775 1822 2834 idcirco

247 2849 542 2917 laudatam,
578 2853 657 2907 vel
688 2854 815 2923 quia
840 2871 964 2911 eum
998 2874 1123 2913 vere
1152 2862 1380 2929 putabat
1416 2865 1536 2937 ejus
1563 2866 1822 2939 Epistolas

156 2962 159 2963 ν
244 2952 544 3007 auctorem,
576 2958 671 2997 seu
705 2946 884 3014 potius
914 2948 1105 3017 mavis,
1156 2950 1507 3023 interpretem
1531 2976 1546 3023 ;
1571 2960 1654 3014 vel
1689 2962 1818 3031 quia

240 3048 367 3087 cum
409 3033 553 3087 illam
593 3036 661 3088 ab
701 3037 886 3108 aliquo
930 3038 1085 3095 Pauli
1118 3045 1266 3100 socio
1304 3054 1358 3102 et
1388 3047 1656 3119 discipulo
1676 3054 1815 3108 scri—

240 3133 389 3193 ptam
420 3126 683 3194 crederet,
730 3128 782 3182 id
821 3131 954 3184 nulli
986 3134 1180 3201 potiori
1214 3136 1338 3206 jure
1366 3154 1529 3209 quam
1559 3142 1816 3201 Barnabae
1840 3125 1885 3184 ct

238 3218 587 3272 tribuendum
615 3219 879 3288 judicavit
907 3242 920 3278 :
950 3226 1033 3280 vel
1064 3226 1297 3298 denique
1325 3231 1449 3287 aliis
1476 3231 1647 3292 fretus
1677 3252 1810 3292 con-

232 3309 487 3377 jecturis,
515 3327 583 3367 ex
619 3311 760 3369 falso
795 3326 1084 3372 auctorum
1112 3331 1207 3375 aut
1227 3322 1477 3378 codicum
1503 3332 1812 3384 manuscri-

235 3404 778 3469 ptorumerrantium
813 3407 1127 3464 testimonio
1162 3411 1483 3483 dcsumptis,
1517 3432 1653 3487 quas
1692 3419 1807 3491 jam

230 3491 479 3547 divinare
501 3503 811 3565 promptum
837 3514 945 3553 non
982 3511 1085 3556 est.

303 3583 476 3639 Porro
522 3585 566 3639 si
604 3596 752 3642 certo
783 3588 995 3645 deliniri
1042 3609 1149 3648 non
1192 3597 1363 3666 possit
1393 3598 1487 3669 qui
1520 3600 1799 3675 homines,

227 3676 457 3747 cujusve
494 3680 732 3747 regionis
760 3680 795 3734 ii
826 3680 1029 3737 fuerint
1061 3685 1128 3738 ad
1158 3703 1295 3756 quos
1341 3689 1482 3746 hanc
1520 3691 1799 3752 Barnabas

227 3768 385 3821 misit
422 3766 719 3838 Epistolam
745 3810 759 3834 ,
804 3780 1022 3826 constat
1076 3782 1260 3830 tatnen
1303 3794 1398 3833 eos
1454 3780 1797 3843 Christianos

226 3857 423 3923 fuisse,
468 3859 557 3927 qui
603 3860 659 3912 in
704 3862 1044 3931 assequenda
1085 3866 1207 3920 vita:
1259 3866 1584 3925 Christianae
1614 3873 1793 3942 perfe-

220 3952 407 4007 ctione
460 3950 735 4019 profcctus
764 3954 977 4023 aliquos
1002 3955 1115 4024 jam
1147 3956 1405 4025 fecerant,
1446 3978 1692 4034 quosque
1734 3976 1794 4021 ut

219 4042 397 4110 magis
427 4056 492 4094 ac
517 4042 688 4112 magis
717 4043 772 4096 in
801 4058 863 4098 ea
897 4048 1240 4115 proficerent,
1276 4052 1626 4123 adhortatur;
1651 4072 1789 4126 quos

218 4134 456 4201 denique
485 4134 759 4197 admonet,
802 4147 1030 4192 caveant
1058 4141 1249 4195 sedulu
1275 4145 1343 4198 ab
1372 4145 1668 4216 haereticis,
1692 4152 1785 4222 qui

212 4224 373 4278 vanis
422 4225 649 4294 argutiis
697 4235 749 4280 et
800 4228 1191 4287 subtilitatibus
1245 4233 1415 4304 legem
1467 4237 1669 4310 Moysis
1720 4258 1784 4299 ac

212 4313 418 4368 Christi
447 4314 609 4367 simul
651 4315 1046 4372 observandam
1084 4321 1205 4376 aliis
1237 4325 1469 4381 suadere
1503 4333 1781 4386 conaban-

210 4412 323 4458 tur.
364 4404 727 4470 Quamobrem
760 4406 902 4460 idem
948 4418 1140 4465 auctor
1182 4422 1365 4468 noster
1402 4432 1496 4471 eos
1523 4427 1629 4474 tom
1666 4422 1781 4492 epi-

207 4495 349 4549 stola
386 4510 483 4549 sua
508 4505 693 4550 contra
734 4498 1112 4555 haareticorum
1149 4502 1364 4558 illorum
1398 4521 1611 4565 errores
1655 4529 1771 4568 mus

207 4580 309 4646 nit,
343 4594 409 4635 ac
431 4580 757 4638 Christianae
791 4587 1011 4656 pietatis
1038 4593 1320 4661 praeceptis
1353 4594 1635 4653 informat.

725 4690 1121 4759 ARTICULUS
1161 4704 1257 4760 XI.

203 4800 283 4858 De
322 4803 480 4873 hujus
523 4803 779 4875 Epistula:
824 4809 1063 4935 farttztta,
1108 4825 1157 4869 et
1202 4818 1367 4872 variis
1416 4818 1530 4888 ejus
1586 4824 1773 4878 editio-

892 4897 944 4935 ni
985 4900 1064 4935 us.

892 4897 1064 4937 ηιοιιε.

272 4962 513 5034 Epistola
547 4965 660 5023 hazc
684 4968 955 5025 fortunam
984 4973 1172 5031 habuit
1210 4979 1438 5047 variam,
1464 4982 1769 5055 mirumque

192 5058 242 5110 in
290 5056 517 5111 modum
561 5062 899 5118 mutabilem.
944 5063 1082 5120 Cum
1115 5069 1257 5123 enim
1293 5080 1465 5140 tanto,
1512 5086 1570 5129 ut
1601 5092 1762 5145 supra

189 5148 460 5215 diximus,
487 5150 777 5219 splendore
805 5164 862 5209 et
887 5158 1127 5212 secundo
1153 5168 1207 5214 et
1236 5161 1471 5229 duobus,
1506 5181 1571 5220 ac
1604 5166 1763 5223 forsid

188 5248 275 5294 tan
320 5240 486 5295 etiam
528 5243 701 5299 tr‘ibus
728 5250 1080 5316 sequentibus
1118 5249 1377 5308 Ecclesia:
1411 5258 1622 5314 saeculis
1656 5260 1760 5314 mi-

186 5329 417 5397 cuisset,
449 5332 703 5404 deinceps
739 5335 810 5391 it’a
854 5341 1098 5407 evanuit,
1149 5352 1208 5396 ut
1250 5356 1444 5412 prieter
1472 5358 1759 5422 utrumque

186 5417 579 5491 Nicephorum,
612 5426 704 5495 qui
750 5430 911 5484 verba
942 5430 1161 5487 Eusebii
1202 5445 1294 5491 aut
1340 5440 1534 5494 saltem
1564 5456 1752 5497 eorum

184 5524 413 5567 sensum
446 5514 801 5587 descripsere,
834 5523 923 5575 vix
953 5524 1096 5577 alius
1119 5526 1185 5580 de
1225 5542 1287 5581 ea
1321 5534 1649 5587 mentionem
1675 5532 1753 5588 fe-

188 5601 328 5658 cisse
354 5605 675 5673 reperiatur.
698 5607 895 5666 Nostro
916 5616 1131 5671 tandem
1157 5620 1355 5675 saeculo
1378 5621 1561 5679 Grrece
1580 5633 1633 5679 et
1653 5624 1752 5680 La-

188 5693 295 5748 tine
322 5696 491 5751 variis
521 5698 573 5750 in
598 5698 948 5760 Bibliothccis
972 5706 1201 5765 feliciter
1227 5710 1465 5783 inventa,
1488 5730 1520 5774 e
1548 5724 1626 5774 tot
1646 5733 1747 5775 saec

186 5785 430 5841 culorum
459 5788 700 5845 tenebris
720 5796 962 5849 emersit.

431 5879 694 5943 PATROL.
737 5885 851 5947 Gn.
896 5886 965 5948 ll.

1966 529 2112 571 mam
2155 519 2275 589 ejus
2315 523 2610 582 editionem
2638 545 2704 585 ex
2735 538 3146 610 manuscriptis,
3178 560 3303 614 qua:
3330 562 3526 608 mutuo

1964 607 2033 663 ab
2055 610 2174 667 aliis
2198 627 2501 685 acceperat,
2522 619 2717 678 Oxonii
2740 642 2884 682 anno
2904 607 3042 685 16ιέ
3062 607 3367 697 adornavit.
3395 641 3524 711 Sed,

1964 695 2159 754 Vossio
2191 711 2346 771 teste,
2380 721 2487 763 una
2518 712 2669 768 urbis
2693 715 2857 785 hujus
2886 731 3039 789 parte
3060 728 3223 793 paulo
3252 738 3376 799 post
3400 695 3526 805 igne

1959 803 2303 863 consumpta,
2355 798 2459 856 hoc
2516 803 2766 861 incendio
2823 814 3006 869 omnia
3054 798 3309 879 editionis
3355 798 3523 898 hujus

1958 883 2287 951 exemplaria
2327 889 2621 956 perierunt.
2665 893 2818 954 Unus
2845 910 3025 958 tamen
3063 909 3252 979 codex,
3286 883 3520 975 flammis

1955 980 2193 1040 ereptus,
2221 976 2274 1029 in
2312 978 2636 1039 bibliotheca
2666 987 2908 1055 ejusdem
2938 996 3111 1065 urbis,
3152 1002 3197 1056 si
3224 976 3331 1074 qua
3371 1009 3518 1065 edito

1955 1060 2126 1129 ipsius
2155 1064 2413 1139 Catalogo
2436 1072 2569 1129 fides
2596 1075 2842 1136 habenda
2873 1086 2964 1149 sit,
2990 1060 3324 1152 asservatitr.

2022 1152 2146 1212 Haec
2174 1160 2343 1227 prima
2374 1162 2625 1234 Epistula:
2655 1183 2855 1231 nostra:
2899 1181 3065 1237 editio
3097 1186 3273 1245 doctis
3298 1189 3371 1246 ita
3408 1208 3512 1264 pa-

1950 1259 2074 1298 rum
2103 1247 2361 1317 innotuit,
2389 1264 2446 1309 ut
2469 1272 2586 1312 eam
2615 1262 2684 1316 ab
2729 1262 2955 1337 Hugone
2982 1271 3242 1332 Menardo
3274 1282 3510 1350 primum

1949 1337 2149 1393 editam
2188 1343 2274 1396 vix
2319 1361 2460 1404 unus
2498 1361 2591 1406 aut
2636 1357 2775 1411 alter
2815 1375 2924 1415 non
2964 1379 3245 1434 agnoscat.
3271 1373 3340 1429 At
3365 1387 3511 1435 certe

1947 1441 2136 1487 omnes
2183 1434 2342 1493 facile
2393 1446 2695 1502 concedent
2732 1465 2857 1506 eum
2902 1458 3139 1523 primum
3179 1462 3379 1533 fuisse,
3413 1473 3508 1539 qui

1945 1520 2090 1577 illam
2121 1526 2261 1596 typis
2293 1534 2602 1590 mandatam
2639 1542 2814 1595 nostri
2854 1544 2996 1612 juris
3039 1548 3244 1609 fecerit.
3276 1555 3324 1611 Is
3359 1560 3508 1616 enim

1942 1629 2069 1670 cum
2119 1619 2398 1678 incidisset
2441 1626 2496 1681 in
2534 1635 2966 1705 manuscriptum
3012 1640 3267 1701 Latinum
3312 1650 3507 1707 biblio-

1942 1704 2112 1763 thecae
2137 1709 2472 1780 Corbeianaz,
2496 1733 2765 1778 annorum
2795 1704 2914 1795 plus
2932 1746 3093 1799 quam
3116 1736 3220 1790 900
3236 1724 3501 1809 codicem,

1943 1796 2220 1869 aliumque
2266 1803 2537 1874 Graecum,
2592 1811 2732 1867 inter
2779 1814 3043 1877 Thuriani
3085 1829 3285 1898 scripta
3315 1831 3503 1892 Roma:

1940 1887 2240 1960 inventum,
2290 1911 2319 1949 a
2368 1897 2688 1960 doctissimo
2738 1907 3029 1969 Sirmondo
3057 1923 3377 1991 accepisset,
3428 1944 3499 1985 ex

1938 1990 2171 2050 utroque
2216 1990 2510 2057 exemplari
2559 1996 2626 2049 ad
2664 2003 2956 2066 parandam
3004 2010 3298 2068 editionem
3340 2035 3498 2075 suam

1934 2070 2063 2126 totis
2088 2074 2297 2132 viribus
2323 2080 2590 2140 incubuit.
2620 2086 2724 2143 Sed
2755 2095 2966 2152 collatis
2995 2102 3298 2172 codicibus,
3324 2110 3495 2167 altera

1932 2156 2189 2228 Epistola:
2225 2178 2380 2236 parte
2420 2172 2473 2227 in
2503 2174 2759 2234 Latinum
2796 2199 2969 2251 versa,
2999 2192 3275 2263 variisque
3304 2198 3496 2255 obser-

1931 2252 2244 2312 vationibus
2294 2266 2647 2334 compositis,
2708 2271 3031 2345 priusquam
3081 2281 3288 2353 aliquid
3339 2290 3493 2356 prelo

1929 2347 2194 2403 committi
2227 2356 2483 2422 potuerit,
2510 2358 2803 2421 immatura
2852 2381 3027 2426 morte
3051 2375 3352 2433 exstinctus
3383 2392 3486 2438 est.

1926 2432 2269 2509 Quapmpter
2298 2443 2475 2503 Lucas
2498 2449 2798 2513 Dacherius
2828 2473 3031 2529 paratae
3055 2467 3124 2521 ab
3156 2432 3253 2523 illo
3286 2432 3490 2528 editio:

1927 2527 2015 2582 nis
2047 2545 2235 2587 curam
2292 2535 2347 2590 in
2375 2553 2436 2594 se
2468 2545 2691 2613 recepit,
2744 2563 2975 2621 eamque
3022 2561 3305 2626 prwmissa
3344 2579 3375 2618 a
3423 2581 3484 2621 se

1923 2620 2241 2689 praefatione
2261 2642 2406 2684 anno
2430 2633 2567 2690 1645
2604 2638 2853 2698 absolvit.

1993 2711 2152 2772 Anno
2180 2719 2542 2792 subsequente
2570 2728 2722 2787 Isaac
2746 2732 2973 2793 Vossius
3014 2739 3208 2797 iterum
3231 2747 3480 2804 eamdem

1920 2800 2217 2873 Epistolam
2254 2825 2320 2866 ex
2366 2815 2538 2872 tribus
2570 2825 2987 2896 manuscriptis,
3029 2845 3140 2887 uno
3189 2800 3481 2893 bibliothe:

1919 2910 1997 2952 cae
2018 2897 2365 2973 Florentinag,
2393 2909 2563 2964 altero
2586 2910 2877 2986 Vaticana,
2904 2923 3061 2977 tertio
3082 2924 3477 2988 Theatinorum

1920 2986 2315 3065 Romanorum,
2338 2999 2731 3062 Amstelodami
2772 3012 2952 3067 emisit
2981 3015 3034 3069 in
3066 3018 3365 3086 publicum.
3412 3023 3472 3080 In

1917 3080 2004 3138 bis
2034 3094 2217 3141 autem
2246 3092 2500 3150 omnibus
2554 3098 2835 3156 codicibus
2866 3120 3030 3161 manu
3060 3114 3296 3169 exaratis
3345 3115 3475 3186 Epi-

1917 3177 2057 3232 stola
2106 3193 2257 3237 caret
2308 3183 2483 3252 initio,
2530 3197 2697 3259 atque
2727 3194 2821 3247 uni
2865 3210 2932 3250 ex
2985 3196 3178 3269 lgnatii
3211 3177 3470 3275 Epistolis

1912 3270 2179 3339 proxime,
2205 3283 2259 3329 et
2282 3275 2489 3347 absque
2521 3280 2679 3336 titulo
2710 3285 3079 3359 conjungitur.

1978 3360 2281 3419 Cotelerius
2327 3383 2472 3423 anno
2501 3369 2639 3426 1672
2679 3390 2745 3430 ex
2790 3378 3067 3439 Sirmondi
3115 3403 3222 3444 ms.
3275 3391 3467 3449 Graeco

1905 3452 2110 3520 codice,
2150 3456 2217 3511 de
2255 3473 2366 3527 quo
2402 3471 2528 3517 ante
2564 3465 2827 3535 diximus,
2864 3472 3013 3529 illam
3052 3493 3244 3537 rursus
3270 3484 3462 3553 edidit,

1904 3558 2154 3615 novaque
2182 3550 2453 3621 versione,
2486 3557 2794 3627 antiquiore
2824 3572 3005 3622 tamen
3064 3586 3169 3627 non
3222 3577 3459 3645 omissa,

1899 3634 2153 3707 donavit;
2187 3644 2526 3715 praefixitque
2559 3648 2826 3719 Operibus
2846 3669 3151 3716 sanctarum
3196 3634 3459 3738 Patrum,

1896 3728 1987 3796 qui
2018 3733 2334 3800 temporibus
2385 3740 2742 3807 apostolorum
2793 3748 3109 3816 ﬂoruerunt.
3156 3756 3225 3811 At
3283 3728 3454 3819 multa

1897 3815 2060 3886 hujus
2082 3820 2335 3879 editionis
2359 3831 2687 3898 exemplaria
2724 3815 2961 3895 incensis
2985 3841 3293 3915 bibliopolae
3319 3865 3452 3919 apo-

1894 3909 2084 3979 thecis,
2117 3915 2235 3985 igne
2263 3931 2583 3991 consumpta
2609 3936 2755 3983 sunt.

1962 4001 2200 4075 Denique
2235 4007 2484 4081 Moynius
2508 4027 2631 4068 cum
2670 4014 3008 4092 Rothomago
3054 4022 3307 4082 Leisdam
3350 4029 3450 4086 do-

1887 4093 2071 4148 cenda:
2098 4096 2378 4169 theologia:
2402 4116 2568 4159 causa
2611 4121 2671 4162 se
2705 4110 3045 4179 contulisset,
3090 4115 3164 4169 ibi
3200 4121 3445 4177 eamdem

1886 4182 2186 4252 Epistolam
2233 4189 2376 4246 inter
2409 4210 2509 4249 sua
2551 4194 2711 4252 Varia
2751 4215 2910 4255 sacra
2934 4204 3017 4258 edi
3047 4209 3276 4264 curavit.
3310 4207 3446 4268 Ulti-

1884 4282 2029 4323 mam
2062 4281 2241 4329 autem
2276 4277 2417 4335 hanc
2444 4283 2737 4341 editionem
2782 4288 2873 4344 ille
2917 4306 2983 4346 ex
3030 4295 3218 4352 codice
3248 4316 3442 4355 manu-

1882 4362 2085 4430 scripto
2136 4362 2470 4435 Florentino,
2510 4389 2669 4443 quem
2727 4377 2780 4431 in
2811 4377 3154 4439 Hollandiam
3201 4386 3439 4448 Rullmus

1812 4465 1856 4519 ι)
1885 4452 2158 4518 attulerat,
2192 4466 2245 4509 et
2269 4458 2319 4511 in
2348 4475 2457 4527 quo
2488 4462 2601 4518 haec
2623 4464 2864 4534 Epistola
2913 4474 3001 4526 uni
3042 4490 3107 4529 ex
3140 4476 3438 4545 Ignatianis

1882 4542 2087 4611 absque
2118 4545 2273 4601 titulo
2302 4560 2355 4603 et
2381 4552 2647 4624 principio
2667 4563 3025 4632 connectitur,
3055 4582 3114 4621 se
3138 4542 3438 4628 adornasse

1883 4635 2127 4686 testatur.
2162 4634 2315 4700 Quod
2350 4655 2483 4695 sane
2510 4659 2707 4715 magno
2732 4650 2891 4707 nobis
2922 4654 3124 4711 indicio
3156 4670 3240 4715 est
3288 4662 3435 4720 hunc

1876 4734 2041 4776 manu
2070 4736 2351 4783 exaratum
2374 4733 2613 4790 codicem
2642 4755 2746 4794 non
2773 4742 2939 4798 alium
2972 4761 3092 4803 esse
3112 4766 3143 4804 a
3165 4752 3343 4821 primo
3364 4774 3431 4812 ex

1874 4809 1943 4867 iis
1973 4813 2149 4872 tribus
2174 4823 2328 4888 queis
2355 4821 2604 4881 Vossium
2635 4830 2689 4883 in
2722 4837 3029 4892 accuranda
3070 4856 3168 4895 sua
3192 4844 3429 4902 editione

1872 4916 2035 4956 usum
2075 4920 2197 4963 esse
2239 4911 2497 4970 diximus.
2530 4916 2800 4976 Caeterum
2850 4928 3067 4999 utrique
3103 4930 3334 4992 Vossius
3374 4950 3430 4995 et

1869 4993 2119 5067 Moynius
2141 5016 2246 5055 non
2272 5006 2431 5074 aliam
2462 5011 2764 5068 versionem
2790 5015 3060 5087 Latinam,
3093 5040 3259 5095 quam
3289 5032 3425 5085 anti-

1866 5088 2137 5159 quiorem,
2173 5109 2202 5147 a
2236 5093 2491 5154 Menardo
2525 5102 2797 5161 inventam
2822 5118 2876 5164 et
2897 5112 3234 5185 adornatam,
3260 5130 3421 5189 atque

1864 5195 1896 5235 a
1917 5180 2179 5241 Dacherio
2203 5189 2400 5245 editam
2435 5194 2816 5256 adhibuerunt.

2372 5330 2765 5391 ARTICULUS
2802 5337 2916 5395 ΧΠ.

1961 5414 2037 5470 De
2054 5420 2191 5474 notis
2213 5426 2262 5474 et
2288 5420 2730 5481 observationibus
2759 5430 2812 5483 in
2832 5431 2968 5485 hanc
2990 5433 3302 5505 Epistolam.

1925 5528 2132 5599 Singuli
2182 5535 2372 5591 barum
2430 5538 2727 5597 editionum
2794 5557 3040 5604 auctores
3113 5551 3407 5623 Epistolam

1852 5620 1997 5675 illam
2050 5625 2193 5679 notis
2246 5636 2300 5681 et
2346 5630 2818 5690 observationibus
2876 5638 2990 5693 suis
3038 5620 3404 5702 illustrarunt.

1849 5710 1996 5779 Quas
2026 5716 2192 5772 edidit
2222 5717 2533 5789 Menardus,
2586 5741 2663 5780 ea:
2691 5726 2803 5782 fere
2852 5745 3039 5789 omnes
3076 5736 3160 5791 vel
3185 5739 3251 5793 ad
3277 5754 3406 5797 cor-

1844 5804 2141 5864 rectionem
2168 5810 2688 5887 explicationetuquc
2716 5827 2914 5890 textus,
2958 5825 3037 5879 vel
3070 5838 3128 5881 ut
3156 5829 3246 5887 illa
3276 5832 3402 5902 styii
