4066 6330
642 258 744 314 683

1703 260 1759 317 S.
1804 260 2164 314 BARNABAS
2203 259 2631 322 APOSTOLUS.
3722 280 3802 338 681

637 400 757 440 esse
780 382 1062 455 apostolici
1086 382 1367 453 probetur,
1418 381 1752 438 conducunt.
1786 380 2085 439 Nonnullas
2118 392 2197 437 ta-
2226 386 2273 440 Δ
2300 398 2543 443 ruerunt.
2570 389 2682 444 Cur
2702 406 2832 462 ergo
2851 392 2905 446 in
2935 388 3233 465 Scripturis
3260 396 3452 464 sacris,
3479 397 3661 467 quibus
3681 400 3809 457 Chri-

638 492 761 531 men
789 476 1118 548 quandoque
1139 474 1405 529 admiscet
1429 473 1754 530 eruditionis
1785 490 1897 528 sua:
1916 484 2101 539 testes,
2132 490 2197 529 ex

637 572 837 640 quibus
864 568 1019 624 facile
1048 568 1319 637 intelligas
1346 569 1518 623 multo
1544 568 1919 638 perfectiorem
1959 569 2200 625 futuram

639 666 810 721 fuisse
841 665 960 733 ejus
985 663 1299 725 editionem,
1317 662 1361 719 si
1386 679 1482 733 per
1511 674 1740 717 mortem
1762 664 1878 717 viro
1902 674 2010 718 tam
2041 664 2200 719 docto

640 760 705 812 ad
740 757 1052 811 umbilicum
1085 756 1229 809 illam
1258 756 1552 825 perducere
1581 757 1840 812 licuisset.

709 847 900 901 Nullus
962 844 1153 899 Vussiu
1192 847 1479 915 pauciores
1522 845 1908 916 breviuresque
1959 847 2011 900 in
2060 847 2201 901 hanc

641 938 936 1008 Epistulam
963 936 1340 991 adnotationes
1369 935 1687 999 edidit;nec
1710 937 1798 990 ille
1824 937 2042 1007 quidem
2074 952 2203 1007 pro-

641 1031 863 1084 lixiores
892 1028 1068 1083 facere
1091 1036 1461 1082 consueverat.
1515 1027 1716 1083 Omnes
1765 1027 1876 1083 fere
1907 1029 2201 1083 correctio-

640 1137 763 1175 nem
818 1129 997 1175 tcxtus
1046 1128 1308 1189 spectant.
1358 1118 1637 1185 Qumdam,
1687 1120 1780 1174 sed
1834 1121 2198 1189 paucissimae,

640 1214 903 1283 quosdam
940 1213 1205 1269 obscuros
1235 1212 1387 1265 locus
1432 1211 1741 1280 explicant;
1794 1220 1955 1281 atque
1997 1214 2050 1265 in
2082 1213 2201 1266 illa-

641 1324 761 1362 rum
815 1306 1087 1377 praecipua
1118 1304 1497 1359 observatione
1546 1303 1875 1373 disputatur,
1924 1320 2033 1373 quo
2082 1305 2199 1375 spi-

642 1415 834 1455 narum
886 1413 1083 1470 genere
1114 1412 1315 1451 corona
1345 1396 1549 1453 Cbristi
1599 1396 1855 1467 patientis
1910 1408 2195 1467 compacta

638 1492 821 1549 fuerit.
2168 1538 2175 1546 .

708 1583 806 1640 His
841 1582 1012 1637 multo
1051 1582 1233 1652 plures
1272 1580 1655 1649 longioresque
1699 1582 1752 1635 in
1802 1581 1945 1637 hanc
1994 1580 2203 1651 Episto-

640 1680 746 1733 lam
792 1674 1291 1737 animadversiones
1333 1688 1361 1727 a
1390 1671 1659 1727 Cutelerio
1690 1674 2007 1742 compositae
2048 1683 2198 1729 sunt.

640 1768 747 1823 Sed
780 1767 1074 1836 uptandum
1104 1781 1253 1831 sane,
1287 1773 1347 1819 ut
1377 1765 1430 1817 in
1460 1764 1527 1820 iis
1554 1780 1673 1834 quae
1694 1781 1801 1819 non
1825 1764 2007 1821 minus
2032 1781 2196 1836 quam

639 1870 846 1930 septem
883 1875 1046 1929 supra
1072 1859 1290 1930 triginta
1316 1870 1692 1923 numerantur,
1716 1858 1799 1911 vir
1826 1858 1915 1913 ille
1949 1858 2197 1914 eruditus

638 1958 708 2011 ab
738 1955 980 2011 auctoris
1024 1969 1193 2022 scopo
1219 1967 1328 2006 non
1361 1952 1436 2004 ita
1482 1965 1623 2020 saepe
1657 1949 1938 2019 digressus
1966 1949 2196 2019 fuisset,

638 2050 862 2120 suisque
893 2063 1000 2103 non
1033 2056 1142 2101 tam
1165 2045 1324 2101 facile
1362 2044 1680 2099 indulsisset
1704 2044 2056 2114 coniecturis.

708 2139 958 2211 Moynius
1011 2148 1322 2208 postremus
1371 2137 1618 2192 omnium
1657 2146 1815 2189 notas
1857 2135 2201 2190 observatio-

638 2246 845 2301 nesque
875 2229 1172 2299 divulgavit
1198 2228 1252 2283 in
1286 2229 1425 2283 hanc
1476 2227 1798 2298 Epistulam,
1838 2226 2051 2282 caeteris
2084 2242 2201 2281 om-

638 2324 799 2378 nibus
829 2323 987 2392 longe
1012 2321 1341 2401 dilfusiores,
1376 2329 1648 2389 tantaeque
1673 2318 2019 2389 prolixitatis,
2050 2328 2109 2373 ut
2133 2318 2200 2373 ad

638 2416 809 2470 solam
840 2413 1165 2470 eruditionis
1194 2428 1327 2479 suae,
1355 2413 1650 2482 praesertim
1685 2409 1984 2476 Hebraicae,
2016 2421 2201 2467 osten-

641 2510 899 2564 tationem
959 2506 1272 2577 eompositze
1316 2506 1622 2561 videantur.
1675 2502 1831 2559 Nulla
1880 2505 2080 2574 quippe
2118 2512 2201 2559 est

642 2601 969 2666 observatio,
1004 2598 1094 2653 ubi
1128 2614 1237 2654 non
1274 2598 1385 2653 sint
1430 2597 1820 2668 digressiones,
1851 2605 1906 2651 et
1958 2612 2100 2666 saepe
2129 2611 2195 2651 ex

635 2693 768 2760 ipsis
810 2690 1241 2761 digressionibus
1274 2690 1327 2743 in
1354 2689 1458 2743 alia
1490 2688 1549 2742 fit
1572 2689 1766 2742 iterum
1794 2688 2094 2757 digressus,
2124 2689 2197 2744 ita

634 2793 695 2839 ut
727 2793 905 2839 textus
932 2784 1195 2846 auctoris,
1229 2782 1369 2836 notis
1400 2781 1650 2847 obrutus,
1698 2781 1967 2836 lectorum
2022 2782 2196 2838 oculis

634 2885 943 2932 evanescat.
972 2874 1078 2931 Nec
1122 2875 1209 2929 ille
1241 2874 1460 2944 quidem
1493 2872 1599 2927 alia
1631 2873 1841 2928 ratione
1862 2888 1922 2928 se
1951 2884 2029 2928 tut
2059 2884 2200 2928 tam-

634 2984 741 3039 que
784 2968 1010 3023 diffusas
1064 2966 1564 3021 animadversiones
1617 2966 1926 3035 publicasse
1982 2966 2195 3031 innuit;

2302 488 2419 534 stus
2448 482 2866 551 praedicabatur,
2898 488 3235 557 exponendis
3257 497 3363 542 tam
3395 490 3611 560 turpiter
3634 507 3810 551 errasse

2300 572 2700 629 criminantur?
2734 575 2988 646 Nunquid
3018 580 3221 634 ultimae
3248 589 3446 635 nostra:
3479 583 3637 637 aetatis
3668 583 3809 641 homi-

2302 679 2399 719 nes
2447 666 2501 720 in
2532 666 2597 721 iis
2626 668 2959 737 explicandis
2991 670 3264 725 doctiores
3293 681 3419 727 sunt
3448 681 3500 727 et
3544 676 3795 742 acutiores,

2300 772 2465 825 quam
2500 758 2574 811 illi
2606 760 2698 829 qui
2732 762 2799 814 ab
2826 750 3200 831 apostolis'vel
3248 765 3316 818 ab
3343 780 3529 819 eorum
3574 767 3809 838 discipulis

2301 851 2536 919 suscepti
2567 860 2619 905 et
2641 851 2874 915 educati,
2906 855 2959 907 in
2983 870 3173 909 eorum
3206 857 3394 912 schola
3414 858 3675 913 scientiam
3699 861 3812 917 Scri-

2301 952 2585 1009 pturarum
2603 943 2944 999 didicerunt?
2969 946 3207 1001 Caveant
3232 948 3608 1004 inconsiderati
3632 950 3809 1008 Patrum

2302 1042 2667 1100 accusatores,
2700 1051 2766 1090 ne
2793 1051 2933 1091 vano
2958 1037 3206 1092 litteralis
3229 1054 3443 1103 sensus,
3470 1055 3620 1108 quem
3651 1042 3813 1112 ubique

2303 1126 2603 1188 venditant,
2659 1136 2943 1195 praetextu,
2986 1145 3016 1182 a
3062 1130 3239 1185 littera
3280 1132 3557 1186 occidente
3588 1135 3810 1201 percussi,

2304 1214 2357 1268 in
2390 1216 2649 1271 e'ecitatis
2697 1232 2962 1285 errorem,
2994 1234 3157 1288 quem
3206 1221 3331 1276 aliis
3386 1229 3583 1278 temere
3610 1224 3812 1291 inurunt,

2302 1306 2519 1376 ipsitnet
2541 1308 2915 1377 prolabantur.
3296 1345 3322 1363 ι

2371 1397 2782 1453 Observandum
2822 1409 3078 1470 praeterea
3116 1413 3396 1459 auctorem
3440 1413 3671 1459 nostrum
3693 1422 3810 1475 quae-

2301 1490 2425 1544 dam
2458 1491 2744 1561 utriusque
2768 1490 3103 1548 Testamenti
3125 1495 3327 1550 citasse
3376 1498 3690 1563 testimonia,
3718 1515 3810 1569 quae

2301 1598 2425 1637 cum
2459 1583 2511 1636 in
2549 1584 2720 1640 sacris
2746 1586 2900 1641 libris
2937 1603 3043 1642 non
3068 1582 3430 1657 reperiantur,
3460 1590 3545 1644 illa
3584 1605 3611 1643 a
3637 1590 3811 1646 Judaeu-

2305 1692 2422 1730 rum
2477 1676 3027 1751 Christianorumque
3080 1684 3466 1740 traditionibus
3493 1686 3812 1755 desumpsisse

2302 1769 2721 1824 existimandum
2762 1780 2863 1827 est.
2915 1772 3172 1839 Quadam
3204 1791 3336 1831 vero
3380 1792 3448 1831 ex
3492 1787 3671 1846 quarto
3706 1778 3812 1831 libro

2303 1861 2486 1917 Esdraz
2531 1864 2797 1932 protulit:
2836 1866 2928 1921 sed
2977 1866 3129 1921 illum
3176 1869 3431 1923 censoria
3478 1869 3665 1941 Moynii
3714 1881 3809 1926 nota

2301 1954 2443 2010 male
2466 1956 2706 2010 inustum
2747 1974 2813 2013 ex
2850 1958 2957 2024 his,
2984 1974 3103 2029 quae
3128 1959 3195 2014 de
3221 1961 3327 2016 huc
3355 1962 3555 2030 scripto
3577 1963 3625 2017 in
3650 1963 3807 2017 nostris

2302 2045 2369 2100 ad
2401 2047 2672 2103 Ambrosii
2696 2047 2871 2118 Opera
2897 2050 3370 2108 admonitionibus
3394 2052 3440 2084 '°
3467 2054 3811 2123 disputavimus

2301 2139 2479 2209 quivis
2518 2137 2676 2195 facile
2702 2140 2987 2211 intelligat.

2370 2231 2752 2286 Adnotandum
2782 2247 3001 2303 quoque
3033 2232 3102 2287 ab
3124 2241 3353 2290 auctore
3394 2243 3581 2290 nostro
3604 2236 3810 2307 antiquos

2300 2339 2407 2378 non
2440 2332 2650 2378 tantum
2684 2323 2967 2379 haereticos
2998 2325 3322 2394 expugnari,
3354 2326 3448 2380 sed
3479 2326 3632 2380 etiam
3660 2326 3810 2394 impios

2300 2413 2471 2468 nostri
2495 2412 2678 2468 saeculi
2713 2411 3055 2477 Socinianos.
3090 2423 3280 2469 contra
3329 2430 3468 2485 quos
3489 2416 3677 2471 Christi
3701 2416 3807 2470 divi-

2300 2505 2445 2559 nitas
2473 2505 2527 2558 in
2552 2506 2654 2559 hac
2682 2503 2923 2573 Epistula
2954 2504 3315 2561 invictissime
3352 2508 3627 2562 asseritur.

2370 2594 2563 2651 Nonne
2590 2597 2734 2651 enim
2761 2596 2837 2651 ibi
2877 2595 3154 2651 Barnabas
3184 2598 3339 2652 illum
3385 2609 3565 2669 aperte
3594 2608 3806 2655 terrarum

2301 2689 2593 2744 Dominum
2619 2690 2878 2760 appellat,
2914 2689 3172 2759 huncque
3217 2689 3513 2759 ipsummet
3545 2708 3655 2747 esse
3682 2700 3809 2746 testa-

2299 2789 2409 2847 tur,
2441 2780 2529 2835 cui
2560 2796 2590 2834 a
2621 2778 2779 2833 Patre
2808 2795 2908 2834 suo
2936 2788 3139 2835 aeterno
3168 2789 3293 2835 ante
3320 2784 3509 2835 mundi
3531 2782 3806 2837 creationem

2299 2872 2502 2927 dictum
2532 2880 2616 2927 est
2644 2890 2657 2924 :
2690 2870 2979 2925 Faciamus
3008 2872 3266 2927 hominem
3297 2874 3371 2927 ad
3394 2874 3657 2945 imaginem
3694 2884 3733 2927 et
3752 2873 3807 2924 si-

2301 2963 2649 3017 militudinem
2671 2972 2905 3017 nostram
2929 2964 2953 3017 ?
2977 2962 3081 3019 Sed
3112 2972 3335 3033 praestat
3359 2980 3482 3020 enm
3527 2965 3687 3020 verbis
3722 2964 3805 3018 suis

636 3059 738 3114 nisi
770 3059 898 3129 quia
944 3067 1205 3129 praerepta
1238 3057 1341 3113 sibi
1374 3059 1664 3112 occasione
1713 3056 1853 3129 typis
1900 3057 2195 3112 mandandi
2225 3064 2273 3129 ο
2302 3057 2607 3128 loquentem
2638 3057 2854 3111 audire:
2885 3055 2953 3109 Et
2979 3057 3047 3109 ad
3071 3057 3166 3110 hoc
3194 3056 3451 3111 Dominus
3481 3058 3708 3111 sustinuit
3724 3056 3806 3126 pati

634 3166 831 3205 novam
859 3152 1091 3220 Operam
1115 3148 1355 3220 Josephi,
1386 3160 1548 3220 quam
1572 3166 1603 3205 a
1626 3150 1788 3221 longo
1812 3160 2052 3221 tempore
2080 3166 2199 3207 mo-

635 3244 868 3297 liebatur
900 3241 1215 3307 editionem,
1240 3242 1502 3312 quidquid
1539 3243 1710 3313 magis
1738 3244 2034 3308 eruditum,
2080 3260 2192 3299 ma-

635 3336 827 3405 gisque
849 3334 1130 3389 curiosum
1154 3334 1218 3389 ad
1251 3350 1370 3389 eam
1422 3335 1801 3405 perficiendam
1858 3351 2195 3406 praeparave-

633 3440 739 3493 rat,
767 3428 871 3483 hoc
898 3429 952 3482 in
986 3436 1144 3482 notas
1171 3427 1688 3500 observationesque
1721 3445 1849 3485 suas
1899 3445 2197 3501 congeren-

633 3521 763 3575 dum
812 3535 935 3575 esse
975 3520 1263 3589 putaverit.
1298 3517 1413 3573 Non
1444 3523 1847 3578 contemnimus
1899 3522 2000 3576 viri
2050 3522 2195 3577 docti

634 3612 1018 3677 eruditionem,
1047 3610 1140 3666 sed
1179 3611 1515 3681 prudentiori
1541 3613 1750 3683 judicio
1775 3630 1838 3670 ac
1865 3614 1999 3670 locis
2022 3615 2197 3685 aptio—

633 3706 786 3761 ribus
808 3704 1127 3760 collocanda
1154 3712 1290 3759 erat.

1132 3840 1526 3901 ARTICULUS
1564 3841 1701 3897 XIII.

842 3956 1004 4012 Nova:
1026 3956 1406 4011 observationes
1434 3958 1485 4011 in
1512 3958 1646 4012 hanc
1670 3957 1981 4027 Epistulam.

704 4076 761 4130 Si
800 4076 931 4146 quid
964 4076 1126 4131 nobis
1160 4084 1239 4129 tot
1268 4085 1485 4146 tamque
1530 4076 1760 4131 diversis
1794 4076 2190 4131 observationi-

633 4169 733 4225 bus
760 4169 1066 4224 addcndum
1096 4178 1422 4238 superesset,
1460 4167 1772 4224 Christiana
1806 4168 2052 4224 libertate
2069 4185 2192 4224 cum

630 4260 849 4330 lliuynlo
877 4259 1112 4329 aliisque
1143 4259 1419 4314 nonnullis
1442 4259 1509 4314 de
1532 4275 1720 4314 eorum
1745 4260 2070 4315 confidentia
2099 4278 2194 4316 ex-

632 4352 1056 4421 postularemus,
1090 4368 1197 4422 qua
1237 4361 1291 4406 et
1338 4360 1614 4407 auctorem
1664 4362 1908 4408 nostrum
1952 4365 2005 4408 et
2052 4354 2191 4408 autin

2301 3165 2395 3219 pro
2451 3148 2632 3201 anima
2702 3156 2917 3211 nostra,
2971 3163 3088 3201 cum
3133 3150 3203 3201 sit
3257 3150 3402 3203 orbis
3456 3158 3693 3202 terrarum
3726 3145 3807 3199 Do-

2300 3244 2493 3309 minus,
2519 3241 2603 3294 cui
2641 3240 2780 3294 dixit
2802 3240 2888 3294 die
2907 3248 3027 3293 ante
3050 3241 3481 3294 constitutionem
3501 3237 3805 3295 swculinFs-

2300 3336 2502 3389 ciamus
2550 3334 2809 3387 hominem
2834 3331 2901 3385 ad
2932 3331 3212 3401 imaginem
3250 3340 3299 3385 et
3334 3332 3710 3386 similitudinem
3736 3344 3803 3381 no.

2298 3437 2487 3483 stram.
2504 3445 2521 3477 ι

2370 3519 2509 3585 Quid
2540 3532 2669 3573 vero
2706 3518 2850 3587 quod
2884 3517 3024 3571 idem
3076 3524 3270 3570 auctor
3314 3526 3503 3572 noster
3544 3532 3643 3570 non
3682 3510 3802 3567 modo

2298 3614 2464 3669 solem
2492 3628 2619 3681 opus
2650 3627 2900 3663 manuum
2938 3610 3073 3680 ejus,
3108 3612 3317 3666 scilicet
3346 3609 3572 3668 Christi.
3614 3604 3799 3660 asserit:

2298 3707 2389 3762 sed
2419 3706 2471 3759 in
2505 3705 2624 3774 ipso
2646 3712 2700 3759 et
2722 3711 2941 3773 propter
2962 3705 3139 3774 ipsum
3157 3718 3278 3759 esse
3303 3704 3486 3759 omnia
3518 3701 3695 3755 diserte
3710 3708 3801 3765 pro-

2297 3796 2550 3851 nuntiat:
2586 3793 2761 3848 Habes
2792 3797 2974 3857 etiam,
3022 3794 3219 3863 inquit,
3261 3794 3317 3846 in
3345 3795 3441 3847 hoc
3457 3792 3663 3863 gloriam
3686 3787 3797 3847 Iesu,

2297 3889 2434 3961 quod
2471 3889 2526 3941 in
2552 3888 2665 3957 ipso
2696 3897 2817 3939 sunt
2841 3886 3040 3951 omnia,
3063 3894 3110 3938 et
3134 3886 3187 3937 in
3209 3885 3405 3954 ipsum.

2369 3980 2612 4049 Denique
2638 3993 2707 4033 ne
2736 3978 2892 4047 plura
2943 3977 3048 4031 alia
3087 3977 3290 4046 passim
3326 3978 3381 4032 in
3413 3978 3573 4032 haece
3608 3966 3795 4043 Epistula

2297 4073 2463 4129 simili
2494 4071 2656 4127 modo
2688 4070 2891 4126 dictata
2933 4085 3315 4139 congeramus,
3362 4070 3416 4125 id
3445 4077 3642 4124 tantum
3682 4063 3797 4133 juvat

2296 4165 2648 4235 subjungere,
2678 4178 2786 4233 quo
2811 4163 3064 4217 Christus
3109 4161 3163 4215 in
3190 4161 3451 4217 cordibus
3479 4159 3681 4222 nostris,
3708 4163 3796 4207 tan-

2294 4273 2460 4327 quam
2502 4257 2557 4311 in
2587 4256 2804 4325 templis
2827 4254 2936 4309 Deo
2964 4254 3299 4309 consecratis
3331 4254 3569 4308 habitare
3600 4248 3793 4305 dicitur:

2297 4350 2437 4415 Quia
2461 4351 2730 4419 oportebat
2759 4364 2877 4402 eum
2908 4348 2962 4402 in
2994 4364 3152 4401 carne
3182 4363 3454 4417 apparere,
3470 4355 3517 4399 et
3539 4342 3741 4397 habitare
3755 4337 3794 4387 is

629 4440 923 4511 quissimos
951 4440 1204 4496 Ecclesia:
1228 4442 1520 4509 scriptores
1547 4454 1612 4495 eo
1632 4450 1886 4511 arguunt,
1921 4441 2046 4511 quia
2074 4442 2194 4511 plu-
2222 4416 2267 4472 Ῑ)
2296 4442 2484 4507 nobis;
2518 4442 2765 4509 templum
2798 4441 2936 4494 enim
2956 4449 3221 4507 sanctum,
3252 4439 3445 4508 fratres
3477 4438 3591 4503 mei,
3618 4429 3792 4488 Domino

630 4547 719 4588 res
749 4530 958 4586 Veteris
983 4530 1314 4586 Testamenti
1345 4531 1495 4586 locos
1517 4530 1583 4587 de
1620 4530 1814 4587 Messia
1852 4532 2191 4603 interpretati

631 4625 761 4689 sint,
797 4638 936 4693 quos
988 4623 1065 4676 illi
1112 4623 1177 4676 ad
1227 4637 1351 4677 eum
1403 4623 1631 4678 minimc
1660 4623 1931 4693 respicere
1957 4625 2191 4679 arbitra-

630 4716 849 4769 bantur.
892 4711 1036 4767 Nihil
1076 4714 1222 4769 enim
1253 4714 1353 4769 hac
1387 4716 1738 4770 accusatione
1781 4716 1937 4771 nobis
1976 4717 2191 4771 videtur

630 4806 898 4876 iniquius,
941 4806 1077 4860 nihil
1108 4806 1267 4876 plane
1306 4807 1619 4863 absurdius.
1653 4808 1883 4865 Constat
1920 4810 2189 4881 siquidem

627 4898 908 4953 Christum
933 4898 1197 4968 apostolis
1224 4908 1277 4953 et
1299 4898 1581 4971 discipulis
1604 4901 1719 4957 suis
1752 4886 1996 4970 sensuri),
2036 4915 2096 4959 ut
2119 4908 2194 4960 ait

630 4991 912 5063 Scriptura
941 4991 1080 5062 ipsa,
1107 4993 1407 5060 aperuisse,
1450 5004 1507 5047 ut
1556 4995 1904 5067 intelligerent
1951 4997 2191 5067 Scriptu-

629 5102 715 5141 ras
741 5086 808 5152 ”,
834 5085 1067 5140 maxime
1091 5098 1222 5139 vero
1246 5084 1369 5140 illos
1393 5084 1636 5155 ejusdem
1670 5086 1963 5159 Scriptura:
2014 5090 2189 5158 locus,

628 5179 719 5247 qui
753 5178 1043 5232 adventum
1068 5177 1210 5247 ejus,
1248 5182 1503 5243 mortem,
1528 5189 1830 5249 caateraque
1859 5181 2029 5250 ipsius
2051 5181 2191 5238 facta

630 5268 1085 5337 praenuntiabant.
1116 5268 1281 5337 Atqui
1330 5269 1559 5338 apostoli
1590 5280 1645 5325 et
1678 5271 1934 5341 discipuli
1981 5272 2189 5330 Christi

629 5359 847 5414 eosdem
876 5358 1171 5430 Seripturae
1197 5374 1412 5425 sensus,
1440 5376 1576 5430 quos
1603 5378 1633 5417 a
1650 5363 1835 5419 divino
1858 5377 2190 5437 praeceptore

631 5465 731 5505 suo
755 5461 1095 5521 acceperant,
1130 5453 1244 5508 suis
1284 5469 1502 5525 quoque
1545 5456 1849 5526 discipulis,
1894 5458 1947 5512 id
1979 5472 2062 5516 est
2090 5477 2188 5515 au-

631 5542 764 5595 ctori
789 5554 996 5612 nostro,
1029 5546 1258 5616 aliisque
1287 5547 1528 5618 ejusdem
1555 5550 1653 5605 aevi
1677 5552 2031 5621 scriptoribus
2062 5571 2189 5626 ape-

698 5702 745 5733 ’⁸
772 5700 901 5756 Luc.
933 5720 1081 5771 xxrv,
1108 5706 1195 5760 45.

2295 4547 2371 4591 est
2398 4536 2653 4590 habitatio
2684 4534 2856 4588 cordis
2885 4534 3069 4587 nostri.

2367 4629 2501 4695 Quis
2520 4638 2727 4693 autem,
2750 4625 2945 4681 amabo
2974 4634 3045 4690 te,
3082 4624 3185 4684 nisi
3213 4623 3325 4693 jam
3359 4619 3681 4692 przejudicata
3702 4608 3789 4681 opi-

2296 4724 2459 4777 nione
2503 4722 2663 4792 plane
2697 4720 3001 4775 obcaecatus
3040 4720 3227 4782 homo,
3279 4731 3477 4787 negare
3505 4714 3680 4768 audeat
3708 4707 3788 4781 hac

2297 4815 2480 4871 omnia
2504 4815 2570 4869 ab
2596 4824 2818 4869 auctore
2848 4821 3037 4867 nostro
3053 4825 3161 4865 non
3188 4810 3254 4864 de
3280 4809 3386 4862 alio
3419 4805 3576 4862 scribi
3604 4808 3787 4893 unquant

2294 4908 2559 4978 potuisse,
2593 4907 2696 4961 nisi
2732 4906 2798 4960 de
2828 4918 2957 4960 vero
3007 4916 3373 4975 germanoque
3407 4900 3498 4956 Dei
3545 4896 3683 4959 Filio,
3720 4900 3783 4957 qut

2294 5002 2538 5072 ejusdem
2567 4999 2791 5054 omnino
2821 5014 2946 5054 cum
2975 4996 3133 5052 Patre
3160 5011 3259 5051 suo
3306 4997 3377 5050 sit
3406 5001 3599 5047 natura
3624 4994 3669 5041 et
3690 4980 3784 5038 sub-

2296 5094 2529 5159 stantiae,
2549 5092 2761 5163 ipsique
2789 5089 3025 5161 perfecte
3050 5088 3319 5158 planeque
3344 5077 3657 5141 coaeternus?
3771 5156 3779 5167 .

2365 5183 2922 5241 Animadvertendum
2966 5180 3200 5250 denique
3248 5179 3389 5232 hanc
3411 5172 3631 5231 auctoris
3655 5168 3781 5220 nostri

2296 5278 2596 5349 Epistulam
2619 5276 2686 5330 ad
2701 5289 2801 5329 nus
2816 5274 3076 5342 integram
3093 5286 3198 5325 non
3218 5268 3549 5340 pervenisse:
3573 5254 3776 5349 siquidern

2297 5343 2467 5425 Graeci
2486 5367 2702 5422 codices
2720 5361 3077 5432 manuscripti
3105 5359 3259 5415 titulo
3275 5366 3334 5429 et
3348 5352 3601 5426 principio
3622 5343 3774 5399 carent,

2294 5462 2651 5535 pluribusque
2682 5466 2893 5514 scatent
2932 5454 3148 5521 erratis,
3181 5464 3301 5523 qua:
3323 5448 3428 5504 nisi
3474 5445 3672 5535 aliorum

2294 5527 2866 5612 codicum-emendari
2917 5564 3028 5606 non
3076 5542 3301 5618 queunt.
3335 5540 3396 5597 In
3439 5537 3605 5597 codice
3630 5527 3771 5585 Latin

1274 5707 1317 5741 ³ο
1355 5705 1628 5764 Admonit.
1656 5710 1709 5767 in
1739 5710 1830 5767 lib.
1864 5710 1918 5767 S.
1951 5712 2203 5770 Ambros.
2237 5712 2312 5771 De
2340 5712 2459 5769 bon.
2500 5721 2656 5766 mort.
