4066 6330
320 374 430 427 685
1671 357 2179 415 PROLEGOMENA
2190 402 2202 413 .
3479 356 3583 410 686

318 474 577 540 secunda‘
595 497 721 552 pars
750 479 1008 551 Epistolze
1039 480 1250 546 deficit;
1304 479 1495 549 prima:
1521 492 1651 531 vero
1679 477 1899 532 additus
1928 486 1975 539 Α
2004 477 2194 532 Graeco
2246 475 2537 542 habemur,
2587 476 2657 530 ab
2695 476 2814 547 ipso
2839 480 3205 548 praetermissa
3254 478 3585 545 sumi-Qua-

316 584 403 629 est
434 574 579 638 linis,
605 572 762 640 quasi
798 571 931 625 nihil
961 571 1197 640 amplius
1222 568 1582 623 desideretur.
1599 566 1768 621 Vetus
1795 583 1895 620 au-
2002 572 2221 633 propter
2250 563 2339 617 ille
2368 564 2452 618 vel
2471 565 2524 617 in
2545 564 2801 619 mutilum
2825 568 3069 624 codicem
3102 570 3317 636 incidit,
3342 570 3428 623 vel
3460 570 3584 623 data

316 676 429 721 tem
462 666 733 733 interpres
763 662 994 719 Latinus
1052 678 1160 716 non
1214 659 1400 715 omnia
1454 658 1695 713 auctoris
1727 659 1894 712 verba
2001 675 2165 727 opera
2198 659 2445 727 quiedam
2471 659 2677 724 omisit,
2704 661 2786 713 vcl
2818 660 3052 732 denique
3077 664 3320 721 auctoris
3343 664 3430 719 sui
3468 678 3589 718 sen-

315 757 580 823 reddidit,
640 767 694 811 et
726 758 989 810 nonnulla
1038 754 1316 824 aliquibus
1359 758 1410 806 in
1463 752 1619 817 locis,
1670 767 1791 821 quae
1835 752 1889 805 in
1997 764 2119 803 sum
2149 764 2255 802 non
2292 758 2575 805 assecutus
2596 758 2697 803 est.

330 948 646 966 —-———_

1877 1057 2046 1148 VI.

428 1238 981 1318 (GALLANDIUS,
1027 1240 1151 1300 Vet.
1180 1238 1360 1298 Patr.
1396 1234 1818 1310 Bibliotheca,
1856 1239 1899 1295 t.
1932 1235 1984 1309 Ι,
2020 1235 2339 1309 Venetiis,
2375 1237 2549 1309 1765,
2588 1236 2839 1311 in-fol.,
2875 1246 3151 1320 Proleg.,
3193 1262 3253 1324 ρ,
3298 1246 3499 1323 xxix.)

828 1398 1057 1455 CAPUT
1098 1398 1389 1455 PRIMUM.

316 1534 473 1590 Num
504 1534 561 1589 S.
588 1534 863 1589 Barnabas
898 1546 1083 1589 auctor
1114 1538 1181 1589 sit
1214 1535 1471 1605 Epistolas
1512 1550 1628 1602 qua:
1666 1532 1761 1586 sub
1786 1532 1900 1601 ejus

392 1607 605 1664 nomine
650 1607 1045 1676 circumfertur.
1107 1607 1343 1661 Clemens
1389 1605 1788 1676 Alexandrinus
1851 1612 1900 1655 et

397 1676 647 1745 Origenes
667 1694 783 1735 eam
809 1677 1069 1733 Barnabte
1092 1688 1351 1730 asserunt.
1377 1675 1729 1744 Hieronymus
1755 1675 1898 1745 item,

395 1743 549 1814 cujus
577 1750 931 1801 testimonium
957 1750 1266 1802 edisseritur
1291 1758 1445 1817 atque
1469 1743 1750 1801 astruitnr.
1784 1743 1899 1795 Eu-

394 1818 531 1871 sebii
563 1817 906 1873 Cwsarieusis
933 1819 1080 1872 locus
1112 1835 1390 1888 expensus.

1564 1894 1581 1922 ο

393 1951 545 2008 Inter
578 1953 945 2011 vetustissima
1007 1954 1193 2008 saeculi
1231 1969 1247 2007 ι
1286 1953 1657 2008 ecclesiastica
1707 1967 1903 2005 monu-

318 2056 535 2111 menta,
568 2046 788 2110 tertium
840 2047 1018 2100 locum
1075 2053 1308 2115 occupat
1354 2044 1595 2113 Epistola
1632 2060 1754 2113 qua:
1803 2043 1905 2097 sub

323 2137 386 2193 S.
422 2138 688 2205 Bai-babae
711 2139 931 2193 nomine
961 2137 1364 2192 circumfertur.
1400 2136 1476 2191 De
1510 2145 1734 2189 auctore
1756 2134 1902 2188 baud

320 2246 437 2285 una
467 2239 554 2285 est
586 2231 912 2301 scriptorum
946 2238 1057 2283 tum
1100 2238 1344 2284 veterum
1388 2236 1501 2281 tum
1540 2226 1903 2281 recentiorum

324 2324 624 2378 sententia.

403 2414 476 2470 Ut
506 2424 686 2469 autem
715 2416 842 2471 binc
881 2415 1235 2470 esordiamur
1257 2456 1272 2481 ,
1305 2413 1503 2469 saeculo
1546 2429 1585 2467 ιι
1626 2412 1910 2467 desinente

324 2508 584 2562 Clemens
611 2507 1011 2563 Alexandrinus
1043 2507 1315 2576 plerisque
1347 2507 1400 2560 in
1439 2506 1594 2572 locis,
1625 2521 1791 2575 supra
1822 2505 1909 2559 in-

323 2610 414 2655 ter
436 2610 680 2655 veterum
708 2601 1021 2655 testimonia
1050 2599 1261 2665 relatis,
1288 2598 1429 2652 hanc
1452 2596 1749 2667 Epistolam
1776 2611 1910 2651 con-

324 2700 540 2747 stanter
582 2690 845 2746 Barnabm
884 2690 1149 2753 attribuit,
1173 2698 1226 2742 et
1254 2687 1472 2757 quidem
1503 2685 1760 2753 apostolo,
1790 2686 1909 2739 te‘sti

325 2783 653 2850 apostolico,
685 2784 778 2836 uni
830 2797 893 2835 ea:
940 2798 1041 2835 Lxx
1089 2780 1303 2832 Domini
1342 2777 1620 2847 discipulis
1665 2786 1720 2832 et
1746 2776 1909 2831 Pauli

327 2872 597 2941 adjutori,
628 2881 688 2947 ult
717 2873 946 2942 ipsemet
977 2886 1101 2925 eum
1134 2870 1389 2940 appellat.
1423 2868 1565 2936 Quin
1590 2879 1643 2924 et
1674 2869 1731 2923 in
1756 2869 1911 2923 libris

340 2962 795 3026 ἰ’ττοτυπώσεων,
840 2962 1076 3016 Eusebio
1119 2970 1254 3015 teste
1290 2961 1436 3025 δίε-υ,
1467 2958 1908 3028 compendiosam

324 3055 469 3110 Novi
498 3055 828 3110 Testamenti
870 3053 1275 3122 Scripturarum
1298 3051 1700 3107 enarrationem
1751 3050 1910 3106 iusti-

2012 1396 2136 1449 viris
2168 1395 2466 1449 illustribus
2498 1398 2687 1462 edidit,
2716 1398 2781 1452 de
2810 1396 2930 1467 ejus
2954 1394 3208 1463 Epistolas
3231 1392 3580 1457 auctoritate,

2010 1504 2119 1542 non
2148 1504 2329 1543 autem
2352 1490 2417 1543 de
2446 1500 2691 1555 auctore,
2720 1489 2877 1543 aliter
2902 1488 3181 1544 censuisse
3210 1486 3577 1541 existimatur.

2011 1582 2101 1637 Sic
2132 1584 2275 1637 enim
2326 1584 2399 1637 ibi
2424 1585 2507 1637 ³⁸ε
2549 1584 2825 1639 Barnabas
2874 1584 3121 1654 Cyprius,
3163 1582 3254 1653 qui
3293 1591 3342 1635 et
3386 1579 3581 1643 Ioseph

2008 1674 2244 1741 Levites,
2301 1693 2419 1730 cum
2468 1677 2640 1731 Paulo
2684 1679 2917 1748 gentium
2955 1676 3223 1745 apostolus
3260 1675 3537 1728 ordinatus
3562 1714 3580 1742 ,

1934 1812 1976 1865 Β
2006 1788 2167 1825 unam
2210 1773 2279 1825 ad
2321 1773 2729 1841 ludiﬁcationem
2766 1772 3019 1827 Ecclesia:
3068 1773 3408 1841 pertinentem
3446 1769 3580 1840 Epi—

2007 1870 2201 1917 stolam
2250 1866 2567 1934 composuit,
2600 1881 2715 1935 qua:
2743 1867 2880 1919 inter
2922 1864 3248 1934 apocryphas
3286 1863 3581 1932 scripturas

2006 1956 2219 2027 legitur.
2254 1957 2425 2023 Quem
2460 1958 2513 2010 in
2544 1958 2724 2011 locum
2758 1960 2893 2012 scite
2923 1955 3315 2011 Pearsonius“
3344 1974 3358 2009 :
3391 1972 3409 2006 ι
3441 1954 3582 2008 Bar-

2008 2049 2158 2113 naba:
2187 2048 2485 2118 Epistolam
2511 2049 2682 2104 fuisse
2714 2048 2880 2103 tradit
2911 2047 3007 2113 (S.
3036 2046 3434 2117 Hieronymus)
3468 2062 3580 2100 non

2008 2139 2112 2207 ipsi
2147 2139 2575 2209 supposititiam,
2610 2149 2704 2193 aut
2739 2139 3011 2213 spuriam;
3062 2139 3131 2191 ad
3175 2138 3582 2207 wdificationem

2010 2227 2261 2284 Ecclesia:
2298 2232 2613 2300 pertinuisse
2642 2232 2875 2296 asserit;
2908 2245 3016 2285 non
3056 2230 3241 2300 itaque
3269 2229 3578 2284 baereticam

2006 2322 2263 2391 putavit:
2302 2321 2491 2376 lectam
2521 2331 2701 2377 tamen
2740 2324 2878 2377 inter
2916 2323 3245 2392 apocryphas
3287 2323 3581 2392 scripturas

2009 2413 2187 2480 docet,
2220 2428 2319 2467 nec
2349 2413 2418 2466 ab
2446 2412 2690 2467 Ecclesia
2721 2414 3061 2482 repudiatam
3089 2415 3290 2470 innuit.
3317 2429 3336 2466 ι

2080 2503 2236 2569 Quod
2274 2512 2455 2558 autem
2492 2502 2855 2575 Hieronymus
2888 2505 3186 2575 Epistolam
3226 2506 3488 2561 Barnabas
3517 2506 3581 2560 ad

1996 2596 2354 2666 rapocrypbas
2381 2596 2683 2665 scripturas
2733 2598 3024 2662 amandct,
3077 2614 3189 2653 non
3241 2614 3416 2668 usque
3445 2598 3583 2653 adeo

2012 2689 2287 2760 negotium
2321 2688 2593 2744 facessere
2614 2689 2796 2755 debet,
2821 2699 2880 2745 ut
2904 2691 3090 2746 statim
3124 2690 3427 2744 adulterina
3452 2706 3580 2745 ceu-

2011 2782 2181 2837 senda
2235 2783 2337 2845 sit,
2397 2782 2610 2853 ipsique
2668 2783 2919 2852 apostolo
2965 2782 3364 2852 abjudicanda;
3417 2796 3582 2851 quam

2012 2883 2201 2929 contra
2249 2873 2422 2930 fuisse
2447 2876 2515 2928 ab
2564 2889 2630 2929 eo
2685 2875 3046 2945 compositam
3088 2874 3377 2944 perspicue
3420 2873 3586 2927 tradit

2013 2973 2236 3021 sanictus
2297 2966 2509 3021 doctor.
2559 2964 2726 3036 quue
2770 2974 2828 3020 ut
2883 2964 3083 3020 clarius
3132 2965 3310 3042 adliuc
3362 2974 3583 3035 pateat,

2012 3058 2262 3127 exemplo
2286 3058 2591 3114 illustrabo.
2614 3058 2836 3129 Legitur
2861 3058 2915 3112 in
2942 3058 3171 3114 Decreto
3195 3058 3483 3114 Gelasiano
3500 3043 3542 3089 3’
3568 3076 3581 3111 :

329 3162 495 3205 tuens
515 3148 654 3203 idem
675 3148 949 3212 Clemens,
968 3146 1229 3200 Barnabae
1255 3146 1380 3199 item
1401 3144 1697 3215 Epistolam
1720 3159 1813 3199 eas
1830 3143 1914 3198 in-
1938 3149 1983 3211 C
2016 3150 2261 3205 Historia
2279 3151 2495 3207 Eusebii
2515 3152 2783 3222 Pamphili
2800 3152 3122 3223 apocrypha.
3141 3153 3307 3218 Cedo,
3326 3152 3588 3207 statuitne

327 3252 415 3297 ter
441 3242 731 3297 recensuit.
758 3239 968 3294 Alicubi
994 3251 1172 3293 tamen
1201 3238 1479 3309 presbyter
1506 3235 1910 3291 Alexandrinus

328 3336 627 3391 consilium
661 3342 903 3388 mutasse
948 3334 1205 3387 videtur:
1250 3332 1379 3385 dum
1412 3330 1557 3385 enim
1600 3345 1667 3384 ex
1718 3330 1908 3385 eadem

330 3430 581 3501 Epistola
639 3426 896 3483 nonnulla
941 3425 1235 3492 delibat”,
1267 3424 1532 3478 Barnabre
1581 3422 1907 3478 sententiam

328 3522 612 3579 interdum
664 3519 909 3589 respuit;
959 3516 1211 3587 quamvis
1261 3517 1395 3570 tanti
1446 3514 1549 3568 viri
1608 3512 1910 3568 reverentia

327 3625 539 3679 tactus,
567 3614 685 3683 ejus
709 3612 916 3667 nomini
937 3619 1147 3681 parcat,
1172 3619 1233 3664 ut
1262 3619 1387 3681 post
1405 3608 1737 3664 Cotelerium
1774 3607 1908 3661 Pot—

326 3716 492 3765 terus
524 3706 828 3761 admonuit.

408 3803 745 3856 Clementem
799 3798 1233 3853 Alexandrinum
1296 3803 1681 3865 prmeeptorem
1748 3808 1909 3849 suum

332 3904 565 3948 secutus
612 3891 910 3961 Origenes,
958 3890 1103 3944 circa
1151 3888 1388 3942 medium
1438 3886 1622 3940 saeculi
1670 3901 1766 3949 ιιι,
1801 3900 1908 3938 non

331 3986 518 4041 solum
543 4000 571 4039 a
598 3983 844 4037 Barnaba
874 3982 1130 4052 scriptam
1155 3978 1697 4050 putavitEpistolam,
1722 3992 1909 4031 verum

329 4078 503 4133 etiam
555 4076 871 4129 catholicam
916 4072 1220 4137 vocitavit,
1255 4080 1308 4126 et
1344 4070 1633 4140 Scriptura:
1688 4069 1912 4125 nomine

331 4170 622 4239 insignivit
642 4169 706 4221 “.
737 4166 894 4233 Sunt,
927 4166 1126 4235 inquit,
1162 4174 1415 4234 prceterea
1460 4164 1618 4231 (sicut
1645 4162 1701 4215 in
1732 4161 1911 4215 multis

332 4264 633 4335 Scriptura:
687 4262 815 4315 locis
864 4258 1374 4328 invenimus)etiam
1422 4258 1695 4327 utriusque
1740 4254 1910 4327 partis

330 4357 414 4413 vel
450 4357 722 4425 utriusque
766 4353 862 4407 vite
894 4352 1127 4422 fautores
1153 4351 1370 4420 quidam
1412 4360 1460 4403 et
1496 4350 1766 4419 adjutores
1817 4370 1914 4406 an-

331 4450 466 4522 geli,
498 4458 603 4503 etc.
638 4446 849 4512 Quibus
890 4446 1151 4498 nimirum
1183 4444 1364 4499 verbis
1405 4443 1472 4497 ad
1519 4443 1779 4513 Epistula:
1810 4460 1912 4498 no-

2014 3241 2101 3296 bis
2132 3243 2313 3298 verbis
2343 3252 2567 3298 sanctus
2606 3242 2853 3312 pontifex
2896 3243 3190 3298 Historiam
3232 3241 3453 3300 Eusebii
3490 3258 3583 3297 ec-

2012 3335 2367 3390 clesiasticam
2405 3337 2665 3405 episeopo
2696 3336 2774 3391 illi
2805 3335 3130 3391 Casariensi
3162 3336 3334 3392 fuisse
3376 3348 3585 3405 suppo-

2013 3425 2214 3480 sitam?
2240 3426 2463 3483 Minime
2496 3430 2744 3484 omnium
2773 3450 2785 3485 :
2813 3442 2870 3486 at
2912 3433 2966 3486 id
2995 3429 3345 3486 solummodo
3372 3428 3588 3483 edicere

2015 3520 2185 3573 voluit
2215 3519 2487 3588 Gelasius,
2518 3522 2737 3579 Eusebii
2763 3523 3060 3579 Historiam
3084 3538 3190 3578 non
3222 3538 3344 3578 esse
3372 3520 3586 3591 publice

2014 3608 2069 3660 in
2096 3608 2338 3665 Ecclesia
2378 3610 2682 3681 legendam,
2716 3613 2846 3667 dum
2878 3613 3235 3684 apocrypham
3263 3610 3581 3667 declaravit.

2012 3698 2282 3755 Nimirum
2315 3702 2479 3772 bujus
2512 3704 2663 3757 vocis
2695 3703 3013 3774 ἀπόκρυφα
3043 3706 3125 3760 vis
3160 3716 3214 3759 et
3244 3704 3393 3759 notio
3418 3704 3587 3773 probe

2017 3793 2267 3859 tenenda,
2298 3802 2358 3847 ut
2397 3809 2485 3849 res
2521 3793 2853 3864 ejuscemodi
2899 3797 3001 3851 rite
3033 3796 3413 3865 expediantur.
3440 3793 3586 3849 Con-

2014 3894 2123 3939 stat
2165 3885 2312 3939 enim
2363 3886 2506 3941 inter
2537 3888 2816 3955 eruditos,
2871 3904 3056 3943 vocem
3101 3889 3262 3944 istam
3314 3904 3426 3943 non
3475 3904 3585 3942 uno

2015 3992 2181 4032 sensu
2210 3978 2607 4047 accipiendam.
2633 3978 2766 4034 Rem
2801 3980 2921 4036 fuse
2951 3989 3242 4050 pertractat
3278 3981 3418 4034 inter
3447 3979 3586 4035 alios

2016 4067 2271 4126 Svicerus
2298 4070 2340 4109 ³⁸
2370 4089 2384 4139 ;
2418 4073 2510 4127 sed
2562 4073 2784 4129 brevius
2818 4074 3173 4143 exactiusque
3221 4074 3291 4128 cl.
3324 4071 3587 4127 Foutani-

2014 4177 2120 4217 nus
2143 4161 2230 4216 '9:
2271 4181 2290 4213 ι
2327 4162 2486 4233 Apud
2536 4173 2747 4221 veteres
2789 4164 2997 4229 Patres,
3041 4165 3250 4235 inquit,
3285 4166 3585 4235 apocrypha

2013 4269 2078 4309 ea
2106 4269 2231 4309 vere
2262 4264 2413 4323 sunt,
2447 4271 2569 4325 qua:
2599 4258 2869 4311 canonicis
2905 4267 3273 4328 opponuntur.
3301 4256 3440 4312 Hinc
3468 4257 3585 4310 An-

2016 4344 2222 4399 nalium
2280 4360 2477 4414 parens
2527 4345 2796 4401 Baronius
2829 4347 2897 4411 ⁸ο,
2955 4349 3253 4418 apocrypha
3309 4364 3418 4401 esse
3464 4348 3581 4414 ait,

2014 4437 2164 4507 quasi
2192 4454 2295 4491 non
2325 4438 2724 4509 hagiographa;
2756 4456 2857 4493 non
2890 4448 3082 4505 tamen,
3115 4451 3173 4495 ut
3200 4459 3261 4496 ea
3290 4440 3582 4511 (Gelasius)

332 4554 469 4600 straz
497 4550 659 4611 caput
690 4539 756 4594 l8
785 4539 1016 4610 digitum
1044 4538 1342 4593 intendisse
1368 4537 1653 4607 Origenem
1680 4538 1871 4607 liquet.
1943 4527 1988 4581 Ι)
2018 4531 2081 4583 ab
2114 4530 2353 4585 Ecclesia
2385 4533 2596 4585 omnino
2630 4535 2947 4603 proscribat.
2991 4537 3332 4606 Augustinus
3356 4534 3582 4590 tradit“

408 4633 469 4687 In
487 4631 731 4687 eamdem
756 4645 919 4700 porro
936 4629 1264 4684 sententiam
1296 4628 1361 4682 de
1384 4626 1633 4681 Barnaba
1649 4625 1908 4696 Epistolas

330 4733 562 4779 auctore
612 4721 777 4776 ivisse
815 4733 1036 4789 quoque
1083 4716 1139 4771 S.
1180 4715 1571 4787 Hieronymum
1614 4716 1738 4786 jure
1782 4715 1907 4784 quis

330 4814 558 4879 dixerit,
589 4811 887 4868 Clementis
931 4808 1165 4864 fortasse
1212 4807 1565 4863 Alexandrini
1609 4808 1694 4862 vel
1728 4808 1911 4876 potius

330 4908 591 4979 Origenis
638 4904 753 4959 sive
788 4902 1119 4957 auctoritate
1156 4901 1270 4955 sive
1300 4899 1548 4968 exemplo
1574 4908 1907 4969 permotum.

330 5000 621 5073 Siquidem
648 4998 704 5051 in
739 5010 904 5065 Opere
931 4993 1003 5046 De
1033 4992 1467 5061 interpretatione
1496 4990 1766 5043 nominum
1796 4988 1908 5042 lle-

326 5097 671 5155 braicorum,
721 5090 866 5143 inter
900 5084 1036 5139 Novi
1067 5083 1400 5138 Testamenti
1440 5083 1611 5137 libros
1648 5081 1909 5152 Epistola:

326 5200 558 5259 quoque
600 5181 862 5236 Barnabze
908 5178 1087 5233 locum
1136 5176 1251 5245 ipse
1291 5175 1506 5231 dedisse
1550 5175 1907 5244 comperitur.

328 5283 490 5351 Opus
541 5275 674 5329 illud
718 5270 995 5329 scribebat
1035 5269 1225 5323 doctor
1277 5268 1551 5323 maximus
1593 5283 1738 5321 anno
1780 5268 1905 5322 588.

328 5370 607 5437 Deinceps
640 5374 791 5425 vero,
849 5372 997 5413 anno
1028 5356 1236 5412 scilicet
1283 5356 1409 5424 592,
1441 5372 1550 5426 quo
1582 5357 1787 5412 librum
1832 5358 1909 5412 De

372 5558 377 5562 ,
403 5488 524 5537 ³¹-³¹
547 5498 772 5569 Euseb.,
798 5503 940 5561 Hist.
968 5505 1172 5567 eccles.,
1201 5504 1295 5559 lib.
1322 5522 1395 5568 vr,
1425 5521 1542 5576 cap.
1568 5507 1655 5560 14.

335 5568 503 5622 1715.
608 5571 653 5607 ³⁵
681 5571 900 5622 Οπίρρη-
932 5617 945 5622 -
977 5575 1262 5622 Εατηιηηίιι-
1302 5575 1356 5622 in
1385 5575 1554 5622 Epist-
1586 5575 1655 5622 ml

2014 4638 2075 4675 ea
2116 4622 2364 4677 denotari
2401 4625 2606 4677 nomine
2637 4626 3078 4695 apocryphorum,
3105 4643 3220 4696 qua:
3256 4626 3319 4680 ab
3345 4627 3585 4680 auctori-

2018 4720 2125 4764 tate
2185 4714 2441 4766 canonica
2488 4712 2734 4784 diligenti
2762 4718 3149 4771 examinatione
3194 4726 3396 4772 remota
3437 4726 3582 4771 sunt.

2016 4799 2220 4870 Duplex
2252 4803 2399 4857 enim
2451 4811 2568 4858 erat
2621 4805 2934 4875 scriptura:
2972 4808 3246 4873 canonica,
3280 4808 3438 4878 cujus
3488 4824 3587 4862 au—

2014 4900 2132 4948 ctor
2178 4892 2419 4963 Spiritus
2445 4906 2704 4962 sanctus;
2738 4909 2792 4951 et
2839 4900 3161 4968 apocrypha,
3190 4901 3362 4969 cujus
3394 4908 3587 4954 auctor

2015 4985 2179 5041 homo
2209 4989 2383 5046 solus.
2413 4990 2506 5045 illa
2536 4994 2751 5062 publice
2783 4995 2839 5049 in
2865 4994 3106 5051 Ecclesia
3134 5015 3149 5063 ;
3192 4997 3309 5052 hch
3344 5012 3453 5051 non
3488 4997 3585 5062 ita,

2010 5078 2114 5149 legi
2148 5088 2379 5151 poterat.
2412 5083 2593 5149 Quare
2621 5087 2822 5143 librum
2853 5094 3209 5162 apocryphum
3242 5107 3387 5158 esse,
3441 5092 3581 5147 idem

2014 5184 2269 5229 censetur
2309 5184 2477 5247 atque
2530 5182 2857 5238 auctoritate
2904 5200 3112 5252 carere,
3151 5206 3257 5261 qua
3289 5191 3496 5260 publice
3528 5192 3585 5243 in

2017 5264 2277 5335 Ecclesia,
2312 5278 2370 5323 ut
2396 5273 2653 5325 canonica
2685 5274 2957 5345 leguntur,
2991 5279 3091 5347 legi
3125 5283 3317 5351 possit.
3342 5284 3583 5354 Duplicis

2015 5359 2159 5414 enim
2197 5362 2410 5432 generis
2445 5367 2754 5437 apocrypha
2788 5367 3035 5427 Gelasius
3063 5384 3377 5439 enumerat,
3404 5376 3585 5437 ortho—

608 5506 940 5603 :scrblﬁil'i‘st.
968 5506 1182 5603 euge/es,
1201 5506 1542 5603 li'b.:vr,vcap.
1568 5507 1655 5603 HJ.
1692 5508 1777 5603 n”
1800 5506 2065 5603 Clem‘e‘nt.
2093 5508 2272 5603 ﬁliae,
2300 5510 2541 5603 Pwdap‘q
2571 5513 2665 5594 lib.
2690 5531 2751 5603 ii,
2776 5530 2894 5585 cap.
2928 5516 3011 5581 l0,
3038 5517 3205 5603 p.1‘2'2l
3223 5561 3236 5579 ,
3255 5520 3384 5603 edit.
3404 5521 3583 5577 Oxon.

634 5577 653 5607 ⁸
681 5571 900 5644 Origen.
931 5617 946 5640 ,
974 5575 1263 5646 Explanat.
1302 5575 1356 5627 in
1381 5571 1555 5644 Epist.
1586 5575 1655 5631 ad
1685 5577 1836 5632 Rom.
1866 5595 1903 5644 ι,
1928 5579 2019 5632 24.

2099 5581 2141 5611 ³⁵
2176 5579 2531 5655 Hieronqhbe
2556 5585 2656 5639 vir.
2683 5579 2905 5652 illustr.,
2938 5579 3056 5654 cap.
3092 5590 3141 5641 6.
3223 5591 3266 5621 ³⁸
3293 5590 3579 5655 l’carson.,

348 5638 562 5721 Vindic.
599 5638 804 5721 Ignoti:
827 5638 1037 5721 part._|,
1059 5638 1186 5721 'cap.
1221 5648 1274 5713 4,
1301 5638 1573 5721 9985289.
1633 5648 1691 5721 »³⁷
1722 5638 1926 5721 Ευιθεξ,
1951 5648 2130 5716 Decr.,
2173 5665 2292 5721 cap.
2320 5652 2373 5705 4.
2413 5638 2458 5709 ⁵⁸
2493 5638 2701 5709 Svicer.
2739 5638 2905 5710 Thes:
2933 5638 3171 5721 ccc'l.,iv.

337 5721 477 5763 tom.
515 5709 555 5774 Ι,
582 5709 644 5780 βξ
667 5715 789 5768 457.

336 5781 383 5812 ⁵⁸
416 5780 585 5851 Aug.,
631 5783 703 5839 De
735 5784 891 5841 Civil.
924 5786 1039 5855 Dei,
1061 5788 1154 5843 lib.
1180 5780 1271 5854 xv,
1299 5790 1533 5858 cap..25.

883 5715 1266 5795 “fontaninq
1296 5715 1661 5795 HiSt._:4quil.
1684 5760 1699 5791 ,
1755 5720 1850 5776 lib.
1886 5736 1939 5787 γ,
1974 5736 2092 5791 cap.
2146 5715 2297 5792 11ίὲ
2318 5722 2372 5792 8,
2404 5738 2526 5795 pag.
2553 5725 2681 5781 554.

3425 5680 3576 5725 υφος.

2790 5680 2890 5710 rws.
2933 5680 3086 5721 cct‘t.,
3122 5680 3171 5714 γ.
3230 5680 3381 5715 Λποκ
3425 5680 3452 5714 υ
3499 5680 3575 5725 ος.

2790 5726 2835 5757 ⁸ο
2866 5726 3090 5795 Baron.,
3124 5731 3190 5786 ad
3221 5748 3310 5787 an.
3344 5680 3433 5801 δῖ,
3459 5681 3495 5807 ξ
3524 5736 3575 5788 9.
