4066 6330
540 370 644 431 637

1692 352 1753 407 S.
1794 350 1877 406 BA
1888 344 2157 404 RNABAS
2194 337 2621 397 APOSTOLUS.

3650 325 3733 382 688

541 495 798 549 doxorum
824 494 879 541 et
904 482 1291 540 latereticorum.
1312 466 1443 532 llaec
1469 472 1694 530 omnino
1739 467 2102 540 rejiciuntur:
2136 473 2179 525 Α
2213 461 2265 514 in
2318 454 2642 530 praecedenti
2691 450 2866 522 capite
2918 453 3167 503 recenset
3197 441 3493 515 Epistolam
3529 439 3663 496 luds:
3693 450 3738 496 et

544 588 635 641 illa
663 579 947 639 canonicis
977 580 1349 646 opponuntur,
1382 577 1437 623 et
1480 565 1701 637 publica
1743 568 1955 617 tantum
1978 599 1994 623 ,
2042 556 2113 610 ob

543 690 728 734 timvos
759 671 1024 744 quosdam
1052 708 1068 735 ,
1111 666 1166 720 in
1212 661 1458 716 Ecclesia
1490 656 1722 713 lectione
1762 652 2060 723 privantur.
2090 667 2108 699 ι

547 769 823 825 Hactenus
877 763 961 818 vir
1012 758 1283 815 eruditus.
1342 752 1529 822 itaque
1580 748 1710 803 dum
1753 744 2116 814 Hieronymus

546 861 843 935 Epistolam
896 855 1067 911 fuisse
1117 866 1149 905 a
1200 845 1447 901 Barnaba
1505 836 1863 907 compositam
1906 832 2116 895 scribit,

546 923 663 1028 qua:
695 955 833 1008 inter
854 946 1176 1020 apocryphas
1205 941 1494 1010 scripturas
1523 933 1716 1003 legitur
1735 972 1749 993 ,
1797 928 1917 997 ejus
1956 923 2118 979 verba

548 1051 629 1104 sic
655 1057 784 1103 sunt
810 1041 1147 1112 accipienda,
1178 1046 1239 1090 ut
1271 1048 1397 1087 vere
1423 1046 1451 1084 a
1477 1025 1721 1081 Barnaba
1757 1017 2118 1089 compositam

548 1141 848 1211 Epistolam
891 1140 1184 1195 assereret,
1236 1142 1358 1197 qua:
1406 1133 1587 1178 tamen
1638 1117 1778 1171 inter
1824 1109 2121 1166 cauonicas

550 1234 853 1303 scripturas
884 1227 1107 1283 minime
1146 1222 1554 1277 adnumeratur.
1598 1211 1821 1266 Frustra
1858 1204 2001 1261 enim
2040 1209 2123 1255 est

552 1319 945 1392 Basnagius“,
994 1317 1122 1372 dum
1177 1311 1334 1366 nobis
1384 1306 1613 1362 suadere
1641 1308 1872 1357 conatur
1928 1294 2123 1348 Hiero-

554 1385 778 1487 nymum
829 1407 1169 1482 populariter
1196 1402 1367 1457 fuisse
1396 1399 1638 1453 locutum
1672 1403 1727 1449 et
1766 1388 1910 1446 tituli
1940 1385 2125 1441 habita

558 1507 795 1569 ratione,
829 1517 939 1557 non
975 1515 1075 1570 pro
1112 1496 1189 1550 rei
1212 1493 1464 1555 veritate,
1491 1489 1620 1543 dum
1656 1482 1960 1539 Barnabam
1986 1493 2126 1533 com-

554 1599 791 1671 posuisse
820 1597 963 1651 lianc
990 1590 1289 1663 Epistolam
1326 1584 1522 1640 litteris
1552 1579 1794 1635 tradidit.

627 1690 884 1745 Veterum
932 1682 1261 1740 testimoniis
1290 1679 1398 1733 huc
1424 1691 1599 1746 usque
1640 1672 1818 1727 allatis
1852 1666 2128 1724 contraire

558 1785 775 1839 videtur
829 1778 1132 1843 Eusebius,
1164 1775 1257 1846 qui
1308 1769 1569 1825 Barnabm
1614 1764 1911 1835 Epistolam
1953 1756 2126 1821 νόθοις

559 1875 897 1936 accensot”.
934 1872 1133 1927 Verum
1169 1889 1187 1920 ‹
1239 1863 1567 1936 improprie,
1616 1859 1794 1929 inquit
1840 1853 2125 1918 Valesius,

559 1974 664 2028 hoc
690 1983 889 2024 nomen
914 1972 1143 2033 usurpat
1171 1959 1462 2022 Eusebius,
1488 1969 1586 2023 pro
1616 1951 1769 2005 libris
1800 1950 2005 2006 scilicet
2032 1946 2126 2017 qui

560 2063 830 2133 ambigua:
859 2069 987 2114 sunt
1012 2050 1354 2112 auctoritatis
1379 2070 1394 2119 ;
1440 2065 1565 2105 cum
1591 2047 1733 2100 νόθοι
1763 2044 1870 2099 dici
1898 2041 2130 2096 debeant

562 2156 683 2211 libri
724 2150 1038 2216 adulterini,
1069 2157 1122 2203 et
1161 2144 1230 2213 ab
1272 2142 1541 2198 hmreticis
1589 2137 1825 2195 conﬁcti.
1877 2133 2032 2200 Quod
2073 2141 2132 2186 ut

562 2248 909 2305 manifestius
931 2250 1209 2315 appareat,
1235 2236 1641 2308 intelligendum
1671 2240 1757 2288 est
1786 2240 1894 2286 tres
1922 2228 2131 2299 species

561 2357 682 2397 csse
707 2340 970 2394 librorum
1004 2346 1308 2391 sacrorum.
1334 2329 1441 2383 Alii
1472 2335 1602 2383 sunt
1635 2333 1785 2379 extra
1811 2330 2132 2378 controver-

566 2435 702 2487 siam
736 2430 852 2485 veri
899 2446 912 2483 :
960 2427 1056 2482 alii
1093 2433 1244 2480 extra
1294 2416 1721 2477 controversiam
1776 2413 1939 2467 falsi:
1991 2409 2133 2465 tertii

565 2533 693 2580 sunt
737 2521 803 2575 dc
844 2517 1045 2589 quibus
1092 2515 1232 2569 inter
1270 2510 1527 2578 antiquos
1566 2502 1881 2573 ambigitur.
1934 2496 2001 2550 lli
2036 2510 2135 2566 po.

565 2612 753 2672 stremi
782 2586 924 2666 v6liot
960 2607 1069 2664 dici
1097 2620 1204 2660 non
1237 2609 1490 2674 possunt,
1524 2612 1649 2654 cum
1686 2611 1716 2650 a
1746 2590 1937 2649 multis
1964 2586 2133 2644 habiti

565 2707 677 2763 sint
716 2717 816 2775 pro
856 2700 1020 2757 veris.
1066 2696 1255 2752 Restat
1281 2693 1481 2765 igitur,
1522 2696 1584 2744 ut
1631 2683 1856 2742 secundi
1885 2682 2138 2736 dicantur

564 2799 706 2853 νόθοι
753 2796 868 2852 sive
912 2789 1225 2848 adulterini.
1266 2805 1286 2839 ι
1337 2784 1462 2840 Haec
1513 2782 1596 2837 vir
1624 2779 1715 2833 ille
1758 2773 2134 2831 doctissimus.

567 2890 858 2945 Enimvero
903 2892 1196 2954 postquam
1248 2880 1305 2931 ὲν
1350 2877 1463 2939 τοῖς
1517 2872 1694 2934 νόθοις
1744 2868 1913 2923 Actus
1961 2862 2137 2929 Pauli,

567 2979 830 3037 Barnabae
884 2974 1186 3045 Epistolam
1266 2969 1483 3037 aliaque
1552 2960 1815 3017 nonnulla
1862 2955 2141 3012 retulisset

573 3071 877 3134 Eusebius,
931 3066 1114 3122 statim
1166 3060 1391 3117 subdit:
1425 3056 1527 3112 His
1573 3054 1831 3123 adjunge,
1871 3051 1918 3104 si
1964 3048 2139 3114 lubet,

567 3166 793 3221 Joannis
823 3158 1231 3218 Revelationem,
1260 3167 1419 3223 quant
1462 3146 1702 3203 nonnulli
1738 3159 1803 3199 ea:
1841 3142 1959 3197 albo
1991 3140 2141 3196 Scri-

569 3270 848 3333 pturarnm
884 3257 1225 3320 expungunt;
1254 3244 1350 3299 alii
1390 3258 1507 3297 vero
1532 3241 1668 3296 inter
1704 3236 1866 3290 libros
1908 3233 2141 3287 omnium

572 3364 823 3406 consensu
871 3342 1120 3416 probatos
1163 3338 1531 3394 adnumerant.
1594 3330 1977 3386 Verumtamen
2023 3340 2144 3380 eer-

574 3456 691 3499 tum
721 3448 824 3504 est,
854 3436 1043 3493 eodem
1072 3430 1311 3487 Eusebio
1345 3436 1477 3483 teste
1504 3459 1522 3492 ,
1597 3419 1975 3493 Apocalypsim
2002 3431 2144 3471 nuu-

574 3549 739 3606 quam
769 3532 912 3585 inter
932 3527 1104 3584 libros
1129 3522 1317 3585 νόθους
1347 3519 1461 3575 sive
1490 3514 1827 3572 adulterinos
1853 3510 2027 3565 fuisse
2057 3521 2145 3563 re-

577 3598 762 3689 latam,
795 3617 891 3677 se‘d
921 3627 1133 3673 tantum
1163 3612 1304 3668 inter
1328 3625 1425 3667 eos
1452 3608 1547 3679 qui
1585 3603 1990 3674 ἀντιλεγόμενοι
2032 3598 2146 3654 sive

573 3717 727 3774 dubii
751 3713 1113 3770 habebantur.
1136 3706 1276 3762 Cum
1303 3702 1467 3775 igitur
1490 3696 1821 3771 ἁκυρολογίᾳ
1850 3694 1940 3749 hic
1962 3700 2147 3747 utatur

575 3810 865 3881 cpiscopus
893 3798 1279 3864 Caesariensis,
1323 3792 1543 3850 aliunde
1586 3787 1855 3846 sententia
1900 3782 2147 3855 ejusdem

575 3872 660 3954 est
684 3872 997 3966 repetenda.
1025 3887 1167 3956 Quid
1194 3882 1388 3956 plura?
1414 3878 1686 3935 Eusebius
1716 3875 1973 3944 deinceps
2000 3872 2147 3942 seip-

578 4005 701 4047 sum
728 3963 1022 4043 emendat:
1058 3978 1305 4035 eamdem
1337 3973 1484 4029 enim
1527 3967 1791 4024 Barnabas
1825 3963 2148 4035 Epistolam,

578 4094 743 4149 quam
771 4076 937 4131 modo
968 4070 1203 4126 vidimus
1244 4067 1313 4122 ab
1342 4079 1407 4119 eo
1440 4061 1616 4123 νόθοις
1648 4057 1992 4121 attributam,
2022 4068 2149 4108 mox

578 4145 1014 4239 ἀντιλεγομένοις
1058 4157 1307 4231 adjungit
1350 4156 1404 4209 in
1458 4154 1576 4208 haec
1615 4149 1780 4206 verba
1799 4148 1882 4202 “z
1933 4145 2150 4218 Κέχρη-

579 4282 668 4317 ται
695 4263 738 4316 δ’
762 4263 818 4314 ὲν
845 4259 1027 4319 αὐτοῖς
1051 4254 1145 4307 καὶ
1167 4253 1285 4314 ταῖς
1308 4245 1416 4302 ἀπὸ
1435 4244 1543 4298 τῶν
1567 4239 1991 4311 ἀντιλεγομένων
2016 4252 2153 4308 γρα-

582 4356 696 4426 φῶν
729 4348 1084 4424 μαρτυρίαις·
1113 4344 1213 4415 τῆς
1247 4359 1306 4396 τε
1338 4337 1637 4410 λεγομένης
1676 4331 2019 4403 Σολομῶντος
2053 4330 2151 4381 Σο·-

584 4418 742 4514 (plac,
799 4418 1047 4507 ualui};
1084 4431 1261 4504 Ἰησοῦ
1310 4429 1405 4484 τοῦ
1458 4426 1659 4499 Σιράχο
1713 4424 1808 4477 καὶ
1866 4421 1967 4492 τῆς
2019 4418 2154 4491 πρὸς

595 4512 874 4605 Ἑϐραίους
905 4526 1220 4596 ἐπιστολῆς·
1257 4524 1355 4594 τῆς
1383 4537 1441 4574 τε
1478 4516 1753 4590 Βαρνάϐα,
1784 4513 1877 4567 καὶ
1902 4512 2154 4584 Κλήμεν-

583 4603 705 4689 aeq,
724 4623 817 4676 καὶ
843 4620 1010 4674 Ἰούδα
1041 4638 1055 4672 :
1086 4618 1152 4670 In
1176 4615 1361 4671 iisdem
1386 4611 1534 4665 libris
1561 4603 1972 4679 (Στρωματέων)
1999 4603 2152 4671 affert

587 4715 882 4789 (Clemens)
913 4710 1212 4767 testimonia
1237 4707 1648 4775 scripturarum,
1675 4714 1792 4769 qua:
1822 4714 1854 4751 a
1885 4692 2154 4749 nonnullis

587 4810 936 4881 repudiantur
960 4822 977 4859 :
1005 4818 1187 4871 nempe
1229 4816 1293 4855 ea:
1342 4796 1618 4867 Sapientia
1654 4789 1977 4852 Salomonis,
2014 4796 2064 4841 et
2091 4802 2156 4840 ea:

586 4920 649 4957 ea
674 4916 789 4972 quae
814 4900 1009 4952 dicitur
1058 4893 1332 4963 Sapientia
1357 4891 1483 4946 Jesu
1526 4889 1628 4959 ﬁlii
1676 4885 1865 4942 Sirach
1884 4899 1903 4938 :
1932 4886 2058 4937 item
2090 4897 2154 4936 ea:

589 4988 833 5062 Epistola
856 4992 924 5042 ad
962 4985 1239 5051 Hebraeos,
1279 4994 1328 5038 et
1373 4998 1436 5037 ea:
1466 4980 1748 5037 Clementis
1791 4993 1853 5031 ae
1894 4972 2155 5029 Barnabas

588 5084 866 5159 Epistolis.
896 5082 962 5138 Et
992 5080 1153 5152 paulo
1184 5087 1309 5150 post
1334 5079 1420 5133 his
1446 5077 1657 5148 gemina
1683 5071 1907 5144 profert.
1950 5068 2054 5125 Ubi
2082 5069 2151 5123 cl.

589 5180 843 5237 Valesius
871 5177 936 5232 ad
968 5188 1083 5230 rem
1106 5180 1350 5227 nostram
1379 5171 1493 5225 haec
1511 5167 1771 5223 adnotat:
1803 5184 1821 5217 ι
1846 5164 1988 5219 later
2010 5164 2159 5217 ἀντιε-

588 5272 884 5345 λεγομένας
915 5267 1215 5338 scripturas
1250 5262 1540 5328 Eusebius,
1573 5271 1687 5316 tum
1721 5260 1824 5314 hoc
1861 5258 2006 5323 loco,
2039 5264 2154 5311 tum

664 5461 709 5497 δ’
725 5459 982 5526 Basnag.,

597 5531 689 5585 lib.
722 5546 775 5583 \‘l
793 5568 807 5591 ,
860 5542 982 5596 cap.

597 5658 833 5739 Append.
856 5667 926 5739 ad
950 5665 1040 5739 lib.
1072 5665 1135 5718 de
1168 5658 1509 5739 ΙιΧΧ-ληιι.Ἴ

599 5722 759 5805 Elia,
789 5722 931 5791 Bibl.
963 5735 1055 5789 Gr.
1090 5774 1103 5803 ,
1148 5744 1279 5787 tum.
1306 5729 1392 5797 Ill,
1418 5745 1471 5799 ν.
1505 5725 1620 5791 ns,
1652 5722 1770 5776 nt.

1012 5451 1208 5507 Annal.
1246 5448 1399 5519 polit.
1428 5443 1632 5519 ec_cles_._.
1670 5440 1862 5519 all-Ian.
1886 5437 1977 5504 50,
2011 5436 2037 5507 ᾗ
2067 5436 2134 5490 54

2236 5434 2277 5519 ξ’
2306 5435 2527 5519 Euseb"
2734 5427 3004 5519 early-lib.
3035 5439 3116 5487 ιιι,
3119 5436 3259 5519 ιςορ.

1019 5460 1208 5507 Annal.
1246 5460 1397 5519 potu.
1428 5460 1632 5500 ecetes..
1675 5460 1741 5495 au
1771 5460 1862 5493 an.
1886 5460 1977 5504 ou,
2011 5460 2037 5507 θ
2067 5460 2134 5490 an

1019 5526 1080 5578 15
1112 5530 1167 5577 et
1198 5522 1283 5574 14.
1361 5518 1405 5548 ⁸⁵
1439 5515 1537 5575 ld.,
1571 5513 1700 5565 ibid.
1748 5510 1841 5563 lib.
1888 5524 1972 5578 ιιι,
2026 5523 2137 5576 (ιδῃ

2240 5460 2277 5467 ’-
2306 5460 2527 5496 ωιιδυυ.,
2552 5460 2702 5486 utor.
2734 5460 2884 5491 ειιι..
2913 5460 3004 5481 ιιυ.
3035 5460 3116 5487 ιιι,
3140 5460 3259 5489 νυν.
3291 5460 3376 5471 ..ν-
3615 5460 3625 5468 .

2236 5506 2276 5569 ι,
2325 5507 2495 5578 25,9:
2535 5502 2727 5578 alibi.__
2761 5501 2806 5578 ξι
2831 5498 3078 5561 Tillcm.,
3111 5491 3375 5578 nemon?)
3399 5479 3573 5578 enim
3604 5460 3781 5578 1233;}

596 5570 711 5655 not.
732 5570 1314 5662 'é,’izi'§.'eii-n3ig.'jp_.
1339 5587 1460 5662 6‘58.
1492 5570 1535 5615 δέ
1573 5582 1859 5662 Sclrotan.2
1888 5577 2059 5631 Diatr.
2095 5570 2160 5629 de
2190 5588 2395 5631 auctor.
2416 5576 2560 5629 Vers.
2592 5571 2733 5625 LXX
2764 5570 2923 5632 Intt.,
2956 5582 3056 5636 cap

1867 5647 1958 5662 ηπ.
2036 5659 2044 5662 _
2121 5648 2132 5662 .
2316 5646 2459 5662 ..
2569 5643 2682 5662 πη.
2749 5641 2921 5662 nd.--
2974 5655 3002 5662 -.

1556 5669 1607 5722 p.
1642 5652 1765 5706 H5.
1843 5641 1886 5681 ‘9
1917 5647 2157 5715 Tentzcl,
2189 5651 2327 5716 apud
2370 5646 2530 5702 Fabr.
2567 5643 2703 5699 Bibl.
2742 5641 2945 5697 Eccles.
2974 5655 3024 5708 p.

2218 554 2455 623 reliquas
2483 549 2620 603 alias
2648 544 2970 607 catholicas,
3003 542 3131 595 item
3159 536 3456 608 Epistolam
3477 534 3737 601 Barnabas;

2217 660 2354 716 quas
2387 655 2567 698 tamen
2595 653 2756 695 nemo
2788 637 2929 691 inter
2963 631 3301 704 apocryphas
3334 628 3622 697 scripturas
3642 642 3741 681 me-

2217 738 2323 793 rito
2351 732 2705 791 recensuerit.
2738 749 2756 781 ι

2290 826 2407 880 Non
2430 833 2514 879 est
2539 823 2721 891 itaque
2743 835 2841 874 cur
2862 812 3076 871 Eusebii
3105 811 3481 868 auctoritatem
3505 816 3746 877 tantopere

2221 922 2452 985 urgeant
2478 910 2726 966 nonnulli
2756 907 3086 963 recentiores
3124 904 3321 968 critici,
3348 916 3457 972 quo
3486 899 3746 969 Epistolam

2222 1014 2468 1059 nostram
2494 1000 2759 1056 Barnabas
2790 997 3125 1067 abjudicent.
3168 993 3401 1047 Tantum
3447 992 3587 1046 enim
3624 989 3752 1043 abest

2223 1106 2283 1151 ut
2310 1095 2456 1149 illam
2492 1091 2762 1146 Eusebius
2791 1088 3032 1158 spuriam
3058 1128 3073 1153 ,
3112 1082 3495 1145 adulterinam,
3534 1077 3753 1149 supposi-

2224 1188 2398 1243 titiam
2427 1200 2549 1240 esse
2574 1180 2922 1243 existimarit,
2953 1188 3012 1232 ut
3040 1175 3276 1230 maxime
3312 1173 3477 1227 etiam
3522 1171 3753 1236 integram

2225 1279 2606 1345 sinceramque
2646 1272 2936 1343 agnovisse
2986 1266 3250 1324 dicendus
3293 1265 3408 1329 sit;
3459 1262 3645 1332 quippe
3677 1261 3756 1331 qui

2224 1387 2343 1426 eam
2380 1378 2661 1425 recenseat
2687 1368 2826 1421 inter
2859 1365 3026 1419 libros
3064 1357 3533 1429 ἁντιλεγομένους,
3565 1356 3614 1410 in
3644 1370 3760 1425 quo-

2226 1479 2348 1519 rum
2375 1463 2499 1517 albo
2526 1460 2693 1516 refert
2720 1459 2885 1514 etiam
2913 1456 2957 1491 ⁸⁵
2994 1453 3293 1525 Epistolam
3324 1467 3442 1523 quia
3466 1449 3659 1502 dicitur
3681 1446 3762 1499 Ja-

2229 1557 2363 1622 cobi,
2391 1566 2438 1610 et
2470 1570 2587 1627 qua:
2607 1551 2786 1615 ludar,
2812 1561 2859 1604 et
2883 1548 3165 1604 secundum
3196 1545 3372 1609 Petri;
3406 1541 3622 1597 Joannis
3657 1539 3761 1594 item

2229 1651 2454 1705 alteram
2481 1656 2531 1701 et
2561 1647 2773 1700 tertiam
2793 1685 2808 1709 ,
2838 1659 2929 1696 nec
2958 1657 3059 1695 non
3092 1638 3389 1709 Epistolam
3435 1634 3501 1688 ad
3544 1632 3761 1689 Ilebrtros

2228 1753 2276 1797 et
2323 1740 2716 1811 Apocalypsim.
2760 1735 2882 1790 Uno
2935 1733 3131 1797 verbo,
3178 1733 3245 1785 de
3277 1728 3533 1799 Epistolas
3580 1734 3762 1779 tantum

2158 1850 2200 1905 Β
2230 1835 2574 1901 auctoritate,
2607 1847 2737 1888 num
2769 1828 2976 1887 scilicet
3003 1828 3056 1881 in
3082 1837 3363 1881 sacrarum
3393 1820 3764 1889 Scripturarum

2228 1942 2435 1983 canone
2464 1924 2774 1996 reponenda
2822 1928 3001 1986 esset,
3048 1934 3173 1974 cum
3226 1914 3507 1969 nonnullis
3548 1921 3761 1967 veterum

2230 2020 2537 2092 ambigebat
2569 2016 2859 2081 Eusebius,
2890 2022 2952 2068 ut
2982 2011 3231 2082 pluribus
3258 2006 3465 2062 evincit
3505 2004 3769 2059 Tillemon—

2235 2118 2343 2172 tius
2363 2114 2430 2169 “.
2481 2111 2692 2179 Quibus
2747 2109 2915 2163 addas
2958 2104 3156 2167 velim,
3186 2102 3255 2157 ab
3303 2109 3529 2155 auctore
3580 2109 3770 2167 quoque

2233 2204 2632 2265 Stichometrize
2669 2216 2788 2273 quae
2831 2197 3139 2267 Nicephoro
3177 2194 3284 2250 ΟΡ.
3333 2192 3621 2255 tribuitur,
3653 2189 3772 2243 inter

2232 2318 2328 2358 eas
2357 2300 2660 2369 scripturas
2703 2308 2823 2365 qua:
2862 2290 3258 2359 ἀντιλέγονται,
3290 2284 3555 2340 Barnaba:
3583 2281 3771 2351 Episto-

2232 2396 2342 2448 lam
2389 2388 2684 2447 recenseri.
2736 2384 2879 2452 Quin
2929 2391 2985 2437 et
3020 2381 3076 2436 in
3138 2378 3368 2447 antiqua
3419 2370 3771 2428 Stiehometria

2236 2482 2431 2538 Latina
2459 2522 2476 2548 ,
2508 2479 2561 2533 in
2618 2474 2939 2549 praefatione
2986 2470 3053 2526 ad
3097 2467 3407 2522 Barnabam
3463 2479 3495 2518 a
3540 2459 3774 2516 Cotelerio

2237 2577 2400 2641 edita,
2427 2572 2618 2629 eadem
2667 2566 2911 2638 Epistola
2955 2571 3078 2634 post
3118 2559 3421 2630 Epistolam
3455 2555 3604 2610 Judze
3639 2565 3775 2623 atque

2240 2680 2365 2727 ante
2410 2663 2643 2724 Joannis
2685 2658 3091 2716 Revelationem
3120 2663 3174 2709 et
3226 2651 3400 2707 Actus
3436 2646 3775 2720 apostolorum

2239 2762 2410 2817 relata
2438 2755 2796 2827 conspicitur.

2310 2851 2448 2907 Cum
2479 2849 2645 2920 igitur
2665 2862 2732 2902 ex
2771 2838 3267 2898 vetustissimorum
3297 2832 3529 2889 Patrum
3559 2827 3773 2885 testimo-

2240 2946 2348 3001 niis
2372 2949 2608 3008 constet,
2634 2937 2893 3008 Epistolas
2930 2941 3131 2989 nostra
3158 2936 3442 2984 auctorem
3480 2923 3639 2978 fuisse
3664 2919 3778 2973 Bar-

2243 3038 2439 3094 nabam
2479 3033 2738 3107 Cyprium
2763 3072 2779 3097 ,
2804 3025 3133 3098 apostolum,
3178 3029 3374 3076 testem
3408 3015 3743 3087 apostolicum
3764 3048 3778 3075 ,

2244 3142 2413 3185 unum
2442 3141 2510 3183 cx
2536 3140 2643 3179 Lxx
2664 3120 2879 3177 Domini
2904 3115 3189 3187 discipulis
3220 3120 3275 3168 et
3293 3111 3454 3166 Pauli
3483 3109 3778 3178 adiutorem;

2169 3191 2211 3249 θ
2246 3222 2299 3277 in
2335 3217 2568 3275 nihilum
2590 3214 2704 3269 abit
2730 3208 3031 3267 Christiani
3066 3202 3323 3261 Schotani
3348 3200 3676 3273 figmentum,
3703 3191 3779 3263 qui

2245 3314 2383 3369 duos
2414 3306 2691 3364 Barnabas
2713 3299 3104 3371 distinguit";
3149 3307 3387 3366 quorum
3426 3310 3444 3343 ι
3489 3290 3620 3344 alter
3645 3283 3784 3341 fuerit

2244 3419 2311 3458 ex
2334 3396 2685 3470 evangelistis
2713 3404 2767 3451 et
2788 3391 3082 3449 comitibus
3111 3385 3508 3458 apostolorum,
3532 3381 3659 3435 alter
3674 3386 3783 3430 vero

2245 3510 2277 3551 e
2306 3465 2721 3550 sublimioribus
2748 3484 3029 3557 apostolis,
3076 3481 3129 3536 id
3158 3486 3242 3534 est
3269 3476 3491 3548 proprie
3528 3471 3598 3527 ita
3628 3465 3784 3541 appel-

2247 3588 2394 3642 latis.
2431 3603 2450 3638 ι
2491 3583 2593 3639 Cui
2620 3580 2839 3652 quidem
2872 3575 3089 3632 erudito
3116 3572 3235 3627 viro
3270 3570 3391 3625 haec
3416 3565 3583 3623 lsaaci
3627 3557 3782 3617 Vossii

2247 3679 2412 3737 verba
2437 3675 2737 3748 regerimus
2752 3670 2798 3703 ⁸⁸
2824 3688 2838 3725 :
2876 3686 2896 3721 ι
2923 3667 3077 3722 Unde
3102 3664 3290 3731 habes,
3316 3660 3517 3733 inquit,
3545 3655 3679 3729 quod
3694 3652 3784 3708 duo

2249 3773 2452 3834 iuerint
2491 3766 2753 3823 Barnabte
2796 3764 2939 3818 inter
2985 3758 3262 3830 apostolos
3299 3763 3398 3810 aut
3445 3748 3783 3823 apostolorum

2248 3861 2588 3935 discipulos?
2636 3857 2791 3915 Unde
2834 3856 2963 3910 item
2995 3852 3164 3908 habes
3201 3847 3349 3919 quod
3383 3860 3526 3902 unus
3555 3857 3617 3897 ex
3640 3836 3783 3895 subli-

2250 3934 2537 4021 mioribus,
2561 3954 2665 4009 hoc
2689 3960 2773 4007 est
2801 3964 2832 4004 e
2859 3944 3148 4003 duodecim
3185 3940 3352 3996 fuerit
3393 3934 3667 4010 apostolis,
3694 3944 3786 3985 non

2251 4061 2428 4108 autem
2456 4064 2486 4103 e
2518 4062 2625 4101 Lxx
2654 4040 2959 4111 discipulis,
2993 4036 3071 4093 uti
3100 4034 3264 4088 habet
3291 4030 3549 4086 Clemens
3574 4026 3785 4079 Alexan—

2251 4144 2487 4201 drinus?
2521 4140 2632 4210 Ego
2658 4152 2790 4195 vero
2818 4134 2963 4206 quod
2994 4128 3219 4199 scripsi,
3242 4127 3296 4182 id
3325 4125 3506 4196 ipsum
3530 4120 3787 4180 conﬁrmat

2253 4231 2535 4302 inscriptio
2569 4207 2741 4298 hujus
2786 4222 3079 4295 Epistolas,
3128 4218 3184 4273 in
3229 4232 3334 4287 qua
3376 4214 3533 4271 Pauli
3557 4207 3786 4276 συνέκδη-

2255 4342 2356 4400 μος
2377 4295 2675 4393 appellatur
2701 4335 2714 4371 :
2744 4315 3033 4375 conﬁrmat
3064 4311 3429 4380 Hieronymus
3474 4306 3528 4360 in
3566 4295 3790 4363 Catalogo

2253 4424 2565 4495 scriptorum
2621 4409 3120 4470 ecclesiasticarum,
3168 4410 3298 4467 etc.,
3328 4409 3389 4455 ut
3412 4398 3577 4453 mirer
3599 4389 3714 4463 quid
3745 4397 3788 4439 te

2188 4529 2231 4583 ι)
2259 4511 2509 4576 moverit,
2535 4505 2890 4578 quamobrem
2915 4501 3054 4557 duos
3082 4496 3302 4552 ﬁnxeris
3327 4489 3626 4547 Barnabas.
3661 4501 3679 4535 ι
3705 4478 3788 4534 Ner

2261 4618 2368 4673 que
2394 4569 2570 4671 magis
2598 4595 2811 4668 proﬁcit
2852 4590 3161 4647 Tentzelius
3181 4589 3258 4654 “9;
3291 4585 3386 4655 qui
3430 4573 3697 4637 nonnullis
3726 4569 3789 4623 leo

2260 4697 2421 4751 vihus
2449 4688 2784 4763 coniecturis
2823 4686 3112 4750 adductus,
3140 4682 3194 4736 in
3218 4693 3337 4735 eam
3380 4670 3691 4732 sententiam
3717 4662 3787 4717 de

2259 4786 2431 4853 venit,
2470 4757 2766 4854 Epistolam
2818 4783 3063 4831 nostram
3118 4766 3458 4847 Alexandria:
3492 4764 3547 4817 in
3585 4757 3789 4827 Aigypw

2260 4882 2520 4941 extremis
2541 4873 2765 4932 Adriani
2789 4868 3144 4935 temporibus,
3183 4864 3251 4919 ab
3280 4862 3465 4931 aliquo
3501 4854 3689 4913 schola:
3716 4861 3791 4902 ca-

2260 4975 2538 5032 tecbetica:
2558 4964 2938 5026 Alexandrina:
2973 4961 3194 5017 doctore
3226 4956 3328 5012 sub
3350 4951 3607 5007 Barnabze
3634 4938 3787 4999 nomi-

2263 5084 2330 5123 ne
2353 5066 2521 5121 fuisse
2548 5057 2917 5118 confictam“.
2952 5052 3228 5124 Moynium
3254 5055 3535 5118 praetereo,
3556 5038 3642 5109 qui
3659 5033 3787 5102 ejus‘

2260 5161 2383 5216 dem
2411 5154 2666 5227 Epistolae
2692 5158 2970 5205 auctorem
3000 5144 3132 5200 facit
3161 5141 3217 5196 S.
3250 5124 3607 5208 Polyearpum
3630 5125 3789 5191 Smyr‘

2261 5265 2485 5309 nensem
2522 5245 2845 5310 antistitem,
2873 5256 2942 5297 eo
2968 5248 3176 5295 tantum
3200 5233 3418 5290 nomine
3439 5224 3580 5298 quod
3608 5222 3658 5275 in
3692 5228 3788 5269 ma-

3452 5410 3497 5443 ιι
3530 5405 3627 5468 ιιι..
3655 5392 3784 5468 ita,

3064 5541 3078 5618 ἶ
3111 5541 3243 5631 Ife;
3260 5541 3441 5631 iis.“
3457 5548 3595 5631 fit.
3628 5541 3781 5631 γοξεε

3051 5601 3443 5705 ἱεῖ’ς”ἰό.’”ὀο
3477 5613 3671 5676 Videsis
3700 5601 3782 5658 Fa-
