4066 6330
356 287 467 344 089
1712 278 2244 339 PROLEGOMENA.
3505 269 3611 324 690

354 402 656 474 nuscriptis
678 400 961 457 codicibus
988 400 1077 455 illa
1102 393 1627 467 cumPolycarpiana
1650 394 1933 463 jungatur,
1963 392 2009 449 Α
2038 386 2523 457 Rabbinorumque
2566 382 2818 455 malignis
2865 383 3358 454 interpretameutis
3393 397 3582 451 compa

353 512 536 566 neque
564 495 727 564 hujus
756 494 917 548 tinem
952 503 1047 547 aut
1074 492 1195 561 ejus
1218 489 1431 543 initium
1457 487 1783 557 exemplaria
1810 500 1933 554 quae
2035 489 2171 541 reat.
2208 479 2337 533 olim
2362 488 2541 533 tamen
2578 475 2797 547 quando
2831 475 2885 530 in
2914 476 3063 531 omni
3108 490 3380 549 synagoga
3411 474 3611 529 hebdo-

351 598 655 661 supersunt
703 587 1013 643 exhibeant.
1060 585 1215 652 Quod
1265 585 1483 656 quidem
1550 592 1930 653 argumentum
2035 571 2294 626 ῐηίιάίιιίῐη
2324 585 2433 623 ηοη
2470 569 2623 623 leam
2656 576 2889 634 ιδηῑυῐην
2930 566 3025 661 ⁸βά
3062 577 3114 623 εί
3157 574 3425 623 “lamna?
3456 572 3613 661 εξῗωη

351 658 522 755 quam
576 681 854 737 inﬁrmum
904 681 977 737 sit
1040 695 1313 751 quamque
1362 679 1565 744 inane,
1603 676 1931 747 ιῖίιῐῐιάιιάιιιιι
2034 665 2337 734 εεινίρῑιιτω,
2389 660 2660 755 Midrasch
2693 662 2795 717 iste
2826 660 3231 755 mysticussive
3264 658 3612 755 evangelicus

350 752 803 830 demonstrarunt
833 772 1046 827 cavens
1069 813 1085 840 ’
1119 770 1429 826 Τρηηριίυε
1456 771 1499 803 ιι
1524 812 1539 834 ν
1572 768 1930 838 Basnagiusu
2036 756 2249 811 Veteris
2271 754 2625 810 Instrumenti
2653 769 2870 820 sensus,
2905 768 3013 808 non
3037 754 3220 808 minus
3248 752 3505 809 omnibus
3531 752 3613 806 iu-

352 866 578 936 aliique.
630 865 859 937 ipseque
903 865 1148 938 profecto
1180 863 1430 935 Moynius
1474 862 1543 917 ab
1592 876 1657 915 eo
1688 858 1932 932 urgendo

2033 848 2215 903 notuit
2244 863 2410 918 quam
2449 847 2566 917 ipse
2598 862 2752 901 sacer
2783 855 3002 913 textus;
3036 856 3088 901 et
3114 846 3340 915 proinde
3368 860 3476 900 non
3502 845 3610 899 mi-

354 956 757 1023 abstinuisset,
797 957 843 1012 si
884 955 1092 1011 Usserii
1125 954 1289 1009 verba
1328 953 1380 1006 in
1423 951 1837 1023 praenionitione
1865 950 1932 1004 de
2033 956 2136 995 nus
2164 940 2357 995 idonea
2403 939 2783 1009 Suppedilabal
2824 946 3145 1010 argumenta
3186 938 3253 993 ad
3282 937 3613 993 COIIVincen-

352 1047 619 1103 Barnaba:
648 1046 914 1118 Epistola,
938 1064 967 1103 a
996 1047 1203 1105 Joanne
1233 1045 1380 1101 Fello
1402 1046 1545 1101 edita
1570 1043 1769 1113 eoipso
1785 1058 1930 1096 anno

2032 1033 2129 1089 dos
2151 1031 2390 1099 Judazos,
2420 1047 2586 1102 quam
2615 1047 2679 1087 ea
2704 1047 2821 1102 qua:
2841 1047 2908 1089 ex
2926 1029 3301 1087 disertissimis
3327 1044 3608 1084 sacrarum

352 1155 468 1211 quo
500 1157 598 1196 sua
632 1140 795 1196 γανία
824 1158 977 1195 sum,
1001 1140 1294 1212 evulgam,
1328 1140 1501 1210 ιρερω
1532 1135 1631 1192 sibi
1663 1136 1925 1191 ucuissci;
2030 1122 2337 1178 litterarum
2390 1124 2615 1179 vocibus
2663 1122 2894 1179 fuissent
2932 1123 3235 1179 deducta...
3282 1121 3347 1177 Et
3378 1121 3424 1176 si
3467 1120 3613 1176 forte

359 1252 380 1287 ι
417 1231 645 1305 Nempe,
689 1235 866 1305 inquit
899 1235 989 1289 ille
1014 1275 1028 1298 ,
1064 1234 1116 1288 in
1165 1234 1342 1304 primo
1382 1229 1677 1301 exemplari
1723 1244 1789 1283 ex
1818 1243 1929 1298 quo
2033 1217 2215 1287 aliqua
2242 1214 2383 1287 aPl“l
2408 1224 2687 1270 αυεῑοτθῐη
2730 1223 2981 1269 Ποδίτυηί
3029 1222 3327 1270 occurrunt
3350 1212 3611 1305 ‘l‘mlon'

352 1326 711 1383 Columnazus
747 1304 835 1382 ille
869 1327 1041 1393 codex
1079 1326 1195 1396 (qui
1242 1325 1488 1379 omnium
1529 1330 1749 1393 putatur
1789 1320 1931 1375 anti-
2031 1310 2153 1379 είυε
2182 1308 2347 1378 Peum
2376 1307 2650 1373 "idenm",
2687 1305 2777 1361 m3
2810 1306 2928 1375 ipsa
2958 1315 3051 1360 ³1η
3073 1320 3267 1360 eorum
3309 1304 3500 1359 53mm
3527 1318 3613 1358 νε·

350 1420 681 1491 quissimns)
707 1429 759 1474 et
791 1419 987 1489 reliqui
1026 1419 1120 1488 qui
1146 1426 1443 1489 supersunt
1483 1416 1641 1472 hodie
1668 1423 1795 1471 sunt
1834 1414 1929 1470 de-

2032 1398 2189 1469 stigia
2226 1399 2280 1452 in
2315 1397 2576 1468 Epistolis
2606 1397 2850 1453 Paulinis
2900 1398 3024 1467 quis
3054 1398 3255 1468 poterit
3284 1396 3544 1468 reperire.
3582 1415 3602 1449 ι

352 1488 569 1580 scripti,
590 1488 936 1565 librariorum
964 1510 1097 1564 vitio
1138 1488 1425 1579 quaternio
1453 1507 1538 1562 vel
1580 1507 1817 1563 omissus
1845 1505 1929 1560 vel

2032 1489 2308 1545 llaetenus
2338 1490 2447 1545 ille.
2470 1488 2609 1544 llinc
2639 1488 2844 1545 factum
2879 1499 2937 1545 ut
2960 1504 3084 1545 cum
3116 1490 3247 1545 viris
3277 1488 3610 1549 doctis.con-

2032 1582 2279 1647 cludam,
2312 1581 2715 1638 vetustissimos
2737 1580 2981 1644 Patrum,
3016 1580 3345 1642 Clementem
3373 1579 3610 1634 Alexan-

2030 1675 2274 1739 drinum,
2308 1674 2619 1745 Origenem,
2647 1682 2874 1728 cancros
2900 1673 2994 1743 qui
3029 1671 3329 1742 Epistulam
3362 1680 3608 1728 nostram

2031 1776 2291 1837 tanquam
2328 1766 2603 1823 sincerum
2646 1763 2910 1820 Barnabae
2955 1766 3123 1820 fetum
3172 1773 3495 1836 agnoscunt.
3533 1764 3610 1819 ni-

2029 1859 2109 1914 hil
2151 1860 2418 1914 ahsonum
2454 1859 2509 1913 in
2560 1858 2683 1929 ejus
2716 1857 3195 1924 enarratiouibus,
3249 1857 3386 1913 nihil
3429 1857 3609 1912 detor-

2030 1959 2166 2017 tum,
2197 1961 2449 2006 coactum
2483 1951 2623 2005 nihil
2649 1950 2704 2005 in
2727 1949 2848 2021 ejus
2878 1948 3174 2020 allegoriis,
3212 1949 3347 2003 nihil
3378 1949 3613 2020 denique

2027 2042 2146 2097 viro
2166 2043 2471 2112 apostolico
2509 2042 2795 2113 indignum
2830 2040 2885 2095 in
2915 2056 2979 2096 ea
3015 2040 3325 2108 detexisse;
3357 2041 3609 2113 adeoque

2029 2134 2167 2190 nihil
2195 2135 2340 2205 quod
2373 2136 2493 2205 ejus
2533 2144 2747 2189 tetatem
2792 2148 2901 2187 non
2942 2132 3121 2187 ferat:
3155 2144 3213 2188 ut
3252 2132 3479 2203 proinde
3508 2134 3612 2187 mi-

2030 2227 2177 2282 nime
2211 2228 2467 2282 audiendi
2500 2227 2789 2282 videantur
2833 2224 3083 2280 nonnulli
3118 2226 3486 2293 recentiores,
3517 2226 3610 2296 qui

982 2363 1211 2421 CAPUT
1240 2363 1304 2420 Π.
2027 2319 2094 2374 de
2115 2319 2256 2421 stle
2288 2318 2619 2421 scriptor-um
2644 2317 3073 2421 apostolicorum
3108 2316 3304 2421 melius
3337 2333 3505 2388 quam
3525 2334 3613 2373 eo-

462 2480 474 2491 .
681 2480 729 2491 Η
820 2480 832 2491 ο
984 2404 1097 2491 “.‘i‘
1123 2404 1202 2420 ν’
1240 2404 1304 2420 ⁸⁸⁸
1652 2481 1663 2491 ⁸
1728 2479 1741 2491 .
2026 2412 2275 2466 rumdem
2309 2410 2591 2481 discipuli,
2637 2410 2839 2480 aliique
2881 2421 2979 2465 aut
3010 2410 3307 2481 synehroni
3361 2421 3454 2465 aut
3487 2426 3611 2481 sup-

344 2479 1888 2573 P015"?fkiffﬁogfi_fﬁfﬁuﬂtfftg,fatifﬁtffffiintum
1907 2521 1922 2548 ο
2026 2515 2184 2573 pares
2215 2479 2490 2569 homines,
2522 2516 2581 2556 se
2599 2479 2847 2572 judicare
2878 2479 3055 2572 posse
3073 2502 3374 2556 conlldunt.
3402 2500 3520 2569 Qua
3542 2479 3611 2558 de

526 2567 633 2647 qi“;
661 2552 818 2620 Im)”
854 2550 1113 2621 bp'sww
1142 2561 1421 2622 "aegrum
1453 2562 1749 2621 'mpemur'
2028 2550 2087 2649 ἕο
2130 2594 2286 2665 plura
2320 2550 2744 2664 satis,app:)site
2792 2550 2914 2648 aliis
2957 2592 3246 2648 observata
3295 2550 3448 2664 apud
3475 2592 3610 2649 Zor-

421 2664 650 2735 Verum,
683 2665 771 2721 his
798 2665 1002 2733 missis,
1029 2666 1158 2736 quid
1183 2666 1408 2737 insuper
1445 2666 1686 2722 adversze
1705 2676 1925 2721 senten-
2027 2664 2247 2744 "minus
2279 2689 2542 2759 reperias.

345 2759 439 2815 tiae
466 2758 684 2830 patroni
709 2758 978 2829 praecipue
1008 2758 1291 2829 objiciant,
1318 2757 1694 2829 inspiciamus.
1728 2757 1793 2812 Et
1814 2757 1927 2827 pri-

2096 2757 2667 2853 Pergunt—adversarii
2692 2820 2708 2847 ,
2748 2796 2920 2852 eaque
2950 2782 3206 2851 regerunt
3232 2794 3355 2851 quas
3385 2778 3452 2835 de
3477 2793 3612 2850 apo-

344 2867 500 2908 mum
532 2850 751 2921 quidem
783 2850 1046 2905 Barnaba:
1083 2849 1400 2920 abjudicant
1429 2848 1747 2920 Epistolam,
1777 2848 1924 2921 quod

2029 2874 2180 2931 stolis
2206 2848 2487 2945 'Epistolze
2543 2882 2732 2929 auctor
2786 2848 2873 2929 his
2932 2848 3115 2929 verbis
3170 2848 3607 2944 pronuntiati“:

342 2952 540 2999 auctor
565 2944 810 3013 quaedam
838 2942 1050 2998 Veteris
1077 2942 1410 2997 Testamenti
1438 2942 1558 2997 loca
1588 2942 1772 2998 minus
1802 2950 1925 3011 apte

2030 2965 2253 3032 Quando
2277 2942 2483 3033 autem,
2528 2966 2624 3030 ait,
2674 2965 2940 3035 apostolos
2972 2981 3097 3020 suos
3135 2942 3227 3036 qui
3264 2964 3611 3034 prwdicaturi

345 3034 658 3132 ξ¹¹θ8³¹ξθξ
686 3034 916 3106 ¹¹¹Υ⁵ίί⁰θ
955 3034 1408 3132 ¹ξίξηῖδλθδξ³⁰δίίξ¹ξ
1449 3034 1516 3132 ίξξ
1540 3034 1925 3132 ωθίίίυηῖ-Ρνίν
1949 3074 1994 3132 c,
2025 3069 2175 3116 erant
2206 3059 2355 3114 illius
2393 3058 2738 3131 Evangelium
2763 3058 2941 3129 elegit,
2968 3034 3204 3113 homines
3224 3058 3367 3112 omni
3396 3069 3611 3128 peccato

342 3128 532 3182 ducat.
559 3125 697 3182 lluic
729 3136 911 3182 autem
933 3126 1226 3197 ohjectioni
1256 3127 1439 3182 verbis
1471 3124 1797 3181 Hammondi
1827 3142 1921 3181 oc-

2029 3147 2313 3217 im'quiores
2338 3189 2352 3213 ,
2396 3124 2565 3210 δνταξ
2606 3146 2750 3217 ὑπὲρ
2793 3124 2974 3200 adadv
3029 3147 3300 3220 ἁμαρτίαν
3335 3124 3611 3218 ἁνόμωτέ-

344 3232 571 3274 currere
600 3220 793 3288 placet,
835 3234 957 3289 qua:
1004 3216 1085 3273 sic
1127 3234 1185 3274 se
1228 3217 1488 3273 habent”
1538 3236 1553 3273 :
1614 3236 1634 3270 ι
1675 3217 1921 3288 Apostoli

2029 3216 2172 3309 pauc,
2200 3248 2259 3292 ut
2300 3238 2589 3293 ostenderet
2622 3216 2759 3309 quod
2792 3254 2896 3292 non
2923 3216 3079 3293 venit-
3102 3216 3285 3293 vocare
3310 3216 3489 3308 justo:
3517 3237 3607 3293 sed

340 3312 613 3367 Barnaba:
659 3326 780 3381 quae
829 3326 936 3365 non
967 3310 1039 3365 ita
1073 3311 1281 3381 pridem
1323 3311 1522 3380 prodiit
1560 3310 1821 3382 Epistola,
1854 3328 1922 3367 ex

2029 3342 2317 3403 peccatores
2362 3332 2432 3387 ad
2467 3332 2830 3402 paenitentiam
2856 3349 2874 3399 ;
2905 3342 3029 3387 tunc
3058 3333 3240 3403 palam
3270 3334 3395 3404 fecit
3416 3350 3469 3389 se
3496 3349 3607 3388 esse

342 3407 453 3463 hoc
483 3421 597 3461 uno
618 3405 1002 3462 Gnosticorum
1022 3407 1339 3461 charactere
1363 3405 1646 3462 commode
1662 3404 1921 3475 explicari
2024 3424 2229 3479 ιηέιξηηι
2260 3424 2378 3479 υθέ,
2406 3424 2540 3491 Quis
2575 3433 2755 3479 autem
2780 3425 3276 3496 credatjnquiunt,
3308 3427 3607 3496 apostolos,

340 3500 577 3572 poterit;
607 3500 764 3565 alias,
797 3510 854 3553 ut
879 3500 1265 3569 complicatum
1288 3510 1341 3554 et
1371 3499 1639 3576 prolixum
1668 3500 1919 3569 amigma,

2029 3516 2310 3570 hominum
2342 3516 2723 3586 iniquissimos
2741 3524 2795 3570 et
2826 3534 2983 3587 super
3014 3534 3165 3571 omne
3193 3528 3460 3587 peccatum
3488 3534 3606 3588 pec-

340 3590 709 3647 certissimam
740 3590 1033 3644 lectoribus
1064 3606 1284 3645 crucem
1317 3588 1546 3645 factura.
1595 3588 1686 3645 Isti
1719 3591 1922 3661 quippe

2029 3616 2258 3675 ratores,
2288 3622 2319 3662 a
2352 3607 2602 3664 Barnaba
2647 3607 2820 3664 fuisse
2857 3610 3121 3664 vocatos?
3156 3608 3443 3680 Simplices
3485 3613 3607 3682 qui-

342 3682 589 3739 Simouis
629 3684 883 3748 asseclze,
926 3683 1145 3752 γνῶσιν,
1186 3684 1236 3738 id
1279 3692 1392 3750 est,
1424 3682 1721 3755 Scripturte
1752 3699 1922 3739 sacrm

2029 3701 2168 3768 dem,
2204 3700 2391 3768 rudes,
2423 3702 2707 3771 imperitos
2731 3709 2896 3771 atque
2919 3702 3167 3757 homines
3194 3702 3465 3758 interdum
3498 3720 3606 3758 ma-

342 3778 576 3848 mystice
610 3777 1026 3847 interpretanda:
1069 3776 1379 3832 facultatem
1426 3777 1529 3831 sibi
1578 3787 1919 3848 arrogantes,

2029 3792 2107 3849 los
2135 3791 2313 3849 fuisse
2349 3792 2471 3848 illos
2506 3794 2561 3847 in
2595 3793 2769 3848 sacris
2796 3793 2988 3850 litteris
3022 3794 3293 3864 legimus;
3329 3803 3386 3847 at
3415 3810 3601 3866 pecca-

342 3872 520 3926 multa
548 3869 759 3926 Veteris
782 3870 1111 3925 Testamenti
1145 3870 1400 3942 mysteria
1425 3870 1491 3925 ad
1519 3871 1764 3941 impuros
1789 3887 1923 3927 usus
2025 3894 2171 3940 ιοι-ρε
2201 3885 2444 3941 omnium
2476 3886 2749 3942 maximos
2777 3902 2875 3943 eos
2897 3888 3175 3943 εχειίιίεεθ
3207 3903 3314 3942 non
3349 3889 3604 3959 legimus.

341 3978 483 4019 SUOS
516 3963 1124 4019 acconimodahant.....
1169 3962 1308 4018 lliuc
1349 3962 1629 4019 Barnabas
1676 3964 1779 4020 hac
1809 3964 1922 4020 fere
2094 3977 2306 4044 Quibus
2332 3978 2569 4049 primum
2603 3994 2667 4033 ex
2708 3978 2949 4033 vii'orum
2989 3979 3431 4035 doctissimorum
3476 3994 3604 4034 seu-

341 4058 606 4113 universa
647 4056 888 4127 Epistola
940 4073 1075 4123 sua,
1138 4056 1345 4113 Veteris
1399 4057 1754 4115 Instrumenti
1803 4060 1921 4115 loca

2029 4070 2191 4124 lentia
2218 4072 2557 4141 reponimus,
2576 4071 2713 4127 nihil
2741 4074 2793 4127 in
2818 4070 3117 4141 Scripturis
3139 4087 3427 4128 occurrere
3451 4073 3600 4143 quod

338 4152 771 4221 quamplurima,
794 4150 1018 4221 mysdce
1040 4151 1206 4205 etiam
1231 4160 1284 4205 et
1307 4151 1617 4207 cabalistice
1648 4152 1919 4223 exposita,
2024 4162 2155 4237 huic
2186 4162 2448 4218 Romam)
2474 4164 2621 4219 dicio
2652 4174 2936 4237 repugnet,
2966 4164 3171 4219 Deinde
3200 4180 3330 4220 νειεο
3351 4166 3482 4235 quid
3506 4168 3605 4221 ob-

337 4242 734 4300 Gnosticorum
768 4243 1030 4298 doctrinis
1059 4245 1302 4312 opponit.
1340 4264 1358 4297 ι
1396 4243 1720 4300 llammondi
1752 4245 1919 4301 vesti-

2029 4264 2132 4310 slat
2162 4256 2293 4327 quin
2326 4255 2445 4326 ejus
2472 4256 2638 4312 verba
2669 4256 2747 4310 sic
2782 4256 3140 4326 accipiantur,
3176 4267 3233 4312 ut
3277 4257 3413 4311 nihil
3456 4258 3604 4313 aliud

338 4337 448 4407 giis
478 4336 737 4391 insistens
770 4334 1008 4389 Joannes
1044 4335 1225 4391 Fellus
1247 4338 1293 4367 ⁵³
1331 4354 1346 4390 :
1388 4355 1406 4390 t
1443 4338 1695 4403 Constat,
1721 4339 1918 4408 inquit,

2029 4354 2244 4412 sonent,
2272 4361 2435 4415 quam
2467 4345 2742 4415 apostolos
2766 4354 3057 4415 antequam
3078 4357 3423 4409 vocarentur,
3449 4347 3603 4417 plura

338 4426 647 4497 Epistolam
675 4428 835 4489 hanc,
873 4442 995 4497 quae
1030 4425 1143 4480 fere
1179 4436 1290 4481 tota
1327 4439 1409 4481 est
1441 4429 1496 4481 in
1526 4428 1825 4500 Synagoga:
1848 4430 1920 4485 ri-
1950 4418 1999 4478 Ῐ)
2024 4445 2077 4490 et
2112 4436 2293 4507 gravia
2317 4435 2536 4507 quidem
2566 4436 2864 4505 peccasse?
2899 4435 2953 4490 ld
2982 4451 3113 4491 sane
3133 4436 3200 4490 de
3229 4435 3480 4492 Matthtco
3504 4454 3605 4508 pu-

340 4523 493 4578 tibus
526 4530 581 4576 et
617 4537 897 4576 sacrarum
945 4520 1348 4591 Seripturarum
1398 4525 1640 4596 mysticis
1667 4526 1920 4582 sensibus
2025 4529 2239 4582 hlicano
2270 4536 2517 4593 constat;
2564 4528 2615 4580 id
2640 4543 2860 4597 quoque
2890 4527 2956 4582 de
2979 4528 3228 4597 apostolo
3264 4527 3454 4595 Paulo,
3482 4529 3599 4599 qui,

337 4614 677 4679 evolvendis,
713 4615 780 4669 ad
815 4614 969 4683 rudis
1012 4616 1159 4685 vulgi
1203 4624 1420 4685 captum
1466 4617 1649 4672 minus
1674 4634 1794 4674 esse
1823 4634 1917 4674 ac-
2026 4630 2084 4674 ut
2106 4619 2330 4688 ipsemet
2360 4622 2426 4673 de
2458 4634 2516 4673 se
2540 4618 2728 4673 scribit
2751 4619 2819 4685 ⁸⁷,
2857 4618 3005 4688 prius
3043 4617 3375 4688 blasphemus
3414 4619 3515 4688 fuit
3550 4628 3599 4673 et

338 4707 781 4772 commodatam;
820 4715 874 4760 et
902 4708 1128 4775 proinde
1158 4708 1453 4763 verisimile
1482 4720 1583 4774 est,
1613 4726 1642 4765 a
1682 4711 1916 4767 lectione
2021 4722 2319 4783 persecutor
2337 4721 2387 4765 et
2410 4711 2850 4776 contumeliosus;
2894 4710 3095 4781 quique
3146 4713 3386 4781 seipsum
3417 4714 3603 4783 appel-

336 4802 464 4871 ejus
504 4800 721 4870 publica
760 4798 1057 4853 Ecclesiam
1102 4808 1224 4869 post
1255 4812 1467 4869 tempus
1501 4800 1717 4870 aliquod
1746 4803 1916 4858 absti-
2022 4807 2097 4863 lat
2122 4815 2455 4876 peccatorum
2485 4805 2735 4875 primum,
2784 4804 2863 4860 sic
2894 4805 3147 4875 inquiens
3179 4821 3190 4857 :
3228 4806 3462 4877 Χριστὸς
3499 4806 3601 4876 Ἰη-

336 4894 595 4949 nuisse...
631 4890 744 4947 Hoc
772 4906 901 4947 vero
931 4891 1154 4945 fidenter
1175 4892 1426 4959 dixerim,
1454 4893 1749 4964 Epistolam
1775 4896 1916 4952 hanc

2029 4899 2151 4963 σοῦς
2206 4895 2369 4970 ἦλθεν
2403 4900 2482 4961 εὶς
2533 4897 2622 4950 τὸν
2656 4897 2860 4967 κόσμον
2891 4898 3251 4971 ἁμαρτωλοὺς
3283 4898 3475 4963 σῶσαι,
3525 4892 3599 4953 ὧν

335 5004 450 5059 quo
481 4987 717 5056 penitius
756 4985 1121 5055 intelligatur,
1150 5002 1215 5041 eo
1251 4987 1612 5056 acceptiorem
1649 4987 1913 5056 futuram,
2022 4991 2235 5064 πρῶτός
2267 4992 2381 5061 εἰμι
2410 4988 2519 5060 ἐγώ
2548 5008 2560 5020 ·
2594 5004 2703 5060 quo
2734 4990 2873 5046 forte
2896 4992 2948 5045 in
2980 4992 3171 5063 primis
3202 4991 3438 5061 respexit
3466 4991 3625 5063 Bar—r

334 5088 393 5134 et
418 5080 489 5134 ad
511 5094 793 5134 sacrarum
823 5077 1128 5132 litterarum
1152 5093 1381 5134 necnon
1406 5079 1912 5149 antiquissimorum
2022 5084 2227 5152 nahas,
2267 5082 2509 5153 ejusdem
2555 5080 2711 5137 Pauli
2755 5083 3110 5154 συνέκδημος,
3160 5083 3288 5138 dum
3321 5082 3597 5153 apostolos

334 5170 563 5227 Patrum
582 5171 945 5241 cognitionem
970 5169 1262 5240 plurimum
1282 5170 1571 5226 facturam.
1591 5172 1911 5243 Quanquam
2019 5174 2339 5245 priusquam
2392 5172 2747 5243 eligerentur,
2802 5174 3050 5229 homines
3078 5183 3236 5229 vocat
3263 5172 3421 5236 ὄντας
3453 5172 3595 5245 ὑπὲρ

336 5263 487 5319 enim
518 5272 812 5333 perpetuus
835 5260 1047 5317 Veteris
1072 5260 1421 5319 Instrumenti
1450 5265 1517 5320 ad
1546 5264 1799 5322 Messium
1823 5281 1912 5321 reo

2029 5270 2198 5322 πᾶσαν
2216 5265 2486 5339 ἁμαρτίαν
2512 5265 2911 5339 ἀνομωτέρους·
2930 5281 3106 5337 neque
3127 5266 3270 5320 enim
3294 5265 3593 5335 quidquam

338 5368 563 5428 spectus
609 5355 768 5410 nobis
808 5354 967 5424 quasi
1009 5370 1104 5425 per
1165 5364 1517 5411 transennam
1565 5372 1629 5412 ex
1672 5357 1911 5419 Chaldaei
2020 5377 2122 5417 nos
2153 5361 2318 5431 cogit,
2346 5368 2407 5415 ut
2435 5359 2503 5415 de
2533 5359 2793 5416 omnibus
2810 5368 2865 5415 et
2888 5360 3119 5431 singulis
3150 5358 3409 5428 apostolis
3438 5358 3492 5414 id
3524 5359 3593 5414 ab

337 5447 721 5520 Paraphrastis
751 5446 1060 5515 stricturis,
1091 5448 1419 5517 scriptorum
1467 5448 1910 5508 Talmudicorum
2017 5470 2084 5511 eo
2132 5452 2337 5510 dictum
2382 5451 2770 5521 intelligamus.
2820 5449 2959 5517 Quid
2985 5449 3224 5521 quzeris?
3257 5448 3405 5504 Duos
3436 5449 3592 5505 lucu-

352 1603 723 1673 transpositus
766 1612 850 1658 est
890 1620 903 1655 :
942 1603 1101 1673 cujus
1138 1600 1353 1657 defectu
1389 1600 1590 1655 factum
1630 1608 1732 1665 est,
1777 1607 1836 1653 ut
1873 1598 1927 1653 in

350 1694 560 1751 Gnecis
588 1696 975 1766 superstitibus
995 1705 1048 1751 et
1076 1696 1234 1750 ﬁnem
1255 1694 1509 1765 Epistola:
1533 1692 1814 1765 Polycarpi
1834 1693 1928 1747 de-
1958 1736 2000 1791 Β

350 1788 660 1844 sideremus
690 1798 743 1843 et
775 1788 1104 1859 principium
1136 1788 1418 1843 Barnabte.
1452 1806 1470 1839 ι
1503 1786 1659 1854 Quod
1703 1788 1749 1843 si
1796 1802 1925 1842 nec-

348 1880 481 1935 dum
516 1881 783 1935 sententia
813 1880 1073 1936 decedere
1099 1880 1383 1937 statuisset
1411 1881 1497 1934 vir
1518 1880 1786 1947 eruditus,
1822 1879 1926 1950 ipsi

348 1977 546 2032 saltem
573 1978 1115 2034 animadvertendum
1162 1990 1299 2045 erat,
1335 1979 1477 2049 apud
1509 1987 1803 2049 utrumque
1829 1994 1923 2033 ve-

350 2077 522 2123 terem
556 2069 903 2139 interpretem
939 2070 1236 2125 etiamnum
1277 2079 1492 2125 exstare
1521 2085 1643 2124 cum
1672 2068 1927 2141 Epistola:

347 2160 759 2234 Polycarpianze
807 2162 1007 2231 finem,
1059 2170 1173 2217 tum
1221 2178 1341 2234 qum
1386 2171 1469 2219 est
1521 2162 1783 2217 Barnaba:
1821 2162 1925 2216 itii-

346 2255 506 2311 tium.

447 5610 490 5641 ⁸¹
522 5607 789 5673 Tentzel.,
818 5578 1300 5678 Exercil._se_lect.,
1334 5615 1473 5678 part.
1504 5621 1542 5673 ι,
1576 5607 1785 5678 pallii.
1829 5610 1873 5641 δ’
1906 5609 2164 5678 Basnag.,
2208 5606 2405 5678 Annal.
2439 5607 2587 5678 polit.
2612 5606 2763 5678 ecgl.,
2796 5605 2861 5661 ad
2889 5604 3101 5678 βίῃ-50,
3137 5604 3163 5674 §
3202 5604 3291 5660 57.
3333 5605 3379 5637 ⁸³
3419 5603 3588 5660 Ham-

338 5680 555 5750 mnnd.,
589 5671 814 5732 Dissert.
848 5694 885 5744 ι,
910 5694 1031 5750 cap.
1069 5676 1123 5750 Ἰν,
1148 5676 1205 5747 §§
1226 5671 1372 5750 4,5,
1407 5671 1761 5748 pag.2"2,'23.
1838 5680 1884 5711 ⁸⁵
1915 5680 2068 5747 Fell.,
2089 5671 2418 5750 vprarfatiad
2440 5671 2625 5748 Epist.
2660 5676 2823 5733 Barn.
2903 5677 2950 5708 ”
2982 5671 3169 5744 Ζυιτιιξ,
3205 5678 3400 5749 Opusc.
3421 5691 3587 5741 suam,

342 5761 477 5805 tom.
512 5749 551 5817 Ι,
580 5766 632 5818 p.
662 5750 767 5806 648
798 5766 911 5821 seq.
979 5747 1038 5782 ⁷⁵⁵
1078 5747 1236 5806 Barn.
1265 5748 1461 5819 Epist.,
1486 5747 1604 5821 cap.
1641 5755 1693 5811 5.
1764 5751 1811 5782 ³⁷
1866 5750 1936 5805 ι’]

2037 5790 2054 5806 .
2086 5747 2121 5815 t,
2169 5748 2364 5815 13,13.
