4066 6330
532 317 624 378 tittt

1705 306 1760 359 S.
1807 297 2173 357 BARNABAS
2213 297 2638 354 APOSTOLL’S.

3649 299 3732 352 ιιι

529 437 864 512 lentissimos
909 434 1074 504 hujus
1104 447 1134 487 a
1169 427 1414 484 Barnaba
1451 424 1676 495 prolatae
1705 421 1988 478 sententia:
2019 435 2113 489 pa-
2143 425 2186 480 Α
2217 425 2358 481 rant,
2397 431 2526 470 suas
2571 423 2782 468 tantum
2833 411 3260 481 conjectationes
3307 411 3468 465 nullis
3499 412 3735 468 rationum

531 513 741 594 tronos,
769 527 1054 598 Origcncm
1095 533 1148 578 et
1190 521 1581 590 Hieronymum
1601 557 1616 582 ,
1648 515 1702 569 in
1733 523 1982 584 promptu
2011 511 2108 564 ha-

529 601 746 680 bemus.
773 621 868 674 Ille
897 619 1105 674 scilicet
1141 623 1326 671 contra
1378 611 1597 666 Celsum
1631 607 1936 677 disputans,
1971 603 2106 656 Bar-

531 717 687 771 n‘aha:
714 713 919 769 dictum
950 709 1184 764 fortasse
1221 705 1592 774 arripientem,
1625 715 1734 770 quo
1763 697 1988 766 infames
2013 695 2108 747 Ιιο-

531 809 695 862 mines
723 806 888 876 fuisse
915 799 1202 873 apostolos,
1227 795 1536 867 publicanos
1560 803 1610 847 et
1636 801 1828 846 nautas
1852 787 2110 858 nequissi-

529 917 644 954 mos
687 877 926 963 diceret,
959 895 1076 948 hate
1121 891 1286 946 habet
1301 889 1390 940 ‘3:
1442 886 1509 938 Ti
1550 879 1644 938 οὖν
1677 885 1896 946 ἄτοπον,
1936 878 2112 950 βουλὸ-

537 1009 695 1063 μενον
733 988 1083 1063 παραστῆσαι
1120 983 1199 1054 τῷ
1231 981 1379 1051 γένει
1411 977 1521 1030 τῶν
1563 973 1864 1047 ἀνθρώπων
1893 972 1988 1024 τὸν
2004 973 2109 1040 ’1η-

537 1081 683 1162 ᾲοῦν,
721 1083 988 1154 ὁπηλίκην
1023 1079 1136 1148 ἔχει
1177 1073 1366 1146 ψυχῶν
1415 1069 1686 1142 ἰατρικὴν,
1723 1065 1851 1128 τοὺς
1883 1063 2112 1134 ὲπιῤῥή-

532 1194 660 1248 τους
705 1176 800 1228 καὶ
851 1163 1269 1242 πονηροτάτους
1315 1159 1700 1228 ἐπιλέξασθαι,
1751 1157 1846 1210 καὶ
1890 1153 2114 1216 τούτους

535 1268 868 1341 προαγαγεῖν
909 1263 1001 1316 ἐπὶ
1031 1258 1282 1320 τοσοῦτον
1307 1297 1321 1322 ,
1370 1255 1499 1308 ὥστ’
1542 1253 1738 1313 αὐτοὺς
1772 1246 2115 1317 παράδειγμα

537 1337 676 1414 εἶναι
705 1358 866 1430 ἤθους
896 1351 1282 1430 καθαρωτάτου
1316 1351 1431 1424 τοῖς
1455 1347 1522 1400 δι’
1557 1342 1737 1398 αὐτῶν
1768 1337 2116 1413 προσαγομέ-

537 1435 650 1516 νοις
829 1425 1064 1520 Χοιστοῦ
1115 1442 1464 1512 Εὐαγγελίῳ·
1552 1437 1692 1502 Quid
1740 1449 1860 1504 ergo
1900 1429 2118 1485 absurdi

537 1557 636 1614 est,
671 1547 718 1600 si
751 1543 905 1599 Iesus
947 1541 1217 1596 ostendere
1260 1535 1435 1610 uolens
1477 1533 1706 1586 humano
1741 1525 1939 1598 generi,
1957 1539 2118 1594 quant

537 1612 768 1709 eﬂicacia
800 1636 906 1689 sint
943 1647 1060 1704 qua:
1081 1628 1276 1684 morbis
1307 1626 1606 1679 animarum
1630 1617 1842 1672 adhibet
1861 1612 2115 1677 remedia,

540 1715 764 1801 infames
795 1737 842 1782 et
865 1724 1208 1796 nequissimos
1232 1718 1464 1790 elegerit,
1483 1714 1704 1782 illosque
1717 1726 1775 1764 eo
1798 1705 2118 1778 provexerit,

541 1800 925 1892 utipurissimaz
966 1817 1088 1869 vita:
1133 1811 1428 1880 exemplum
1467 1813 1636 1861 essent
1675 1805 1765 1870 iis,
1815 1800 1904 1870 qui
1938 1812 2120 1853 eorum

541 1891 835 1968 ministerio
874 1911 942 1963 ad
974 1905 1314 1977 Evangelium
1340 1901 1538 1957 Christi
1568 1892 1993 1952 adducerentur?
2023 1891 2120 1945 Vi-

541 1987 645 2064 den
678 2005 983 2074 Origenem,
1017 1999 1192 2052 virum
1237 1995 1389 2050 illum
1419 1994 1581 2062 longe
1626 1988 2034 2052 doctissimum,
2063 1985 2120 2039 in

545 2077 655 2172 quo
679 2107 830 2153 tanta
852 2095 926 2149 vis
959 2090 1180 2163 ingenii,
1211 2099 1320 2166 tqm
1349 2085 1632 2158 profundi,
1668 2093 1776 2155 tant
1805 2080 1944 2134 acris
1965 2087 2122 2146 ,-tant

544 2194 824 2266 elegantis,
870 2199 928 2244 ut
957 2203 1132 2242 omnes
1177 2199 1303 2252 pene
1355 2179 1582 2235 multum
1610 2177 1859 2247 longeque
1901 2188 2122 2243 supera-

546 2258 691 2341 ret.”
769 2263 1080 2356 0rigetiem,
1107 2277 1352 2350 inquam,
1379 2271 1516 2326 nihil
1540 2269 1730 2324 absoni
1761 2258 1888 2320 huic
1907 2273 2124 2320 scntcn-

548 2361 638 2434 tite
665 2378 866 2452 inesse,
897 2371 1033 2427 nihil
1055 2368 1302 2424 Baruaha
1336 2364 1542 2436 indigni
1569 2360 1890 2420 censuisse?

618 2491 804 2561 Neque
835 2486 992 2548 aliter
1020 2483 1076 2540 S.
1123 2481 1507 2550 Hieronymus,
1549 2475 1644 2546 qui
1680 2470 1986 2542 Pelagianis
2023 2468 2126 2524 ob~

544 2586 666 2657 jicit
688 2577 933 2640 eamdem
960 2576 1220 2634 Barnabas
1251 2569 1578 2628 sententiam
1601 2567 1668 2633 ‘°,
1701 2566 1828 2620 licet
1851 2561 2127 2618 memoriae

549 2679 706 2747 lapsu
762 2674 908 2728 illam
966 2667 1174 2740 lgnatio
1224 2663 1450 2734 martyri
1513 2660 1749 2726 tribuat;
1805 2663 2127 2724 tantumque

549 2746 704 2824 abest.
737 2775 796 2821 ut
839 2779 960 2818 eam
995 2760 1078 2814 vel
1131 2757 1322 2812 leviter
1368 2761 1559 2820 notet,
1591 2760 1651 2806 ut
1682 2749 1920 2803 maxime
1961 2746 2126 2800 etiam

549 2861 724 2931 ipsam
763 2873 829 2912 ex
859 2851 1208 2909 Psalmista“
1240 2849 1596 2910 conﬁrmans,
1641 2842 1721 2897 sic
1757 2841 1974 2894 tandem
2007 2853 2128 2908 gra-

551 2953 691 3010 viter
719 2951 902 3006 statim
952 2943 1280 3002 concludat:
1328 2940 1532 3005 Quibus
1579 2933 1889 2990 testimoniis
1936 2932 1982 2985 si
2023 2947 2128 2985 non

551 3041 713 3098 uteris
741 3039 808 3092 ad
838 3035 1231 3098 auctoritatem,
1261 3039 1405 3083 utere
1429 3026 1614 3083 saltem
1639 3025 1708 3078 ad
1737 3023 2126 3094 antiquitatem,

551 3133 678 3204 quid
714 3146 889 3186 omnes
919 3124 1261 3182 ecclesiastici
1285 3122 1386 3176 viri
1415 3119 1692 3174 senserint.
1731 3115 1902 3172 Porro
1932 3115 2132 3169 utrius-

551 3240 660 3298 que
687 3221 998 3278 testimonio
1022 3217 1128 3271 vim
1160 3216 1358 3270 addere
1384 3214 1597 3268 videtur
1622 3212 1678 3265 S.
1701 3210 1940 3266 Joannes
1957 3209 2130 3280 Chry-

554 3325 865 3384 sostomus;
899 3311 1058 3380 cujus
1083 3308 1248 3364 verba
1279 3307 1403 3362 licet
1443 3305 1510 3360 de
1538 3305 1656 3360 solo
1687 3303 1932 3374 apostolo
1959 3301 2130 3356 Paulo

554 3407 869 3470 efferantur,
897 3403 1035 3456 mire
1067 3410 1248 3455 tamen
1283 3398 1349 3452 ad
1398 3405 1635 3452 mentem
1683 3393 1948 3448 Barnabas
1991 3407 2130 3462 qua-

555 3500 738 3564 drare,
773 3511 932 3551 nemo
959 3535 974 3560 ,
1019 3503 1079 3547 ut
1124 3492 1340 3562 opinor,
1385 3489 1511 3544 ierit
1555 3487 1785 3542 inticias.
1825 3483 1916 3541 Sic
1967 3485 2132 3556 igitur

557 3593 648 3648 iile
672 3592 716 3624 "
744 3609 757 3645 :
790 3590 888 3641 Ἂν
917 3585 1093 3640 τοίνυν
1125 3583 1262 3656 λέγῃ
1290 3600 1374 3646 τις
1394 3623 1407 3648 ,
1443 3581 1524 3634 ὅτι
1559 3581 1724 3634 πᾶσιν
1769 3579 1985 3647 ἀφεῖναι
2005 3575 2130 3647 βού-

555 3681 706 3734 λεται
737 3680 765 3732 ὁ
791 3676 1060 3748 βασιλεὺς,
1092 3675 1189 3745 οὐχ
1213 3671 1354 3726 οὕτω
1381 3669 1726 3724 πιστεύσουσι
1751 3670 1827 3735 τῷ
1851 3667 2010 3739 λόγῳ,
2029 3667 2134 3732 ἕως

555 3775 622 3828 ἂν
647 3769 796 3826 ἴδωσι
829 3769 920 3824 τὸν
945 3767 1160 3822 πάντων
1180 3764 1508 3834 φαυλότερον
1531 3760 1710 3815 αὐτῶν
1732 3759 1919 3812 τούτου
1945 3758 2135 3828 τυχόν-

554 3883 658 3920 τα·
692 3866 792 3920 οὐκ
833 3864 948 3917 ἐστι
985 3861 1094 3933 γὰρ
1141 3859 1326 3912 λοιπὸν
1359 3853 1787 3926 ἀμφισϐήτησις.
1825 3850 1994 3905 Τοῦτο
2039 3849 2134 3904 καὶ

557 3941 768 4031 Παῦλός
805 3939 988 4032 (metu,
1023 3954 1105 4007 ὅτι
1145 3950 1465 4022 βουλόμενος
1504 3947 1532 3999 ὁ
1561 3947 1694 4009 Θεὸς
1723 3944 2135 4017 πληροφορῆσαι

555 4051 682 4120 τοὺς
713 4048 1063 4121 ἀνθρώπους,
1086 4046 1167 4098 ὅτι
1201 4043 1378 4097 πάντα
1415 4041 1600 4102 αὐτοῖς
1627 4037 1841 4110 ἀφίησι,
1873 4036 1964 4091 τὸν
1998 4036 2136 4089 πάν-

555 4163 663 4200 των
707 4140 1156 4215 ἁμαρτωλὸτερον
1214 4136 1405 4189 εἵλετο.
1491 4131 1550 4187 Si
1595 4133 1714 4202 quis
1763 4145 1885 4201 ergo
1938 4129 2136 4182 dixerit

558 4235 686 4288 telle
715 4249 884 4304 regem
911 4229 1149 4284 omnibus
1173 4227 1378 4280 veniam
1397 4224 1546 4286 dare,
1569 4239 1675 4277 non
1707 4231 1815 4275 tam
1839 4220 1998 4290 facile
2017 4235 2135 4274 cre-

557 4327 703 4390 dent,
733 4325 896 4377 donec
935 4320 1160 4376 uiderint
1191 4317 1425 4370 omnium
1449 4313 1898 4384 improbissimum
1933 4312 2136 4365 ueniant

559 4397 938 4471 consecutum:
972 4411 1121 4466 nulla
1164 4409 1305 4464 enim
1341 4417 1522 4478 postea
1557 4404 1826 4460 dubitatio
1857 4407 2131 4474 supererit.

563 4505 678 4558 Hoc
703 4514 752 4557 et
791 4501 996 4556 Paulus
1025 4501 1156 4554 dicit
1181 4514 1199 4554 :
1222 4495 1362 4568 quod
1391 4511 1571 4564 nempe
1591 4494 1765 4548 volens
1789 4493 1932 4548 Deus
1963 4493 2138 4546 homi-

563 4603 649 4646 nes
682 4591 928 4643 certiores
951 4589 1144 4658 facere,
1175 4585 1313 4657 quod
1348 4586 1530 4639 omnia
1567 4583 1678 4637 illis
1710 4584 1986 4650 condonet,
2015 4601 2134 4637 eum

567 4685 650 4754 γαί
677 4682 796 4749 plus
829 4697 988 4751 quam
1012 4695 1189 4733 omnes
1212 4687 1425 4748 peccato
1461 4675 1718 4731 obnoxius
1747 4683 1885 4742 erat,
1917 4674 2131 4746 delegit.

583 4761 592 4777 ί
635 4775 837 4829 Verum
858 4771 925 4826 ad
948 4771 1052 4826 alia
1077 4779 1456 4841 properantes,
1483 4785 1646 4823 unum
1669 4767 1848 4822 adhuc
1871 4765 2135 4836 objectio-

564 4883 686 4942 nem
719 4845 956 4938 brat-iter
985 4863 1199 4938 solvere
1227 4869 1414 4915 nostra
1445 4861 1694 4925 interest,
1733 4873 1843 4928 qua
1873 4858 2134 4912 nimirum

563 4949 842 5028 impetitur
871 4955 1038 5024 hujus
1065 4951 1322 5032 Epistula:
1351 4951 1658 5022 integritas.
1703 4947 1993 5014 Nonnullis
2031 4948 2136 5002 ita-

563 5033 672 5124 que
693 5033 824 5104 viris
842 5045 1072 5118 eruditis.
1094 5037 1506 5122 monumentum
1533 5041 1677 5098 istud
1699 5041 2136 5098 vetustissimum

564 5145 650 5200 vel
675 5143 948 5215 plerisque
981 5136 1335 5210 insitionibus
1359 5135 1644 5199 infectum,
1687 5135 1770 5190 vel
1793 5134 1981 5190 otiosis
2005 5133 2138 5189 laci-

567 5240 675 5296 niis
705 5227 925 5294 aliunde
959 5235 1150 5292 ascitis
1173 5234 1468 5288 adauctum
1499 5231 1736 5286 videtur.
1771 5230 1830 5285 Si
1863 5241 2046 5286 autem
2070 5229 2140 5284 ab

569 5332 766 5414 iisdem
802 5343 1018 5410 quaeras
1045 5342 1145 5408 cur
1177 5323 1397 5380 demum
1423 5321 1736 5400 istiusmodi
1758 5320 2029 5391 judicium
2060 5317 2140 5374 fe-

642 5509 687 5540 ⁸⁸
717 5505 963 5576 Origen.,
994 5513 1133 5557 cont.
1170 5501 1441 5576 Cels.,lih_.
1463 5517 1499 5563 I,
1528 5491 1676 5570 §65.'
1706 5501 1751 5576 δῖ
1779 5497 1936 5576 Ϋλίιιοἶ
1975 5496 2148 5576 _Lir_i_n.

755 5554 970 5632 ‘l‘Tl’vs-al'.
1156 5554 1252 5626 ἐξ
1289 5554 1334 5603 θί
1383 5554 1708 5642 (ὶιιιίίέοειέι
1730 5554 1884 5642 hom.
1911 5569 2028 5642 {in
2055 5554 2277 5642 Epist_._l
2313 5563 2385 5642 ad
2413 5554 2572 5641 Τίῂιι,
2732 5555 2869 5626 Opp.
2903 5566 3033 5642 ιοιξξ-
3191 5570 3294 5642 ΡᾸιΕ

507 5639 520 5648 κ
569 5577 676 5650 §2.
755 5579 797 5608 “‘
827 5577 970 5632 Psal.
1023 5591 1128 5638 xv.
1156 5577 1208 5626 4.
1289 5577 1333 5603 δ’
1383 5577 1691 5642 Chrysost.,
1731 5577 1742 5624 l

572 5650 752 5711 Alex,
781 5647 977 5701 Strom.
1029 5645 1124 5700 lit).
1153 5660 1212 5707 ιι,
1247 5657 1369 5711 cap.
1417 5641 1504 5706 18,
1531 5658 1584 5712 p.
1618 5641 1742 5695 472.

573 5731 628 5772 et
653 5710 746 5770 lib.
779 5725 800 5770 ι’
833 5716 1088 5784 lz'xplan.,
1121 5717 1174 5767 in
1207 5710 1380 5780 Epist.
1411 5710 1702 5784 adAllom”
1737 5710 1889 5784 17,724.

581 5788 810 5843 ιλιι-1131).
849 5787 1044 5857 Epist.,
1083 5801 1202 5854 cap.
1241 5785 1326 5838 18.

1848 5639 1895 5670 ⁸⁸
1923 5637 2119 5708 Origen

1848 5710 1889 5766 ι.
1971 5709 2014 5741 ⁶⁵
2044 5709 2122 5762 Do

2217 5637 2337 5706 Περὶ
2358 5637 2560 5702 ἀρχῶν,
2594 5637 2686 5683 ιιι).
2724 5643 2806 5692 ιιι,
2831 5643 2951 5697 cap.
2983 5637 3038 5688 2,
3071 5637 3176 5696 54,
3207 5637 3342 5695 Upp.
3367 5637 3558 5694 ιοῐῃει,
3585 5637 3633 5684 p.
3661 5637 3760 5662 ιον.

2218 5745 2255 5770 .,
2296 5705 2514 5758 Dissert.
2553 5716 2568 5753 ι
2629 5703 2682 5758 in
2721 5697 2945 5770 lren.,§
2990 5699 3078 5770 5i,
3110 5713 3164 5770 p.
3199 5695 3288 5750 56.
3329 5694 3409 5768 ﬂ“
3435 5675 3562 5746 ἰιέιι.
3585 5674 3760 5750 achad

1407 5785 1448 5814 ⁵⁷
1478 5773 1700 5851 Euseb.,
1739 5783 1882 5838 Hist.
1913 5779 2065 5849 eccl.,
2091 5779 2186 5836 lib.
2217 5793 2300 5845 tn,
2327 5789 2445 5846 cap.
2478 5773 2570 5828 25.

2209 507 2506 561 momentis
2559 505 2779 560 innixus
2829 505 2926 560 tibi
2957 503 3277 560 obtrudunt.
3313 502 3371 556 In
3418 503 3594 572 primis
3630 523 3738 560 vero

2209 597 2564 666 posteriorem
2601 594 2858 666 Epistolce
2891 605 3097 665 partem
3122 596 3519 666 parseneticam,
3543 609 3740 666 quatuor

2211 687 2507 756 postremis
2547 687 2819 756 capitibus
2855 685 3016 739 18-21
3053 695 3429 752 constantem,
3459 687 3602 756 plane
3634 691 3741 744 sub—

2208 775 2440 830 dititium
2489 790 2612 830 esse
2663 776 3019 830 contendunt.
3072 774 3304 846 Jamque
3347 776 3742 847 interpolamenti

2211 870 2612 939 suspicionem,
2645 884 2676 922 a
2703 868 2909 924 coactis
2939 867 3216 940 allegoriis
3253 869 3486 939 aliisque
3513 870 3744 940 capitibus

2211 963 2454 1033 petitam,
2491 961 2655 1016 modo
2707 963 2842 1018 satis
2873 962 3138 1016 diluimus
3167 979 3180 1015 :
3218 978 3365 1018 nunc
3391 979 3516 1018 vero
3549 965 3610 1018 ad
3639 965 3746 1019 illud

2211 1053 2548 1122 pt'azcipuum
2592 1053 2660 1108 de
2689 1054 3058 1109 additamenta
3086 1053 3234 1124 quod
3277 1054 3551 1124 objicitur,
3577 1056 3748 1124 stylum

2213 1145 2612 1198 comet-timus.
2637 1143 2750 1200 Nec
2773 1145 2958 1198 multis
2987 1145 3208 1216 quidem
3233 1160 3393 1216 opus,
3426 1161 3527 1216 qua
3553 1148 3749 1201 evanida

2211 1237 2497 1292 evincatur
2523 1237 2904 1308 interpellatio.
2933 1240 3187 1294 Clemens
3209 1256 3448 1310 namque
3469 1241 3752 1296 Alexandri-

2215 1345 2318 1385 nus
2341 1331 2522 1386 locum
2547 1331 2741 1387 recitat
2763 1347 2827 1386 ex
2863 1331 3116 1401 Epistolas
3145 1341 3348 1388 nostra:
3371 1332 3544 1402 capite
3569 1333 3751 1396 ultimo,

2216 1421 2555 1492 descriptum
2621 1423 2772 1478 hisce
2813 1423 2994 1479 verbis
3013 1425 3057 1459 ⁸³
3097 1443 3108 1478 :
3163 1423 3382 1496 Ἀμέλει
3443 1423 3695 1494 μυστικῶς
3729 1427 3755 1476 ὁ

2215 1513 2516 1585 Βαρνάϐας·
2569 1517 2620 1568 Ὁ
2649 1515 2718 1568 δὲ
2747 1517 2892 1584 Θεὸς
2925 1521 2958 1572 ό
2999 1517 3104 1572 τοῦ
3137 1517 3365 1583 παντὸς
3411 1517 3630 1584 κόσμου
3671 1536 3755 1572 κυ-

2209 1602 2427 1671 ριεύων
2448 1645 2462 1671 ,
2499 1621 2654 1676 φησι,
2693 1605 2812 1673 δῴη
2839 1605 2982 1674 ὑμῖν·
3015 1608 3239 1676 σοφίαν
3259 1649 3274 1674 ,
3301 1625 3356 1661 κ.
3387 1625 3440 1661 τ.
3472 1608 3520 1662 λ.
3569 1607 3756 1676 Mystice

2217 1696 2449 1767 profecto
2470 1696 2744 1751 Barnabas
2765 1713 2784 1750 :
2819 1718 2836 1750 ι
2861 1698 3000 1752 Deus
3025 1701 3115 1766 qui
3141 1701 3382 1754 universo
3401 1699 3585 1754 mundo
3613 1699 3757 1752 donti-

2220 1799 2403 1852 natur,
2441 1789 2644 1858 inquit,
2667 1789 2751 1842 det
2795 1790 2934 1844 vobis
2965 1793 3306 1858 sapientium,
3350 1813 3370 1844 ι
3401 1803 3504 1848 etc.
3533 1792 3757 1862 Origenes

2219 1879 2346 1934 item
2372 1881 2555 1934 verbis
2585 1880 2987 1948 disertissimis,
3019 1890 3074 1936 et
3114 1883 3338 1952 quidem
3372 1883 3578 1938 duobus
3606 1884 3654 1936 in
3691 1883 3757 1938 lo-

2219 1972 2300 2028 cis
2337 1971 2404 2039 “,
2435 1971 2698 2028 Barnaba:
2737 1977 3062 2028 sententiam
3094 1974 3282 2030 laudat
3339 1975 3404 2030 de
3443 1975 3638 2030 duabus
3661 1976 3757 2040 riis,

2218 2080 2342 2135 qua:
2369 2065 2424 2118 in
2465 2065 2585 2134 ejus
2625 2063 2883 2135 Epistula:
2929 2065 3106 2136 capite
3154 2066 3220 2121 18
3263 2069 3500 2122 occurrit
3543 2085 3554 2120 :
3589 2067 3760 2121 Eadem

2217 2171 2439 2227 quoque,
2473 2155 2685 2226 inquit,
2725 2155 3002 2226 Barnabas
3031 2157 3088 2210 in
3135 2155 3382 2226 Epistula
3411 2174 3506 2211 sua
3527 2158 3759 2224 declarat,

2219 2267 2336 2304 cum
2358 2252 2492 2304 duas
2527 2251 2636 2304 vias
2671 2266 2782 2304 esse
2819 2251 2973 2316 dicit,
2997 2266 3158 2302 unam
3183 2250 3320 2303 lucis
3343 2291 3360 2318 ,
3400 2250 3614 2304 alteram
3647 2259 3762 2304 tener

2220 2342 2460 2408 brarum,
2480 2341 2668 2412 quibus
2711 2350 2759 2394 et
2781 2357 3003 2410 praeesse
3033 2349 3199 2394 certos
3226 2357 3458 2410 quosque
3481 2340 3675 2410 angelos
3695 2341 3762 2392 di-

2221 2435 2313 2487 cit.
2355 2431 2444 2488 Sic
2471 2443 2526 2487 et
2554 2430 2611 2486 S.
2647 2429 3013 2502 Hieronymus
3047 2432 3099 2486 in
3125 2432 3269 2486 libro
3295 2448 3483 2502 quem,
3508 2431 3758 2486 Philonem

2220 2539 2273 2581 ot
2302 2527 2584 2594 Origenem
2616 2525 2881 2592 imitatus,
2910 2523 2984 2579 De
3009 2526 3282 2578 nominum
3317 2524 3678 2579 Hebraicorum
3697 2527 3764 2578 ἕη-

2223 2619 2596 2688 terpretatione
2625 2616 2959 2686 composuit,
2987 2616 3126 2670 inter
3149 2613 3417 2672 chraica
3444 2615 3652 2670 nomina
3665 2631 3763 2685 qui:

2224 2711 2276 2764 in
2305 2709 2566 2764 Barnabas
2587 2707 2828 2778 Epistola
2860 2717 3097 2775 exstant,
3121 2723 3314 2762 vocem
3344 2708 3510 2762 Satan
3532 2716 3761 2772 recenset,

2223 2817 2347 2872 quae
2384 2817 2516 2856 sane
2565 2816 2673 2854 non
2721 2800 2848 2855 alibi
2895 2813 3060 2870 quam
3111 2799 3164 2853 in
3209 2799 3392 2870 capite
3443 2799 3506 2854 18
3551 2798 3761 2869 ejusdem

2225 2891 2482 2970 Epistula:
2513 2893 2778 2948 occurrit.
2821 2889 2960 2946 Cum
2991 2891 3176 2961 itaque
3207 2890 3324 2959 jam
3359 2891 3484 2945 inde
3524 2905 3554 2944 a
3582 2889 3765 2946 saeculis

2225 3002 2285 3046 ιι.
2311 3002 2372 3039 ιιι
2397 2995 2449 3040 et
2479 3001 2528 3038 tv
2583 2985 2806 3038 Patrum
2853 2983 3212 3038 vetustissimi
3236 3025 3251 3050 ,
3282 2983 3534 3038 Clemens
3559 2981 3762 3034 Alexan-

2227 3077 2440 3143 dt‘inus,
2472 3077 2730 3146 Origenes
2760 3085 2923 3146 atque
2954 3074 3351 3146 Hieronymus,
3391 3075 3572 3130 eadem
3606 3087 3662 3126 ac
3685 3085 3767 3124 nos

2157 3188 2203 3250 α
2229 3171 2524 3244 etiamnum
2566 3169 2620 3223 in
2657 3168 2920 3222 Barnabae
2947 3167 3188 3238 Epistula
3221 3167 3580 3238 per-legerint;
3606 3165 3767 3217 innue-

2227 3261 2332 3315 rito
2373 3259 2652 3332 enimvero
2698 3256 3057 3328 posteriorem
3089 3255 3340 3326 ejusdem
3377 3263 3578 3326 partem
3607 3249 3768 3305 subse—

2228 3351 2728 3422 cutistemporibus
2758 3348 2927 3403 fuisse
2969 3347 3374 3418 superadditam
3399 3387 3414 3413 ,
3447 3341 3676 3398 nonnulli
3697 3355 3768 3391 rc-

2227 3435 2526 3499 centiores‘
2551 3441 2922 3512 suspicantur.
2970 3437 3108 3493 Hinc
3139 3452 3266 3492 vero
3301 3437 3526 3506 ipsemet
3566 3429 3768 3487 Dodwol-

2140 3563 2148 3571 -
2228 3535 2313 3592 lus
2333 3537 2382 3572 “
2413 3544 2655 3589 veterum
2699 3533 3022 3588 auctoritate
3069 3539 3378 3600 permotus,
3407 3536 3635 3598 quatuor
3675 3523 3770 3576 lau—

2231 3629 2357 3684 data
2389 3635 2664 3698 postrema
2707 3625 2882 3695 capita
2913 3623 3177 3678 Barnabas
3209 3620 3528 3691 abjudicare
3555 3633 3654 3671 nou
3689 3629 3768 3668 au-

2230 3721 2354 3786 det,
2399 3719 2526 3773 licet
2556 3733 2619 3771 ea
2657 3733 2756 3788 pro
2805 3715 3048 3785 ejusdem
3094 3713 3358 3767 Barnabae
3385 3711 3565 3781 διδαχῇ
3611 3703 3768 3762 haberi

2231 3828 2397 3884 posse
2423 3811 2699 3882 conjiciat.
2737 3809 2842 3864 Sed
2871 3819 2988 3864 esto
3017 3824 3030 3860 :
3068 3807 3289 3879 διδαχῆς
3313 3807 3527 3863 titulum
3553 3803 3771 3871 aliquan-

2231 3907 2304 3963 do
2333 3922 2444 3976 prae
2481 3919 2541 3960 se
2567 3903 2791 3958 tulerint
2828 3902 2964 3968 ista;
2991 3915 3120 3954 num
3148 3897 3271 3964 ideo
3307 3899 3576 3968 sequioris
3603 3905 3770 3948 manus

2237 4005 2610 4053 sssumentum
2641 4009 2763 4048 esse
2795 3992 2920 4062 jure
2955 3990 3081 4061 quis
3111 3985 3358 4043 dixerit?
3387 4007 3405 4039 ε
3435 3985 3772 4046 Nimirum,ut

2241 4089 2415 4144 verbis
2449 4097 2571 4142 utar
2601 4085 2669 4141 cl.
2713 4083 2927 4148 Falli“,
2957 4084 3012 4135 in
3062 4081 3254 4151 primis
3297 4080 3510 4152 steculis
3535 4072 3767 4134 nonnulli,

2238 4191 2296 4237 ut
2321 4181 2586 4236 adversus
2622 4179 2858 4232 haneses
2887 4173 3306 4245 prmscriberent
3349 4182 3442 4226 aut
3475 4168 3658 4240 placita
3688 4179 3770 4218 sua

2236 4270 2719 4335 commendarent,
2769 4267 3021 4337 dogmata
3074 4265 3501 4334 apostolicorum
3557 4261 3768 4312 virorum

2237 4365 2454 4434 scriptis
2483 4360 2836 4424 mandarunt,
2863 4367 2918 4412 et
2945 4358 3164 4412 illorum
3197 4356 3421 4428 διδαχὰς
3444 4353 3768 4424 appellavere.

2240 4456 2411 4526 Hujus
2440 4453 2655 4526 generis
2695 4453 2910 4507 videtur
2943 4449 3115 4504 fuisse
3143 4449 3281 4503 liber
3303 4463 3465 4518 quem
3499 4445 3770 4499 memorant

2167 4527 2212 4581 D
2240 4549 2508 4606 Eusebius
2525 4547 2568 4578 "
2595 4555 2648 4602 ct
2693 4543 3027 4599 Athanasius
3051 4544 3118 4607 ⁸⁸,
3149 4542 3307 4611 cujus
3329 4539 3615 4611 epigraphe
3631 4539 3767 4590 erat:

2245 4645 2347 4698 τῶν
2380 4639 2692 4696 ἀποστόλων
2724 4637 2952 4707 διδαχαί.
2990 4634 3094 4689 Sed
3119 4643 3476 4704 praeterquam
3513 4625 3649 4698 quod
3687 4637 3770 4676 nu-

2243 4749 2429 4790 merus
2445 4744 2729 4794 versuum,
2754 4728 2807 4780 in
2839 4724 3244 4780 Stichometriis
3260 4714 3642 4790 antiquissimis
3665 4709 3770 4764 huic

2245 4825 2497 4897 Epistulae
2543 4821 2875 4892 assignatus,
2928 4817 3123 4871 suadet
3168 4815 3311 4869 hanc
3347 4810 3694 4867 accessionem
3717 4801 3768 4854 ad

2243 4918 2362 4987 ejus
2393 4914 2592 4970 molem
2629 4911 2856 4966 omnino
2883 4907 3187 4962 desiderari
3217 4924 3232 4972 ;
3271 4907 3476 4976 pariter
3505 4915 3533 4954 a
3559 4898 3752 4953 Clemcn

2245 5015 2294 5062 te
2317 5004 2686 5060 Alexandrino
2717 5009 2772 5056 et.
2800 4999 3050 5070 Origene,
3075 5014 3176 5053 nec
3205 5011 3313 5052 non
3345 5003 3566 5050 auctore
3591 4982 3773 5050 Consti-

2247 5099 2515 5155 tutionum
2542 5097 2815 5161 laudatur,
2856 5107 2922 5146 ac
2955 5092 3072 5146 alia:
3101 5100 3285 5162 partes
3319 5089 3483 5158 hujus
3529 5077 3768 5154 Epistulae-

2247 5193 2312 5248 Et
2340 5193 2386 5248 si
2415 5191 2468 5244 in
2511 5189 2716 5244 Latinis
2752 5186 3152 5256 exemplaribus
3181 5169 3476 5239 desiderari
3501 5221 3516 5246 ,
3549 5178 3768 5232 idoneum

2247 5288 2320 5345 sit
2357 5295 2734 5356 argumentum
2769 5280 2914 5336 unde
2949 5279 3148 5335 conticl
3183 5277 3390 5348 possit,
3421 5268 3668 5345 quidquid
3705 5263 3769 5320 sic

2157 5536 2172 5560 ,
2199 5493 2498 5556 Commou.,
2530 5485 2767 5560 capuli.
2811 5486 2854 5518 ⁶⁰
2894 5467 3138 5560 Hieroni.
3167 5483 3266 5537 lib.
3313 5468 3762 5560 iuberentrLPlffttgo

3299 5593 3313 5608 .
3352 5545 3482 5607 569.}
3548 5545 3590 5576 “
3616 5541 3762 5608 δίεπ’·

2201 5607 2572 5706 hanno:
2594 5607 2708 5706 fit?
2724 5607 3045 5706 altera
3071 5627 3098 5696 ἑ
3121 5607 3176 5688 έν
3193 5607 3342 5706 ’ριῖρο
3366 5615 3558 5706 ξε)πὲ
3585 5607 3762 5706 9:..“3:

2649 5771 2692 5810 63
2719 5769 2918 5826 Athan.
2945 5769 3103 5839 epist.
3132 5769 3219 5825 59-
