4066 6330
306 247 415 305 695

1644 247 2170 305 PROLEGOMENA.

3434 254 3536 312 694

308 362 567 436 μειοῦρον
600 373 704 432 est,
744 364 1039 436 genuinum
1082 383 1189 423 non
1234 381 1354 423 esse
1400 367 1699 438 scriptum;
1731 367 1870 437 peri-
1900 371 1946 426 A
1975 369 2209 423 maxime
2232 368 2392 423 etiam
2444 369 2688 426 eamdem
2743 371 2965 443 insuper
2994 371 3249 429 habeam.
3301 372 3367 428 Et
3412 376 3537 445 jure

304 454 585 510 clitabitur
611 456 809 526 prioris
834 456 1090 527 Epistolae
1130 459 1298 528 partis
1345 457 1499 524 tides,
1532 457 1872 527 quandoqui-

303 547 444 600 dem-
466 546 650 603 Grtece
695 564 803 603 non
849 559 1179 620 compareat.
1220 549 1634 605 Conc.usionem
1663 564 1785 619 quae
1815 550 1867 601 in

303 636 517 692 Latinis
560 640 964 710 exemplaribus
997 640 1278 696 hodiernis
1307 650 1603 710 comparet,
1634 640 1868 693 librariis

301 726 490 781 deberi
521 727 754 782 libenter
783 729 1147 785 concesserim
1174 747 1189 798 ;
1225 729 1494 799 siquidem
1526 729 1564 783 ii
1601 730 1869 783 istiusmo-

300 816 362 871 di
401 817 623 888 epilogis
654 818 822 873 libros
856 834 886 873 a
915 833 973 874 se
1004 820 1341 890 conscriptos
1376 820 1503 874 alibi
1544 820 1747 889 passim
1781 835 1870 872 or-

297 918 528 965 narnnt.
578 908 684 966 Sed
736 919 789 965 et
840 911 1045 966 iterata:
1073 912 1385 982 scriptionis
1425 924 1547 982 post
1571 913 1866 966 solemnem

292 1001 721 1056 valedictionem
751 1017 860 1056 non
892 1001 1089 1057 desunt
1110 1002 1375 1072 exempla.
1410 1001 1499 1056 Sic
1529 1001 1699 1071 Epist.
1734 999 1773 1051 ll
1803 999 1868 1053 ad

297 1094 690 1159 Timotheum,
715 1103 837 1164 post
882 1094 1259 1164 doxologiam,
1297 1095 1542 1164 quaedam
1590 1103 1868 1163 resumpto

294 1190 516 1242 calamo
546 1186 961 1251 subnectuntur,
1000 1196 1058 1240 ut
1089 1187 1195 1241 alia
1229 1186 1349 1257 ejus
1394 1186 1605 1257 generis
1650 1192 1869 1253 praetcr-

294 1292 445 1332 eam.
476 1298 494 1331 ι
525 1276 649 1333 llaec
674 1278 781 1333 ille.

375 1371 456 1426 Ad
508 1371 748 1441 reliquas
791 1370 1011 1426 levioris
1039 1372 1299 1427 momenti
1337 1369 1681 1426 diﬂicultates
1721 1370 1866 1440 quod

295 1461 519 1525 attinet,
567 1460 686 1515 illas
711 1460 847 1515 mira
892 1476 1024 1516 sane
1054 1461 1375 1516 dexteritate
1404 1459 1657 1515 dissolvit
1696 1458 1867 1528 Pape-

294 1553 563 1607 brochius
588 1554 671 1606 vir
700 1553 1051 1608 doctissimus
1075 1553 1140 1620 θ’),
1169 1569 1329 1623 quem
1365 1553 1589 1623 proinde
1611 1552 1867 1607 consule-

297 1659 362 1699 re
394 1654 635 1714 praestat.
668 1642 775 1699 Eas
806 1644 956 1711 item,
994 1654 1055 1699 ut
1095 1646 1327 1715 tempori
1368 1660 1609 1715 parcam,
1642 1655 1859 1713 praeter-

296 1737 461 1791 mitto
493 1752 614 1806 quae
649 1752 679 1791 a
726 1735 942 1807 Moynio
985 1737 1220 1806 primum
1282 1737 1551 1802 excitatae,

295 1830 602 1897 Tentzelio,
647 1829 914 1901 Basnagio
961 1832 1195 1901 aliisque
1244 1831 1560 1885 instaurata“:
1612 1829 1861 1895 fuerunt;

294 1936 366 1976 eo
407 1921 490 1976 vel
522 1921 758 1976 maxime
779 1921 924 1991 quod
949 1921 1266 1993 Moynianas
1297 1921 1665 1991 perstringens
1696 1920 1864 1990 potis-

294 2015 503 2069 simum
528 2014 597 2069 cl.
630 2013 894 2070 Nourrius
916 2016 987 2082 ⁷⁰,
1017 2016 1151 2071 alias
1179 2029 1398 2086 quoque
1429 2015 1653 2071 diluisse
1684 2014 1864 2069 videa-

294 2116 413 2160 tur.
453 2106 746 2170 Caeterum,
779 2106 924 2176 quod
946 2106 1197 2161 laudatus
1238 2105 1642 2174 Papebrochius
1673 2120 1737 2158 ex
1764 2107 1862 2158 hu-

287 2196 387 2265 jus
418 2195 670 2265 Epistolas
724 2196 897 2265 capite
927 2196 996 2251 15
1042 2196 1357 2266 conjecerit,
1417 2196 1565 2249 illam
1618 2193 1760 2250 forte
1792 2196 1859 2249 ab

292 2286 483 2355 aliquo
510 2285 899 2341 Chiliastarum
929 2276 1053 2356 post
1076 2302 1278 2341 annum
1314 2287 1384 2342 97
1431 2285 1599 2342 fuisse
1624 2288 1861 2357 perscri-

294 2384 447 2445 ptam
469 2394 483 2441 ;
508 2392 573 2431 ex
601 2391 663 2431 ea
694 2375 912 2446 quidem
961 2378 1273 2447 suspicione
1306 2376 1484 2446 ipsum
1529 2377 1862 2431 exemissent

296 2467 594 2525 Menardus
611 2470 663 2523 in
680 2469 874 2538 primis
904 2479 956 2524 et
983 2468 1310 2536 Cotelerius,
1333 2484 1565 2539 quorum
1597 2470 1859 2525 editiones

295 2560 486 2616 videre
507 2560 611 2616 sibi
643 2560 788 2616 haud
810 2560 1103 2631 contigisse
1146 2568 1397 2616 testatur.

909 2675 1136 2731 CAPUT
1166 2675 1252 2731 lll.

502 2766 618 2831 Quo
651 2776 878 2837 tempore
908 2769 1105 2837 scripta
1132 2769 1315 2838 fuerit,
1351 2768 1656 2839 inquiritur.

371 2857 479 2913 Sed
511 2860 723 2913 tandem
754 2859 821 2913 ad
844 2866 1058 2928 tempus
1095 2860 1475 2929 inquirendum
1514 2860 1855 2925 accedamus,

294 2968 412 3024 quo
444 2952 682 3022 Epistola
707 2952 825 3021 ipsa
850 2960 1072 3006 exarata
1096 2950 1267 3008 fuisse
1290 2953 1653 3007 existimatur.
1689 2950 1860 3006 Nimi-

293 3062 449 3111 rum,
493 3053 550 3098 ut
578 3044 778 3114 optime
800 3042 998 3098 Millius
1021 3044 1088 3109 7‘,
1125 3043 1286 3112 paulo
1328 3052 1452 3112 post
1493 3058 1695 3097 annum
1741 3028 1860 3097 aerre

292 3137 539 3207 vulgaris
566 3136 651 3203 70,
682 3136 796 3190 sive
825 3150 948 3189 cum
988 3135 1101 3205 jam
1147 3149 1338 3189 recens
1370 3133 1561 3188 fuisset
1609 3148 1856 3189 eversum

293 3231 584 3299 templum,
617 3229 898 3298 deletaque
943 3229 1076 3283 urbs
1123 3225 1633 3297 llierosolymitana.
1691 3225 1757 3280 Et
1807 3227 1858 3280 id

290 3325 519 3394 quidem
545 3340 613 3376 ex
641 3324 827 3377 eadem
877 3321 1117 3391 Epistola
1167 3321 1301 3375 satis
1346 3320 1535 3389 liquet.
1587 3318 1677 3373 Sic
1710 3320 1853 3373 enim

292 3418 373 3472 ibi
398 3418 441 3453 7’
462 3435 477 3473 :
498 3417 677 3489 Πέρας
707 3414 837 3484 γοῦν
870 3415 1027 3467 πάλιν
1056 3414 1218 3481 λέγει’
1249 3432 1266 3464 ι
1306 3413 1434 3465 Ἰδοὺ
1467 3413 1513 3465 οἱ
1532 3411 1845 3477 καθελόντες

291 3510 390 3564 τὸν
408 3510 531 3563 ναὸν
554 3508 759 3572 τοῦτον,
774 3506 925 3560 αὐτοὶ
943 3505 1100 3560 αὐτὸν
1121 3504 1293 3558 οἰκοδο
1301 3505 1370 3574 μή
1379 3521 1469 3555 σου
1479 3520 1547 3555 σι.
1565 3504 1857 3555 ΓΙΝΕΤΑΙ.

292 3603 400 3655 Διὰ
439 3602 547 3671 γὰρ
600 3600 660 3654 τὸ
714 3600 968 3670 πολεμεῖν
1012 3599 1225 3662 αὐτοὺς,
1270 3595 1544 3669 καθῃρέθη
1590 3596 1693 3649 ὑπὸ
1752 3594 1861 3648 τῶν

292 3692 508 3764 ἐχθρῶν
536 3693 701 3745 ΝΥΝ.
751 3711 768 3743 ι
815 3690 880 3743 Ει
938 3691 1147 3743 tandem
1191 3706 1373 3742 rursus
1428 3690 1504 3741 ait
1533 3689 1579 3719 ⁷³
1614 3704 1631 3741 :
1666 3707 1684 3738 ι
1728 3687 1860 3741 Ecce

292 3787 390 3855 qui
414 3785 783 3838 destruxerunt
809 3783 1056 3852 templum
1083 3783 1199 3845 hoc,
1220 3781 1322 3849 ipsi
1349 3780 1482 3833 illud
1500 3779 1859 3849 wdiﬁcubunt.

296 3875 472 3945 quue
518 3891 733 3928 nvemr.
784 3872 926 3927 Nam
956 3875 1083 3944 quia
1136 3874 1328 3928 bellum
1372 3884 1577 3944 gerunt,
1616 3891 1748 3929 NUNC
1795 3874 1859 3927 ab

293 3968 538 4020 hostibus
586 3967 909 4019 destructum
960 3974 1058 4019 est.
1105 3984 1124 4017 ›
1161 3963 1234 4018 lla
1267 3966 1409 4019 enim
1443 3981 1566 4020 cum
1612 3965 1759 4020 Fello
1808 3976 1862 4020 et

293 4058 571 4113 Cotelerio
622 4058 674 4111 in
706 4057 850 4112 edito
888 4056 1303 4127 distinguendus
1345 4057 1434 4112 hic
1483 4058 1657 4125 locus,
1691 4060 1862 4113 recla-

294 4158 486 4204 mante
516 4150 641 4204 licet
672 4146 946 4213 Mcnardo,
984 4148 1077 4218 qui
1125 4147 1187 4202 τὸ
1227 4148 1343 4202 νῦν
1386 4149 1524 4204 male
1574 4149 1728 4221 jungi
1758 4166 1861 4205 no-

296 4241 437 4295 mini
491 4239 717 4308 ὲχθρῶν
742 4239 1079 4294 autumabat.

370 4331 524 4386 llaud
578 4331 830 4400 equidem
876 4332 1088 4400 ignoro,
1132 4330 1410 4403 Moynium
1450 4333 1858 4391 etTentzelium

1976 461 2215 529 quidem.
2250 460 2384 515 Nam
2434 478 2557 531 quas
2598 464 2905 522 communis
2953 463 3126 521 fertur
3175 468 3440 522 sententia
3469 469 3535 524 de

1974 550 2234 607 Barnabae
2269 553 2372 607 sub
2402 552 2614 609 Nerone
2652 556 2933 627 martyrio,
2969 558 3119 612 nullo
3158 558 3352 614 idoneo
3377 570 3533 626 teste,

1973 643 2121 697 nulla
2174 653 2418 699 veterum
2482 647 2806 701 auctoritate
2868 647 3151 718 firmatur;
3214 649 3535 721 nullumque

1975 734 2116 803 apud
2152 735 2406 806 antiquos
2435 739 2729 808 scriptores
2762 740 3050 811 vestigium
3094 744 3357 810 occurrit,
3392 746 3534 799 unde

1972 842 2081 895 quo
2141 837 2385 899 tempore
2433 846 2743 901 supremum
2796 831 2938 888 diem
2995 833 3190 889 obierit
3233 834 3530 902 Barnabas,

1973 928 2119 973 certo
2147 929 2437 976 statuatur.
2465 922 2665 978 Contra
2688 940 2838 992 vero,
2879 940 3002 980 cum
3031 937 3243 983 constet
3263 944 3329 984 ex
3360 929 3525 985 Euse-

1970 1008 2060 1062 bio
2088 1008 2133 1039 τδ
2165 1018 2218 1064 et
2259 1008 2585 1083 Hieronymo
2611 1013 2681 1079 ‘”’,
2707 1015 2987 1083 apostolos
3026 1014 3246 1070 Petrum
3296 1026 3349 1071 et
3391 1016 3534 1071 Pau-

1971 1100 2083 1154 lum
2120 1102 2313 1157 ultimo
2361 1101 2593 1159 Neronis
2618 1120 2781 1171 anno,
2802 1106 2854 1160 id
2876 1115 2957 1162 est
2984 1122 3128 1161 anno
3168 1106 3257 1173 68,
3287 1109 3547 1180 martyrii-

1970 1192 2206 1261 palmam
2233 1192 2403 1248 fuisse
2428 1195 2651 1264 adeptos
2688 1214 2701 1250 :
2738 1197 2926 1267 quidni
2951 1214 3080 1268 ergo
3110 1198 3387 1254 Barnabas
3414 1209 3533 1270 post

1969 1290 2179 1352 captam
2211 1298 2240 1337 a
2273 1283 2394 1338 Tito
2441 1284 2869 1359 Hierosolymam
2914 1304 3059 1343 anno
3090 1290 3177 1355 70,
3210 1291 3417 1360 aliquot
3444 1292 3534 1345 ad-

1969 1375 2075 1429 huc
2104 1390 2277 1431 annos
2300 1377 2368 1431 ab
2403 1392 2587 1433 eorum
2623 1381 2994 1449 apostolorum
3040 1382 3303 1452 martyrio
3332 1383 3534 1438 vixisse

1968 1467 2237 1534 potuerit,
2273 1469 2568 1539 etquidem
2614 1471 2665 1524 in
2715 1471 2906 1542 primis
2936 1487 3059 1527 cum
3095 1473 3208 1542 jam
3264 1489 3296 1529 e
3351 1475 3530 1529 medio

1969 1558 2183 1614 sublato
2236 1559 2470 1627 Nerone,
2518 1564 2826 1631 persecutio
2876 1565 3127 1632 desierit;
3182 1574 3242 1619 ut
3303 1567 3528 1635 proinde

1966 1654 2109 1708 circa
2143 1669 2343 1707 annum
2382 1653 2450 1707 72
2485 1662 2579 1708 aut
2610 1656 2676 1711 73
2700 1655 2995 1726 Epistolam
3022 1658 3343 1728 scripserit?

1598 1735 1792 1843 (ξθίηδθ
1816 1752 1863 1843 *³
1894 1749 1941 1807 Β
2037 1767 2106 1821 At
2139 1768 2282 1821 enim
2313 1782 2379 1823 ex
2414 1767 2705 1824 Alexandri
2736 1771 2991 1825 monachi
3027 1770 3203 1843 elogio
3233 1772 3286 1825 in
3314 1770 3371 1826 S.
3398 1771 3531 1826 Bar-

1965 1858 2161 1913 nabam
2200 1858 2545 1929 perspicuum
2570 1869 2654 1915 est
2692 1861 2870 1931 ipsum
2897 1861 3109 1916 vivente
3150 1860 3329 1917 adhuc
3358 1861 3530 1916 Paulo

1964 1950 2209 2019 apostolo
2243 1966 2317 2004 ex-
2344 1953 2446 2006 hac
2488 1952 2597 2006 vita
2626 1951 2888 2022 migrasse
2926 1971 2938 2006 :
2967 1952 3130 2022 idque
3172 1964 3317 2022 patet
3352 1970 3419 2008 ex
3449 1956 3529 2009 ul-

1962 2044 2112 2099 timis
2137 2044 2282 2099 illius
2306 2044 2487 2099 verbis
2532 2044 2598 2099 ad
2630 2043 2890 2100 Joannem
2924 2044 3188 2111 Marcum,
3234 2049 3521 2101 consobri—

1962 2151 2091 2189 num
2143 2151 2340 2203 suum,
2387 2152 2509 2205 quae
2564 2136 2642 2191 sic
2696 2151 2755 2192 se
2798 2136 2998 2191 habent
3030 2137 3121 2191 ἠε
3185 2137 3270 2190 Ἐν
3299 2138 3424 2208 τῇδε
3458 2140 3525 2208 τῇ

1962 2229 2141 2301 ἡμέρᾳ
2188 2229 2268 2282 δεῖ
2300 2247 2366 2300 με
2396 2228 2743 2298 τελειωθῆναι
2772 2228 2851 2292 εἰς
2896 2227 2996 2293 τὰς
3024 2230 3212 2299 χεῖρας
3242 2227 3349 2281 τῶν
3379 2229 3527 2281 ἀπει-

1962 2318 2194 2374 θούντων
2231 2319 2512 2373 Ἰουδαίων·
2564 2319 2627 2371 σὺ
2675 2318 2731 2371 δὲ
2765 2317 2993 2384 ἐξελθὼν
3043 2317 3147 2384 ἔξω
3192 2318 3291 2388 τῆς
3323 2317 3527 2381 πόλεως

1960 2408 2100 2463 κατὰ
2129 2408 2359 2479 δυσμὰς,
2391 2408 2643 2480 εὑρήσεις
2672 2408 2734 2461 τὸ
2767 2408 2925 2481 σῶμά
2954 2427 3076 2481 μου’
3119 2410 3213 2463 καὶ
3244 2410 3401 2464 τοῦτο
3430 2411 3525 2466 θά-

1958 2498 2083 2567 ψας,
2120 2497 2296 2562 ἔξελθε
2328 2498 2437 2551 ἀπὸ
2472 2499 2717 2569 Κύπρου·
2755 2498 2849 2551 καὶ
2883 2499 3113 2569 πορεύου
3148 2502 3229 2564 εἰς
3257 2500 3346 2555 τὸν
3377 2500 3522 2554 Παῦ-

1959 2589 2068 2653 λον,
2103 2592 2194 2643 καὶ
2224 2590 2328 2644 ἴσθι
2376 2592 2490 2661 μετ’
2524 2590 2709 2653 αὑτοῦ,
2751 2589 2855 2654 ἕως
2892 2585 2952 2645 οὗ
2999 2594 3027 2645 ὁ
3073 2592 3277 2663 Κύριος
3326 2595 3527 2647 οἰκονο-

1962 2683 2122 2754 μήσει
2174 2682 2243 2736 τὰ
2274 2682 2414 2736 κατὰ
2465 2683 2544 2736 σε’
2579 2682 2762 2753 μέλλει
2800 2682 2907 2754 γὰρ
2940 2678 3000 2736 τὸ
3032 2683 3203 2753 ὄνομά
3235 2701 3327 2737 σου
3360 2702 3524 2755 μεγα-

1958 2771 2211 2843 λυνθῆναι
2270 2775 2327 2826 ὲν
2375 2774 2473 2846 ὅλῃ
2523 2775 2589 2844 τῇ
2633 2773 2944 2845 οἰκουμένῃ.
2996 2770 3170 2827 Hodie
3231 2774 3524 2842 infidelium

1958 2864 2268 2921 Judteorum
2292 2866 2530 2920 manibus
2569 2883 2648 2919 me
2672 2867 3027 2920 consummari
3062 2876 3262 2936 oportet
3301 2883 3320 2921 :
3355 2877 3412 2920 tu
3438 2885 3522 2922 ve-

1960 2974 2018 3011 ro
2065 2967 2214 3011 extra
2244 2958 2531 3021 civitatem,
2573 2957 2887 3011 occidentem
2924 2973 3101 3012 uersus
3153 2966 3414 3028 egredere,
3470 2970 3520 3013 et

1962 3065 2149 3118 corpus
2193 3065 2362 3102 meum
2401 3049 2624 3102 invenies
2657 3062 2675 3101 :
2714 3048 2850 3118 quod
2892 3066 3010 3103 cum
3051 3050 3334 3119 sepelieris,
3377 3051 3463 3105 exi
3495 3067 3523 3103 ε

1962 3140 2153 3210 Cypro,
2184 3151 2234 3194 et
2277 3139 2346 3193 ad
2391 3138 2622 3193 Paulum
2650 3142 3010 3211 proﬁciscere;
3043 3151 3091 3195 et
3117 3152 3225 3195 esto
3254 3158 3371 3194 cum
3404 3141 3521 3208 illo,

1961 3232 2134 3302 quoad
2162 3232 2415 3287 Dominus
2462 3250 2541 3287 res
2594 3242 2711 3287 tuas
2756 3234 3075 3304 disposuerit
3113 3249 3132 3287 :
3164 3234 3402 3303 futurum
3448 3242 3526 3288 est

1961 3323 2120 3388 enim,
2150 3332 2205 3375 ut
2230 3339 2411 3377 nomen
2436 3334 2581 3377 tuum
2613 3340 2704 3393 per
2727 3333 2890 3377 totum
2920 3336 3181 3378 terrarum
3220 3324 3392 3378 urbem
3441 3324 3527 3376 di-

1961 3413 2219 3483 vulgetur.
2273 3413 2397 3468 llam
2436 3414 2532 3468 ibi.
2583 3413 2650 3467 Et
2692 3414 2956 3469 Barnabae
3003 3415 3222 3482 quidem
3284 3415 3525 3469 hortanti

1961 3520 2167 3560 morem
2213 3506 2448 3576 gessisse
2494 3505 2815 3573 Marcum,e
2854 3505 3009 3560 Pauli
3056 3505 3315 3575 Epistolis
3355 3517 3521 3576 patet.

1961 3595 2060 3652 Hie
2105 3598 2250 3652 enim
2300 3586 2367 3653 ad
2418 3597 2773 3655 Colossenses
2820 3599 3065 3654 scribens
3104 3602 3172 3664 ⁷⁷,
3202 3613 3296 3653 eos
3327 3588 3525 3652 salutat

1960 3692 2182 3747 nomine
2230 3692 2405 3747 Marci
2464 3693 2762 3746 consobrini
2815 3691 3113 3755 Barnabaa;
3163 3692 3257 3762 qui
3330 3707 3525 3761 nempe

1960 3784 2196 3855 primum
2241 3785 2297 3840 in
2351 3800 2518 3842 causa
2565 3785 2743 3840 fuerat
2798 3799 2897 3839 cur
2955 3782 3158 3838 Paulus
3203 3798 3233 3837 a
3274 3782 3520 3837 Barnaba

1961 3877 2268 3942 secesserit,
2297 3887 2358 3932 ut
2395 3878 2627 3933 habetur
2658 3878 2714 3930 in
2744 3876 2895 3931 Actis
2918 3875 3001 3941 ⁷⁸;
3033 3875 3236 3945 quique
3265 3873 3521 3943 deinceps

1961 3967 2029 4023 ad
2060 3967 2295 4023 oﬂicium
2333 3983 2605 4035 reversus,
2646 3967 2815 4028 Paulo
2861 3966 3001 4022 ﬁdus
3048 3982 3231 4021 comes
3272 3964 3518 4029 adhaesit,

1959 4062 2118 4131 eique
2146 4062 2364 4117 demum
2394 4070 2519 4133 post
2543 4070 2773 4116 mortem
2801 4058 3061 4113 Barnabze
3091 4059 3273 4112 utilem
3299 4073 3517 4126 operam

1961 4157 2015 4211 in
2061 4156 2366 4212 ministerio
2414 4154 2714 4225 apostolico
2746 4154 3015 4224 praestitit,
3065 4162 3120 4206 ut
3151 4152 3215 4206 ad
3249 4143 3521 4205 Philemo-

1960 4258 2084 4297 nem
2108 4244 2153 4274 "
2171 4251 2224 4298 et
2243 4258 2310 4298 ex
2339 4242 2735 4313 posterioribus
2759 4242 2991 4297 vinculis
3016 4242 3081 4295 ad
3106 4241 3449 4295 Timotheum
3474 4241 3518 4272 ⁸⁸

1961 4332 2226 4399 scribens,
2268 4333 2411 4387 idem
2442 4340 2677 4387 testatur
2719 4331 3033 4397 Apostolus.
3068 4332 3228 4399 Atqui
3265 4338 3385 4400 quae
3416 4330 3519 4384 Co-

291 4422 428 4477 hinc
452 4422 633 4491 potius
667 4422 929 4475 Barnabze
952 4422 1297 4491 abjudicandi
1342 4421 1638 4492 Epistolam
1670 4443 1860 4481 ansam
1892 4432 1937 4489 Ι)
1964 4425 2303 4482 lossensibus
2320 4433 2374 4479 et
2389 4423 2695 4479 Philemoni
2722 4423 2993 4492 inscriptae
3008 4423 3516 4492 exstantEpistolm,

289 4513 562 4581 arripere,
594 4528 658 4567 eo
688 4513 895 4567 scilicet
917 4514 1136 4567 nomine
1165 4513 1309 4582 quod
1343 4521 1588 4583 tempora
1634 4518 1857 4575 minime

289 4603 588 4674 quadrent.
630 4602 906 4658 Barnabas
947 4602 1117 4669 enim,
1163 4602 1437 4673 inquiunt,
1474 4620 1538 4659 ex
1582 4610 1857 4662 communi

290 4694 566 4751 sententia
588 4693 799 4749 Nerone
822 4696 1120 4765 imperante
1136 4700 1454 4771 martyrium
1487 4699 1670 4765 subiit,
1695 4685 1858 4754 adeo-

290 4804 404 4859 que
447 4796 573 4841 ante
627 4803 789 4857 quam
840 4789 1099 4858 templum
1152 4790 1695 4865 llierosolymitanum
1742 4794 1859 4849 solo

289 4887 609 4948 requarctur
634 4895 647 4931 :
679 4894 840 4948 quam
871 4879 1087 4949 quidem
1114 4882 1470 4952 objectionem
1494 4886 1625 4939 tanti
1652 4886 1859 4941 ducunt

292 4971 333 5025 ii
364 4970 469 5023 viri
520 4970 714 5036 critici,
748 4980 807 5025 ut
850 4972 1108 5027 invictum
1160 4986 1535 5045 argumentum
1588 4979 1857 5047 appellare

294 5076 408 5115 non
436 5060 704 5115 dubitent.
736 5064 989 5117 Attamen
1028 5073 1235 5119 tantum
1266 5068 1418 5122 abest
1456 5078 1513 5122 ut
1549 5069 1857 5125 istiusmodi

292 5148 599 5206 diﬂicultati
654 5151 761 5205 vim
827 5153 1062 5223 aliquam
1122 5154 1299 5211 inesse
1352 5157 1443 5211 alii
1494 5171 1750 5214 censeant
1800 5158 1872 5218 ιη’

1960 4516 2116 4587 juxta
2155 4515 2394 4574 virorum
2449 4512 2785 4568 eruditorum
2816 4510 2859 4542 ⁸¹
2894 4511 3236 4575 sententiam,
3265 4512 3334 4563 ab
3377 4512 3520 4580 Apo-

1964 4611 2106 4667 stolo
2148 4616 2384 4664 exarata:
2434 4605 2681 4659 feruntur
2718 4618 2860 4657 anno
2903 4601 3005 4667 69.;
3049 4616 3169 4671 quae
3207 4611 3384 4655 autem
3436 4619 3522 4657 se-

1965 4701 2140 4758 cunda
2194 4707 2275 4753 est
2303 4698 2368 4752 ad
2402 4695 2771 4758 Timotheum,
2800 4707 2945 4746 anno
2986 4691 3074 4757 67,
3108 4707 3229 4747 cum
3262 4693 3518 4745 nimirum

1959 4794 2284 4868 jampridem
2315 4808 2343 4847 e
2367 4791 2505 4845 vivis
2532 4788 2859 4844 excessisset
2887 4785 3190 4848 Barnabas,
3215 4785 3372 4853 cujus
3397 4786 3519 4837 hor—

1964 4898 2077 4942 tatu
2121 4885 2360 4940 Joannes
2402 4882 2613 4937 Marcus
2642 4880 2836 4935 exinde
2885 4877 3056 4931 Paulo
3090 4892 3209 4931 sese
3262 4876 3516 4931 comitem

1963 4978 2186 5033 addidit.
2219 4974 2295 5029 lta
2328 4974 2497 5029 l‘erme
2527 4971 2839 5026 Tentzelius
2868 4970 2934 5035 ³⁸,
2970 4970 3062 5039 qui
3090 4978 3143 5023 et
3178 4969 3317 5022 hanc
3362 4967 3514 5036 obje--

1962 5072 2197 5126 ctionem
2245 5075 2456 5120 tantum
2510 5063 2762 5134 ponderis
2824 5062 3023 5115 habere
3092 5061 3407 5120 arbitratur,
3460 5068 3518 5111 ut

1962 5160 2137 5217 eidem
2165 5157 2298 5212 nihil
2322 5155 2528 5211 obverti
2558 5169 2717 5225 posse
2740 5160 3011 5207 asseveret
3038 5166 3200 5221 quam
3224 5148 3513 5219 Epistulam

382 5290 427 5322 "
454 5290 710 5361 Papebr.,
736 5291 854 5345 Act.
883 5289 1006 5349 SS-.
1032 5290 1159 5347 Jun.
1192 5301 1321 5347 tom.
1351 5294 1412 5359 ll,
1454 5312 1517 5364 pa
1562 5337 1573 5350 .
1622 5297 1748 5363 459,
1781 5296 1808 5368 §
1836 5299 1889 5353 5.
1967 5298 2013 5328 ’⁷⁸
2039 5295 2239 5351 Nourr.
2273 5296 2407 5366 App.
2433 5296 2501 5349 ad
2536 5294 2677 5349 Bibl.
2706 5286 2822 5352 PP.
2849 5340 2864 5365 ,
2892 5308 3023 5356 tom.
3056 5298 3096 5359 Ι,
3129 5312 3250 5367 pag.
3293 5296 3361 5350 ’58
3398 5311 3511 5365 seq.
3553 5256 3561 5277 ⁸

382 5360 530 5420 ΜΗΙ..
560 5362 851 5420 Proleqom.
883 5363 950 5414 ad
982 5362 1057 5416 Ν.
1091 5362 1173 5420 T..
1209 5362 1235 5420 ξ
1266 5365 1387 5418 Md.
1468 5313 1769 5420 7'gBarnab.
1796 5368 1966 5420 Enist.
1996 5384 2116 5420 can.
2151 5368 2236 5420 16.
2314 5367 2358 5397 ⁷³
2387 5367 2490 5420 lsa.
2522 5383 2669 5420 mx.
2710 5367 2796 5420 17.
2876 5369 2920 5399 ⁷⁸
2949 5368 3165 5420 Euseb..
3204 5367 3421 5420 Chron"
3447 5368 3514 5420 ad

284 5366 331 5397 '”
371 5360 950 5432 Mill.,’Prolegont._ad
982 5362 1057 5416 Ν.
1091 5362 1173 5427 Τ.,
1209 5362 1235 5432 §
1266 5365 1387 5418 144.

288 5516 403 5557 tom
423 5543 436 5556 .
468 5500 530 5567 Il,
563 5517 685 5572 pag.
710 5502 836 5555 445.

1618 5370 1769 5421 rnab.
1791 5367 1863 5437 Ep

1963 5410 1966 5421 .
1996 5384 2116 5437 cap.
2151 5368 2236 5422 16.
2314 5367 2358 5437 ’(³
2387 5367 2669 5437 18³.)ιιιιχ,
2710 5367 2796 5421 17.
2876 5369 2920 5399 ⁷⁸
2949 5367 3421 5437 Eusebqu/tron"
3447 5368 3514 5420 ad

288 5453 383 5488 an.
430 5447 671 5507 unum.
723 5430 1058 5507 _"_"__llier_on._,
1088 5433 1173 5507 _l)e
1214 5430 1319 5488 rir.
1353 5436 1577 5507 illuslr.,
1613 5441 1776 5507 cap.l
1813 5430 1865 5493 et
1889 5439 1940 5491 5.

926 5503 968 5532 ⁷⁷
1006 5503 1218 5557 Coloss.
1260 5519 1331 5567 Iv,
1360 5506 1447 5561 10.
1524 5509 1568 5537 ⁷⁸
1599 5503 1715 5562 Aci.
1747 5525 1836 5573 xv,
1861 5508 2049 5563 37-59.

2019 5434 2253 5491 76_Alcx.
2289 5436 2460 5502 Horn,
2508 5434 2655 5504 apud
2695 5437 2963 5499 Bolland.,
3017 5439 3133 5492 Act.
3168 5436 3296 5502 SS.,
3348 5434 3514 5501 Junii,

2130 5510 2172 5540 79
2204 5508 2457 5565 Philem.
2493 5523 2632 5560 vers.
2669 5507 2758 5561 ‘24.
2836 5510 2880 5539 “°
2919 5508 2957 5560 ΙΙ
2995 5508 3133 5562 Tim.
3196 5524 3270 5571 1v,
3307 5505 3389 5560 H.
3468 5508 3511 5539 “

288 5575 514 5648 Pears_.,
554 5570 1205 5648 in.‘Annqlnl’aul.,_pag.
1241 5574 1332 5648 9.0,
1356 5576 1459 5648 ﬁlii;
1486 5576 1638 5641 Mill.,
1669 5580 1719 5630 in
1746 5570 2041 5644 I’rolegom.
2078 5580 2143 5632 ad
2182 5578 2252 5632 Ν.
2296 5578 2379 5642 Τ.,
2499 5576 2587 5642 80,
2620 5577 2708 5639 82,
2744 5578 2877 5643 1‘25;
2905 5577 3138 5639 Tillein.,
3176 5574 3335 5637 Mem.
3359 5578 3513 5643 εδει..

291 5657 428 5698 tom.
466 5642 506 5706 Ι,
537 5658 588 5712 p.
616 5642 740 5704 9.92,
772 5642 891 5696 595.
947 5644 1015 5714 _'”
1042 5642 1227 5699 Tentz.
1261 5647 1325 5701 ad
1357 5645 1601 5715 llicron.,
1639 5648 1712 5703 De
1738 5650 1831 5703 rir.
1870 5642 2091 5709 ἐπειδη..
2119 5650 2245 5704 edit.
2281 5642 2517 5713 Fabric”
2553 5664 2669 5717 cap.
2701 5650 2753 5714 6,
2787 5642 2893 5719 ἥδ,
2922 5664 3039 5717 pag.
3068 5650 3153 5702 .10.
