4066 6330
618 273 723 330 695

1778 265 1833 319 S.
1872 259 2231 319 BABNABAS
2268 258 2625 316 APOSTOLC
2638 258 2695 317 S.
3698 268 3775 325 696

615 403 896 457 nostram;
931 407 1052 461 quae
1081 390 1322 462 quidem,
1363 388 1567 453 subdit,
1605 402 1727 441 cum
1765 386 1834 440 sit
1858 384 2033 453 ipsum
2066 400 2185 454 κρι-
2214 390 2259 446 Α
2287 378 2464 434 tiones
2514 378 2773 448 majorem
2825 384 3031 446 partem
3081 376 3329 445 scriptas,
3360 376 3548 433 alicubi
3590 378 3779 443 forsitan

612 483 857 554 νόμενον,
906 497 1012 537 non
1056 489 1142 536 est
1192 478 1496 550 argumenti
1550 478 1670 531 loco
1729 474 2077 531 assumenda.
2122 470 2179 526 ld

613 591 745 630 sane
772 591 802 629 a
828 576 950 630 viro
976 575 1191 629 erudito
1219 574 1416 629 nollem
1455 571 1683 625 dictum.

681 686 794 756 Age
844 702 990 747 nunc
1019 686 1300 741 videamus
1345 701 1473 739 num
1502 684 1636 738 adeo
1672 682 1827 735 ﬁrma
1870 679 1942 734 sit
1985 678 2178 734 istius-

609 776 757 831 modi
812 775 1071 847 objectio,
1115 784 1176 830 ut
1216 791 1336 830 eam
1372 774 1572 827 nedum
1608 771 1800 837 everti,
1850 769 1942 825 sed
1974 784 2040 824 ne
2068 767 2178 822 ullo

608 867 829 937 quidem
858 878 1017 939 pacto
1055 867 1295 922 hebetari
1344 866 1526 920 liceat.
1564 863 1717 930 Quod
1746 871 1804 916 ut
1832 870 2173 930 prmstemus,

608 960 1001 1015 advertendum
1033 960 1270 1029 primum
1307 958 1574 1021 omnium,
1607 964 1775 1012 totam
1806 951 2065 1007 Tentzelii
2089 967 2176 1005 ar-

608 1058 1072 1128 gumentationem
1117 1058 1280 1113 unius
1337 1057 1623 1111 Alexandri
1681 1056 1938 1112 monachi
1991 1053 2173 1125 Cyprii

609 1148 925 1205 testimonio
969 1148 1172 1212 fulciri,
1202 1148 1487 1218 scriptoris
1521 1147 1779 1201 nimirum
1818 1146 2035 1202 obscuri
2068 1160 2171 1199 no-

606 1243 773 1297 minis
798 1252 960 1313 atque
1001 1242 1175 1299 aetatis
1206 1243 1442 1297 incertae.
1474 1240 1853 1311 Autiquiorem
1892 1238 2170 1293 enimvero

605 1334 806 1389 saiculo
855 1350 911 1389 rx
965 1335 1140 1404 ipsum
1172 1350 1281 1389 non
1317 1332 1487 1388 fuisse
1536 1340 1752 1389 constat
1799 1329 1941 1399 apud
1986 1326 2169 1383 erudi-

604 1432 690 1478 tos
715 1423 761 1455 ⁸³
801 1443 813 1478 :
856 1423 1051 1480 litteris
1097 1438 1335 1492 namque
1364 1422 1719 1492 consignasse
1769 1419 1943 1475 fertur
1988 1416 2163 1471 Vitam

600 1512 914 1585 Nicephori,
949 1515 1274 1586 patriarchae
1325 1513 1459 1579 CP.,
1486 1513 1577 1583 qui
1637 1512 1828 1573 eodem
1865 1508 2064 1565 saeculo
2110 1524 2165 1563 ut

601 1608 822 1663 ineunte
870 1608 1119 1663 ﬂoruisse
1163 1605 1513 1676 comperitur.
1567 1602 1764 1673 Ecqua:
1815 1616 1981 1672 porro
2033 1599 2164 1653 ﬁdes

599 1700 851 1770 scriptori
894 1700 1019 1754 huic
1049 1699 1376 1761 adhibenda,
1405 1696 1496 1766 qui
1524 1704 1575 1751 et
1605 1695 1940 1750 laudatorem
1978 1692 2161 1763 potius

599 1807 762 1861 quam
821 1790 1140 1845 historicum
1188 1791 1319 1860 agit,
1366 1800 1419 1844 et
1468 1789 1558 1845 illa
1602 1802 1722 1858 quae
1782 1786 1967 1841 multis
2018 1795 2160 1840 retro

600 1882 812 1938 saeculis
859 1891 984 1939 ante
1023 1883 1195 1952 ipsius
1243 1898 1416 1937 aevum
1466 1883 1761 1951 contigere,
1804 1880 1964 1935 nobis
1996 1893 2159 1933 enar-

597 1973 719 2027 rat?
768 1971 953 2042 Neque
1001 1982 1083 2029 est
1131 1976 1275 2044 quod
1346 1975 1468 2045 quis
1525 1983 1771 2044 reponat.
1830 1972 2156 2026 monachum

595 2062 759 2117 istum
792 2065 893 2118 sub
912 2064 1262 2120 Laudationis
1278 2081 1390 2120 sum
1414 2066 1573 2119 ﬁnem
1594 2064 1880 2119 tradidisse
1895 2064 1961 2128 εδ,
1986 2079 2157 2133 pauca

593 2154 691 2211 illa
721 2171 839 2225 qua:
859 2156 921 2210 de
955 2156 1217 2212 Barnabas
1260 2159 1366 2211 vita
1412 2167 1461 2212 et
1502 2157 1757 2226 martyrio
1786 2156 2052 2226 perhibet,
2087 2156 2154 2209 ab

593 2256 806 2299 auctore
842 2244 1172 2302 Stromatum
1226 2246 1488 2304 Clemente
1539 2248 1865 2318 aliorumque
1925 2257 2152 2301 veterum

591 2337 825 2407 scriptis,
853 2353 883 2391 a
931 2353 991 2393 se
1018 2340 1243 2393 collecta
1274 2338 1443 2396 fuisse
1465 2350 1627 2409 atque
1666 2339 1934 2409 exposita.
1969 2337 2153 2408 Siqui-

590 2428 711 2481 dem
740 2428 793 2481 in
831 2439 1082 2500 promptu
1121 2431 1388 2487 habemus
1409 2447 1530 2501 quae
1573 2432 1639 2487 de
1665 2431 1909 2485 Barnaba
1946 2428 2152 2500 profert

588 2516 840 2574 Clemens
866 2520 1295 2588 Alexandrinus;
1348 2538 1581 2593 quorum
1621 2532 1802 2581 taruen
1854 2523 1944 2593 vix
1975 2522 2147 2576 ullum

586 2609 873 2680 vestigium
900 2612 1038 2681 apud
1072 2615 1399 2669 monachum
1431 2616 1686 2685 Cyprium
1717 2615 1978 2684 reperias.
2003 2612 2148 2668 Reli-

586 2716 695 2770 qua
726 2718 851 2757 vero
892 2719 1013 2773 qua:
1053 2703 1142 2759 ille
1189 2706 1301 2760 sive
1328 2722 1357 2759 a
1382 2704 1669 2761 Theodoro
1697 2705 1944 2770 Lectore,
1976 2704 2090 2760 sive
2117 2721 2147 2759 a

584 2789 706 2845 Nilo
736 2791 1085 2863 Doxopatrio,
1121 2794 1353 2866 aliisque
1393 2795 1530 2850 forte
1554 2796 1827 2865 sequioris
1869 2795 1967 2850 aevi
2012 2796 2147 2850 seri-

582 2886 832 2957 ptoribus
865 2889 1185 2957 desumpsit,
1215 2890 1452 2943 sublesta
1493 2888 1655 2944 nimis
1704 2888 1807 2943 ﬁde
1854 2890 2141 2957 laborant;

582 2976 807 3046 perinde
840 2992 905 3032 ac
932 2978 1021 3033 illa
1048 2978 1310 3033 Barnabas
1356 2983 1560 3033 monita
1588 2978 1785 3033 Joanni
1818 2980 2000 3035 Marco
2029 2989 2143 3036 tra-

582 3065 716 3132 dita,
746 3082 868 3135 quae
915 3083 1059 3122 unus
1090 3068 1317 3137 ipsemet
1346 3069 1647 3123 monachus
1674 3067 1993 3125 Laudationi
2026 3088 2138 3127 suae
2167 3094 2209 3152 (ς

581 3154 858 3215 ἰιιιθιυὶιςε
883 3156 1017 3210 adeo
1045 3165 1103 3211 ut
1126 3158 1327 3213 nullam
1364 3154 1587 3214 Omnino
1613 3159 1720 3213 vim
1753 3160 1819 3215 ad
1854 3178 2138 3220 assensum

579 3246 1012 3315 extorquendum
1057 3247 1311 3314 habeant,
1335 3264 1456 3317 quae
1502 3265 1531 3303 a
1563 3252 1922 3320 scriptoribus
1949 3254 2138 3311 istius-

579 3336 728 3391 modi
777 3337 1146 3407 proferuntnr.
1173 3339 1420 3395 Graviter
1451 3343 1593 3397 enim
1634 3352 1688 3397 ct
1724 3361 1848 3399 vere
1876 3345 2011 3401 dixit
2038 3344 2141 3400 Ba-

580 3428 772 3482 ronius
802 3437 1006 3492 noster,
1032 3430 1116 3483 vir
1163 3433 1437 3487 maximus
1466 3433 1511 3464 ⁸⁸
1544 3451 1556 3487 :
1585 3436 1738 3498 Quod
1776 3454 1807 3489 a
1854 3438 2138 3492 recentiore

576 3524 791 3572 auctore
828 3517 884 3571 in
927 3518 1078 3571 rebus
1127 3520 1358 3590 antiquis
1418 3523 1529 3575 sine
1580 3523 1805 3595 alicujus
1839 3528 2135 3581 eetustioris

576 3608 895 3663 auctoritate
957 3610 1243 3679 profertur,
1312 3617 1679 3671 contemnitur.
1732 3616 1866 3671 Illud
1919 3634 2135 3689 quoque

575 3700 805 3765 accedit,
837 3702 1041 3756 absona
1090 3702 1349 3774 pleraque
1376 3720 1441 3761 ac
1469 3706 1605 3762 falsa
1656 3708 1709 3762 in
1740 3708 1982 3777 ejusdem
2016 3725 2133 3765 mo-

573 3793 734 3847 nachi
783 3793 1119 3851 Laudatioue
1167 3812 1483 3865 occurrere;
1518 3815 1639 3870 quae
1678 3816 1809 3855 sane
1848 3803 1915 3856 ad
1963 3803 2132 3872 ipsius

570 3884 732 3938 ﬁdem
781 3884 1183 3949 obtundendam
1222 3887 1649 3959 elevandamque
1700 3906 1809 3945 non
1842 3892 2126 3950 minimum

570 3976 787 4030 valeant
816 3995 831 4031 :
868 3992 974 4046 qua
1003 3978 1070 4033 de
1101 3995 1158 4034 re
1203 3979 1257 4033 in
1305 3982 1498 4051 primis
1528 3983 1847 4039 consulendi
1878 3984 2130 4041 laudatus

572 4065 841 4123 Baronius
875 4069 923 4104 ⁸⁸
945 4084 1009 4124 ac
1039 4069 1417 4127 Tillemontius
1443 4073 1509 4127 ⁸⁷.

639 4203 735 4261 llis
755 4222 885 4262 vero
904 4209 993 4263 vix
1018 4210 1146 4265 dum
1173 4211 1245 4267 ita
1275 4214 1563 4281 enarratis,
1594 4213 1662 4269 ad
1687 4228 1882 4277 manus
1910 4225 2129 4273 nostras

568 4299 814 4366 pervenit
837 4301 937 4361 viri
979 4302 1224 4359 doctrina
1251 4315 1303 4360 et
1337 4306 1642 4362 eruditione
1668 4310 1977 4377 praestantis
2000 4324 2127 4380 per-

565 4391 837 4446 eruditum
889 4409 1019 4449 sane
1043 4395 1487 4453 Commentarium
1521 4400 1574 4453 in
1606 4410 1746 4455 vetus
1772 4417 2125 4458 marmoreum

565 4477 627 4536 S.
654 4479 1025 4551 Neapolitana:
1064 4487 1295 4555 ecclesite
1337 4488 1744 4558 Kalendarium,
1772 4494 1867 4564 qui
1892 4494 2119 4550 Alexan-

564 4570 649 4625 dri
680 4573 951 4629 {monachi
1000 4590 1219 4649 causam
1276 4579 1670 4637 defendendam
1729 4585 1985 4654 suscepit,
2050 4586 2117 4640 il-

565 4660 784 4731 lumque
844 4665 1042 4719 saeculo
1099 4683 1151 4722 vr
1208 4668 1488 4728 desinente
1568 4672 1820 4730 ﬂoruisse
1893 4686 2116 4731 conten-

561 4752 641 4805 dit
678 4751 745 4806 ".
794 4752 1052 4811 Dolemus
1092 4760 1367 4816 enimvero
1415 4762 1590 4819 serius
1641 4764 1800 4820 nobis
1846 4765 2116 4822 detectum

562 4859 720 4913 opus,
750 4860 860 4915 quo
903 4846 1167 4911 hactenus
1193 4851 1339 4916 dicta
1372 4862 1650 4925 utcunque
1678 4857 2014 4925 temperandi
2035 4857 2117 4911 fa-

560 4935 735 4992 cultas
785 4937 911 4993 data
955 4948 1117 4995 esset.
1150 4942 1219 4997 At
1249 4942 1380 5007 illud
1426 4946 1617 5002 saltem
1667 4948 1915 5005 concedit
1956 4948 2021 5005 ν.
2049 4948 2112 5005 C.

561 5026 707 5082 hunc
747 5030 1071 5085 monachum
1101 5032 1380 5104 Cyprium,
1422 5055 1441 5090 ‹
1485 5053 1595 5093 non
1634 5040 1864 5097 multum
1894 5041 2114 5111 quidem

557 5116 764 5191 judicio
818 5121 1074 5192 valuisse,
1116 5139 1216 5180 nec
1250 5117 1385 5181 raro
1406 5127 1458 5181 in
1508 5130 1671 5200 paulo
1715 5131 2115 5204 antiquioribus

561 5209 724 5265 rebus
748 5226 779 5270 a
800 5212 1022 5269 veritate
1045 5217 1361 5285 aberrasse;
1382 5219 1513 5289 quin
1539 5233 1593 5295 et
1613 5204 1895 5278 insulanas
1923 5239 2113 5279 narra-

2283 486 2377 540 per
2416 486 2509 524 ora
2541 470 2786 531 traditas,
2813 478 3058 524 secutum
3089 483 3208 522 esse
3241 485 3254 521 :
3296 486 3315 521 ι
3353 478 3682 539 utpropterea
3701 480 3781 531 mi-

2282 580 2385 618 nus
2439 563 2543 617 ﬁde
2571 564 2768 631 dignus
2814 562 2937 631 jure
2980 559 3139 615 nobis
3189 560 3454 628 videatur,
3495 562 3546 616 in
3588 563 3647 620 iis
3686 582 3781 637 qua

2280 651 2655 723 persequimur
2688 651 3094 722 investigandis.

2351 741 2558 811 Itaque,
2588 750 2646 796 ut
2691 742 2773 796 his
2799 741 3016 795 demum
3062 741 3293 795 certiora
3331 741 3671 813 solidioraque
3704 748 3783 802 ob,

2274 835 2551 905 jiciamus,
2582 848 2701 902 quae
2743 832 2808 886 ad
2847 833 3166 888 sententiam
3223 843 3464 887 nostram
3495 838 3781 892 conﬁrman-

2276 929 2398 982 dam
2432 928 2653 996 propius
2693 926 2947 981 accedant
2980 943 2992 979 :
3035 926 3273 995 primum
3324 925 3536 995 quidem
3584 942 3640 980 ex
3680 944 3784 997 apo-

2275 1020 2539 1074 stolorum
2563 1017 2711 1073 Actis
2737 1019 2781 1058 θ’
2813 1018 2946 1072 satis
2972 1016 3159 1086 liquet,
3200 1015 3428 1070 Paulum
3458 1018 3589 1072 inter
3616 1028 3662 1073 et
3682 1019 3785 1073 Bar.

2273 1108 2468 1161 naham
2522 1107 2853 1174 dissensum,
2883 1117 3007 1176 post
3035 1123 3203 1161 unum
3238 1107 3537 1163 alterumve
3582 1126 3783 1167 mensem

2272 1214 2299 1252 a
2328 1209 2517 1253 coacto
2549 1198 3037 1271 Hierosolymitano
3083 1200 3319 1255 concilio
3349 1201 3621 1255 accidisse.
3656 1203 3785 1258 Anno

2271 1298 2451 1341 autem
2509 1288 2841 1360 Dionysiano
2883 1289 2944 1343 51
3002 1289 3247 1343 habitum
3307 1289 3477 1345 luisse
3533 1293 3783 1346 concilium

2269 1379 2419 1445 illud,
2438 1389 2553 1435 rata
2572 1389 2653 1435 est
2680 1380 3037 1436 celebriorum
3062 1382 3517 1452 chronologorum
3543 1383 3781 1452 Opinio“:

2268 1471 2510 1541 adeoque
2536 1472 2640 1527 hoc
2688 1473 2807 1543 ipso
2840 1489 3005 1539 anno,
3044 1475 3159 1529 sive
3204 1484 3265 1530 ut
3295 1475 3531 1530 maxime
3580 1476 3672 1531 sub
3697 1478 3783 1531 ini-

2267 1565 2400 1617 tium
2463 1564 2798 1635 insequentis
2849 1566 2918 1621 52
2952 1565 3220 1621 ‘Barnaba:
3272 1584 3303 1621 a
3345 1565 3514 1622 Paulo
3559 1568 3785 1624 discessio

2264 1655 2559 1724 contigisse
2582 1655 2812 1711 videtur.
2846 1656 2965 1711 Jam
3006 1673 3137 1712 vero
3168 1669 3406 1729 quatuor
3445 1667 3537 1713 aut
3580 1660 3783 1730 quinque

2195 1739 2239 1796 Β
2264 1755 2387 1816 post
2413 1760 2587 1801 annos
2611 1747 2679 1802 ab
2709 1762 2775 1803 eo
2796 1748 3050 1813 divortio,
3080 1760 3376 1821 utrumque
3403 1751 3590 1805 iterum
3618 1767 3783 1808 conve-

2260 1838 2429 1902 nisse,
2460 1836 2603 1892 haud
2626 1838 2877 1906 obscure,
2910 1856 3029 1896 meo
3070 1841 3291 1910 quidem
3335 1841 3539 1909 animo,
3562 1852 3599 1896 ‘e
3634 1842 3783 1912 priore

2259 1926 2325 1980 ad
2359 1925 2669 1981 Corinthios
2700 1926 2939 1998 Epistola
2983 1930 3260 2002 colligitur
3289 1931 3357 1985 θ’.
3380 1929 3456 1985 lbi
3505 1932 3638 1985 enim
3669 1931 3781 1986 Bar-

2259 2018 2413 2074 nabze
2440 2020 2588 2075 velut
2618 2022 2752 2076 socii
2795 2023 3045 2078 fidissimi
3093 2024 3345 2078 meminit
3394 2024 3672 2094 Apostolus
3711 2024 3779 2078 his

2256 2113 2437 2169 verbis
2466 2131 2479 2169 :
2511 2113 2763 2185 Nunquid
2809 2132 2910 2169 non
2937 2116 3182 2170 habemus
3208 2126 3522 2184 potestatem
3546 2116 3777 2169 mulierem

2255 2221 2484 2258 sororem
2521 2206 2964 2270 circumducendi,
2998 2208 3134 2261 sicut
3182 2217 3229 2262 et
3264 2208 3444 2262 cwteri
3490 2207 3712 2276 apostoli,
3737 2214 3778 2259 et

2255 2296 2445 2364 fratres
2476 2294 2711 2359 Domini,
2744 2306 2791 2350 et
2831 2295 3068 2365 Cephas?
3091 2296 3196 2350 Aut
3226 2313 3323 2366 ego
3354 2295 3494 2349 solus
3522 2304 3568 2348 et
3596 2294 3774 2347 Barna-

2253 2392 2344 2445 bas
2388 2408 2489 2444 non
2536 2392 2783 2445 habemus
2825 2401 3131 2461 potestatem
3165 2391 3263 2443 hoc
3293 2390 3581 2459 operandi?
3621 2386 3775 2441 Enim-

2250 2500 2399 2550 vero,
2431 2492 2527 2538 aut
2557 2499 2657 2553 ego
2686 2483 2920 2537 maxime
2964 2482 3143 2549 fallor,
3190 2492 3285 2537 aut
3330 2481 3601 2536 Barnabas
3630 2478 3774 2533 Paulo

2249 2576 2575 2642 adhzrrebat,
2623 2575 2749 2629 dum
2799 2575 2866 2629 de
2915 2590 2981 2630 eo
3024 2575 3140 2629 inec
3175 2574 3448 2629 scribebat
3494 2572 3769 2642 Apostolus.

2248 2664 2405 2720 Prior
2430 2674 2609 2721 autem
2639 2666 2704 2720 ad
2754 2664 3068 2722 Corinthios
3113 2664 3357 2735 Epistola
3390 2682 3532 2721 anno
3558 2663 3621 2719 56
3648 2662 3769 2719 desi-

2247 2767 2407 2813 nente
2431 2759 2496 2826 9',
2515 2759 2598 2814 vel
2620 2758 2688 2814 57
2723 2758 2942 2814 ineunte
2970 2759 3036 2825 9’,
3064 2758 3266 2827 scripta
3297 2753 3771 2829 perhibetur.Undc

2246 2864 2477 2919 pronum
2528 2860 2611 2906 est
2658 2865 2889 2921 arguere
2936 2849 3263 2917 Barnabam,
3321 2861 3599 2920 postquam
3655 2860 3706 2901 se
3742 2860 3768 2902 tt

2244 2936 2413 2994 Paulo
2444 2939 2778 3009 sejunxerat,
2814 2956 2959 2995 anno
2988 2940 3079 3006 Si,
3121 2940 3233 3010 jam
3280 2941 3407 2995 inde
3434 2946 3770 3009 postquatuor

2244 3030 2326 3083 vel
2351 3030 2589 3101 quinque
2620 3046 2885 3085 annorum
2930 3030 3183 3100 spatium,
3211 3041 3271 3085 ut
3296 3031 3458 3085 modo
3503 3028 3766 3089 innuimus,

2244 3120 2297 3176 in
2327 3121 2445 3191 ejus
2473 3121 2688 3176 demum
2721 3121 3033 3176 societatem
3079 3121 3311 3176 rediisse
3342 3141 3355 3177 :
3390 3132 3449 3176 ut
3474 3119 3684 3190 proinde
3701 3115 3765 3170 nil

2241 3210 2463 3277 mirum,
2504 3209 2551 3265 sl
2594 3208 2819 3265 Joannis
2849 3209 3015 3265 Marci
3048 3209 3310 3267 Barnabas
3340 3210 3641 3267 consobrini
3667 3223 3765 3262 me-

2239 3301 2456 3356 minerit
2484 3301 2774 3370 Apostolus
2805 3317 2947 3356 anno
2978 3302 3066 3367 62,
3097 3302 3225 3357 dum
3255 3304 3324 3358 ad
3377 3303 3706 3359 Colossenses
3722 3306 3765 3353 et

2238 3392 2304 3446 ad
2337 3390 2704 3447 Philemonem
2739 3391 3031 3459 scriberet;
3073 3390 3365 3462 ipsumque
3411 3392 3464 3447 in
3497 3390 3673 3461 primis
3694 3401 3763 3441 re-

2237 3492 2455 3539 censeat
2494 3498 2638 3537 anno
2688 3482 2777 3546 67,
2825 3499 2933 3552 quo
2982 3484 3277 3538 secundam
3332 3484 3399 3539 ad
3451 3481 3763 3537 Timotheum

2235 3574 2455 3643 Scripsit
2502 3573 2819 3644 Epistolam,
2868 3574 3007 3630 inter
3032 3590 3127 3629 eos
3159 3576 3341 3631 socios
3383 3592 3413 3631 e
3450 3573 3637 3645 quibus
3675 3567 3761 3624 sibi

2234 3665 2614 3720 assistentibus
2649 3674 3009 3735 opportunum
3042 3665 3094 3720 in
3123 3665 3238 3721 suis
3267 3667 3498 3723 vinculis
3535 3662 3758 3720 solatium

2235 3756 2420 3811 Roma:
2448 3757 2730 3827 reciperet.

2301 3847 2486 3920 Neque
2508 3859 2715 3905 tantum
2748 3850 3028 3906 desinente
3055 3866 3199 3906 anno
3244 3850 3335 3920 56,
3374 3850 3466 3907 sed
3501 3847 3651 3904 etiam
3675 3842 3760 3899 sub

2230 3944 2509 4013 sequentis
2557 3943 2625 3997 57
2678 3943 2836 3998 ﬁnem
2889 3943 2971 3999 vel
3017 3942 3251 3999 fortasse
3302 3943 3522 3999 ineunte
3557 3940 3637 4005 58,
3666 3951 3757 4007 quo

2229 4042 2474 4105 tempore
2520 4036 2789 4104 posterior
2823 4034 3082 4104 inscripta
3113 4033 3212 4090 fuit
3243 4034 3542 4091 Corinthiis
3569 4030 3757 4100 Episto-

2228 4126 2278 4181 la
2337 4128 2403 4193 ⁸⁵,
2438 4126 2599 4181 vitam
2645 4127 2823 4182 adimo
2865 4126 3037 4195 egisse
3090 4125 3417 4193 Barnabam,
3462 4124 3755 4181 censuerunt

2228 4219 2475 4274 nonnulli
2521 4217 2877 4274 ecclesiastici
2934 4218 3228 4287 scriptores
3282 4217 3493 4274 Joanne
3539 4216 3752 4283 Chryso-

2226 4323 2406 4367 stomo
2431 4311 2789 4381 antiquiores.
2819 4310 2897 4363 Ad
2924 4310 3014 4364 illa
3042 4310 3184 4365 enim
3208 4310 3452 4380 Apostoli
3482 4307 3635 4363 verba
3664 4302 3705 4336 ’³⁸
3732 4318 3746 4352 :

2227 4402 2473 4456 Misimus
2515 4401 2675 4456 etiam
2712 4417 2830 4454 cum
2860 4399 2953 4455 illo
3000 4401 3239 4469 fratrem,
3286 4400 3437 4469 cujus
3473 4399 3584 4452 laus
3613 4401 3679 4448 est
3706 4391 3750 4444 iu

2227 4491 2511 4564 Evangelia
2537 4508 2627 4562 per
2648 4508 2822 4546 omnes
2836 4490 3120 4556 Ecclesias,
3160 4490 3273 4546 haec
3296 4490 3517 4545 adnotat
3537 4488 3749 4554 Chryso-

2224 4596 2433 4642 stomus
2470 4584 2554 4639 9°:
2622 4584 2732 4637 Kal.
2771 4582 2853 4646 τίς
2905 4577 3057 4646 οὗτός
3102 4584 3246 4636 ἐστιν
3277 4586 3305 4638 ὁ
3336 4580 3586 4651 ἀδελφός
3614 4571 3746 4635 TW?»

2227 4679 2325 4749 μὲν
2354 4677 2445 4732 τὸν
2476 4678 2706 4731 Λουκςῖιν⁹
2744 4675 2835 4731 καί
2876 4693 3005 4746 φασι
3052 4674 3140 4729 διὰ
3184 4675 3281 4747 τὴν
3325 4674 3554 4745 ἱστορίαν
3596 4669 3746 4739 ἥνπερ
3786 4710 3789 4721 »

2221 4769 2441 4841 ἔγραψε.
2484 4767 2638 4831 Τινὲς
2681 4767 2737 4821 δὲ
2786 4767 2876 4820 τὸν
2921 4767 3221 4837 Βαρνάϐανδ
3277 4768 3369 4828 καὶ
3420 4765 3528 4837 γὰρ
3570 4758 3654 4815 καὶ
3694 4753 3745 4806 τὸ

2222 4861 2465 4933 ἄγραφον
2517 4862 2774 4932 κήρυγμα
2813 4856 3138 4926 Εὐαγγέλιον
3204 4856 3370 4911 καλεῖ.
3432 4856 3494 4909 Et
3532 4851 3741 4923 quisnam

2221 4961 2295 5005 est
2335 4950 2419 5004 hic
2466 4950 2677 5019 frater?
2714 4947 2969 5002 Nonnulli
2997 4947 3201 5017 quidem
3233 4948 3313 5002 Itis
3357 4946 3518 5001 verbis
3566 4940 3739 4994 Lucam

2220 5044 2511 5114 significari
2557 5052 2741 5113 putant
2774 5058 2792 5095 :
2826 5052 2981 5112 atque
3025 5043 3119 5095 hoc
3178 5042 3359 5095 dicunt
3406 5046 3607 5110 propter
3641 5040 3737 5084 eam

2221 5130 2496 5184 historiam
2530 5146 2687 5201 quam
2732 5130 2923 5184 litteris
2954 5131 3239 5184 mandavit.
3272 5129 3381 5183 Alii
3421 5143 3532 5184 vero
3552 5124 3734 5179 Barﬂa‘

2221 5220 2337 5274 bant
2367 5235 2385 5272 .'
2413 5221 2600 5274 etenim
2641 5221 3069 5290 prwdicationem
3108 5237 3308 5292 quoque
3355 5237 3456 5275 non
3492 5215 3733 5284 scriptam:

632 5391 677 5421 ⁸³
708 5390 945 5458 Fabric.,
980 5393 1121 5449 Bibl.
1154 5395 1269 5460 (ἔτη
1299 5406 1432 5452 tom.
1463 5396 1535 5461 Χ,
1560 5414 1680 5467 pag.
1712 5398 1836 5454 475.
1865 5401 1911 5431 ⁸⁸
1932 5401 2087 5454 Alex.
2112 5402 2145 5454 lli

632 5461 837 5517 a-locut.
857 5463 925 5516 ad
956 5465 1150 5519 Annal.
1172 5466 1319 5528 eccl.,
1347 5477 1475 5521 tom.
1508 5468 1546 5528 Ι,
1573 5468 1603 5528 §
1633 5471 1714 5522 l2.
1741 5467 1801 5500 ’⁸⁸
1827 5469 1926 5528 ω..
1958 5469 2145 5528 ibid..s

2230 5424 2280 5465 ι.,
2308 5402 2449 5471 apud
2488 5402 2906 5485 Bdlandalze"
2937 5420 3086 5456 num.
3124 5403 3261 5526 8,
3293 5404 3416 5459 458.
3458 5403 3500 5434 ⁸⁸
3530 5399 3727 5451 ΒῧΓθηιν

2230 5489 2315 5527 an.
2348 5473 2436 5528 51.
2469 5472 2583 5528 853
2609 5482 2661 5525 et
2690 5475 2835 5527 altln.
2877 5473 3168 5528 "Tillem"
3232 5475 3358 5528 lem.
3378 5473 3518 5528 εστι,
3544 5480 3659 5521 tom.
3692 5459 3725 5522 Ιν

560 5461 837 5545 pra-loqur}.
857 5463 1150 5545 a‘t‘l'__Annal.
1172 5466 1475 5545 eccl.,nt_0I_n..
1508 5461 1610 5545 l,'§_
1633 5461 1801 5545 leg“
1827 5469 1926 5538 ld.,
1958 5461 2315 5545 ibid.,_ad__an.
2346 5461 2494 5545 51,νὲ
2514 5461 2583 5527 53
2609 5482 2661 5545 et
2690 5475 2835 5527 alibi.
2877 5461 3175 5545 έ⁷Τι11ωη.,’
3204 5461 3358 5528 Mem.
3378 5473 3572 5545 cecinit

1333 5534 2149 5612 f‘iMazioehuComment.,_vol.
2184 5542 2246 5612 Il,
2280 5559 2398 5612 pag.
2427 5534 2680 5598 535-557.
2722 5544 2765 5577 ⁸⁹
2806 5545 2922 5599 Act.
2948 5561 3035 5606 xv,
3074 5544 3263 5599 50-56.
3306 5546 3350 5577 9°
3380 5534 3721 5612 Vid._Ti|lelli-o

558 5546 682 5606 pag.
708 5531 968 5606 412,655
992 5544 1045 5589 et
1079 5552 1228 5606 seqq.

560 5600 1058 5677 tifénz_.__eccl.,tom.
1100 5600 1284 5677 Lpag.
1315 5608 1441 5662 545.
1518 5611 1561 5640 θί
1593 5608 1612 5659 l
1649 5600 1773 5676 Cor.
1810 5625 1885 5671 IX,
1914 5612 1965 5673 5,
2000 5600 2050 5665 6.
2130 5614 2145 5645 ⁸

2230 5600 2456 5676 ratein,
2478 5614 2512 5664 I.
2538 5629 2622 5674 c.,

3290 5493 3358 5528 nt.
3378 5473 3518 5531 εστι,
3544 5480 3659 5521 ιοιη.
3692 5459 3725 5522 Ιν

2663 5629 2715 5683 p.
2747 5615 2868 5669 563.
2946 5617 2994 5649 9'
3021 5603 3205 5668 Pears.
3254 5614 3446 5668 Annal.
3485 5603 3651 5683 Pgtfl-v
3678 5613 3721 5665 Ρ*

557 5671 646 5756 is;
690 5668 1370 5756 ΒΙἎ1.,.ΡζἼθΙςςοηξ.;αᾶιλῖ.
1398 5678 1457 5731 Τ.
1479 5678 1665 5756 ,λς-εχ
1702 5668 1749 5712 δι
1775 5668 2011 5756 Τίιῐειιές,
2038 5680 2140 5735 Pea

2230 5692 2324 5756 “et
2349 5668 2476 5737 Mill.
2504 5668 2753 5749 luciscit.
2832 5687 2877 5717 ’⁵
2902 5684 2943 5736 ll
2982 5684 3106 5739 Cor.
3131 5702 3225 5739 vm
3246 5731 3260 5756 ,
3302 5684 3384 5739 18.
3462 5683 3502 5716 ⁹⁶
3529 5676 3717 5741 Chrys"

557 5741 706 5809 hom.
749 5739 804 5811 8,
832 5742 884 5795 in
916 5739 1085 5812 Epist.
1119 5744 1180 5801 Il
1214 5748 1282 5802 ad
1315 5748 1459 5819 Corn,
1481 5739 1593 5823 '§Vl,
1628 5748 1763 5823 Opp.
1790 5739 2152 5837 tom.X,pag.
2175 5752 2294 5810 564.
