4066 6330
262 306 373 362 697

1592 284 2116 343 PROLEGOMENA.

3385 272 3489 331 698

262 420 610 494 Erangelium
646 425 929 484 nuncupat.
985 412 1141 470 Unde
1202 412 1385 467 videas
1432 410 1823 481 Chrysostomo
1853 410 1900 466 Α
1928 414 2030 461 stet
2056 401 2379 466 Barnabam,
2410 397 2655 467 adeoque
2684 393 2948 494 Joannem
2982 391 3238 494 Marcum
3268 405 3487 494 Iconso-

261 513 399 568 item
424 508 641 581 probari
656 522 844 563 eorum
870 513 1109 561 veterum
1138 504 1461 573 scriptorum
1481 500 1825 565 sententiam,

258 604 365 674 qui
388 601 631 671 Apostoli
661 599 822 654 verba
857 598 922 652 de
954 596 1200 651 Barnaba
1227 596 1444 650 fuerunt
1468 591 1824 663 interpretati.

261 697 473 753 Verum
534 692 875 762 apertissime
915 689 1279 743 Theodoritns
1332 688 1385 741 in
1444 685 1696 740 eumdem
1746 683 1828 737 lo-

257 803 395 845 cum
426 788 469 820 "
498 806 511 841 :
542 786 646 839 Τὸν
692 782 1088 856 τρισμακάριον
1137 777 1417 849 Βαρνάϐαν
1452 775 1521 829 τὰ
1566 774 1827 845 εἰρημένα

256 877 676 956 χαρακτηρίζει.
718 875 887 937 Αὐτὸς
918 873 1025 944 γὰρ
1067 874 1162 926 κα¹ι⁸
1204 874 1260 923 ὲν
1297 868 1592 939 Ἀντιοχείᾳ
1616 867 1711 921 σὺν
1749 866 1827 937 τῷ

260 971 522 1044 μακαρίῳ
584 969 797 1040 Παύλῳ,
853 969 953 1039 τῆς
1009 965 1335 1039 χειροτονίας
1390 964 1673 1033 τετύχηκε,
1731 960 1824 1015 τοῦ

255 1064 413 1118 θείου
444 1062 757 1132 Πνεύματος
789 1060 1085 1131 εἰρηκότος·
1135 1058 1472 1126 Ἀφορίσατε
1494 1054 1567 1121 δή
1596 1071 1698 1123 μοι
1721 1052 1827 1106 τὸν

254 1155 579 1224 Βαρνάϐαν
624 1155 719 1209 καὶ
745 1156 851 1209 τὸν
874 1155 1128 1217 Σαῦλον,
1150 1160 1237 1219 εις
1267 1151 1332 1205 τὸ
1359 1154 1534 1220 ἔργον
1562 1150 1593 1204 ὃ
1639 1164 1824 1217 προσ-

259 1245 555 1314 κέκλημαι
577 1246 817 1311 αὑτούς.
840 1244 968 1299 11(ιέ
1000 1244 1153 1298 verba
1173 1244 1446 1311 designant
1470 1240 1825 1294 beatissimum

258 1338 590 1393 Bamabam.
622 1338 741 1408 Ipse
771 1355 991 1409 namque
1014 1338 1305 1391 Antiochiw
1331 1352 1446 1389 cum
1478 1335 1625 1388 beato
1651 1332 1824 1387 Paulo

256 1432 538 1484 ordinatus
575 1440 673 1496 est,
726 1431 927 1483 dicente
963 1431 1139 1483 divino
1194 1428 1395 1498 Spiritu
1429 1443 1447 1481 :
1484 1447 1503 1479 ι
1547 1426 1825 1497 Segregate

254 1523 391 1575 mihi
423 1521 727 1575 Barnabam
761 1531 811 1577 et
842 1522 1086 1587 Saulum,
1123 1522 1192 1574 ad
1222 1538 1349 1590 opus
1393 1520 1461 1573 ad
1484 1521 1620 1590 quod
1646 1518 1823 1572 vocavi

254 1630 369 1667 eos.
413 1631 431 1664 i
466 1611 649 1681 Neque
676 1613 818 1667 aliud
851 1628 982 1667 sane
1008 1612 1237 1667 suadere
1281 1612 1493 1664 videtur
1536 1618 1823 1664 contextus

254 1702 543 1759 Paulinus.
577 1703 854 1773 Siquidem
887 1703 1064 1757 verbis
1089 1703 1251 1758 modo
1281 1702 1522 1757 recitatis
1543 1702 1606 1753 de
1630 1703 1815 1771 fratre,

253 1795 411 1865 cujus
459 1794 578 1847 laus
638 1796 800 1847 estin
850 1792 1133 1863 Evangelia
1176 1810 1267 1862 per
1297 1809 1473 1847 omnes
1529 1791 1815 1856 Ecclesias,

251 1884 443 1941 subdit
472 1884 656 1939 statim
690 1883 980 1954 Apostolus
1014 1882 1175 1937 :Non
1214 1882 1384 1937 solum
1420 1891 1614 1947 autem,
1645 1881 1735 1935 sed
1767 1890 1816 1935 et

252 1982 537 2036 ordinatus
578 1990 653 2035 est
704 1997 871 2034 comes
922 1980 1356 2050 peregrinationis
1417 1988 1630 2034 nostraz.
1683 1978 1818 2045 Quis

250 2089 421 2143 porro
444 2090 627 2129 comes
644 2074 783 2128 iste?
806 2072 920 2128 Non
942 2072 1137 2139 Lucas,
1156 2089 1262 2126 non
1289 2072 1452 2136 Silas,
1473 2088 1579 2127 non
1602 2070 1814 2141 Apollo,

250 2180 364 2222 non
396 2164 636 2222 Joannes
663 2166 897 2232 Marcus,
928 2174 986 2219 ut
1027 2165 1271 2219 nonnulli
1311 2174 1521 2219 veteres
1548 2172 1602 2218 et
1632 2178 1818 2218 recen-

248 2260 425 2312 tiores
460 2265 827 2323 censuerunt;
863 2257 957 2312 sed
999 2256 1150 2311 solus
1194 2255 1489 2309 Barnabas.
1542 2252 1639 2307 Hic
1668 2252 1815 2307 enim

246 2364 401 2403 unus
428 2348 622 2419 legitur
636 2347 1030 2419 χειροτονηθεὶς
1053 2344 1575 2417 συνέκδημοςὴμῶν,
1600 2342 1815 2398 utPau-

247 2440 339 2496 l-is
396 2440 596 2495 ibidem
648 2441 923 2511 loquitur;
967 2437 1033 2493 ad
1058 2438 1150 2493 illa
1196 2438 1388 2509 procul
1439 2437 1606 2493 dubio
1644 2434 1817 2511 respi-

246 2533 425 2596 ciens,
482 2546 604 2601 quae
639 2510 823 2585 dese
862 2530 981 2600 ipso
1026 2537 1081 2584 et
1132 2528 1375 2585 Barnaba
1426 2510 1714 2582 traduntur
1760 2526 1813 2579 in

242 2624 401 2683 Actis
429 2624 477 2655 ’⁸
499 2642 513 2678 :
534 2623 643 2677 Kal
662 2621 957 2689 ἐπιθέντες
983 2625 1090 2684 τὰς
1118 2624 1315 2690 χεῖρας
1344 2619 1566 2686 αὐτοῖς,
1592 2618 1812 2674 ἀπέλυο

245 2733 407 2779 σαν,
431 2715 577 2785 quod
610 2715 858 2784 nuspiam
887 2714 953 2768 de
980 2714 1104 2769 aliis
1137 2728 1393 2783 expresse
1419 2713 1669 2783 legimus.

320 2806 464 2873 Quid
496 2806 638 2875 quod
668 2806 808 2860 idem
864 2804 922 2860 S.
964 2804 1205 2861 Joannes
1234 2803 1655 2875 Chrysostomns
1683 2819 1813 2859 cen-

1931 496 2147 551 brinum
2200 506 2381 557 suum,
2438 498 2563 559 post
2616 486 3011 543 discessionem
3068 499 3099 538 a
3149 482 3321 537 Paulo
3370 497 3491 551 qure

1929 606 2072 644 anno
2111 588 2171 643 51
2210 586 2504 656 contigisse
2562 582 2757 637 merito
2810 580 3179 644 existimatur,
3226 577 3491 647 Apostolo

1928 683 2121 738 iterum
2150 681 2260 750 jam
2305 676 2598 733 adhaesisse
2627 690 2771 727 anno
2793 673 2881 738 56,
2914 672 3045 741 quin
3071 680 3125 725 et
3150 670 3205 725 in
3231 670 3369 724 vivis
3396 670 3465 723 ad

1927 776 2034 830 huc
2059 774 2233 845 egisse
2263 785 2407 826 anno
2436 778 2547 823 tum
2571 768 2662 832 58,
2688 777 2801 821 tum
2833 765 2922 831 69.,
2954 780 3127 834 neque
3155 766 3365 834 uspiam
3395 779 3492 832 ap-

1926 874 2136 936 pareat,
2191 863 2371 932 ipsum
2419 869 2546 915 ante
2604 856 3157 928 liicrosolymitanum
3213 855 3489 910 excidium

1926 970 2241 1027 supremum
2296 954 2436 1007 diem
2481 952 2725 1013 obiisse:
2764 960 2819 1004 ut
2864 950 3091 1019 proinde
3127 948 3262 1002 nihil
3310 949 3492 1001 obstet

1926 1062 2036 1117 quo
2058 1046 2240 1099 minus
2271 1051 2391 1114 post
2419 1058 2620 1096 annum
2667 1040 2753 1105 70,
2779 1056 2888 1110 quo
2924 1038 3244 1110 πανολεορία
3274 1038 3364 1092 illa
3395 1037 3491 1091 Ju-

1926 1138 2077 1193 daica
2110 1135 2357 1205 contigit,
2404 1135 2521 1203 ejus
2553 1134 2605 1187 in
2640 1133 2881 1203 Epistula
2912 1148 3010 1187 sua
3049 1131 3363 1186 meminisse
3392 1147 3491 1183 au-

1926 1244 2044 1289 ctor
2084 1232 2340 1303 potuerit.
2382 1231 2581 1285 Verum
2618 1230 2726 1283 hac
2753 1227 2819 1283 de
2857 1243 2917 1282 re
2963 1225 3301 1281 Mazocliium
3328 1226 3391 1280 V.
3422 1226 3485 1280 C.

1926 1324 2077 1379 adire
2104 1330 2325 1393 priestat
2346 1323 2367 1353 ’
2387 1362 2403 1388 ,
2444 1321 2536 1391 qui
2566 1336 2634 1375 ex
2681 1320 2832 1374 Actis
2861 1318 3057 1372 Joanni
3097 1316 3278 1371 Marco
3314 1315 3491 1370 tribu-

1924 1417 1995 1472 tis
2051 1414 2271 1485 copiose
2327 1414 2461 1469 satis
2511 1429 2575 1468 ac
2623 1411 2831 1467 erudite
2879 1410 2947 1464 de
3007 1425 3151 1463 anno
3200 1406 3488 1463 emortuali

1927 1507 1984 1562 S.
2017 1505 2280 1561 Barnaba:
2333 1521 2518 1577 agens,
2570 1506 2747 1573 ipsum
2802 1517 2947 1556 anno
2978 1501 3044 1555 76
3073 1500 3279 1555 Christi
3327 1500 3488 1555 fidem

1923 1614 2026 1655 suo
2066 1597 2333 1665 sanguine
2378 1596 2755 1665 consignasse,
2813 1594 2971 1662 longe
3016 1592 3310 1648 verisimile
3359 1607 3489 1647 cen-

1924 1697 2026 1746 set.
2046 1719 2050 1724 ι

2532 1779 2759 1836 CAPUT
2792 1778 2881 1836 IV.

1993 1944 1999 1953 .
2024 1898 2251 1963 Quanta:
2276 1898 2346 1953 sit
2373 1897 2735 1961 auctoritatis,
2753 1904 2802 1949 et
2827 1895 3013 1966 quanti
3045 1894 3379 1949 wstimanda.

1987 1988 2107 2043 Jam
2142 2004 2292 2055 vero,
2322 1998 2382 2043 ut
2414 1996 2632 2059 quantae
2666 1987 2739 2042 sit
2766 1986 3110 2041 auctoritatis
3141 1986 3328 2040 eadem
3358 1984 3487 2055 Epi-

1918 2081 2081 2147 stola,
2106 2080 2320 2135 demum
2349 2078 2733 2148 dispiciamus;
2786 2078 2932 2131 illam
2986 2077 3209 2131 maximi
3245 2091 3367 2131 οδω
3408 2075 3488 2129 fa-

1916 2171 2163 2226 ciendam
2199 2170 2433 2240 quisque
2474 2168 2597 2238 jure
2635 2167 2914 2233 fatebitur,
2949 2177 3061 2222 tum
3095 2181 3194 2237 pro
3226 2166 3487 2236 dignitate

1916 2272 2079 2333 atque
2121 2262 2523 2318 existimatione
2558 2273 2738 2333 'quam
2784 2263 2913 2316 olim
2976 2261 3119 2331 apud
3173 2259 3484 2316 vetustissi-

1915 2371 2036 2411 mos
2063 2354 2471 2410 ecclesiasticos
2514 2355 2808 2423 scriptores
2848 2354 3106 2420 obtinuit,
3147 2362 3258 2407 tum
3287 2352 3338 2406 in
3370 2351 3487 2422 pri-

1914 2447 2020 2502 niis
2059 2462 2156 2516 pro
2196 2445 2341 2499 illius
2364 2446 2536 2515 pretio
2560 2462 2623 2501 ac
2649 2445 2880 2500 utilitate
2908 2460 3071 2515 quam
3102 2460 3166 2499 ex
3192 2459 3255 2499 ea
3287 2444 3339 2499 in
3378 2441 3486 2498 Ec«

1914 2536 2133 2592 clesiam
2166 2537 2413 2591 derivare
2447 2546 2783 2606 compertum
2825 2549 2928 2591 est.
2966 2556 2983 2587 ι
3029 2535 3093 2591 Ει
3123 2552 3275 2599 sane,
3304 2534 3487 2590 verbis

1915 2636 2036 2682 utor
2060 2626 2310 2682 Daclierii
2353 2624 2416 2681 γ.
2467 2626 2528 2681 C.
2578 2627 2619 2693 ³,
2660 2642 2973 2696 quanquam
3014 2608 3308 2695 Epistolam
3344 2626 3487 2680 hanc

1912 2734 2012 2789 pro
2064 2719 2325 2773 canonica
2375 2727 2427 2773 et
2474 2729 2625 2773 extra
2661 2720 3013 2775 dubitandum
3054 2719 3210 2772 ﬁdem
3246 2716 3485 2786 legitima

1912 2810 2137 2865 minime
2194 2808 2564 2879 proferamus;
2610 2811 2806 2882 stylum
2863 2819 3046 2864 tamen
3096 2824 3153 2864 re
3190 2823 3315 2862 vera
3366 2824 3487 2861 ma-

239 2899 433 2963 suisse
449 2914 689 2975 quoque
706 2898 1021 2963 t'-iéetur~iit
1051 2897 1172 2952 viro
1216 2896 1430 2951 erudito
1467 2904 1711 2950 notatum
1743 2898 1810 2963 9°,
1908 2899 2120 2969 jestatis
2144 2899 2457 2970 apostolica:
2492 2900 2738 2970 dignum,
2777 2900 3172 2969 materiamque
3206 2897 3485 2953 nascentis

240 2998 549 3053 “amabam
598 2994 945 3065 superstitem
993 2992 1169 3046 adhuc
1204 2988 1395 3054 inisse.
1437 2989 1567 3045 dum
1610 2988 1675 3043 ad
1705 2988 1812 3043 Co~
1915 2992 2170 3049 Ecclesiae
2218 2992 2383 3048 rebus
2442 2994 2907 3047 accommodatam
2962 3006 3070 3045 non
3113 2990 3273 3045 modo
3320 2991 3482 3060 sapit,

239 3090 523 3145 lossenses
545 3086 839 3157 Apostolus
868 3085 1149 3139 scriberet.
1177 3082 1337 3138 lnilla
1357 3083 1500 3139 enim
1523 3083 1684 3139 verba
1707 3081 1809 3136 '°°:
1838 3078 1880 3139 C
1914 3086 2006 3143 sed
2031 3085 2408 3158 ingeritetiam
2434 3085 2879 3139 clementioribus
2916 3085 3178 3139 lectorum
3215 3084 3439 3154 judiciis
3465 3099 3480 3137 :

237 3180 462 3236 Salutat
516 3196 668 3234 vos...
723 3177 936 3231 Marcus
983 3176 1323 3230 consobrinus
1370 3175 1651 3243 Barnaba’,
1696 3176 1811 3231 haec

234 3273 412 3329 habet
444 3271 503 3326 S.
540 3272 733 3327 doctor
757 3271 808 3325 ':
842 3270 948 3322 Kal.
968 3267 1153 3321 τοῦτον
1175 3268 1505 3339 ἐνεκωμίασε
1537 3269 1674 3333 τέως
1706 3268 1812 3322 ἀπὸ

232 3367 340 3435 τῆς
382 3362 713 3433 συγγενείας·
772 3361 942 3433 μέγας
996 3361 1103 3432 γὰρ
1132 3356 1201 3430 ἦν
1256 3360 1394 3431 ἀνὴρ
1439 3362 1467 3414 ὁ
1509 3362 1806 3434 Βαρνάϐας.

233 3454 386 3523 Περὶ
415 3455 485 3508 οῦ
532 3452 771 3507 ἐλάϐετε
804 3452 1073 3518 ἐντολὰς,
1103 3452 1209 3505 ἐὰν
1248 3453 1394 3521 ἔλθῃ
1428 3453 1577 3521 πρὸς
1634 3451 1808 3523 ὑμᾶς,

234 3547 501 3612 δέξασθε
556 3548 758 3601 αὐτόν.
803 3545 867 3598 Τί
899 3544 1041 3617 rip;
1075 3544 1174 3598 οὐκ
1225 3545 1468 3615 ἐδέχοντο
1499 3548 1590 3599 καὶ
1644 3546 1811 3618 χωρὶς

231 3637 471 3699 τούτους
503 3634 609 3690 ναί·
644 3633 778 3689 ἀλλὰ
799 3636 947 3705 μετὰ
975 3633 1211 3701 πολλῆς
1243 3633 1351 3703 τῆς
1382 3635 1655 3703 σπουδῆς
1685 3636 1809 3706 βού-

233 3727 439 3799 λομαι,
476 3726 625 3797 φησί·
664 3727 757 3780 καὶ
800 3725 954 3778 τοῦτο
986 3725 1075 3777 τὸν
1112 3724 1278 3796 ἄνδρα
1316 3725 1553 3778 δείκνυσι
1608 3726 1802 3797 μέγαν.

236 3820 403 3879 Hunc
438 3834 639 3891 quoque
655 3818 769 3888 jam
792 3817 1028 3871 laudarit
1054 3833 1117 3870 ex
1148 3818 1452 3888 cognatione
1482 3834 1501 3872 :
1532 3829 1644 3871 erat
1672 3820 1808 3873 enim

233 3912 520 3969 Barnabas
551 3912 628 3965 vir
664 3927 903 3979 magnus.
946 3929 964 3962 ι
1000 3909 1073 3963 De
1096 3928 1197 3979 quo
1218 3912 1494 3980 accepistis
1520 3914 1807 3969 mandata:

233 4006 286 4060 si
322 4005 518 4059 venerit
559 4005 627 4056 ad
658 4020 766 4066 vos,
798 4003 1045 4071 suscipite
1072 4001 1242 4056 illum.
1280 4022 1297 4054 ι
1335 4002 1477 4068 Quid
1516 4006 1673 4058 vero?
1705 4022 1809 4059 non

234 4097 399 4150 aliter
449 4096 835 4164 suscepissent!
864 4094 1111 4149 Maxime.
1162 4094 1265 4150 Sed
1314 4113 1432 4149 cum
1484 4113 1692 4167 magno,
1728 4099 1810 4151 in-

233 4188 375 4259 quit,
407 4188 583 4240 studio
606 4201 625 4238 :
662 4196 712 4238 et
742 4184 836 4238 hoc
886 4201 1130 4253 magnum
1176 4186 1345 4239 virum
1383 4187 1626 4241 ostendit.
1662 4186 1811 4241 Scri-

236 4291 393 4350 ptam
426 4288 605 4333 autem
637 4293 783 4330 anno
834 4277 902 4330 6‘2
947 4276 1118 4332 fuisse
1163 4278 1304 4333 hanc
1356 4277 1421 4332 ad
1456 4278 1809 4334 Colossenscs

237 4371 563 4443 Epistulam,
610 4385 673 4422 ex
713 4369 950 4422 virorum
977 4369 1313 4424 eruditorum
1345 4371 1613 4424 sententia
1646 4386 1806 4441 snpe-

234 4465 358 4519 rius
391 4463 643 4516 vidimus.
680 4461 755 4515 Ex
787 4462 987 4531 quibus
1017 4478 1169 4531 ergo,
1218 4462 1263 4517 si
1313 4463 1513 4532 prioris
1551 4462 1806 4533 Epistolze

234 4555 604 4612 Corinthiaca:
652 4553 816 4607 verba
849 4553 901 4606 in
934 4554 1172 4607 medium
1204 4554 1435 4609 adducta
1467 4555 1632 4624 probe
1661 4555 1805 4610 acci-

233 4654 489 4723 piantur;
524 4652 569 4707 si
595 4648 1007 4712 Tlieodoritum,
1037 4646 1301 4702 Joannem
1347 4647 1801 4720 Clirysostomum

232 4758 443 4812 eosque
467 4744 762 4812 scriptorcs
784 4740 1185 4794 ecclesiasticos
1226 4754 1364 4808 quos
1392 4739 1531 4794 idem
1579 4749 1801 4795 sanctus

230 4836 426 4891 doctor
458 4835 747 4900 collaudat,
782 4848 893 4902 pra:
936 4831 1244 4887 Alexandro
1292 4832 1584 4896 monacho,
1611 4840 1669 4886 ut
1705 4848 1803 4903 par

230 4936 339 4993 est,
390 4926 681 4981 audiamus
713 4944 725 4977 :
758 4924 1193 4980 concludendum
1234 4923 1477 4993 profecto
1513 4925 1636 4989 erit,
1683 4927 1801 4980 ina-

232 5037 360 5079 nem
396 5033 519 5073 esse
545 5015 800 5070 Tcntzelii
846 5015 1229 5085 ohjectionein,
1262 5015 1407 5069 illius
1433 5024 1639 5070 tantum
1684 5034 1795 5073 mo-

232 5113 400 5169 nachi
444 5109 628 5182 Cyprii
678 5108 990 5164 testimonio
1020 5107 1455 5176 innixam;cum
1505 5110 1638 5163 satis
1669 5126 1802 5165 con-

1909 3181 1983 3236 ita
2014 3189 2092 3247 ut,
2144 3180 2189 3235 si
2231 3178 2486 3251 πορφύρα
2530 3176 2679 3249 παρὰ
2724 3177 2821 3249 τὴν
2862 3176 3145 3249 πορφύραν
3185 3172 3482 3249 διακριτέα,

1910 3271 2152 3343 profecto
2190 3271 2257 3327 de
2295 3287 2393 3327 sua
2424 3286 2548 3325 cum
2582 3279 2900 3324 cancrorum
2940 3269 3312 3338 apostolorum
3344 3268 3484 3323 scri-

1911 3363 2017 3433 ptis
2067 3362 2499 3432 comparatione,
2560 3360 2882 3430 sull‘ragium
2928 3360 3229 3414 secundum
3264 3375 3485 3429 sperare

1910 3454 2121 3509 debeat.
2170 3473 2188 3505 ›
2244 3453 2369 3508 Περι)
2428 3454 2538 3508 ille.
2600 3453 2720 3519 Qua
2762 3454 2828 3508 de
2872 3469 2932 3507 re
2972 3468 3073 3508 nos
3101 3467 3481 3523 quoquenon-

1910 3546 2056 3600 nulla
2087 3546 2249 3615 paulo
2278 3553 2422 3612 ante,
2455 3561 2577 3614 cap.
2604 3546 2659 3609 2,
2694 3546 2997 3615 attigimus.

1982 3639 2116 3695 lllud
2159 3655 2289 3694 vero
2330 3639 2677 3709 potissimum
2722 3638 3157 3693 animadvertere
3186 3637 3407 3707 juverit,
3451 3653 3483 3691 ο

1910 3732 2170 3787 Barnaba:
2222 3731 2461 3802 Epistola
2512 3729 2811 3785 Ecclesium
2868 3732 3194 3785 catholicam
3244 3730 3479 3799 praesidii

1907 3826 2202 3896 plurimum
2244 3833 2424 3893 petere
2455 3823 2521 3877 ad
2557 3820 2930 3876 Unitariorum
2962 3822 3292 3891 impietatem
3328 3837 3482 3876 ever‘

1910 3918 2147 3985 tendam,
2179 3918 2595 3986 doctrinamque
2624 3915 2981 3969 orthodoxam
3012 3915 3079 3968 de
3106 3913 3235 3968 Jesu
3273 3914 3479 3969 Christi

1907 4013 2029 4068 Filii
2064 4012 2159 4067 Dei
2189 4015 2256 4084 τῇ
2298 4009 2659 4084 προῦπάρξει,
2688 4008 2914 4079 ejusque
2957 4007 3034 4078 τῷ
3060 4007 3297 4078 ὁμουσίῳ
3325 4005 3479 4061 forti-

1907 4116 1987 4162 ter
2015 4105 2366 4160 astruendani
2393 4100 2883 4169 stabiliendamque
2915 4118 2928 4154 :
2964 4110 3023 4153 ut
3057 4110 3179 4169 post
3220 4098 3435 4152 Bullum
3456 4099 3480 4130 δ

1906 4195 2240 4252 ctGrabiuin
2275 4196 2295 4226 ⁵
2323 4194 2569 4265 pluribus
2606 4190 2841 4247 ostendit
2886 4190 2969 4244 vir
2996 4192 3190 4246 doctus
3234 4190 3481 4246 Pruden-

1907 4290 2016 4344 tius
2058 4284 2315 4342 Maranus
2366 4286 2407 4340 ⁸.
2454 4284 2529 4338 De
2566 4284 2777 4339 caeteris
2813 4298 2975 4351 porro
3008 4282 3333 4338 Christianae
3378 4283 3479 4337 do-

1906 4380 2094 4436 ctrinae
2122 4378 2411 4449 capitibus,
2455 4392 2521 4431 ex
2562 4376 2748 4431 eadem
2792 4375 3030 4445 Episwla
3054 4376 3331 4443 eruendis,
3364 4392 3479 4446 prie

1910 4470 2134 4539 reliquis
2162 4484 2333 4538 nuper
2365 4467 2500 4521 satis
2534 4465 2743 4520 erudite
2780 4465 3040 4519 disseruit
3077 4464 3148 4519 cl.
3196 4463 3477 4519 Mareclia-

1906 4563 1991 4617 lus
2018 4562 2060 4615 ⁷.
2096 4557 2192 4613 llis
2236 4567 2415 4612 autem
2460 4557 2723 4610 hactenus
2760 4554 3064 4609 observatis
3106 4554 3305 4608 addere
3344 4554 3477 4610 libet

1905 4670 1973 4709 ex
1999 4651 2195 4707 Vossio
2226 4650 2247 4682 ⁸
2278 4659 2331 4703 et
2360 4647 2534 4703 liodio
2573 4648 2615 4713 ’,
2661 4646 2715 4700 S.
2760 4646 3063 4700 Barnabam
3098 4645 3358 4714 quamvis
3406 4661 3478 4704 ex

1907 4745 2105 4801 Grieca.
2136 4740 2435 4796 LXXvirali
2498 4740 2747 4793 versione
2776 4737 3071 4807 Scripturaa
3111 4738 3230 4792 loca
3270 4738 3475 4793 descri-

1907 4838 2033 4891 bere
2060 4832 2423 4897 consueverit,
2460 4832 2779 4900 pleruinqne
2825 4839 3004 4883 tamen
3046 4827 3364 4884 llebraicam
3389 4843 3476 4882 ve-

1907 4928 2120 4983 ritatem
2146 4930 2393 4980 secutum
2421 4921 2608 4975 fuisse.
2639 4919 2809 4990 Cujus
2838 4920 3056 4990 quidem
3090 4922 3167 4976 rei
3205 4930 3265 4976 ut
3303 4937 3470 4976 unum

1906 5019 1989 5072 vel
2032 5017 2259 5071 alterum
2300 5012 2607 5082 exemplum
2660 5012 2714 5066 in
2766 5012 3003 5067 medium
3041 5011 3365 5083 proferatur,
3403 5028 3471 5067 ex

1905 5106 2068 5172 LXX,
2092 5105 2244 5161 lsaia:
2273 5119 2423 5171 xxvr,
2459 5102 2544 5170 16,
2587 5102 2701 5157 ιιωο
2728 5103 2921 5158 recitat
2960 5118 3152 5159 auctor
3186 5104 3228 5135 ²⁰
3256 5122 3270 5159 :
3314 5085 3471 5158 ’Ἰδοὺ

305 5322 353 5355 ’⁷
380 5320 657 5375 Theodor.
689 5320 742 5371 in
772 5314 944 5385 Epist.
971 5314 1036 5370 II
1064 5315 1286 5387 adACor.
1321 5332 1422 5387 χιιι
1444 5356 1459 5379 ,
1504 5317 1599 5380 l8,
1638 5316 1721 5381 l9,
1746 5315 1813 5387 0;

1918 5325 2052 5387 tom.
2095 5313 2179 5379 lii,
2215 5330 2341 5387 pag.
2381 5314 2511 5387 245.
2565 5312 2783 5387 A’ﬂA‘ct.
2810 5324 2932 5373 xiii,
2961 5311 3015 5365 3.
3159 5306 3460 5387 Τίιιοιηηηί.

235 5408 310 5453 ιε..
350 5408 404 5460 p.
436 5391 565 5445 413.
619 5390 711 5460 ί¹⁰⁰
741 5376 952 5460 Οοῖοεξ.
988 5403 1059 5450 ιν,
1090 5385 1174 5440 10.
1256 5388 1272 5417 ί
1309 5376 1619 5460 Ch_i-ysost.,
1646 5376 1808 5460 hom.-

1919 5376 2192 5460 ἔπι-βρίμῃ..
2208 5376 2531 5460 ὸάᾯοέοδεη
2560 5382 2587 5455 §
2620 5381 2840 5460 23‘Qpp.
2879 5390 3010 5434 tom.
3058 5377 3149 5441 XI,
3181 5394 3302 5460 pag.
3335 5376 3460 5457 496.

237 5464 257 5495 ⁸
292 5456 561 5522 Mazocli.,
596 5459 883 5514 Comment.
910 5458 962 5510 in
994 5466 1093 5510 vet.
1125 5473 1311 5510 marm.
1348 5456 1602 5523 Kalend.,
1628 5458 1735 5511 vol.
1762 5456 1828 5524 ll,

234 5533 366 5586 edit.
398 5531 661 5612 Menardi,
686 5529 857 5583 Paris.
893 5528 1047 5581 16l5.
1124 5527 1146 5559 ⁸
1176 5525 1316 5579 Bnll.
1348 5527 1464 5649 Heg.

237 5602 441 5649 Annoi.
483 5601 613 5649 ibid.
644 5615 766 5649 nasi.
796 5598 999 5649 21.44.
1076 5598 1097 5628 ⁸
1140 5596 1372 5649 Marum.
1460 5619 1464 5648 λ

236 5602 441 5655 Annot.
483 5601 613 5653 ibid.
644 5615 766 5668 pag.
796 5598 887 5660 21,
911 5598 999 5650 44.
1076 5598 1097 5628 ⁸
1140 5596 1372 5668 Marum,

2097 5457 2124 5486 Ιλζ

1467 5460 1602 5523 ιοητι.,
1628 5458 1735 5511 vol.
1762 5456 1828 5524 ll,
1865 5473 1918 5527 p.
1961 5456 2219 5511 570-572.
2326 5456 2622 5516 'Daclier.,
2654 5456 2824 5573 Epist.
2880 5464 3118 5517 nuncup.
3192 5456 3258 5502 ad
3299 5456 3453 5515 prim.

1467 5528 1596 5609 .ﬁd-
1641 5526 1790 5609 ,Νίεεε
1821 5536 1965 5609 sect;
2000 5541 2182 5609 ".ﬁal”
2215 5523 2323 5597 M
2356 5525 2412 5591 εν
2438 5533 2749 5609 ,θηρείην
2770 5536 2900 5609 £3.9-
2931 5522 2991 5609 ει
3022 5518 3231 5609 5.1:;
3261 5516 3453 5609 “5?ng

1460 5599 1595 5650 ivin.
1631 5596 1697 5651 D.
1736 5596 1808 5651 N.
1840 5597 1898 5652 J.
1925 5597 2013 5661 C.,
2043 5597 2140 5651 lib.
2180 5612 2252 5661 iv,
2292 5612 2412 5666 cap.
2437 5596 2492 5659 2,

2326 5448 2622 5516 ‘Dachei,
2654 5448 2824 5517 Episi.
2880 5464 3118 5517 nuncup.
3192 5448 3458 5517 adprim.

2524 5612 2575 5665 ρ.
2630 5588 2893 5665 Sil-o7}.
2971 5592 2991 5622 ⁷
3020 5588 3284 5665 Mareehz,
3318 5588 3456 5665 Coit-

236 5672 386 5726 card.
420 5670 510 5724 des
540 5658 846 5733 SS.'PEres,
876 5658 1017 5723 tom.
1046 5668 1088 5730 1,
1121 5683 1242 5738 pag.
1278 5667 1301 5719 1
1332 5682 1447 5735 seq.
1524 5668 1546 5700 ⁸
1577 5667 1645 5722 ls.
1678 5667 1863 5736 Voss.,
1890 5667 1964 5738 De
1992 5658 2247 5738 transilit;
2269 5658 2422 5727 LXX
2448 5658 2608 5738 fuit”
2642 5660 3003 5737 cap.2l,pag.
3024 5659 3111 5718 69.
3192 5662 3213 5695 θ
3238 5658 3450 5715 Humfr.

242 5739 381 5797 ilod.
422 5741 495 5796 De
527 5739 665 5795 Bibl.
692 5748 821 5797 text.
855 5740 1013 5809 θήρη·
1038 5734 1137 5799 lib.’
1162 5734 1243 5803 ιιί,
1274 5753 1393 5808 cap.
1416 5734 1478 5803 '3,
1517 5752 1634 5809 pag.
1668 5739 1792 5795 277.
1850 5734 1918 5771 ⁷¹⁰
1940 5737 2104 5794 Barn.
2136 5736 2481 5811 Epist.,_cap.
2509 5734 2562 5791 6.
