4066 6330
555 299 660 356 699

1710 301 1768 356 S.
1808 299 2174 355 BARNABAS
2214 300 2635 356 APOSTOLUS.

3597 305 3787 376 ¹τοο

556 413 829 485 ἐμϐάλλω
881 415 969 480 εις
1007 415 1080 469 τὰ
1127 414 1366 483 θεμέλια
1407 417 1560 472 Σιὼν
1599 418 1772 473 λίθον
1797 419 2124 488 πολυτελῆ,

2239 422 2444 476 subdit:
2483 421 2626 488 Quid
2654 421 2798 473 dicat
2828 422 2861 492 ἡ
2889 421 3090 484 Γιῶσις
3131 420 3416 491 (Cognitio,
3459 422 3575 476 sive
3616 421 3791 476 Scien-

556 505 863 573 ἐχλεκτὸν,
920 507 1363 576 ἀκρογωνια-ἷον,
1407 511 1662 580 ἔντιμον.
1729 511 1900 567 Verba
1946 523 2124 568 tamen

561 599 809 667 proxime
857 599 1244 668 subsequentia
1289 617 1357 656 ex
1412 600 1640 657 Hebrum
1697 604 1843 659 fonte
1891 607 2124 675 repetit:

559 693 670 746 Kal
693 693 761 758 ὃς
787 693 1022 747 ἐλπίσει
1051 693 1143 745 ἐπ’
1169 693 1374 761 αὐτὸν,
1407 693 1641 761 ζήσεται
1675 699 1760 763 εις
1786 697 1892 751 τὸν
1925 698 2127 761 αἰῶνα,

562 786 631 839 Et
678 787 770 855 qui
821 787 1104 854 speraverit
1146 787 1202 839 in
1240 786 1418 853 illum,
1453 789 1584 842 vivet
1628 789 1679 842 in
1719 800 1991 846 internum.
2031 791 2128 846 Ubi

561 877 697 930 LXX
720 897 734 932 :
758 877 868 930 Kal
889 881 922 931 ό
949 879 1246 931 πιστεύων
1269 880 1340 932 οὐ
1359 879 1446 948 μὴ
1475 883 1903 952 καταισχυνθῇ,
1924 883 1993 937 Et
2017 903 2130 940 cre-

559 969 686 1022 dens
738 985 840 1022 non
883 969 1252 1037 confundetur.
1292 971 1433 1026 Alibi
1471 981 1650 1027 autem
1693 989 1758 1027 ex
1796 974 1930 1031 Gen.
1970 992 2030 1039 ιι,
2071 978 2127 1041 2,

563 1059 679 1112 haec
720 1060 882 1113 habet
929 1061 967 1092 “
1025 1077 1039 1115 ;
1099 1060 1211 1114 Kal
1253 1063 1655 1119 συνετέλεσεν
1681 1067 1739 1138 (ό
1766 1067 1930 1140 Θεὸς)
1964 1069 2033 1122 ἐν
2055 1069 2132 1139 τῇ

562 1151 752 1219 ἡμέρᾳ
783 1150 860 1220 τῇ
885 1151 1120 1223 ἐϐδόμῃ,
1146 1171 1200 1210 κ.
1237 1172 1286 1208 τ.
1318 1155 1367 1209 λ.
1413 1155 1484 1210 Et
1522 1163 1898 1214 consummavit
1945 1161 2130 1232 (Deus)

563 1241 619 1292 in
643 1240 726 1294 die
748 1243 988 1309 septima,
1013 1253 1116 1296 etc.
1145 1244 1213 1297 At
1243 1243 1420 1311 LXX,
1440 1245 1510 1299 ἐν
1526 1246 1603 1315 τῇ
1637 1249 1824 1317 ἡμέρᾳ
1851 1250 1927 1318 τῇ
1955 1249 2094 1321 ἕκτῃ
2114 1293 2128 1317 ,

565 1331 621 1383 in
646 1330 729 1383 die
750 1343 920 1385 sexta.
950 1331 1088 1388 Hinc
1136 1332 1192 1388 S.
1233 1334 1596 1408 Hieronymus
1628 1339 1681 1392 in
1725 1339 2131 1400 Traditionihus

566 1420 844 1478 Hebraicis
877 1442 890 1477 :
926 1423 1033 1478 Pro
1074 1426 1159 1480 die
1197 1438 1367 1493 sexta,
1407 1429 1460 1481 in
1508 1428 1730 1484 Hebraeo
1779 1432 1918 1486 diem
1971 1436 2132 1502 septi-

565 1533 705 1569 mam
731 1517 902 1571 habet.
934 1517 1104 1584 Quem
1133 1519 1185 1573 in
1209 1524 1391 1574 locum
1430 1521 1585 1590 plura
1613 1523 1865 1580 observat
1886 1526 2132 1583 eruditus

566 1610 799 1665 Crabius
825 1612 887 1674 ",
921 1611 1082 1682 digna
1126 1627 1259 1667 sane
1295 1629 1417 1683 qua)
1464 1615 1604 1684 apud
1645 1615 1823 1684 ipsum
1863 1619 2130 1688 legantur.

567 1702 684 1756 Alia
731 1719 860 1758 vero
911 1705 1184 1775 ejusmodi
1224 1707 1494 1776 exempla,
1528 1723 1594 1763 ex
1651 1709 1838 1764 eadem
1893 1708 2130 1781 Epistola

569 1796 876 1865 repetenda.
1602 1809 1605 1812 ·

1184 1933 1412 1990 CAPUT
1450 1935 1517 1992 ν.

569 2054 838 2109 Iudicium
866 2056 932 2108 cl.
960 2055 1262 2110 Mazocltii:
1293 2058 1445 2127 cujus
1483 2060 1642 2113 etiam
1691 2061 1912 2117 erudita:
1960 2063 2136 2116 obser—

641 2127 870 2204 vationes
894 2127 945 2178 in
977 2127 1178 2204 aliquot
1204 2128 1437 2204 ejusdem
1471 2129 1884 2204 Epistolazloca,
1919 2133 2132 2204 reliquis

637 2195 927 2249 editoribus
958 2195 1252 2265 praeterita,
1286 2200 1343 2252 in
1371 2195 1600 2254 medium
1631 2201 1990 2257 adducuntur.

643 2307 746 2362 Sed
806 2324 931 2364 ecce
971 2310 1065 2364 tibi
1114 2309 1196 2364 vir
1248 2311 1601 2367 doctissimus
1631 2315 1789 2383 cujus
1822 2316 1987 2384 paulo
2013 2325 2136 2371 ante

570 2400 942 2466 meminimus,
992 2401 1120 2455 dum
1161 2400 1421 2456 Barnabas
1463 2415 1612 2478 gesta
1645 2404 1765 2459 fuse
1790 2407 2138 2476 persequitur

571 2491 819 2560 miraque
850 2490 1050 2560 ingenii
1081 2493 1399 2548 dexteritate
1431 2493 1683 2560 illustrat,
1727 2495 1932 2565 aliquot
1975 2497 2136 2551 etiam

571 2583 692 2652 ejus
723 2582 976 2652 Epistula:
1008 2584 1126 2639 loca
1157 2585 1370 2655 egregie
1391 2601 1492 2655 pro
1516 2578 1676 2642 'more
1703 2603 1807 2642 suo
1836 2589 2089 2644 edisserit
2121 2608 2133 2643 :

572 2683 632 2729 ut
665 2675 892 2745 proinde
930 2692 1106 2746 operte
1130 2677 1360 2748 pretium
1394 2693 1479 2732 me
1509 2677 1778 2733 facturum
1807 2681 2136 2750 existimem,

572 2767 618 2821 si
650 2768 952 2824 luculentas
994 2768 1140 2822 illius
1195 2768 1600 2824 observationes
1652 2770 1756 2826 hoc
1798 2771 1902 2826 loci
1937 2773 2138 2828 deseri-

572 2860 716 2914 bam.
771 2859 864 2914 Sic
904 2869 1082 2914 autem
1133 2876 1190 2915 se
1226 2860 1427 2914 habent
1466 2861 1509 2892 ¹³
1545 2881 1557 2915 :
1602 2881 1620 2912 ι
1657 2861 1732 2916 Ex
1761 2879 1870 2933 quo
1897 2864 2136 2934 primum

573 2958 816 3021 tempore
838 2951 906 3005 ab
929 2950 1420 3020 llugoneMenardo
1435 2953 1708 3022 publicam
1733 2954 1906 3010 lucem
1930 2958 2141 3026 aspexit

574 3042 816 3113 Epistola
843 3061 963 3114 quae
994 3046 1096 3100 sub
1127 3045 1387 3100 Barnaba:
1420 3049 1648 3116 apostoli
1691 3049 1908 3103 nomine
1953 3065 1982 3102 a
2014 3049 2136 3105 Cle-

573 3148 753 3191 mente
781 3138 1170 3205 Alexandrino,
1211 3136 1440 3208 Origene
1469 3149 1521 3194 et
1561 3140 1686 3196 aliis
1731 3141 1947 3197 laudata
1998 3141 2136 3211 fuit;
2165 3117 2206 3174 θ’

573 3235 653 3279 tot
681 3227 792 3295 jam
827 3228 1070 3282 virorum
1115 3229 1607 3285 eruditissimorum
1655 3233 2140 3289 animadversioni—

562 3317 682 3374 .bus
711 3319 901 3386 patuit,
930 3329 989 3386 ut
1011 3336 1474 3390 supervacaneum
1511 3322 1584 3378 sit
1609 3323 1905 3394 quidquam
1932 3325 1985 3381 in
2018 3341 2137 3381 eam

577 3409 702 3460 novi
727 3411 961 3479 aggredi.
994 3409 1196 3465 Tamen
1225 3411 1402 3466 obiter
1442 3413 1588 3469 illam
1624 3417 1962 3485 percurrenti
2006 3418 2143 3473 inei-

577 3499 775 3552 derunt
803 3500 934 3553 mihi
969 3501 1216 3570 quaedam
1263 3503 1385 3560 aliis
1415 3506 1706 3575 praeterita,
1739 3523 1860 3578 qua:
1902 3508 1990 3564 hic
2021 3509 2142 3565 bre-

577 3589 715 3643 viter
738 3606 1098 3660 aspergerem.

655 3699 673 3732 ι
712 3680 885 3750 Caput
911 3683 943 3736 (i
969 3684 1050 3738 sic
1093 3685 1282 3755 incipit
1332 3704 1347 3742 :
1381 3687 1517 3742 Ὅτε
1537 3689 1649 3743 οὖν
1670 3691 1956 3759 ἐποίησεν
1980 3693 2143 3746 ἐντο-

577 3773 717 3840 λήν,
745 3783 849 3829 etc.
882 3775 1014 3829 Cum
1063 3786 1235 3830 autent
1273 3781 1396 3848 fecit
1449 3797 1776 3838 rnmcspruu
1825 3785 2142 3856 (Christus),

579 3866 705 3938 quid
729 3867 900 3921 dicit?
943 3868 1072 3933 Quis
1119 3880 1195 3923 est
1239 3873 1327 3941 qui
1371 3873 1644 3944 judicetur
1681 3879 1999 3932 meeumI’et
2025 3895 2145 3949 quae

580 3975 745 4029 porro
788 3977 854 4016 ex
896 3963 1047 4016 Isaiae
1079 3979 1130 4029 ι,
1163 3963 1215 4028 8,
1248 3963 1300 4028 9,
1335 3966 1546 4021 reeitat.
1580 3967 1677 4024 Hic
1705 3970 1993 4024 observatu
2035 3988 2142 4027 non

581 4052 860 4123 indignum
887 4063 985 4120 est,
1015 4055 1252 4126 ἐντολήν,
1291 4068 1624 4128 prwceptum,
1668 4060 1915 4115 absolute
1961 4071 2014 4116 et
2053 4079 2147 4133 per

580 4145 952 4199 excellentiam
1003 4148 1185 4201 vocari
1229 4146 1406 4214 Patris
1449 4150 1749 4218 jussionem
1794 4152 1860 4207 de
1900 4151 2149 4208 lnearna-

581 4234 729 4288 tione
776 4245 831 4288 et
876 4243 987 4289 toto
1039 4237 1292 4291 humanae
1323 4238 1682 4306 reparationis
1731 4239 1966 4310 negotio,
2001 4242 2144 4310 quod

583 4325 800 4390 ἐντολὰς
844 4327 937 4380 τοῦ
993 4329 1225 4399 Πατρός,
1269 4340 1531 4398 prwcepta
1563 4328 1766 4397 Patris,
1820 4341 1978 4385 vocat
2030 4334 2146 4402 ipse

583 4415 854 4481 Christus,
881 4417 1036 4472 Joan.
1073 4435 1163 4486 xv,
1197 4418 1282 4473 10.
1309 4421 1388 4474 Ac
1411 4420 1661 4476 fortassis
1680 4421 1937 4475 alluditur
1963 4439 1992 4476 a
2021 4423 2145 4477 Bar-

2161 1758 2208 1819 Β

2231 516 2327 585 tia)
2359 517 2545 569 discite
2576 534 2588 546 ·
2621 534 2639 566 t
2686 513 2904 584 Sperate
2940 516 2993 567 in
3031 531 3170 581 eum,
3197 517 3285 584 qui
3312 517 3364 568 in
3393 532 3550 569 carne
3573 517 3789 584 manife-

2229 608 2449 660 standus
2485 616 2565 661 est
2618 608 2780 672 vobis,
2829 605 3031 661 Jesum.
3095 605 3369 670 Γνώσεως,
3413 608 3668 674 scientia,
3699 625 3794 663 no-

2231 693 2375 746 mine
2403 709 2518 748 :evo
2567 695 2863 764 apostolico
2918 695 3214 750 intellectas
3261 695 3430 750 fuisse
3474 712 3709 752 arcanas
3744 709 3796 752 et

2231 786 2549 856 allegorieas
2618 787 2814 842 veteris
2861 786 3081 842 foederis
3123 787 3587 857 signiﬁcationes,
3636 804 3796 843 nemo

2231 876 2466 948 ignorat.
2515 876 2588 932 Ea
2615 889 2698 935 est
2728 879 2904 934 Clavis
2955 879 3211 944 scientiae,
3260 880 3314 933 in
3361 896 3468 949 qua
3514 880 3622 935 sibi
3667 881 3798 951 legis

2231 970 2434 1039 peritos
2500 970 2770 1040 placuisse
2808 970 3062 1027 Christus
3102 972 3308 1026 nutavit
3340 972 3403 1024 “.
3441 972 3510 1026 At
3539 972 3646 1026 hoc
3682 987 3800 1025 am-

2231 1061 2372 1131 plius
2394 1061 2482 1114 hic
2511 1061 3010 1127 animadvertimus,
3059 1062 3282 1126 Γνῶσιν,
3313 1062 3610 1127 scientiam,
3642 1061 3797 1132 quasi

2233 1155 2428 1208 librum
2486 1154 2663 1220 citari,
2703 1164 2757 1210 et
2811 1173 2877 1210 ex
2920 1172 2984 1211 eo
3035 1156 3196 1210 verba
3231 1155 3317 1209 illa
3361 1154 3595 1224 proferri
3628 1174 3642 1208 :
3677 1154 3802 1224 Spe-

2233 1255 2365 1308 rate,
2395 1254 2499 1300 etc.
2534 1244 2690 1311 Quod
2721 1248 2940 1316 quidem
2972 1264 3036 1301 ex
3061 1247 3340 1302 Clemente
3365 1245 3742 1300 Alexandrino
3762 1247 3804 1277 “

2232 1338 2402 1392 multo
2429 1346 2512 1392 est
2553 1338 2879 1404 evidentius,
2921 1339 3013 1394 ubi
3065 1340 3180 1393 haec
3219 1338 3383 1393 verba
3442 1354 3509 1392 ex
3551 1337 3802 1392 Barnaba

2231 1428 2310 1483 sic
2347 1429 2661 1496 recitantur,
2702 1439 2760 1484 ut
2795 1430 2975 1500 φησιν,
3019 1432 3161 1501 quod
3199 1430 3289 1484 hic
3325 1430 3497 1496 deest,
3549 1430 3808 1500 suppleas

2232 1527 2322 1572 tur
2347 1538 2358 1573 :
2393 1519 2534 1584 Quid
2562 1521 2704 1574 dicat
2732 1519 2998 1591 Cognitio,
3024 1521 3213 1574 discite
3239 1535 3258 1574 :
3287 1518 3597 1584 Ἐλπίσατε,
3615 1521 3805 1590 φησὶν,

2233 1613 2324 1667 ἐπὶ
2356 1613 2466 1677 τόν,
2496 1623 2599 1668 etc.
2639 1612 2876 1683 Sperate,
2921 1614 3118 1682 inquit,
3149 1613 3202 1666 iu
3254 1628 3391 1678 eum,
3423 1621 3552 1677 etc.,
3599 1613 3675 1665 uti
3710 1628 3811 1666 su-

2235 1719 2349 1774 pra.
2390 1703 2491 1758 Ubi
2522 1703 2928 1770 animadvertis,
2971 1703 3102 1758 illud
3147 1704 3309 1775 φησίν
3358 1703 3536 1758 aderri
3586 1721 3657 1760 ex
3707 1719 3812 1758 ore

2235 1793 2515 1858 Barnabas,
2551 1795 2739 1866 utique
2776 1809 2844 1851 ex
2877 1794 3204 1865 Cognitionis
3240 1797 3354 1850 sive
3383 1795 3630 1850 Scientiaa
3662 1797 3815 1850 libro

2234 1886 2468 1942 citantis.
2516 1885 2706 1942 Plures
2764 1885 2892 1940 olim
2945 1885 3116 1942 fuisse
3172 1887 3483 1956 hujusmodi
3550 1885 3816 1942 Scientia:

2235 1980 2403 2034 libros
2450 1980 2820 2048 circumlatos,
2857 1981 2926 2037 ab
2970 1979 3174 2035 Iudaeis
3219 1981 3504 2050 allegorica
3540 1984 3819 2036 sectanti-

2237 2073 2336 2128 bus
2367 2073 2728 2142 conscriptos,
2756 2088 2864 2128 non
2895 2083 2978 2128 est
3013 2072 3258 2127 dubium.
3289 2071 3370 2126 Ad
3392 2087 3486 2128 eos
3509 2089 3639 2143 ergo
3667 2073 3821 2132 Bar—

2236 2165 2404 2219 nabas
2431 2165 2746 2234 plerumque
2797 2165 3014 2234 ablegat
3062 2164 3316 2231 lectores,
3367 2164 3461 2218 ubi
3488 2165 3554 2218 ad
3590 2164 3820 2233 allego-

2235 2254 2345 2308 rias
2366 2254 2681 2324 digreditur.
2718 2253 2932 2310 Scimus
2958 2254 3252 2309 hodienum
3281 2253 3334 2307 in
3381 2253 3683 2324 Targumim
3725 2255 3821 2307 lo-

2234 2361 2296 2399 ca
2337 2345 2614 2415 complura
2649 2344 2714 2398 ad
2756 2343 3006 2400 Messiam
3053 2342 3245 2398 referri
3279 2361 3292 2398 :
3331 2343 3476 2413 quod
3514 2358 3577 2398 ex
3609 2344 3820 2398 eadem

2235 2434 2436 2489 Γνώσει
2464 2437 2718 2490 manavit.
2761 2435 3067 2490 Notandum
3116 2444 3199 2491 est
3237 2445 3419 2489 autem
3460 2435 3513 2488 in
3559 2435 3825 2502 ascripto

2236 2531 2376 2597 loco,
2404 2533 2504 2586 etsi
2537 2531 2717 2585 omnia
2762 2530 2940 2585 verbis
2969 2528 3194 2583 totidem
3234 2543 3300 2583 ex
3326 2523 3526 2581 Γνὼσει
3567 2527 3827 2580 reciten-

2236 2633 2344 2689 tur,
2380 2623 2507 2679 illud
2533 2633 2710 2677 tamen
2757 2621 2981 2693 Ἰησοῦν,
3009 2619 3215 2688 Iesum,
3241 2620 3388 2691 quod
3415 2602 3479 2675 ad
3508 2620 3670 2674 linem
3706 2617 3828 2672 ad-

2236 2717 2402 2782 ditur,
2447 2732 2514 2770 ex
2559 2714 2817 2770 Barnabas
2859 2729 3024 2768 manu
3061 2713 3388 2783 profectum,
3431 2726 3536 2766 non
3581 2711 3653 2764 ab
3703 2724 3829 2768 au-

2237 2820 2385 2865 ctore
2411 2807 2682 2872 Γνώσεως.
2726 2806 2896 2874 Quem
2941 2806 3160 2876 quidem
3192 2804 3439 2860 Judaeum
3491 2802 3660 2858 fuisse
3712 2818 3832 2856 ne-

2239 2917 2388 2956 cesse
2442 2911 2544 2967 est,
2595 2900 2801 2971 alioqui
2850 2915 2882 2953 a
2931 2897 3178 2953 Barnaba
3224 2895 3440 2952 Iudaeos
3481 2894 3832 2950 convictum

2239 2992 2462 3045 minime
2497 2991 2798 3046 citandum.
2840 2987 3061 3043 Judaeus
3102 2995 3283 3042 autem
3326 2985 3576 3041 Messiam
3622 2992 3833 3049 norat,

2239 3083 2430 3139 Jesum
2459 3100 2566 3138 non
2592 3093 2772 3138 norat.

2317 3239 2335 3270 ι
2365 3219 2556 3274 Statim
2589 3217 2785 3273 ibidem
2816 3218 3102 3289 sequitur:
3145 3215 3317 3270 Homo
3367 3216 3523 3279 enim,
3572 3213 3648 3284 γῆ
3689 3214 3837 3268 ἐστι

2242 3309 2542 3380 πάσχουσα,
2601 3318 2742 3363 terra
2781 3319 2856 3362 est
2911 3309 3135 3378 patiens.
3187 3307 3424 3375 Apparet
3470 3304 3556 3357 hic
3600 3303 3838 3358 Barna-

2241 3401 2386 3468 ham,
2422 3409 2515 3455 aut
2570 3400 2821 3470 quisquis
2869 3408 2952 3454 est
2996 3408 3205 3462 auctor,
3261 3395 3599 3465 philosophis
3645 3409 3837 3450 aures

2242 3495 2566 3550 admovisse.
2598 3491 2733 3548 Nam
2767 3492 2899 3548 illud
2932 3493 3233 3561 πάσχουσα,
3265 3489 3492 3560 patiens,
3535 3487 3600 3542 ad
3632 3489 3838 3558 philo-

2242 3587 2538 3656 sophorum
2584 3585 2835 3656 τεχνικὴν
2879 3583 3121 3653 γλῶτταν
3172 3591 3256 3638 est
3299 3581 3667 3650 referendum,
3700 3600 3838 3653 qua

2243 3679 2524 3733 materiam
2577 3679 2691 3748 pati
2740 3677 3010 3732 dicebant.
3080 3673 3277 3741 Homo,
3345 3675 3556 3744 inquit,
3612 3687 3698 3729 est
3760 3693 3836 3730 ex

2243 3781 2411 3837 terra,
2452 3785 2560 3824 non
2594 3769 2812 3839 quidem
2858 3777 3070 3839 agente,
3103 3769 3193 3824 sed
3223 3767 3476 3836 patiente.
3501 3765 3674 3834 Cujus
3697 3775 3838 3820 sta-

2243 3866 2340 3921 tim
2367 3864 2628 3919 rationem
2671 3861 2847 3916 reddit
2889 3861 2976 3917 his
3019 3861 3201 3916 verbis
3235 3881 3246 3916 :
3315 3860 3446 3912 Άπὸ
3490 3856 3839 3926 προσώπου

2244 3958 2352 4028 γὰρ
2388 3955 2495 4024 τῆς
2522 3955 2633 4024 γῆς
2655 3956 2692 4022 ἡ
2716 3953 2939 4019 πλάσις
2967 3953 3071 4007 τοῦ
3107 3951 3285 4022 Ἀδὰμ
3313 3950 3567 4019 ἐγένετο.
3597 3949 3642 4002 Α
3677 3950 3841 4018 [acie

2243 4051 2381 4103 enim
2411 4059 2562 4103 terra:
2609 4047 2754 4116 ﬁctio
2810 4046 2927 4116 (seu
2978 4045 3255 4114 formatio)
3287 4042 3415 4096 Adte
3439 4042 3662 4095 exstitit.
3713 4039 3840 4095 Ubi

2245 4139 2608 4210 pulcherrima
2634 4136 3048 4191 l‘lcllenistarum
3073 4135 3278 4190 locutio
3308 4134 3565 4188 occurrit.
3586 4131 3837 4187 Hebrai-

2244 4248 2367 4289 cum
2394 4232 2538 4286 enim
2555 4239 2692 4290 7357::
2710 4229 2944 4299 Mippene
2976 4228 3139 4298 (quod
3161 4226 3329 4281 Judaei
3358 4225 3660 4280 Hellenistae
3685 4241 3834 4294 per-

2245 4333 2426 4393 petuo,
2457 4322 2562 4375 ἀπὸ
2589 4321 2899 4392 προσώπου,
2936 4321 2990 4374 h.
3021 4335 3069 4374 e.
3111 4336 3143 4371 a
3166 4319 3299 4388 facie
3332 4317 3584 4386 reddunt)
3614 4333 3836 4386 quam-

2246 4417 2375 4470 libet
2403 4431 2646 4479 causam,
2682 4414 2844 4468 etiam
2887 4412 3243 4479 materialem,
3276 4412 3354 4465 uti
3397 4411 3701 4480 philosophi
3736 4410 3841 4464 lo—

584 4507 723 4560 naba
746 4509 810 4561 ad
837 4508 964 4562 illud
996 4510 1192 4581 psalmi
1220 4527 1409 4575 xxxrx,
1445 4511 1499 4578 8,
1533 4513 1599 4566 9:
1633 4510 1776 4565 Tunc
1806 4514 1920 4566 dixi
1954 4528 1972 4565 :
2013 4514 2146 4570 Ecce
2179 4510 2222 4565 D
2247 4518 2510 4579 quuntur,
2552 4507 2818 4576 designat.
2869 4505 3013 4576 Ergo
3059 4504 3396 4559 tantumdem
3437 4511 3540 4565 est,
3592 4519 3624 4555 a
3683 4503 3844 4571 facie

585 4598 846 4652 venio.....
887 4607 942 4650 ut
985 4600 1178 4668 faciam
1205 4599 1521 4653 voluntatem
1559 4610 1703 4653 tuam
1727 4616 1745 4652 :
1771 4617 1929 4670 quam
1955 4603 2146 4657 volun-

586 4695 750 4742 tatem
779 4704 900 4743 mox
933 4705 1103 4743 uacum
1133 4700 1290 4744 vocat
1317 4708 1330 4743 :
1360 4689 1499 4743 Deus
1534 4709 1698 4756 meus,
1727 4692 1886 4754 volui,
1914 4701 1962 4744 et
1983 4692 2146 4762 legem

590 4793 735 4835 tuam
764 4781 818 4834 in
847 4781 1016 4834 medio
1047 4783 1218 4836 cordis
1256 4785 1376 4836 mei.
1401 4781 1634 4838 Omnino
1663 4785 1766 4839 hac
1791 4787 2146 4854 praeceptione

588 4872 770 4926 divina
802 4875 972 4942 plenze
1003 4887 1129 4927 sunt
1177 4875 1464 4945 utriusque
1493 4875 1713 4930 foederis
1758 4875 1967 4946 pagina:
1999 4896 2010 4930 :
2045 4878 2147 4932 hoc

587 4977 798 5024 tantum
849 4971 935 5024 hic
986 4987 1210 5037 novum,
1260 4971 1405 5041 quOd
1447 4987 1508 5026 ea
1543 4973 1628 5026 hic
1657 4974 1902 5028 absolute
1936 4990 2145 5027 enicer:-

587 5075 731 5118 P't'uu
764 5073 1118 5132 nuncupetur.
1144 5064 1214 5116 At
1241 5073 1397 5117 vetus
1428 5064 1694 5133 interpres
1716 5064 1813 5119 Dei
1835 5074 2148 5135 prwceptum

588 5155 839 5223 reddidit,
872 5167 931 5209 ut
956 5156 1196 5211 insolens
1227 5157 1480 5227 loquendi
1521 5173 1691 5228 genus
1728 5158 1932 5214 clarius
1977 5158 2150 5214 ellice-

589 5257 694 5306 ret.

668 5361 686 5392 ‹
725 5341 893 5397 Paulo
931 5350 1074 5411 post,
1105 5342 1330 5398 recitato
1371 5341 1537 5399 Mosis
1573 5343 1886 5398 testimonio
1927 5343 1994 5398 de
2035 5343 2150 5398 adi-

593 5430 846 5498 piscenda
880 5442 1020 5487 terra
1058 5433 1254 5489 ﬂuente
1297 5433 1434 5489 laete
1481 5443 1534 5488 et
1584 5435 1763 5503 melle,
1815 5433 1999 5490 statim
2037 5435 2157 5488 haec

2253 4613 2422 4670 teme,
2453 4619 2515 4656 ac
2543 4603 2586 4656 si
2616 4601 2861 4664 dixisset,
2891 4614 2954 4652 ea:
2980 4608 3120 4651 terra
3149 4598 3440 4651 formatum
3471 4611 3589 4651 esse
3615 4596 3836 4651 Adam.

2251 4695 2317 4750 Et
2349 4696 2462 4750 lucc
2487 4692 2648 4749 etiam
2695 4691 2892 4744 ibidem
2942 4690 3167 4745 totidem
3211 4687 3391 4743 verbis
3432 4687 3686 4742 Clemens
3733 4703 3843 4742 re-

2252 4787 2372 4842 fert.
2660 4845 2669 4856 ,

2330 4899 2346 4932 ι
2382 4880 2511 4948 Cap.
2547 4878 2576 4930 '7
2610 4877 2671 4944 ¹⁶,
2710 4875 2869 4930 sicuti
2909 4877 3072 4928 etiam
3113 4873 3166 4928 in
3207 4871 3562 4944 sequentibus
3617 4870 3839 4939 capiti-

2251 4973 2375 5040 bus,
2410 4970 2613 5041 pluries
2658 4967 2786 5022 illud
2827 4965 3150 5037 Προσέχετε,
3198 4963 3489 5026 Attendite,
3531 4961 3840 5016 intercala-

2257 5075 2383 5120 tur:
2435 5065 2579 5134 quod
2617 5061 2888 5132 peculiare
2934 5067 3018 5113 est
3052 5053 3514 5127 ἀλληγορούντων,
3552 5053 3615 5108 ad
3639 5061 3835 5107 atten—

2258 5156 2456 5210 tionem
2487 5152 2806 5209 acuendam.

2333 5266 2350 5297 ι
2384 5244 2512 5314 Cap.
2559 5245 2592 5299 9
2644 5243 2725 5296 ‘7:
2770 5241 2952 5295 Ἀλλὰ
2996 5239 3093 5294 καὶ
3142 5237 3260 5304 πᾶς
3288 5237 3475 5306 Σύρος
3509 5235 3839 5304 καὶἊραψ

2257 5339 2356 5392 καὶ
2382 5337 2600 5402 πάντες
2621 5339 2675 5390 οἱ
2715 5334 2888 5403 ιερεῖς
2909 5333 3026 5387 τῶν
3053 5330 3330 5399 εἰδώλων,
3363 5341 3468 5385 etc.
3503 5349 3517 5383 ε
3561 5327 3751 5381 Verum
3775 5338 3832 5380 et

2259 5433 2427 5486 omnis
2467 5428 2631 5500 Syriis
2657 5437 2706 5482 et
2733 5425 2900 5480 Arabs
2938 5434 2986 5478 et
3012 5440 3186 5478 omnes
3216 5423 3489 5495 idolorum
3524 5419 3832 5474 sacerdotes

665 5581 706 5687 ξξ
735 5613 922 5687 Barn.,
956 5615 1127 5685 Epist.
1194 5631 1312 5687 cap.
1341 5617 1427 5670 15.
1506 5619 1548 5650 ¹¹
1575 5617 1763 5682 Grab.,
1801 5615 1965 5687 Epist.
2015 5618 2084 5670 ad
2099 5615 2156 5669 J.
2182 5611 2317 5669 Mill.
2339 5609 2423 5687 de
2451 5607 2751 5687 lib._Jttdl£.
2779 5603 2988 5687 genuia.
3029 5593 3824 5687 LXX;lntt-z‘vcrquBgﬂ-Aﬁ?-

597 5684 640 5755 '_'
663 5683 924 5747 Mazoeh.,
957 5683 1047 5742 ubi
1099 5683 1279 5755 supra}

595 5751 768 5810 Oxon.
807 5755 963 5811 1715.

1044 5759 1086 5789 ¹⁶
1118 5757 1483 5834 Barn._Epist.
1529 5774 1647 5830 cap.
1679 5759 1729 5814 7.
1809 5759 1849 5791 ¹⁷
1890 5757 2022 5813 Ibid.

1387 5665 1430 5719 ίί
1468 5665 1984 5753 Luc?’§i,"5?2f"'i=
2013 5665 2273 5743 Clenient.
2324 5679 2642 5746 Alexandra,
2690 5665 2884 5732 Strom.
2919 5675 3011 5728 lib.
3049 5688 3101 5738 ν,
3141 5685 3260 5740 cap.
3305 5667 3400 5738 10,
3433 5684 3487 5737 p.
3534 5665 3635 5721 685
3686 5665 3826 5720 edit.
