4066 6330
216 328 351 397 τοι,

1570 318 2097 378 PROLEGOMENA.

3367 322 3475 383 708

215 443 683 499 circumciduntur
732 442 865 510 Quae
897 446 1095 501 merito
1122 444 1491 499 diﬂicultatem
1523 446 1799 497 crearunt.
1830 443 1879 500 Α
1905 439 2087 495 braice
2128 438 2421 509 respondet
2456 455 2686 507 nsnscn,
2734 442 2855 505 via;
2906 457 3031 497 cum
3072 452 3263 498 contra
3293 440 3473 509 οὐδός

218 536 435 593 Verum
467 539 578 591 hzec
618 553 723 590 non
757 548 882 592 sunt
912 539 977 593 ad
1019 540 1349 593 severiorem
1392 536 1653 591 trutinam
1686 536 1803 591 exi-

218 631 442 699 genda,
496 629 590 683 sed
633 630 986 700 παχυτέρως,
1043 630 1432 695 crassiuscule,
1485 630 1801 700 accipienda

218 722 380 775 hunc
435 720 603 775 ferme
663 721 719 774 in
768 723 989 776 modum
1045 741 1057 777 :
1113 723 1302 789 Quivis
1363 720 1570 793 Syrus,
1624 722 1801 790 quivis

217 813 425 877 Arabs,
453 815 633 882 quivis
672 815 1091 868 simulacrorum
1124 814 1379 869 sacerdos
1424 814 1802 868 circumcisio-

218 919 355 956 nem
405 904 674 969 admittit;
707 914 801 957 aut
835 922 848 957 :
887 902 964 958 Ne
1006 902 1128 975 Syri
1160 904 1379 974 quidem
1416 914 1468 959 et
1494 904 1722 968 Arabes,
1749 912 1802 957 et

214 990 438 1057 prolani
462 997 769 1048 sacerdotes
791 1009 821 1048 a
850 994 1263 1053 circumcisione
1301 998 1615 1053 abhorrent.
1650 997 1785 1055 Nam

215 1082 354 1150 quia
386 1083 524 1139 inter
548 1084 713 1155 Syros
738 1098 791 1140 et
815 1088 1041 1153 Arabes,
1067 1090 1314 1159 interque
1335 1090 1593 1162 profanos
1614 1108 1793 1148 sacer-

214 1174 381 1229 dotes
399 1184 601 1240 essent,
625 1178 716 1247 qui
743 1180 834 1233 illo
855 1196 914 1234 se
936 1183 1097 1237 modo
1118 1182 1433 1238 mundiores
1455 1194 1795 1253 praestarent:

217 1264 380 1319 licuit
438 1264 697 1323 Barnabas
754 1272 999 1340 apostolo
1046 1272 1265 1338 dicere,
1317 1274 1793 1331 circumcisionem

217 1358 535 1424 promiscue
572 1359 640 1413 ab
695 1360 799 1415 illis
838 1365 1108 1433 usurpari.
1144 1363 1278 1429 Quis
1333 1378 1443 1420 non
1499 1364 1553 1419 in
1594 1366 1793 1425 talibus

213 1452 421 1507 similia
448 1454 733 1523 loquitur?
758 1456 1025 1513 Caeterum
1051 1460 1291 1517 Arabum
1331 1462 1598 1531 plurimos
1625 1461 1797 1535 fuisse

210 1560 435 1616 verpos,
469 1549 631 1605 sicuti
657 1560 711 1606 et
749 1553 1063 1608 sacerdotes
1094 1553 1400 1627 Egyptios,
1438 1573 1549 1610 non
1585 1565 1667 1612 est
1696 1557 1797 1611 du-

210 1638 389 1694 bium.
442 1640 521 1696 Ac
568 1658 636 1697 ne
678 1643 744 1698 de
790 1642 941 1715 Syris
967 1646 1189 1715 quidem
1225 1656 1307 1704 est
1335 1648 1717 1714 dubitandum,
1748 1649 1794 1703 si

212 1732 439 1801 quidem
470 1749 660 1789 verum
691 1735 765 1791 sit
790 1736 935 1805 quod
975 1739 1184 1808 antiqui
1229 1740 1598 1805 crediderunt,
1631 1740 1795 1797 Plio:-

209 1826 364 1879 nices
414 1828 717 1899 περιτομήν
766 1828 1074 1885 admisisse.
1123 1830 1384 1902 Origenes
1430 1834 1499 1886 ad
1538 1832 1690 1887 Rom.
1732 1850 1789 1899 ιι,

211 1918 306 1986 25,
360 1918 504 1975 inter
546 1908 785 1977 'cazteros
836 1922 1277 1980 circumcisionis
1333 1927 1571 1981 cultores
1628 1928 1791 1983 etiam

207 2008 500 2066 thnices
522 2015 830 2068 numeravit
865 2014 951 2070 his
983 2017 1165 2071 verbis
1196 2036 1208 2071 :
1236 2016 1297 2072 Si
1327 2019 1593 2089 replicatis
1622 2020 1789 2074 histo-

209 2106 318 2157 rias
350 2113 571 2170 vestras,
598 2105 868 2159 invenietis
890 2123 991 2160 non
1018 2109 1189 2162 solum
1213 2109 1591 2182 .Egyptiorum
1616 2132 1792 2169 sacer-

207 2196 379 2262 dotes,
404 2197 495 2249 scd
518 2206 566 2248 et
601 2195 804 2251 Arabas
835 2208 886 2253 et
912 2198 1197 2271 zEgyptios
1226 2212 1276 2257 et
1304 2202 1593 2263 Pumutcns
1622 2208 1791 2263 alios-

204 2303 323 2355 que,
364 2304 585 2357 quorum
610 2291 791 2343 studia
836 2293 1011 2361 gratia
1048 2292 1356 2361 hujusmodi
1401 2300 1789 2367 superstitionis

204 2380 438 2434 nobilius
471 2382 659 2449 vigent.

282 2492 301 2524 ‹
340 2473 573 2542 Cap..l6
606 2475 692 2529 “:
746 2476 932 2530 Adhuc
980 2487 1031 2532 et
1071 2479 1136 2532 de
1190 2480 1382 2550 templo
1413 2482 1588 2536 dicam
1622 2483 1787 2552 vobis,

202 2563 463 2630 quomodo
511 2576 747 2619 errantes
802 2567 1000 2631 miseri,
1035 2570 1127 2622 ἐπὶ
1153 2571 1253 2642 τὴν
1302 2572 1419 2626 ὁδὸν
1443 2574 1696 2644 ἤλπισαν,
1732 2578 1789 2630 in

204 2670 330 2707 Vtut
352 2666 711 2723 speraverant,
737 2667 785 2711 et
819 2661 997 2713 nonin
1026 2660 1195 2715 Deum
1217 2665 1389 2733 ipsum
1417 2667 1506 2736 qui
1532 2668 1655 2737 fecit
1678 2686 1784 2736 eos,

202 2748 354 2815 quasi
398 2748 585 2801 domus
639 2748 738 2805 Dei
768 2761 921 2806 esset.
970 2750 1069 2807 Hic
1116 2770 1225 2808 non
1269 2764 1351 2811 est
1380 2757 1604 2814 dubium
1654 2762 1786 2830 quin

202 2840 341 2904 6605,
372 2841 492 2907 vite,
521 2843 742 2897 nomine
765 2846 1024 2914 templum
1050 2848 1234 2902 veniat
1270 2868 1282 2903 :
1313 2866 1438 2905 nam
1467 2859 1523 2907 et
1556 2852 1610 2906 in
1650 2861 1787 2908 tem-

201 2935 288 3003 plo
318 2944 491 2989 totam
554 2933 869 2989 Judzeorum
925 2938 1179 2993 ﬁduciam
1234 2940 1407 2997 fuisse
1465 2946 1784 3015 repositam,

200 3035 353 3080 notat
384 3026 478 3081 illa
522 3027 753 3083 celebris
796 3029 1182 3096 conclamatio,
1239 3031 1511 3103 Templum
1547 3036 1783 3105 Domini,

1903 532 2230 600 respondeat
2262 530 2528 587 llebraico
2576 548 2724 598 εΑιιιι,
2759 534 2901 602 quod
2941 544 3023 589 est
3050 535 3231 589 limen.
3272 533 3469 590 Verum

1901 624 2183 678 sciendum
2231 634 2317 678 est
2359 622 2683 678 llebraicum
2723 641 2947 691 nsnscu,
2992 642 3113 681 cum
3156 644 3187 681 a
3215 626 3472 680 calcando

1902 716 2105 783 veniat,
2150 733 2257 771 non
2313 725 2522 769 tantum
2562 717 2700 770 viam
2745 718 3076 787 signiﬁcare,
3112 720 3205 775 sed
3235 728 3290 775 et
3325 710 3473 789 paui-

1900 818 2151 875 mentum,
2182 818 2234 862 et
2261 807 2313 861 in
2349 808 2591 863 recitatis
2624 808 2759 864 locis
2789 810 2950 864 etiam
2978 810 3157 877 limen,
3182 812 3327 880 quod
3355 821 3469 866 sla-

1904 900 1999 953 tim
2047 900 2115 954 ab
2160 900 2593 971 ingredientibus
2639 902 2901 957 calcatur.
2953 901 3153 957 Deinde
3198 919 3321 958 cum
3358 902 3469 958 Jer.

1900 1009 2065 1059 xxxv,
2093 994 2146 1056 4,
2162 993 2589 1063 φυλάσσοντος
2618 996 2731 1063 τὴν
2760 995 2921 1062 ὀδόν,
2948 997 3287 1050 custodientis
3310 999 3469 1061 viam,

1897 1100 1997 1155 pro
2023 1085 2112 1138 τὸν
2133 1086 2307 1151 οὐδόν,
2333 1089 2677 1142 custodientis
2706 1089 2864 1142 limen
2891 1090 3037 1159 (nam
3068 1088 3200 1143 iieb.
3221 1101 3303 1144 est
3320 1095 3468 1161 ssrn)

1899 1195 2022 1235 meo
2050 1180 2259 1249 judicio
2291 1182 2529 1250 positum
2586 1182 2926 1249 inveniatur;
2983 1198 3095 1237 non
3140 1183 3298 1238 video
3339 1184 3469 1253 quin

1897 1274 2085 1329 eadem
2123 1276 2351 1329 mutatio
2383 1276 2520 1332 locis
2564 1292 2728 1346 supra
2756 1277 3088 1347 depromptis
3119 1277 3357 1346 potuerit
3382 1292 3472 1331 ac-

1896 1367 2097 1423 cidere.
2132 1366 2412 1422 Postremo
2442 1384 2509 1423 ne
2540 1369 2799 1424 tricemur
2844 1369 3071 1435 diutius,
3122 1370 3167 1424 si
3202 1385 3471 1440 gramma-

1897 1459 2035 1514 ticos
2091 1460 2365 1527 audimus,
2421 1460 2556 1524 ὁδός,
2608 1462 2713 1525 via,
2772 1471 2824 1516 et
2864 1461 3035 1525 οὐδός,
3081 1461 3263 1515 limen.
3301 1477 3469 1517 unum

1895 1552 2147 1619 idemque
2193 1569 2391 1607 nomen
2426 1564 2570 1609 sunt.
2618 1554 2753 1609 Nam
2803 1565 2857 1610 et
2908 1554 3143 1610 Homero
3182 1555 3335 1619 οὐδός
3371 1572 3469 1626 pro

1894 1645 2029 1709 ὁδός,
2084 1647 2191 1711 via,
2255 1658 2553 1717 usurpatur
2609 1668 2621 1702 :
2669 1660 2721 1702 et
2764 1658 2953 1703 contra
2998 1649 3196 1704 Suidas
3238 1657 3470 1703 testatur

1894 1754 2080 1793 vocem
2111 1740 2247 1805 ὁδός,
2291 1740 2335 1795 si
2379 1751 2631 1795 tenuetur
2670 1742 2844 1812 prima
2888 1743 3113 1813 syllaba,
3164 1744 3471 1811 signiﬁcare

1895 1833 2068 1898 οὐδόν,
2113 1834 2149 1887 i.
2183 1849 2233 1888 e.
2282 1834 2462 1899 limen,
2502 1835 2665 1889 allato
2707 1835 2992 1905 Sophoclis
3036 1836 3178 1891 loco.
3218 1835 3376 1891 Paria
3414 1838 3467 1891 in

1894 1920 2181 1977 Eustathio
2230 1923 2490 1993 reperies,
2531 1933 2585 1978 et
2634 1925 2686 1977 in
2738 1924 3024 1993 Sophoclis
3074 1925 3370 1980 scholiaste
3398 1926 3466 1981 ad

1893 2014 2158 2069 celebrem
2178 2016 2296 2085 ejus
2315 2016 2494 2071 locum
2521 2032 2550 2071 a
2577 2014 2743 2070 Suida
2772 2025 2826 2070 et
2848 2015 3133 2069 Eustathio
3164 2016 3465 2073 laudatum.

1893 2106 1969 2163 De
2013 2106 2214 2177 quibus
2266 2107 2389 2163 vide
2445 2108 2508 2164 ﬂ.
2570 2108 2904 2179 Stephanum
2954 2111 3017 2164 η.
3056 2108 3247 2165 Necte
3287 2110 3469 2165 turbet

1890 2201 2038 2271 quod
2065 2201 2178 2255 hazc
2196 2202 2419 2271 antiqua
2443 2212 2497 2256 et
2523 2212 2807 2272 poetarum
2834 2202 3129 2273 peculiaria
3158 2204 3463 2259 videantur:

1891 2310 2018 2348 nam
2050 2294 2105 2348 in
2138 2292 2279 2347 LXX
2323 2303 2378 2349 et
2422 2294 2624 2350 Judaeis
2671 2294 2981 2353 llellenistis
3012 2296 3243 2367 plurima
3267 2313 3467 2352 occur--

1890 2394 2041 2455 runt,
2084 2387 2279 2457 partim
2336 2388 2645 2457 antiquata,
2711 2391 2908 2459 partim
2960 2389 3339 2445 Alexandrina
3373 2398 3467 2445 aut

1890 2479 2121 2533 aliarum
2166 2479 2474 2549 ignotarum
2515 2478 2873 2535 dialectorum
2911 2480 3229 2550 peculiaria.
3285 2498 3304 2532 ι
3357 2478 3464 2535 lla-

1890 2580 2081 2628 cteuus
2112 2568 2175 2624 V.
2208 2570 2267 2625 C.

2496 2682 2725 2740 CAPUT
2766 2682 2853 2738 Vl.

1889 2801 1965 2855 De
1991 2802 2153 2855 variis
2181 2799 2409 2870 ejusdem
2437 2798 2687 2867 Epistola:
2704 2798 3017 2853 editionibus
3039 2816 3098 2851 ac
3116 2800 3464 2859 versiouibus:

1958 2875 2011 2925 in
2040 2874 2226 2941 primis
2254 2886 2370 2925 vero
2397 2876 2459 2924 de
2490 2882 2654 2925 vetere
2678 2870 2874 2923 Latina
2897 2910 2910 2935 ,
2941 2870 3030 2923 ubi
3070 2880 3117 2923 et
3141 2870 3371 2935 paucula
3402 2870 3465 2923 de

1956 2960 2084 2997 cura
2113 2953 2314 2997 ηοδινα.

1959 3036 2078 3092 Jam
2114 3052 2240 3091 vero
2283 3051 2353 3090 ne
2379 3034 2557 3090 oﬂicio
2588 3044 2777 3089 nostro
2806 3034 3022 3104 penitus
3066 3034 3255 3089 deesse
3277 3033 3462 3088 videa-

196 3118 454 3186 templum
504 3118 740 3185 Domini,
792 3129 846 3173 et
890 3122 1036 3191 quod
1080 3122 1238 3176 initio
1286 3136 1473 3180 noster
1503 3126 1571 3181 de
1597 3130 1786 3199 templo
1814 3137 1859 3199 ρ
1891 3144 2035 3195 mur,
2067 3128 2131 3182 ad
2167 3128 2349 3181 varias
2381 3136 2435 3181 et
2471 3126 2691 3196 quidem
2736 3127 2974 3193 potiores
3007 3124 3260 3195 Epistolas
3299 3126 3463 3195 hujus

193 3212 485 3280 proposuit
512 3212 715 3278 dicere,
753 3223 808 3268 et
853 3214 1002 3283 quod
1053 3231 1180 3269 mox
1221 3217 1425 3284 subdit,
1467 3220 1634 3284 Quasi
1675 3222 1782 3291 (via

190 3304 411 3358 scilicet
441 3304 556 3373 illa)
588 3305 777 3358 domus
818 3305 910 3359 Dei
938 3318 1090 3361 esset.
1126 3307 1272 3363 Vidit
1296 3309 1397 3365 hoc
1420 3320 1475 3365 et
1510 3321 1669 3368 vetus
1700 3314 1784 3368 iu-

194 3407 432 3465 terpres,
470 3396 562 3464 qui
601 3411 700 3465 pro
734 3396 876 3461 ὁδόν,
900 3399 1064 3462 viam,
1096 3400 1275 3468 posuit
1299 3402 1497 3465 cedem;
1526 3404 1605 3458 sic
1635 3404 1781 3459 enim

190 3488 434 3543 reddidit
468 3506 482 3542 :
515 3486 581 3540 In
614 3504 773 3544 ,εοειί
801 3506 945 3559 spem
974 3490 1292 3546 habuerunt.
1323 3493 1626 3549 Cotelerius
1662 3497 1783 3565 qui-

189 3580 315 3634 dem
368 3580 434 3633 ad
468 3580 713 3649 quaedam
738 3583 1026 3640 Seniorum
1071 3584 1191 3638 loca
1233 3585 1470 3639 allusum
1521 3588 1776 3656 suspicau

190 3682 306 3736 tur,
341 3671 398 3724 in
425 3672 629 3740 quibus
661 3671 780 3735 ὁδός
806 3672 1058 3728 similiter
1086 3690 1185 3744 pro
1220 3677 1412 3745 templo
1444 3678 1587 3731 sumi
1618 3693 1780 3747 posse

186 3765 433 3818 videtur.
473 3763 669 3818 Verum
698 3774 750 3819 et
778 3766 867 3820 hic
896 3764 1196 3829 Barnabas,
1246 3777 1300 3822 et
1326 3768 1399 3823 ibi
1438 3767 1578 3821 LXX
1605 3770 1776 3834 οὐδόν,

184 3857 378 3922 (interi,
415 3857 708 3927 scripsisse
732 3857 1002 3924 videntur,
1034 3868 1298 3939 consueto
1320 3860 1595 3914 schemate
1619 3871 1778 3915 uten-

187 3959 298 4013 tes,
349 3966 462 4020 quo
508 3966 636 4020 pars
679 3966 777 4019 pro
827 3960 940 4005 toto
980 3951 1237 4019 sumitur,
1281 3962 1335 4007 et
1366 3968 1477 4023 quo
1510 3953 1778 4024 hodieque

189 4044 428 4107 utimur,
464 4044 554 4097 ubi
595 4043 811 4097 Limina
852 4043 1213 4111 apostolorum
1244 4045 1479 4101 invisere
1521 4045 1774 4100 dicimur.

186 4135 505 4206 Legendqu
530 4144 615 4190 est
646 4136 811 4205 igitur
838 4136 937 4188 ἐπὶ
961 4138 1066 4189 τὸν
1091 4134 1337 4189 οὐδὸν-..ζ
1364 4138 1439 4192 ’in
1470 4137 1675 4203 limine,
1718 4138 1773 4191 h.

183 4244 238 4283 e.
273 4226 470 4295 templo
517 4244 661 4295 spem
693 4226 1031 4281 collocantes.
1076 4225 1346 4280 Caeterum
1392 4228 1439 4281 si
1495 4226 1775 4285 Barnabas

180 4323 353 4385 tiam,
377 4320 492 4386 τὴν
517 4319 680 4383 ὀδόν,
701 4320 777 4372 uti
809 4335 956 4374 nunc
986 4319 1203 4390 legitur,
1220 4320 1463 4375 scribere
1486 4321 1769 4385 voluisset,

180 4415 255 4468 ad
286 4415 453 4467 ﬁnem
479 4412 675 4467 οὖσαν
700 4411 997 4481 posuisset,
1024 4427 1130 4464 non
1160 4411 1324 4477 ὄντα,
1362 4412 1507 4482 quod
1531 4429 1637 4467 non
1666 4412 1770 4467 nisi

1885 3221 2153 3276 editiones
2174 3233 2238 3274 ac
2255 3218 2536 3274 versiones
2560 3216 2917 3271 recensendas
2937 3218 3282 3273 accedamus.
3312 3217 3461 3271 Illam

1885 3315 2067 3384 itaque
2092 3314 2305 3383 primus
2359 3313 2511 3381 prelo
2560 3310 3088 3381 subjeceratOxonii
3135 3326 3279 3364 anno
3324 3310 3465 3364 1645

1882 3405 2118 3459 Jacobus
2169 3403 2448 3467 Usserius,
2488 3423 2505 3455 ι
2552 3402 2775 3470 Verum,
2823 3405 3001 3474 inquit
3046 3402 3225 3458 Fellus
3254 3403 3463 3472 ",cjus

1885 3498 2040 3552 urbis
2075 3505 2227 3565 parte
2271 3512 2466 3565 magna
2507 3498 2653 3566 gravi
2702 3496 2952 3551 incendio
3002 3504 3269 3565 correpta,
3306 3506 3461 3566 typo-

1881 3592 2177 3660 grapheum
2209 3605 2330 3642 cum
2370 3598 2479 3642 tota
2520 3587 2880 3657 supellectile,
2914 3587 3129 3642 schedis
3180 3585 3461 3656 impressis

1880 3692 1933 3737 et
1956 3679 2254 3749 exemplari
2288 3680 2425 3748 ipso,
2456 3678 2834 3748 conﬂagravit.
2857 3701 2876 3733 ο

1950 3771 2071 3838 Quo
2099 3780 2278 3827 autem
2319 3770 2490 3825 ferme
2533 3778 2775 3839 tempore
2805 3768 3000 3824 Oxonii
3048 3784 3201 3823 suam
3235 3768 3461 3838 parabat

1878 3865 2171 3920 editionem
2204 3862 2459 3919 Usserius
2480 3903 2494 3927 ,
2524 3862 2592 3917 de
2629 3863 2742 3931 ipsa
2779 3860 3011 3930 Epistola
3044 3859 3268 3915 Parisiis
3309 3859 3462 3914 evul-

1878 3958 2051 4027 ganda
2090 3957 2366 4025 cogitabat
2406 3955 2560 4024 llugo
2602 3953 2911 4016 Menardus,
2953 3952 3255 4006 monachus
3287 3950 3457 4005 Bene-

1877 4049 2115 4103 dictinus
2164 4064 2194 4101 e
2235 4047 2654 4117 congregatione
2684 4044 2742 4099 S.
2791 4043 2986 4097 Mauri.
3032 4042 3260 4113 Jamque
3316 4043 3457 4113 typis

1876 4145 2076 4207 praesto
2112 4146 2230 4190 erat
2255 4152 2416 4206 opus,
2452 4134 2685 4189 eruditis
2720 4133 3166 4187 adnotationibus
3214 4132 3457 4187 illustra-

1878 4239 2023 4295 tum;
2053 4228 2150 4284 sed
2178 4243 2323 4282 anno
2370 4226 2507 4281 16H
2546 4228 2786 4293 ineunte,
2826 4235 3000 4279 morte
3046 4232 3311 4295 prrerepto
3338 4224 3457 4278 viro

1875 4323 2057 4383 docto,
2075 4321 2219 4375 illius
2242 4319 2436 4375 edendi
2456 4335 2645 4374 curam
2672 4319 2723 4371 in
2742 4334 2799 4372 se
2813 4318 3011 4386 recepit
3034 4318 3153 4385 ejus
3171 4317 3454 4397 syncellita

1879 4412 2054 4468 Lucas
2078 4411 2396 4476 Dacberius,
2426 4410 2520 4479 qui
2552 4421 2605 4463 et
2629 4419 2846 4464 auctum
2878 4408 3196 4477 prmfatione
3221 4425 3341 4474 sua,
3372 4410 3455 4462 in-

178 4524 314 4561 cum
345 4506 528 4560 οὺὸόν
551 4506 807 4561 convenit
844 4521 857 4558 :
887 4505 988 4570 ὠς,
1021 4504 1219 4573 inquit,
1247 4504 1392 4557 ὄντα
1413 4505 1580 4558 οἷκον
1600 4506 1767 4560 Θεοῦ.

1886 4513 2138 4575 sequente
2164 4518 2308 4558 anno
2338 4503 2477 4557 1645
2498 4503 2551 4556 in
2584 4502 2758 4558 lucem
2804 4502 3003 4556 emisit.
3040 4499 3109 4555 Ut
3135 4508 3315 4555 autem
3344 4499 3454 4570 pri-

176 4598 361 4660 Idem,
386 4598 463 4651 uti
484 4597 619 4663 dixi,
641 4597 912 4666 judicium
937 4597 1042 4651 erit
1082 4598 1149 4650 de
1178 4596 1313 4651 locis
1361 4596 1771 4654 LXXviralibus

178 4690 252 4746 ΙΙΙ
284 4690 421 4759 Reg.
456 4706 575 4755 vm,
621 4689 813 4755 44-48,
864 4690 919 4743 in
966 4690 1169 4758 quibus
1212 4705 1358 4744 nunc
1402 4690 1771 4756 προσεύξω-

176 4801 350 4838 rat...
379 4782 523 4836 ὁδόν
547 4784 768 4853 legitur,
800 4798 924 4836 cum
968 4781 1257 4851 legendum
1284 4781 1354 4835 sit
1378 4781 1580 4835 οὐδέν.
1623 4783 1767 4836 Ado-

181 4875 385 4928 rabunt
417 4874 598 4940 limen,
630 4882 739 4928 etc.
770 4872 945 4927 Sicuti
974 4873 1138 4927 etiam
1183 4871 1225 4925 ll
1251 4870 1430 4925 Paral.
1465 4888 1540 4939 vt,
1573 4874 1764 4928 54-58.

176 4966 305 5021 Non
358 4966 603 5020 inaudita
653 4978 738 5021 est
786 4966 931 5035 apud
986 4976 1197 5019 veteres
1250 4965 1454 5019 liminis
1497 4966 1764 5021 adoratio.

178 5058 399 5112 Scitum
421 5065 505 5112 est
533 5058 697 5111 etiam
727 5059 987 5128 antiquos
1018 5073 1048 5109 ο
1073 5072 1171 5125 pro
1198 5058 1407 5125 integra
1432 5056 1769 5127 diphthongo

174 5169 254 5203 civ
286 5150 542 5219 primitus
572 5150 860 5220 scripsisse
904 5151 988 5215 (ut
1039 5150 1092 5202 in
1140 5148 1380 5203 nummis
1424 5150 1769 5219 Συρακοςίων

178 5258 285 5312 pro
312 5244 760 5310 Evpaxovciwr,
780 5252 835 5296 et
865 5252 1117 5297 sexcenta
1144 5242 1387 5310 ejusdem
1410 5241 1602 5309 modi),
1621 5242 1766 5311 quod

180 5335 560 5404 postmodum,
594 5335 1026 5405 descriptoribus
1077 5334 1253 5387 fraudi
1309 5332 1500 5398 fuisse,
1534 5349 1642 5386 non
1684 5342 1769 5386 est

178 5427 571 5481 dubitandum.
621 5427 830 5482 Dixerit
871 5426 1071 5496 aliquis
1101 5426 1155 5479 in
1191 5425 1354 5480 modo
1396 5425 1632 5480 laudatis
1665 5424 1765 5479 Se-

177 5524 411 5575 niorum
458 5521 595 5575 locis
638 5519 784 5573 όδόν
826 5535 948 5575 esse
988 5520 1352 5587 retinendum,
1402 5518 1532 5591 quia
1578 5518 1627 5575 ei
1661 5517 1766 5574 lle-

253 5761 297 5792 “
330 5758 473 5813 Bari:
535 5758 728 5821 Euist.,
756 5774 801 5811 c.
833 5758 877 5809 Ἰν

965 5759 1003 5788 ¹⁹
1036 5757 1097 5810 ll.
1131 5757 1292 5825 Steph
1328 5800 1341 5819 ,
1386 5758 1561 5825 Tltes.,
1593 5769 1721 5814 tom.
1760 5758 1821 5824 ll,
1860 5759 1967 5816 col.
2016 5761 2168 5815 H85.

1879 4619 1981 4656 ma:
2016 4601 2181 4670 hujus
2203 4601 2459 4655 editionis
2490 4601 2629 4654 ratio
2658 4597 2846 4652 lectori
2875 4606 3154 4665 utcunque
3180 4607 3452 4665 comperta

1878 4694 1969 4758 sit,
1997 4694 2171 4761 ipsius
2207 4692 2276 4747 cl.
2302 4692 2527 4746 editoris
2563 4690 2726 4743 verba
2760 4690 2850 4743 hic
2892 4688 3204 4743 describere
3231 4686 3450 4755 juverit.

1876 4782 1967 4837 Sic
2012 4784 2176 4853 igitur
2226 4784 2352 4837 ille:
2393 4802 2411 4834 ‹
2462 4781 2515 4835 1η
2560 4780 2840 4835 Philastrii
2878 4779 3117 4849 episcopi
3156 4776 3454 4832 Brixiensis

1874 4877 2129 4930 volumen
2161 4892 2324 4930 manu
2383 4877 2645 4943 scriptum
2677 4889 2707 4927 e
2746 4872 3063 4928 Corbeiensi
3100 4870 3452 4933 monasterio,

1873 4987 1999 5025 cum
2049 4969 2333 5024 incidisset
2377 4967 2671 5037 aliquando
2698 4966 2762 5019 ll.
2796 4964 2855 5019 P.
2884 4966 3116 5018 domnus
3146 4962 3301 5033 llugo
3346 4960 3441 5015 Me-

1876 5062 2109 5126 nardus,
2153 5060 2349 5113 ibidem
2379 5057 2621 5129 proxime
2652 5066 2773 5125 post
2811 5055 3106 5125 Epistulam
3133 5050 3451 5107 Tertulliani

1874 5154 1951 5208 De
1990 5155 2120 5207 cibis
2150 5152 2421 5213 Judaicis,
2448 5150 2709 5205 Barnabm
2730 5151 2948 5203 nomine
2978 5148 3287 5217 insignitum
3323 5144 3454 5214 Epi-

1873 5247 2065 5300 stolam
2092 5262 2196 5299 una
2235 5260 2357 5298 cum
2386 5242 2571 5297 Jacobi
2614 5241 2845 5311 apostoli
2880 5238 3117 5308 Epistola
3148 5236 3451 5306 deprehen-

1872 5340 1994 5394 dit:
2042 5351 2277 5407 moxque
2325 5335 2378 5388 in
2412 5334 2655 5387 animum
2712 5330 2945 5391 induxit,
2973 5344 3092 5381 eam
3148 5335 3209 5379 ut
3233 5341 3298 5379 ex
3333 5323 3453 5394 pul-

1871 5446 1997 5485 vere
2020 5439 2075 5484 ct
2095 5428 2350 5497 squalore
2372 5434 2673 5488 excuteret,
2702 5422 3055 5492 appositeque
3085 5418 3227 5473 notis
3256 5414 3451 5470 diluci—

1872 5526 2050 5581 daret.
2098 5524 2165 5577 At
2184 5521 2312 5592 quia
2357 5536 2421 5575 cx
2480 5518 2817 5588 primoribus
2868 5513 3122 5569 Ecclesiae
3170 5511 3448 5577 Batribus,

2251 5764 2291 5791 ³⁸³
2334 5760 2487 5824 l'cll.,
2522 5759 2726 5829 pra-lat.
2766 5760 2829 5817 ad
2865 5758 3034 5831 Epist.
3074 5759 3304 5819 Barnab.
