4066 6330
601 298 713 357 703

1747 306 1804 362 8.
1844 302 2214 361 BABNABAS
2249 305 2679 366 APOS’I‘OLUS.

3753 291 3856 372 ret

603 417 884 475 Clemente
928 419 1318 485 Alexandrino,
1358 418 1613 490 Origene,
1647 416 2004 485 Tertulliano,
2047 416 2182 472 Gre-
2212 419 2254 475 Α
2284 417 2511 475 Patrum
2607 421 3021 492 apastolicorum
3091 422 3410 479 collectione
3502 422 3854 483 Londineusi.

603 515 759 586 gorio
787 511 1154 580 Nazianzeno,
1183 513 1517 585 Hieronymo
1561 513 1792 581 aliisque
1823 526 1932 564 non
1967 510 2182 581 paucis,

606 606 709 660 hac
763 604 816 658 in
866 604 1109 675 Epistola
1163 605 1492 672 Barnabam,
1543 619 1638 659 seu
1690 604 1938 674 quemvis
1992 602 2183 667 alium,

610 698 797 754 Graece
837 697 1009 754 fuisse
1053 699 1295 754 loculum
1329 701 1469 755 haud
1499 699 1663 754 dubie
1706 698 1993 762 didicerat,
2031 696 2189 752 haesit

603 807 714 845 non
737 806 928 860 parum
956 791 1268 860 implicatus
1298 811 1311 847 :
1339 808 1437 848 nee
1458 791 1724 861 ejusmodi
1750 801 2187 857 monumentum,

603 883 685 937 sic
711 881 1089 951 imperfectum
1115 897 1179 938 ac
1210 879 1378 938 mavis
1407 892 1646 946 scatens,
1676 891 1738 936 ut
1759 883 1850 936 illa
1877 898 1986 952 qua.
2015 883 2188 938 codex

605 975 915 1043 exscriptus
945 982 1044 1028 est
1067 983 1201 1029 tetas
1242 973 1470 1042 ferebat,
1504 975 1556 1029 in
1586 974 1861 1045 publicum
1905 989 2077 1029 ausus
2102 985 2189 1030 est

605 1063 831 1117 inferre.
870 1060 1067 1117 Verum
1094 1063 1371 1134 suppetias
1395 1065 1612 1120 tandem
1637 1065 1820 1121 attulit
1838 1064 2189 1120 doctissimus

607 1155 953 1222 Sirmondus,
991 1159 1280 1214 Soeietatis
1305 1157 1435 1213 Jcsu
1465 1158 1746 1229 presbyter
1778 1177 1791 1214 :
1823 1159 1870 1214 is
1897 1159 2098 1229 quippe
2121 1159 2189 1214 de

604 1251 922 1320 apograpbo
952 1250 1162 1319 Graaeo,
1207 1252 1352 1322 quod
1387 1251 1574 1306 Romae
1602 1251 1743 1305 inter
1772 1267 1905 1308 mss.
1934 1262 1990 1306 et
2031 1251 2189 1306 sche—

604 1341 705 1396 das
741 1340 807 1395 ιν..
838 1341 898 1397 Ρ.
928 1341 1191 1397 Turriani
1220 1343 1526 1398 eruditione
1571 1357 1634 1398 ac
1661 1357 1842 1397 rerum
1890 1342 2187 1396 multarum

606 1435 834 1491 scientia
879 1436 1174 1491 clarissimi
1227 1445 1522 1506 repercrat,
1575 1437 1935 1492 libentissime
1967 1452 2186 1492 accom-

603 1529 848 1583 modavit
871 1527 1150 1585 Menardo.
1177 1526 1334 1584 Unde
1371 1539 1550 1584 autem
1582 1529 1937 1598 exscripserit
1962 1545 2190 1600 apogra-

603 1623 774 1691 phum
805 1619 1132 1688 Turrianus,
1165 1634 1254 1674 res
1305 1628 1390 1674 est
1421 1620 1580 1675 nobis
1611 1635 1834 1690 prorsus
1887 1620 2092 1691 ignota.
2120 1622 2190 1676 At

604 1726 736 1768 vero
767 1712 932 1767 veluti
968 1711 1260 1783 genuinam
1311 1711 1533 1766 nomine
1570 1709 1833 1765 Barnabze
1861 1709 2184 1781 Epistolam,

606 1805 675 1859 ab
704 1805 947 1872 antiquis
975 1803 1336 1872 scriptoribus
1360 1804 1632 1858 laudatam
1660 1813 1824 1874 atque
1847 1814 2185 1875 usurpatam,

607 1894 806 1954 Versio
832 1897 948 1966 ipsa
977 1895 1192 1960 Latina,
1224 1897 1342 1952 sine
1371 1896 1539 1951 dubio
1565 1906 1689 1950 ante
1716 1912 1916 1952 annum
1945 1912 2190 1967 nongen-

607 1987 862 2044 tesimum
899 1988 1102 2058 scripta
1159 1988 1489 2058 persuadet;
1531 2002 1656 2042 cum
1706 1987 1878 2044 ferme
1927 1989 2190 2045 continuo

606 2082 778 2137 textui
825 2080 1013 2136 Graeco
1053 2079 1377 2150 respondeat
1419 2079 1472 2133 in
1515 2080 1886 2138 omnibus.....
1937 2079 2188 2137 Mutilum

604 2180 689 2227 est
713 2171 985 2237 Grazcuiu,
1013 2171 1204 2226 mutila
1234 2171 1414 2227 versio
1437 2169 1650 2227 Latina.
1683 2171 1934 2230 Graecum
1969 2175 2188 2245 quidem

605 2263 820 2319 lacunis
846 2273 902 2318 et
935 2265 1172 2320 hiatibus
1203 2263 1358 2318 initio
1393 2272 1602 2317 tantum
1631 2263 1892 2335 Epistolas
1918 2267 2192 2322 deforma-

609 2365 814 2414 tur.....
851 2356 1042 2414 Versio
1080 2367 1261 2414 autem
1299 2367 1448 2414 caret
1473 2368 1625 2430 parte
1661 2369 1958 2429 postrema,
1980 2358 2068 2414 cui
2100 2375 2192 2416 ac-

608 2452 912 2505 cessionem
958 2466 1096 2505 nova
1129 2452 1577 2523 interpretatione
1613 2469 1682 2508 ex
1723 2451 1912 2508 Graeco
1943 2452 2191 2508 Romano

607 2542 792 2599 attulit
819 2542 1228 2600 Menardus.....
1257 2544 1512 2601 Codicem
1550 2545 1774 2601 unicqu
1823 2545 2037 2612 habuit,
2063 2561 2190 2600 cum

607 2639 855 2694 Graecum
883 2647 995 2692 tum
1039 2635 1318 2702 Latinum,
1355 2652 1534 2708 neque
1576 2653 1772 2692 sanum
1797 2638 2001 2710 ubique
2025 2639 2190 2706 satis;

606 2742 670 2788 ut
698 2731 924 2802 proinde
970 2747 1117 2787 nunc
1156 2747 1310 2796 cura,
1357 2749 1502 2788 nunc
1538 2733 1852 2802 conjectura
1899 2732 1979 2787 illi
2031 2731 2194 2789 fuerit

605 2822 916 2878 adhibenda
949 2841 962 2877 :
995 2823 1142 2893 quod
1176 2832 1358 2876 tamen
1402 2821 1483 2877 sic
1512 2838 1675 2892 parce
1704 2831 1758 2876 t-t
1793 2821 2088 2892 prudenter
2116 2823 2193 2878 fc-

605 2915 704 2980 cit,
732 2925 792 2969 ut
822 2917 875 2968 in
908 2913 1049 2968 linea
1082 2927 1186 2965 non
1219 2911 1378 2966 facile
1417 2911 1652 2965 litteram
1686 2921 1944 2979 mutaret,
1995 2912 2090 2968 sed
2123 2913 2189 2968 ad

605 3008 910 3078 marginem
957 3007 1257 3061 aduolaret.
1296 3025 1314 3057 ι
1355 3003 1471 3059 lluc
1499 3021 1670 3073 usque
1697 3004 2020 3063 Dacherius.

2359 513 2504 568 Inter
2543 515 2820 570 versiones
2849 524 3029 570 autem
3064 515 3225 585 hujus
3266 516 3525 587 Epistula:
3562 520 3856 590 principe

2289 606 2467 660 locum
2519 605 2622 662 sibi
2661 607 2899 661 vindicat
2929 615 3083 662 vetus
3131 606 3366 663 Latina:
3414 608 3485 664 de
3519 626 3628 680 qua
3676 621 3861 681 praeter

2289 714 2352 752 ea
2389 715 2510 768 quae
2541 698 2772 770 sparsim
2805 700 2932 754 hinc
2961 700 3084 754 inde
3131 701 3431 772 attigimus.
3467 703 3772 765 siccenset
3795 706 3861 760 cl.

2287 789 2590 846 Cotelerius
2613 792 2658 822 “
2685 813 2698 847 :
2745 809 2764 842 ι
2801 789 2968 846 Vetus
3005 791 3381 861 interpretatio
3408 792 3720 848 barbariem
3746 795 3864 850 ubi-

2288 895 2415 950 que,
2447 883 2649 951 ubique
2700 882 3080 952 negligentiam
3108 883 3378 951 ostendit;
3427 894 3624 955 estque
3666 886 3864 956 imper-

2290 972 2426 1028 fecta
2485 980 2540 1027 et
2597 975 2808 1039 mutila,
2859 982 2972 1028 tum
3026 976 3255 1044 passim,
3309 985 3424 1030 tum
3487 977 3762 1048 przecipue
3803 980 3867 1033 ad

2291 1066 2474 1127 tinem,
2505 1063 2597 1118 ubi
2629 1065 2927 1134 posteriora
2959 1067 3134 1135 capita
3173 1075 3520 1133 resecantur;
3555 1065 3701 1123 forte
3745 1072 3867 1139 quia

2290 1157 2476 1210 minus
2501 1156 2660 1212 docta
2705 1157 3022 1212 videbantur
3057 1157 3360 1228 interpreti,
3388 1170 3554 1228 atque
3584 1159 3653 1212 ad
3693 1176 3867 1216 mores

2288 1249 2464 1318 magis
2502 1248 2827 1318 pertinentia
2857 1272 2869 1302 ;
2904 1248 3067 1318 igitur
3113 1249 3337 1304 omissis
3383 1250 3472 1315 iis,
3505 1251 3867 1320 colophonem

2288 1357 2384 1411 per
2407 1341 2750 1412 doxolo-giam
2790 1341 3038 1410 imponit.
3073 1339 3244 1396 Suum
3295 1351 3480 1397 tamen
3527 1344 3608 1399 illi
3638 1348 3869 1400 versioui

2288 1435 2519 1504 pretium
2552 1453 2565 1490 :
2595 1433 2681 1488 cui
2713 1433 2974 1489 debemus
3001 1435 3184 1504 priora
3215 1437 3414 1505 capita,
3443 1453 3573 1491 cum
3603 1454 3714 1494 non
3743 1456 3872 1509 pau-

2287 1529 2367 1584 cis
2397 1527 2874 1583 emeudatiouibus
2895 1527 3065 1581 Graeci
3094 1538 3411 1596 contextus;
3439 1530 3671 1600 ιιιηὶιιὶι
3701 1531 3871 1584 dicam

2287 1621 2354 1676 de
2378 1620 2702 1690 antiquitate
2725 1620 2872 1675 illius
2897 1636 2960 1675 ac
2990 1619 3354 1690 simplicitate.
3401 1640 3420 1673 ι
3453 1624 3758 1677 Auctorem
3783 1639 3874 1678 au-

2290 1723 2397 1769 tem
2427 1711 2593 1780 hujus
2630 1710 2901 1766 versionis
2930 1708 3100 1765 fuisse
3143 1709 3202 1764 S.
3230 1709 3586 1766 Philastrium
3629 1711 3875 1768 Brixien—

2291 1821 2402 1862 sem
2435 1804 2750 1873 episcopum
2774 1801 3508 1872 conjecitPapebrochius",
3531 1820 3877 1876 cumquese-

2291 1903 2451 1951 cutus
2494 1893 2782 1948 Fabricius
2815 1893 2880 1948 ³³.
2913 1892 2985 1947 At
3016 1893 3288 1948 immerito
3318 1910 3472 1949 sane.
3511 1893 3709 1966 Neque
3735 1899 3876 1952 enim

2290 1985 2604 2053 Menardus,
2637 1986 2849 2056 primus
2878 1985 3076 2041 veteris
3107 1986 3253 2041 illius
3281 1989 3763 2058 interpretationis
3788 1991 3881 2045 de-

2290 2090 2484 2144 tcctor,
2547 2095 2726 2149 neque
2773 2077 3038 2146 Vossius,
3084 2095 3261 2149 neque
3302 2080 3645 2145 Cotelerius,
3703 2099 3882 2153 neque

2290 2174 2382 2228 alii
2434 2173 2529 2243 qui
2587 2173 2843 2243 deinceps
2890 2175 3034 2230 hanc
3081 2173 3376 2244 Epistolam
3432 2174 3772 2243 vulgarunt,
3829 2177 3882 2232 id

2291 2282 2534 2337 unquam
2561 2266 2760 2322 litteris
2787 2265 3078 2322 tradidere.
3109 2265 3276 2322 Error
3305 2276 3488 2322 autem
3516 2267 3883 2323 duumvirum

2290 2360 2510 2414 illorum
2540 2375 2571 2414 e
2615 2359 2797 2415 verbis
2825 2357 3073 2415 Daclierii
3103 2359 3265 2415 modo
3294 2360 3480 2417 relatis
3518 2360 3765 2416 fortasse
3792 2376 3888 2416 or-

2291 2460 2408 2518 tus;
2441 2451 2641 2522 quibus
2669 2452 2931 2508 docemur
2965 2470 2984 2504 ‹
3021 2451 3335 2507 Menardum
3365 2452 3420 2506 in
3454 2451 3739 2507 Philastrii
3765 2456 3883 2522 epi-

2291 2543 2441 2612 scopi
2471 2542 2770 2598 Brixiensis
2815 2543 3074 2597 volumen
3105 2557 3211 2597 ms.
3242 2556 3273 2597 e
3306 2540 3620 2597 Corbeicnsi
3674 2556 3888 2596 monac

2291 2634 2462 2690 sterio
2518 2634 2774 2692 incidisse
2808 2653 2825 2687 ι
2864 2635 2919 2689 in
2961 2650 3072 2705 quo
3124 2650 3234 2690 una
3289 2649 3414 2690 cum
3445 2633 3567 2689 aliis
3622 2641 3890 2690 veterum

2291 2727 2596 2798 opusculis,
2643 2735 2914 2782 vetustam
2960 2741 3181 2797 quoque
3209 2725 3474 2782 Barnaba:
3501 2726 3771 2797 Epistolaa
3801 2728 3895 2782 ln-

2293 2821 2736 2890 terpretationem
2771 2817 3147 2888 deprehendit,
3173 2834 3336 2888 quam
3367 2833 3434 2872 ex
3461 2819 3648 2874 eodem
3683 2819 3896 2876 codice

2291 2911 2582 2982 descripsit
2615 2911 2670 2966 in
2704 2912 2878 2966 lucem
2909 2911 3233 2966 emissurus.
3265 2909 3519 2966 Pluribus
3539 2911 3645 2981 egit
3674 2913 3797 2967 hac
3823 2915 3897 2968 de

2292 3019 2350 3058 re
2381 3001 2682 3058 Galeardus
2705 3001 2770 3058 γ.
2798 3005 2861 3059 C.
2895 3004 2948 3056 in
2985 3001 3301 3073 pra-latione
3327 3003 3394 3056 ad
3423 3003 3769 3057 luculentam
3800 3021 3899 3060 ve-

677 3091 905 3152 Postcro
961 3112 1108 3151 anno
1164 3095 1302 3149 1646
1355 3094 1752 3149 Amstelodami
1809 3097 1953 3167 typis
2007 3097 2259 3183 denuoc
2295 3103 2468 3149 terum
2528 3091 2752 3148 Patrum
2807 3092 3079 3148 Brixianze
3135 3091 3393 3148 Ecclesia:
3451 3093 3896 3161 collectionem;

604 3189 978 3245 excudendam
999 3189 1212 3243 curavit
1235 3188 1480 3243 eamdem
1502 3186 1799 3258 Epistolam
1819 3188 2039 3246 lsaacus
2062 3189 2192 3248 Vos-

606 3281 724 3338 sius
751 3281 818 3336 ad
847 3281 1048 3335 calcem
1074 3279 1443 3350 Epistolarum
1476 3278 1534 3337 8.
1565 3279 1758 3352 lguatii
1781 3281 1880 3350 LL,
1904 3284 2046 3340 notis
2067 3284 2190 3342 bre—

608 3373 766 3427 vibus
811 3372 904 3427 sed
951 3373 1180 3428 eruditis
1230 3374 1597 3430 illustratum:
1644 3375 1804 3446 cujus
1856 3377 2188 3448 exemplara

609 3461 882 3520 Salmasio
911 3465 1089 3535 primo
1120 3476 1404 3536 acceptum
1429 3466 1660 3522 contulit
1684 3483 1810 3522 cum
1842 3469 2018 3525 tribus
2049 3485 2184 3523 mss.

607 3554 909 3622 codicibus,
942 3572 1010 3612 ex
1057 3557 1401 3613 bibliothecis
1428 3557 1661 3614 Medicea
1710 3558 2045 3626 Florentina,
2079 3559 2188 3616 Va-

608 3649 788 3702 ticana
817 3657 870 3702 et
901 3647 1294 3704 Theatinorum
1330 3649 1516 3706 Romae
1563 3652 1874 3721 degentium
1921 3653 2186 3723 repetitis.

608 3739 820 3807 Quibus
851 3742 1115 3798 subsidiis
1147 3743 1367 3812 adjutus
1405 3744 1835 3798 vetustissimum
1864 3745 1966 3800 hoc
1996 3761 2190 3801 monu-

608 3846 850 3890 mentum
892 3837 1065 3891 multo
1109 3837 1431 3907 castigatius
1461 3836 1772 3905 evulgavit:
1820 3855 1838 3888 ι
1878 3853 2000 3892 cum
2042 3839 2187 3892 enim

607 3928 848 3985 Menardi
888 3931 1078 3998 editio,
1111 3942 1171 3986 ut
1201 3933 1428 4001 ipsemet
1471 3929 1566 3997 ait,
1605 3947 1671 3985 ex
1708 3948 1816 3986 uno
1850 3934 2191 4000 promanarit

607 4024 818 4091 codice,
849 4023 963 4079 tleri
989 4024 1148 4078 aliter
1179 4039 1284 4078 non
1317 4023 1496 4093 potuit
1527 4023 1661 4092 quin
1686 4023 2188 4080 inemendatissima

607 4117 869 4187 prodiret.
911 4135 931 4167 ι

679 4230 894 4301 Elapsis
919 4245 1051 4284 vero
1081 4228 1267 4299 viginti
1303 4244 1396 4284 sex
1433 4227 1590 4283 anuis
1617 4244 1644 4283 a
1678 4228 1848 4299 prima
1878 4227 2052 4286 Vossii
2075 4229 2192 4285 edin'

609 4324 778 4388 tione,
810 4323 951 4376 hanc
993 4320 1257 4375 Barnabae
1299 4319 1593 4390 Epistulam
1642 4336 1864 4375 rursum
1913 4321 1966 4376 in
1993 4321 2190 4390 vulgus

607 4414 790 4468 emisit
818 4413 1042 4469 Parisiis
1087 4412 1226 4466 1672
1265 4423 1612 4468 eum'vetere
1666 4412 1860 4466 Latina
1917 4413 2185 4479 versione,

608 4520 748 4560 nova
802 4508 1025 4577 insuper
1080 4506 1545 4579 interpretatione,
1598 4507 1851 4578 notisque
1897 4508 2188 4564 luculentis

611 4601 936 4656 adornatam
988 4600 1226 4656 Joannes
1276 4600 1518 4671 Baptista
1569 4600 1901 4665 Cotelerius,
1959 4617 2192 4671 eamque

607 4694 883 4765 praeclarae
907 4710 1019 4750 sua:
1059 4694 1737 4766 Patrum.apostolicorunt
1775 4694 2001 4748 editioni
2041 4694 2190 4750 inse-

606 4787 737 4842 ruit.
784 4786 956 4852 Quam
1003 4787 1220 4856 quidem
1251 4786 1541 4841 editionem
1594 4786 1698 4841 sub
1740 4785 1902 4840 linem
1946 4772 2189 4854 ejusdem

606 4880 816 4947 saeculi,
850 4893 994 4933 anno
1031 4879 1191 4945 1698,
1228 4879 1534 4948 Autuerpiae
1575 4894 1667 4933 seu
1707 4876 1889 4948 potius
1912 4877 2187 4932 Amstelo~

606 4973 751 5029 dami
785 4973 924 5044 typis
951 4973 1292 5043 consignavit
1321 4988 1442 5026 eum
1467 4973 1624 5029 motis
1645 4972 1919 5027 variorum
1950 4971 2188 5027 Joannes

605 5066 871 5132 Clericus,
932 5066 1238 5134 iterumque
1283 5063 1463 5119 saeculi
1518 5065 1791 5120 currentis
1851 5078 1998 5118 anno
2048 5062 2188 5117 1724

609 5157 889 5212 nonnullis”
922 5154 1152 5211 Joannis
1191 5153 1394 5210 Davisii
1440 5156 1664 5226 suisque
1699 5156 2188 5212 animadversioni-

607 5250 710 5305 hus
732 5258 969 5304 auctam.
1013 5247 1276 5319 Denique,
1314 5258 1375 5304 ut
1413 5248 1568 5315 Fclli,
1601 5247 1800 5320 Moynii
1843 5248 2185 5319 aliorumque

610 5353 996 5415 przetercamus
1043 5341 1328 5406 editiones,
1379 5341 1626 5397 eamdem
1683 5340 1977 5411 Epistulam
2028 5342 2179 5411 prelo

609 5439 887 5494 commisit
931 5436 1235 5493 Richardus
1295 5435 1490 5491 Russel
1542 5449 1688 5490 anno
1743 5433 1922 5497 1746,
1975 5433 2028 5489 in
2079 5450 2180 5491 sua

679 5583 720 5613 ¹¹
763 5580 932 5651 Cotcl.
960 5579 1140 5634 ludio.
1173 5580 1236 5634 de
1267 5578 1437 5651 Epist.
1464 5577 1521 5633 S.
1546 5577 1736 5651 Ba_rn.,
1774 5575 1877 5651 sub
1907 5577 2000 5651 fi_n.

611 5650 750 5704 Bibl.
782 5650 899 5712 (.‘r.,
932 5651 1148 5716 tom.X,
1183 5646 1386 5722 pagXS.
1422 5659 1476 5705 ct
1505 5648 1714 5722 praefat.
1735 5650 1814 5722 ad
1833 5646 1890 5700 S.
1935 5647 2188 5722 [:hilastr.

611 5738 662 5792 p.
701 5737 948 5776 xit-xxvi.

2291 3179 2476 3259 quem,
2508 3187 2555 3244 si
2583 3199 2759 3256 vacat,
2789 3187 2962 3243 lector
2991 3188 3150 3243 adeat
3175 3188 3242 3242 ".

2363 3300 2772 3356 Recentioribus
2818 3315 2946 3356 vero
2992 3299 3336 3355 versionibus
3385 3308 3604 3370 praestat
3641 3297 3901 3370 Anglica

2291 3395 2565 3451 Guilielmi
2599 3392 2775 3448 Wakii
2801 3409 2925 3449 cum
2964 3392 3220 3462 Epistolis
3247 3391 3564 3453 Clementis,
3595 3390 3817 3461 lgnat‘i
3846 3406 3902 3449 et

2290 3487 2595 3560 Polycarpi,
2629 3502 2727 3541 nec
2758 3502 2866 3540 non
2921 3485 3133 3540 Hermae
3179 3484 3426 3552 Pastore,
3458 3485 3682 3540 Londiui
3737 3489 3901 3543 edita

2290 3595 2422 3633 anu.
2461 3578 2600 3631 1695
2624 3585 2678 3632 et
2717 3575 2874 3630 I710.
2911 3574 2984 3630 De
3014 3577 3115 3631 hac
3150 3586 3329 3631 autem
3357 3577 3601 3631 versione
3638 3577 3900 3648 loquens

2289 3667 2529 3724 Joannes
2557 3667 2802 3723 Clericus
2838 3668 2890 3721 in
2916 3667 3145 3737 epistola
3173 3667 3568 3738 nuncupatoria
3597 3673 3902 3738 pesterioa

2293 3763 2367 3817 ris
2401 3761 2623 3815 Patrum
2665 3761 3078 3830 apostoiicorum
3103 3761 3358 3816 editionis
3395 3761 3794 3830 Cotelcrianm,
3831 3767 3899 3819 ad

2289 3855 2539 3911 eumdem
2567 3852 2822 3908 Wakium
2847 3853 2960 3926 jam
2994 3853 3465 3925 archiepiscopum
3503 3853 3898 3912 Camuarien-

2290 3963 2427 4014 sem,
2455 3948 2570 4003 haic
2598 3949 2801 4003 habet:
2838 3967 2856 3999 ‹
2893 3947 3019 4003 Fuit
3047 3957 3098 4001 et
3121 3947 3224 4000 alia
3257 3948 3416 4011 ratio,
3446 3962 3614 4017 eaque
3639 3948 3900 4018 majoris

2287 4041 2566 4112 ponderis,
2597 4051 2821 4113 propter
2840 4057 3003 4113 quam
3027 4041 3334 4095 existimavi
3360 4041 3454 4095 tibi
3479 4043 3616 4095 hanc
3640 4040 3900 4098 Patrum

2289 4136 2698 4207 apostolicam-nt
2749 4136 3041 4192 editionem
3085 4150 3191 4190 non
3227 4135 3641 4203 displicituram.
3696 4134 3900 4192 Nemo

2290 4227 2549 4283 nimirum
2593 4237 2728 4293 erat,
2779 4229 2871 4298 qui
2930 4228 3112 4283 tniuus
3160 4228 3545 4297 dedignaretur
3593 4229 3897 4297 ejusmodi

2290 4319 2612 4389 scriptores;
2640 4335 2875 4391 quorum
2908 4320 3216 4390 plerosque,
3240 4329 3292 4375 et
3321 4336 3415 4375 eos
3435 4322 3652 4391 quidem
3685 4327 3900 4391 genui-

2293 4425 2408 4477 nos,
2447 4408 2504 4464 S.
2536 4408 2861 4474 Barnabam,
2909 4410 2966 4464 8.
3009 4408 3297 4480 lguatium,
3343 4410 3399 4466 S.
3442 4413 3792 4468 Clementem
3843 4427 3900 4472 et

2295 4502 2353 4557 S.
2405 4502 2788 4573 Polycarpum,
2825 4503 2890 4557 ad
2938 4518 3075 4572 quos
3114 4517 3393 4558 accessere
3434 4503 3628 4558 Pastor
3658 4506 3899 4564 Her-ma:

2291 4608 2344 4652 et
2367 4595 2560 4668 lgnatii
2584 4594 2926 4665 Martyrium,
2947 4596 2998 4650 in
3023 4595 3308 4666 Anglicum
3329 4611 3630 4650 sermonem
3651 4613 3896 4655 summa

2293 4688 2397 4742 lide
2423 4695 2586 4757 atque
2611 4685 2900 4756 elegantia,
2936 4686 3118 4754 quoad
3146 4701 3236 4740 res
3269 4684 3494 4752 ferebat,
3524 4690 3890 4755 convenisti,

2292 4791 2346 4835 et
2375 4779 2656 4850 prooemiis
2684 4780 3008 4849 pereruditis
3037 4795 3102 4834 ac
3126 4779 3334 4849 judicio
3377 4794 3592 4833 summo
3621 4785 3894 4835 conscri-

2293 4873 2401 4942 ptis
2439 4871 2669 4927 ornasti.
2703 4889 2722 4922 ι
2760 4869 2837 4925 Ita
2878 4871 3141 4925 Clericus.
3171 4870 3304 4936 Quae
3345 4872 3561 4940 quidem
3588 4872 3637 4925 in
3673 4873 3892 4941 primis

2294 4964 2383 5020 hic
2420 4963 2726 5019 describere
2771 4962 2994 5033 placuit,
3034 4973 3091 5017 ut
3134 4973 3346 5018 constet
3395 4963 3571 5033 ipsum
3623 4974 3889 5023 mutasse

2291 5061 2615 5115 sententiam
2646 5078 2660 5114 :
2692 5060 2960 5130 siquidem
3007 5071 3164 5114 antea
3201 5061 3255 5115 in
3289 5076 3388 5116 sua
3432 5061 3670 5117 Historia
3699 5067 3888 5121 eccle-

2289 5156 2508 5211 siastica
2529 5155 2576 5187 ”
2607 5155 2888 5210 sinistrum
2919 5155 3116 5210 tulerat
3143 5154 3210 5211 de
3239 5155 3298 5212 S.
3330 5155 3588 5212 Bal'llaiitc
3621 5157 3881 5228 Epistola

2285 5249 2586 5319 judicium,
2636 5262 2799 5317 quam
2859 5247 2964 5301 hoc
3012 5245 3114 5300 loci
3146 5246 3366 5302 demum
3429 5251 3707 5319 genuinam
3763 5269 3881 5324 ap-

2285 5342 2470 5412 pellat.

2357 5432 2648 5502 Reliquum
2679 5441 2764 5488 est
2793 5443 2852 5488 ut
2881 5434 3070 5506 paucis
3109 5433 3483 5490 edisseramus
3513 5452 3618 5505 qua
3651 5436 3875 5492 ratione

2079 5580 2125 5609 ²²
2165 5573 2391 5648 Papebr.
2423 5573 2542 5648 Act.
2561 5572 2669 5648 ‘SS.
2699 5573 2851 5648 Jun.,
2876 5584 3010 5648 tom.
3049 5574 3112 5639 ll,
3139 5593 3192 5646 p.
3217 5580 3477 5635 457-460.
3547 5581 3593 5613 ³³
3619 5581 3866 5648 Fabric.,

2268 5645 2315 5678 “
2347 5644 2619 5727 Cal-card”
2654 5647 2860 5715 prtcl'at.
2899 5647 2968 5699 ad
2994 5644 3199 5703 colleél.
3236 5660 3334 5705 vet.
3366 5649 3485 5708 PP.
3519 5651 3664 5707 Brix.
3699 5644 3860 5721 «ab,

1026 5725 1076 5767 "-
1111 5716 1278 5791 cal-ri,
1311 5721 1450 5776 "ist.
1498 5716 1650 5786 (ἔοι-1.,
1684 5720 1747 5774 ad
1787 5736 1914 5774 anu.
1945 5719 2029 5784 7i,
2065 5719 2091 5790 §
2121 5718 2175 5784 2,
2232 5731 2352 5790 pag.
2393 5716 2516 5770 474.
