  <div class='ocr_page' id='page_1' title='image "/cluster/home/n/w/nwhite01/storage/ocr_20150623/2/hvd.32044073501249/359.png"; bbox 0 0 4066 6330; ppageno 0'>
   <div class='ocr_carea' id='block_1_1' title="bbox 680 281 782 338">
    <p class='ocr_par' dir='ltr' id='par_1_1' title="bbox 680 281 782 338">
     <span class='ocr_line' id='line_1_1' title="bbox 680 281 782 338; baseline 0.02 -2"><span class='ocrx_word' id='word_1_1' title='bbox 680 281 782 338; x_wconf 76' lang='grc'><strong>’107</strong></span> 
     </span>
    </p>
   </div>
   <div class='ocr_carea' id='block_1_2' title="bbox 1808 277 2742 338">
    <p class='ocr_par' dir='ltr' id='par_1_2' title="bbox 1808 277 2742 338">
     <span class='ocr_line' id='line_1_2' title="bbox 1808 277 2742 338; baseline 0.005 -6"><span class='ocrx_word' id='word_1_2' title='bbox 1808 277 1864 333; x_wconf 91' lang='lat' dir='ltr'><strong>S.</strong></span> <span class='ocrx_word' id='word_1_3' title='bbox 1901 278 2082 334; x_wconf 81' lang='lat' dir='ltr'><strong>BARN</strong></span> <span class='ocrx_word' id='word_1_4' title='bbox 2091 279 2270 335; x_wconf 75' lang='grc' dir='ltr'><strong>ΑΒΑὸ</strong></span> <span class='ocrx_word' id='word_1_5' title='bbox 2309 277 2742 338; x_wconf 81' lang='lat' dir='ltr'><strong>APOSTOLUS.</strong></span> 
     </span>
    </p>
   </div>
   <div class='ocr_carea' id='block_1_3' title="bbox 3764 294 3845 352">
    <p class='ocr_par' dir='ltr' id='par_1_3' title="bbox 3764 294 3845 352">
     <span class='ocr_line' id='line_1_3' title="bbox 3764 294 3845 352; baseline 0.049 -5"><span class='ocrx_word' id='word_1_6' title='bbox 3764 294 3845 352; x_wconf 80' lang='lat'><strong>708</strong></span> 
     </span>
    </p>
   </div>
   <div class='ocr_carea' id='block_1_4' title="bbox 678 398 3848 483">
    <p class='ocr_par' dir='ltr' id='par_1_4' title="bbox 678 398 3848 483">
     <span class='ocr_line' id='line_1_4' title="bbox 678 398 3848 483; baseline 0.004 -27"><span class='ocrx_word' id='word_1_7' title='bbox 678 403 749 457; x_wconf 84' lang='lat' dir='ltr'><strong>ab</strong></span> <span class='ocrx_word' id='word_1_8' title='bbox 821 406 1049 456; x_wconf 87' lang='lat' dir='ltr'><strong>auctore</strong></span> <span class='ocrx_word' id='word_1_9' title='bbox 1091 398 1352 470; x_wconf 79' lang='lat' dir='ltr'><strong>Epistolae</strong></span> <span class='ocrx_word' id='word_1_10' title='bbox 1375 443 1390 467; x_wconf 91' lang='lat'><strong>,</strong></span> <span class='ocrx_word' id='word_1_11' title='bbox 1449 407 1571 472; x_wconf 62' lang='lat' dir='ltr'><strong>qua:</strong></span> <span class='ocrx_word' id='word_1_12' title='bbox 1609 399 1669 453; x_wconf 93' lang='lat' dir='ltr'><strong>D.</strong></span> <span class='ocrx_word' id='word_1_13' title='bbox 1696 401 1961 458; x_wconf 72' lang='lat' dir='ltr'><strong>Barnaba:</strong></span> <span class='ocrx_word' id='word_1_14' title='bbox 2011 403 2256 468; x_wconf 76' lang='lat' dir='ltr'><strong>apostolo</strong></span> <span class='ocrx_word' id='word_1_15' title='bbox 2285 407 2330 464; x_wconf 76' lang='grc' dir='ltr'><strong>Α</strong></span> <span class='ocrx_word' id='word_1_16' title='bbox 2359 402 2607 460; x_wconf 74' lang='lat' dir='ltr'><strong>videntes</strong></span> <span class='ocrx_word' id='word_1_17' title='bbox 2637 403 2772 459; x_wconf 88' lang='lat' dir='ltr'><strong>salvi</strong></span> <span class='ocrx_word' id='word_1_18' title='bbox 2809 418 2933 460; x_wconf 90' lang='lat' dir='ltr'><strong>esse</strong></span> <span class='ocrx_word' id='word_1_19' title='bbox 2970 413 3235 476; x_wconf 88' lang='lat' dir='ltr'><strong>possent,</strong></span> <span class='ocrx_word' id='word_1_20' title='bbox 3269 418 3391 459; x_wconf 91' lang='lat' dir='ltr'><strong>cum</strong></span> <span class='ocrx_word' id='word_1_21' title='bbox 3427 403 3655 463; x_wconf 80' lang='lat' dir='ltr'><strong>videntes</strong></span> <span class='ocrx_word' id='word_1_22' title='bbox 3692 411 3848 483; x_wconf 87' lang='lat' dir='ltr'><strong>solem,</strong></span> 
     </span>
    </p>
   </div>
   <div class='ocr_carea' id='block_1_5' title="bbox 675 491 2250 564">
    <p class='ocr_par' dir='ltr' id='par_1_5' title="bbox 675 491 2250 564">
     <span class='ocr_line' id='line_1_5' title="bbox 675 491 2250 564; baseline 0.001 -16"><span class='ocrx_word' id='word_1_23' title='bbox 675 495 840 564; x_wconf 79' lang='lat' dir='ltr'><strong>vulgo</strong></span> <span class='ocrx_word' id='word_1_24' title='bbox 870 493 1149 556; x_wconf 84' lang='lat' dir='ltr'><strong>tribuitur,</strong></span> <span class='ocrx_word' id='word_1_25' title='bbox 1174 507 1286 546; x_wconf 88' lang='lat' dir='ltr'><strong>non</strong></span> <span class='ocrx_word' id='word_1_26' title='bbox 1310 503 1412 560; x_wconf 85' lang='lat' dir='ltr'><strong>est,</strong></span> <span class='ocrx_word' id='word_1_27' title='bbox 1437 491 1581 563; x_wconf 86' lang='lat' dir='ltr'><strong>quod</strong></span> <span class='ocrx_word' id='word_1_28' title='bbox 1615 492 1852 560; x_wconf 86' lang='lat' dir='ltr'><strong>mireris,</strong></span> <span class='ocrx_word' id='word_1_29' title='bbox 1879 495 1932 548; x_wconf 93' lang='lat' dir='ltr'><strong>in</strong></span> <span class='ocrx_word' id='word_1_30' title='bbox 1967 505 2076 549; x_wconf 88' lang='lat' dir='ltr'><strong>tam</strong></span> <span class='ocrx_word' id='word_1_31' title='bbox 2100 495 2250 549; x_wconf 85' lang='lat' dir='ltr'><strong>brevi</strong></span> 
     </span>
    </p>
   </div>
   <div class='ocr_carea' id='block_1_6' title="bbox 675 589 927 659">
    <p class='ocr_par' dir='ltr' id='par_1_6' title="bbox 675 589 927 659">
     <span class='ocr_line' id='line_1_6' title="bbox 675 589 927 659; baseline -0.008 -15"><span class='ocrx_word' id='word_1_32' title='bbox 675 589 927 659; x_wconf 89' lang='lat' dir='ltr'><strong>epistola.</strong></span> 
     </span>
    </p>
   </div>
   <div class='ocr_carea' id='block_1_7' title="bbox 747 679 2252 751">
    <p class='ocr_par' dir='ltr' id='par_1_7' title="bbox 747 679 2252 751">
     <span class='ocr_line' id='line_1_7' title="bbox 747 679 2252 751; baseline -0.001 -13"><span class='ocrx_word' id='word_1_33' title='bbox 747 684 1018 740; x_wconf 69' lang='lat' dir='ltr'><strong>Caeterum</strong></span> <span class='ocrx_word' id='word_1_34' title='bbox 1073 679 1328 750; x_wconf 81' lang='lat' dir='ltr'><strong>quamvis</strong></span> <span class='ocrx_word' id='word_1_35' title='bbox 1377 688 1571 734; x_wconf 84' lang='lat' dir='ltr'><strong>auctor</strong></span> <span class='ocrx_word' id='word_1_36' title='bbox 1623 680 1787 751; x_wconf 87' lang='lat' dir='ltr'><strong>hujus</strong></span> <span class='ocrx_word' id='word_1_37' title='bbox 1835 679 2115 750; x_wconf 74' lang='lat' dir='ltr'><strong>Epistolae,</strong></span> <span class='ocrx_word' id='word_1_38' title='bbox 2161 680 2252 751; x_wconf 82' lang='lat' dir='ltr'><strong>ju-</strong></span> 
     </span>
    </p>
   </div>
   <div class='ocr_carea' id='block_1_8' title="bbox 677 775 2253 847">
    <p class='ocr_par' dir='ltr' id='par_1_8' title="bbox 677 775 2253 847">
     <span class='ocr_line' id='line_1_8' title="bbox 677 775 2253 847; baseline -0.001 -13"><span class='ocrx_word' id='word_1_39' title='bbox 677 780 890 836; x_wconf 89' lang='lat' dir='ltr'><strong>dicibus</strong></span> <span class='ocrx_word' id='word_1_40' title='bbox 915 779 1113 835; x_wconf 81' lang='lat' dir='ltr'><strong>Vossio</strong></span> <span class='ocrx_word' id='word_1_41' title='bbox 1155 786 1318 847; x_wconf 88' lang='lat' dir='ltr'><strong>atque</strong></span> <span class='ocrx_word' id='word_1_42' title='bbox 1360 775 1534 831; x_wconf 88' lang='lat' dir='ltr'><strong>Hodio</strong></span> <span class='ocrx_word' id='word_1_43' title='bbox 1576 775 1678 847; x_wconf 83' lang='lat'><strong>(9),</strong></span> <span class='ocrx_word' id='word_1_44' title='bbox 1710 793 1775 832; x_wconf 79' lang='lat' dir='ltr'><strong>ex</strong></span> <span class='ocrx_word' id='word_1_45' title='bbox 1809 777 1996 833; x_wconf 63' lang='lat' dir='ltr'><strong>Graeca</strong></span> <span class='ocrx_word' id='word_1_46' title='bbox 2033 786 2253 847; x_wconf 89' lang='lat' dir='ltr'><strong>septua-</strong></span> 
     </span>
    </p>
   </div>
   <div class='ocr_carea' id='block_1_9' title="bbox 678 869 2252 944">
    <p class='ocr_par' dir='ltr' id='par_1_9' title="bbox 678 869 2252 944">
     <span class='ocr_line' id='line_1_9' title="bbox 678 869 2252 944; baseline -0.001 -18"><span class='ocrx_word' id='word_1_47' title='bbox 678 873 986 944; x_wconf 85' lang='lat' dir='ltr'><strong>gintavirali</strong></span> <span class='ocrx_word' id='word_1_48' title='bbox 1025 873 1280 928; x_wconf 82' lang='lat' dir='ltr'><strong>versione</strong></span> <span class='ocrx_word' id='word_1_49' title='bbox 1319 873 1378 928; x_wconf 87' lang='lat' dir='ltr'><strong>S.</strong></span> <span class='ocrx_word' id='word_1_50' title='bbox 1415 872 1714 940; x_wconf 83' lang='lat' dir='ltr'><strong>Scripturae</strong></span> <span class='ocrx_word' id='word_1_51' title='bbox 1766 871 1886 924; x_wconf 87' lang='lat' dir='ltr'><strong>loca</strong></span> <span class='ocrx_word' id='word_1_52' title='bbox 1941 869 2252 925; x_wconf 88' lang='lat' dir='ltr'><strong>describere</strong></span> 
     </span>
    </p>
   </div>
   <div class='ocr_carea' id='block_1_10' title="bbox 678 958 2249 1032">
    <p class='ocr_par' dir='ltr' id='par_1_10' title="bbox 678 958 2249 1032">
     <span class='ocr_line' id='line_1_10' title="bbox 678 958 2249 1032; baseline -0.004 -13"><span class='ocrx_word' id='word_1_53' title='bbox 678 963 1044 1028; x_wconf 82' lang='lat' dir='ltr'><strong>consueverit,</strong></span> <span class='ocrx_word' id='word_1_54' title='bbox 1088 964 1411 1032; x_wconf 88' lang='lat' dir='ltr'><strong>plerumque</strong></span> <span class='ocrx_word' id='word_1_55' title='bbox 1459 970 1642 1016; x_wconf 89' lang='lat' dir='ltr'><strong>tamen</strong></span> <span class='ocrx_word' id='word_1_56' title='bbox 1674 959 1996 1014; x_wconf 83' lang='lat' dir='ltr'><strong>llebraicam</strong></span> <span class='ocrx_word' id='word_1_57' title='bbox 2045 958 2249 1013; x_wconf 85' lang='lat' dir='ltr'><strong>verita-</strong></span> 
     </span>
    </p>
   </div>
   <div class='ocr_carea' id='block_1_11' title="bbox 677 1051 2250 1124">
    <p class='ocr_par' dir='ltr' id='par_1_11' title="bbox 677 1051 2250 1124">
     <span class='ocr_line' id='line_1_11' title="bbox 677 1051 2250 1124; baseline -0.005 -12"><span class='ocrx_word' id='word_1_58' title='bbox 677 1068 786 1113; x_wconf 91' lang='lat' dir='ltr'><strong>tem</strong></span> <span class='ocrx_word' id='word_1_59' title='bbox 818 1064 1040 1112; x_wconf 90' lang='lat' dir='ltr'><strong>secutus</strong></span> <span class='ocrx_word' id='word_1_60' title='bbox 1069 1054 1190 1109; x_wconf 82' lang='lat' dir='ltr'><strong>fuit.</strong></span> <span class='ocrx_word' id='word_1_61' title='bbox 1223 1053 1395 1123; x_wconf 87' lang='lat' dir='ltr'><strong>Cujus</strong></span> <span class='ocrx_word' id='word_1_62' title='bbox 1420 1053 1640 1124; x_wconf 85' lang='lat' dir='ltr'><strong>quidem</strong></span> <span class='ocrx_word' id='word_1_63' title='bbox 1674 1053 1750 1106; x_wconf 87' lang='lat' dir='ltr'><strong>rei</strong></span> <span class='ocrx_word' id='word_1_64' title='bbox 1784 1051 2032 1120; x_wconf 72' lang='lat' dir='ltr'><strong>quzedam</strong></span> <span class='ocrx_word' id='word_1_65' title='bbox 2064 1065 2250 1105; x_wconf 77' lang='lat' dir='ltr'><strong>exem-</strong></span> 
     </span>
    </p>
   </div>
   <div class='ocr_carea' id='block_1_12' title="bbox 675 1137 2253 1217">
    <p class='ocr_par' dir='ltr' id='par_1_12' title="bbox 675 1137 2253 1217">
     <span class='ocr_line' id='line_1_12' title="bbox 675 1137 2253 1217; baseline -0.005 -16"><span class='ocrx_word' id='word_1_66' title='bbox 675 1149 766 1217; x_wconf 89' lang='lat' dir='ltr'><strong>pla</strong></span> <span class='ocrx_word' id='word_1_67' title='bbox 818 1146 873 1200; x_wconf 89' lang='lat' dir='ltr'><strong>in</strong></span> <span class='ocrx_word' id='word_1_68' title='bbox 921 1144 1160 1200; x_wconf 90' lang='lat' dir='ltr'><strong>medium</strong></span> <span class='ocrx_word' id='word_1_69' title='bbox 1216 1141 1457 1214; x_wconf 79' lang='lat' dir='ltr'><strong>proferre</strong></span> <span class='ocrx_word' id='word_1_70' title='bbox 1506 1141 1679 1212; x_wconf 84' lang='lat' dir='ltr'><strong>juvat.</strong></span> <span class='ocrx_word' id='word_1_71' title='bbox 1764 1140 1844 1194; x_wconf 78' lang='lat' dir='ltr'><strong>Ex</strong></span> <span class='ocrx_word' id='word_1_72' title='bbox 1895 1137 2038 1193; x_wconf 76' lang='lat' dir='ltr'><strong>LXX</strong></span> <span class='ocrx_word' id='word_1_73' title='bbox 2080 1139 2253 1194; x_wconf 85' lang='lat' dir='ltr'><strong>Inter-</strong></span> 
     </span>
    </p>
   </div>
   <div class='ocr_carea' id='block_1_13' title="bbox 678 1233 2253 1311">
    <p class='ocr_par' dir='ltr' id='par_1_13' title="bbox 678 1233 2253 1311">
     <span class='ocr_line' id='line_1_13' title="bbox 678 1233 2253 1311; baseline -0.005 -17"><span class='ocrx_word' id='word_1_74' title='bbox 678 1248 891 1311; x_wconf 88' lang='lat' dir='ltr'><strong>pretum</strong></span> <span class='ocrx_word' id='word_1_75' title='bbox 925 1237 1176 1292; x_wconf 85' lang='lat' dir='ltr'><strong>versione</strong></span> <span class='ocrx_word' id='word_1_76' title='bbox 1206 1234 1360 1291; x_wconf 63' lang='lat' dir='ltr'><strong>Isaia:</strong></span> <span class='ocrx_word' id='word_1_77' title='bbox 1393 1250 1442 1290; x_wconf 94' lang='lat' dir='ltr'><strong>c.</strong></span> <span class='ocrx_word' id='word_1_78' title='bbox 1478 1250 1670 1299; x_wconf 81' lang='lat' dir='ltr'><strong>xxvtn,</strong></span> <span class='ocrx_word' id='word_1_79' title='bbox 1697 1249 1752 1288; x_wconf 94' lang='lat' dir='ltr'><strong>v.</strong></span> <span class='ocrx_word' id='word_1_80' title='bbox 1783 1233 1872 1300; x_wconf 78' lang='grc'><strong>16,</strong></span> <span class='ocrx_word' id='word_1_81' title='bbox 1914 1233 2029 1288; x_wconf 70' lang='lat' dir='ltr'><strong>haec</strong></span> <span class='ocrx_word' id='word_1_82' title='bbox 2060 1233 2253 1287; x_wconf 89' lang='lat' dir='ltr'><strong>recitat</strong></span> 
     </span>
    </p>
   </div>
   <div class='ocr_carea' id='block_1_14' title="bbox 677 1323 2252 1401">
    <p class='ocr_par' dir='ltr' id='par_1_14' title="bbox 677 1323 2252 1401">
     <span class='ocr_line' id='line_1_14' title="bbox 677 1323 2252 1401; baseline -0.007 -13"><span class='ocrx_word' id='word_1_83' title='bbox 677 1342 869 1388; x_wconf 85' lang='lat' dir='ltr'><strong>auctor</strong></span> <span class='ocrx_word' id='word_1_84' title='bbox 897 1330 1048 1401; x_wconf 77' lang='lat'><strong>(10):</strong></span> <span class='ocrx_word' id='word_1_85' title='bbox 1089 1329 1218 1384; x_wconf 87' lang='lat' dir='ltr'><strong>Ecce</strong></span> <span class='ocrx_word' id='word_1_86' title='bbox 1241 1330 1471 1383; x_wconf 77' lang='lat' dir='ltr'><strong>immitto</strong></span> <span class='ocrx_word' id='word_1_87' title='bbox 1493 1330 1548 1382; x_wconf 89' lang='lat' dir='ltr'><strong>in</strong></span> <span class='ocrx_word' id='word_1_88' title='bbox 1580 1327 1925 1396; x_wconf 77' lang='lat' dir='ltr'><strong>fundamenta</strong></span> <span class='ocrx_word' id='word_1_89' title='bbox 1958 1323 2134 1378; x_wconf 78' lang='lat' dir='ltr'><strong>Sionis</strong></span> <span class='ocrx_word' id='word_1_90' title='bbox 2169 1324 2252 1378; x_wconf 86' lang='lat' dir='ltr'><strong>la-</strong></span> 
     </span>
    </p>
   </div>
   <div class='ocr_carea' id='block_1_15' title="bbox 676 1415 2249 1496">
    <p class='ocr_par' dir='ltr' id='par_1_15' title="bbox 676 1415 2249 1496">
     <span class='ocr_line' id='line_1_15' title="bbox 676 1415 2249 1496; baseline -0.01 -15"><span class='ocrx_word' id='word_1_91' title='bbox 676 1426 851 1496; x_wconf 87' lang='lat' dir='ltr'><strong>pidem</strong></span> <span class='ocrx_word' id='word_1_92' title='bbox 882 1424 1192 1494; x_wconf 82' lang='lat' dir='ltr'><strong>pretiosum,</strong></span> <span class='ocrx_word' id='word_1_93' title='bbox 1222 1419 1465 1484; x_wconf 87' lang='lat' dir='ltr'><strong>electum,</strong></span> <span class='ocrx_word' id='word_1_94' title='bbox 1503 1417 1831 1488; x_wconf 83' lang='lat' dir='ltr'><strong>angularem,</strong></span> <span class='ocrx_word' id='word_1_95' title='bbox 1855 1415 2249 1468; x_wconf 84' lang='lat' dir='ltr'><strong>Iwnorabilem:</strong></span> 
     </span>
    </p>
   </div>
   <div class='ocr_carea' id='block_1_16' title="bbox 689 1504 2248 1588">
    <p class='ocr_par' dir='ltr' id='par_1_16' title="bbox 689 1504 2248 1588">
     <span class='ocr_line' id='line_1_16' title="bbox 689 1504 2248 1588; baseline -0.011 -15"><span class='ocrx_word' id='word_1_96' title='bbox 689 1519 819 1573; x_wconf 75' lang='grc' dir='ltr'>Ὶδοὺ</span> <span class='ocrx_word' id='word_1_97' title='bbox 859 1515 1112 1588; x_wconf 71' lang='grc' dir='ltr'><strong>ὲμὸάλλω</strong></span> <span class='ocrx_word' id='word_1_98' title='bbox 1141 1515 1220 1577; x_wconf 76' lang='grc' dir='ltr'><strong>εἰς</strong></span> <span class='ocrx_word' id='word_1_99' title='bbox 1247 1512 1316 1566; x_wconf 78' lang='grc' dir='ltr'>τὰ</span> <span class='ocrx_word' id='word_1_100' title='bbox 1345 1511 1570 1582; x_wconf 81' lang='grc' dir='ltr'>Θεμέλια</span> <span class='ocrx_word' id='word_1_101' title='bbox 1606 1509 1744 1562; x_wconf 84' lang='grc' dir='ltr'>Σιὼν</span> <span class='ocrx_word' id='word_1_102' title='bbox 1773 1507 1917 1561; x_wconf 80' lang='grc' dir='ltr'>λίθον</span> <span class='ocrx_word' id='word_1_103' title='bbox 1945 1504 2205 1576; x_wconf 81' lang='grc' dir='ltr'><strong>πολυτελῆ</strong></span> <span class='ocrx_word' id='word_1_104' title='bbox 2233 1545 2248 1570; x_wconf 94' lang='grc'><strong>,</strong></span> 
     </span>
    </p>
   </div>
   <div class='ocr_carea' id='block_1_17' title="bbox 677 1599 2248 1680">
    <p class='ocr_par' dir='ltr' id='par_1_17' title="bbox 677 1599 2248 1680">
     <span class='ocr_line' id='line_1_17' title="bbox 677 1599 2248 1680; baseline -0.01 -14"><span class='ocrx_word' id='word_1_105' title='bbox 677 1612 952 1674; x_wconf 80' lang='grc' dir='ltr'>ἐκλεκτὸν,</span> <span class='ocrx_word' id='word_1_106' title='bbox 987 1607 1402 1680; x_wconf 82' lang='grc' dir='ltr'>ἀκρογωνιαῖον,</span> <span class='ocrx_word' id='word_1_107' title='bbox 1438 1603 1674 1674; x_wconf 75' lang='grc' dir='ltr'>ἔντιμον.</span> <span class='ocrx_word' id='word_1_108' title='bbox 1697 1599 1873 1655; x_wconf 80' lang='lat' dir='ltr'><strong>Verba</strong></span> <span class='ocrx_word' id='word_1_109' title='bbox 1910 1609 2086 1654; x_wconf 83' lang='lat' dir='ltr'><strong>tamen</strong></span> <span class='ocrx_word' id='word_1_110' title='bbox 2121 1612 2248 1667; x_wconf 89' lang='lat' dir='ltr'><strong>pro-</strong></span> 
     </span>
    </p>
   </div>
   <div class='ocr_carea' id='block_1_18' title="bbox 2356 495 3850 567">
    <p class='ocr_par' dir='ltr' id='par_1_18' title="bbox 2356 495 3850 567">
     <span class='ocr_line' id='line_1_18' title="bbox 2356 495 3850 567; baseline 0.009 -19"><span class='ocrx_word' id='word_1_111' title='bbox 2356 495 2448 565; x_wconf 92' lang='lat' dir='ltr'><strong>qui</strong></span> <span class='ocrx_word' id='word_1_112' title='bbox 2491 496 2786 565; x_wconf 84' lang='lat' dir='ltr'><strong>aliquando</strong></span> <span class='ocrx_word' id='word_1_113' title='bbox 2829 513 2951 553; x_wconf 78' lang='lat' dir='ltr'><strong>esse</strong></span> <span class='ocrx_word' id='word_1_114' title='bbox 2992 498 3232 562; x_wconf 87' lang='lat' dir='ltr'><strong>desierit,</strong></span> <span class='ocrx_word' id='word_1_115' title='bbox 3277 507 3330 552; x_wconf 90' lang='lat' dir='ltr'><strong>et</strong></span> <span class='ocrx_word' id='word_1_116' title='bbox 3366 511 3506 567; x_wconf 88' lang='lat' dir='ltr'><strong>opus</strong></span> <span class='ocrx_word' id='word_1_117' title='bbox 3546 506 3622 553; x_wconf 89' lang='lat' dir='ltr'><strong>est</strong></span> <span class='ocrx_word' id='word_1_118' title='bbox 3649 517 3850 562; x_wconf 83' lang='lat' dir='ltr'><strong>manuum</strong></span> 
     </span>
    </p>
   </div>
   <div class='ocr_carea' id='block_1_19' title="bbox 2354 589 3852 660">
    <p class='ocr_par' dir='ltr' id='par_1_19' title="bbox 2354 589 3852 660">
     <span class='ocr_line' id='line_1_19' title="bbox 2354 589 3852 660; baseline -0.001 -18"><span class='ocrx_word' id='word_1_119' title='bbox 2354 589 2493 657; x_wconf 89' lang='lat' dir='ltr'><strong>ejus,</strong></span> <span class='ocrx_word' id='word_1_120' title='bbox 2516 605 2626 643; x_wconf 90' lang='lat' dir='ltr'><strong>non</strong></span> <span class='ocrx_word' id='word_1_121' title='bbox 2646 590 2855 658; x_wconf 83' lang='lat' dir='ltr'><strong>possint</strong></span> <span class='ocrx_word' id='word_1_122' title='bbox 2875 591 3057 646; x_wconf 86' lang='lat' dir='ltr'><strong>radios</strong></span> <span class='ocrx_word' id='word_1_123' title='bbox 3081 590 3201 660; x_wconf 87' lang='lat' dir='ltr'><strong>ejus</strong></span> <span class='ocrx_word' id='word_1_124' title='bbox 3229 589 3437 646; x_wconf 87' lang='lat' dir='ltr'><strong>diutius</strong></span> <span class='ocrx_word' id='word_1_125' title='bbox 3468 590 3680 648; x_wconf 82' lang='lat' dir='ltr'><strong>intueri?</strong></span> <span class='ocrx_word' id='word_1_126' title='bbox 3699 614 3714 647; x_wconf 80' lang='grc' dir='ltr'><strong>ι</strong></span> <span class='ocrx_word' id='word_1_127' title='bbox 3733 595 3852 656; x_wconf 85' lang='lat' dir='ltr'><strong>Deni.</strong></span> 
     </span>
    </p>
   </div>
   <div class='ocr_carea' id='block_1_20' title="bbox 2353 683 3851 754">
    <p class='ocr_par' dir='ltr' id='par_1_20' title="bbox 2353 683 3851 754">
     <span class='ocr_line' id='line_1_20' title="bbox 2353 683 3851 754; baseline 0.009 -17"><span class='ocrx_word' id='word_1_128' title='bbox 2353 698 2461 752; x_wconf 91' lang='lat' dir='ltr'><strong>que</strong></span> <span class='ocrx_word' id='word_1_129' title='bbox 2519 684 2694 754; x_wconf 89' lang='lat' dir='ltr'><strong>capite</strong></span> <span class='ocrx_word' id='word_1_130' title='bbox 2737 683 2824 749; x_wconf 71' lang='grc'><strong>12,</strong></span> <span class='ocrx_word' id='word_1_131' title='bbox 2883 685 2999 740; x_wconf 84' lang='lat' dir='ltr'><strong>haec</strong></span> <span class='ocrx_word' id='word_1_132' title='bbox 3045 685 3112 740; x_wconf 89' lang='lat' dir='ltr'><strong>de</strong></span> <span class='ocrx_word' id='word_1_133' title='bbox 3159 684 3450 741; x_wconf 85' lang='lat' dir='ltr'><strong>Servatore</strong></span> <span class='ocrx_word' id='word_1_134' title='bbox 3499 698 3670 744; x_wconf 88' lang='lat' dir='ltr'><strong>nostro</strong></span> <span class='ocrx_word' id='word_1_135' title='bbox 3706 693 3851 752; x_wconf 80' lang='lat' dir='ltr'><strong>habet:</strong></span> 
     </span>
    </p>
   </div>
   <div class='ocr_carea' id='block_1_21' title="bbox 2357 775 3856 850">
    <p class='ocr_par' dir='ltr' id='par_1_21' title="bbox 2357 775 3856 850">
     <span class='ocr_line' id='line_1_21' title="bbox 2357 775 3856 850; baseline 0.009 -25"><span class='ocrx_word' id='word_1_136' title='bbox 2357 775 2544 844; x_wconf 83' lang='grc' dir='ltr'>Ἔχεις</span> <span class='ocrx_word' id='word_1_137' title='bbox 2592 775 2685 827; x_wconf 81' lang='grc' dir='ltr'><strong>καὶ</strong></span> <span class='ocrx_word' id='word_1_138' title='bbox 2732 775 2791 827; x_wconf 76' lang='grc' dir='ltr'>ἐν</span> <span class='ocrx_word' id='word_1_139' title='bbox 2836 775 3009 847; x_wconf 74' lang='grc' dir='ltr'>τούτῳ</span> <span class='ocrx_word' id='word_1_140' title='bbox 3047 776 3147 847; x_wconf 80' lang='grc' dir='ltr'><strong>τὴν</strong></span> <span class='ocrx_word' id='word_1_141' title='bbox 3190 777 3344 841; x_wconf 82' lang='grc' dir='ltr'>δόξαν</span> <span class='ocrx_word' id='word_1_142' title='bbox 3379 778 3474 831; x_wconf 83' lang='grc' dir='ltr'>τοῦ</span> <span class='ocrx_word' id='word_1_143' title='bbox 3526 781 3702 850; x_wconf 74' lang='grc' dir='ltr'>Ἰησοῦ,</span> <span class='ocrx_word' id='word_1_144' title='bbox 3732 785 3856 844; x_wconf 75' lang='grc' dir='ltr'>ὃτιὲν</span> 
     </span>
    </p>
   </div>
   <div class='ocr_carea' id='block_1_22' title="bbox 2353 865 3856 936">
    <p class='ocr_par' dir='ltr' id='par_1_22' title="bbox 2353 865 3856 936">
     <span class='ocr_line' id='line_1_22' title="bbox 2353 865 3856 936; baseline 0.011 -20"><span class='ocrx_word' id='word_1_145' title='bbox 2353 865 2502 935; x_wconf 75' lang='grc' dir='ltr'>αὐτῷ</span> <span class='ocrx_word' id='word_1_146' title='bbox 2532 865 2738 931; x_wconf 79' lang='grc' dir='ltr'>πάντα,</span> <span class='ocrx_word' id='word_1_147' title='bbox 2784 867 2878 920; x_wconf 78' lang='grc' dir='ltr'><strong>καὶ</strong></span> <span class='ocrx_word' id='word_1_148' title='bbox 2919 869 3003 930; x_wconf 70' lang='grc' dir='ltr'><strong>εἰς</strong></span> <span class='ocrx_word' id='word_1_149' title='bbox 3039 868 3215 922; x_wconf 76' lang='grc' dir='ltr'>αὐτόν.</span> <span class='ocrx_word' id='word_1_150' title='bbox 3261 888 3279 921; x_wconf 81' lang='grc' dir='ltr'><strong>ι</strong></span> <span class='ocrx_word' id='word_1_151' title='bbox 3311 868 3488 925; x_wconf 81' lang='lat' dir='ltr'><strong>Habet</strong></span> <span class='ocrx_word' id='word_1_152' title='bbox 3513 872 3666 927; x_wconf 84' lang='lat' dir='ltr'><strong>etiam</strong></span> <span class='ocrx_word' id='word_1_153' title='bbox 3706 875 3750 930; x_wconf 87' lang='lat' dir='ltr'><strong>in</strong></span> <span class='ocrx_word' id='word_1_154' title='bbox 3783 879 3856 936; x_wconf 82' lang='lat' dir='ltr'><strong>hoc</strong></span> 
     </span>
    </p>
   </div>
   <div class='ocr_carea' id='block_1_23' title="bbox 2354 956 3853 1031">
    <p class='ocr_par' dir='ltr' id='par_1_23' title="bbox 2354 956 3853 1031">
     <span class='ocr_line' id='line_1_23' title="bbox 2354 956 3853 1031; baseline 0.01 -22"><span class='ocrx_word' id='word_1_155' title='bbox 2354 957 2582 1028; x_wconf 85' lang='lat' dir='ltr'><strong>gloriam</strong></span> <span class='ocrx_word' id='word_1_156' title='bbox 2628 956 2760 1012; x_wconf 84' lang='lat' dir='ltr'><strong>Jesu</strong></span> <span class='ocrx_word' id='word_1_157' title='bbox 2801 975 2815 1010; x_wconf 93' lang='lat'><strong>:</strong></span> <span class='ocrx_word' id='word_1_158' title='bbox 2865 959 3014 1030; x_wconf 91' lang='lat' dir='ltr'><strong>quod</strong></span> <span class='ocrx_word' id='word_1_159' title='bbox 3080 961 3136 1015; x_wconf 92' lang='lat' dir='ltr'><strong>in</strong></span> <span class='ocrx_word' id='word_1_160' title='bbox 3191 961 3311 1031; x_wconf 87' lang='lat' dir='ltr'><strong>ipso</strong></span> <span class='ocrx_word' id='word_1_161' title='bbox 3355 962 3468 1017; x_wconf 90' lang='lat' dir='ltr'><strong>sint</strong></span> <span class='ocrx_word' id='word_1_162' title='bbox 3520 965 3707 1030; x_wconf 81' lang='lat' dir='ltr'><strong>omnia,</strong></span> <span class='ocrx_word' id='word_1_163' title='bbox 3739 979 3781 1022; x_wconf 88' lang='lat' dir='ltr'><strong>et</strong></span> <span class='ocrx_word' id='word_1_164' title='bbox 3815 972 3853 1025; x_wconf 83' lang='lat' dir='ltr'><strong>in</strong></span> 
     </span>
    </p>
   </div>
   <div class='ocr_carea' id='block_1_24' title="bbox 2353 1048 3854 1124">
    <p class='ocr_par' dir='ltr' id='par_1_24' title="bbox 2353 1048 3854 1124">
     <span class='ocr_line' id='line_1_24' title="bbox 2353 1048 3854 1124; baseline 0.011 -23"><span class='ocrx_word' id='word_1_165' title='bbox 2353 1048 2555 1118; x_wconf 90' lang='lat' dir='ltr'><strong>ipsum.</strong></span> <span class='ocrx_word' id='word_1_166' title='bbox 2588 1069 2605 1100; x_wconf 77' lang='grc' dir='ltr'><strong>ι</strong></span> <span class='ocrx_word' id='word_1_167' title='bbox 2634 1048 2739 1104; x_wconf 88' lang='lat' dir='ltr'><strong>Pro</strong></span> <span class='ocrx_word' id='word_1_168' title='bbox 2768 1052 3130 1121; x_wconf 85' lang='lat' dir='ltr'><strong>explicatione</strong></span> <span class='ocrx_word' id='word_1_169' title='bbox 3163 1053 3326 1124; x_wconf 85' lang='lat' dir='ltr'><strong>hujus</strong></span> <span class='ocrx_word' id='word_1_170' title='bbox 3352 1061 3533 1109; x_wconf 77' lang='lat' dir='ltr'><strong>textus</strong></span> <span class='ocrx_word' id='word_1_171' title='bbox 3561 1057 3624 1110; x_wconf 91' lang='lat' dir='ltr'><strong>de</strong></span> <span class='ocrx_word' id='word_1_172' title='bbox 3647 1061 3854 1117; x_wconf 78' lang='lat' dir='ltr'><strong>creatione</strong></span> 
     </span>
    </p>
   </div>
   <div class='ocr_carea' id='block_1_25' title="bbox 2353 1146 3853 1221">
    <p class='ocr_par' dir='ltr' id='par_1_25' title="bbox 2353 1146 3853 1221">
     <span class='ocr_line' id='line_1_25' title="bbox 2353 1146 3853 1221; baseline 0.007 -24"><span class='ocrx_word' id='word_1_173' title='bbox 2353 1158 2417 1198; x_wconf 84' lang='lat' dir='ltr'><strong>ac</strong></span> <span class='ocrx_word' id='word_1_174' title='bbox 2448 1146 2866 1201; x_wconf 87' lang='lat' dir='ltr'><strong>conservatione</strong></span> <span class='ocrx_word' id='word_1_175' title='bbox 2905 1148 3154 1200; x_wconf 91' lang='lat' dir='ltr'><strong>omnium</strong></span> <span class='ocrx_word' id='word_1_176' title='bbox 3193 1162 3378 1202; x_wconf 88' lang='lat' dir='ltr'><strong>rerum</strong></span> <span class='ocrx_word' id='word_1_177' title='bbox 3423 1163 3521 1217; x_wconf 88' lang='lat' dir='ltr'><strong>per</strong></span> <span class='ocrx_word' id='word_1_178' title='bbox 3555 1159 3604 1203; x_wconf 89' lang='lat' dir='ltr'><strong>et</strong></span> <span class='ocrx_word' id='word_1_179' title='bbox 3641 1150 3689 1204; x_wconf 90' lang='lat' dir='ltr'><strong>in</strong></span> <span class='ocrx_word' id='word_1_180' title='bbox 3726 1151 3853 1221; x_wconf 86' lang='lat' dir='ltr'><strong>ipsum</strong></span> 
     </span>
    </p>
   </div>
   <div class='ocr_carea' id='block_1_26' title="bbox 2351 1233 3961 1308">
    <p class='ocr_par' dir='ltr' id='par_1_26' title="bbox 2351 1233 3961 1308">
     <span class='ocr_line' id='line_1_26' title="bbox 2351 1233 3961 1308; baseline 0.009 -20"><span class='ocrx_word' id='word_1_181' title='bbox 2351 1235 2583 1290; x_wconf 89' lang='lat' dir='ltr'><strong>multum</strong></span> <span class='ocrx_word' id='word_1_182' title='bbox 2621 1237 2802 1292; x_wconf 90' lang='lat' dir='ltr'><strong>valent</strong></span> <span class='ocrx_word' id='word_1_183' title='bbox 2829 1238 3088 1307; x_wconf 88' lang='lat' dir='ltr'><strong>parallela</strong></span> <span class='ocrx_word' id='word_1_184' title='bbox 3115 1254 3344 1308; x_wconf 88' lang='lat' dir='ltr'><strong>prorsus</strong></span> <span class='ocrx_word' id='word_1_185' title='bbox 3388 1239 3446 1294; x_wconf 93' lang='lat' dir='ltr'><strong>S.</strong></span> <span class='ocrx_word' id='word_1_186' title='bbox 3477 1239 3627 1295; x_wconf 90' lang='lat' dir='ltr'><strong>Pauli</strong></span> <span class='ocrx_word' id='word_1_187' title='bbox 3655 1244 3790 1299; x_wconf 78' lang='lat' dir='ltr'><strong>verba</strong></span> <span class='ocrx_word' id='word_1_188' title='bbox 3812 1249 3856 1301; x_wconf 79' lang='lat' dir='ltr'><strong>ad</strong></span> <span class='ocrx_word' id='word_1_189' title='bbox 3960 1233 3961 1308; x_wconf 53' lang='grc' dir='ltr'>ἰ</span> 
     </span>
    </p>
   </div>
   <div class='ocr_carea' id='block_1_27' title="bbox 2349 1326 3857 1402">
    <p class='ocr_par' dir='ltr' id='par_1_27' title="bbox 2349 1326 3857 1402">
     <span class='ocr_line' id='line_1_27' title="bbox 2349 1326 3857 1402; baseline 0.006 -21"><span class='ocrx_word' id='word_1_190' title='bbox 2349 1326 2705 1384; x_wconf 87' lang='lat' dir='ltr'><strong>Colossenses</strong></span> <span class='ocrx_word' id='word_1_191' title='bbox 2733 1330 2846 1400; x_wconf 76' lang='grc'><strong>(15)</strong></span> <span class='ocrx_word' id='word_1_192' title='bbox 2885 1347 2901 1384; x_wconf 86' lang='lat'><strong>:</strong></span> <span class='ocrx_word' id='word_1_193' title='bbox 2963 1331 3084 1384; x_wconf 85' lang='grc' dir='ltr'>Ὅτι</span> <span class='ocrx_word' id='word_1_194' title='bbox 3115 1332 3172 1383; x_wconf 79' lang='grc' dir='ltr'><strong>ἐν</strong></span> <span class='ocrx_word' id='word_1_195' title='bbox 3199 1331 3349 1401; x_wconf 80' lang='grc' dir='ltr'>αὐτῷ</span> <span class='ocrx_word' id='word_1_196' title='bbox 3388 1330 3611 1402; x_wconf 76' lang='grc' dir='ltr'><strong>ἐκτίσθη</strong></span> <span class='ocrx_word' id='word_1_197' title='bbox 3642 1333 3703 1386; x_wconf 82' lang='grc' dir='ltr'>τὰ</span> <span class='ocrx_word' id='word_1_198' title='bbox 3733 1335 3857 1390; x_wconf 66' lang='grc' dir='ltr'>πάντα</span> 
     </span>
    </p>
   </div>
   <div class='ocr_carea' id='block_1_28' title="bbox 2348 1417 3857 1496">
    <p class='ocr_par' dir='ltr' id='par_1_28' title="bbox 2348 1417 3857 1496">
     <span class='ocr_line' id='line_1_28' title="bbox 2348 1417 3857 1496; baseline 0.007 -26"><span class='ocrx_word' id='word_1_199' title='bbox 2348 1417 2418 1471; x_wconf 81' lang='grc' dir='ltr'><strong>τὰ</strong></span> <span class='ocrx_word' id='word_1_200' title='bbox 2458 1420 2517 1471; x_wconf 84' lang='grc' dir='ltr'><strong>ἐν</strong></span> <span class='ocrx_word' id='word_1_201' title='bbox 2559 1422 2672 1484; x_wconf 84' lang='grc' dir='ltr'>τοῖς</span> <span class='ocrx_word' id='word_1_202' title='bbox 2711 1422 2961 1494; x_wconf 76' lang='grc' dir='ltr'><strong>οὐρανοῖς</strong></span> <span class='ocrx_word' id='word_1_203' title='bbox 3001 1422 3098 1476; x_wconf 76' lang='grc' dir='ltr'>καὶ</span> <span class='ocrx_word' id='word_1_204' title='bbox 3131 1421 3200 1476; x_wconf 78' lang='grc' dir='ltr'>τὰ</span> <span class='ocrx_word' id='word_1_205' title='bbox 3246 1423 3338 1476; x_wconf 79' lang='grc' dir='ltr'>ἐπὶ</span> <span class='ocrx_word' id='word_1_206' title='bbox 3372 1424 3472 1494; x_wconf 80' lang='grc' dir='ltr'><strong>τῆς</strong></span> <span class='ocrx_word' id='word_1_207' title='bbox 3514 1424 3631 1494; x_wconf 79' lang='grc' dir='ltr'><strong>γῆς,</strong></span> <span class='ocrx_word' id='word_1_208' title='bbox 3657 1424 3718 1477; x_wconf 78' lang='grc' dir='ltr'>τὰ</span> <span class='ocrx_word' id='word_1_209' title='bbox 3739 1428 3857 1496; x_wconf 77' lang='grc' dir='ltr'>ὀρατὰ</span> 
     </span>
    </p>
   </div>
   <div class='ocr_carea' id='block_1_29' title="bbox 2350 1510 3855 1582">
    <p class='ocr_par' dir='ltr' id='par_1_29' title="bbox 2350 1510 3855 1582">
     <span class='ocr_line' id='line_1_29' title="bbox 2350 1510 3855 1582; baseline 0.005 -18"><span class='ocrx_word' id='word_1_210' title='bbox 2350 1511 2444 1564; x_wconf 74' lang='grc' dir='ltr'><strong>καὶ</strong></span> <span class='ocrx_word' id='word_1_211' title='bbox 2469 1510 2538 1563; x_wconf 79' lang='grc' dir='ltr'>τὰ</span> <span class='ocrx_word' id='word_1_212' title='bbox 2561 1511 2787 1582; x_wconf 81' lang='grc' dir='ltr'><strong>ἀόρατα,</strong></span> <span class='ocrx_word' id='word_1_213' title='bbox 2816 1531 2865 1566; x_wconf 90' lang='grc' dir='ltr'><strong>κ.</strong></span> <span class='ocrx_word' id='word_1_214' title='bbox 2892 1531 2944 1567; x_wconf 88' lang='grc' dir='ltr'><strong>τ.</strong></span> <span class='ocrx_word' id='word_1_215' title='bbox 2973 1513 3046 1579; x_wconf 87' lang='grc' dir='ltr'>λ.;</span> <span class='ocrx_word' id='word_1_216' title='bbox 3069 1524 3122 1569; x_wconf 85' lang='lat' dir='ltr'><strong>et</strong></span> <span class='ocrx_word' id='word_1_217' title='bbox 3156 1530 3283 1569; x_wconf 81' lang='lat' dir='ltr'><strong>mox</strong></span> <span class='ocrx_word' id='word_1_218' title='bbox 3309 1535 3322 1568; x_wconf 93' lang='lat'><strong>:</strong></span> <span class='ocrx_word' id='word_1_219' title='bbox 3352 1514 3436 1568; x_wconf 82' lang='grc' dir='ltr'><strong>Τὰ</strong></span> <span class='ocrx_word' id='word_1_220' title='bbox 3462 1517 3633 1570; x_wconf 84' lang='grc' dir='ltr'>πάντα</span> <span class='ocrx_word' id='word_1_221' title='bbox 3661 1510 3720 1569; x_wconf 60' lang='grc' dir='ltr'><strong>διδ</strong></span> <span class='ocrx_word' id='word_1_222' title='bbox 3744 1519 3855 1572; x_wconf 71' lang='grc' dir='ltr'>αὑτοῦ</span> 
     </span>
    </p>
   </div>
   <div class='ocr_carea' id='block_1_30' title="bbox 2351 1599 3857 1666">
    <p class='ocr_par' dir='ltr' id='par_1_30' title="bbox 2351 1599 3857 1666">
     <span class='ocr_line' id='line_1_30' title="bbox 2351 1599 3857 1666; baseline 0.006 -14"><span class='ocrx_word' id='word_1_223' title='bbox 2351 1599 2444 1652; x_wconf 87' lang='grc' dir='ltr'>καί</span> <span class='ocrx_word' id='word_1_224' title='bbox 2487 1600 2568 1663; x_wconf 86' lang='grc' dir='ltr'><strong>εἰς</strong></span> <span class='ocrx_word' id='word_1_225' title='bbox 2609 1600 2772 1655; x_wconf 77' lang='grc' dir='ltr'>αὐτὸν</span> <span class='ocrx_word' id='word_1_226' title='bbox 2812 1601 3079 1666; x_wconf 82' lang='grc' dir='ltr'><strong>ἔκτισται,</strong></span> <span class='ocrx_word' id='word_1_227' title='bbox 3113 1617 3180 1659; x_wconf 88' lang='lat' dir='ltr'><strong>ac</strong></span> <span class='ocrx_word' id='word_1_228' title='bbox 3207 1618 3368 1660; x_wconf 89' lang='lat' dir='ltr'><strong>versu</strong></span> <span class='ocrx_word' id='word_1_229' title='bbox 3392 1604 3458 1658; x_wconf 78' lang='grc'><strong>17</strong></span> <span class='ocrx_word' id='word_1_230' title='bbox 3493 1623 3504 1658; x_wconf 94' lang='lat'><strong>:</strong></span> <span class='ocrx_word' id='word_1_231' title='bbox 3540 1605 3619 1658; x_wconf 83' lang='grc' dir='ltr'><strong>Τὰ</strong></span> <span class='ocrx_word' id='word_1_232' title='bbox 3654 1608 3798 1661; x_wconf 81' lang='grc' dir='ltr'>πάντα</span> <span class='ocrx_word' id='word_1_233' title='bbox 3820 1611 3857 1661; x_wconf 76' lang='grc' dir='ltr'><strong>ὲν</strong></span> 
     </span>
    </p>
   </div>
   <div class='ocr_carea' id='block_1_31' title="bbox 677 1687 2242 1769">
    <p class='ocr_par' dir='ltr' id='par_1_31' title="bbox 677 1687 2242 1769">
     <span class='ocr_line' id='line_1_31' title="bbox 677 1687 2242 1769; baseline -0.012 -10"><span class='ocrx_word' id='word_1_234' title='bbox 677 1705 822 1759; x_wconf 76' lang='lat' dir='ltr'><strong>xime</strong></span> <span class='ocrx_word' id='word_1_235' title='bbox 847 1699 1234 1769; x_wconf 85' lang='lat' dir='ltr'><strong>subsequentia</strong></span> <span class='ocrx_word' id='word_1_236' title='bbox 1251 1713 1318 1752; x_wconf 78' lang='lat' dir='ltr'><strong>ex</strong></span> <span class='ocrx_word' id='word_1_237' title='bbox 1337 1695 1564 1750; x_wconf 64' lang='lat' dir='ltr'><strong>Hebraeo</strong></span> <span class='ocrx_word' id='word_1_238' title='bbox 1583 1691 1731 1747; x_wconf 83' lang='lat' dir='ltr'><strong>fonte</strong></span> <span class='ocrx_word' id='word_1_239' title='bbox 1753 1691 1947 1761; x_wconf 85' lang='lat' dir='ltr'><strong>repetit</strong></span> <span class='ocrx_word' id='word_1_240' title='bbox 1971 1690 2017 1758; x_wconf 82' lang='grc'><strong>(1</strong></span> <span class='ocrx_word' id='word_1_241' title='bbox 2033 1689 2084 1760; x_wconf 82' lang='lat' dir='ltr'><strong>l)</strong></span> <span class='ocrx_word' id='word_1_242' title='bbox 2106 1706 2120 1743; x_wconf 87' lang='lat'><strong>:</strong></span> <span class='ocrx_word' id='word_1_243' title='bbox 2140 1687 2242 1740; x_wconf 88' lang='lat' dir='ltr'><strong>Kal</strong></span> 
     </span>
    </p>
   </div>
   <div class='ocr_carea' id='block_1_32' title="bbox 2350 1687 2843 1769">
    <p class='ocr_par' dir='ltr' id='par_1_32' title="bbox 2352 1690 2843 1766">
     <span class='ocr_line' id='line_1_32' title="bbox 2352 1690 2843 1766; baseline 0.008 -22"><span class='ocrx_word' id='word_1_244' title='bbox 2352 1690 2500 1762; x_wconf 77' lang='grc' dir='ltr'>αὐτῷ</span> <span class='ocrx_word' id='word_1_245' title='bbox 2529 1691 2843 1766; x_wconf 79' lang='grc' dir='ltr'><strong>συνέστηκε.</strong></span> 
     </span>
    </p>
   </div>
   <div class='ocr_carea' id='block_1_33' title="bbox 674 1760 2242 1861">
    <p class='ocr_par' dir='ltr' id='par_1_33' title="bbox 674 1760 2242 1858">
     <span class='ocr_line' id='line_1_33' title="bbox 674 1760 2242 1858; baseline -0.01 -11"><span class='ocrx_word' id='word_1_246' title='bbox 674 1795 734 1858; x_wconf 86' lang='grc' dir='ltr'><strong>ὃς</strong></span> <span class='ocrx_word' id='word_1_247' title='bbox 769 1791 976 1846; x_wconf 75' lang='grc' dir='ltr'>ὲλπὶσει</span> <span class='ocrx_word' id='word_1_248' title='bbox 1019 1760 1104 1841; x_wconf 63' lang='grc' dir='ltr'><strong>ἐπ’</strong></span> <span class='ocrx_word' id='word_1_249' title='bbox 1133 1786 1292 1841; x_wconf 74' lang='grc' dir='ltr'>αὑτὸν</span> <span class='ocrx_word' id='word_1_250' title='bbox 1324 1786 1549 1856; x_wconf 75' lang='grc' dir='ltr'>ζήσεται</span> <span class='ocrx_word' id='word_1_251' title='bbox 1583 1784 1664 1845; x_wconf 80' lang='grc' dir='ltr'><strong>εἰς</strong></span> <span class='ocrx_word' id='word_1_252' title='bbox 1689 1781 1779 1835; x_wconf 80' lang='grc' dir='ltr'><strong>τὸν</strong></span> <span class='ocrx_word' id='word_1_253' title='bbox 1814 1760 2003 1835; x_wconf 77' lang='grc' dir='ltr'>αἰῶνα.</span> <span class='ocrx_word' id='word_1_254' title='bbox 2056 1779 2124 1832; x_wconf 88' lang='lat' dir='ltr'><strong>Et</strong></span> <span class='ocrx_word' id='word_1_255' title='bbox 2159 1779 2242 1849; x_wconf 87' lang='lat' dir='ltr'><strong>qui</strong></span> 
     </span>
    </p>
   </div>
   <div class='ocr_carea' id='block_1_34' title="bbox 2350 1760 3860 1861">
    <p class='ocr_par' dir='ltr' id='par_1_34' title="bbox 2424 1760 3860 1861">
     <span class='ocr_line' id='line_1_34' title="bbox 2424 1760 3860 1861; baseline 0.008 -25"><span class='ocrx_word' id='word_1_256' title='bbox 2424 1760 2620 1838; x_wconf 80' lang='lat' dir='ltr'><strong>Veram</strong></span> <span class='ocrx_word' id='word_1_257' title='bbox 2650 1760 2772 1839; x_wconf 80' lang='lat' dir='ltr'><strong>Filii</strong></span> <span class='ocrx_word' id='word_1_258' title='bbox 2799 1785 3138 1842; x_wconf 82' lang='lat' dir='ltr'><strong>divinitatem</strong></span> <span class='ocrx_word' id='word_1_259' title='bbox 3161 1803 3270 1843; x_wconf 92' lang='lat' dir='ltr'><strong>non</strong></span> <span class='ocrx_word' id='word_1_260' title='bbox 3300 1789 3489 1844; x_wconf 79' lang='lat' dir='ltr'><strong>minus</strong></span> <span class='ocrx_word' id='word_1_261' title='bbox 3513 1791 3716 1861; x_wconf 79' lang='lat' dir='ltr'><strong>egregie</strong></span> <span class='ocrx_word' id='word_1_262' title='bbox 3736 1791 3860 1848; x_wconf 74' lang='lat' dir='ltr'><strong>decla-</strong></span> 
     </span>
    </p>
   </div>
   <div class='ocr_carea' id='block_1_35' title="bbox 675 1871 2248 1955">
    <p class='ocr_par' dir='ltr' id='par_1_35' title="bbox 675 1871 2248 1955">
     <span class='ocr_line' id='line_1_35' title="bbox 675 1871 2248 1955; baseline -0.01 -16"><span class='ocrx_word' id='word_1_263' title='bbox 675 1885 904 1955; x_wconf 82' lang='lat' dir='ltr'><strong>sperarit</strong></span> <span class='ocrx_word' id='word_1_264' title='bbox 933 1883 987 1936; x_wconf 89' lang='lat' dir='ltr'><strong>in</strong></span> <span class='ocrx_word' id='word_1_265' title='bbox 1025 1881 1142 1946; x_wconf 89' lang='lat' dir='ltr'><strong>illo,</strong></span> <span class='ocrx_word' id='word_1_266' title='bbox 1180 1880 1310 1933; x_wconf 81' lang='lat' dir='ltr'><strong>vivet</strong></span> <span class='ocrx_word' id='word_1_267' title='bbox 1343 1880 1397 1932; x_wconf 88' lang='lat' dir='ltr'><strong>in</strong></span> <span class='ocrx_word' id='word_1_268' title='bbox 1431 1888 1683 1932; x_wconf 78' lang='lat' dir='ltr'><strong>teternum</strong></span> <span class='ocrx_word' id='word_1_269' title='bbox 1708 1914 1723 1938; x_wconf 94' lang='lat'><strong>,</strong></span> <span class='ocrx_word' id='word_1_270' title='bbox 1757 1873 1847 1927; x_wconf 91' lang='lat' dir='ltr'><strong>ubi</strong></span> <span class='ocrx_word' id='word_1_271' title='bbox 1874 1871 2014 1926; x_wconf 72' lang='lat' dir='ltr'><strong>LXX</strong></span> <span class='ocrx_word' id='word_1_272' title='bbox 2040 1890 2052 1926; x_wconf 91' lang='lat'><strong>:</strong></span> <span class='ocrx_word' id='word_1_273' title='bbox 2083 1871 2193 1925; x_wconf 77' lang='lat' dir='ltr'><strong>Kal.</strong></span> <span class='ocrx_word' id='word_1_274' title='bbox 2219 1872 2248 1924; x_wconf 83' lang='grc' dir='ltr'>ὁ</span> 
     </span>
    </p>
   </div>
   <div class='ocr_carea' id='block_1_36' title="bbox 676 1963 2248 2046">
    <p class='ocr_par' dir='ltr' id='par_1_36' title="bbox 676 1963 2248 2046">
     <span class='ocr_line' id='line_1_36' title="bbox 676 1963 2248 2046; baseline -0.01 -15"><span class='ocrx_word' id='word_1_275' title='bbox 676 1975 947 2030; x_wconf 63' lang='grc' dir='ltr'>πιστεύων</span> <span class='ocrx_word' id='word_1_276' title='bbox 979 1974 1053 2046; x_wconf 84' lang='grc' dir='ltr'><strong>μὴ</strong></span> <span class='ocrx_word' id='word_1_277' title='bbox 1091 1970 1460 2043; x_wconf 73' lang='grc' dir='ltr'>καταισχυνθῇ</span> <span class='ocrx_word' id='word_1_278' title='bbox 1492 1987 1506 2024; x_wconf 91' lang='lat'><strong>:</strong></span> <span class='ocrx_word' id='word_1_279' title='bbox 1536 1968 1604 2022; x_wconf 85' lang='lat' dir='ltr'><strong>Et</strong></span> <span class='ocrx_word' id='word_1_280' title='bbox 1636 1967 1847 2021; x_wconf 81' lang='lat' dir='ltr'><strong>credens</strong></span> <span class='ocrx_word' id='word_1_281' title='bbox 1884 1982 1985 2019; x_wconf 88' lang='lat' dir='ltr'><strong>non</strong></span> <span class='ocrx_word' id='word_1_282' title='bbox 2026 1963 2248 2034; x_wconf 81' lang='lat' dir='ltr'><strong>confun-</strong></span> 
     </span>
    </p>
   </div>
   <div class='ocr_carea' id='block_1_37' title="bbox 675 2056 2244 2126">
    <p class='ocr_par' dir='ltr' id='par_1_37' title="bbox 675 2056 2244 2126">
     <span class='ocr_line' id='line_1_37' title="bbox 675 2056 2244 2126; baseline -0.008 -2"><span class='ocrx_word' id='word_1_283' title='bbox 675 2071 853 2125; x_wconf 83' lang='lat' dir='ltr'><strong>detur.</strong></span> <span class='ocrx_word' id='word_1_284' title='bbox 877 2099 947 2109; x_wconf 90' lang='lat'><strong>——</strong></span> <span class='ocrx_word' id='word_1_285' title='bbox 973 2065 1116 2119; x_wconf 85' lang='lat' dir='ltr'><strong>Alibi</strong></span> <span class='ocrx_word' id='word_1_286' title='bbox 1153 2072 1333 2118; x_wconf 89' lang='lat' dir='ltr'><strong>autem</strong></span> <span class='ocrx_word' id='word_1_287' title='bbox 1383 2077 1450 2116; x_wconf 80' lang='lat' dir='ltr'><strong>ex</strong></span> <span class='ocrx_word' id='word_1_288' title='bbox 1479 2060 1676 2116; x_wconf 90' lang='lat' dir='ltr'><strong>Genes.</strong></span> <span class='ocrx_word' id='word_1_289' title='bbox 1713 2075 1774 2126; x_wconf 88' lang='grc' dir='ltr'><strong>ιι,</strong></span> <span class='ocrx_word' id='word_1_290' title='bbox 1799 2059 1854 2125; x_wconf 78' lang='lat'><strong>2,</strong></span> <span class='ocrx_word' id='word_1_291' title='bbox 1901 2058 2019 2112; x_wconf 67' lang='lat' dir='ltr'><strong>haec</strong></span> <span class='ocrx_word' id='word_1_292' title='bbox 2055 2056 2244 2111; x_wconf 86' lang='lat' dir='ltr'><strong>habet:</strong></span> 
     </span>
    </p>
   </div>
   <div class='ocr_carea' id='block_1_38' title="bbox 675 2147 2246 2228">
    <p class='ocr_par' dir='ltr' id='par_1_38' title="bbox 675 2147 2246 2228">
     <span class='ocr_line' id='line_1_38' title="bbox 675 2147 2246 2228; baseline -0.01 -13"><span class='ocrx_word' id='word_1_293' title='bbox 675 2160 787 2216; x_wconf 76' lang='grc' dir='ltr'>Καὶ</span> <span class='ocrx_word' id='word_1_294' title='bbox 818 2157 1165 2214; x_wconf 79' lang='grc' dir='ltr'>συνετέλεσεν</span> <span class='ocrx_word' id='word_1_295' title='bbox 1203 2156 1251 2228; x_wconf 88' lang='grc' dir='ltr'><strong>(ὁ</strong></span> <span class='ocrx_word' id='word_1_296' title='bbox 1292 2153 1444 2223; x_wconf 72' lang='grc' dir='ltr'>Θεὸς)</span> <span class='ocrx_word' id='word_1_297' title='bbox 1485 2154 1542 2205; x_wconf 79' lang='grc' dir='ltr'>ἐν</span> <span class='ocrx_word' id='word_1_298' title='bbox 1583 2154 1648 2222; x_wconf 81' lang='grc' dir='ltr'>τῇ</span> <span class='ocrx_word' id='word_1_299' title='bbox 1690 2150 1873 2223; x_wconf 71' lang='grc' dir='ltr'><strong>ἡμέρᾳ</strong></span> <span class='ocrx_word' id='word_1_300' title='bbox 1912 2152 1979 2222; x_wconf 78' lang='grc' dir='ltr'>τῇ</span> <span class='ocrx_word' id='word_1_301' title='bbox 2022 2147 2246 2221; x_wconf 79' lang='grc' dir='ltr'><strong>ἐϐδόμῃ,</strong></span> 
     </span>
    </p>
   </div>
   <div class='ocr_carea' id='block_1_39' title="bbox 674 2242 2245 2313">
    <p class='ocr_par' dir='ltr' id='par_1_39' title="bbox 674 2242 2245 2313">
     <span class='ocr_line' id='line_1_39' title="bbox 674 2242 2245 2313; baseline -0.008 -6"><span class='ocrx_word' id='word_1_302' title='bbox 674 2271 733 2310; x_wconf 84' lang='grc' dir='ltr'><strong>κ.</strong></span> <span class='ocrx_word' id='word_1_303' title='bbox 758 2271 809 2306; x_wconf 92' lang='grc' dir='ltr'>τ.</span> <span class='ocrx_word' id='word_1_304' title='bbox 832 2259 881 2305; x_wconf 81' lang='grc' dir='ltr'><strong>λ.</strong></span> <span class='ocrx_word' id='word_1_305' title='bbox 917 2249 986 2303; x_wconf 85' lang='lat' dir='ltr'><strong>Et</strong></span> <span class='ocrx_word' id='word_1_306' title='bbox 1025 2247 1406 2303; x_wconf 85' lang='lat' dir='ltr'><strong>consummavit</strong></span> <span class='ocrx_word' id='word_1_307' title='bbox 1433 2242 1617 2313; x_wconf 85' lang='lat' dir='ltr'><strong>(Deus)</strong></span> <span class='ocrx_word' id='word_1_308' title='bbox 1649 2244 1702 2297; x_wconf 91' lang='lat' dir='ltr'><strong>in</strong></span> <span class='ocrx_word' id='word_1_309' title='bbox 1731 2243 1817 2296; x_wconf 89' lang='lat' dir='ltr'><strong>die</strong></span> <span class='ocrx_word' id='word_1_310' title='bbox 1848 2243 2093 2312; x_wconf 85' lang='lat' dir='ltr'><strong>septima,</strong></span> <span class='ocrx_word' id='word_1_311' title='bbox 2116 2249 2245 2296; x_wconf 90' lang='lat' dir='ltr'><strong>ctc.:</strong></span> 
     </span>
    </p>
   </div>
   <div class='ocr_carea' id='block_1_40' title="bbox 668 2330 2229 2416">
    <p class='ocr_par' dir='ltr' id='par_1_40' title="bbox 668 2330 2229 2416">
     <span class='ocr_line' id='line_1_40' title="bbox 668 2330 2229 2416; baseline -0.014 -14"><span class='ocrx_word' id='word_1_312' title='bbox 668 2357 726 2402; x_wconf 87' lang='lat' dir='ltr'><strong>at</strong></span> <span class='ocrx_word' id='word_1_313' title='bbox 790 2343 932 2400; x_wconf 79' lang='lat' dir='ltr'><strong>LXX</strong></span> <span class='ocrx_word' id='word_1_314' title='bbox 1000 2361 1013 2396; x_wconf 92' lang='lat'><strong>:</strong></span> <span class='ocrx_word' id='word_1_315' title='bbox 1074 2345 1132 2396; x_wconf 79' lang='grc' dir='ltr'>ὲν</span> <span class='ocrx_word' id='word_1_316' title='bbox 1191 2339 1374 2412; x_wconf 77' lang='grc' dir='ltr'>ἡμέρᾳ.</span> <span class='ocrx_word' id='word_1_317' title='bbox 1431 2338 1496 2407; x_wconf 82' lang='grc' dir='ltr'>τῇ</span> <span class='ocrx_word' id='word_1_318' title='bbox 1558 2334 1724 2416; x_wconf 59' lang='grc' dir='ltr'>ἕκτῃ,</span> <span class='ocrx_word' id='word_1_319' title='bbox 1787 2333 1840 2386; x_wconf 89' lang='lat' dir='ltr'><strong>in</strong></span> <span class='ocrx_word' id='word_1_320' title='bbox 1906 2330 1994 2384; x_wconf 85' lang='lat' dir='ltr'><strong>die</strong></span> <span class='ocrx_word' id='word_1_321' title='bbox 2057 2335 2229 2383; x_wconf 73' lang='lat' dir='ltr'><strong>sexta.</strong></span> 
     </span>
    </p>
   </div>
   <div class='ocr_carea' id='block_1_41' title="bbox 670 2417 2230 2504">
    <p class='ocr_par' dir='ltr' id='par_1_41' title="bbox 670 2417 2230 2504">
     <span class='ocr_line' id='line_1_41' title="bbox 670 2417 2230 2504; baseline -0.015 -9"><span class='ocrx_word' id='word_1_322' title='bbox 670 2438 810 2494; x_wconf 77' lang='lat' dir='ltr'><strong>Hinc</strong></span> <span class='ocrx_word' id='word_1_323' title='bbox 848 2437 906 2492; x_wconf 90' lang='lat' dir='ltr'><strong>S.</strong></span> <span class='ocrx_word' id='word_1_324' title='bbox 949 2435 1307 2504; x_wconf 82' lang='lat' dir='ltr'><strong>Hieronymus</strong></span> <span class='ocrx_word' id='word_1_325' title='bbox 1363 2431 1416 2484; x_wconf 89' lang='lat' dir='ltr'><strong>in</strong></span> <span class='ocrx_word' id='word_1_326' title='bbox 1456 2425 1857 2482; x_wconf 85' lang='lat' dir='ltr'><strong>Traditionibus</strong></span> <span class='ocrx_word' id='word_1_327' title='bbox 1895 2417 2175 2475; x_wconf 82' lang='lat' dir='ltr'><strong>Hebraicis</strong></span> <span class='ocrx_word' id='word_1_328' title='bbox 2217 2435 2230 2471; x_wconf 91' lang='lat'>:</span> 
     </span>
    </p>
   </div>
   <div class='ocr_carea' id='block_1_42' title="bbox 675 2509 2232 2588">
    <p class='ocr_par' dir='ltr' id='par_1_42' title="bbox 675 2509 2232 2588">
     <span class='ocr_line' id='line_1_42' title="bbox 675 2509 2232 2588; baseline -0.018 0"><span class='ocrx_word' id='word_1_329' title='bbox 675 2530 784 2586; x_wconf 88' lang='lat' dir='ltr'><strong>Pro</strong></span> <span class='ocrx_word' id='word_1_330' title='bbox 836 2540 985 2586; x_wconf 72' lang='lat' dir='ltr'><strong>sexta</strong></span> <span class='ocrx_word' id='word_1_331' title='bbox 1034 2528 1146 2588; x_wconf 85' lang='lat' dir='ltr'><strong>die.</strong></span> <span class='ocrx_word' id='word_1_332' title='bbox 1189 2527 1242 2579; x_wconf 87' lang='lat' dir='ltr'><strong>in</strong></span> <span class='ocrx_word' id='word_1_333' title='bbox 1301 2522 1518 2576; x_wconf 72' lang='lat' dir='ltr'><strong>llebrteo</strong></span> <span class='ocrx_word' id='word_1_334' title='bbox 1568 2521 1707 2572; x_wconf 87' lang='lat' dir='ltr'><strong>diem</strong></span> <span class='ocrx_word' id='word_1_335' title='bbox 1744 2516 2019 2584; x_wconf 78' lang='lat' dir='ltr'><strong>septimam</strong></span> <span class='ocrx_word' id='word_1_336' title='bbox 2055 2509 2232 2564; x_wconf 81' lang='lat' dir='ltr'><strong>habet.</strong></span> 
     </span>
    </p>
   </div>
   <div class='ocr_carea' id='block_1_43' title="bbox 674 2603 2245 2680">
    <p class='ocr_par' dir='ltr' id='par_1_43' title="bbox 674 2603 2245 2680">
     <span class='ocr_line' id='line_1_43' title="bbox 674 2603 2245 2680; baseline -0.006 -12"><span class='ocrx_word' id='word_1_337' title='bbox 674 2615 845 2680; x_wconf 78' lang='lat' dir='ltr'><strong>Quem</strong></span> <span class='ocrx_word' id='word_1_338' title='bbox 907 2612 960 2664; x_wconf 92' lang='lat' dir='ltr'><strong>in</strong></span> <span class='ocrx_word' id='word_1_339' title='bbox 1007 2610 1188 2664; x_wconf 84' lang='lat' dir='ltr'><strong>locum</strong></span> <span class='ocrx_word' id='word_1_340' title='bbox 1247 2607 1402 2677; x_wconf 88' lang='lat' dir='ltr'><strong>plura</strong></span> <span class='ocrx_word' id='word_1_341' title='bbox 1450 2605 1760 2662; x_wconf 87' lang='lat' dir='ltr'><strong>observavit</strong></span> <span class='ocrx_word' id='word_1_342' title='bbox 1807 2605 2054 2660; x_wconf 89' lang='lat' dir='ltr'><strong>eruditus</strong></span> <span class='ocrx_word' id='word_1_343' title='bbox 2105 2603 2245 2659; x_wconf 87' lang='lat' dir='ltr'><strong>Gra-</strong></span> 
     </span>
    </p>
   </div>
   <div class='ocr_carea' id='block_1_44' title="bbox 674 2697 2245 2776">
    <p class='ocr_par' dir='ltr' id='par_1_44' title="bbox 674 2697 2245 2776">
     <span class='ocr_line' id='line_1_44' title="bbox 674 2697 2245 2776; baseline -0.006 -15"><span class='ocrx_word' id='word_1_344' title='bbox 674 2705 797 2760; x_wconf 85' lang='lat' dir='ltr'><strong>bius</strong></span> <span class='ocrx_word' id='word_1_345' title='bbox 829 2703 941 2776; x_wconf 71' lang='lat' dir='ltr'><strong>(lii)</strong></span> <span class='ocrx_word' id='word_1_346' title='bbox 983 2701 1145 2774; x_wconf 81' lang='lat' dir='ltr'><strong>digna</strong></span> <span class='ocrx_word' id='word_1_347' title='bbox 1189 2715 1341 2766; x_wconf 85' lang='lat' dir='ltr'><strong>sane,</strong></span> <span class='ocrx_word' id='word_1_348' title='bbox 1388 2714 1508 2769; x_wconf 67' lang='lat' dir='ltr'><strong>quae</strong></span> <span class='ocrx_word' id='word_1_349' title='bbox 1557 2698 1700 2768; x_wconf 88' lang='lat' dir='ltr'><strong>apud</strong></span> <span class='ocrx_word' id='word_1_350' title='bbox 1745 2697 1923 2767; x_wconf 81' lang='lat' dir='ltr'><strong>ipsum</strong></span> <span class='ocrx_word' id='word_1_351' title='bbox 1973 2697 2245 2768; x_wconf 76' lang='lat' dir='ltr'><strong>legantur.</strong></span> 
     </span>
    </p>
   </div>
   <div class='ocr_carea' id='block_1_45' title="bbox 671 2787 2246 2866">
    <p class='ocr_par' dir='ltr' id='par_1_45' title="bbox 671 2787 2246 2866">
     <span class='ocr_line' id='line_1_45' title="bbox 671 2787 2246 2866; baseline -0.006 -14"><span class='ocrx_word' id='word_1_352' title='bbox 671 2799 790 2852; x_wconf 75' lang='lat' dir='ltr'><strong>Alia</strong></span> <span class='ocrx_word' id='word_1_353' title='bbox 839 2810 970 2852; x_wconf 87' lang='lat' dir='ltr'><strong>vero</strong></span> <span class='ocrx_word' id='word_1_354' title='bbox 1015 2793 1288 2866; x_wconf 83' lang='lat' dir='ltr'><strong>ejusmodi</strong></span> <span class='ocrx_word' id='word_1_355' title='bbox 1356 2790 1604 2859; x_wconf 82' lang='lat' dir='ltr'><strong>exempla</strong></span> <span class='ocrx_word' id='word_1_356' title='bbox 1663 2805 1728 2844; x_wconf 77' lang='lat' dir='ltr'><strong>ex</strong></span> <span class='ocrx_word' id='word_1_357' title='bbox 1777 2787 2022 2858; x_wconf 80' lang='lat' dir='ltr'><strong>Epistula</strong></span> <span class='ocrx_word' id='word_1_358' title='bbox 2091 2803 2246 2858; x_wconf 85' lang='lat' dir='ltr'><strong>repe-</strong></span> 
     </span>
    </p>
   </div>
   <div class='ocr_carea' id='block_1_46' title="bbox 674 2890 854 2946">
    <p class='ocr_par' dir='ltr' id='par_1_46' title="bbox 674 2890 854 2946">
     <span class='ocr_line' id='line_1_46' title="bbox 674 2890 854 2946; baseline -0.006 -1"><span class='ocrx_word' id='word_1_359' title='bbox 674 2890 854 2946; x_wconf 87' lang='lat' dir='ltr'><strong>tenda.</strong></span> 
     </span>
    </p>
   </div>
   <div class='ocr_carea' id='block_1_47' title="bbox 740 2968 2244 3052">
    <p class='ocr_par' dir='ltr' id='par_1_47' title="bbox 740 2968 2244 3052">
     <span class='ocr_line' id='line_1_47' title="bbox 740 2968 2244 3052; baseline -0.008 -18"><span class='ocrx_word' id='word_1_360' title='bbox 740 2981 768 3052; x_wconf 84' lang='lat'>§</span> <span class='ocrx_word' id='word_1_361' title='bbox 806 2979 868 3034; x_wconf 92' lang='lat' dir='ltr'><strong>ll.</strong></span> <span class='ocrx_word' id='word_1_362' title='bbox 913 2977 986 3033; x_wconf 87' lang='lat' dir='ltr'><strong>De</strong></span> <span class='ocrx_word' id='word_1_363' title='bbox 1020 2977 1156 3032; x_wconf 88' lang='lat' dir='ltr'><strong>Filii</strong></span> <span class='ocrx_word' id='word_1_364' title='bbox 1192 2976 1289 3029; x_wconf 86' lang='lat' dir='ltr'><strong>Dei</strong></span> <span class='ocrx_word' id='word_1_365' title='bbox 1344 2971 1771 3044; x_wconf 74' lang='lat' dir='ltr'><strong>prwexistentia,</strong></span> <span class='ocrx_word' id='word_1_366' title='bbox 1813 2968 2244 3023; x_wconf 69' lang='lat' dir='ltr'><strong>consubstantiao</strong></span> 
     </span>
    </p>
   </div>
   <div class='ocr_carea' id='block_1_48' title="bbox 671 3060 2244 3138">
    <p class='ocr_par' dir='ltr' id='par_1_48' title="bbox 671 3060 2244 3138">
     <span class='ocr_line' id='line_1_48' title="bbox 671 3060 2244 3138; baseline -0.008 -10"><span class='ocrx_word' id='word_1_367' title='bbox 671 3075 844 3138; x_wconf 88' lang='lat' dir='ltr'><strong>litate,</strong></span> <span class='ocrx_word' id='word_1_368' title='bbox 865 3080 970 3126; x_wconf 90' lang='lat' dir='ltr'><strong>etc.</strong></span> <span class='ocrx_word' id='word_1_369' title='bbox 1001 3069 1294 3123; x_wconf 84' lang='lat' dir='ltr'><strong>—Filium</strong></span> <span class='ocrx_word' id='word_1_370' title='bbox 1345 3081 1376 3120; x_wconf 90' lang='lat' dir='ltr'><strong>a</strong></span> <span class='ocrx_word' id='word_1_371' title='bbox 1422 3065 1532 3120; x_wconf 85' lang='lat' dir='ltr'><strong>Deo</strong></span> <span class='ocrx_word' id='word_1_372' title='bbox 1578 3063 1739 3118; x_wconf 78' lang='lat' dir='ltr'><strong>Patre</strong></span> <span class='ocrx_word' id='word_1_373' title='bbox 1786 3063 2024 3134; x_wconf 77' lang='lat' dir='ltr'><strong>genitum</strong></span> <span class='ocrx_word' id='word_1_374' title='bbox 2078 3060 2244 3116; x_wconf 78' lang='lat' dir='ltr'><strong>fuisse</strong></span> 
     </span>
    </p>
   </div>
   <div class='ocr_carea' id='block_1_49' title="bbox 671 3154 2241 3235">
    <p class='ocr_par' dir='ltr' id='par_1_49' title="bbox 671 3154 2241 3235">
     <span class='ocr_line' id='line_1_49' title="bbox 671 3154 2241 3235; baseline -0.01 -14"><span class='ocrx_word' id='word_1_375' title='bbox 671 3175 800 3221; x_wconf 77' lang='lat' dir='ltr'><strong>ante</strong></span> <span class='ocrx_word' id='word_1_376' title='bbox 834 3165 978 3235; x_wconf 90' lang='lat' dir='ltr'><strong>jacta</strong></span> <span class='ocrx_word' id='word_1_377' title='bbox 1021 3158 1208 3216; x_wconf 83' lang='lat' dir='ltr'><strong>mundi</strong></span> <span class='ocrx_word' id='word_1_378' title='bbox 1241 3157 1616 3221; x_wconf 76' lang='lat' dir='ltr'><strong>fundamenta,</strong></span> <span class='ocrx_word' id='word_1_379' title='bbox 1659 3169 1861 3224; x_wconf 87' lang='lat' dir='ltr'><strong>perque</strong></span> <span class='ocrx_word' id='word_1_380' title='bbox 1900 3154 2076 3224; x_wconf 87' lang='lat' dir='ltr'><strong>ipsum</strong></span> <span class='ocrx_word' id='word_1_381' title='bbox 2108 3167 2241 3208; x_wconf 90' lang='lat' dir='ltr'><strong>con-</strong></span> 
     </span>
    </p>
   </div>
   <div class='ocr_carea' id='block_1_50' title="bbox 672 3242 2243 3314">
    <p class='ocr_par' dir='ltr' id='par_1_50' title="bbox 672 3242 2243 3314">
     <span class='ocr_line' id='line_1_50' title="bbox 672 3242 2243 3314; baseline -0.008 -4"><span class='ocrx_word' id='word_1_382' title='bbox 672 3255 786 3310; x_wconf 88' lang='lat' dir='ltr'><strong>dita</strong></span> <span class='ocrx_word' id='word_1_383' title='bbox 837 3252 1009 3307; x_wconf 77' lang='lat' dir='ltr'><strong>fuisse</strong></span> <span class='ocrx_word' id='word_1_384' title='bbox 1066 3251 1180 3305; x_wconf 62' lang='lat' dir='ltr'><strong>hate</strong></span> <span class='ocrx_word' id='word_1_385' title='bbox 1231 3246 1488 3301; x_wconf 85' lang='lat' dir='ltr'><strong>universa</strong></span> <span class='ocrx_word' id='word_1_386' title='bbox 1540 3253 1735 3300; x_wconf 89' lang='lat' dir='ltr'><strong>auctor</strong></span> <span class='ocrx_word' id='word_1_387' title='bbox 1786 3242 2069 3314; x_wconf 77' lang='lat' dir='ltr'><strong>Epistulae,</strong></span> <span class='ocrx_word' id='word_1_388' title='bbox 2121 3258 2243 3312; x_wconf 65' lang='lat' dir='ltr'><strong>quae</strong></span> 
     </span>
    </p>
   </div>
   <div class='ocr_carea' id='block_1_51' title="bbox 672 3334 2238 3406">
    <p class='ocr_par' dir='ltr' id='par_1_51' title="bbox 672 3334 2238 3406">
     <span class='ocr_line' id='line_1_51' title="bbox 672 3334 2238 3406; baseline -0.006 -7"><span class='ocrx_word' id='word_1_389' title='bbox 672 3344 938 3399; x_wconf 70' lang='lat' dir='ltr'><strong>Barnabze</strong></span> <span class='ocrx_word' id='word_1_390' title='bbox 978 3341 1316 3405; x_wconf 77' lang='lat' dir='ltr'><strong>inscribitur,</strong></span> <span class='ocrx_word' id='word_1_391' title='bbox 1349 3353 1458 3391; x_wconf 90' lang='lat' dir='ltr'><strong>non</strong></span> <span class='ocrx_word' id='word_1_392' title='bbox 1493 3337 1652 3406; x_wconf 77' lang='lat' dir='ltr'><strong>longe</strong></span> <span class='ocrx_word' id='word_1_393' title='bbox 1678 3335 1748 3390; x_wconf 89' lang='lat' dir='ltr'><strong>ab</strong></span> <span class='ocrx_word' id='word_1_394' title='bbox 1783 3336 1938 3390; x_wconf 90' lang='lat' dir='ltr'><strong>initio</strong></span> <span class='ocrx_word' id='word_1_395' title='bbox 1964 3334 2238 3405; x_wconf 64' lang='lat' dir='ltr'><strong>Epistolis,</strong></span> 
     </span>
    </p>
   </div>
   <div class='ocr_carea' id='block_1_52' title="bbox 667 3425 2243 3509">
    <p class='ocr_par' dir='ltr' id='par_1_52' title="bbox 667 3425 2243 3509">
     <span class='ocr_line' id='line_1_52' title="bbox 667 3425 2243 3509; baseline -0.009 -15"><span class='ocrx_word' id='word_1_396' title='bbox 667 3439 825 3509; x_wconf 83' lang='lat' dir='ltr'><strong>juxta</strong></span> <span class='ocrx_word' id='word_1_397' title='bbox 862 3447 1099 3490; x_wconf 89' lang='lat' dir='ltr'><strong>veterem</strong></span> <span class='ocrx_word' id='word_1_398' title='bbox 1145 3433 1561 3488; x_wconf 85' lang='lat' dir='ltr'><strong>translationem</strong></span> <span class='ocrx_word' id='word_1_399' title='bbox 1600 3429 1848 3484; x_wconf 87' lang='lat' dir='ltr'><strong>Latinam</strong></span> <span class='ocrx_word' id='word_1_400' title='bbox 1887 3429 2032 3498; x_wconf 85' lang='lat' dir='ltr'><strong>(nam</strong></span> <span class='ocrx_word' id='word_1_401' title='bbox 2058 3425 2243 3481; x_wconf 69' lang='lat' dir='ltr'><strong>Graeca</strong></span> 
     </span>
    </p>
   </div>
   <div class='ocr_carea' id='block_1_53' title="bbox 672 3522 2244 3598">
    <p class='ocr_par' dir='ltr' id='par_1_53' title="bbox 672 3522 2244 3598">
     <span class='ocr_line' id='line_1_53' title="bbox 672 3522 2244 3598; baseline -0.008 -9"><span class='ocrx_word' id='word_1_402' title='bbox 672 3533 748 3589; x_wconf 86' lang='lat' dir='ltr'><strong>ibi</strong></span> <span class='ocrx_word' id='word_1_403' title='bbox 796 3527 1215 3588; x_wconf 88' lang='lat' dir='ltr'><strong>desiderantur)</strong></span> <span class='ocrx_word' id='word_1_404' title='bbox 1271 3527 1555 3598; x_wconf 83' lang='lat' dir='ltr'><strong>proﬁtetur</strong></span> <span class='ocrx_word' id='word_1_405' title='bbox 1600 3525 1668 3579; x_wconf 87' lang='lat' dir='ltr'><strong>de</strong></span> <span class='ocrx_word' id='word_1_406' title='bbox 1719 3522 2005 3578; x_wconf 83' lang='lat' dir='ltr'><strong>Servatore</strong></span> <span class='ocrx_word' id='word_1_407' title='bbox 2057 3531 2244 3577; x_wconf 87' lang='lat' dir='ltr'><strong>nostro</strong></span> 
     </span>
    </p>
   </div>
   <div class='ocr_carea' id='block_1_54' title="bbox 671 3615 2245 3695">
    <p class='ocr_par' dir='ltr' id='par_1_54' title="bbox 671 3615 2245 3695">
     <span class='ocr_line' id='line_1_54' title="bbox 671 3615 2245 3695; baseline -0.008 -14"><span class='ocrx_word' id='word_1_408' title='bbox 671 3625 754 3681; x_wconf 88' lang='lat' dir='ltr'><strong>sic</strong></span> <span class='ocrx_word' id='word_1_409' title='bbox 779 3625 1008 3695; x_wconf 91' lang='lat' dir='ltr'><strong>loquens</strong></span> <span class='ocrx_word' id='word_1_410' title='bbox 1035 3640 1047 3676; x_wconf 93' lang='lat'><strong>:</strong></span> <span class='ocrx_word' id='word_1_411' title='bbox 1076 3640 1096 3674; x_wconf 72' lang='grc' dir='ltr'><strong>ι</strong></span> <span class='ocrx_word' id='word_1_412' title='bbox 1129 3620 1197 3675; x_wconf 86' lang='lat' dir='ltr'><strong>Et</strong></span> <span class='ocrx_word' id='word_1_413' title='bbox 1226 3619 1410 3674; x_wconf 81' lang='lat' dir='ltr'><strong>adhoc</strong></span> <span class='ocrx_word' id='word_1_414' title='bbox 1434 3618 1688 3671; x_wconf 84' lang='lat' dir='ltr'><strong>Dominus</strong></span> <span class='ocrx_word' id='word_1_415' title='bbox 1725 3615 1977 3670; x_wconf 82' lang='lat' dir='ltr'><strong>sustinuit</strong></span> <span class='ocrx_word' id='word_1_416' title='bbox 2006 3615 2115 3684; x_wconf 87' lang='lat' dir='ltr'><strong>pati</strong></span> <span class='ocrx_word' id='word_1_417' title='bbox 2145 3630 2245 3685; x_wconf 78' lang='lat' dir='ltr'><strong>pro</strong></span> 
     </span>
    </p>
   </div>
   <div class='ocr_carea' id='block_1_55' title="bbox 669 3708 2242 3782">
    <p class='ocr_par' dir='ltr' id='par_1_55' title="bbox 669 3708 2242 3782">
     <span class='ocr_line' id='line_1_55' title="bbox 669 3708 2242 3782; baseline -0.007 -8"><span class='ocrx_word' id='word_1_418' title='bbox 669 3719 854 3774; x_wconf 89' lang='lat' dir='ltr'><strong>anima</strong></span> <span class='ocrx_word' id='word_1_419' title='bbox 890 3725 1100 3782; x_wconf 89' lang='lat' dir='ltr'><strong>nostra,</strong></span> <span class='ocrx_word' id='word_1_420' title='bbox 1139 3730 1265 3771; x_wconf 90' lang='lat' dir='ltr'><strong>eum</strong></span> <span class='ocrx_word' id='word_1_421' title='bbox 1307 3713 1379 3768; x_wconf 92' lang='lat' dir='ltr'><strong>sit</strong></span> <span class='ocrx_word' id='word_1_422' title='bbox 1419 3711 1570 3767; x_wconf 90' lang='lat' dir='ltr'><strong>orbis</strong></span> <span class='ocrx_word' id='word_1_423' title='bbox 1618 3719 1886 3766; x_wconf 86' lang='lat' dir='ltr'><strong>terrarum</strong></span> <span class='ocrx_word' id='word_1_424' title='bbox 1937 3708 2242 3774; x_wconf 85' lang='lat' dir='ltr'><strong>Dominus;</strong></span> 
     </span>
    </p>
   </div>
   <div class='ocr_carea' id='block_1_56' title="bbox 670 3799 2242 3869">
    <p class='ocr_par' dir='ltr' id='par_1_56' title="bbox 670 3799 2242 3869">
     <span class='ocr_line' id='line_1_56' title="bbox 670 3799 2242 3869; baseline -0.009 -2"><span class='ocrx_word' id='word_1_425' title='bbox 670 3813 760 3869; x_wconf 90' lang='lat' dir='ltr'><strong>cui</strong></span> <span class='ocrx_word' id='word_1_426' title='bbox 793 3811 932 3867; x_wconf 81' lang='lat' dir='ltr'><strong>dixit</strong></span> <span class='ocrx_word' id='word_1_427' title='bbox 960 3809 1106 3864; x_wconf 90' lang='lat' dir='ltr'><strong>Deus</strong></span> <span class='ocrx_word' id='word_1_428' title='bbox 1137 3817 1262 3864; x_wconf 89' lang='lat' dir='ltr'><strong>ante</strong></span> <span class='ocrx_word' id='word_1_429' title='bbox 1301 3805 1751 3862; x_wconf 89' lang='lat' dir='ltr'><strong>constitutionem</strong></span> <span class='ocrx_word' id='word_1_430' title='bbox 1792 3803 2014 3858; x_wconf 74' lang='lat' dir='ltr'><strong>saeculi:</strong></span> <span class='ocrx_word' id='word_1_431' title='bbox 2048 3799 2242 3855; x_wconf 84' lang='lat' dir='ltr'><strong>Facia-</strong></span> 
     </span>
    </p>
   </div>
   <div class='ocr_carea' id='block_1_57' title="bbox 669 3894 2240 3969">
    <p class='ocr_par' dir='ltr' id='par_1_57' title="bbox 669 3894 2240 3969">
     <span class='ocr_line' id='line_1_57' title="bbox 669 3894 2240 3969; baseline -0.009 -9"><span class='ocrx_word' id='word_1_432' title='bbox 669 3922 785 3961; x_wconf 83' lang='lat' dir='ltr'><strong>mus</strong></span> <span class='ocrx_word' id='word_1_433' title='bbox 834 3903 1094 3957; x_wconf 80' lang='lat' dir='ltr'><strong>hominem</strong></span> <span class='ocrx_word' id='word_1_434' title='bbox 1149 3901 1219 3955; x_wconf 85' lang='lat' dir='ltr'><strong>ad</strong></span> <span class='ocrx_word' id='word_1_435' title='bbox 1259 3899 1538 3969; x_wconf 81' lang='lat' dir='ltr'><strong>imaginem</strong></span> <span class='ocrx_word' id='word_1_436' title='bbox 1591 3906 1638 3952; x_wconf 91' lang='lat' dir='ltr'><strong>et</strong></span> <span class='ocrx_word' id='word_1_437' title='bbox 1681 3894 2084 3950; x_wconf 80' lang='lat' dir='ltr'><strong>similitudinem</strong></span> <span class='ocrx_word' id='word_1_438' title='bbox 2144 3910 2240 3947; x_wconf 88' lang='lat' dir='ltr'><strong>no-</strong></span> 
     </span>
    </p>
   </div>
   <div class='ocr_carea' id='block_1_58' title="bbox 669 3987 2238 4066">
    <p class='ocr_par' dir='ltr' id='par_1_58' title="bbox 669 3987 2238 4066">
     <span class='ocr_line' id='line_1_58' title="bbox 669 3987 2238 4066; baseline -0.008 -15"><span class='ocrx_word' id='word_1_439' title='bbox 669 4008 835 4051; x_wconf 86' lang='lat' dir='ltr'><strong>stram</strong></span> <span class='ocrx_word' id='word_1_440' title='bbox 859 3995 995 4066; x_wconf 72' lang='lat' dir='ltr'><strong>(i5).</strong></span> <span class='ocrx_word' id='word_1_441' title='bbox 1028 4013 1046 4046; x_wconf 75' lang='grc' dir='ltr'><strong>ι</strong></span> <span class='ocrx_word' id='word_1_442' title='bbox 1084 3992 1147 4048; x_wconf 82' lang='lat' dir='ltr'><strong>Et</strong></span> <span class='ocrx_word' id='word_1_443' title='bbox 1173 3992 1336 4063; x_wconf 88' lang='lat' dir='ltr'><strong>paulo</strong></span> <span class='ocrx_word' id='word_1_444' title='bbox 1360 3998 1502 4062; x_wconf 88' lang='lat' dir='ltr'><strong>post,</strong></span> <span class='ocrx_word' id='word_1_445' title='bbox 1529 3990 1701 4043; x_wconf 88' lang='lat' dir='ltr'><strong>solem</strong></span> <span class='ocrx_word' id='word_1_446' title='bbox 1724 3987 1859 4042; x_wconf 89' lang='lat' dir='ltr'><strong>dicit</strong></span> <span class='ocrx_word' id='word_1_447' title='bbox 1907 4005 1924 4038; x_wconf 79' lang='grc' dir='ltr'><strong>ι</strong></span> <span class='ocrx_word' id='word_1_448' title='bbox 1957 4000 2096 4056; x_wconf 89' lang='lat' dir='ltr'><strong>opus</strong></span> <span class='ocrx_word' id='word_1_449' title='bbox 2121 3999 2238 4039; x_wconf 85' lang='lat' dir='ltr'><strong>ma-</strong></span> 
     </span>
    </p>
   </div>
   <div class='ocr_carea' id='block_1_59' title="bbox 670 4079 2238 4146">
    <p class='ocr_par' dir='ltr' id='par_1_59' title="bbox 670 4079 2238 4146">
     <span class='ocr_line' id='line_1_59' title="bbox 670 4079 2238 4146; baseline -0.009 1"><span class='ocrx_word' id='word_1_450' title='bbox 670 4107 840 4146; x_wconf 89' lang='lat' dir='ltr'><strong>nuum</strong></span> <span class='ocrx_word' id='word_1_451' title='bbox 869 4087 991 4142; x_wconf 89' lang='lat' dir='ltr'><strong>Filii</strong></span> <span class='ocrx_word' id='word_1_452' title='bbox 1025 4085 1138 4141; x_wconf 85' lang='lat' dir='ltr'><strong>Dei.</strong></span> <span class='ocrx_word' id='word_1_453' title='bbox 1165 4105 1184 4138; x_wconf 85' lang='grc'><strong>›</strong></span> <span class='ocrx_word' id='word_1_454' title='bbox 1227 4083 1405 4139; x_wconf 89' lang='lat' dir='ltr'><strong>Locus</strong></span> <span class='ocrx_word' id='word_1_455' title='bbox 1441 4081 1668 4137; x_wconf 82' lang='lat' dir='ltr'><strong>illustris</strong></span> <span class='ocrx_word' id='word_1_456' title='bbox 1704 4087 1787 4135; x_wconf 88' lang='lat' dir='ltr'><strong>est</strong></span> <span class='ocrx_word' id='word_1_457' title='bbox 1827 4079 1881 4133; x_wconf 92' lang='lat' dir='ltr'><strong>in</strong></span> <span class='ocrx_word' id='word_1_458' title='bbox 1911 4079 2100 4134; x_wconf 84' lang='lat' dir='ltr'><strong>eodem</strong></span> <span class='ocrx_word' id='word_1_459' title='bbox 2144 4093 2238 4133; x_wconf 88' lang='lat' dir='ltr'><strong>ca-</strong></span> 
     </span>
    </p>
   </div>
   <div class='ocr_carea' id='block_1_60' title="bbox 669 4169 2239 4253">
    <p class='ocr_par' dir='ltr' id='par_1_60' title="bbox 669 4169 2239 4253">
     <span class='ocr_line' id='line_1_60' title="bbox 669 4169 2239 4253; baseline -0.008 -15"><span class='ocrx_word' id='word_1_460' title='bbox 669 4183 780 4253; x_wconf 90' lang='lat' dir='ltr'><strong>pite</strong></span> <span class='ocrx_word' id='word_1_461' title='bbox 808 4181 920 4250; x_wconf 65' lang='lat' dir='ltr'><strong>(li)</strong></span> <span class='ocrx_word' id='word_1_462' title='bbox 951 4199 964 4234; x_wconf 88' lang='lat'>:</span> <span class='ocrx_word' id='word_1_463' title='bbox 995 4196 1013 4230; x_wconf 86' lang='grc'><strong>‹</strong></span> <span class='ocrx_word' id='word_1_464' title='bbox 1045 4179 1199 4232; x_wconf 91' lang='lat' dir='ltr'><strong>Tunc</strong></span> <span class='ocrx_word' id='word_1_465' title='bbox 1246 4175 1484 4232; x_wconf 87' lang='lat' dir='ltr'><strong>ostendit</strong></span> <span class='ocrx_word' id='word_1_466' title='bbox 1512 4190 1570 4229; x_wconf 93' lang='lat' dir='ltr'><strong>se</strong></span> <span class='ocrx_word' id='word_1_467' title='bbox 1604 4187 1726 4228; x_wconf 87' lang='lat' dir='ltr'><strong>esse</strong></span> <span class='ocrx_word' id='word_1_468' title='bbox 1759 4169 1956 4226; x_wconf 83' lang='lat' dir='ltr'><strong>Filium</strong></span> <span class='ocrx_word' id='word_1_469' title='bbox 1980 4169 2098 4225; x_wconf 89' lang='lat' dir='ltr'><strong>Dei.</strong></span> <span class='ocrx_word' id='word_1_470' title='bbox 2123 4169 2239 4226; x_wconf 86' lang='lat' dir='ltr'><strong>Nisi</strong></span> 
     </span>
    </p>
   </div>
   <div class='ocr_carea' id='block_1_61' title="bbox 670 4264 2236 4340">
    <p class='ocr_par' dir='ltr' id='par_1_61' title="bbox 670 4264 2236 4340">
     <span class='ocr_line' id='line_1_61' title="bbox 670 4264 2236 4340; baseline -0.008 -9"><span class='ocrx_word' id='word_1_471' title='bbox 670 4276 816 4331; x_wconf 89' lang='lat' dir='ltr'><strong>enim</strong></span> <span class='ocrx_word' id='word_1_472' title='bbox 864 4273 1105 4328; x_wconf 87' lang='lat' dir='ltr'><strong>venisset</strong></span> <span class='ocrx_word' id='word_1_473' title='bbox 1165 4269 1226 4325; x_wconf 89' lang='lat' dir='ltr'><strong>in</strong></span> <span class='ocrx_word' id='word_1_474' title='bbox 1257 4282 1449 4337; x_wconf 87' lang='lat' dir='ltr'><strong>carne,</strong></span> <span class='ocrx_word' id='word_1_475' title='bbox 1481 4266 1755 4340; x_wconf 92' lang='lat' dir='ltr'><strong>quomodo</strong></span> <span class='ocrx_word' id='word_1_476' title='bbox 1783 4264 2034 4321; x_wconf 86' lang='lat' dir='ltr'><strong>homines</strong></span> <span class='ocrx_word' id='word_1_477' title='bbox 2057 4266 2236 4336; x_wconf 88' lang='lat' dir='ltr'><strong>ipsum</strong></span> 
     </span>
    </p>
   </div>
   <div class='ocr_carea' id='block_1_62' title="bbox 2271 3111 2315 3172">
    <p class='ocr_par' dir='ltr' id='par_1_62' title="bbox 2271 3111 2315 3172">
     <span class='ocr_line' id='line_1_62' title="bbox 2271 3111 2315 3172; baseline 0 0"><span class='ocrx_word' id='word_1_478' title='bbox 2271 3111 2315 3172; x_wconf 88' lang='lat' dir='ltr'><strong>C</strong></span> 
     </span>
    </p>
   </div>
   <div class='ocr_carea' id='block_1_63' title="bbox 738 4503 2308 4586">
    <p class='ocr_par' dir='ltr' id='par_1_63' title="bbox 738 4503 2308 4586">
     <span class='ocr_line' id='line_1_63' title="bbox 738 4503 2308 4586; baseline -0.007 -18"><span class='ocrx_word' id='word_1_479' title='bbox 738 4513 816 4586; x_wconf 89' lang='lat'><strong>(9)</strong></span> <span class='ocrx_word' id='word_1_480' title='bbox 830 4510 999 4586; x_wconf 43' lang='lat' dir='ltr'><strong>Aean:</strong></span> <span class='ocrx_word' id='word_1_481' title='bbox 1027 4507 1256 4586; x_wconf 67' lang='lat' dir='ltr'><strong>Vossius</strong></span> <span class='ocrx_word' id='word_1_482' title='bbox 1276 4503 1798 4586; x_wconf 36' lang='lat' dir='ltr'><strong>De-trattslatz‘LE!</strong></span> <span class='ocrx_word' id='word_1_483' title='bbox 1814 4504 2115 4586; x_wconf 41' lang='lat' dir='ltr'><strong>‘intt.,cap.</strong></span> <span class='ocrx_word' id='word_1_484' title='bbox 2138 4503 2230 4586; x_wconf 58' lang='grc'><strong>21,</strong></span> <span class='ocrx_word' id='word_1_485' title='bbox 2265 4508 2308 4565; x_wconf 85' lang='lat' dir='ltr'><strong>D</strong></span> 
     </span>
    </p>
   </div>
   <div class='ocr_carea' id='block_1_64' title="bbox 668 4575 2231 4654">
    <p class='ocr_par' dir='ltr' id='par_1_64' title="bbox 668 4575 2231 4654">
     <span class='ocr_line' id='line_1_64' title="bbox 668 4575 2231 4654; baseline -0.006 -16"><span class='ocrx_word' id='word_1_486' title='bbox 668 4575 908 4654; x_wconf 62' lang='lat' dir='ltr'><strong>pag.&#39;69.</strong></span> <span class='ocrx_word' id='word_1_487' title='bbox 947 4579 1276 4654; x_wconf 57' lang='lat' dir='ltr'><strong>ﬂumﬁedus</strong></span> <span class='ocrx_word' id='word_1_488' title='bbox 1307 4577 1564 4654; x_wconf 59' lang='lat' dir='ltr'><strong>ﬂodius,</strong></span> <span class='ocrx_word' id='word_1_489' title='bbox 1594 4575 1671 4630; x_wconf 91' lang='lat' dir='ltr'><strong>De</strong></span> <span class='ocrx_word' id='word_1_490' title='bbox 1703 4576 1860 4647; x_wconf 57' lang='lat' dir='ltr'><strong>Bibl.,</strong></span> <span class='ocrx_word' id='word_1_491' title='bbox 1883 4585 2030 4628; x_wconf 75' lang='lat' dir='ltr'><strong>textu</strong></span> <span class='ocrx_word' id='word_1_492' title='bbox 2068 4576 2231 4645; x_wconf 89' lang='lat' dir='ltr'><strong>orig.,</strong></span> 
     </span>
    </p>
   </div>
   <div class='ocr_carea' id='block_1_65' title="bbox 668 4648 1430 4728">
    <p class='ocr_par' dir='ltr' id='par_1_65' title="bbox 668 4648 1430 4728">
     <span class='ocr_line' id='line_1_65' title="bbox 668 4648 1430 4728; baseline -0.008 -20"><span class='ocrx_word' id='word_1_493' title='bbox 668 4648 780 4728; x_wconf 46' lang='lat' dir='ltr'><strong>lib;</strong></span> <span class='ocrx_word' id='word_1_494' title='bbox 799 4667 1039 4728; x_wconf 62' lang='lat' dir='ltr'><strong>tn,_cap.</strong></span> <span class='ocrx_word' id='word_1_495' title='bbox 1067 4649 1120 4728; x_wconf 59' lang='grc' dir='ltr'>ᾇ,</span> <span class='ocrx_word' id='word_1_496' title='bbox 1151 4648 1430 4728; x_wconf 70' lang='lat' dir='ltr'><strong>pag._277.</strong></span> 
     </span>
    </p>
   </div>
   <div class='ocr_carea' id='block_1_66' title="bbox 736 4717 1591 4794">
    <p class='ocr_par' dir='ltr' id='par_1_66' title="bbox 736 4717 1591 4794">
     <span class='ocr_line' id='line_1_66' title="bbox 736 4717 1591 4794; baseline -0.002 -18"><span class='ocrx_word' id='word_1_497' title='bbox 736 4722 848 4794; x_wconf 77' lang='grc'><strong>(10)</strong></span> <span class='ocrx_word' id='word_1_498' title='bbox 871 4717 1121 4794; x_wconf 24' lang='grc' dir='ltr'>ᾼΒοιὶιιιὶ).</span> <span class='ocrx_word' id='word_1_499' title='bbox 1151 4717 1324 4794; x_wconf 70' lang='lat' dir='ltr'><strong>Epist.</strong></span> <span class='ocrx_word' id='word_1_500' title='bbox 1344 4757 1358 4783; x_wconf 93' lang='lat'><strong>,</strong></span> <span class='ocrx_word' id='word_1_501' title='bbox 1390 4732 1510 4789; x_wconf 87' lang='lat' dir='ltr'><strong>cap.</strong></span> <span class='ocrx_word' id='word_1_502' title='bbox 1538 4717 1591 4774; x_wconf 89' lang='lat'><strong>6.</strong></span> 
     </span>
    </p>
   </div>
   <div class='ocr_carea' id='block_1_67' title="bbox 765 4789 1291 4859">
    <p class='ocr_par' dir='ltr' id='par_1_67' title="bbox 765 4789 1291 4859">
     <span class='ocr_line' id='line_1_67' title="bbox 765 4789 1291 4859; baseline -0.01 -12"><span class='ocrx_word' id='word_1_503' title='bbox 765 4793 851 4852; x_wconf 65' lang='lat' dir='ltr'><strong>Hi</strong></span> <span class='ocrx_word' id='word_1_504' title='bbox 868 4791 1026 4856; x_wconf 90' lang='lat' dir='ltr'><strong>lbid.,</strong></span> <span class='ocrx_word' id='word_1_505' title='bbox 1059 4789 1224 4859; x_wconf 22' lang='lat' dir='ltr'><strong>caput</strong></span> <span class='ocrx_word' id='word_1_506' title='bbox 1237 4789 1291 4843; x_wconf 82' lang='lat'><strong>5.</strong></span> 
     </span>
    </p>
   </div>
   <div class='ocr_carea' id='block_1_68' title="bbox 763 4856 2232 4929">
    <p class='ocr_par' dir='ltr' id='par_1_68' title="bbox 763 4856 2232 4929">
     <span class='ocr_line' id='line_1_68' title="bbox 763 4856 2232 4929; baseline -0.004 -13"><span class='ocrx_word' id='word_1_507' title='bbox 763 4863 852 4929; x_wconf 74' lang='grc'><strong>12)</strong></span> <span class='ocrx_word' id='word_1_508' title='bbox 888 4856 1144 4924; x_wconf 72' lang='lat' dir='ltr'><strong>Grabius,</strong></span> <span class='ocrx_word' id='word_1_509' title='bbox 1177 4857 1347 4927; x_wconf 87' lang='lat' dir='ltr'><strong>Epist.</strong></span> <span class='ocrx_word' id='word_1_510' title='bbox 1398 4859 1466 4913; x_wconf 92' lang='lat' dir='ltr'><strong>ad</strong></span> <span class='ocrx_word' id='word_1_511' title='bbox 1507 4859 1734 4913; x_wconf 88' lang='lat' dir='ltr'><strong>Millium</strong></span> <span class='ocrx_word' id='word_1_512' title='bbox 1767 4857 1844 4911; x_wconf 86' lang='lat' dir='ltr'><strong>De</strong></span> <span class='ocrx_word' id='word_1_513' title='bbox 1871 4857 1965 4913; x_wconf 90' lang='lat' dir='ltr'><strong>lib.</strong></span> <span class='ocrx_word' id='word_1_514' title='bbox 1986 4856 2116 4911; x_wconf 78' lang='lat' dir='ltr'><strong>Jud.</strong></span> <span class='ocrx_word' id='word_1_515' title='bbox 2145 4872 2232 4927; x_wconf 84' lang='lat' dir='ltr'><strong>ge—</strong></span> 
     </span>
    </p>
   </div>
   <div class='ocr_carea' id='block_1_69' title="bbox 668 4929 1931 5000">
    <p class='ocr_par' dir='ltr' id='par_1_69' title="bbox 668 4929 1931 5000">
     <span class='ocr_line' id='line_1_69' title="bbox 668 4929 1931 5000; baseline -0.005 -12"><span class='ocrx_word' id='word_1_516' title='bbox 668 4929 815 4988; x_wconf 86' lang='lat' dir='ltr'><strong>nuin.</strong></span> <span class='ocrx_word' id='word_1_517' title='bbox 836 4929 988 4986; x_wconf 83' lang='lat' dir='ltr'><strong><em>LXX</em></strong></span> <span class='ocrx_word' id='word_1_518' title='bbox 1023 4931 1365 5000; x_wconf 75' lang='lat' dir='ltr'><strong>interpretum</strong></span> <span class='ocrx_word' id='word_1_519' title='bbox 1394 4930 1666 4994; x_wconf 83' lang='lat' dir='ltr'><strong>uersionis,</strong></span> <span class='ocrx_word' id='word_1_520' title='bbox 1694 4944 1817 5000; x_wconf 77' lang='lat' dir='ltr'><strong>pag.</strong></span> <span class='ocrx_word' id='word_1_521' title='bbox 1841 4929 1931 4982; x_wconf 86' lang='lat'><strong>67.</strong></span> 
     </span>
    </p>
   </div>
   <div class='ocr_carea' id='block_1_70' title="bbox 720 4998 2229 5076">
    <p class='ocr_par' dir='ltr' id='par_1_70' title="bbox 720 4998 2229 5076">
     <span class='ocr_line' id='line_1_70' title="bbox 720 4998 2229 5076; baseline -0.007 -16"><span class='ocrx_word' id='word_1_522' title='bbox 720 5004 850 5076; x_wconf 46' lang='grc'><strong>,(15)</strong></span> <span class='ocrx_word' id='word_1_523' title='bbox 883 4999 1110 5072; x_wconf 86' lang='lat' dir='ltr'><strong>Epistol.</strong></span> <span class='ocrx_word' id='word_1_524' title='bbox 1149 4998 1412 5076; x_wconf 75' lang='lat' dir='ltr'><strong>_Bar_nal_).,</strong></span> <span class='ocrx_word' id='word_1_525' title='bbox 1436 5001 1610 5076; x_wconf 80' lang='lat' dir='ltr'><strong>capite</strong></span> <span class='ocrx_word' id='word_1_526' title='bbox 1641 4998 1704 5054; x_wconf 82' lang='lat'><strong>5.</strong></span> <span class='ocrx_word' id='word_1_527' title='bbox 1739 4998 2229 5076; x_wconf 26' lang='lat' dir='ltr'><strong>L&#39;uceimeridiana</strong></span> 
     </span>
    </p>
   </div>
   <div class='ocr_carea' id='block_1_71' title="bbox 666 5069 2232 5143">
    <p class='ocr_par' dir='ltr' id='par_1_71' title="bbox 666 5069 2232 5143">
     <span class='ocr_line' id='line_1_71' title="bbox 666 5069 2232 5143; baseline -0.004 -14"><span class='ocrx_word' id='word_1_528' title='bbox 666 5069 871 5130; x_wconf 75' lang='lat' dir='ltr'><strong>clarius</strong></span> <span class='ocrx_word' id='word_1_529' title='bbox 897 5069 1124 5143; x_wconf 66' lang='lat' dir='ltr'><strong>patetex</strong></span> <span class='ocrx_word' id='word_1_530' title='bbox 1149 5069 1386 5143; x_wconf 75' lang='lat' dir='ltr'><strong>laudatis</strong></span> <span class='ocrx_word' id='word_1_531' title='bbox 1416 5069 1594 5125; x_wconf 89' lang='lat' dir='ltr'><strong>verbis</strong></span> <span class='ocrx_word' id='word_1_532' title='bbox 1625 5071 1866 5125; x_wconf 90' lang='lat' dir='ltr'><strong>auctoris</strong></span> <span class='ocrx_word' id='word_1_533' title='bbox 1887 5071 2020 5125; x_wconf 86' lang='lat' dir='ltr'><strong>tides</strong></span> <span class='ocrx_word' id='word_1_534' title='bbox 2050 5069 2232 5143; x_wconf 82' lang='lat' dir='ltr'><strong>quoad</strong></span> 
     </span>
    </p>
   </div>
   <div class='ocr_carea' id='block_1_72' title="bbox 667 5138 2232 5210">
    <p class='ocr_par' dir='ltr' id='par_1_72' title="bbox 667 5138 2232 5210">
     <span class='ocr_line' id='line_1_72' title="bbox 667 5138 2232 5210; baseline -0.005 -10"><span class='ocrx_word' id='word_1_535' title='bbox 667 5138 1002 5200; x_wconf 75' lang='lat' dir='ltr'><strong>divinitatem</strong></span> <span class='ocrx_word' id='word_1_536' title='bbox 1043 5139 1239 5206; x_wconf 82' lang='lat' dir='ltr'><strong>Verbi;</strong></span> <span class='ocrx_word' id='word_1_537' title='bbox 1285 5138 1597 5210; x_wconf 84' lang='lat' dir='ltr'><strong>frustraque</strong></span> <span class='ocrx_word' id='word_1_538' title='bbox 1644 5151 1876 5195; x_wconf 89' lang='lat' dir='ltr'><strong>conatus</strong></span> <span class='ocrx_word' id='word_1_539' title='bbox 1924 5149 2007 5195; x_wconf 90' lang='lat' dir='ltr'><strong>est</strong></span> <span class='ocrx_word' id='word_1_540' title='bbox 2054 5138 2232 5210; x_wconf 84' lang='lat' dir='ltr'><strong>Lucas</strong></span> 
     </span>
    </p>
   </div>
   <div class='ocr_carea' id='block_1_73' title="bbox 665 5209 2232 5282">
    <p class='ocr_par' dir='ltr' id='par_1_73' title="bbox 665 5209 2232 5282">
     <span class='ocr_line' id='line_1_73' title="bbox 665 5209 2232 5282; baseline -0.006 -11"><span class='ocrx_word' id='word_1_541' title='bbox 665 5215 958 5271; x_wconf 81' lang='lat' dir='ltr'><strong>Mellierius</strong></span> <span class='ocrx_word' id='word_1_542' title='bbox 987 5227 1080 5267; x_wconf 87' lang='lat' dir='ltr'><strong>seu</strong></span> <span class='ocrx_word' id='word_1_543' title='bbox 1106 5210 1285 5282; x_wconf 90' lang='lat' dir='ltr'><strong>potius</strong></span> <span class='ocrx_word' id='word_1_544' title='bbox 1310 5209 1903 5282; x_wconf 76' lang='lat' dir='ltr'><strong>SamuelCrelliusvim</strong></span> <span class='ocrx_word' id='word_1_545' title='bbox 1927 5209 2232 5282; x_wconf 81' lang='lat' dir='ltr'><strong>argumenti</strong></span> 
     </span>
    </p>
   </div>
   <div class='ocr_carea' id='block_1_74' title="bbox 665 5280 2227 5351">
    <p class='ocr_par' dir='ltr' id='par_1_74' title="bbox 665 5280 2227 5351">
     <span class='ocr_line' id='line_1_74' title="bbox 665 5280 2227 5351; baseline -0.006 -8"><span class='ocrx_word' id='word_1_546' title='bbox 665 5287 926 5343; x_wconf 88' lang='lat' dir='ltr'><strong>eludere:</strong></span> <span class='ocrx_word' id='word_1_547' title='bbox 964 5280 1175 5339; x_wconf 72' lang='lat' dir='ltr'><strong>veteres</strong></span> <span class='ocrx_word' id='word_1_548' title='bbox 1223 5281 1492 5351; x_wconf 84' lang='lat' dir='ltr'><strong>siquidem</strong></span> <span class='ocrx_word' id='word_1_549' title='bbox 1540 5296 1730 5336; x_wconf 89' lang='lat' dir='ltr'><strong>omnes</strong></span> <span class='ocrx_word' id='word_1_550' title='bbox 1779 5281 1890 5336; x_wconf 84' lang='lat' dir='ltr'><strong>fere</strong></span> <span class='ocrx_word' id='word_1_551' title='bbox 1946 5280 2006 5333; x_wconf 45' lang='lat' dir='ltr'><strong>in’</strong></span> <span class='ocrx_word' id='word_1_552' title='bbox 2036 5280 2227 5335; x_wconf 86' lang='lat' dir='ltr'><strong>eodem</strong></span> 
     </span>
    </p>
   </div>
   <div class='ocr_carea' id='block_1_75' title="bbox 666 5350 2222 5419">
    <p class='ocr_par' dir='ltr' id='par_1_75' title="bbox 666 5350 2222 5419">
     <span class='ocr_line' id='line_1_75' title="bbox 666 5350 2222 5419; baseline -0.006 -6"><span class='ocrx_word' id='word_1_553' title='bbox 666 5373 831 5413; x_wconf 89' lang='lat' dir='ltr'><strong>sensu</strong></span> <span class='ocrx_word' id='word_1_554' title='bbox 860 5355 1246 5410; x_wconf 81' lang='lat' dir='ltr'><strong>intellexerunt</strong></span> <span class='ocrx_word' id='word_1_555' title='bbox 1287 5350 1378 5406; x_wconf 86' lang='lat' dir='ltr'><strong>illa</strong></span> <span class='ocrx_word' id='word_1_556' title='bbox 1407 5350 1678 5407; x_wconf 88' lang='lat' dir='ltr'><strong>Geneseos</strong></span> <span class='ocrx_word' id='word_1_557' title='bbox 1706 5352 1891 5416; x_wconf 86' lang='lat' dir='ltr'><strong>verba,</strong></span> <span class='ocrx_word' id='word_1_558' title='bbox 1923 5350 2103 5419; x_wconf 89' lang='lat' dir='ltr'><strong>iisque</strong></span> <span class='ocrx_word' id='word_1_559' title='bbox 2137 5351 2222 5404; x_wconf 89' lang='lat' dir='ltr'><strong>usi</strong></span> 
     </span>
    </p>
   </div>
   <div class='ocr_carea' id='block_1_76' title="bbox 667 5420 2224 5494">
    <p class='ocr_par' dir='ltr' id='par_1_76' title="bbox 667 5420 2224 5494">
     <span class='ocr_line' id='line_1_76' title="bbox 667 5420 2224 5494; baseline -0.004 -13"><span class='ocrx_word' id='word_1_560' title='bbox 667 5429 886 5484; x_wconf 80' lang='lat' dir='ltr'><strong>fuerunt</strong></span> <span class='ocrx_word' id='word_1_561' title='bbox 934 5428 1001 5482; x_wconf 90' lang='lat' dir='ltr'><strong>ad</strong></span> <span class='ocrx_word' id='word_1_562' title='bbox 1049 5422 1516 5494; x_wconf 89' lang='lat' dir='ltr'><strong>comprobandum</strong></span> <span class='ocrx_word' id='word_1_563' title='bbox 1556 5423 1661 5494; x_wconf 84' lang='lat' dir='ltr'><strong>hoc</strong></span> <span class='ocrx_word' id='word_1_564' title='bbox 1702 5420 2224 5494; x_wconf 53' lang='lat' dir='ltr'><strong>dognga._(_l:eterum</strong></span> 
     </span>
    </p>
   </div>
   <div class='ocr_carea' id='block_1_77' title="bbox 664 5491 2078 5568">
    <p class='ocr_par' dir='ltr' id='par_1_77' title="bbox 664 5491 2078 5568">
     <span class='ocr_line' id='line_1_77' title="bbox 664 5491 2078 5568; baseline -0.006 -14"><span class='ocrx_word' id='word_1_565' title='bbox 664 5499 922 5554; x_wconf 85' lang='lat' dir='ltr'><strong>Crellium</strong></span> <span class='ocrx_word' id='word_1_566' title='bbox 950 5491 1259 5568; x_wconf 12' lang='lat' dir='ltr'><strong>,egregie&#39;ac</strong></span> <span class='ocrx_word' id='word_1_567' title='bbox 1293 5501 1513 5568; x_wconf 82' lang='lat' dir='ltr'><strong>strenue</strong></span> <span class='ocrx_word' id='word_1_568' title='bbox 1541 5492 1797 5568; x_wconf 67' lang='lat' dir='ltr'><strong>refutavit</strong></span> <span class='ocrx_word' id='word_1_569' title='bbox 1823 5491 2078 5568; x_wconf 55' lang='lat' dir='ltr'><strong>Grabius.</strong></span> 
     </span>
    </p>
   </div>
   <div class='ocr_carea' id='block_1_78' title="bbox 737 5556 2221 5639">
    <p class='ocr_par' dir='ltr' id='par_1_78' title="bbox 737 5556 2221 5639">
     <span class='ocr_line' id='line_1_78' title="bbox 737 5556 2221 5639; baseline -0.004 -17"><span class='ocrx_word' id='word_1_570' title='bbox 737 5567 846 5639; x_wconf 73' lang='grc'><strong>(14)</strong></span> <span class='ocrx_word' id='word_1_571' title='bbox 1067 5556 1408 5639; x_wconf 61' lang='grc' dir='ltr'>ξξρανέρωσεν</span> <span class='ocrx_word' id='word_1_572' title='bbox 1461 5562 1650 5639; x_wconf 58' lang='lat' dir='ltr'><strong>eapth</strong></span> <span class='ocrx_word' id='word_1_573' title='bbox 1873 5561 2038 5639; x_wconf 65' lang='lat'><strong>6505__</strong></span> <span class='ocrx_word' id='word_1_574' title='bbox 2062 5556 2221 5639; x_wconf 50' lang='grc' dir='ltr'>εἶναι.</span> 
     </span>
    </p>
   </div>
   <div class='ocr_carea' id='block_1_79' title="bbox 665 5632 2220 5708">
    <p class='ocr_par' dir='ltr' id='par_1_79' title="bbox 665 5632 2220 5708">
     <span class='ocr_line' id='line_1_79' title="bbox 665 5632 2220 5708; baseline -0.005 -17"><span class='ocrx_word' id='word_1_575' title='bbox 665 5639 729 5692; x_wconf 83' lang='grc' dir='ltr'><strong>Εἰ</strong></span> <span class='ocrx_word' id='word_1_576' title='bbox 887 5637 959 5708; x_wconf 80' lang='grc' dir='ltr'><strong>μὴ</strong></span> <span class='ocrx_word' id='word_1_577' title='bbox 988 5632 1148 5708; x_wconf 49' lang='lat' dir='ltr'><strong>mea</strong></span> <span class='ocrx_word' id='word_1_578' title='bbox 1175 5632 1439 5708; x_wconf 56' lang='grc' dir='ltr'>ὲνσαρκι,</span> <span class='ocrx_word' id='word_1_579' title='bbox 1471 5634 1586 5708; x_wconf 60' lang='grc' dir='ltr'><strong>πῶς</strong></span> <span class='ocrx_word' id='word_1_580' title='bbox 1615 5632 1679 5687; x_wconf 82' lang='grc' dir='ltr'>ἂν</span> <span class='ocrx_word' id='word_1_581' title='bbox 1705 5632 1986 5708; x_wconf 21' lang='grc' dir='ltr'>ξᾲσώοημεν</span> <span class='ocrx_word' id='word_1_582' title='bbox 2004 5632 2220 5708; x_wconf 61' lang='grc' dir='ltr'><strong>Δἐνινθρωφ</strong></span> 
     </span>
    </p>
   </div>
   <div class='ocr_carea' id='block_1_80' title="bbox 668 5657 2218 5780">
    <p class='ocr_par' dir='ltr' id='par_1_80' title="bbox 668 5657 2218 5780">
     <span class='ocr_line' id='line_1_80' title="bbox 668 5657 2218 5708; baseline -0.005 -17"><span class='ocrx_word' id='word_1_583' title='bbox 668 5657 729 5692; x_wconf 61' lang='grc' dir='ltr'>ιιι</span> <span class='ocrx_word' id='word_1_584' title='bbox 749 5657 819 5708; x_wconf 79' lang='grc' dir='ltr'>γα</span> <span class='ocrx_word' id='word_1_585' title='bbox 887 5657 959 5708; x_wconf 84' lang='grc' dir='ltr'><strong>μη</strong></span> <span class='ocrx_word' id='word_1_586' title='bbox 988 5657 1148 5708; x_wconf 74' lang='grc' dir='ltr'>ηΑῠεν</span> <span class='ocrx_word' id='word_1_587' title='bbox 1175 5657 1232 5688; x_wconf 86' lang='grc' dir='ltr'><strong>εν</strong></span> <span class='ocrx_word' id='word_1_588' title='bbox 1259 5657 1439 5704; x_wconf 81' lang='grc' dir='ltr'>σαρκι,</span> <span class='ocrx_word' id='word_1_589' title='bbox 1471 5657 1586 5696; x_wconf 69' lang='grc' dir='ltr'><strong>πως</strong></span> <span class='ocrx_word' id='word_1_590' title='bbox 1615 5657 1679 5687; x_wconf 81' lang='grc' dir='ltr'><strong>αν</strong></span> <span class='ocrx_word' id='word_1_591' title='bbox 1705 5657 1986 5703; x_wconf 75' lang='grc' dir='ltr'>εσωυημεν</span> <span class='ocrx_word' id='word_1_592' title='bbox 2010 5657 2218 5700; x_wconf 76' lang='grc' dir='ltr'>ανορω-</span> 
     </span>
     <span class='ocr_line' id='line_1_81' title="bbox 668 5657 2218 5780; baseline -0.005 -19"><span class='ocrx_word' id='word_1_593' title='bbox 668 5725 780 5775; x_wconf 79' lang='grc' dir='ltr'>ποι,</span> <span class='ocrx_word' id='word_1_594' title='bbox 825 5657 1112 5780; x_wconf 57' lang='grc' dir='ltr'>βλέποντες</span> <span class='ocrx_word' id='word_1_595' title='bbox 1154 5706 1351 5776; x_wconf 63' lang='lat' dir='ltr'><strong>ait-cavi;</strong></span> <span class='ocrx_word' id='word_1_596' title='bbox 1401 5705 1483 5759; x_wconf 71' lang='grc' dir='ltr'><strong>ὅτι</strong></span> <span class='ocrx_word' id='word_1_597' title='bbox 1518 5704 1622 5779; x_wconf 0' lang='grc' dir='ltr'>,τὸν</span> <span class='ocrx_word' id='word_1_598' title='bbox 1661 5703 1920 5776; x_wconf 77' lang='grc' dir='ltr'>μέλλοντα</span> <span class='ocrx_word' id='word_1_599' title='bbox 1958 5704 2033 5776; x_wconf 77' lang='grc' dir='ltr'><strong>μὴ</strong></span> <span class='ocrx_word' id='word_1_600' title='bbox 2081 5702 2218 5759; x_wconf 77' lang='grc' dir='ltr'>εἶναι</span> 
     </span>
    </p>
   </div>
   <div class='ocr_carea' id='block_1_81' title="bbox 2349 1875 3857 1951">
    <p class='ocr_par' dir='ltr' id='par_1_81' title="bbox 2349 1875 3857 1951">
     <span class='ocr_line' id='line_1_82' title="bbox 2349 1875 3857 1951; baseline 0.006 -22"><span class='ocrx_word' id='word_1_601' title='bbox 2349 1884 2435 1930; x_wconf 90' lang='lat' dir='ltr'><strong>rat</strong></span> <span class='ocrx_word' id='word_1_602' title='bbox 2461 1875 2551 1931; x_wconf 87' lang='lat' dir='ltr'><strong>hic</strong></span> <span class='ocrx_word' id='word_1_603' title='bbox 2572 1889 2764 1932; x_wconf 88' lang='lat' dir='ltr'><strong>auctor</strong></span> <span class='ocrx_word' id='word_1_604' title='bbox 2798 1893 2899 1934; x_wconf 88' lang='lat' dir='ltr'><strong>sua</strong></span> <span class='ocrx_word' id='word_1_605' title='bbox 2933 1881 2988 1934; x_wconf 91' lang='lat' dir='ltr'><strong>in</strong></span> <span class='ocrx_word' id='word_1_606' title='bbox 3013 1879 3274 1951; x_wconf 88' lang='lat' dir='ltr'><strong>Epistola.</strong></span> <span class='ocrx_word' id='word_1_607' title='bbox 3304 1881 3446 1938; x_wconf 78' lang='lat' dir='ltr'><strong>Nam</strong></span> <span class='ocrx_word' id='word_1_608' title='bbox 3494 1883 3566 1937; x_wconf 91' lang='lat' dir='ltr'><strong>ibi</strong></span> <span class='ocrx_word' id='word_1_609' title='bbox 3606 1882 3772 1939; x_wconf 85' lang='lat' dir='ltr'><strong>Filium</strong></span> <span class='ocrx_word' id='word_1_610' title='bbox 3796 1883 3857 1939; x_wconf 72' lang='grc' dir='ltr'><strong>Βίί</strong></span> 
     </span>
    </p>
   </div>
   <div class='ocr_carea' id='block_1_82' title="bbox 2349 1969 3859 2045">
    <p class='ocr_par' dir='ltr' id='par_1_82' title="bbox 2349 1969 3859 2045">
     <span class='ocr_line' id='line_1_83' title="bbox 2349 1969 3859 2045; baseline 0.006 -23"><span class='ocrx_word' id='word_1_611' title='bbox 2349 1969 3048 2038; x_wconf 70' lang='lat' dir='ltr'><strong>appellatcorbisterrarum</strong></span> <span class='ocrx_word' id='word_1_612' title='bbox 3058 1972 3373 2040; x_wconf 91' lang='lat' dir='ltr'><strong>Dominum,</strong></span> <span class='ocrx_word' id='word_1_613' title='bbox 3387 1992 3406 2027; x_wconf 75' lang='grc' dir='ltr'><strong>ι</strong></span> <span class='ocrx_word' id='word_1_614' title='bbox 3424 1973 3587 2045; x_wconf 89' lang='lat' dir='ltr'><strong>idque</strong></span> <span class='ocrx_word' id='word_1_615' title='bbox 3608 1977 3859 2031; x_wconf 80' lang='lat' dir='ltr'><strong>anteceden-</strong></span> 
     </span>
    </p>
   </div>
   <div class='ocr_carea' id='block_1_83' title="bbox 2351 2059 3856 2134">
    <p class='ocr_par' dir='ltr' id='par_1_83' title="bbox 2351 2059 3856 2134">
     <span class='ocr_line' id='line_1_84' title="bbox 2351 2059 3856 2134; baseline 0.007 -22"><span class='ocrx_word' id='word_1_616' title='bbox 2351 2066 2434 2112; x_wconf 90' lang='lat' dir='ltr'><strong>ter</strong></span> <span class='ocrx_word' id='word_1_617' title='bbox 2483 2059 2566 2129; x_wconf 93' lang='lat' dir='ltr'><strong>(ut</strong></span> <span class='ocrx_word' id='word_1_618' title='bbox 2622 2059 2922 2129; x_wconf 89' lang='lat' dir='ltr'><strong>loquuntur</strong></span> <span class='ocrx_word' id='word_1_619' title='bbox 2971 2062 3194 2134; x_wconf 72' lang='lat' dir='ltr'><strong>scholae)</strong></span> <span class='ocrx_word' id='word_1_620' title='bbox 3227 2064 3296 2119; x_wconf 88' lang='lat' dir='ltr'><strong>ad</strong></span> <span class='ocrx_word' id='word_1_621' title='bbox 3337 2066 3697 2121; x_wconf 68' lang='lat' dir='ltr'><strong>oeconomiam</strong></span> <span class='ocrx_word' id='word_1_622' title='bbox 3738 2067 3856 2130; x_wconf 82' lang='lat' dir='ltr'><strong>illam,</strong></span> 
     </span>
    </p>
   </div>
   <div class='ocr_carea' id='block_1_84' title="bbox 2349 2147 3961 2230">
    <p class='ocr_par' dir='ltr' id='par_1_84' title="bbox 2349 2147 3961 2230">
     <span class='ocr_line' id='line_1_85' title="bbox 2349 2147 3961 2230; baseline 0.007 -27"><span class='ocrx_word' id='word_1_623' title='bbox 2349 2164 2515 2219; x_wconf 89' lang='lat' dir='ltr'><strong>quam</strong></span> <span class='ocrx_word' id='word_1_624' title='bbox 2578 2159 2778 2207; x_wconf 61' lang='lat' dir='ltr'><strong>nostrae</strong></span> <span class='ocrx_word' id='word_1_625' title='bbox 2846 2152 3041 2209; x_wconf 90' lang='lat' dir='ltr'><strong>salutis</strong></span> <span class='ocrx_word' id='word_1_626' title='bbox 3094 2170 3262 2211; x_wconf 85' lang='lat' dir='ltr'><strong>causa</strong></span> <span class='ocrx_word' id='word_1_627' title='bbox 3327 2157 3612 2229; x_wconf 81' lang='lat' dir='ltr'><strong>suscipere</strong></span> <span class='ocrx_word' id='word_1_628' title='bbox 3668 2157 3859 2230; x_wconf 79' lang='lat' dir='ltr'><strong>dignatus</strong></span> 
     </span>
    </p>
   </div>
   <div class='ocr_carea' id='block_1_85' title="bbox 2349 2251 2450 2294">
    <p class='ocr_par' dir='ltr' id='par_1_85' title="bbox 2349 2251 2450 2294">
     <span class='ocr_line' id='line_1_86' title="bbox 2349 2251 2450 2294; baseline 0.01 -1"><span class='ocrx_word' id='word_1_629' title='bbox 2349 2251 2450 2294; x_wconf 87' lang='lat' dir='ltr'><strong>est.</strong></span> 
     </span>
    </p>
   </div>
   <div class='ocr_carea' id='block_1_86' title="bbox 2417 2330 3859 2411">
    <p class='ocr_par' dir='ltr' id='par_1_86' title="bbox 2417 2330 3859 2411">
     <span class='ocr_line' id='line_1_87' title="bbox 2417 2330 3859 2411; baseline 0.008 -28"><span class='ocrx_word' id='word_1_630' title='bbox 2417 2330 2509 2384; x_wconf 83' lang='lat' dir='ltr'><strong>Ait</strong></span> <span class='ocrx_word' id='word_1_631' title='bbox 2536 2331 2698 2386; x_wconf 87' lang='lat' dir='ltr'><strong>etiam</strong></span> <span class='ocrx_word' id='word_1_632' title='bbox 2723 2333 2950 2403; x_wconf 84' lang='lat' dir='ltr'><strong>gioriam</strong></span> <span class='ocrx_word' id='word_1_633' title='bbox 2972 2333 3101 2392; x_wconf 86' lang='lat' dir='ltr'><strong>Jesu</strong></span> <span class='ocrx_word' id='word_1_634' title='bbox 3133 2345 3339 2393; x_wconf 88' lang='lat' dir='ltr'><strong>tantam</strong></span> <span class='ocrx_word' id='word_1_635' title='bbox 3376 2355 3524 2407; x_wconf 86' lang='lat' dir='ltr'><strong>esse,</strong></span> <span class='ocrx_word' id='word_1_636' title='bbox 3550 2349 3609 2396; x_wconf 90' lang='lat' dir='ltr'><strong>ut</strong></span> <span class='ocrx_word' id='word_1_637' title='bbox 3626 2359 3709 2411; x_wconf 88' lang='lat' dir='ltr'><strong>per</strong></span> <span class='ocrx_word' id='word_1_638' title='bbox 3736 2343 3859 2410; x_wconf 72' lang='lat' dir='ltr'><strong>ipsum</strong></span> 
     </span>
    </p>
   </div>
   <div class='ocr_carea' id='block_1_87' title="bbox 2347 2425 3859 2502">
    <p class='ocr_par' dir='ltr' id='par_1_87' title="bbox 2347 2425 3859 2502">
     <span class='ocr_line' id='line_1_88' title="bbox 2347 2425 3859 2502; baseline 0.008 -26"><span class='ocrx_word' id='word_1_639' title='bbox 2347 2431 2396 2476; x_wconf 81' lang='lat' dir='ltr'><strong>et</strong></span> <span class='ocrx_word' id='word_1_640' title='bbox 2427 2433 2638 2492; x_wconf 83' lang='lat' dir='ltr'><strong>propter</strong></span> <span class='ocrx_word' id='word_1_641' title='bbox 2670 2425 2842 2493; x_wconf 78' lang='lat' dir='ltr'><strong>ipsum</strong></span> <span class='ocrx_word' id='word_1_642' title='bbox 2879 2427 2986 2481; x_wconf 85' lang='lat' dir='ltr'><strong>sint</strong></span> <span class='ocrx_word' id='word_1_643' title='bbox 3027 2431 3206 2484; x_wconf 85' lang='lat' dir='ltr'><strong>omnia</strong></span> <span class='ocrx_word' id='word_1_644' title='bbox 3231 2431 3383 2501; x_wconf 79' lang='lat'><strong>(16);</strong></span> <span class='ocrx_word' id='word_1_645' title='bbox 3421 2433 3527 2487; x_wconf 85' lang='lat' dir='ltr'><strong>hoc</strong></span> <span class='ocrx_word' id='word_1_646' title='bbox 3559 2442 3657 2499; x_wconf 87' lang='lat' dir='ltr'><strong>est,</strong></span> <span class='ocrx_word' id='word_1_647' title='bbox 3692 2433 3750 2487; x_wconf 88' lang='lat' dir='ltr'><strong>ab</strong></span> <span class='ocrx_word' id='word_1_648' title='bbox 3777 2435 3859 2502; x_wconf 86' lang='lat' dir='ltr'><strong>ipso</strong></span> 
     </span>
    </p>
   </div>
   <div class='ocr_carea' id='block_1_88' title="bbox 2349 2515 3858 2594">
    <p class='ocr_par' dir='ltr' id='par_1_88' title="bbox 2349 2515 3858 2594">
     <span class='ocr_line' id='line_1_89' title="bbox 2349 2515 3858 2594; baseline 0.008 -28"><span class='ocrx_word' id='word_1_649' title='bbox 2349 2522 2408 2566; x_wconf 92' lang='lat' dir='ltr'><strong>ut</strong></span> <span class='ocrx_word' id='word_1_650' title='bbox 2451 2528 2615 2568; x_wconf 89' lang='lat' dir='ltr'><strong>causa</strong></span> <span class='ocrx_word' id='word_1_651' title='bbox 2641 2515 2926 2584; x_wconf 83' lang='lat' dir='ltr'><strong>etliciente,</strong></span> <span class='ocrx_word' id='word_1_652' title='bbox 2957 2519 3137 2573; x_wconf 89' lang='lat' dir='ltr'><strong>omnia</strong></span> <span class='ocrx_word' id='word_1_653' title='bbox 3176 2520 3329 2587; x_wconf 79' lang='lat' dir='ltr'><strong>ﬁant,</strong></span> <span class='ocrx_word' id='word_1_654' title='bbox 3361 2532 3420 2577; x_wconf 92' lang='lat' dir='ltr'><strong>et</strong></span> <span class='ocrx_word' id='word_1_655' title='bbox 3463 2525 3533 2578; x_wconf 89' lang='lat' dir='ltr'><strong>ad</strong></span> <span class='ocrx_word' id='word_1_656' title='bbox 3574 2524 3858 2594; x_wconf 49' lang='lat' dir='ltr'><strong>ipsum,tan.</strong></span> 
     </span>
    </p>
   </div>
   <div class='ocr_carea' id='block_1_89' title="bbox 2347 2606 3859 2682">
    <p class='ocr_par' dir='ltr' id='par_1_89' title="bbox 2347 2606 3859 2682">
     <span class='ocr_line' id='line_1_90' title="bbox 2347 2606 3859 2682; baseline 0.009 -26"><span class='ocrx_word' id='word_1_657' title='bbox 2347 2617 2511 2672; x_wconf 86' lang='lat' dir='ltr'><strong>quam</strong></span> <span class='ocrx_word' id='word_1_658' title='bbox 2541 2606 2700 2660; x_wconf 87' lang='lat' dir='ltr'><strong>linem</strong></span> <span class='ocrx_word' id='word_1_659' title='bbox 2728 2608 2910 2661; x_wconf 91' lang='lat' dir='ltr'><strong>omnia</strong></span> <span class='ocrx_word' id='word_1_660' title='bbox 2947 2607 3256 2666; x_wconf 81' lang='lat' dir='ltr'><strong>referantur</strong></span> <span class='ocrx_word' id='word_1_661' title='bbox 3282 2630 3296 2666; x_wconf 84' lang='lat'><strong>:</strong></span> <span class='ocrx_word' id='word_1_662' title='bbox 3324 2629 3451 2682; x_wconf 77' lang='lat' dir='ltr'><strong>quae</strong></span> <span class='ocrx_word' id='word_1_663' title='bbox 3491 2623 3636 2670; x_wconf 91' lang='lat' dir='ltr'><strong>certe</strong></span> <span class='ocrx_word' id='word_1_664' title='bbox 3671 2617 3728 2670; x_wconf 89' lang='lat' dir='ltr'><strong>de</strong></span> <span class='ocrx_word' id='word_1_665' title='bbox 3753 2631 3859 2670; x_wconf 73' lang='lat' dir='ltr'><strong>crea-</strong></span> 
     </span>
    </p>
   </div>
   <div class='ocr_carea' id='block_1_90' title="bbox 2346 2697 3860 2776">
    <p class='ocr_par' dir='ltr' id='par_1_90' title="bbox 2346 2697 3860 2776">
     <span class='ocr_line' id='line_1_91' title="bbox 2346 2697 3860 2776; baseline 0.007 -25"><span class='ocrx_word' id='word_1_666' title='bbox 2346 2707 2467 2752; x_wconf 86' lang='lat' dir='ltr'><strong>tura</strong></span> <span class='ocrx_word' id='word_1_667' title='bbox 2498 2697 2618 2754; x_wconf 90' lang='lat' dir='ltr'><strong>sine</strong></span> <span class='ocrx_word' id='word_1_668' title='bbox 2647 2699 2985 2771; x_wconf 88' lang='lat' dir='ltr'><strong>blasphemia</strong></span> <span class='ocrx_word' id='word_1_669' title='bbox 3015 2703 3122 2758; x_wconf 90' lang='lat' dir='ltr'><strong>diei</strong></span> <span class='ocrx_word' id='word_1_670' title='bbox 3171 2720 3280 2759; x_wconf 92' lang='lat' dir='ltr'><strong>non</strong></span> <span class='ocrx_word' id='word_1_671' title='bbox 3311 2719 3572 2776; x_wconf 89' lang='lat' dir='ltr'><strong>possunt.</strong></span> <span class='ocrx_word' id='word_1_672' title='bbox 3599 2708 3781 2775; x_wconf 87' lang='lat' dir='ltr'><strong>Quibus</strong></span> <span class='ocrx_word' id='word_1_673' title='bbox 3797 2709 3860 2762; x_wconf 85' lang='lat' dir='ltr'><strong>ad-</strong></span> 
     </span>
    </p>
   </div>
   <div class='ocr_carea' id='block_1_91' title="bbox 2345 2790 3859 2872">
    <p class='ocr_par' dir='ltr' id='par_1_91' title="bbox 2345 2790 3859 2872">
     <span class='ocr_line' id='line_1_92' title="bbox 2345 2790 3859 2872; baseline 0.006 -28"><span class='ocrx_word' id='word_1_674' title='bbox 2345 2790 2444 2846; x_wconf 87' lang='lat' dir='ltr'><strong>das</strong></span> <span class='ocrx_word' id='word_1_675' title='bbox 2480 2791 2747 2848; x_wconf 88' lang='lat' dir='ltr'><strong>illustrem</strong></span> <span class='ocrx_word' id='word_1_676' title='bbox 2797 2794 2976 2849; x_wconf 85' lang='lat' dir='ltr'><strong>locum</strong></span> <span class='ocrx_word' id='word_1_677' title='bbox 3031 2795 3085 2849; x_wconf 91' lang='lat' dir='ltr'><strong>in</strong></span> <span class='ocrx_word' id='word_1_678' title='bbox 3133 2796 3379 2867; x_wconf 86' lang='lat' dir='ltr'><strong>ejusdem</strong></span> <span class='ocrx_word' id='word_1_679' title='bbox 3414 2794 3774 2872; x_wconf 56' lang='lat' dir='ltr'><strong>Epistolali&#39;l)</strong></span> <span class='ocrx_word' id='word_1_680' title='bbox 3799 2801 3859 2855; x_wconf 87' lang='lat' dir='ltr'><strong>ubi</strong></span> 
     </span>
    </p>
   </div>
   <div class='ocr_carea' id='block_1_92' title="bbox 2345 2883 3861 2959">
    <p class='ocr_par' dir='ltr' id='par_1_92' title="bbox 2345 2883 3861 2959">
     <span class='ocr_line' id='line_1_93' title="bbox 2345 2883 3861 2959; baseline 0.007 -21"><span class='ocrx_word' id='word_1_681' title='bbox 2345 2883 2505 2939; x_wconf 86' lang='lat' dir='ltr'><strong>docet</strong></span> <span class='ocrx_word' id='word_1_682' title='bbox 2526 2883 2842 2950; x_wconf 87' lang='lat' dir='ltr'><strong>Dominum,</strong></span> <span class='ocrx_word' id='word_1_683' title='bbox 2865 2887 2957 2956; x_wconf 90' lang='lat' dir='ltr'><strong>qui</strong></span> <span class='ocrx_word' id='word_1_684' title='bbox 2979 2889 3160 2943; x_wconf 91' lang='lat' dir='ltr'><strong>omnia</strong></span> <span class='ocrx_word' id='word_1_685' title='bbox 3187 2891 3549 2959; x_wconf 65' lang='lat' dir='ltr'><strong>praesciverit,</strong></span> <span class='ocrx_word' id='word_1_686' title='bbox 3582 2895 3693 2950; x_wconf 89' lang='lat' dir='ltr'><strong>ideo</strong></span> <span class='ocrx_word' id='word_1_687' title='bbox 3711 2894 3861 2949; x_wconf 80' lang='lat' dir='ltr'><strong>dixisse</strong></span> 
     </span>
    </p>
   </div>
   <div class='ocr_carea' id='block_1_93' title="bbox 2345 2976 3861 3058">
    <p class='ocr_par' dir='ltr' id='par_1_93' title="bbox 2345 2976 3861 3058">
     <span class='ocr_line' id='line_1_94' title="bbox 2345 2976 3861 3058; baseline 0.009 -29"><span class='ocrx_word' id='word_1_688' title='bbox 2345 2990 2404 3029; x_wconf 88' lang='lat' dir='ltr'><strong>se</strong></span> <span class='ocrx_word' id='word_1_689' title='bbox 2452 2976 2656 3046; x_wconf 89' lang='lat' dir='ltr'><strong>p0pulo</strong></span> <span class='ocrx_word' id='word_1_690' title='bbox 2703 2993 2805 3034; x_wconf 90' lang='lat' dir='ltr'><strong>suo</strong></span> <span class='ocrx_word' id='word_1_691' title='bbox 2851 2994 2948 3034; x_wconf 92' lang='lat' dir='ltr'><strong>cor</strong></span> <span class='ocrx_word' id='word_1_692' title='bbox 2990 2980 3263 3051; x_wconf 89' lang='lat' dir='ltr'><strong>lapideum</strong></span> <span class='ocrx_word' id='word_1_693' title='bbox 3322 2985 3671 3054; x_wconf 89' lang='lat' dir='ltr'><strong>ablaturum,</strong></span> <span class='ocrx_word' id='word_1_694' title='bbox 3703 2987 3861 3058; x_wconf 84' lang='lat' dir='ltr'><strong>ipsique</strong></span> 
     </span>
    </p>
   </div>
   <div class='ocr_carea' id='block_1_94' title="bbox 2347 3074 3862 3151">
    <p class='ocr_par' dir='ltr' id='par_1_94' title="bbox 2347 3074 3862 3151">
     <span class='ocr_line' id='line_1_95' title="bbox 2347 3074 3862 3151; baseline 0.007 -28"><span class='ocrx_word' id='word_1_695' title='bbox 2347 3083 2442 3123; x_wconf 93' lang='lat' dir='ltr'><strong>cor</strong></span> <span class='ocrx_word' id='word_1_696' title='bbox 2473 3084 2674 3123; x_wconf 91' lang='lat' dir='ltr'><strong>novum</strong></span> <span class='ocrx_word' id='word_1_697' title='bbox 2707 3079 2760 3125; x_wconf 91' lang='lat' dir='ltr'><strong>et</strong></span> <span class='ocrx_word' id='word_1_698' title='bbox 2803 3086 3063 3128; x_wconf 90' lang='lat' dir='ltr'><strong>carneum</strong></span> <span class='ocrx_word' id='word_1_699' title='bbox 3113 3074 3439 3146; x_wconf 84' lang='lat' dir='ltr'><strong>inditurum,</strong></span> <span class='ocrx_word' id='word_1_700' title='bbox 3487 3080 3571 3134; x_wconf 79' lang='grc' dir='ltr'>ὅτι</span> <span class='ocrx_word' id='word_1_701' title='bbox 3604 3079 3794 3151; x_wconf 68' lang='grc' dir='ltr'>ἔμελλεν</span> <span class='ocrx_word' id='word_1_702' title='bbox 3823 3083 3862 3133; x_wconf 74' lang='grc' dir='ltr'>ἐν</span> 
     </span>
    </p>
   </div>
   <div class='ocr_carea' id='block_1_95' title="bbox 2347 3158 3860 3240">
    <p class='ocr_par' dir='ltr' id='par_1_95' title="bbox 2347 3158 3860 3240">
     <span class='ocr_line' id='line_1_96' title="bbox 2347 3158 3860 3240; baseline 0.009 -30"><span class='ocrx_word' id='word_1_703' title='bbox 2347 3158 2509 3230; x_wconf 71' lang='grc' dir='ltr'>σαρκὶ</span> <span class='ocrx_word' id='word_1_704' title='bbox 2538 3159 2918 3232; x_wconf 76' lang='grc' dir='ltr'>φανεροῢσθαι,</span> <span class='ocrx_word' id='word_1_705' title='bbox 2948 3163 3042 3216; x_wconf 73' lang='grc' dir='ltr'>καὶ</span> <span class='ocrx_word' id='word_1_706' title='bbox 3079 3165 3136 3218; x_wconf 81' lang='grc' dir='ltr'>ὲν</span> <span class='ocrx_word' id='word_1_707' title='bbox 3164 3167 3294 3237; x_wconf 77' lang='grc' dir='ltr'>ἡμῖν</span> <span class='ocrx_word' id='word_1_708' title='bbox 3325 3175 3617 3226; x_wconf 81' lang='grc' dir='ltr'>κατοικεῖν.</span> <span class='ocrx_word' id='word_1_709' title='bbox 3647 3172 3770 3234; x_wconf 81' lang='grc' dir='ltr'><strong>Ναδς</strong></span> <span class='ocrx_word' id='word_1_710' title='bbox 3787 3170 3860 3240; x_wconf 73' lang='grc' dir='ltr'><strong>γὰρ</strong></span> 
     </span>
    </p>
   </div>
   <div class='ocr_carea' id='block_1_96' title="bbox 2347 3249 3860 3336">
    <p class='ocr_par' dir='ltr' id='par_1_96' title="bbox 2347 3249 3860 3336">
     <span class='ocr_line' id='line_1_97' title="bbox 2347 3249 3860 3336; baseline 0.006 -32"><span class='ocrx_word' id='word_1_711' title='bbox 2347 3249 2518 3319; x_wconf 76' lang='grc' dir='ltr'>ἅγιος,</span> <span class='ocrx_word' id='word_1_712' title='bbox 2543 3250 2759 3336; x_wconf 60' lang='grc' dir='ltr'>ἀδίλφοί</span> <span class='ocrx_word' id='word_1_713' title='bbox 2783 3271 2906 3323; x_wconf 83' lang='grc' dir='ltr'>μου,</span> <span class='ocrx_word' id='word_1_714' title='bbox 2924 3254 3000 3325; x_wconf 82' lang='grc' dir='ltr'>τῷ</span> <span class='ocrx_word' id='word_1_715' title='bbox 3021 3257 3228 3329; x_wconf 79' lang='grc' dir='ltr'>Κυρίῳ,</span> <span class='ocrx_word' id='word_1_716' title='bbox 3248 3258 3308 3312; x_wconf 77' lang='grc' dir='ltr'><strong>τὸ</strong></span> <span class='ocrx_word' id='word_1_717' title='bbox 3332 3265 3738 3336; x_wconf 75' lang='grc' dir='ltr'>κατοικητήριον</span> <span class='ocrx_word' id='word_1_718' title='bbox 3751 3262 3860 3335; x_wconf 77' lang='grc' dir='ltr'>ἡμῶν</span> 
     </span>
    </p>
   </div>
   <div class='ocr_carea' id='block_1_97' title="bbox 2348 3321 3861 3428">
    <p class='ocr_par' dir='ltr' id='par_1_97' title="bbox 2348 3321 3861 3428">
     <span class='ocr_line' id='line_1_98' title="bbox 2348 3321 3861 3428; baseline 0.009 -32"><span class='ocrx_word' id='word_1_719' title='bbox 2348 3343 2446 3414; x_wconf 81' lang='grc' dir='ltr'><strong>τῆς</strong></span> <span class='ocrx_word' id='word_1_720' title='bbox 2472 3321 2714 3414; x_wconf 65' lang='grc' dir='ltr'>καρδῖας.</span> <span class='ocrx_word' id='word_1_721' title='bbox 2747 3344 2804 3399; x_wconf 91' lang='lat' dir='ltr'><strong>1d</strong></span> <span class='ocrx_word' id='word_1_722' title='bbox 2832 3357 2935 3414; x_wconf 85' lang='lat' dir='ltr'><strong>est,</strong></span> <span class='ocrx_word' id='word_1_723' title='bbox 2966 3366 2984 3398; x_wconf 78' lang='grc' dir='ltr'><strong>ι</strong></span> <span class='ocrx_word' id='word_1_724' title='bbox 3023 3321 3279 3418; x_wconf 72' lang='lat' dir='ltr'><strong>quoniam</strong></span> <span class='ocrx_word' id='word_1_725' title='bbox 3317 3353 3436 3422; x_wconf 91' lang='lat' dir='ltr'><strong>ipse</strong></span> <span class='ocrx_word' id='word_1_726' title='bbox 3475 3355 3529 3410; x_wconf 93' lang='lat' dir='ltr'><strong>in</strong></span> <span class='ocrx_word' id='word_1_727' title='bbox 3553 3321 3720 3414; x_wconf 47' lang='lat' dir='ltr'><strong>.ca&#39;rne</strong></span> <span class='ocrx_word' id='word_1_728' title='bbox 3743 3321 3861 3428; x_wconf 57' lang='lat' dir='ltr'><strong>appa-</strong></span> 
     </span>
    </p>
   </div>
   <div class='ocr_carea' id='block_1_98' title="bbox 2347 3438 3857 3522">
    <p class='ocr_par' dir='ltr' id='par_1_98' title="bbox 2347 3438 3857 3522">
     <span class='ocr_line' id='line_1_99' title="bbox 2347 3438 3857 3522; baseline 0.011 -32"><span class='ocrx_word' id='word_1_729' title='bbox 2347 3438 2552 3492; x_wconf 70' lang='lat' dir='ltr'><strong>riturus</strong></span> <span class='ocrx_word' id='word_1_730' title='bbox 2597 3446 2774 3504; x_wconf 87' lang='lat' dir='ltr'><strong>esset,</strong></span> <span class='ocrx_word' id='word_1_731' title='bbox 2819 3449 2872 3494; x_wconf 91' lang='lat' dir='ltr'><strong>et</strong></span> <span class='ocrx_word' id='word_1_732' title='bbox 2914 3442 2968 3494; x_wconf 92' lang='lat' dir='ltr'><strong>in</strong></span> <span class='ocrx_word' id='word_1_733' title='bbox 3011 3443 3170 3498; x_wconf 89' lang='lat' dir='ltr'><strong>nobis</strong></span> <span class='ocrx_word' id='word_1_734' title='bbox 3216 3446 3585 3507; x_wconf 88' lang='lat' dir='ltr'><strong>habitaturus.</strong></span> <span class='ocrx_word' id='word_1_735' title='bbox 3634 3452 3857 3522; x_wconf 86' lang='lat' dir='ltr'><strong>Templum</strong></span> 
     </span>
    </p>
   </div>
   <div class='ocr_carea' id='block_1_99' title="bbox 2347 3526 3858 3610">
    <p class='ocr_par' dir='ltr' id='par_1_99' title="bbox 2347 3526 3858 3610">
     <span class='ocr_line' id='line_1_100' title="bbox 2347 3526 3858 3610; baseline 0.011 -30"><span class='ocrx_word' id='word_1_736' title='bbox 2347 3526 2491 3580; x_wconf 78' lang='lat' dir='ltr'><strong>enim</strong></span> <span class='ocrx_word' id='word_1_737' title='bbox 2540 3535 2792 3581; x_wconf 90' lang='lat' dir='ltr'><strong>sanctum</strong></span> <span class='ocrx_word' id='word_1_738' title='bbox 2830 3537 2914 3583; x_wconf 90' lang='lat' dir='ltr'><strong>est</strong></span> <span class='ocrx_word' id='word_1_739' title='bbox 2959 3528 3191 3586; x_wconf 91' lang='lat' dir='ltr'><strong>Domino</strong></span> <span class='ocrx_word' id='word_1_740' title='bbox 3218 3575 3234 3602; x_wconf 87' lang='lat'><strong>,</strong></span> <span class='ocrx_word' id='word_1_741' title='bbox 3293 3536 3495 3596; x_wconf 82' lang='lat' dir='ltr'><strong>fratres</strong></span> <span class='ocrx_word' id='word_1_742' title='bbox 3533 3541 3679 3610; x_wconf 88' lang='lat' dir='ltr'><strong>mei,</strong></span> <span class='ocrx_word' id='word_1_743' title='bbox 3727 3543 3858 3598; x_wconf 78' lang='lat' dir='ltr'><strong>cordis</strong></span> 
     </span>
    </p>
   </div>
   <div class='ocr_carea' id='block_1_100' title="bbox 2348 3616 3859 3702">
    <p class='ocr_par' dir='ltr' id='par_1_100' title="bbox 2348 3616 3859 3702">
     <span class='ocr_line' id='line_1_101' title="bbox 2348 3616 3859 3702; baseline 0.011 -32"><span class='ocrx_word' id='word_1_744' title='bbox 2348 3617 2524 3671; x_wconf 87' lang='lat' dir='ltr'><strong>nostri</strong></span> <span class='ocrx_word' id='word_1_745' title='bbox 2581 3616 2940 3673; x_wconf 85' lang='lat' dir='ltr'><strong>domicilium.</strong></span> <span class='ocrx_word' id='word_1_746' title='bbox 2982 3637 3000 3670; x_wconf 76' lang='grc' dir='ltr'><strong>ι</strong></span> <span class='ocrx_word' id='word_1_747' title='bbox 3077 3619 3184 3677; x_wconf 85' lang='lat' dir='ltr'><strong>Ubi</strong></span> <span class='ocrx_word' id='word_1_748' title='bbox 3254 3626 3322 3681; x_wconf 91' lang='lat' dir='ltr'><strong>de</strong></span> <span class='ocrx_word' id='word_1_749' title='bbox 3377 3628 3651 3699; x_wconf 90' lang='lat' dir='ltr'><strong>Domino,</strong></span> <span class='ocrx_word' id='word_1_750' title='bbox 3701 3633 3778 3702; x_wconf 89' lang='lat' dir='ltr'><strong>qui</strong></span> <span class='ocrx_word' id='word_1_751' title='bbox 3822 3633 3859 3686; x_wconf 85' lang='lat' dir='ltr'><strong>in</strong></span> 
     </span>
    </p>
   </div>
   <div class='ocr_carea' id='block_1_101' title="bbox 2348 3706 3859 3790">
    <p class='ocr_par' dir='ltr' id='par_1_101' title="bbox 2348 3706 3859 3790">
     <span class='ocr_line' id='line_1_102' title="bbox 2348 3706 3859 3790; baseline 0.011 -30"><span class='ocrx_word' id='word_1_752' title='bbox 2348 3721 2512 3761; x_wconf 71' lang='lat' dir='ltr'><strong>carne</strong></span> <span class='ocrx_word' id='word_1_753' title='bbox 2554 3706 2667 3761; x_wconf 90' lang='lat' dir='ltr'><strong>sive</strong></span> <span class='ocrx_word' id='word_1_754' title='bbox 2717 3716 2910 3763; x_wconf 88' lang='lat' dir='ltr'><strong>natura</strong></span> <span class='ocrx_word' id='word_1_755' title='bbox 2952 3709 3192 3769; x_wconf 89' lang='lat' dir='ltr'><strong>humana</strong></span> <span class='ocrx_word' id='word_1_756' title='bbox 3231 3732 3290 3771; x_wconf 89' lang='lat' dir='ltr'><strong>se</strong></span> <span class='ocrx_word' id='word_1_757' title='bbox 3347 3721 3748 3790; x_wconf 77' lang='lat' dir='ltr'><strong>manifestavit,</strong></span> <span class='ocrx_word' id='word_1_758' title='bbox 3789 3724 3859 3777; x_wconf 82' lang='lat' dir='ltr'><strong>hoc</strong></span> 
     </span>
    </p>
   </div>
   <div class='ocr_carea' id='block_1_102' title="bbox 2346 3798 3859 3886">
    <p class='ocr_par' dir='ltr' id='par_1_102' title="bbox 2346 3798 3859 3886">
     <span class='ocr_line' id='line_1_103' title="bbox 2346 3798 3859 3886; baseline 0.009 -32"><span class='ocrx_word' id='word_1_759' title='bbox 2346 3807 2431 3854; x_wconf 89' lang='lat' dir='ltr'><strong>est</strong></span> <span class='ocrx_word' id='word_1_760' title='bbox 2487 3799 2554 3855; x_wconf 92' lang='lat' dir='ltr'><strong>de</strong></span> <span class='ocrx_word' id='word_1_761' title='bbox 2631 3798 2770 3855; x_wconf 89' lang='lat' dir='ltr'><strong>Filio</strong></span> <span class='ocrx_word' id='word_1_762' title='bbox 2841 3799 2970 3869; x_wconf 89' lang='lat' dir='ltr'><strong>Dei,</strong></span> <span class='ocrx_word' id='word_1_763' title='bbox 3039 3805 3243 3863; x_wconf 89' lang='lat' dir='ltr'><strong>diserte</strong></span> <span class='ocrx_word' id='word_1_764' title='bbox 3311 3809 3598 3881; x_wconf 89' lang='lat' dir='ltr'><strong>loquitur,</strong></span> <span class='ocrx_word' id='word_1_765' title='bbox 3677 3832 3859 3886; x_wconf 84' lang='lat' dir='ltr'><strong>eumque</strong></span> 
     </span>
    </p>
   </div>
   <div class='ocr_carea' id='block_1_103' title="bbox 2352 3887 3858 3978">
    <p class='ocr_par' dir='ltr' id='par_1_103' title="bbox 2352 3887 3858 3978">
     <span class='ocr_line' id='line_1_104' title="bbox 2352 3887 3858 3978; baseline 0.012 -38"><span class='ocrx_word' id='word_1_766' title='bbox 2352 3907 2369 3939; x_wconf 81' lang='grc' dir='ltr'><strong>ι</strong></span> <span class='ocrx_word' id='word_1_767' title='bbox 2409 3887 2700 3943; x_wconf 89' lang='lat' dir='ltr'><strong>Dominum</strong></span> <span class='ocrx_word' id='word_1_768' title='bbox 2735 3889 2788 3944; x_wconf 89' lang='lat' dir='ltr'><strong>in</strong></span> <span class='ocrx_word' id='word_1_769' title='bbox 2819 3892 3079 3949; x_wconf 87' lang='lat' dir='ltr'><strong>cordibus</strong></span> <span class='ocrx_word' id='word_1_770' title='bbox 3126 3908 3474 3970; x_wconf 86' lang='lat' dir='ltr'><strong>sanctorum,</strong></span> <span class='ocrx_word' id='word_1_771' title='bbox 3517 3925 3537 3958; x_wconf 72' lang='grc' dir='ltr'><strong>ι</strong></span> <span class='ocrx_word' id='word_1_772' title='bbox 3575 3917 3799 3978; x_wconf 85' lang='lat' dir='ltr'><strong>tanquam</strong></span> <span class='ocrx_word' id='word_1_773' title='bbox 3823 3907 3858 3959; x_wconf 92' lang='lat' dir='ltr'><strong>in</strong></span> 
     </span>
    </p>
   </div>
   <div class='ocr_carea' id='block_1_104' title="bbox 2351 3982 3858 4068">
    <p class='ocr_par' dir='ltr' id='par_1_104' title="bbox 2351 3982 3858 4068">
     <span class='ocr_line' id='line_1_105' title="bbox 2351 3982 3858 4068; baseline 0.011 -33"><span class='ocrx_word' id='word_1_774' title='bbox 2351 4000 2369 4033; x_wconf 78' lang='grc' dir='ltr'><strong>ι</strong></span> <span class='ocrx_word' id='word_1_775' title='bbox 2390 3983 2603 4054; x_wconf 81' lang='lat' dir='ltr'><strong>templis</strong></span> <span class='ocrx_word' id='word_1_776' title='bbox 2621 3982 2732 4038; x_wconf 90' lang='lat' dir='ltr'><strong>Deo</strong></span> <span class='ocrx_word' id='word_1_777' title='bbox 2747 3987 3101 4052; x_wconf 88' lang='lat' dir='ltr'><strong>consecratis,</strong></span> <span class='ocrx_word' id='word_1_778' title='bbox 3118 3990 3364 4049; x_wconf 90' lang='lat' dir='ltr'><strong>habitare</strong></span> <span class='ocrx_word' id='word_1_779' title='bbox 3382 3997 3560 4055; x_wconf 90' lang='lat' dir='ltr'><strong>docet.</strong></span> <span class='ocrx_word' id='word_1_780' title='bbox 3575 4021 3592 4052; x_wconf 75' lang='grc' dir='ltr'><strong>ι</strong></span> <span class='ocrx_word' id='word_1_781' title='bbox 3610 4001 3727 4068; x_wconf 64' lang='lat' dir='ltr'><strong>Quae</strong></span> <span class='ocrx_word' id='word_1_782' title='bbox 3742 4000 3858 4056; x_wconf 81' lang='lat' dir='ltr'><strong>verba</strong></span> 
     </span>
    </p>
   </div>
   <div class='ocr_carea' id='block_1_105' title="bbox 2345 4075 3859 4160">
    <p class='ocr_par' dir='ltr' id='par_1_105' title="bbox 2345 4075 3859 4160">
     <span class='ocr_line' id='line_1_106' title="bbox 2345 4075 3859 4160; baseline 0.007 -30"><span class='ocrx_word' id='word_1_783' title='bbox 2345 4083 2457 4130; x_wconf 90' lang='lat' dir='ltr'><strong>tam</strong></span> <span class='ocrx_word' id='word_1_784' title='bbox 2481 4075 2625 4130; x_wconf 89' lang='lat' dir='ltr'><strong>clare</strong></span> <span class='ocrx_word' id='word_1_785' title='bbox 2643 4075 2957 4146; x_wconf 82' lang='lat' dir='ltr'><strong>exprimunt</strong></span> <span class='ocrx_word' id='word_1_786' title='bbox 2977 4077 3217 4134; x_wconf 89' lang='lat' dir='ltr'><strong>divinam</strong></span> <span class='ocrx_word' id='word_1_787' title='bbox 3242 4083 3363 4139; x_wconf 88' lang='lat' dir='ltr'><strong>Filii</strong></span> <span class='ocrx_word' id='word_1_788' title='bbox 3393 4090 3719 4160; x_wconf 89' lang='lat' dir='ltr'><strong>majestatem</strong></span> <span class='ocrx_word' id='word_1_789' title='bbox 3741 4101 3859 4159; x_wconf 83' lang='lat' dir='ltr'><strong>atque</strong></span> 
     </span>
    </p>
   </div>
   <div class='ocr_carea' id='block_1_106' title="bbox 2345 4169 3857 4250">
    <p class='ocr_par' dir='ltr' id='par_1_106' title="bbox 2345 4169 3857 4250">
     <span class='ocr_line' id='line_1_107' title="bbox 2345 4169 3857 4250; baseline 0.007 -25"><span class='ocrx_word' id='word_1_790' title='bbox 2345 4169 2866 4239; x_wconf 76' lang='lat' dir='ltr'><strong>omnipraesentiam,</strong></span> <span class='ocrx_word' id='word_1_791' title='bbox 2894 4179 2954 4225; x_wconf 92' lang='lat' dir='ltr'><strong>ut</strong></span> <span class='ocrx_word' id='word_1_792' title='bbox 2991 4183 3180 4230; x_wconf 90' lang='lat' dir='ltr'><strong>nostra</strong></span> <span class='ocrx_word' id='word_1_793' title='bbox 3212 4180 3578 4250; x_wconf 80' lang='lat' dir='ltr'><strong>explicatione</strong></span> <span class='ocrx_word' id='word_1_794' title='bbox 3617 4202 3714 4240; x_wconf 89' lang='lat' dir='ltr'><strong>non</strong></span> <span class='ocrx_word' id='word_1_795' title='bbox 3753 4184 3857 4240; x_wconf 39' lang='lat' dir='ltr'><strong>indie</strong></span> 
     </span>
    </p>
   </div>
   <div class='ocr_carea' id='block_1_107' title="bbox 2345 4261 3859 4340">
    <p class='ocr_par' dir='ltr' id='par_1_107' title="bbox 2345 4261 3859 4340">
     <span class='ocr_line' id='line_1_108' title="bbox 2345 4261 3859 4340; baseline 0.009 -22"><span class='ocrx_word' id='word_1_796' title='bbox 2345 4272 2527 4335; x_wconf 74' lang='lat' dir='ltr'><strong>geant.</strong></span> <span class='ocrx_word' id='word_1_797' title='bbox 2577 4261 2778 4318; x_wconf 81' lang='lat' dir='ltr'><strong>Notatu</strong></span> <span class='ocrx_word' id='word_1_798' title='bbox 2823 4279 3040 4336; x_wconf 91' lang='lat' dir='ltr'><strong>quoque</strong></span> <span class='ocrx_word' id='word_1_799' title='bbox 3083 4267 3248 4340; x_wconf 79' lang='lat' dir='ltr'><strong>digna</strong></span> <span class='ocrx_word' id='word_1_800' title='bbox 3295 4286 3424 4332; x_wconf 90' lang='lat' dir='ltr'><strong>sunt</strong></span> <span class='ocrx_word' id='word_1_801' title='bbox 3454 4283 3614 4337; x_wconf 85' lang='lat' dir='ltr'><strong>verba</strong></span> <span class='ocrx_word' id='word_1_802' title='bbox 3654 4278 3859 4333; x_wconf 69' lang='lat' dir='ltr'><strong>Barnaba</strong></span> 
     </span>
    </p>
   </div>
   <div class='ocr_carea' id='block_1_108' title="bbox 2333 4501 3856 4589">
    <p class='ocr_par' dir='ltr' id='par_1_108' title="bbox 2333 4501 3856 4589">
     <span class='ocr_line' id='line_1_109' title="bbox 2333 4501 3856 4589; baseline 0.004 -33"><span class='ocrx_word' id='word_1_803' title='bbox 2333 4503 2503 4589; x_wconf 75' lang='grc' dir='ltr'>ᾖλιον,</span> <span class='ocrx_word' id='word_1_804' title='bbox 2521 4501 2678 4589; x_wconf 68' lang='grc' dir='ltr'>ἔργον</span> <span class='ocrx_word' id='word_1_805' title='bbox 2701 4501 2899 4589; x_wconf 58' lang='grc' dir='ltr'>χείρόξν</span> <span class='ocrx_word' id='word_1_806' title='bbox 2923 4503 3087 4589; x_wconf 72' lang='grc' dir='ltr'>αὐτοῦ</span> <span class='ocrx_word' id='word_1_807' title='bbox 3113 4505 3446 4589; x_wconf 26' lang='grc' dir='ltr'>ὑξτᾲρχοντᾳα,</span> <span class='ocrx_word' id='word_1_808' title='bbox 3479 4513 3763 4584; x_wconf 79' lang='grc' dir='ltr'>βλέποντες,</span> <span class='ocrx_word' id='word_1_809' title='bbox 3786 4511 3856 4563; x_wconf 77' lang='grc' dir='ltr'><strong>οὐκ</strong></span> 
     </span>
    </p>
   </div>
   <div class='ocr_carea' id='block_1_109' title="bbox 2338 4573 3850 4656">
    <p class='ocr_par' dir='ltr' id='par_1_109' title="bbox 2338 4573 3850 4656">
     <span class='ocr_line' id='line_1_110' title="bbox 2338 4573 3850 4656; baseline 0.006 -29"><span class='ocrx_word' id='word_1_810' title='bbox 2338 4573 2611 4656; x_wconf 53' lang='grc' dir='ltr'>ισχύουσιν</span> <span class='ocrx_word' id='word_1_811' title='bbox 2635 4573 2714 4636; x_wconf 85' lang='grc' dir='ltr'><strong>εἰς</strong></span> <span class='ocrx_word' id='word_1_812' title='bbox 2746 4574 3167 4656; x_wconf 39' lang='grc' dir='ltr'>(ἕκτξναςοαὺτοῢ</span> <span class='ocrx_word' id='word_1_813' title='bbox 3206 4573 3666 4656; x_wconf 62' lang='grc' dir='ltr'>ἀντοφθαλξιῆσαι.</span> <span class='ocrx_word' id='word_1_814' title='bbox 3726 4573 3850 4652; x_wconf 75' lang='lat' dir='ltr'><strong>Epist.</strong></span> 
     </span>
    </p>
   </div>
   <div class='ocr_carea' id='block_1_110' title="bbox 2335 4643 3852 4727">
    <p class='ocr_par' dir='ltr' id='par_1_110' title="bbox 2335 4643 3852 4727">
     <span class='ocr_line' id='line_1_111' title="bbox 2335 4643 3852 4727; baseline 0.004 -29"><span class='ocrx_word' id='word_1_815' title='bbox 2335 4643 2526 4727; x_wconf 47' lang='lat' dir='ltr'><strong>nam,</strong></span> <span class='ocrx_word' id='word_1_816' title='bbox 2584 4659 2706 4727; x_wconf 75' lang='lat' dir='ltr'><strong>cap.</strong></span> <span class='ocrx_word' id='word_1_817' title='bbox 2752 4643 2806 4699; x_wconf 83' lang='grc'>5.</span> <span class='ocrx_word' id='word_1_818' title='bbox 2853 4643 3066 4727; x_wconf 69' lang='lat' dir='ltr'><strong>Pieriae</strong></span> <span class='ocrx_word' id='word_1_819' title='bbox 3108 4661 3313 4727; x_wconf 83' lang='lat' dir='ltr'><strong>potest,</strong></span> <span class='ocrx_word' id='word_1_820' title='bbox 3348 4643 3426 4710; x_wconf 84' lang='grc' dir='ltr'><strong>ἰιι</strong></span> <span class='ocrx_word' id='word_1_821' title='bbox 3475 4643 3599 4727; x_wconf 70' lang='lat' dir='ltr'><strong>quis</strong></span> <span class='ocrx_word' id='word_1_822' title='bbox 3644 4643 3852 4727; x_wconf 70' lang='lat' dir='ltr'><strong>validiora</strong></span> 
     </span>
    </p>
   </div>
   <div class='ocr_carea' id='block_1_111' title="bbox 2335 4714 3849 4802">
    <p class='ocr_par' dir='ltr' id='par_1_111' title="bbox 2335 4714 3849 4802">
     <span class='ocr_line' id='line_1_112' title="bbox 2335 4714 3849 4802; baseline 0.001 -32"><span class='ocrx_word' id='word_1_823' title='bbox 2335 4715 2547 4802; x_wconf 36' lang='lat' dir='ltr'><strong>aderat</strong></span> <span class='ocrx_word' id='word_1_824' title='bbox 2563 4714 2760 4802; x_wconf 55' lang='lat' dir='ltr'><strong>verba,</strong></span> <span class='ocrx_word' id='word_1_825' title='bbox 2787 4729 2912 4802; x_wconf 43' lang='lat' dir='ltr'><strong>pro.</strong></span> <span class='ocrx_word' id='word_1_826' title='bbox 2927 4801 2934 4802; x_wconf 12' lang='grc' dir='ltr'>ί</span> <span class='ocrx_word' id='word_1_827' title='bbox 2950 4714 3237 4802; x_wconf 61' lang='lat' dir='ltr'><strong>divinitate</strong></span> <span class='ocrx_word' id='word_1_828' title='bbox 3295 4714 3473 4802; x_wconf 78' lang='lat' dir='ltr'><strong>atque</strong></span> <span class='ocrx_word' id='word_1_829' title='bbox 3495 4714 3849 4796; x_wconf 67' lang='lat' dir='ltr'><strong>&#39;przeexistentia</strong></span> 
     </span>
    </p>
   </div>
   <div class='ocr_carea' id='block_1_112' title="bbox 2334 4783 3853 4868">
    <p class='ocr_par' dir='ltr' id='par_1_112' title="bbox 2334 4783 3853 4868">
     <span class='ocr_line' id='line_1_113' title="bbox 2334 4783 3853 4868; baseline 0.001 -21"><span class='ocrx_word' id='word_1_830' title='bbox 2334 4785 2600 4868; x_wconf 40' lang='lat' dir='ltr'><strong>FiliiDei,</strong></span> <span class='ocrx_word' id='word_1_831' title='bbox 2629 4783 2759 4868; x_wconf 55' lang='grc' dir='ltr'><strong>δεξεμ</strong></span> <span class='ocrx_word' id='word_1_832' title='bbox 2786 4783 3046 4868; x_wconf 47' lang='lat' dir='ltr'><strong>Christi}.</strong></span> <span class='ocrx_word' id='word_1_833' title='bbox 3078 4799 3133 4844; x_wconf 86' lang='lat' dir='ltr'><strong>et</strong></span> <span class='ocrx_word' id='word_1_834' title='bbox 3175 4793 3338 4848; x_wconf 87' lang='lat' dir='ltr'><strong>simul</strong></span> <span class='ocrx_word' id='word_1_835' title='bbox 3369 4783 3620 4853; x_wconf 52' lang='lat' dir='ltr'><strong>&#39;nobi&#39;lem</strong></span> <span class='ocrx_word' id='word_1_836' title='bbox 3657 4799 3779 4868; x_wconf 85' lang='lat' dir='ltr'><strong>hanc</strong></span> <span class='ocrx_word' id='word_1_837' title='bbox 3809 4805 3853 4843; x_wconf 78' lang='lat' dir='ltr'><strong>ac</strong></span> 
     </span>
    </p>
   </div>
   <div class='ocr_carea' id='block_1_113' title="bbox 2336 4853 3851 4928">
    <p class='ocr_par' dir='ltr' id='par_1_113' title="bbox 2336 4853 3851 4928">
     <span class='ocr_line' id='line_1_114' title="bbox 2336 4853 3851 4928; baseline 0.001 -16"><span class='ocrx_word' id='word_1_838' title='bbox 2336 4857 2625 4913; x_wconf 88' lang='lat' dir='ltr'><strong>sublimem</strong></span> <span class='ocrx_word' id='word_1_839' title='bbox 2658 4853 2958 4928; x_wconf 84' lang='lat' dir='ltr'><strong>Salvatoris</strong></span> <span class='ocrx_word' id='word_1_840' title='bbox 2995 4857 3196 4928; x_wconf 81' lang='lat' dir='ltr'><strong>ideam,</strong></span> <span class='ocrx_word' id='word_1_841' title='bbox 3227 4881 3352 4919; x_wconf 90' lang='lat' dir='ltr'><strong>cum</strong></span> <span class='ocrx_word' id='word_1_842' title='bbox 3391 4870 3609 4924; x_wconf 75' lang='lat' dir='ltr'><strong>notione</strong></span> <span class='ocrx_word' id='word_1_843' title='bbox 3655 4867 3851 4920; x_wconf 75' lang='lat' dir='ltr'><strong>humana</strong></span> 
     </span>
    </p>
   </div>
   <div class='ocr_carea' id='block_1_114' title="bbox 2335 4927 3848 5008">
    <p class='ocr_par' dir='ltr' id='par_1_114' title="bbox 2335 4927 3848 5008">
     <span class='ocr_line' id='line_1_115' title="bbox 2335 4927 3848 5008; baseline 0.003 -26"><span class='ocrx_word' id='word_1_844' title='bbox 2335 4936 2541 5008; x_wconf 73' lang='lat' dir='ltr'><strong>nostra:</strong></span> <span class='ocrx_word' id='word_1_845' title='bbox 2580 4935 2788 5006; x_wconf 78' lang='lat' dir='ltr'><strong>naturae</strong></span> <span class='ocrx_word' id='word_1_846' title='bbox 2829 4927 3320 5008; x_wconf 70' lang='lat' dir='ltr'><strong>uniat?_Ca_a_tei-um</strong></span> <span class='ocrx_word' id='word_1_847' title='bbox 3364 4939 3574 5008; x_wconf 71' lang='lat' dir='ltr'><strong>ppinor</strong></span> <span class='ocrx_word' id='word_1_848' title='bbox 3625 4945 3848 5008; x_wconf 81' lang='lat' dir='ltr'><strong>auctorem</strong></span> 
     </span>
    </p>
   </div>
   <div class='ocr_carea' id='block_1_115' title="bbox 2337 4997 3847 5080">
    <p class='ocr_par' dir='ltr' id='par_1_115' title="bbox 2337 4997 3847 5080">
     <span class='ocr_line' id='line_1_116' title="bbox 2337 4997 3847 5080; baseline 0.001 -27"><span class='ocrx_word' id='word_1_849' title='bbox 2337 4997 2486 5080; x_wconf 65' lang='lat' dir='ltr'><strong>hunc</strong></span> <span class='ocrx_word' id='word_1_850' title='bbox 2525 4997 2953 5080; x_wconf 34' lang='lat' dir='ltr'><strong>respexisse‘bic</strong></span> <span class='ocrx_word' id='word_1_851' title='bbox 2983 4999 3051 5053; x_wconf 89' lang='lat' dir='ltr'><strong>ad</strong></span> <span class='ocrx_word' id='word_1_852' title='bbox 3084 5003 3322 5080; x_wconf 74' lang='lat' dir='ltr'><strong>aliquem</strong></span> <span class='ocrx_word' id='word_1_853' title='bbox 3358 4997 3659 5080; x_wconf 68' lang='lat' dir='ltr'><strong>scripturae</strong></span> <span class='ocrx_word' id='word_1_854' title='bbox 3689 5007 3847 5079; x_wconf 82' lang='lat' dir='ltr'><strong>locum.</strong></span> 
     </span>
    </p>
   </div>
   <div class='ocr_carea' id='block_1_116' title="bbox 2337 5065 3848 5140">
    <p class='ocr_par' dir='ltr' id='par_1_116' title="bbox 2337 5065 3848 5140">
     <span class='ocr_line' id='line_1_117' title="bbox 2337 5065 3848 5140; baseline 0.003 -18"><span class='ocrx_word' id='word_1_855' title='bbox 2337 5069 2430 5123; x_wconf 88' lang='lat' dir='ltr'><strong>ubi</strong></span> <span class='ocrx_word' id='word_1_856' title='bbox 2454 5065 2692 5139; x_wconf 73' lang='lat' dir='ltr'><strong>Spiritus</strong></span> <span class='ocrx_word' id='word_1_857' title='bbox 2694 5075 2932 5140; x_wconf 85' lang='lat' dir='ltr'><strong>_sanctus</strong></span> <span class='ocrx_word' id='word_1_858' title='bbox 2948 5084 3049 5124; x_wconf 86' lang='lat' dir='ltr'><strong>nos</strong></span> <span class='ocrx_word' id='word_1_859' title='bbox 3065 5065 3244 5140; x_wconf 79' lang='lat' dir='ltr'><strong>docet,</strong></span> <span class='ocrx_word' id='word_1_860' title='bbox 3266 5078 3319 5130; x_wconf 89' lang='lat' dir='ltr'><strong>in</strong></span> <span class='ocrx_word' id='word_1_861' title='bbox 3347 5065 3508 5134; x_wconf 72' lang='lat' dir='ltr'><strong>terris</strong></span> <span class='ocrx_word' id='word_1_862' title='bbox 3531 5079 3770 5133; x_wconf 87' lang='lat' dir='ltr'><strong>neminem</strong></span> <span class='ocrx_word' id='word_1_863' title='bbox 3793 5072 3848 5123; x_wconf 75' lang='lat' dir='ltr'><strong>vi-</strong></span> 
     </span>
    </p>
   </div>
   <div class='ocr_carea' id='block_1_117' title="bbox 2335 5135 3845 5222">
    <p class='ocr_par' dir='ltr' id='par_1_117' title="bbox 2335 5135 3845 5222">
     <span class='ocr_line' id='line_1_118' title="bbox 2335 5135 3845 5222; baseline -0.001 -27"><span class='ocrx_word' id='word_1_864' title='bbox 2335 5140 2470 5222; x_wconf 38' lang='lat' dir='ltr'><strong>dere.</strong></span> <span class='ocrx_word' id='word_1_865' title='bbox 2500 5135 2885 5222; x_wconf 53' lang='lat' dir='ltr'><strong>posse&#39;PtDlm.</strong></span> <span class='ocrx_word' id='word_1_866' title='bbox 2906 5141 3062 5222; x_wconf 54' lang='grc' dir='ltr'>,γιιιίη</span> <span class='ocrx_word' id='word_1_867' title='bbox 3108 5135 3242 5222; x_wconf 52' lang='lat' dir='ltr'><strong>post:</strong></span> <span class='ocrx_word' id='word_1_868' title='bbox 3275 5148 3415 5222; x_wconf 85' lang='lat' dir='ltr'><strong>hanc</strong></span> <span class='ocrx_word' id='word_1_869' title='bbox 3450 5151 3708 5222; x_wconf 80' lang='lat' dir='ltr'><strong>visionem</strong></span> <span class='ocrx_word' id='word_1_870' title='bbox 3739 5143 3845 5219; x_wconf 79' lang='lat' dir='ltr'><strong>illico</strong></span> 
     </span>
    </p>
   </div>
   <div class='ocr_carea' id='block_1_118' title="bbox 2336 5208 3843 5292">
    <p class='ocr_par' dir='ltr' id='par_1_118' title="bbox 2336 5208 3843 5292">
     <span class='ocr_line' id='line_1_119' title="bbox 2336 5208 3843 5292; baseline 0.001 -30"><span class='ocrx_word' id='word_1_871' title='bbox 2336 5208 2623 5292; x_wconf 72' lang='lat' dir='ltr'><strong>moriatur.</strong></span> <span class='ocrx_word' id='word_1_872' title='bbox 2656 5208 2769 5262; x_wconf 85' lang='lat' dir='ltr'><strong>Hoc</strong></span> <span class='ocrx_word' id='word_1_873' title='bbox 2801 5208 3001 5292; x_wconf 75' lang='lat' dir='ltr'><strong>posito,</strong></span> <span class='ocrx_word' id='word_1_874' title='bbox 3035 5208 3389 5292; x_wconf 55' lang='lat' dir='ltr'><strong>ex&#39;adductis</strong></span> <span class='ocrx_word' id='word_1_875' title='bbox 3425 5223 3588 5290; x_wconf 89' lang='lat' dir='ltr'><strong>hujus</strong></span> <span class='ocrx_word' id='word_1_876' title='bbox 3617 5214 3843 5292; x_wconf 76' lang='lat' dir='ltr'><strong>scriptoris</strong></span> 
     </span>
    </p>
   </div>
   <div class='ocr_carea' id='block_1_119' title="bbox 2333 5279 3842 5364">
    <p class='ocr_par' dir='ltr' id='par_1_119' title="bbox 2333 5279 3842 5364">
     <span class='ocr_line' id='line_1_120' title="bbox 2333 5279 3842 5364; baseline 0.002 -32"><span class='ocrx_word' id='word_1_877' title='bbox 2333 5281 2514 5364; x_wconf 69' lang='lat' dir='ltr'><strong>yerbis</strong></span> <span class='ocrx_word' id='word_1_878' title='bbox 2546 5282 2619 5335; x_wconf 88' lang='lat' dir='ltr'><strong>ita</strong></span> <span class='ocrx_word' id='word_1_879' title='bbox 2642 5279 2990 5364; x_wconf 67' lang='lat' dir='ltr'><strong>comprobata</strong></span> <span class='ocrx_word' id='word_1_880' title='bbox 3017 5295 3263 5364; x_wconf 69' lang='lat' dir='ltr'><strong>remanet</strong></span> <span class='ocrx_word' id='word_1_881' title='bbox 3285 5279 3585 5348; x_wconf 64' lang='lat' dir='ltr'><strong>orthodéxa</strong></span> <span class='ocrx_word' id='word_1_882' title='bbox 3609 5279 3842 5362; x_wconf 65' lang='lat' dir='ltr'><strong>ejus&#39;circa</strong></span> 
     </span>
    </p>
   </div>
   <div class='ocr_carea' id='block_1_120' title="bbox 2329 5348 3840 5474">
    <p class='ocr_par' dir='ltr' id='par_1_120' title="bbox 2329 5348 3840 5474">
     <span class='ocr_line' id='line_1_121' title="bbox 2329 5348 3840 5474; baseline 0.002 -70"><span class='ocrx_word' id='word_1_883' title='bbox 2329 5349 2657 5474; x_wconf 49' lang='lat' dir='ltr'><strong>ﬁggadogma</strong></span> <span class='ocrx_word' id='word_1_884' title='bbox 2681 5348 2836 5414; x_wconf 82' lang='lat' dir='ltr'><strong>ﬁdes,</strong></span> <span class='ocrx_word' id='word_1_885' title='bbox 2865 5359 2922 5403; x_wconf 86' lang='lat' dir='ltr'><strong>ut</strong></span> <span class='ocrx_word' id='word_1_886' title='bbox 2947 5350 3013 5404; x_wconf 91' lang='lat' dir='ltr'><strong>de</strong></span> <span class='ocrx_word' id='word_1_887' title='bbox 3039 5351 3131 5407; x_wconf 87' lang='lat' dir='ltr'><strong>illa</strong></span> <span class='ocrx_word' id='word_1_888' title='bbox 3155 5358 3407 5416; x_wconf 85' lang='lat' dir='ltr'><strong>dubitare</strong></span> <span class='ocrx_word' id='word_1_889' title='bbox 3433 5348 3659 5434; x_wconf 71' lang='lat' dir='ltr'><strong>amplius</strong></span> <span class='ocrx_word' id='word_1_890' title='bbox 3683 5350 3840 5412; x_wconf 84' lang='lat' dir='ltr'><strong>nemini</strong></span> 
     </span>
    </p>
   </div>
   <div class='ocr_carea' id='block_1_121' title="bbox 2351 5437 2510 5476">
    <p class='ocr_par' dir='ltr' id='par_1_121' title="bbox 2351 5437 2510 5476">
     <span class='ocr_line' id='line_1_122' title="bbox 2351 5437 2510 5476; baseline 0.013 -2"><span class='ocrx_word' id='word_1_891' title='bbox 2351 5437 2510 5476; x_wconf 80' lang='lat' dir='ltr'><strong>lceat.</strong></span> 
     </span>
    </p>
   </div>
   <div class='ocr_carea' id='block_1_122' title="bbox 2397 5491 3720 5632">
    <p class='ocr_par' dir='ltr' id='par_1_122' title="bbox 2397 5491 3720 5632">
     <span class='ocr_line' id='line_1_123' title="bbox 2400 5491 3720 5572; baseline 0.01 -28"><span class='ocrx_word' id='word_1_892' title='bbox 2400 5492 2511 5563; x_wconf 77' lang='grc'><strong>(15)</strong></span> <span class='ocrx_word' id='word_1_893' title='bbox 2551 5491 2724 5561; x_wconf 88' lang='lat' dir='ltr'><strong>Epist.</strong></span> <span class='ocrx_word' id='word_1_894' title='bbox 2761 5499 2825 5553; x_wconf 92' lang='lat' dir='ltr'><strong>ad</strong></span> <span class='ocrx_word' id='word_1_895' title='bbox 2850 5498 3090 5566; x_wconf 87' lang='lat' dir='ltr'><strong>Coloss.,</strong></span> <span class='ocrx_word' id='word_1_896' title='bbox 3129 5513 3251 5568; x_wconf 84' lang='lat' dir='ltr'><strong>cap.</strong></span> <span class='ocrx_word' id='word_1_897' title='bbox 3280 5517 3322 5569; x_wconf 84' lang='grc' dir='ltr'><strong>ι,</strong></span> <span class='ocrx_word' id='word_1_898' title='bbox 3359 5519 3503 5561; x_wconf 87' lang='lat' dir='ltr'><strong>vers.</strong></span> <span class='ocrx_word' id='word_1_899' title='bbox 3533 5501 3720 5572; x_wconf 71' lang='lat'><strong>16,”.</strong></span> 
     </span>
     <span class='ocr_line' id='line_1_124' title="bbox 2397 5562 2789 5632; baseline 0.018 -17"><span class='ocrx_word' id='word_1_900' title='bbox 2397 5563 2511 5632; x_wconf 82' lang='lat' dir='ltr'><strong>(ib)</strong></span> <span class='ocrx_word' id='word_1_901' title='bbox 2541 5562 2674 5632; x_wconf 87' lang='lat' dir='ltr'><strong>Cap.</strong></span> <span class='ocrx_word' id='word_1_902' title='bbox 2705 5567 2789 5622; x_wconf 74' lang='grc'><strong>12.</strong></span> 
     </span>
    </p>
   </div>
   <div class='ocr_carea' id='block_1_123' title="bbox 2587 5578 2789 5632">
    <p class='ocr_par' dir='ltr' id='par_1_123' title="bbox 2587 5578 2789 5632">
     <span class='ocr_line' id='line_1_125' title="bbox 2587 5578 2789 5632; baseline 0.03 -16"><span class='ocrx_word' id='word_1_903' title='bbox 2587 5578 2674 5632; x_wconf 86' lang='lat' dir='ltr'><strong>ap.</strong></span> <span class='ocrx_word' id='word_1_904' title='bbox 2705 5578 2789 5622; x_wconf 72' lang='lat'><strong>12.</strong></span> 
     </span>
    </p>
   </div>
   <div class='ocr_carea' id='block_1_124' title="bbox 2398 5633 3311 5709">
    <p class='ocr_par' dir='ltr' id='par_1_124' title="bbox 2398 5633 3311 5709">
     <span class='ocr_line' id='line_1_126' title="bbox 2398 5633 3311 5709; baseline 0.013 -23"><span class='ocrx_word' id='word_1_905' title='bbox 2398 5633 2511 5704; x_wconf 83' lang='grc'><strong>(17)</strong></span> <span class='ocrx_word' id='word_1_906' title='bbox 2542 5634 2678 5704; x_wconf 76' lang='lat' dir='ltr'><strong>Cap.</strong></span> <span class='ocrx_word' id='word_1_907' title='bbox 2717 5639 2750 5692; x_wconf 80' lang='lat'><strong>5</strong></span> <span class='ocrx_word' id='word_1_908' title='bbox 2781 5638 2954 5709; x_wconf 86' lang='lat' dir='ltr'><strong>Epist.</strong></span> <span class='ocrx_word' id='word_1_909' title='bbox 2985 5641 3042 5696; x_wconf 87' lang='lat' dir='ltr'><strong>S.</strong></span> <span class='ocrx_word' id='word_1_910' title='bbox 3075 5641 3311 5702; x_wconf 78' lang='lat' dir='ltr'><strong>Barnab.</strong></span> 
     </span>
    </p>
   </div>
  </div>
