4066 6330
279 226 392 280 709

1627 225 1889 282 PROLEG
1898 223 2151 279 OMENA.

3425 234 3525 286 7m

269 348 462 417 capite
494 347 601 403 ηε
638 367 656 400 ι
689 346 826 403 Ecce
870 348 1068 403 iterum
1116 346 1277 405 Iesus
1328 364 1435 404 non
1494 348 1637 404 filius
1695 345 1856 401 Navae
1884 352 1931 407 Α
2023 343 2196 399 Porro
2224 342 2412 399 Jesum
2441 342 2722 399 Christum
2774 358 2884 399 non
2929 346 3107 403 solum
3139 365 3325 404 verum
3357 348 3525 406 Deum

268 438 495 511 (Graece
520 439 730 504 melius,
747 439 860 503 υἱὸς
885 439 1216 511 ἀνθρώπου),
1236 442 1331 497 sed
1363 440 1533 496 Filius
1557 441 1672 503 Dei,
1704 450 1855 495 ante.

269 546 449 601 quam
492 531 544 584 in
579 546 741 585 carne
786 529 1227 585 manifestaretur
1276 531 1424 601 (l8);
1464 550 1483 583 ι
1514 534 1687 602 pergit
1729 546 1857 586 vero

268 622 587 687 Barnabas,
637 623 722 677 loc
755 622 849 677 cit.
893 641 910 674 ι
954 623 1226 689 Quoniam
1273 640 1402 696 ergo
1455 624 1653 679 dicturi
1700 633 1856 679 erant

268 711 565 767 Christum
597 728 719 767 esse
751 714 917 767 tilium
949 714 1189 782 Davidis,
1218 714 1581 771 reformidans
1617 726 1669 770 et
1699 715 1856 769 intel-

268 804 457 875 ligens
490 820 727 859 errorem
761 806 1170 874 sceleratorum,
1226 808 1424 863 iterum
1466 809 1597 863 dicit
1646 808 1851 864 David:

276 914 298 948 ‹
344 895 495 950 Dixit
526 895 785 951 Dominus
820 896 1048 952 Domino
1096 915 1237 965 meo,
1272 919 1290 951 ι
1318 908 1423 955 etc.
1473 899 1593 966 Quo
1636 899 1854 954 Davidis

264 989 427 1044 dicto
462 990 574 1059 jam
619 992 735 1059 ipse
787 990 1033 1046 Salvator
1075 993 1411 1047 divinitatem
1451 1008 1697 1063 persona:
1743 1008 1857 1047 sua:

263 1080 484 1136 Iudaeis
516 1083 904 1148 insinuaverat,
931 1082 1166 1138 Matthaei
1198 1100 1333 1150 xxn,
1365 1085 1453 1138 lii.
1486 1083 1671 1139 Jesum
1697 1084 1859 1139 Chri-

267 1182 429 1227 stum
464 1191 648 1228 verum
690 1174 859 1229 Deum
896 1192 1018 1231 esse
1064 1184 1118 1229 et
1166 1176 1362 1229 Filium
1409 1176 1525 1240 Dei,
1559 1178 1664 1231 alio
1696 1192 1879 1246 argu-.

268 1280 471 1323 mento
500 1278 760 1338 praeterea
792 1270 1147 1335 demonstrat,
1176 1272 1304 1325 dum
1332 1270 1407 1325 ait
1440 1271 1551 1340 (19)
1578 1288 1591 1323 :
1628 1271 1856 1337 Quando

269 1370 469 1414 autem
496 1362 774 1430 apostolos
824 1378 974 1426 suos,
1010 1364 1101 1433 qui
1149 1362 1494 1432 praedicaturi
1528 1373 1681 1417 erant
1712 1364 1857 1417 illius

270 1451 659 1523 Evangelium,
690 1454 867 1524 elegit,
894 1454 1148 1509 homines
1185 1454 1334 1509 omni
1366 1462 1590 1524 peccato
1620 1454 1857 1523 iniquio-

269 1560 394 1611 res,
426 1553 486 1598 ιιι
526 1544 837 1600 ostenderet
886 1547 1028 1615 quod
1078 1561 1185 1600 non
1222 1547 1370 1601 venit
1417 1562 1613 1602 vocare
1651 1547 1854 1615 justos,

270 1636 379 1689 sed
415 1646 728 1705 peccatores
781 1637 847 1691 ad
894 1638 1265 1706 paenitentiam
1289 1680 1305 1705 ,
1344 1648 1475 1693 tunc
1519 1639 1695 1708 palam
1723 1637 1852 1693 fecit

269 1745 341 1784 se
372 1745 494 1784 esse
522 1729 720 1785 Filium
758 1729 853 1785 Dei
892 1730 1004 1802 (20)
1038 1752 1049 1786 :

351 1820 475 1874 Alia
504 1823 667 1875 etiam
700 1822 751 1874 in
784 1821 901 1875 loco
945 1822 1224 1891 sequentia
1252 1823 1440 1879 scribit
1466 1823 1578 1895 (21)
1607 1842 1620 1879 :
1653 1844 1672 1877 ι
1710 1824 1849 1892 Quid

273 1914 483 1969 iterum
517 1915 647 1971 dicit
686 1913 896 1985 Moyses
928 1915 1055 1970 Jesu
1103 1917 1213 1971 ﬁlio
1260 1916 1421 1971 Navae
1471 1917 1693 1989 (Josnte)
1725 1935 1849 1974 eum

268 2006 355 2059 illi
382 2007 682 2076 prophetia:
706 2009 875 2077 gratia
902 2008 1148 2077 praedito,
1176 2009 1225 2064 id
1258 2010 1497 2065 nominis
1529 2012 1849 2080 imponeret,

267 2098 403 2152 ideo
437 2099 633 2165 solum,
664 2108 724 2154 ut
752 2101 933 2155 omnis
976 2101 1210 2170 populus
1260 2102 1600 2172 intelligeret,
1632 2102 1849 2157 Patrem

267 2190 343 2244 de
373 2190 515 2245 Filio
546 2206 645 2245 suo
671 2190 800 2247 Jesu
830 2202 1025 2248 cuncta
1065 2192 1449 2249 manifestasse
1500 2196 1608 2249 tilio
1653 2194 1854 2251 Νεινωῖ

268 2280 539 2350 imposito
562 2282 725 2353 igitur
752 2298 817 2338 eo
850 2284 1069 2338 nomine
1099 2285 1316 2354 quando
1342 2286 1493 2341 misit
1521 2302 1645 2341 eum
1679 2287 1731 2341 in
1761 2304 1856 2343 ex-

266 2372 609 2441 ploratorem
656 2382 845 2441 terrae,
888 2374 1026 2429 dixit
1060 2392 1072 2428 :
1102 2377 1290 2444 Accipe
1328 2375 1519 2429 librum
1564 2377 1618 2430 in
1667 2395 1852 2433 manus

270 2474 423 2529 tuas,
450 2474 500 2518 et
528 2467 693 2520 scribe
713 2483 829 2535 qua:
857 2468 989 2521 dicit
1021 2468 1299 2532 Dominus,
1322 2470 1569 2539 quoniam
1594 2470 1647 2523 in
1674 2471 1853 2525 novis-

269 2558 433 2610 simis
462 2558 641 2611 diebus
677 2557 851 2612 Filius
883 2559 978 2613 Dei
1015 2558 1171 2614 Jesus
1200 2561 1465 2616 exscindet
1510 2578 1542 2615 a
1586 2562 1850 2618 radicibus

269 2666 488 2704 onmem
511 2651 722 2704 domum
744 2652 1003 2707 Amaleci.

348 2863 465 2935 (l8)
493 2863 980 2936 Grziece,_b1_qapxt
1005 2864 1358 2936 φανερωθείς,
1388 2880 1509 2935 qua:
1542 2882 1664 2920 eum
1698 2865 1858 2936 plane

267 2933 520 3006 consona
551 2935 659 2988 sint
685 2933 836 3006 Pauli
867 2933 1045 2990 verbis
1078 2936 1092 2987 I
1125 2933 1263 2990 Tim.
1301 2951 1359 2989 ιιι
1382 2933 1523 3001 ,“16,
1558 2933 1853 3006 Habet-tepu-

267 3005 492 3075 νερὼθη
524 3006 578 3055 ὲν
603 3005 783 3075 σαρκί,
811 3006 878 3059 ad
905 3006 1018 3060 haec
1042 3006 1345 3061 Barnabam
1380 3007 1701 3076 respexisse,
1726 3005 1855 3063 vero

271 3078 424 3131 haud
451 3084 533 3129 est
565 3076 832 3129 absimile.

350 3146 467 3215 (i9)
503 3144 670 3217 Epist.
704 3145 968 3202 Barnaba:
996 3147 1172 3217 capite
1201 3148 1256 3201 5.

344 3217 463 3283 (20)
495 3216 725 3288 Olfeudit
773 3218 859 3270 hic
897 3216 1355 3288 locus’plurimos
1406 3217 1649 3282 criticos,
1697 3216 1855 3286 isque

268 3287 702 3356 reprehensione
740 3290 977 3344 maxima
1008 3287 1204 3355 dignus
1233 3289 1301 3341 ab
1325 3288 1389 3341 iis
1420 3299 1690 3343 censetur.
1719 3288 1854 3355 Quis

270 3360 428 3411 eiiim
457 3358 659 3421 credat,
699 3357 973 3427 inquiunt,
1000 3359 1276 3428 apostolos
1311 3359 1590 3411 hominum
1621 3360 1852 3429 iniquis-

271 3431 451 3483 simus
483 3436 543 3499 et
574 3442 736 3496 super
772 3444 933 3482 omne
978 3438 1256 3499 peceatum
1304 3437 1617 3496 peccatores
1663 3446 1692 3483 a
1734 3430 1852 3483 viro

271 3498 583 3569 apostolico
626 3500 795 3553 fuisse
834 3498 1096 3554 vocatos?
1140 3499 1425 3568 Simplices
1459 3499 1700 3568 quidem,
1753 3516 1851 3553 ru-

272 3570 401 3631 des,
421 3569 717 3637 imperitos,
739 3577 900 3638 atque
926 3571 1172 3625 homines
1198 3569 1466 3623 interdum
1492 3570 1663 3624 malos
1682 3569 1853 3625 fuisse

274 3640 430 3704 illos,
462 3640 513 3691 in
551 3641 722 3693 sacris
748 3638 965 3695 Litteris
998 3642 1227 3708 legimus
1258 3658 1271 3705 ;
1307 3648 1361 3693 at
1391 3650 1701 3707 peceatores
1734 3655 1852 3695 om-

274 3711 437 3764 nium
484 3711 750 3765 maximos
780 3726 875 3765 eos
907 3712 1183 3765 exstitisse
1219 3726 1324 3764 non
1360 3709 1607 3777 legimus.
1655 3712 1848 3764 Annon

275 3781 402 3834 haec
428 3780 609 3849 Opinio
643 3781 693 3832 in
730 3781 901 3849 ipsius
928 3782 1223 3835 Salvatoris
1264 3782 1431 3835 nostri
1462 3781 1848 3836 detrimentum

276 3867 350 3905 ac
385 3851 763 3904 contumeliam
800 3852 1098 3906 redundat?
1145 3850 1201 3905 Si
1233 3852 1375 3905 enim
1408 3849 1657 3907 Christus
1689 3850 1850 3909 Jcsus

274 3921 594 3990 ltujusmodi
627 3922 770 3975 viros
799 3924 865 3975 ad
891 3924 1289 3991 przcdicandum
1315 3936 1471 3992 suum
1497 3920 1849 3992 Evangelium

275 3994 497 4045 mittere
526 3992 801 4055 voluisset,
832 3994 944 4047 haec
971 3993 1162 4047 electio
1190 3991 1503 4047 scandalum
1531 3991 1850 4061 praebuisset

279 4061 525 4116 Hebraéis
554 4064 945 4132 praeoccupatis
968 4064 1081 4133 jam
1130 4073 1183 4117 et
1228 4062 1463 4117 incitatis
1502 4073 1687 4117 contra
1731 4063 1851 4117 Sal-

276 4142 549 4196 vatorem,
575 4133 757 4202 eisque
780 4134 1121 4188 occasionem
1151 4134 1405 4194 dedisset,
1436 4133 1751 4188 detrahendi
1782 4135 1849 4187 de

278 4204 405 4270 ejus
427 4202 568 4274 fama
601 4219 664 4256 ac
698 4204 964 4270 doctrina,
1001 4204 1225 4273 proinde
1253 4213 1306 4258 et
1336 4205 1631 4274 improvide
1670 4207 1722 4257 in
1756 4206 1846 4259 tali

276 4272 548 4328 electione
581 4274 800 4343 egisset,
836 4276 977 4344 quod
1006 4272 1258 4342 cogitare
1293 4274 1358 4328 de
1391 4272 1600 4329 summa
1635 4275 1847 4344 sapien-

277 4347 359 4399 tia
392 4342 764 4411 blasphemum
794 4342 896 4398 est.
935 4342 1135 4397 Verum
1183 4345 1267 4400 his
1303 4346 1621 4401 ratiunculis
1661 4342 1728 4400 ex
1768 4348 1848 4399 vi-

1956 452 2097 503 csse,
2134 436 2228 492 sed
2277 446 2331 491 et
2376 452 2565 491 verum
2613 437 2887 493 hominem
2933 440 3102 497 fuisse
3142 453 3326 513 aperte
3365 446 3529 513 proﬁ-

1960 540 2104 586 tetur
2142 532 2229 587 hic
2277 541 2485 597 auctor,
2513 532 2638 585 dum
2687 533 2818 587 dicit
2860 532 3136 590 Christum
3189 538 3280 591 Dei
3330 522 3545 592 Filium

1958 635 2180 695 propter
2196 641 2297 680 nos
2315 642 2533 695 passum
2557 645 2569 680 :
2598 645 2615 676 ι
2639 624 2693 681 Si
2716 642 2863 698 ergo,
2896 648 2913 680 ›
2936 628 3213 698 inquitille
3232 634 3365 703 (22),
3389 654 3405 685 ι
3434 634 3528 687 Dei

1969 718 2159 783 Filius,
2187 718 2279 788 qui
2325 728 2409 773 est
2449 718 2730 786 Dominus,
2765 720 2856 788 qui
2884 720 3224 789 judicaturus
3259 735 3340 779 est
3378 728 3531 783 vivos

1959 817 2013 864 et
2059 820 2324 876 mortuos,
2353 810 2444 879 qui
2494 826 2690 879 passus
2740 821 2845 875 est,
2876 821 2936 865 ut
2966 814 3119 884 plaga
3151 816 3293 871 illius
3318 819 3527 875 vividos

1959 919 2060 959 nos
2086 903 2704 965 _redderet:credamus
2750 918 2857 957 non
2900 907 3143 974 potuisse
3183 906 3374 963 Filium
3434 910 3529 965 Dei

1957 997 2088 1067 pati,
2113 997 2219 1052 nisi
2261 1008 2479 1066 propter
2516 1012 2638 1063 nos,
2675 996 2768 1051 sed
2798 1006 2851 1053 et
2877 998 3024 1053 cruci
3062 998 3273 1068 afﬁxus,
3305 1011 3455 1058 aceto
3477 1014 3529 1059 et

1968 1090 2091 1144 felle
2121 1089 2439 1158 potabatur.
2483 1108 2501 1141 ι

2025 1182 2319 1252 Postquam
2341 1182 2429 1237 hic
2451 1191 2640 1236 auctor
2664 1182 2883 1253 longum
2907 1192 3151 1238 texuerat
3175 1201 3399 1254 operum
3428 1188 3528 1241 bo—

1959 1288 2152 1327 norum
2184 1281 2237 1326 et
2275 1281 2666 1341 przcceptorum
2712 1275 3041 1343 catalogum,
3072 1290 3135 1328 ac
3181 1278 3363 1331 omnia
3395 1294 3531 1347 pene

1959 1380 2171 1419 morum
2201 1365 2453 1434 dogmata
2487 1366 2809 1434 compendio
2840 1365 3014 1420 fuerat
3043 1368 3382 1437 complexus,
3410 1382 3534 1426 tau-

1958 1456 2077 1512 dem
2104 1456 2169 1510 de
2189 1456 2297 1509 vita
2322 1466 2520 1510 aeterna
2541 1473 2603 1510 ae
2628 1459 3025 1511 resurrectione
3051 1462 3232 1515 carnis
3264 1463 3378 1517 hcce
3407 1466 3532 1518 sub-

1958 1548 2035 1603 dit
2062 1547 2173 1618 (25)
2201 1566 2213 1601 :
2254 1566 2271 1598 ι
2309 1548 2619 1618 Cognosces
2650 1558 2829 1602 autem
2865 1550 2987 1618 quis
3017 1552 3089 1604 sit
3121 1552 3294 1606 bonus
3324 1571 3531 1609 merce-

1959 1640 2044 1695 dis
2071 1639 2383 1695 retrihutor.
2411 1658 2430 1691 ι
2469 1639 2544 1694 De
2567 1641 3067 1710 transgressoribus
3098 1654 3275 1697 autem
3305 1648 3531 1701 manda-

3536 868 3544 928 l

1886 1718 1929 1772 Β
1961 1738 2137 1783 torum
2175 1738 2229 1783 et
2268 1730 2508 1784 studium
2558 1730 2822 1784 bonorum
2870 1746 3096 1799 operum
3137 1734 3531 1803 negligentibus

1961 1820 2036 1874 ait
2060 1820 2171 1890 (24)
2203 1838 2217 1875 :
2254 1839 2272 1871 ι
2304 1818 2419 1874 Non
2450 1829 2853 1888 consequentur
2886 1822 3186 1875 mercedem
3211 1822 3527 1890 justitiaz....

1959 1928 2173 1982 aequum
2216 1913 2380 1981 igitur
2408 1919 2489 1966 est
2528 1920 2588 1965 ut
2630 1912 2807 1967 edocti
2839 1911 3257 1981 justitieationes
3290 1916 3527 1983 Domini,

1957 2013 2223 2074 quotquot
2268 2005 2419 2074 prius
2462 2004 2677 2073 scriptae
2726 2014 2886 2071 sunt,
2929 2005 2980 2060 in
3034 2008 3113 2061 eis
3167 2009 3527 2067 ambulemus.

1957 2097 2060 2164 Qui
2092 2097 2236 2151 enim
2273 2112 2365 2151 eas
2418 2096 2564 2162 facit,
2600 2096 2653 2149 in
2690 2112 2855 2166 regno
2889 2096 2978 2151 Dei
3022 2099 3193 2168 gloria
3229 2104 3530 2157 cumulabi—

1965 2196 2053 2243 tur
2080 2207 2094 2243 :
2124 2189 2217 2259 qui
2240 2204 2367 2242 vero
2393 2188 2498 2242 alia
2526 2188 2767 2258 elegerit,
2794 2189 2956 2243 simul
2980 2207 3102 2244 cum
3132 2193 3385 2260 operibus
3417 2196 3531 2249 suis

1961 2282 2179 2351 peribit.
2241 2281 2530 2351 Propterea
2589 2282 2958 2349 resurrectio,
3025 2296 3309 2354 propterea
3370 2287 3528 2341 retri-

1960 2374 2134 2431 butio.
2182 2393 2200 2428 ι

2031 2467 2155 2523 llaec
2192 2478 2320 2525 sunt
2343 2484 2463 2539 quae
2492 2468 2964 2524 animadversione
2993 2469 3154 2540 digna
3187 2471 3240 2524 in
3267 2471 3369 2527 hac
3401 2472 3526 2543 Epi-

1957 2566 2096 2618 stula
2127 2565 2230 2635 legi
2266 2565 2447 2634 quoad
2478 2565 2697 2635 dogma.

2033 2658 2061 2730 §
2095 2657 2180 2712 lll.
2237 2657 2314 2713 De
2363 2658 2647 2729 baptismo,
2689 2660 3107 2731 justi/icatione,
3148 2671 3251 2716 etc.
3281 2694 3352 2702 -—
3387 2663 3532 2719 Nihil

1965 2869 2173 2951 scilicet
2220 2878 2401 2951 contra
2454 2864 2661 2951 Celsum
2693 2868 2797 2951 lib.
2842 2886 2879 2950 ιε
2912 2869 2939 2951 §
2971 2870 3059 2935 65,
3091 2858 3393 2951 disputans,
3435 2890 3534 2929 au-

1960 2942 2127 2994 ctoris
2160 2947 2331 3011 nostri
2361 2946 2566 2993 dictum
2603 2939 2738 3011 forte
2768 2939 3134 3011 arripientem,
3164 2939 3273 3011 qun
3301 2943 3532 3001 infames

1961 3011 2208 3064 homines
2257 3007 2424 3079 fuisse
2452 3010 2751 3079 apostolos,
2782 3007 3101 3078 publicanos
3128 3007 3195 3064 ct'
3212 3023 3403 3068 nautas
3433 3032 3531 3069 ne-

1959 3080 2257 3152 quissimos
2283 3078 2507 3142 diceret,
2532 3080 2656 3152 (haze
2692 3080 2853 3152 habet
2883 3098 2896 3152 ς
2928 3098 2945 3131 ι
2984 3081 3121 3146 Quid
3147 3097 3276 3152 ergo
3309 3085 3531 3140 absurdi

1958 3148 2061 3224 est,
2088 3148 2326 3224 si‘Jesus
2355 3151 2639 3204 ostendere
2663 3151 2858 3224 volens
2885 3150 3125 3205 humano
3155 3148 3337 3224 generi
3367 3170 3529 3224 quam

1956 3221 2195 3275 eﬂicaeia
2229 3220 2358 3285 sint,
2388 3236 2509 3289 qua:
2539 3220 2744 3274 morbis
2774 3222 3079 3274 animarum
3109 3223 3329 3277 adhibet
3356 3220 3531 3280 reme-

1955 3292 2063 3357 dia,
2105 3289 2333 3362 infantes
2376 3300 2428 3343 et
2482 3290 2846 3362 nequissimos
2891 3291 3131 3361 elegerit,
3184 3294 3414 3362 illosque
3466 3312 3533 3351 eo

1956 3360 2282 3429 provexerit,
2314 3370 2369 3413 ut
2417 3362 2723 3428 pUrissima:
2749 3361 2874 3430 vitae
2905 3360 3211 3430 exemplum
3248 3360 3431 3417 essent
3468 3367 3532 3420 iis

1954 3428 2047 3499 qui
2071 3446 2259 3485 eorum
2307 3431 2611 3500 ministerio
2644 3431 2709 3483 ad
2744 3428 3092 3500 Evangelium
3128 3433 3329 3487 Christi
3361 3436 3531 3488 addu-

1954 3498 2209 3573 cei'entur
2272 3518 2289 3550 ι
2318 3499 2450 3573 _V'ide
2489 3498 2798 3573 Origenem,
2832 3498 3005 3573 virum
3046 3503 3194 3556 illum
3232 3504 3389 3573 longe
3430 3508 3532 3559 do-

1954 3572 2282 3634 etissimum,
2318 3570 2368 3623 in
2402 3586 2511 3638 quo
2559 3579 2707 3623 tanta
2742 3571 2822 3623 vis
2864 3572 3086 3637 ingenii,
3122 3582 3227 3625 tam
3254 3570 3527 3639 profundi,

1956 3650 2062 3696 tam
2096 3641 2257 3701 aeris.
2298 3649 2405 3693 tam
2446 3640 2729 3709 elegantis,
2771 3650 2905 3694 teste
2932 3639 3215 3695 Vincentio
3255 3639 3530 3700 Lirinensi

1954 3712 2008 3765 in
2063 3712 2403 3775 Commonit.,
2458 3710 2714 3780 cap._l7,
2765 3719 2822 3762 ut
2868 3726 3060 3765 omnes
3114 3728 3251 3780 pene
3299 3715 3528 3768 multum

1954 3782 2217 3852 longeque
2250 3778 2549 3849 superaret,
2582 3778 2869 3852 Origenem
2902 3781 3056 3852 nihil
3104 3778 3370 3834 absonum
3407 3784 3532 3839 huic

1954 3849 2234 3907 sententia:
2270 3852 2482 3915 inesse,
2536 3851 2667 3903 nihil
2717 3849 2964 3903 Barnaha
3018 3854 3200 3918 (quem
3249 3863 3529 3907 auctorem

1954 3923 2098 3976 illius
2131 3921 2519 3990 arbitrabatur)
2554 3922 2835 3990 indignum
2885 3922 3185 3976 censuisse.
3215 3919 3400 3990 Neque
3432 3924 3530 3975 ali-

1954 3992 2116 4073 ter_S.
2150 3989 2549 4073 Hieronymus.
2572 3994 2666 4073 qui
2707 3989 3014 4073 Pelagianis
3047 3991 3236 4073 objicit
3278 3989 3525 4073 eamdem

1952 4064 2117 4133 hujus
2162 4060 2401 4117 auctoris
2438 4060 2954 4133 sententiamulihro
3000 4076 3059 4113 ιιι
3102 4071 3297 4133 contra
3342 4062 3527 4132 Pelag.

1951 4135 2005 4198 5,
2028 4130 2092 4197 ⁷2,
2126 4135 2251 4189 licet
2279 4131 2554 4186 memoriae
2581 4131 2732 4199 lapsu
2760 4131 2905 4184 illam
2940 4130 3148 4199 lgnatio
3174 4134 3393 4201 martyri
3431 4130 3530 4186 tri-

1950 4205 2093 4271 buit;
2128 4216 2443 4272 tantumque
2483 4202 2654 4265 abest,
2687 4210 2743 4272 ut
2768 4216 2885 4255 eam
2913 4201 2996 4254 vel
3042 4201 3231 4256 leviter
3278 4211 3445 4270 notet,
3475 4212 3533 4259 ut

1952 4275 2186 4329 maxime
2218 4271 2382 4329 etiam
2404 4274 2576 4341 ipsam
2610 4286 2676 4325 ex
2703 4271 3011 4336 Psalmista,
3039 4272 3232 4340 psalm.
3266 4288 3354 4337 xv,
3386 4288 3439 4327 v.
3470 4274 3527 4338 4,

1952 4346 2307 4410 contirmans,
2338 4345 2417 4397 sic
2448 4344 2661 4396 tandem
2700 4343 2936 4411 graviter
2968 4342 3296 4396 concludat:
3338 4360 3356 4393 ι
3399 4342 3520 4409 Qui-

277 4424 473 4486 rorum
513 4408 759 4471 :alioruin
814 4415 1256 4486 doctissimorum
1305 4417 1571 4471 sententia
1615 4419 1849 4486 primum
1883 4408 1927 4463 Ι)
1954 4415 2055 4471 bus
2081 4408 2403 4486 testimoniis
2430 4414 2612 4486 sinon
2643 4408 2812 4486 uteris
2837 4412 2904 4486 ad
2938 4414 3343 4486 auctoritatem,
3369 4408 3531 4486 utere

280 4485 624 4553 reponimus,
651 4486 786 4538 nihil
818 4486 869 4538 in
904 4484 1199 4553 Scriptnris
1223 4502 1529 4547 occurrere,
1553 4484 1697 4555 quod
1724 4487 1852 4540 huic

277 4555 549 4610 Barnaba:
594 4556 736 4609 dicto
770 4565 1050 4625 repugnet.
1088 4555 1287 4609 Deinde
1321 4573 1447 4611 vero
1480 4559 1607 4625 quid
1651 4560 1849 4624 obstat,

276 4627 420 4695 quin
455 4626 574 4693 ejus
607 4627 769 4680 verba
805 4627 885 4681 sic
928 4625 1282 4694 accipiantur,
1320 4637 1377 4680 ut
1413 4627 1543 4679 nihil
1573 4628 1718 4681 aliud
1764 4642 1855 4683 $0.2

277 4705 442 4761 nent,
465 4712 627 4764 quam
667 4698 965 4766 apostolos,
996 4706 1285 4763 antequam
1326 4706 1670 4763 vocarentur,
1700 4698 1852 4766 plura

277 4777 341 4821 et
370 4768 577 4836 gravia
628 4770 843 4838 quidem
878 4768 1169 4838 peccasse?
1219 4766 1456 4838 ld_sane
1506 4768 1571 4822 de
1606 4767 1854 4823 Matthzeo

281 4837 580 4908 publicano
618 4836 835 4893 constat
875 4836 893 4895 Ξ
928 4838 979 4891 id
1014 4853 1229 4907 quoque
1271 4836 1336 4908 de
1376 4840 1621 4907 apostolo
1650 4838 1851 4905 Paulo;

280 4907 407 4979 Qui,
438 4918 496 4962 ut
523 4909 750 4979 ipsemet
788 4910 853 4963 de
900 4924 958 4964 se
1008 4908 1197 4963 scribit
1228 4908 1243 4960 Ι
1281 4907 1421 4962 Tim.
1475 4925 1593 4978 cap.
1630 4925 1668 4975 ι,
1710 4924 1853 4963 vers.

284 4977 360 5033 15
390 4989 445 5033 et
476 4977 563 5046 i5,
594 4981 799 5049 primus
839 4979 1165 5048 blasphemus
1214 4980 1337 5048 fuit,
1370 4990 1418 5033 et
1456 4977 1772 5048 persecutor,
1806 4988 1855 5033 et

284 5052 720 5117 contumeliosus,
753 5053 953 5121 quique
994 5051 1231 5121 seipsum
1266 5052 1496 5121 appellat
1534 5060 1855 5120 peccaturem

285 5121 542 5189 primum,
573 5123 651 5176 slc
682 5119 931 5191 inquiens
959 5140 972 5175 :
1007 5119 1247 5174 Christus
1274 5119 1427 5175 Iesus
1457 5119 1590 5175 venit
1619 5124 1673 5175 in
1700 5137 1856 5174 mun-

287 5192 420 5262 dum
453 5192 673 5262 "sulcare
721 5202 1035 5262 peccatores,
1083 5207 1302 5259 quorum
1342 5210 1433 5262 ego
1474 5194 1676 5261 primus
1720 5207 1853 5244 sum.

290 5260 416 5327 Quo
441 5261 576 5317 forte
604 5260 869 5333 inprimis
900 5272 1136 5331 respexrt
1165 5260 1385 5327 auctor,
1404 5260 1531 5317 dum
1562 5264 1855 5332 apostolos,

292 5333 613 5403 priusquam
657 5336 1000 5404 eligerentur,
1043 5334 1288 5388 homines
1340 5344 1501 5389 vocat
1552 5334 1700 5388 omni
1735 5348 1859 5404 pec-

290 5413 420 5457 cato
463 5402 760 5473 iniquiores
791 5424 803 5459 :
843 5420 1017 5475 neque
1065 5404 1210 5456 enim
1240 5405 1533 5474 quidquam
1570 5420 1669 5459 nos
1695 5402 1857 5470 cogit,

294 5483 359 5545 nt
390 5474 456 5528 de
486 5478 741 5529 omnibus
766 5489 819 5529 et
839 5474 1066 5545 singulis
1096 5476 1355 5542 apostolis
1385 5476 1436 5528 id
1463 5476 1531 5528 ab
1560 5490 1624 5529 eo
1655 5474 1859 5545 dictum

294 5544 684 5617 intelligamus.
709 5546 847 5612 Quid
876 5543 1021 5617 quod
1047 5546 1183 5599 duos
1213 5546 1669 5599 luculentissimos
1698 5543 1859 5617 hujus

294 5614 369 5669 ab
402 5610 624 5672 auctore
664 5610 847 5672 DOSII‘O
877 5610 1097 5687 prolata:
1122 5617 1400 5669 sententia:
1429 5626 1702 5686 patronos,
1734 5610 1860 5687 Ori-

298 5701 493 5757 genem
536 5697 589 5742 et
637 5683 1017 5760 Hieronymum
1059 5688 1112 5740 in
1159 5683 1739 5757 promptu—habemus.
1769 5683 1860 5739 llle

1956 4486 2147 4540 saltem
2189 4486 2255 4539 ad
2292 4484 2691 4554 antiquitatem,
2723 4483 2849 4551 quid
2899 4497 3090 4536 omnes
3136 4482 3236 4535 viri
3269 4482 3530 4554 ecclesia-

1956 4558 2075 4610 stici
2121 4552 2476 4610 seuserintfi
2509 4552 2680 4607 Porro
2731 4553 3017 4621 utriusque
3063 4552 3373 4607 testimonio
3421 4555 3527 4606 vim

1955 4627 2152 4681 addere
2192 4626 2401 4680 videtur
2445 4623 2501 4679 S.
2557 4623 2793 4677 Joannes
2848 4622 3315 4693 Chrysostomus;
3371 4623 3529 4691 cujus

1955 4699 2118 4751 verba
2152 4697 2276 4751 licet
2311 4698 2376 4750 de
2421 4696 2538 4750 solo
2565 4694 2812 4763 apostolo
2845 4692 3014 4746 Paulo
3043 4692 3355 4759 efferantur,
3391 4695 3527 4747 mire

1956 4775 2135 4821 tamen
2162 4767 2227 4821 ad
2258 4775 2489 4819 mentem
2523 4764 2761 4819 auctoris
2800 4766 2969 4817 nostri
3009 4766 3296 4833 quadrare,
3348 4778 3525 4829 nemo,

1957 4847 2017 4890 ut
2055 4838 2265 4905 opinor,
2297 4837 2418 4890 ierit
2454 4837 2684 4889 inficias.
2734 4834 3037 4905 Sicigigitur
3077 4835 3164 4887 ille
3204 4834 3361 4905 hom.
3394 4834 3427 4886 4
3471 4834 3527 4905 in

1958 4903 2129 4976 Epist.
2158 4908 2226 4960 ad
2251 4906 2387 4961 Tim.
2412 4923 2465 4970 v,
2488 4906 2544 4967 2.
2569 4921 2693 4975 opp.
2729 4913 2765 4958 ι.
2801 4903 2889 4969 ΙΧ,
2922 4922 3042 4975 pag.
3070 4905 3173 4959 569
3202 4922 3215 4957 :
3247 4923 3277 4976 _¢
3310 4903 3367 4957 Si
3401 4904 3525 4972 quis

1956 4974 2085 5047 ergo
2106 4978 2303 5031 dixerit
2329 4978 2464 5031 velle
2493 4974 2671 5046 regem
2695 4977 2951 5047 omnibus
2982 4974 3193 5047 veniam
3227 4974 3376 5047 dare,
3415 4988 3521 5025 non

1958 5044 2066 5101 tam
2098 5048 2254 5102 facile
2285 5048 2525 5111 credent,
2556 5044 2725 5099 donec
2756 5046 2992 5099 viderint
3037 5046 3279 5099 omnium
3322 5044 3526 5110 impro-

1956 5118 2241 5172 bissimum
2291 5117 2505 5171 veniam
2544 5124 2934 5169 consecutum:
2974 5117 3118 5169 nulla
3159 5115 3301 5167 enim
3341 5121 3523 5180 postea

1957 5189 2221 5260 dubitatio
2243 5188 2527 5256 supererit.
2558 5184 2669 5241 Hoc
2692 5196 2751 5260 et
2770 5186 2971 5260 Paulus
2988 5188 3140 5251 dicit,
3164 5184 3306 5260 quod
3332 5196 3524 5260 nempe

1958 5260 2144 5313 volens
2170 5255 2321 5313 Deus
2345 5260 2594 5312 homines
2626 5258 2882 5312 certiores
2925 5257 3124 5321 facere,
3157 5255 3298 5323 quod
3336 5255 3519 5305 omnia

1958 5330 2065 5383 illis
2098 5331 2390 5393 condonet,
2421 5343 2545 5382 eum
2596 5327 2688 5396 qui
2732 5328 3017 5398 plusquam
3068 5338 3256 5382 omnes
3301 5330 3524 5394 peccato

1960 5401 2229 5454 obnoxius
2262 5410 2400 5463 erat,
2426 5399 2641 5468 delegit.
2680 5416 2698 5449 ι

2033 5472 2144 5540 (21)
2177 5471 2346 5540 Epist.
2384 5467 2617 5540 Barnab.
2647 5482 2765 5536 cap.
2807 5467 2893 5523 12.

2033 5542 2145 5609 (‘22)
2176 5539 2333 5606 |hid.,
2362 5556 2481 5608 cap.
2511 5539 2562 5590 7.

2034 5613 2145 5679 (~23)
2179 5609 2339 5680 lbid.,
2370 5626 2487 5677 cap.
2520 5609 2605 5680 te.

2038 5677 2152 5762 (si)
2180 5677 2339 5739 1min.
2365 5696 2485 5749 cap.
2515 5677 2604 5731 ει).
