4066 6330
659 300 755 358 711

657 414 939 483 pulchrius
960 422 1141 484 potest
1160 412 1264 469 dici
1288 413 1356 470 iis
1377 430 1497 486 qum
1521 414 1611 469 hic
1636 415 1800 470 tradit
1823 424 2007 471 noster
2027 424 2218 471 auctor

655 508 721 559 de
773 504 1000 559 mirifica
1034 506 1232 560 virtute
1274 506 1439 560 divini
1480 507 1803 561 sacramenti
1851 507 2215 576 baptismatis.

655 596 822 651 Docet
850 597 993 651 enim
1044 598 1211 667 quod,
1251 599 1469 667 quando
1506 597 1883 653 descendimus
1914 599 1967 653 in
1996 615 2215 669 aquam,

654 688 797 757 pleni
848 704 1038 744 sumus
1077 689 1313 758 peccatis
1359 698 1414 744 et
1460 689 1744 757 sordibus;
1799 691 1891 745 sed
1937 692 2116 746 statim
2153 706 2217 745 ac

652 780 1002 851 emergimus,
1036 781 1329 850 incipimus
1358 776 1589 835 fructum
1622 780 1812 836 aflerre
1861 782 1913 835 in
1959 783 2215 839 cordibus

652 875 854 928 nostris
906 890 999 943 per
1039 874 1288 927 timorem
1344 872 1436 927 Dei
1469 882 1520 927 et
1559 889 1707 942 spem
1741 874 1792 927 in
1833 872 2015 927 Jesuut
2052 874 2215 927 Chri-

652 975 817 1030 stum,
843 981 1005 1035 quam
1032 964 1234 1034 Spiritu
1261 974 1449 1020 sancto
1476 965 1688 1020 afﬂantc
1716 967 1976 1021 habemus
2003 985 2016 1019 :
2055 986 2073 1017 ι
2104 966 2215 1021 Nos

650 1057 1030 1111 descendimus
1085 1057 1303 1126 quidem
1354 1058 1407 1111 in
1461 1073 1659 1126 aquam
1694 1058 1837 1127 pleni
1883 1059 2119 1127 peccatis
2162 1070 2216 1113 et

649 1149 937 1212 sordibus;
970 1148 1093 1202 inde
1124 1158 1301 1201 autem
1338 1149 1666 1218 cmergimus
1711 1147 1945 1202 fructum
1986 1148 2215 1203 afferen-

648 1255 751 1307 tes,
789 1244 841 1297 in
878 1244 1039 1297 corde
1072 1243 1320 1297 timorem
1353 1253 1407 1298 et
1447 1261 1595 1313 spem
1641 1246 1695 1299 in
1725 1245 1909 1301 Jesum
1953 1248 2213 1303 habentes

647 1335 708 1389 in
726 1336 918 1405 spiritu
940 1337 1072 1404 (25).
1103 1355 1121 1387 ι
1144 1337 1331 1405 Ἡμεῖς
1356 1336 1452 1407 μὲν
1478 1337 1874 1408 καταϐαίνομεν
1890 1339 1969 1401 εἰς
1986 1336 2048 1391 τὸ
2068 1339 2213 1411 ὕδωρ

645 1427 901 1498 γέμοντες
928 1426 1204 1498 ἁμαρτιῶν
1238 1428 1329 1479 καὶ
1366 1426 1555 1497 ῥύπου,
1584 1430 1676 1480 καὶ
1704 1428 2058 1500 ἀναϐαίνομεν
2086 1448 2214 1501 καρ-

644 1518 1025 1590 ποφοροῦντες,
1062 1520 1118 1570 ὲν
1142 1522 1206 1589 τῇ
1232 1518 1427 1589 καρδίᾳ
1453 1519 1544 1571 τὸν
1579 1518 1741 1588 φόϐον
1776 1522 1869 1573 καὶ
1892 1520 1989 1592 τὴν
2021 1521 2211 1575 ἐλπίδα

643 1609 722 1671 εἰς
762 1609 853 1662 τὸν
902 1606 1107 1678 ἰησῸῦν
1139 1609 1349 1677 ἔχοντες
1399 1610 1455 1661 ὲν
1505 1609 1582 1680 τῷ
1631 1610 1917 1681 πνεύματι.
1979 1610 2209 1667 Textum

641 1697 887 1763 Grzccum
920 1698 1076 1751 attuli
1107 1699 1195 1751 hic
1218 1700 1507 1768 integrum,
1540 1700 1689 1768 quia,
1731 1712 1789 1756 ut
1818 1702 1950 1756 mihi
1975 1703 2205 1767 videtur,

642 1791 925 1845 utilitatem
956 1806 1202 1860 magnam
1232 1792 1285 1844 in
1315 1806 1373 1845 re
1402 1792 1703 1862 theologica
1733 1807 1845 1862 pra:
1876 1806 1936 1848 se
1967 1792 2094 1850 fert.

711 1902 963 1958 Ostendit
992 1904 1149 1959 nobis
1178 1904 1264 1959 hic
1290 1915 1480 1959 auctor
1505 1905 1881 1960 excellentiam
1904 1908 2205 1963 Christiani

640 2013 803 2067 super
849 1992 1165 2063 Hebraeum,
1216 1997 1344 2050 dum
1407 1998 1584 2064 docet,
1641 2014 1750 2052 non
1806 1998 2060 2055 Ilebrzeos
2111 2002 2205 2056 sed

638 2091 979 2146 Christianos
1011 2090 1353 2145 solummodo
1400 2091 1738 2147 introductos
1764 2107 1885 2148 esse
1929 2108 1959 2145 a
2003 2091 2115 2148 Deo
2150 2094 2201 2147 in

637 2174 838 2236 ter'ram
883 2181 1075 2236 semini
1110 2182 1342 2236 Abrahae
1385 2183 1711 2251 promissam
1750 2202 1763 2237 :
1808 2202 1826 2235 ‹
1864 2183 2053 2253 Itaque
2104 2198 2204 2237 nos

637 2287 853 2338 sumus,
901 2273 977 2327 ait
1030 2273 1119 2330 ille
1168 2272 1383 2343 egregie
1431 2273 1567 2344 (‘26),
1609 2290 1749 2343 quos
1798 2274 2101 2331 introduxit
2149 2276 2204 2329 in

639 2376 841 2419 terram
908 2366 1129 2419 bonam.
1200 2384 1218 2417 ι
1292 2364 1496 2421 Deinde
1560 2375 1847 2436 postquam
1912 2368 2205 2438 explicavit

635 2459 975 2527 omnia,qua:
998 2458 1051 2510 in
1068 2457 1249 2512 Veteri
1282 2455 1630 2513 Testamento
1656 2474 1749 2528 per
1775 2460 2005 2529 figuram
2036 2460 2204 2531 signi-

634 2548 869 2603 ficabant
894 2556 1126 2603 mortem
1154 2546 1553 2619 Redemptoris,
1577 2549 1757 2615 docet,
1776 2549 1890 2607 haec
1912 2550 2202 2607 manifesta

634 2654 756 2694 esse
798 2640 1148 2705 Christianis,
1178 2638 1381 2696 Judzeis
1410 2657 1560 2706 vero,
1590 2657 1655 2696 eo
1687 2642 1815 2711 quia
1849 2642 2121 2709 obdurati,
2148 2652 2203 2698 et

632 2730 783 2786 dura:
810 2732 1061 2797 cervicis,
1091 2733 1328 2786 obseura
1360 2750 1374 2787 :
1412 2750 1430 2783 ι
1474 2730 1645 2787 Nobis
1663 2733 1882 2802 quidem
1914 2733 2199 2789 manifesta

633 2831 784 2889 sunt,
825 2821 1027 2877 Judzeis
1078 2832 1257 2877 autem
1315 2822 1570 2887 obscura,
1601 2824 1726 2892 quia
1761 2838 1869 2877 non
1913 2824 2203 2880 audierunt

630 2928 818 2971 vocem
842 2915 1077 2971 Domini.
1101 2936 1119 2969 ι
1142 2915 1305 2972 Juxta
1335 2917 1480 2970 hunc
1518 2929 1798 2973 auctorem
1826 2918 1990 2989 igitur
2030 2936 2199 2978 causa

632 3008 1015 3063 obczecationis
1039 3006 1348 3063 Judmorum
1377 3023 1483 3061 non
1526 3009 1631 3062 alia
1664 3007 1785 3076 fuit,
1814 3025 1976 3079 quam
2008 3026 2196 3067 eorum

632 3101 1045 3170 praevaricatio,
1095 3109 1151 3156 et
1174 3101 1303 3170 quia
1360 3099 1592 3155 rebelles
1635 3098 1849 3155 fuerant
1876 3102 2043 3156 verbo
2084 3101 2201 3159 Dei.

634 3186 875 3246 Tandem
908 3192 1040 3246 dicit
1076 3190 1294 3261 Moysen
1336 3206 1462 3245 vere
1499 3191 1774 3260 accepisse
1801 3191 2013 3247 tabulas
2034 3193 2196 3261 legis;

632 3288 728 3340 sed
760 3285 886 3353 quia
919 3282 1127 3337 Hebraei
1159 3292 1379 3353 propter
1407 3298 1597 3337 eorum
1637 3282 2011 3339 infidelitatem
2046 3285 2198 3355 digni

634 3390 743 3429 non
775 3373 1011 3439 fuerant,
1032 3372 1365 3428 Christianis
1402 3374 1613 3428 tradita:
1649 3387 1799 3439 sunt,
1852 3375 1945 3445 qui
1979 3390 2072 3431 eas
2105 3391 2200 3446 per

632 3481 828 3520 manus
854 3462 1151 3520 Salvatoris
1195 3474 1543 3534 acceperunt,
1571 3474 1625 3520 et
1651 3465 1721 3520 ob
1746 3466 1955 3521 infinita
2004 3468 2198 3524 merita

630 3556 903 3627 passionis
931 3554 1049 3625 ejus
1082 3572 1097 3609 :
1137 3574 1157 3607 ε
1193 3556 1414 3627 Accepit
1448 3557 1632 3626 itaque
1665 3555 1899 3628 Moyses,
1926 3558 2031 3629 ipsi
2067 3573 2198 3615 vero

630 3648 781 3719 digni
814 3662 920 3701 non
953 3646 1190 3701 fuerunt.
1220 3645 1505 3713 Quomodo
1545 3663 1647 3703 nos
1687 3649 2058 3717 habuerimus,
2114 3650 2194 3704 di-

632 3741 786 3797 scite.
813 3739 1026 3811 Moyses
1049 3754 1171 3794 cum
1197 3747 1341 3794 esset
1366 3737 1625 3805 famulus,
1650 3754 1744 3794 eas
1770 3741 2009 3811 accepit;
2037 3736 2196 3797 nobis

630 3843 810 3889 autem
843 3833 958 3903 ipse
992 3832 1275 3895 Dominus,
1303 3832 1390 3887 cui
1431 3847 1624 3887 sumus
1651 3833 1704 3886 in
1732 3834 1990 3904 populum
2022 3835 2195 3889 hzere-

628 3926 838 3993 ditatis,
866 3926 1091 3980 tradidit
1124 3941 1219 3995 pro
1242 3924 1402 3980 nobis
1436 3940 1632 3994 passus
1664 3924 1958 3997 (27);»loca
1985 3928 2119 3993 htec,
2142 3934 2197 3981 et

627 4018 695 4073 nd
728 4019 979 4089 pietatem
1020 4018 1289 4086 alliciunt,
1329 4025 1385 4071 et
1434 4026 1677 4071 mentem
1723 4016 2001 4072 erudiunt.
2046 4016 2195 4072 Fieri

628 4108 838 4177 nequit,
869 4118 930 4161 ut
968 4109 1111 4161 serio
1152 4116 1207 4161 et
1253 4116 1460 4161 attento
1499 4107 1684 4161 animo
1715 4106 1915 4175 aliquis
1938 4108 2053 4162 loca
2080 4108 2196 4163 haec

628 4209 929 4273 percurrat,
969 4200 1103 4269 quin
1141 4199 1302 4254 simul
1348 4197 1568 4269 plurimi
1614 4197 1779 4254 faciat
1820 4199 2191 4253 excellentiam

630 4303 829 4349 nostra:
859 4292 1180 4359 vocationis,
1202 4302 1257 4346 et
1287 4300 1565 4347 auctorem
1586 4290 1749 4360 hujus
1765 4290 1970 4362 diligat.
1996 4291 2195 4346 Caveat

630 4395 811 4439 autem
839 4384 1215 4454 unusquisque
1236 4392 1507 4447 nostrum,
1539 4396 1607 4436 ne
1637 4380 1945 4436 Iudaeorum
1969 4383 2193 4436 calami-

629 4487 793 4533 tatem
826 4478 1067 4532 incurrat
1090 4487 1143 4532 ct
1172 4493 1267 4546 per
1294 4476 1571 4547 prepriam
1603 4474 1972 4529 infidelitatem
2005 4489 2063 4527 se
2103 4474 2190 4527 in-

629 4568 853 4638 dignum
892 4568 1082 4621 reddat
1111 4567 1326 4635 magnis
1363 4567 1448 4621 his
1487 4565 1837 4630 utilitatibus,
1877 4578 1998 4634 quae
2026 4563 2190 4617 Chri-

629 4660 933 4713 stianorum
956 4658 1272 4726 religionem
1312 4658 1663 4712 comitantur.

698 4768 1149 4825 Justiticationem
1193 4783 1288 4836 per
1332 4768 1849 4832 renovationem,ac
1875 4781 2058 4820 veram
2103 4783 2191 4823 re-

630 4862 946 4918 missionem
976 4869 1317 4929 peccatorum
1349 4860 1488 4925 fieri,
1513 4860 1817 4915 clarissime
1848 4860 2011 4915 etiam
2039 4861 2194 4916 docet

632 4955 721 5009 hic
744 4961 954 5016 auctor,
980 4953 1054 5005 ita
1078 4952 1325 5005 scribens
1350 4950 1461 5017 (28)
1498 4969 1510 5004 :
1543 4968 1562 5001 t
1596 4948 1698 5005 Ubi
1729 4965 1863 5023 ergo
1886 4966 1987 5007 nos
2014 4951 2187 5006 refor—

630 5047 820 5112 mavit,
843 5060 937 5115 per
966 5044 1341 5099 remissionem
1361 5053 1710 5114 peccatorum
1734 5045 1931 5112 efl‘ecit,
1950 5054 2008 5100 ut
2025 5046 2184 5099 aliam

630 5138 863 5193 formam
911 5135 1259 5201 haberemus,
1299 5135 1534 5188 animam
1577 5150 1773 5205 nempe
1804 5136 1995 5206 puerili
2026 5135 2185 5191 simi-

627 5228 758 5298 lem,
811 5228 928 5299 ipse
978 5226 1124 5283 enim
1181 5226 1432 5282 formavit
1496 5241 1618 5281 nos.
1660 5225 1798 5282 Ecce
1851 5226 2014 5297 igitur
2087 5243 2186 5284 nos

700 5483 812 5554 ('25)
838 5484 1007 5555 Epist.
1039 5482 1295 5550 Barnnb.,
1323 5498 1441 5555 cap.
1476 5480 1669 5551 il,sub
1700 5479 1884 5535 linem.

702 5558 813 5621 (26)
846 5555 1000 5618 lhid.,
1036 5570 1155 5623 cap.
1197 5555 1249 5609 6.

701 5628 813 5753 $27)
842 5625 1124 5705 lhid.,cap.
1150 5624 1204 5677 6.

724 5697 815 5753 28)
843 5694 1061 5753 Ibidem.
1090 5709 1204 5753 cap.

724 5697 815 5765 28)
843 5694 1061 5765 Ibidem,
1090 5709 1208 5761 cap.
1237 5695 1322 5751 H.

702 5763 816 5838 (29)
849 5763 1041 5821 Ezech.
1072 5781 1129 5833 tt,
1160 5765 1245 5821 i9.

1767 303 1825 357 δ.
1865 296 2227 355 BARNABAS
2264 299 2693 357 APOSTOLUS.

3736 318 3818 375 τις

2247 424 2293 480 Α
2318 414 2498 471 denuo
2547 415 2769 473 formati
2829 430 3046 483 sumus,
3094 419 3543 489 quemadmodum
3572 440 3737 485 rursus
3775 432 3817 488 in

2318 506 2425 560 alio
2452 508 2711 576 propheta
2753 506 2887 563 dicit
2928 527 2942 563 :
2992 508 3147 575 Ecce,
3183 512 3358 582 inquit
3406 513 3665 582 Dominus,
3702 523 3821 591 aufe-

2318 615 2432 651 ram
2470 598 2533 652 ab
2569 601 2665 667 eis,
2716 600 2819 655 hoc
2848 608 2954 665 est,
2985 602 3054 655 ab
3090 602 3171 657 eis
3202 620 3341 673 quos
3375 604 3580 662 Domini
3629 608 3820 679 Spiritus

2317 690 2648 758 providebat,
2697 692 2859 744 corda
2907 691 3138 760 lapidea,
3167 703 3215 747 et
3259 696 3533 749 immittam
3575 699 3669 754 illis
3693 706 3820 760 corda

2282 858 2285 861 ἰ
2316 797 2506 835 carnea
2545 782 2692 851 (29);
2730 783 2858 853 quia
2910 786 3193 853 oportebat
3230 802 3353 840 eum
3406 788 3459 842 in
3520 805 3667 846 carne
3693 810 3819 864 appa-

2316 890 2456 941 rere,
2480 886 2532 930 et
2561 876 2805 931 habitare
2836 877 2889 931 in
2916 878 3075 932 nobis
3108 897 3121 932 :
3148 880 3405 948 templum
3430 882 3568 935 enim
3596 894 3818 952 sanctum,

2315 964 2511 1021 fratres
2543 968 2667 1035 mei,
2690 967 2916 1023 Domino
2939 979 3021 1024 est
3039 970 3304 1025 habitatio
3326 974 3506 1028 cordis
3531 975 3703 1037 nostri.
3731 995 3745 1027 ι
3771 975 3821 1031 Et

2315 1058 2441 1112 alibi
2463 1057 2612 1128 (50):
2650 1078 2668 1109 ι
2698 1059 3002 1129 Antequam
3034 1059 3140 1125 Deo
3169 1052 3658 1126 crederemus,crat
3680 1066 3821 1121 cordis

2314 1146 2485 1199 nostri
2524 1147 2860 1202 domicilium
2897 1151 3231 1218 corruptioni
3276 1152 3587 1220 obnoxium,
3609 1163 3657 1207 et
3684 1156 3817 1210 imbe-

2314 1237 2454 1304 cille,
2478 1238 2545 1292 ad
2588 1240 2813 1293 modum
2862 1241 3045 1309 templi
3083 1258 3205 1296 vere
3235 1259 3330 1312 per
3364 1260 3554 1298 manus
3578 1246 3817 1299 aedificati:

2314 1329 2529 1396 plenum
2559 1328 2824 1398 siquidem
2850 1344 2967 1385 erat
2990 1331 3256 1386 idolorum
3288 1334 3527 1398 cultu,et
3545 1345 3652 1389 erat
3668 1336 3820 1391 domus

2312 1418 2741 1485 daemoniorum;
2779 1436 2888 1489 quo
2919 1421 3137 1488 faceret,
3168 1441 3504 1495 qumcunque
3530 1425 3630 1480 Deo
3650 1438 3821 1482 contra-

2312 1506 2394 1561 ria
2449 1516 2598 1563 sunt.
2633 1508 3014 1566 IEdificabitur
3058 1527 3237 1569 autem
3284 1516 3339 1569 in
3378 1518 3589 1571 nomine
3628 1518 3818 1573 Domini.

2311 1596 2607 1665 Attendite,
2638 1609 2695 1653 ut
2721 1602 2977 1672 templum
3008 1602 3222 1659 Domini
3253 1608 3533 1675 magniﬁce
3555 1609 3819 1667 aedificetur.

2313 1686 2630 1754 Quomodo?
2657 1691 2883 1748 discite:
2911 1706 3129 1765 accepta
3159 1698 3479 1753 remissione
3502 1711 3817 1769 peccatorum,

2237 1769 2280 1824 Β
2307 1790 2361 1835 et
2400 1798 2495 1852 spe
2524 1784 2706 1840 habita
2748 1787 2801 1840 in
2849 1804 3046 1842 nomen
3083 1789 3319 1857 Domini,
3350 1794 3475 1849 facti
3513 1799 3817 1861 sntnusnovi,

2308 1873 2503 1930 iterum
2533 1876 2601 1931 ab
2628 1878 2843 1948 integro
2873 1882 3041 1936 creati
3069 1901 3081 1937 :
3108 1901 3277 1953 quare
3310 1885 3363 1939 in
3388 1887 3651 1941 domicilio
3673 1900 3819 1943 nostro

2304 1980 2430 2020 vere
2487 1966 2630 2023 Deus
2681 1971 2898 2038 existit;
2960 1974 3168 2029 habitat
3216 1977 3269 2029 in
3326 1978 3502 2033 nobis.
3557 1978 3820 2044 Quomodo?

2304 2059 2528 2113 verbum
2559 2062 2676 2131 ejus
2712 2063 2855 2129 fidei,
2902 2066 3116 2120 vocatio
3161 2068 3281 2135 ejus
3342 2070 3722 2138 promissionis,
3748 2088 3817 2125 sa-

2304 2148 2505 2218 pientia
2530 2151 3000 2221 justificatiouum,
3031 2160 3285 2213 mandata
3333 2160 3590 2214 doctrina:
3618 2181 3629 2213 :
3660 2162 3755 2229 ipse
3776 2164 3815 2215 in

2304 2242 2462 2297 nobis
2501 2245 2816 2314 prophetat;
2872 2249 2985 2318 ipse
3039 2250 3093 2303 in
3150 2251 3310 2305 nobis
3370 2251 3656 2313 inhabitat;
3690 2253 3815 2305 morti

2304 2333 2535 2391 addictis
2566 2338 2720 2393 nobis
2748 2342 2922 2409 aperit
2946 2340 3089 2397 fores
3132 2343 3339 2413 templi,
3381 2344 3433 2398 id
3465 2355 3546 2399 est
3575 2361 3659 2407 os;
3698 2345 3817 2399 nobis

2302 2425 2397 2479 dat
2431 2429 2825 2498 pmttitentiam,
2856 2434 3043 2504 sicque
3079 2434 3389 2491 introduxit
3412 2437 3463 2491 in
3494 2438 3726 2507 templum
3753 2437 3816 2492 in-

2304 2528 2645 2588 corruptum.
2679 2539 2700 2574 ›

2371 2630 2447 2687 De
2478 2633 2822 2693 confessione
2859 2650 3038 2693 autem
3076 2641 3162 2697 hic
3204 2652 3401 2699 auctor
3427 2660 3686 2714 exponens
3709 2658 3815 2714 prs.

2300 2734 2458 2794 cepta
2485 2726 2608 2783 vita:
2645 2731 2893 2797 moralia,
2923 2740 2978 2785 et
3018 2733 3187 2788 vitam
3224 2736 3389 2801 lueis,
3414 2738 3491 2792 sic
3526 2737 3595 2791 ait
3616 2745 3815 2806 postea.

2303 2826 2415 2873 tera
2453 2838 2467 2874 :
2513 2839 2531 2873 ε
2586 2822 2945 2880 Contiteberis
2984 2839 3204 2896 peccata
3243 2839 3359 2896 tua,
3392 2846 3498 2885 non
3546 2830 3741 2886 accedes
3762 2829 3812 2883 ad

2299 2913 2601 2968 orationem
2632 2924 2779 2968 tuam
2805 2916 2858 2969 in
2891 2918 3223 2975 conscientia
3258 2924 3404 2976 mala
3437 2922 3566 2990 (51).
3603 2940 3620 2973 ι

2368 3001 2651 3059 Disserens
2678 3016 2863 3060 noster
2889 3017 3079 3063 auctor
3102 3009 3170 3064 de
3198 3012 3414 3069 duabus
3444 3014 3545 3067 viis
3573 3010 3810 3082 oppositis.

2230 3110 2274 3172 ο
2304 3092 2443 3149 lucis
2464 3102 2518 3149 et
2555 3096 2924 3164 tenebrarum,
2950 3099 3066 3153 dari
3093 3102 3168 3155 ait
3198 3106 3422 3173 angelos
3450 3104 3633 3169 bonos,
3656 3110 3701 3156 et
3724 3115 3813 3153 ma-

2303 3185 2425 3241 los:
2453 3202 2685 3256 quorum
2730 3190 2915 3258 primi,
2953 3192 3047 3262 qui
3088 3203 3216 3248 sunt
3252 3196 3410 3251 missi
3450 3213 3479 3250 a
3510 3194 3815 3260 Deo,ducunt

2301 3291 2401 3332 nos
2435 3292 2529 3346 per
2550 3279 2669 3334 vias
2706 3280 2879 3346 lucis;
2908 3283 2999 3337 alii
3034 3300 3183 3352 vero,
3207 3288 3298 3356 qui
3348 3298 3477 3343 sunt
3508 3285 3717 3341 ministri
3738 3282 3813 3339 Sa-

2300 3376 2458 3431 tanae,
2478 3380 2719 3437 praasunt
2739 3372 2838 3426 vite
2862 3374 3204 3430 tenebrarum
3236 3395 3249 3431 :
3276 3398 3292 3426 α
3322 3376 3427 3433 Uni
3458 3376 3704 3448 siquidem
3720 3374 3812 3443 (vita

2299 3456 2459 3525 lucis)
2500 3460 2777 3528 praepositi
2812 3470 2942 3517 sunt
2978 3463 3118 3520 lucis
3152 3468 3477 3532 consiliarii,
3527 3466 3687 3537 angeli
3712 3461 3809 3524 Dei;

2297 3551 2453 3606 alteri
2483 3566 2612 3607 vero
2645 3554 3013 3623 (tenebrarqu
3042 3556 3175 3623 vim)
3199 3562 3392 3635 .angeli
3425 3560 3627 3616 Satanm
3650 3555 3807 3627 (32)”

2297 3644 2451 3700 locus
2480 3644 2570 3700 hic
2606 3646 2754 3701 velut
2795 3646 3077 3703 induhium
3122 3650 3244 3705 fidei
3292 3651 3650 3707 testimonium
3680 3644 3811 3699 tradi-

2298 3737 2461 3793 tionis
2490 3738 2633 3793 circa
2656 3740 2968 3811 angelorum
2999 3743 3301 3798 custodiam
3332 3744 3534 3813 suscipi
3562 3742 3718 3796 debet.
3740 3734 3810 3788 Vi-

2296 3832 2545 3889 debimus
2592 3834 2733 3889 infra
2787 3844 2985 3905 praeter
3036 3846 3317 3891 auctorem
3376 3837 3536 3909 hujus
3577 3830 3806 3905 Epistolze,

2296 3925 2432 3980 alios
2485 3925 2672 3980 haberi
2702 3935 2913 3981 veteres
2960 3926 3214 3983 Ecclesiae
3247 3928 3459 3990 Patres.
3486 3926 3574 3998 qui
3625 3923 3809 3979 dist'nc‘

2296 4016 2496 4072 tionem
2526 4017 2668 4071 hanc
2694 4027 2901 4087 ponunt
2941 4019 3116 4073 bonus
3140 4021 3280 4074 inter
3310 4032 3364 4075 et
3404 4021 3571 4075 malos
3606 4012 3804 4084 angelos.

2295 4108 2481 4163 habito
2547 4117 2800 4178 respectu
2851 4109 2917 4163 ad
2967 4112 3270 4167 custodiam
3318 4130 3482 4184 quam
3542 4104 3807 4164 hominibus

2294 4209 2573 4272 pnestant.

2367 4312 2394 4385 ς
2424 4310 2514 4367 ιν.
2560 4312 2637 4366 De
2687 4312 2884 4368 Veteris
2940 4312 3261 4368 Testamenti
3291 4315 3638 4385 abragatione,
3666 4319 3805 4361 neres-

2223 4443 2266 4498 Β
2294 4403 2450 4455 ritate
2490 4403 2544 4455 in
2570 4400 2753 4455 Jesum
2783 4403 3147 4457 Christum.—-
3168 4404 3324 4461 Circa
3340 4404 3505 4485 Vqtus
3534 4404 3803 4459 Testamen-

2294 4506 2408 4547 tum
2439 4504 2631 4549 auctor
2662 4493 2915 4565 Epistolze
2944 4498 3229 4552 ostendere
3258 4512 3486 4554 conatur
3510 4492 3802 4550 inutilitatem

2293 4594 2349 4641 et
2401 4587 2827 4642 ineﬂicacitatem
2878 4588 3271 4644 sacrificiorum
3315 4602 3369 4645 et
3412 4582 3800 4647 ceremoniarum

2293 4679 2493 4733 veteris
2522 4679 2689 4749 legis;
2712 4680 2997 4750 docetque,
3020 4680 3187 4736 Deum
3221 4685 3401 4738 omnia
3428 4684 3539 4738 haec
3560 4672 3799 4744 repulisse.

2295 4778 2355 4822 ut
2381 4770 2560 4824 locum
2583 4770 2807 4824 haberet
2834 4772 3038 4825 oblatio
3068 4774 3304 4828 humana
3328 4774 3451 4829 Jesu
3481 4765 3687 4829 Christi,
3707 4767 3799 4828 qua?

2294 4861 2635 4916 necessitatis
2653 4861 2845 4931 jugum
2875 4878 2983 4917 non
3010 4863 3236 4934 imponit
3270 4884 3282 4919 :
3322 4886 3339 4917 ί
3376 4866 3497 4919 llazc
3517 4872 3637 4928 ergo
3661 4860 3797 4906 vacua

2296 4950 2443 5017 fecit,
2477 4952 2654 5022 inquit
2691 4954 2800 5019 ille,
2831 4962 2890 5007 ut
2920 4970 3059 5009 nova
3109 4956 3195 5011 lex
3247 4958 3456 5013 Domini
3506 4946 3662 5008 nostri
3695 4939 3795 4993 16$“

2294 5041 2519 5107 Christi,
2552 5060 2673 5115 quae
2726 5044 2844 5099 sine
2859 5046 2991 5115 jugo
3046 5050 3378 5105 necessitatis
3418 5056 3515 5111 est,
3547 5038 3791 5097 humanam

2295 5133 2493 5189 habeat
2520 5136 2847 5191 oblationem
2876 5138 3010 5207 (55).
3045 5156 3064 5189 ι
3090 5136 3283 5209 Iugum
3309 5142 3428 5207 hoc,
3454 5150 3557 5208 quo
3581 5131 3708 5185 caret
3727 5117 3789 5170 lex

2293 5227 2625 5298 evangelica,
2668 5228 2803 5283 nihil
2852 5228 3001 5283 aliud
3048 5237 3154 5298 est,
3173 5230 3328 5301 juxta
3363 5233 3505 5287 hunc
3537 5220 3787 5279 auctorem,

2360 5480 2472 5549 (50)
2502 5480 2673 5551 Epist.
2703 5480 3017 5551 Barn..cap.
3060 5480 3143 5536 16.

2356 5553 2466 5619 (51)
2502 5549 2655 5615 lhid.,
2686 5566 2804 5618 cap.
2832 5552 2916 5605 l9.

2380 5622 2469 5689 52)
2501 5621 2657 5686 lhid.,
2689 5636 2808 5689 cap.
2838 5621 2920 5675 14.

2380 5693 2469 5765 55)
2500 5690 2659 5757 lbid.,
2693 5707 2812 5760 cap.
2842 5691 2896 5745 2.
