4066 6330
275 249 386 304 τις

1621 247 2155 346 PROLEGOMEN

3412 221 3563 312 ἰη’

274 382 445 436 quam
500 366 724 436 spiritus
779 368 1091 435 servitutis,
1144 384 1241 440 per
1285 384 1448 438 quam
1503 369 1844 433 servitutem,
1877 372 1921 427 Δ
1951 370 2241 439 superius:
2281 368 2496 437 (Quia,
2526 364 2720 441 inquit.
2760 368 2804 425 si
2839 367 2891 423 in
2941 370 3086 422 hunc
3121 382 3228 422 non
3268 383 3517 438 speravec

277 465 558 511 vetustum
623 456 801 512 lwdus
846 474 873 511 a
916 475 1051 512 novo
1097 458 1419 522 secernitur,
1455 457 1611 526 juxta
1662 455 1847 509 divum

272 548 507 603 Paulum
563 548 628 602 ad
691 548 911 604 Galatas
978 550 1210 602 aientem
1254 568 1265 602 :
1304 548 1454 602 State
1493 549 1549 600 in
1599 548 1844 601 libertate

272 640 557 712 Evangelii
602 640 730 695 Jesu
760 641 981 706 Christi,
1012 653 1059 697 et
1088 642 1250 696 nolite
1294 642 1487 696 iterum
1506 642 1637 711 jugo
1687 641 1848 695 servi—

273 735 409 788 tutis
452 733 713 787 contineri
742 734 890 803 (34);
927 748 1037 803 quo
1069 749 1200 787 sane
1229 734 1283 787 in
1321 734 1442 786 loco
1484 740 1649 801 patet,
1703 731 1847 800 Apo-

268 824 478 879 stolum
505 825 648 894 loqui
666 825 732 879 de
756 825 871 894 lege
893 824 1113 897 Moysis.
1140 825 1299 879 Addit
1322 825 1482 894 paulo
1502 822 1639 877 infra
1663 833 1846 877 noster

270 917 369 973 hic
426 929 637 983 attetor,
679 916 900 988 Moysen
959 915 1184 988 fregisse
1232 918 1444 972 tabulas
1484 915 1742 985 lapideas,
1788 917 1844 967 in

266 1011 477 1080 quibus
527 1010 612 1066 lex
654 1014 812 1066 vetus
850 1021 967 1066 erat
997 1010 1275 1081 inscripta,
1304 1026 1413 1065 non
1444 1020 1504 1065 ut
1536 1009 1847 1065 ostenderet

269 1112 487 1157 tantum
517 1102 755 1158 llebrzeis
786 1103 957 1159 foedus
990 1119 1112 1157 cum
1146 1102 1254 1158 Deo
1281 1103 1474 1156 initum
1514 1117 1608 1171 per
1653 1116 1843 1155 eorum

268 1194 637 1249 idololatriam
700 1196 934 1250 solutum
989 1211 1131 1261 esse,
1176 1195 1335 1250 sicuti
1385 1194 1619 1264 explicat
1666 1193 1843 1249 locum

268 1284 425 1342 hunc
455 1286 651 1358 Fleury
683 1288 817 1358 (35),
855 1289 947 1343 sed
978 1295 1037 1346 ut
1063 1302 1218 1342 amor
1249 1286 1376 1342 Jesu
1407 1286 1607 1341 Christi
1644 1287 1696 1341 in
1726 1302 1847 1342 cor-

266 1377 437 1432 dibus
494 1378 696 1433 nostris
745 1379 1177 1449 consignaretur,
1232 1398 1251 1430 (
1298 1387 1351 1433 et
1386 1379 1847 1451 projecitMoyscs

267 1467 492 1523 tabulas
546 1469 786 1539 lapideas
812 1470 879 1525 de
911 1470 1162 1524 manibus
1208 1471 1346 1537 suis,
1389 1480 1447 1525 ut
1479 1471 1692 1525 dilectio
1720 1470 1846 1525 Jesu

267 1561 630 1631 consignetur
682 1562 737 1616 in
772 1563 1085 1632 praecordiis
1118 1562 1315 1618 vestris
1348 1563 1482 1633 (56).
1525 1583 1543 1614 ι
1580 1562 1721 1618 Fieri
1752 1577 1847 1616 ne-

267 1655 416 1723 quit,
445 1654 577 1724 quin
621 1654 975 1726 dignoscatur
1024 1654 1077 1709 in
1126 1654 1248 1720 hoc,
1282 1662 1337 1708 et
1382 1655 1434 1708 in
1485 1668 1647 1724 supra
1682 1654 1845 1710 allato

1951 461 2078 526 rint,
2092 476 2304 530 semper
2329 462 2764 517 debellabuntur.
2798 479 2816 513 ι
2848 460 2964 514 Duo
2997 460 3112 514 haec
3136 460 3255 515 loca
3288 459 3516 514 maximi

1951 565 2080 611 sunt
2110 558 2392 623 momenti,
2421 567 2475 614 et
2509 574 2575 615 ex
2622 559 2709 615 his
2753 557 3059 622 iunotescit,
3092 572 3341 627 quamam
3370 566 3518 612 esset

1949 650 2185 704 ﬁdelium
2226 668 2380 706 mens
2412 654 2587 721 primo
2620 652 2875 707 Ecclesia:
2902 667 3016 706 aevo
3051 652 3193 707 circa
3221 652 3518 709 necessita-

1947 751 2052 796 tem
2110 743 2297 813 gratize
2352 744 2691 800 medicinalis
2719 743 3039 809 Salvatoris,
3067 744 3187 799 lidei
3225 744 3277 798 in
3312 744 3514 814 ipsum,

1946 834 2173 904 ejusque
2202 836 2582 899 mediationis,
2607 837 2769 890 etiam
2803 843 2929 890 ante
2958 836 3413 891 Incarnationem.

2023 923 2214 990 Quoad
2263 926 2405 980 diem
2434 925 2655 981 Sahhati
2700 927 2753 980 in
2789 926 2903 996 lege
2945 924 3148 997 Moysis
3187 938 3513 997 [incoeptum

1947 1025 2007 1071 ut
2028 1018 2145 1073 .Deo
2171 1035 2409 1085 sacrum,
2438 1029 2621 1075 noster
2646 1019 2734 1074 hic
2763 1030 2952 1093 auctor
2973 1019 3151 1087 docet,
3174 1020 3516 1076 Christiano-

1945 1125 2066 1163 rum
2094 1108 2392 1165 Sahbatum
2426 1125 2547 1165 esse
2573 1111 2716 1165 diem
2741 1119 3018 1173 octavum,
3044 1111 3137 1181 qui
3177 1120 3261 1165 est
3289 1112 3406 1167 dies
3425 1129 3512 1165 re-

1947 1203 2303 1258 surrectionis
2329 1202 2455 1258 Jesu
2488 1203 2729 1258 Christi:
2766 1222 2784 1254 ε
2809 1203 2958 1258 Diem
3003 1213 3255 1259 octavum
3298 1204 3350 1257 in
3380 1203 3517 1258 lzeti-

1947 1294 2020 1350 tia
2051 1296 2285 1366 agimus,
2306 1296 2360 1350 in
2380 1312 2491 1367 quo
2508 1295 2667 1352 Jcsus
2689 1296 2985 1350 resurrexit
3005 1311 3035 1349 a
3066 1296 3297 1351 mortuis
3326 1296 3461 1366 (40);
3488 1314 3509 1347 ι

1946 1388 2092 1456 quod
2124 1402 2254 1443 sane
2285 1402 2382 1457 pro
2405 1388 2582 1458 primo
2610 1385 2867 1441 Ecclesia:
2896 1388 3096 1442 smculo
3139 1396 3341 1442 attenta
3379 1404 3514 1444 con-

1948 1477 2280 1532 sideratione
2309 1477 2533 1548 dignum
2583 1487 2686 1533 est.
2778 1476 2973 1532 Verum
3014 1478 3255 1533 declarat
3292 1479 3515 1549 insuper

1946 1569 2139 1624 eodem
2170 1569 2313 1635 loco,
2346 1570 2579 1624 alterum
2603 1569 2719 1623 dari
2754 1567 3051 1624 Sabhatum
3090 1571 3316 1625 omnino
3351 1572 3516 1640 spiri-

1947 1662 2113 1725 tuale,
2141 1661 2283 1730 quod
2307 1671 2390 1716 est
2417 1661 2631 1715 initium
2669 1669 2884 1716 aeternae
2918 1662 3040 1717 vita:
3063 1702 3079 1728 ,
3112 1662 3272 1717 sicuti
3302 1662 3513 1718 Sabba~

267 1755 424 1802 textu
448 1746 739 1804 diversitas
765 1752 902 1803 inter
919 1747 1029 1802 duo
1045 1746 1558 1817 Testamenta,qu:e
1578 1747 1631 1800 in
1649 1747 1844 1801 timore
1876 1720 1916 1776 Β
1946 1763 2059 1809 tum
2087 1720 2564 1818 Christianorum;
2618 1769 2721 1808 nos
2756 1769 2820 1808 ex
2858 1752 2962 1808 hoc
3009 1720 3247 1808 sabbato
3278 1755 3344 1809 ad
3378 1756 3508 1811 illud

268 1856 339 1895 ac
374 1840 663 1895 dilectione
715 1840 890 1909 posita
944 1848 1048 1896 est.
1084 1838 1271 1895 Timor
1308 1837 1566 1895 Hebraeos
1594 1839 1841 1909 respicit;

268 1930 497 1986 dilectio
525 1929 888 1985 Christianos.

341 2022 503 2077 Circa
556 2021 1050 2087 circumcisionem,
1082 2019 1244 2075 tradit
1272 2028 1460 2074 auctdr
1490 2034 1608 2073 eam
1643 2035 1838 2074 vanam

266 2126 396 2168 esse
422 2111 538 2167 sine
563 2112 976 2167 circumcisione
991 2112 1191 2175 cordis,
1215 2120 1268 2166 et
1294 2111 1397 2165 ﬁde
1419 2111 1469 2164 in
1502 2110 1697 2165 Filium
1721 2110 1835 2166 Dei.

266 2203 480 2260 Judaeis
511 2205 633 2260 dein
683 2213 808 2259 ante
836 2204 1021 2259 oculos
1067 2203 1218 2273 ponit
1247 2203 1479 2259 Abrahae
1506 2204 1836 2273 exemplum,

267 2293 369 2365 qui
404 2294 635 2365 primus,
666 2293 863 2365 inquit,
902 2293 1398 2350 «circumcisionem
1442 2293 1607 2360 dedit,
1637 2294 1691 2348 in
1723 2294 1838 2364 spi-

268 2386 386 2442 ritu
410 2385 743 2456 prospiciens
764 2383 821 2440 in
838 2383 1406 2450 Filium,circumcidit
1427 2392 1650 2453 accepto
1675 2384 1837 2438 trium

267 2476 578 2534 litterarum
613 2476 938 2530 documento
969 2473 1102 2546 (57),
1136 2492 1154 2526 ›
1210 2483 1317 2528 etc.
1362 2473 1493 2528 Eam
1525 2483 1704 2530 autem
1735 2476 1832 2529 cir.

268 2566 668 2625 cumcisionem
710 2580 891 2620 veram
924 2579 1045 2620 esse
1071 2564 1410 2618 demonstrat
1437 2580 1570 2634 qua,
1596 2578 1758 2618 aures
1788 2573 1842 2617 et

269 2675 372 2715 cor
411 2656 649 2712 hominis
698 2656 1233 2723 circumciderentur,
1276 2664 1330 2710 ct
1378 2656 1557 2711 taliter
1612 2655 1838 2716 dociles,

269 2749 589 2805 obedientes
615 2747 999 2813 redderentur;
1029 2744 1503 2801 circumcisionem
1550 2761 1679 2800 vero
1714 2759 1836 2798 cor-

269 2841 425 2913 poris
456 2842 599 2895 illam
635 2855 743 2895 non
775 2851 916 2905 esse,
940 2855 1103 2910 quam
1127 2838 1271 2895 Deus
1299 2839 1666 2909 principaliter
1689 2854 1841 2891 man-

269 2934 493 2990 dasset:
518 2952 536 2985 ι
568 2931 724 2998 Nam,
746 2932 943 3001 inquit,
969 2947 1156 2986 omnes
1183 2929 1327 3002 Syri,
1346 2925 1845 2996 ArahesJEgyptii,

270 3029 546 3084 idolorum
607 3025 897 3081 sacriﬁculi
951 3035 1078 3080 sunt
1115 3022 1459 3089 circumcisi;
1497 3038 1627 3076 num
1654 3032 1834 3076 autem

268 3122 436 3177 etiam
473 3120 591 3175 ideo
619 3120 685 3175 de
716 3116 917 3172 findere
943 3116 1128 3171 divino
1167 3115 1400 3186 antiqui,
1435 3114 1519 3169 vel
1548 3114 1670 3169 novi
1706 3111 1840 3169 Tes-

269 3212 502 3269 tamenti
526 3208 882 3282 participant?
916 3227 932 3261 ι

341 3303 647 3359 Occasione
692 3309 907 3369 sumpta
939 3298 1006 3353 ab
1042 3312 1126 3362 eo,
1153 3297 1299 3367 quod
1332 3295 1561 3352 refertur
1606 3298 1659 3351 in
1693 3297 1835 3377 Exo-

268 3398 493 3469 (ωδε),
518 3394 726 3452 scilicet
754 3393 898 3463 quod
914 3390 1122 3445 Hebraei
1146 3397 1447 3459 pugnantes
1474 3398 1663 3442 contra
1685 3388 1840 3442 Ama-

267 3493 486 3557 lecitas,
521 3488 831 3554 vincebant,
858 3500 982 3540 cum
1018 3484 1221 3539 levaret
1249 3480 1461 3552 Moyses
1493 3497 1720 3549 manus;
1752 3482 1837 3536 sin

269 3593 456 3640 autem
479 3581 757 3653 paululum
784 3577 1100 3639 remisisset,
1116 3575 1407 3645 superabat
1422 3574 1660 3638 Amalec,
1676 3573 1840 3627 tradit

272 3680 375 3733 hic
419 3684 630 3741 auctor,
665 3693 684 3726 ‹
722 3671 978 3728 debuisse
1019 3668 1294 3724 lsraelitas
1341 3667 1466 3721 inde
1511 3680 1841 3736 cognoscere

270 3770 505 3827 salutem
535 3765 790 3836 consequi
818 3777 928 3817 non
951 3776 1109 3831 posse
1138 3758 1244 3813 nisi
1275 3774 1370 3829 per
1392 3773 1540 3827 spem
1575 3757 1629 3811 in
1650 3756 1837 3812 Jesum

268 3862 587 3925 Christum;
628 3866 683 3914 et
727 3872 823 3928 per
865 3870 1015 3925 spem
1072 3853 1126 3907 in
1180 3852 1324 3906 hunc
1367 3849 1633 3920 reportari
1679 3865 1840 3920 posse

267 3954 559 4011 victoriam
603 3953 673 4006 ab
703 3951 960 4006 inimicis.
992 3947 1105 4002 Cur
1149 3945 1284 4000 hoc?
1322 3962 1340 3995 ι
1388 3943 1464 3998 ait
1494 3944 1582 3998 ille
1611 3942 1839 4013 loquens

270 4049 344 4103 de
360 4047 592 4102 historia
609 4045 771 4099 modo
785 4043 946 4098 allata
970 4040 1105 4110 (59),
1129 4038 1271 4110 Πρὸς
1299 4036 1381 4103 τί;
1416 4056 1434 4089 ι
1448 4035 1519 4092 Ut
1545 4052 1841 4108 cognosce-

273 4148 419 4205 rent,
459 4159 477 4190 ι
514 4138 661 4193 illico
696 4135 1006 4206 respondet,
1037 4152 1056 4185 ‹
1107 4131 1255 4202 quod
1288 4148 1392 4186 non
1434 4140 1685 4202 poterant
1723 4148 1840 4188 ser-

268 4232 415 4297 vari,
461 4229 568 4285 nisi
622 4243 717 4298 per
762 4242 913 4296 spem
945 4226 998 4279 in
1037 4224 1187 4278 illum
1228 4242 1247 4276 ›
1276 4222 1538 4294 (Iesum);
1572 4234 1627 4280 et
1676 4226 1839 4296 paulo

373 4491 463 4559 34)
491 4490 570 4544 Ad
606 4487 779 4571 Galat.
832 4505 884 4553 γ,
1007 4488 1058 4543 1.

375 4561 467 4611 55ὶ
492 4560 555 4611 Τ.
590 4558 609 4611 l
642 4558 784 4611 Hist.
821 4576 905 4611 ecc
936 4600 947 4611 .

375 4561 468 4695 35;
492 4560 555 4613 Τ.
590 4558 609 4611 l
642 4558 784 4611 Hist.
821 4558 947 4641 eccl.

375 4631 445 4685 56
498 4630 728 4683 Barnab.
765 4628 947 4695 Epist..

348 4628 468 4697 (56)
498 4630 728 4683 Barnab.
765 4628 962 4699 Ερίει2
991 4645 1113 4699 cap.
1140 4632 1195 4686 4.

349 4701 463 4773 ('57)
488 4699 643 4773 lhid.,
666 4715 715 4753 c.
737 4700 791 4773 ξ).
822 4697 1263 4773 Cl._Tillemontio
1292 4708 1344 4754 et
1358 4697 1625 4753 Marecbal
1653 4707 1841 4773 nostro

270 4768 716 4842 reprehensione
742 4770 828 4842 hic
866 4770 1061 4836 dignus
1093 4772 1303 4826 videtur
1338 4778 1548 4842 auctor,
1566 4770 1708 4837 quod
1740 4768 1839 4823 Ju-

272 4840 414 4898 daéis
467 4840 932 4895 circumcisionem
988 4843 1170 4897 carnis
1226 4840 1401 4911 magis
1441 4854 1604 4907 quam
1660 4841 1841 4911 cordis

268 4912 630 4984 jactantibus,
686 4917 911 4984 reponat
948 4926 994 4984 ἐλ
1026 4937 1091 4984 -_—
1148 4908 1339 4965 Umnis
1362 4909 1619 4984 _Syrus_et
1643 4908 1836 4984 Arabs,

273 4977 333 5038 et
380 4996 570 5036 omnes
614 4982 918 5035 sacerdotes
946 4980 1235 5047 idolorum,
1282 4982 1375 5035 sed
1418 4977 1475 5033 et
1512 4977 1749 5049 Egyptii
1785 4982 1837 5034 in

275 5050 918 5119 cirmmcisiouesunt,—
938 5065 1205 5119 quaerens,
1257 5068 1324 5105 an
1377 5050 1516 5104 forte
1562 5061 1615 5103 et
1655 5051 1741 5104 isti
1773 5052 1839 5104 de

277 5124 631 5177 Testamento
656 5121 779 5190 sint.
817 5118 1010 5190 Yerum
1042 5136 1148 5175 non
1174 5122 1328 5174 video
1353 5120 1649 5190 quidquam
1681 5136 1836 5175 erro-

276 5208 446 5246 neum
479 5191 532 5244 iu
569 5191 689 5243 huc.
732 5189 803 5243 Dc
833 5188 1134 5259 Pythagora
1167 5193 1330 5246 totius
1359 5188 1673 5244 idololatriae
1694 5191 1836 5259 apud

277 5263 501 5317 Graecos
521 5270 853 5330 mystagogo,
872 5261 1083 5328 legitur,
1110 5262 1251 5330 quod
1285 5260 1835 5327 fueritcircumcisns,

280 5344 341 5387 ut
370 5333 552 5387 abdita
588 5331 889 5402 ingrediens
914 5330 1310 5402 Egyptiorum,
1344 5332 1627 5401 mysticam
1656 5331 1834 5385 disce-

279 5413 363 5457 ret
418 5401 846 5471 philosopltiam,
883 5401 1030 5455 ritus
1078 5403 1281 5457 scilicet
1329 5402 1719 5455 sacriﬁciorum
1772 5416 1836 5455 ac

279 5469 776 5527 consecrationum.
808 5469 915 5526 Nec
954 5483 1153 5543 pugnat
1181 5482 1370 5527 auctor
1409 5487 1531 5543 cum
1573 5472 1750 5543 seipso
1781 5480 1836 5525 et

280 5559 405 5598 cum
446 5543 721 5612 Scriptura
783 5542 850 5595 ab
897 5543 1014 5612 ipso
1034 5540 1296 5611 'allegata,
1321 5557 1425 5611 qua
1457 5541 1654 5596 dicitur
1683 5540 1834 5596 Jere-

281 5616 405 5667 mia:
443 5611 775 5667 ix:I0mnes
815 5611 1002 5681 gentes
1049 5613 1443 5667 iucircumcism
1486 5622 1613 5666 sunt
1642 5626 1830 5673 carne,

280 5685 462 5739 omnis
492 5695 669 5737 autem
701 5682 894 5737 domus
922 5681 1083 5738 Israel
1119 5684 1498 5739 incircumciso
1533 5682 1831 5747 cordepibi

602 5779 868 5837 ΡΑτιιοι..
900 5778 1014 5837 Gn.
1066 5778 1140 5840 ll.

1948 1846 2187 1911 tendere,
2224 1846 2444 1914 quando
2482 1845 2706 1899 veniens
2728 1843 2899 1898 Filius
2932 1852 3147 1914 tempus
3171 1846 3346 1917 iniqui
3374 1848 3509 1902 abo—

1942 1935 2094 1999 lebit,
2156 1951 2220 1990 ac
2264 1935 2535 2005 judicabit
2589 1935 2803 2005 impios.
2842 1945 2897 1991 et
2944 1935 3174 1990 mutabit
3222 1938 3390 1992 solem
3448 1954 3514 1995 ac

1941 2026 2127 2080 lunam
2158 2027 2484 2096 stellasque:
2513 2027 2654 2095 quod
2691 2026 2913 2095 quidem
2960 2025 3258 2082 Sabbatum
3308 2032 3513 2099 poterin

1944 2132 2067 2171 mus
2097 2131 2198 2171 nos
2236 2116 2337 2185 ipsi
2370 2128 2620 2171 sanctum
2651 2116 2905 2181 reddere,
2943 2117 3099 2186 juxta
3142 2119 3289 2173 hunc
3320 2128 3510 2174 aucto-

1942 2221 2080 2270 rem,
2104 2220 2200 2275 per
2219 2204 2359 2261 bona
2384 2220 2543 2275 opera
2576 2206 2629 2260 in
2657 2208 2907 2276 praesenti
2932 2208 3039 2262 vita
3069 2210 3325 2264 exercita.
3357 2229 3376 2261 ‹
3399 2209 3509 2264 Ρο-

1943 2297 2171 2352 terimus
2203 2337 2217 2351 .
2245 2337 2259 2351 .
2289 2336 2304 2351 .
2332 2337 2348 2351 .
2379 2336 2395 2351 .
2452 2305 2581 2351 tunc
2610 2298 2863 2352 eumdem
2911 2300 3052 2354 diem
3084 2308 3335 2356 sanctum
3387 2301 3510 2356 red-

1944 2388 2091 2455 dere,
2122 2388 2225 2459 ipsi
2254 2389 2409 2459 prius
2435 2391 2609 2445 sancti
2633 2390 2830 2447 ell‘ecti.
2874 2409 2891 2443 ι

2015 2473 2204 2530 Tradit
2233 2476 2456 2547 insuper
2484 2486 2679 2532 auctor
2701 2479 2808 2545 hic,
2836 2481 2978 2551 quod
3008 2482 3061 2537 in
3096 2499 3189 2538 sex
3238 2501 3506 2541 annorum

1942 2568 2181 2625 millibus
2205 2572 2731 2627 consummahuntur
2761 2576 3013 2631 universa
3042 2596 3055 2631 :
3088 2580 3276 2649 sicque
3298 2581 3352 2635 id
3379 2597 3506 2652 pro-

1940 2661 2032 2716 bat
2062 2662 2196 2733 (4!):
2236 2680 2256 2714 ‹
2283 2663 2579 2731 Advertite,
2613 2666 2746 2733 lilii,
2801 2668 2930 2737 quid
2978 2670 3124 2725 dicat
3155 2672 3503 2746 (Scriptura):

1939 2752 2353 2812 Consummavit
2399 2758 2749 2828 (creationem
2795 2764 3003 2833 mundi)
3034 2766 3089 2819 in
3135 2783 3229 2822 sex
3278 2769 3503 2825 diebus:

1939 2846 2044 2903 hac
2066 2848 2218 2915 dicit,
2250 2850 2379 2919 quia
2403 2855 2587 2907 omnia
2608 2856 3013 2910 consummahit
3038 2856 3297 2914 Dominus
3325 2861 3377 2915 in
3407 2876 3504 2915 sex

1862 2972 1906 3030 ο
1939 2938 2177 2994 millibus
2203 2956 2508 3009 annorum;
2553 2947 2694 3014 apud
2732 2947 2883 3001 illum
2939 2946 3055 3003 dies
3098 2951 3505 3022 mquiparantur

1939 3032 2086 3086 mille
2114 3035 2271 3089 annis
2287 3075 2301 3100 ,
2324 3044 2380 3089 tit
2398 3036 2627 3104 ipsemet
2648 3047 2878 3094 testatur
2895 3039 2972 3112 (i'n
2990 3040 3266 3113 Psalmis),
3284 3045 3499 3099 dicens:

1904 3120 2072 3176 .Ecce
2101 3121 2383 3179 hodiernus
2416 3127 2527 3183 dies
2568 3132 2664 3186 erit
2714 3140 2964 3203 tanquam
3011 3131 3152 3189 mille
3194 3137 3319 3191 anni
3365 3138 3502 3210 (42!);

1939 3215 2140 3286 itaque,
2158 3216 2277 3282 ﬁlii,
2293 3217 2346 3271 in
2372 3233 2465 3273 sex
2489 3234 2755 3275 annorum
2780 3223 3021 3281 millibus
3039 3230 3506 3284 consummahun-

1940 3314 2029 3360 tur
2057 3308 2331 3363 universa.
2372 3328 2391 3361 ι
2428 3307 2553 3364 Haec
2582 3311 2768 3380 opinio
2801 3313 2927 3368 licet
2962 3316 3238 3386 aliquibus
3262 3319 3502 3392 singula-

1938 3398 2015 3452 ris
2037 3398 2203 3453 videri
2233 3407 2431 3469 potest,
2448 3402 2805 3460 nihilominus
2827 3406 3011 3475 plures
3029 3406 3285 3465 Ecclesiae
3314 3408 3501 3468 Patres

1940 3487 2127 3541 habuit
2153 3499 2603 3561 propugnatores.
2650 3494 2967 3552 rrAutumant
3012 3500 3173 3554 etiam
3227 3504 3499 3571 nonnulli,

1939 3580 2251 3650 Opinionem
2279 3582 2419 3638 hanc
2440 3597 2502 3637 ex
2536 3584 2831 3655 Scripturis
2857 3605 3016 3659 posse
3040 3581 3417 3663 comprobari,
3448 3606 3503 3653 et

1940 3672 2120 3742 aliqua
2142 3673 2261 3744 ejus
2284 3675 2511 3747 vestigia
2539 3677 2726 3734 haberi
2767 3681 2821 3735 in
2855 3680 3097 3752 Epistola
3134 3683 3196 3738 D.
3246 3684 3400 3741 Pauli
3432 3689 3502 3743 ad

1941 3762 2459 3837 Hebraeos.(45),uhi
2486 3771 2539 3825 in
2557 3770 2645 3825 die
2667 3772 2895 3839 septima
2922 3781 2976 3829 et
3003 3775 3057 3830 in
3089 3774 3326 3833 Sabhato
3345 3788 3504 3833 arter-

1941 3872 2066 3912 nam
2090 3859 2332 3928 requiem
2363 3860 2632 3932 designat.
2664 3863 2778 3936 Ego
2808 3874 2989 3921 autem
3030 3870 3297 3939 optimum
3338 3874 3500 3941 duco,

1940 3950 2075 4005 nihil
2106 3951 2209 4007 hac
2236 3952 2292 4007 in
2323 3955 2625 4024 quaestione
2676 3971 3001 4027 proponere,
3035 3976 3099 4017 ac
3126 3961 3252 4019 Jesu
3283 3964 3501 4020 (.hristo

1940 4044 2217 4100 adhaerere
2266 4055 2320 4101 et
2374 4046 2495 4116 ejus
2541 4048 2805 4117 apostolis
2851 4050 3192 4121 docentibus,
3229 4056 3501 4114 neminem

1942 4137 2180 4200 novisse,
2211 4153 2327 4207 qua:
2347 4135 2512 4191 Pater
2531 4140 2703 4207 posuit
2728 4142 2784 4193 in
2832 4151 3106 4213 potestate,
3144 4155 3196 4201 et
3228 4152 3506 4218 quomodo

1940 4238 2183 4285 extrema
2213 4228 2328 4284 dies
2360 4238 2585 4285 ventura
2616 4232 2708 4297 sit,
2757 4234 2913 4303 cujus
2943 4241 3303 4305 praecedentia
3347 4242 3502 4315 signa

1943 4490 2086 4546 enim
2126 4490 2378 4560 gentium
2413 4489 2635 4545 nomine
2671 4490 2849 4545 solum
2899 4491 3276 4560 intelliguntur
3334 4494 3505 4554 Phili-

1943 4558 2460 4631 stlizeigs'yro-Graaci
2479 4570 2640 4630 atque
2655 4561 3023 4617 Alexandrini.
3043 4558 3174 4619 Nam
3192 4566 3504 4626 immediate

1943 4631 2193 4700 praeesidit
2223 4630 2419 4685 ibidem
2455 4632 2806 4685 comminatio
2832 4633 3161 4690 visitationis
3184 4636 3380 4695 divina:
3405 4656 3503 4696 su-

1941 4716 2039 4770 per
2068 4701 2382 4778 A‘Igyptum,
2413 4709 2467 4778 et
2498 4716 2660 4770 super
2702 4702 3014 4778 Idumaeam,
3046 4713 3110 4778 et
3123 4720 3285 4778 super
3305 4709 3499 4778 Edoni,

1940 4781 1994 4848 et
2030 4770 2205 4848 super
2232 4770 2670 4848 lilios__Ammon._
2710 4770 3005 4848 Arabibus,
3046 4770 3394 4848 Ethibpibus
3446 4770 3502 4836 et

1940 4840 2244 4907 Nuhia’nis,
2318 4841 2548 4910 aliisque
2622 4843 2872 4912 plurimis
2936 4840 3279 4902 communem
3333 4850 3503 4907 fuisse

1939 4913 2230 4981 quamdam
2282 4911 2777 4976 circumcisionem,
2832 4914 3038 4969 scilicet
3092 4918 3366 4981 politicam
3436 4939 3501 4976 ac

1941 4982 2242 5050 profanam,
2285 4998 2349 5036 ex
2394 4997 2557 5036 causa
2586 4983 2761 5052 iplane
2798 4986 3053 5052 naturali,
3088 4982 3259 5043 Jobus
3301 4990 3499 5045 Ludol-

1939 5052 2079 5120 phus
2114 5052 2449 5130 demonstrat
2471 5052 2524 5104 in
2544 5051 2625 5130 ἈΞ
2633 5052 2892 5130 titiopicis,
2917 5053 3119 5130 Judaeis
3146 5067 3323 5113 autem
3357 5077 3496 5130 prae-

1939 5130 2097 5203 cepta
2115 5120 2293 5203 fuit_i_u
2316 5122 2652 5203 signaculum
2672 5120 2791 5176 lidei
2818 5126 2886 5180 de
2909 5126 3184 5181 nascituro
3206 5143 3271 5182 ex
3294 5120 3498 5184 semine

1936 5190 2167 5246 Abrahze
2226 5190 2451 5256 Messia;
2498 5193 2644 5262 quod
2698 5203 2889 5248 auctor
2939 5203 3129 5251 noster
3185 5200 3497 5255 nullatenus

1936 5272 2114 5315 necat.

2143 5331 2272 5402 Cap.
2292 5332 2596 5401 “11,9.11.

2028 5401 2118 5471 59)
2141 5401 2305 5456 Barn.
2343 5402 2539 5473 Epist.,
2568 5417 2691 5472 cap.
2720 5401 2808 5457 12.

2004 5474 2117 5543 (40)
2156 5473 2335 5539 lbid..,
2369 5490 2419 5527 c.
2455 5473 2540 5528 l5.

2003 5544 2115 5611 (41)
2152 5544 2289 5597 Ibid.

2007 5613 2119 5679 (42)
2159 5613 2361 5667 Psalm.
2400 5630 2623 5681 Lxxxtx,
2649 5616 2704 5671 ιί.

2007 5684 2129 5753 (45)
2173 5683 2424 5753 Epist.ad
2460 5684 2732 5755 Hebraeos,
2756 5703 2872 5757 cap.
2897 5705 2966 5745 tv.

3126 5783 3205 5840 23
