4066 6330
592 273 696 328 715

1732 277 1790 331 S.
1827 274 2194 332 BARNABAS
2235 227 2661 336 Αρθετόιυε.

3668 287 3749 342 716

594 397 953 465 pranuntiant
983 396 1227 468 quidem,
1281 408 1495 471 tempus
1546 410 1724 455 autem
1758 415 1867 454 non
1896 401 2231 460 determir-A
2257 410 2477 468 possent
2507 400 2562 455 in
2601 406 2973 470 contemptum
2999 397 3294 469 religionis,
3333 406 3534 453 tantum
3570 416 3758 475 progre—

594 500 745 555 nant,
772 489 933 546 sicuti
967 491 1381 562 peregitauctor
1409 492 1572 561 hujus
1596 491 1869 562 Epistula.

841 601 981 654 Aa'r.
1020 602 1088 656 Il.
1121 632 1189 641 —
1236 601 1631 657 Observationes
1661 604 1907 657 mora/es.

664 689 960 747 Videamus
987 692 1168 759 modo,
1198 709 1319 763 qua
1340 694 1485 749 circa
1510 710 1686 750 mores
1715 695 1889 749 tradat
1926 693 2014 747 hic
2050 709 2151 747 auo

594 789 731 835 ctor.
755 778 888 835 Post
926 781 1329 838 distinctionem
1359 783 1590 838 duarum
1620 785 1854 850 viarum,
1880 799 2016 853 quas
2055 798 2154 839 su-

593 887 693 941 pra
722 872 1040 938 memoravi,
1070 874 1357 945 utriusque
1387 885 1546 931 notas
1577 876 1816 931 exhibet.
1849 874 2152 944 insigniora

596 962 734 1017 lucis
765 978 929 1033 opera
952 974 1117 1020 sunt:
1173 966 1283 1019 imo
1306 966 1528 1037 diligere
1562 968 1870 1037 proximum
1904 977 2152 1022 nostrum

594 1054 881 1124 plusquam
935 1070 1036 1110 nos
1064 1053 1478 1128 ipsosuDiliges
1499 1059 1804 1128 proximum
1828 1068 1976 1114 tuum
2005 1060 2156 1128 plus-

595 1160 758 1213 quam
783 1144 1020 1199 animam
1052 1154 1199 1201 tuam
1227 1146 1593 1219 (44).!Agitur
1639 1150 1750 1216 hic,
1781 1159 1839 1205 ut
1863 1152 2155 1221 unicuique

597 1234 904 1301 innotescit,
926 1235 993 1291 de
1021 1237 1310 1293 dilectione
1336 1254 1460 1309 erga
1492 1241 1822 1311 proximum,
1846 1258 1967 1312 qua
1987 1243 2153 1298 vitam

594 1327 758 1381 etiam
783 1327 934 1382 daret
961 1344 1059 1398 pro
1090 1329 1208 1399 ejus
1240 1330 1437 1396 salute,
1472 1332 1520 1386 si
1548 1334 1766 1403 quando
1800 1351 1919 1391 sese
1942 1336 2151 1405 prabe-

592 1427 679 1473 ret
697 1420 949 1488 occasio;
998 1430 1048 1476 et
1072 1421 1200 1476 licet
1224 1423 1424 1493 gradus
1450 1425 1538 1480 hic
1561 1426 1865 1485 dilectionis
1893 1429 1946 1484 in
1974 1429 2154 1500 peric--

596 1512 860 1567 ctioribus
907 1514 1082 1568 solum
1114 1515 1511 1583 adinveniatur,
1568 1519 1924 1578 nihilominus
1946 1532 2153 1578 certum

596 1613 769 1658 estex
815 1602 1132 1672 Scripturis,
1190 1614 1245 1659 et
1292 1620 1359 1661 ex
1390 1607 1703 1675 traditione,
1731 1610 1797 1665 ad
1828 1611 1969 1666 hanc
2020 1611 2151 1668 dile-

596 1694 829 1750 etionem
855 1710 1044 1750 omnes
1067 1694 1271 1750 Christi
1303 1697 1487 1753 ﬁdeles
1530 1701 1585 1754 in
1622 1717 1818 1771 genere
1868 1704 2060 1769 teneri,
2098 1712 2153 1759 et

594 1798 851 1853 peccare,
886 1784 1015 1839 dum
1060 1787 1381 1842 occasiones
1405 1789 1683 1861 negligunt
1708 1794 1774 1846 ad
1819 1793 2151 1864 implendum

588 1883 946 1946 praeceptum,
971 1883 1117 1947 quod
1142 1880 1462 1936 naturaliter
1481 1884 1600 1937 ﬂuit
1627 1898 1690 1939 ex
1717 1896 1987 1957 pracepto
2021 1887 2155 1942 dile-

598 1971 792 2026 ctionis
806 1986 931 2042 erga
948 1970 1137 2027 Deum.
1165 1971 1437 2028 Tenemur
1459 1976 1680 2046 diligere
1700 1979 2006 2047 proximum
2032 1996 2155 2052 pro.

596 2071 716 2131 pter
742 2062 933 2131 Deum,
962 2073 1018 2119 et
1042 2065 1206 2119 Deum
1238 2065 1416 2135 ipsum
1450 2067 1503 2121 in
1528 2079 1715 2125 nostro
1753 2074 2003 2141 proximo
2032 2075 2157 2130 dili-

598 2155 809 2225 gimus:
840 2156 1033 2226 atquis
1052 2156 1283 2212 inliciari
1314 2158 1553 2227 audebit,
1586 2161 1783 2219 debere
1806 2179 1906 2220 nos
1934 2166 2156 2237 diligere

602 2245 769 2301 Deum
800 2247 1084 2318 plusquam
1107 2264 1206 2305 nos
1236 2250 1403 2320 ipsos,
1433 2260 1488 2306 et
1526 2255 1847 2325 sanguinem
1879 2257 2156 2315 eliuudere

600 2348 817 2408 propter
851 2339 970 2409 ejus
1008 2342 1286 2397 amorem?

618 2490 627 2501 η
666 2426 891 2497 Oportet
914 2432 1155 2486 secundo
1192 2435 1601 2493 communicare
1637 2437 1690 2492 in
1732 2442 1987 2503 omnibus
2029 2458 2154 2499 cum

600 2521 872 2589 proximo,
898 2534 952 2577 et
974 2523 1110 2577 nihil
1134 2526 1413 2596 proprium
1439 2529 1694 2585 retinere:
1727 2550 1746 2584 ι
1776 2533 2159 2591 Communlca-

600 2611 685 2666 bis
714 2611 766 2665 in
791 2614 1043 2669 omnibus
1067 2629 1192 2669 cum
1241 2618 1491 2687 proximo
1529 2628 1660 2688 tuo,
1709 2638 1810 2679 nec
1858 2624 2153 2695 quidquam

604 2703 752 2760 dices
769 2705 1049 2775 proprium
1084 2707 1219 2778 (45).
1254 2727 1275 2762 ι
1315 2708 1494 2781 Viguit
1518 2712 1606 2767 hic
1634 2728 1752 2769 mos
1781 2718 1922 2785 apud
1951 2718 2155 2787 primos

606 2798 810 2863 lideles,
844 2806 903 2852 ut
927 2808 1139 2854 constat
1181 2815 1246 2856 ex
1273 2802 1425 2857 Actis
1467 2805 1833 2873 apostolorum
1861 2810 1994 2880 (46).
2025 2810 2155 2867 Ter-

600 2890 677 2946 tio
706 2891 930 2962 diligere
975 2910 994 2943 ‹
1026 2901 1087 2947 ιιι
1121 2893 1377 2963 pupillam
1405 2897 1549 2950 oculi
1570 2912 1782 2966 omnes,
1816 2920 1835 2953 ι
1869 2904 1963 2972 qui
1994 2905 2154 2962 nobis

601 2984 897 3053 loquuntur
925 2985 1148 3038 verbum
1177 2985 1300 3040 Dei:
1330 3004 1348 3037 ι
1371 2986 1587 3057 Diliges,
1613 2997 1673 3043 ut
1698 2992 1956 3060 pupillam
1985 2997 2153 3063 oculi,

600 3090 817 3130 omnem
881 3075 972 3145 qui
1004 3076 1098 3130 tibi
1119 3076 1360 3148 loquitur
1385 3080 1608 3135 verbum
1633 3081 1869 3139 Domini.
1896 3105 1915 3139 ι
1947 3086 2153 3154 Quarto
2182 3082 2229 3143 C

600 3165 845 3220 conﬁteri
903 3174 1123 3237 peccata
1182 3178 1406 3223 nostra:
1470 3188 1487 3222 ι
1519 3170 1880 3239 Conﬁteberis
1933 3189 2153 3248 peccata

602 3265 714 3311 tua.
751 3274 769 3308 ι
803 3254 1040 3311 Tandem
1070 3272 1279 3327 cavere,
1295 3275 1361 3314 ne
1402 3277 1639 3331 unquam
1675 3264 1759 3319 «in
1781 3268 2029 3325 oratione
2057 3287 2153 3328 ac-

599 3350 856 3404 cedamus
877 3349 943 3404 ad
968 3348 1137 3405 Deum
1168 3352 1221 3406 in
1260 3355 1590 3412 conscientia
1610 3360 1750 3414 mala
1766 3362 1900 3433 (47).
1916 3383 1936 3417 ι
1956 3362 2156 3424 Praei-

601 3457 722 3513 pua
750 3443 831 3497 ha
879 3452 1007 3497 sunt
1035 3454 1176 3501 nota
1207 3446 1306 3501 via
1332 3446 1498 3504 lueis:
1536 3468 1555 3502 ‹
1586 3449 1710 3508 Hac
1740 3462 1843 3520 est,
1890 3456 2019 3513 dicit
2054 3475 2155 3517 au-

600 3546 740 3599 ctor,
765 3533 851 3588 via
880 3534 1039 3591 lucis.
1075 3554 1095 3587 ι

666 3655 814 3709 Inter
830 3666 992 3723 opera
1009 3654 1378 3722 tenebrarum,
1395 3657 1717 3717 notabiliora
1738 3674 1868 3719 sunt
1888 3666 2155 3724 idolorum

601 3745 851 3811 servitus,
884 3746 1181 3812 temeritas,
1209 3748 1372 3804 elatio
1404 3753 1706 3821 potestatis,
1732 3756 2029 3828 simulatio,
2061 3776 2157 3818 cor

600 3836 819 3908 duplex,
846 3836 1227 3906 homicidium,
1259 3841 1469 3910 rapina,
1503 3843 1682 3913 dolus,
1715 3851 1953 3914 malitia,
2000 3870 2156 3911 arro-

599 3928 813 4000 gantia,
867 3929 1210 3999 veneﬁcium,
1268 3933 1468 4004 magia,
1530 3939 1754 3994 avaritia
1783 3983 1798 4008 ,
1846 3945 2026 4002 nullus
2061 3948 2157 4007 Dei

599 4023 781 4078 timor.
825 4022 886 4075 ln
932 4020 1035 4078 hac
1060 4025 1405 4080 tenebrarum
1456 4028 1539 4083 via
1571 4032 1913 4090 continentur
1955 4042 2157 4108 pariter

598 4125 970 4185 persecutores
992 4117 1284 4181 bonorum,
1307 4133 1494 4175 osores
1517 4125 1780 4191 veritatis,
1808 4137 1863 4183 et
1888 4142 2155 4193 amatores

600 4206 900 4261 mendacii:
941 4224 959 4257 ί
996 4208 1055 4261 In
1089 4222 1193 4277 qua
1228 4210 1571 4267 tenebrarum
1596 4216 1855 4286 via'sunt,
1887 4222 2154 4282 bonorum

600 4308 974 4366 persecutores
1003 4337 1017 4361 ,
1071 4313 1261 4353 osores
1328 4301 1608 4371 veritatis,
1669 4319 1941 4369 amatores
2003 4332 2156 4372 men-

597 4386 739 4442 daeii
770 4389 904 4457 (48).
943 4408 961 4440 ι
1021 4388 1279 4455 Quinimo
1329 4400 1383 4446 et
1442 4393 1479 4448 ii
1515 4411 1726 4465 omnes,
1793 4404 1886 4472 qui
1927 4406 2154 4478 diligunt
2187 4414 2231 4470 D

598 4494 759 4542 vana,
785 4490 1171 4535 consectantur
1190 4487 1683 4544 remunerationem
1701 4533 1715 4558 ,
1744 4509 1854 4549 non
1886 4496 2152 4555 miseren—

598 4577 688 4622 tur
717 4567 919 4638 inopis,
950 4584 1057 4623 non
1086 4569 1335 4626 laborant
1371 4573 1425 4628 in
1472 4579 1700 4647 gratiam
1753 4583 1917 4652 illius,
1949 4589 2042 4657 qui
2069 4590 2151 4645 la-

598 4658 729 4712 bore
751 4670 815 4713 ac
841 4660 1101 4714 arumnis
1130 4661 1410 4720 conlectus
1464 4676 1567 4734 est,
1606 4671 1673 4725 ad
1704 4673 2150 4735 obtrectationem

596 4746 855 4817 prompti,
886 4758 1201 4805 aversantes
1232 4768 1485 4824 egenum,
1532 4758 1824 4829 alnigentes
1870 4766 2152 4839 amictum,

602 4837 868 4892 «divitum
900 4838 1491 4913 advocati,‘pauperum
1512 4848 1723 4918 judices
1771 4854 1963 4927 iniqui.
1986 4880 2005 4913 ι

668 4931 787 4985 Alio
815 4932 867 4985 in
894 4931 1139 5001 ejusdem
1170 4936 1411 5005 epistola
1456 4940 1600 5010 loco,
1624 4960 1734 5015 quo
1783 4950 1933 5007 abuti
1982 4956 2152 5028 aliqui

666 5185 779 5261 (ἦέ)
816 5185 1197 5261 Ep._Barnab.,
1227 5204 1347 5261 cap.
1388 5191 1474 5246 l9.

670 5256 783 5324 (1.5)
819 5257 951 5311 Ibid.

669 5326 779 5398 (ttj)
816 5326 1045 5398 Actuum
1076 5344 1196 5398 cap.
1224 5347 1263 5386 ιι
1291 5341 1344 5387 et
1366 5347 1441 5387 tv.

670 5394 783 5463 (47)
827 5394 980 5452 «Non
1006 5394 1229 5455 accedes
1252 5400 1318 5456 ad
1349 5402 1650 5457 orationem
1708 5410 1856 5462 tuam
1909 5407 2049 5462 mala
2089 5409 2141 5465 in

601 5467 1012 5543 εοιιβςῇθειιὶδ.)
1074 5468 1170 5540 Ep.
1198 5469 1387 5543 Barn.,
1419 5488 1539 5543 cap.
1565 5473 1653 5531 19.

672 5534 781 5610 (ᾀβ)
814 5535 925 5610 Ep.
952 5537 1098 5606 Bar.,
1118 5534 1247 5610 cap.
1279 5542 1371 5598 20.

668 5605 776 5678 (te)
814 5607 950 5678 lhid.
978 5605 1093 5678 cap.
1130 5605 1215 5666 10'.

664 5673 778 5746 (50)
821 5695 839 5726 ο
864 5673 1201 5749 Quapropter
1221 5681 1300 5739 sic
1318 5698 1467 5739 suem
1488 5683 1580 5750 ait,
1604 5686 1761 5755 quasi
1784 5686 2005 5757 diceret,
2039 5710 2143 5747 non

2252 493 2396 547 ditur
2419 509 2545 549 cum
2574 495 2852 565 allegoria,
2873 501 2932 546 ut
2958 492 3153 546 docere
3180 490 3439 555 videatur,
3470 488 3623 546 Deum
3643 510 3760 548 nun-

2252 600 2416 654 quam
2454 587 2693 642 voluisse
2718 584 3081 657 quorumdam
3104 583 3348 640 ciborum
3380 598 3533 637 usum
3560 582 3762 641 llehrais

2254 675 2613 743 interdicere;
2662 677 2756 732 sed
2777 674 3118 733 solummodo
3141 674 3418 727 horrorem
3459 672 3675 743 ingerere
3708 675 3766 731 de

2254 765 2322 821 iis
2345 767 2513 833 vitiis,
2550 782 2673 837 qua
2699 783 2795 838 per
2830 767 3046 822 diversa
3094 766 3182 819 illa
3220 764 3467 818 animalia
3491 763 3765 834 signiﬁcan-

2253 867 2379 913 tur:
2411 877 2429 910 ι
2458 861 2668 931 Itaque,
2714 859 2790 914 ait
2839 859 2949 925 ille,
2983 859 3295 912 mandatum
3330 855 3420 910 Dei
3469 872 3571 911 non
3598 866 3686 919 est,
3712 873 3767 913 ne

2254 951 2614 1018 manducent;
2643 951 2736 1007 sed
2762 948 2974 1023 Moyses
3008 966 3059 1005 In
3085 949 3277 1019 spiritu
3300 948 3512 1007 locutus
3534 958 3611 1002 est
3624 950 3762 1018 (49)..

2254 1042 2462 1113 Opinor
2495 1058 2596 1115 ego
2629 1050 2837 1097 textum
2868 1043 3011 1097 hunc
3042 1056 3151 1095 non
3206 1040 3281 1094 ita
3313 1039 3497 1095 stricte
3516 1048 3567 1094 et
3592 1039 3767 1095 littera-

2254 1134 2375 1191 liter
2398 1133 2774 1204 accipiendum
2806 1149 2947 1196 esse,
2976 1142 3036 1187 ut
3065 1148 3175 1186 non
3208 1132 3385 1201 possit
3406 1130 3461 1184 in
3504 1130 3770 1188 orthodoxe

2255 1243 2421 1283 sensu
2452 1227 2713 1299 intelligi:
2745 1227 2792 1283 si
2840 1241 2994 1281 mens
3028 1225 3171 1279 enim
3203 1224 3367 1293 hujus
3394 1222 3622 1277 auctoris
3654 1234 3773 1279 recte

2254 1319 2642 1390 perpendatur,
2670 1328 2724 1374 et
2755 1317 2899 1383 linis,
2949 1333 3111 1387 quem
3136 1315 3239 1372 sibi
3262 1313 3518 1385 proponit
3547 1330 3645 1368 una
3670 1331 3771 1370 cum

2255 1420 2370 1466 toto
2397 1419 2675 1477 contextu,
2734 1408 2893 1464 facile
2919 1409 3189 1464 constabit
3216 1418 3493 1463 auctorem
3533 1409 3583 1463 id
3634 1423 3773 1463 unum

2254 1503 2453 1558 docere
2473 1501 2634 1568 velle,
2666 1502 2873 1558 scilicet
2899 1501 3214 1556 mandatum
3242 1499 3338 1555 Dei
3372 1498 3603 1555 Hebrais
3635 1502 3777 1570 impoo

2255 1596 2418 1651 situm
2450 1594 2758 1650 abstinendi
2793 1610 2823 1649 a
2873 1594 3199 1664 quibusdam
3238 1593 3397 1659 cibis,
3447 1609 3550 1650 non
3598 1604 3775 1649 tantum

2254 1686 2610 1742 obstrinxisse
2629 1685 2770 1749 illos,
2790 1700 2858 1739 ne
2872 1699 2996 1739 vere
3012 1700 3074 1739 ac
3090 1686 3305 1739 realiter
3323 1685 3472 1739 hisce
3486 1685 3614 1739 cibis
3624 1702 3776 1742 vesce-

2257 1786 2474 1843 rentur;
2505 1792 2693 1830 verum
2722 1778 2908 1840 etiam,
2950 1785 3009 1832 ut
3040 1791 3101 1831 ea
3130 1786 3351 1846 peccata
3382 1776 3651 1831 horrerent
3681 1794 3776 1848 qua

2256 1870 2310 1922 in
2342 1868 2478 1923 cibis
2526 1867 2631 1922 illis
2651 1866 3137 1937 signiﬁcabantur:
3179 1868 3307 1922 hinc
3345 1868 3644 1923 immediate
3679 1879 3777 1939 post

2257 1959 2549 2014 adductum
2575 1967 2805 2028 textum,
2836 1958 2934 2025 ait,
2970 1959 3138 2015 Deum
3163 1960 3243 2014 sic
3277 1959 3598 2029 pracepisse
3639 1960 3777 2015 absti-

2256 2052 2493 2107 nentiam
2524 2067 2555 2105 a
2578 2066 2740 2106 carne
2765 2051 3008 2120 porcina,
3031 2052 3187 2121 quasi
3217 2051 3261 2105 si
3291 2050 3537 2116 dixisset,
3565 2049 3777 2104 homines

2256 2161 2364 2199 non
2394 2144 2589 2199 debere
2623 2143 2899 2198 adharere
2920 2138 3005 2202 iiS,
3020 2137 3110 2207 qui
3127 2134 3333 2192 similes
3347 2140 3776 2211 suntpot‘cls(50).

2256 2236 2323 2291 Et
2351 2235 2492 2291 infra
2517 2236 2746 2306 loquens
2790 2248 3003 2304 semper
3049 2233 3116 2288 de
3168 2232 3423 2286 ciborum
3471 2229 3779 2285 distinctione

2256 2335 2525 2397 pracepta
2562 2325 2616 2379 in
2639 2326 2755 2396 lege
2776 2324 3001 2396 Moysis,
3041 2323 3230 2390 tradit,
3273 2320 3494 2376 Judaos
3544 2320 3779 2389 accepisse

2257 2417 2421 2472 verba
2444 2417 2533 2470 illa
2560 2415 2780 2487 Moysis,
2807 2431 2873 2471 ac
2900 2415 2945 2470 si
2976 2414 3043 2470 de
3060 2414 3203 2470 escis
3235 2432 3253 2464 ι
3277 2413 3632 2482 simpliciter.»
3661 2411 3777 2480 egis-

2258 2515 2339 2562 set
2377 2505 2514 2575 (51).
2573 2505 2900 2560 Adverbium
2934 2507 3074 2572 hoc,
3118 2524 3136 2557 ι
3162 2505 3506 2574 simpliciter,
3532 2522 3550 2556 ι
3594 2517 3777 2559 omnem

2254 2595 2453 2651 enodat
2504 2593 2871 2651 diiIicultatem
2921 2595 3069 2650 allati
3106 2604 3333 2662 textus;
3380 2603 3588 2650 constat
3637 2593 3777 2657 enim,

2258 2690 2404 2746 hunc
2424 2696 2701 2744 auctorem
2735 2704 3017 2758 nunquam
3043 2687 3281 2742 voluisse
3309 2686 3527 2741 Judaos
3546 2686 3732 2741 solutos
3755 2699 3779 2737 a

2257 2793 2525 2853 pracepto
2548 2780 2853 2836 abstinendi
2888 2779 3107 2833 realiter
3138 2794 3168 2834 a
3197 2778 3335 2844 cibis
3373 2779 3428 2833 in
3468 2778 3580 2851 lege
3612 2779 3779 2841 vetitis,

2257 2875 2351 2930 sed
2378 2875 2539 2929 unice
2571 2871 2872 2927 intendisse
2903 2887 3004 2940 ope
3032 2869 3197 2940 hujus
3243 2872 3588 2928 abstinentia
3607 2886 3691 2927 eos
3712 2886 3781 2925 re-

2258 2965 2481 3020 trahere
2528 2978 2559 3017 a
2588 2961 2733 3016 vitiis
2759 2961 2831 3015 ibi
2864 2960 3191 3017 connotatis.

2290 3127 2431 3181 Aur.
2462 3122 2551 3177 lll.
2580 3154 2645 3164 -—
2682 3123 3076 3179 Observationes
3101 3125 3169 3177 ad
3197 3124 3543 3199 philologiam
3573 3142 3755 3182 sacram

2878 3205 3189 3264 spectantes.

2325 3313 2465 3369 Dum
2504 3310 2767 3366 Barnaba
2811 3321 2956 3382 gesta
2998 3309 3119 3368 fuse
3161 3314 3538 3384 prosequitur,
3573 3313 3784 3381 miraque

2256 3405 2459 3476 ingenii
2486 3402 2805 3459 dexteritate
2850 3402 3086 3457 illustrat
3115 3403 3199 3458 vir
3245 3403 3596 3460 doctissimus
3630 3396 3784 3458 Mazu-

2256 3497 2436 3562 cbius,
2469 3496 2678 3566 aliquot
2699 3495 2863 3548 etiam
2906 3494 3025 3565 ejus
3054 3496 3296 3565 epistola
3339 3498 3461 3553 loca
3483 3498 3681 3569 egregie
3702 3509 3784 3566 pro

2256 3604 2409 3645 more
2435 3603 2534 3645 suo
2564 3586 2839 3643 edisserit:
2876 3595 2936 3641 ut
2967 3588 3193 3657 proinde
3240 3604 3422 3658 opera
3449 3592 3666 3660 pretium
3715 3601 3785 3642 me

2257 3680 2529 3737 facturum
2557 3678 2887 3744 existimem,
2912 3678 2954 3734 si
2981 3678 3284 3736 luculentas
3310 3681 3463 3739 illius
3486 3681 3785 3738 observatio—

2257 3787 2355 3828 nes
2385 3786 2555 3826 sacra
2580 3770 2887 3841 philologia
2916 3764 3095 3827 studio
3125 3774 3461 3841 permultum
3504 3773 3784 3845 profuturas

2257 3865 2361 3920 hoc
2385 3864 2508 3919 loco
2535 3862 2837 3918 describam
2865 3863 3001 3933 (52).
3027 3862 3210 3921 Prima
3244 3866 3557 3925 observatio
3593 3867 3785 3936 respicit

2258 3961 2650 4024 caputsextum
2676 3953 2939 4022 epistola,
2972 3954 3116 4023 quod
3144 3956 3223 4010 sic
3248 3956 3444 4027 incipit
3466 3958 3603 4029 (55):
3630 3975 3647 4009 ι
3680 3958 3783 4011 Ὅτε

2255 4041 2346 4100 οὖν
2374 4044 2623 4115 ἐποίησεν
2652 4044 2867 4116 ἐντολήν
2892 4084 2907 4109 ,
2940 4055 3044 4100 etc.
3076 4046 3211 4101 Cum
3238 4058 3419 4104 autem
3466 4050 3587 4105 fecit
3615 4063 3784 4121 praceo

2256 4146 2407 4209 ptum
2434 4135 2882 4207 (Christus),quid
2912 4136 3078 4192 dicit?
3107 4139 3241 4204 Quis
3267 4148 3371 4205 est,
3401 4142 3494 4212 qui
3540 4143 3784 4213 jndicetnr

2264 4228 2516 4285 mecum?
2550 4246 2567 4279 ι
2613 4227 2680 4282 Et
2722 4240 2849 4297 qua
2875 4245 3039 4299 porro
3061 4246 3126 4285 ex
3157 4233 3308 4286 Isaia
3349 4249 3400 4299 ι..
3436 4235 3489 4299 8.
3539 4236 3570 4290 9
3600 4235 3781 4291 recitat.

2257 4319 2358 4375 Hie
2391 4318 2678 4375 observatu
2729 4334 2837 4373 non
2889 4321 3168 4391 indignum
3219 4333 3321 4391 est,
3354 4325 3590 4398 ἐντολήν,
3617 4343 3783 4397 prace-

2259 4418 2430 4480 ptum,
2455 4410 2721 4476 absolute,
2771 4420 2826 4465 et
2856 4426 2949 4480 per
2980 4414 3355 4470 excellentiam
3402 4420 3581 4474 vocari
3635 4419 3782 4473 Patris

2253 4488 2554 4571 jussionem
2596 4501 2661 4555 de
2691 4502 3071 4558 lncarnationc
3102 4514 3155 4558 et
3182 4516 3295 4562 toto
3324 4509 3572 4566 humana
3590 4526 3783 4580 reparao

2253 4592 2420 4648 tionis
2463 4593 2700 4663 negotio,
2749 4598 2895 4663 quod
2921 4595 3139 4660 ἐντολὰς
3161 4599 3255 4651 τοῦ
3289 4601 3521 4673 Πατρὸς,
3555 4614 3781 4672 praecepta

2254 4681 2458 4747 Patris,
2489 4684 2777 4751 vocatipse
2790 4683 3038 4740 Christus
3059 4685 3216 4745 Joan.
3244 4706 3330 4755 xv,
3361 4691 3447 4757 l0,
3477 4708 3540 4747 ac
3562 4692 3781 4748 fortassis

2258 4776 2523 4831 alluditur
2553 4791 2583 4829 a
2631 4776 2877 4831 Barnaba
2906 4777 2971 4831 ad
3008 4778 3137 4834 illud
3174 4781 3367 4851 psalmi
3415 4798 3602 4853 xxxix,
3644 4784 3693 4851 8,
3719 4785 3778 4838 9:

2258 4868 2401 4922 Tunc
2432 4868 2583 4921 dixi:
2610 4866 2744 4922 Ecce
2770 4871 2914 4924 venio
2945 4910 2960 4925 .
2990 4911 3004 4925 .
3033 4911 3048 4927 .
3078 4911 3093 4925 .
3141 4884 3197 4926 ut
3248 4875 3443 4943 faciam
3492 4877 3778 4932 voluntatem

2259 4970 2619 5020 tuam:auam
2658 4960 2994 5016 voluntatem
3030 4977 3157 5018 mox
3198 4964 3375 5036 legem
3429 4979 3614 5024 vocat:
3660 4966 3777 5021 Dm

2256 5203 2557 5328 adshaigelpis
2590 5202 2905 5259 hominibus
2936 5209 3155 5280 talibus,
3181 5217 3273 5287 qui
3307 5219 3647 5278 similessunt
3670 5234 3776 5291 por-

2256 5290 2301 5328 ci
2361 5292 2378 5322 ι
2506 5313 2519 5326 .

2252 5290 2346 5328 CIS.
2361 5290 2519 5326 ιιΒιι).

2321 5342 2433 5421 (51)
2476 5341 2732 5421 «Moyses
2758 5344 2823 5397 de
2871 5349 3015 5421 escis
3044 5353 3145 5407 tria
3195 5357 3409 5415 decreta
3442 5361 3646 5416 locutus
3685 5367 3771 5421 est.

2247 5410 2699 5501 illiverod‘udai',
2728 5415 2884 5483 quasi
2928 5419 2994 5474 de
3021 5423 3163 5479 escis
3206 5410 3767 5501 simplici—terwe'g-isset,‘

2248 5491 2591 5548 acceperunt.
2622 5502 2639 5533 ι
2674 5486 2806 5538 inin.
3095 5517 3097 5520 ‹

2317 5551 2437 5626 (βξ)
2464 5551 3101 5626 Μειῑοίξιιέᾷϐοιηπιθηιιιν.
3127 5564 3182 5618 in
3213 5577 3315 5623 vet.
3347 5569 3534 5626 Μαι-ιιι.
3574 5566 3767 5624 Kalend.

2229 5622 2369 5683 ,Vol.
2396 5620 2460 5685 ll,
2489 5638 2611 5691 pag.
2637 5624 2743 5677 572
2778 5657 2812 5667 -
2843 5628 2965 5682 574.

2318 5694 2434 5765 (53)
2475 5691 2645 5762 Epist.
2682 5693 2939 5762 Barnab.,
2976 5714 3093 5775 cap.
3136 5704 3206 5777 6.,
3241 5707 3322 5762 Iit.
3357 5710 3418 5767 (Σ.
