4066 6330
228 307 337 361 717

1559 301 1919 360 PROLEGOM
1926 302 2080 358 ENA.

3350 301 3451 355 7l8

227 442 374 479 utens
409 425 569 490 volui,
590 434 640 479 et
656 424 816 495 legem
844 429 987 476 tu‘am
1024 424 1080 476 in
1104 424 1268 477 medio
1298 422 1468 477 cordis
1498 424 1619 477 mei.
1663 421 1792 476 Ome
1820 429 1864 484 Α
1896 423 2096 487 sisset,
2134 436 2201 476 ex
2246 430 2387 474 terra
2470 418 2761 472 formatum
2812 430 2932 472 esse
2980 415 3174 470 Adam.
3230 414 3292 469 Et
3335 416 3449 469 bare

225 517 363 569 nino
394 516 496 570 hac
519 516 875 586 praeceptione
895 514 1079 568 divina
1122 515 1292 583 plenae
1322 524 1451 569 sunt
1503 515 1790 583 utriusque
1887 514 2049 567 etiam
2096 512 2294 566 ibidem
2341 510 2563 565 totidem
2597 508 2779 563 verbis
2808 505 3060 561 Clemens
3108 506 3273 561 refert
3323 520 3445 574 cap.

215 607 468 665 Fmderis
503 609 734 677 paginae:
770 608 873 662 hoc
899 615 1107 661 tantum
1147 607 1234 660 hic
1267 622 1463 660 novum
1485 648 1499 671 ,
1532 607 1676 671 quod
1724 622 1788 660 ea

227 693 324 748 hic
349 693 597 751 absolute
625 704 937 764 pneceptum
964 703 1325 763 nuncupetur.
1351 692 1420 747 At
1442 704 1594 749 vetus
1623 695 1787 748 inter-

226 800 359 855 pres
390 788 485 842 Dei
524 797 840 857 praeceptum
876 785 1130 853 reddidit,
1164 795 1223 841 ut
1245 786 1483 842 insolens
1530 787 1781 856 loquendi

227 893 404 949 genus
435 877 637 932 clarius
667 866 919 932 ediceret.

298 969 503 1025 Eodem
528 969 582 1023 in
610 969 787 1039 capite
831 969 995 1039 paulo
1030 977 1152 1038 post
1183 970 1296 1038 (54)
1328 969 1550 1024 recitato
1584 969 1783 1041 Moysis

223 1060 548 1117 testimonio
596 1061 662 1115 de
710 1058 1061 1130 adipiscenda
1092 1070 1235 1115 terra
1288 1060 1489 1115 ﬂuente
1546 1061 1684 1115 lacte
1730 1070 1784 1115 et

220 1152 410 1218 melle,
441 1152 624 1207 statim
652 1152 765 1206 haec
795 1153 977 1207 subdit
1004 1150 1319 1207 Barnabas:
1357 1172 1377 1203 ι
1413 1150 1554 1217 Quid
1579 1152 1722 1207 dicat
1749 1155 1781 1224 ὴ

220 1240 437 1304 Mat;
468 1240 736 1312 (cognitio,
770 1240 882 1295 sive
912 1242 1177 1310 scientia),
1208 1242 1431 1298 discite:
1471 1242 1692 1311 Sperate
1724 1243 1781 1297 in

218 1346 374 1397 eum,
396 1332 488 1401 qui
506 1333 559 1386 in
583 1348 746 1388 carne
774 1333 1203 1389 manifestandus
1217 1343 1300 1389 est
1319 1334 1491 1398 vobis,
1518 1332 1725 1389 Jesum.
1757 1354 1776 1386 ι

216 1421 1010 1490 Γνώσεωςωείθηιὶωμιοῐηὶηθ,
1032 1439 1145 1478 πενο
1160 1425 1454 1494 apostolico
1482 1425 1780 1483 intellectas

218 1511 397 1567 fuisse
419 1526 650 1567 arcanas
675 1521 728 1567 et
757 1513 1076 1582 allegoricas
1113 1512 1308 1566 veteris
1330 1512 1572 1568 Fmderis
1612 1513 1780 1582 signi-

216 1604 529 1669 ﬁcationes,
561 1619 720 1682 nemo
750 1604 981 1675 ignorat.
1018 1603 1094 1659 Ea
1123 1613 1205 1659 est
1235 1603 1403 1659 clavis
1432 1603 1691 1671 scientiae,
1724 1605 1777 1659 in

215 1711 331 1766 qua
376 1696 482 1752 sibi
530 1696 665 1766 legis
705 1696 911 1765 peritos
947 1696 1216 1765 placuisse
1243 1737 1258 1761 ,
1289 1696 1539 1751 Christus
1573 1698 1779 1752 notavit

1891 603 1977 657 Vll
2023 604 2167 675 (57),
2216 603 2377 657 sicuti
2415 602 2577 656 etiam
2627 601 2681 654 in
2729 598 3084 669 sequentibus
3133 598 3443 668 capitibus,

1885 695 2086 765 pluries
2141 693 2271 748 illud
2336 692 2649 764 προσέχετε,
2708 690 3000 754 attendite,
3054 691 3441 756 intercaletur,

1884 785 2027 855 quod
2055 783 2331 854 peculiare
2359 791 2443 836 est
2472 780 2911 851 ἀλληγορούντων
2930 820 2944 843 ,
2990 779 3054 833 ad
3088 781 3440 833 attentionem

1884 874 2203 929 acuendam.
2234 872 2366 941 Cap.
2398 870 2464 924 IX
2492 870 2639 941 (58):
2682 870 2837 923 Ἀλλὰ
2875 872 2968 924 καὶ
3010 873 3114 935 iri;
3138 868 3303 941 Σύρος
3350 870 3443 923 καὶ

1886 965 2067 1035 Ἄραψ
2108 965 2201 1018 καὶ
2230 964 2428 1025 πάντες
2451 963 2499 1015 οἱ
2528 963 2687 1033 ἱερεῖς
2709 961 2817 1015 τῶν
2847 961 3076 1015 εἰδώλων
3095 1000 3109 1024 ,
3156 970 3286 1027 etc.,
3321 976 3443 1029 qua:

1882 1056 1962 1111 sic
1985 1055 2171 1110 Latine
2218 1056 2379 1109 vertit
2419 1053 2500 1106 vir
2543 1052 2883 1108 clarissimus
2912 1051 3213 1106 Cotelerius
3252 1050 3441 1104 doctor

1884 1146 2286 1203 Sorbonicus...
2346 1166 2363 1198 ι
2422 1147 2621 1199 Verum
2651 1154 2704 1221 et
2733 1145 2911 1199 omnis
2946 1142 3116 1214 Syrus
3144 1150 3197 1196 et
3226 1141 3399 1196 Arabs
3420 1178 3440 1205 ,

1880 1247 1935 1293 et
1970 1254 2161 1294 omnes
2208 1238 2475 1293 idolorum
2524 1237 2835 1291 sacerdotes
2881 1234 3367 1289 circumciduntur.
3413 1250 3433 1283 ι

1880 1328 2013 1396 Quae
2037 1328 2232 1383 merito
2260 1327 2629 1382 diﬁicultatem
2655 1334 2930 1381 crearunt.
2958 1323 3157 1380 Verum
3190 1324 3304 1380 haec
3330 1340 3439 1377 non

1880 1430 2008 1477 sunt
2039 1422 2104 1475 ad
2139 1420 2466 1475 severiorem
2507 1421 2765 1474 trutinam
2797 1419 3057 1485 exigenda
3079 1458 3095 1485 ,
3135 1419 3229 1473 sed
3260 1434 3440 1488 παχυ-

1876 1514 2069 1583 τέρως,
2104 1511 2470 1577 crassiuscule,
2495 1509 2806 1580 accipienda
2855 1512 3000 1565 hunc
3035 1510 3202 1564 ferme
3236 1510 3289 1564 in
3323 1525 3441 1563 mon
3530 1568 3541 1575 ί

1877 1602 2042 1657 dum:
2074 1599 2262 1669 Quivis
2292 1600 2495 1671 Syrus,
2538 1600 2717 1669 quivis
2752 1599 2961 1666 Arabs,
2996 1600 3174 1668 quivis
3215 1601 3439 1655 simula-

1878 1710 2093 1749 crorum
2147 1693 2401 1748 sacerdos
2448 1692 2923 1747 circumcisionem
2977 1691 3230 1745 admittit.
3285 1693 3434 1747 Aut:

216 1761 357 1854 (-53).
388 1784 456 1839 At
495 1761 609 1839 hoc
636 1761 869 1854 amplius
900 1761 988 1839 hic
1017 1785 1516 1850 animadvertimus,
1550 1786 1774 1854 Γνῶσιν,
1807 1761 1850 1816 Β
1878 1783 1955 1839 Ne
1996 1784 2118 1857 Syri
2162 1784 2382 1854 quidem
2418 1792 2472 1838 et
2506 1783 2710 1838 Arabes
2739 1791 2792 1837 et
2818 1780 3032 1852 profani
3066 1783 3375 1838 sacerdotes
3405 1799 3436 1837 a

214 1880 515 1942 scientiam,
539 1879 696 1949 quasi
737 1879 934 1955 librum
974 1878 1162 1941 citari,
1201 1888 1254 1932 et
1294 1894 1358 1932 ex
1393 1893 1459 1934 eo
1486 1880 1656 1933 verba
1687 1880 1777 1934 illa

215 1970 487 2041 proferri:
517 1968 773 2039 Sperate,
803 1978 908 2023 etc.
940 1968 1096 2034 Quod
1134 1969 1351 2038 quidem
1396 1984 1461 2023 ex
1501 1968 1778 2026 Clemente

214 2060 588 2115 Alexandrino
624 2059 737 2130 (56)
763 2100 777 2125 ,
813 2059 983 2113 multo
1023 2066 1106 2114 est
1145 2059 1449 2113 evidentius
1472 2100 1487 2125 ,
1524 2060 1617 2113 ubi
1664 2059 1778 2113 haec

212 2152 383 2207 verba
410 2166 477 2204 ex
508 2149 755 2203 Barnaba
779 2150 857 2203 sic
882 2150 1200 2212 recitantur,
1227 2157 1284 2202 ut
1311 2148 1493 2221 φησιν,
1520 2150 1664 2219 quod
1689 2148 1778 2203 hic

210 2244 391 2307 deest,
415 2243 757 2311 suppleatur:
783 2239 924 2306 Quid
941 2240 1084 2295 dicat
1104 2238 1586 2310 coguitio,disrite:
1600 2239 1779 2295 Ἐλπι-

212 2355 368 2401 dare,
397 2339 579 2408 φησὶν,
614 2337 706 2389 ἐπὶ
730 2333 821 2387 τὸν
868 2342 1001 2399 etc.,
1023 2334 1262 2404 Sperate,
1293 2331 1502 2403 inquit,
1548 2336 1602 2389 in
1627 2350 1742 2388 eum
1761 2373 1775 2397 ,

206 2438 345 2495 etc.,
368 2430 444 2483 uti
462 2443 645 2497 supra.
679 2423 781 2481 Ubi
810 2422 1216 2488 animadvertis,
1248 2422 1377 2476 illud
1407 2421 1570 2491 φησίν
1596 2421 1775 2475 aﬂ‘erri

205 2540 280 2579 ex
304 2539 398 2578 ore
422 2520 711 2583 Barnabas,
742 2517 930 2587 utique
958 2531 1024 2571 ex
1054 2515 1411 2587 Cognitionis,
1447 2517 1558 2569 sive
1589 2513 1777 2568 Scien-

208 2615 302 2669 tize
332 2614 473 2667 libro
513 2610 752 2666 citantis.
799 2607 988 2663 Plures
1046 2607 1175 2661 olim
1239 2606 1408 2660 fuisse
1463 2604 1773 2674 hujusmodi

206 2702 460 2759 Scientiw
488 2702 658 2756 libros
694 2698 1076 2763 circumlatos,
1128 2697 1197 2751 ab
1239 2695 1441 2750 Judaeis
1485 2695 1773 2764 allegorica

205 2794 547 2850 sectantibus
598 2792 935 2860 conscriptos
960 2831 975 2856 ,
1026 2804 1133 2843 non
1171 2799 1255 2843 est
1283 2787 1530 2842 dubium.
1560 2786 1641 2841 Ad
1681 2775 1774 2841 eos

205 2902 342 2957 ergo
367 2885 643 2939 Barnabas
675 2884 992 2953 plerumque
1027 2881 1240 2950 ablegat
1276 2880 1504 2934 lectores
1526 2920 1542 2946 ,
1582 2880 1673 2933 ubi
1706 2880 1774 2934 ad

194 2976 503 3045 ‘allegorias
529 2975 847 3045 digreditur.
889 2971 1108 3028 Scimus
1142 2971 1433 3025 hodiedum
1475 2972 1528 3025 in
1564 2970 1770 3040 Targu-

206 3071 340 3122 mim
384 3069 502 3122 loca
538 3067 817 3136 complura
858 3064 926 3118 ad
970 3062 1220 3119 Messiam
1265 3063 1487 3118 referri:
1528 3062 1673 3141 quod
1704 3078 1769 3117 ex
1798 3100 1841 3158 ο

203 3161 398 3215 eadem
430 3158 633 3212 Γνὼσει
671 3157 931 3213 manavit.

278 3251 587 3307 Notandum
621 3259 706 3306 est
735 3261 916 3305 autem
955 3251 1009 3305 in
1047 3250 1282 3320 ascripto
1314 3250 1467 3316 loco,
1518 3252 1621 3306 etsi
1653 3265 1773 3307 om-

204 3344 299 3398 nia
326 3342 507 3397 verbis
530 3341 748 3395 totidem
777 3356 843 3396 ex
871 3338 1072 3394 Γνώσει
1094 3341 1409 3407 recitentur,
1435 3340 1565 3394 illud
1590 3348 1772 3396 tamen

218 3432 429 3505 Ἰησοῦν
448 3475 463 3499 ,
492 3431 675 3486 Jesum
694 3474 708 3498 ,
739 3433 885 3501 quod
913 3432 978 3486 ad
1011 3433 1168 3486 linem
1199 3431 1434 3500 additur,
1473 3447 1536 3486 ex
1567 3431 1773 3487 Barna-

206 3528 292 3581 δε
341 3540 505 3580 manu
556 3523 891 3593 profectum,
942 3540 1049 3577 non
1094 3524 1163 3578 ab
1215 3532 1435 3578 auctore
1478 3522 1769 3589 Γνώσεως,

205 3634 373 3690 quem
405 3618 623 3688 quidem
653 3617 899 3671 Judaeum
930 3616 1098 3672 fuisse
1130 3631 1350 3672 necesse
1379 3624 1482 3671 est.
1526 3617 1768 3687 alioquin

206 3727 237 3765 a
282 3710 533 3763 Barnaba
582 3707 799 3763 Iudaeos
841 3709 1158 3763 convicturo
1200 3708 1423 3762 minime
1468 3707 1766 3762 citandum.

203 3801 434 3857 Judmus
477 3809 655 3856 autem
689 3800 940 3856 Messiam
982 3807 1171 3865 norat,
1217 3797 1400 3853 Iesum
1440 3814 1548 3854 non
1589 3807 1767 3854 norat.

207 3892 413 3949 Statim
464 3893 661 3947 ibidem
712 3892 993 3963 sequitur:
1046 3909 1065 3942 ι
1115 3889 1289 3944 llomo
1322 3890 1468 3945 enim
1550 3888 1622 3959 γῆ
1655 3890 1771 3942 ἐστι

205 3986 514 4055 πάσχουσα,
543 3992 686 4039 terra
716 3991 799 4038 est
827 3983 1056 4053 patiens.
1096 4002 1115 4035 ι
1161 3982 1399 4053 Apparet
1442 3982 1530 4037 hic
1567 3980 1771 4037 Barna-

208 4079 377 4141 bam,
426 4084 519 4130 aut
562 4075 811 4145 quisquis
838 4084 923 4129 est
951 4083 1173 4139 auctor,
1224 4073 1560 4143 philosophis
1610 4087 1770 4127 aures

208 4166 539 4223 admovisse.
568 4163 705 4219 Nam
736 4164 863 4218 illud
886 4163 1188 4232 πάσχουσα,
1203 4162 1425 4230 patiens,
1450 4161 1516 4216 ad
1533 4160 1772 4230 philoso-

206 4262 446 4331 phorum
475 4258 725 4328 τεχνικὴν
775 4256 1020 4325 γλῶτταν
1069 4254 1381 4324 (terminum
1438 4250 1769 4321 technicum)

206 4362 293 4409 est
320 4351 685 4415 referendum,
714 4364 821 4419 qua
853 4347 1135 4402 materiam
1164 4347 1277 4414 pati
1303 4345 1572 4400 dicebant.
1611 4362 1629 4395 ι
1664 4341 1771 4398 Ho-

1877 1880 2294 1935 circumcisioue
2325 1880 2641 1934 abhorrent.
2674 1876 2807 1932 Nam
2840 1879 2969 1947 quia
3012 1879 3152 1933 inter
3186 1878 3351 1950 Syros
3384 1888 3439 1934 et

1875 1969 2081 2024 Arabes
2105 2010 2120 2035 ,
2156 1969 2404 2037 interque
2434 1966 2697 2036 profanos
2741 1969 3050 2023 sacerdotes
3091 1977 3275 2023 essent
3296 2010 3311 2035 ,
3344 1969 3439 2038 qui

1877 2060 1971 2115 illo
2004 2074 2061 2115 se
2092 2061 2254 2115 modo
2285 2060 2605 2135 mundiores
2648 2066 3004 2128 praestarent;
3051 2058 3206 2114 licuit
3233 2058 3438 2135 Barna—

1876 2151 1958 2206 bas
1995 2152 2241 2221 apostolo
2275 2151 2487 2217 dicere,
2519 2151 2992 2205 circumcisioncm
3030 2134 3338 2220 promiscue
3369 2153 3437 2206 ab

1876 2241 1986 2296 illis
2014 2241 2291 2310 usurpari.
2322 2239 2457 2307 Quis
2482 2257 2591 2295 non
2625 2242 2677 2295 in
2706 2242 2905 2297 talibus
2933 2243 3132 2297 similia
3164 2244 3439 2312 loquitur?

1875 2330 2144 2387 Ceterum
2173 2332 2413 2386 Arabum
2448 2330 2711 2402 plurimos
2743 2332 2911 2388 fuisse
2940 2349 3154 2403 verpos,
3188 2334 3349 2389 sicuti
3382 2344 3438 2389 et

1877 2422 2186 2479 sacerdotes
2236 2421 2523 2494 Egyptios
2548 2464 2563 2487 ,
2604 2439 2709 2476 non
2740 2433 2821 2478 est
2850 2425 3098 2478 dubium.
3152 2424 3227 2479 Ac
3268 2441 3336 2478 ne
3370 2426 3438 2480 de

1877 2512 2029 2585 Syris
2054 2514 2275 2583 quidem
2305 2523 2387 2569 est
2411 2514 2852 2580 dubitandum,si
2872 2515 3090 2583 quidem
3122 2531 3306 2571 verum
3342 2518 3433 2581 sit,

1875 2602 2016 2671 quod
2050 2602 2255 2671 antiqui
2293 2602 2660 2669 crediderunt,
2691 2601 2981 2658 thnices
3010 2605 3312 2674 περιτομὴν
3339 2606 3436 2660 ad-

1875 2691 2111 2747 misisse.
2161 2688 2416 2762 Origenes
2463 2693 2529 2749 ad
2580 2691 2742 2747 Rom.
2778 2709 2851 2758 n,
2881 2693 2985 2759 25,
3035 2694 3176 2748 inter
3211 2704 3435 2751 caeteros

1873 2780 2309 2836 circumcisionis
2349 2780 2585 2837 cultores
2619 2784 2781 2837 etiam
2814 2782 3100 2839 Phoenices
3132 2786 3436 2839 numeravit

1875 2874 1959 2928 his
1986 2874 2163 2928 verbis
2190 2891 2204 2927 :
2243 2893 2261 2926 ε
2294 2871 2353 2928 Si
2398 2875 2674 2944 replicatis
2706 2876 2964 2930 historias
2995 2886 3235 2943 vestras,
3285 2878 3434 2931 inve-

1873 2963 2033 3018 nietis
2080 2979 2189 3019 non
2238 2965 2417 3019 solum
2461 2964 2838 3037 Egyptiorum
2887 2969 3231 3033 sacerdotes,
3260 2971 3352 3025 sed
3378 2978 3435 3025 et

1872 3052 2103 3123 Arabas,
2133 3065 2188 3112 et
2206 3055 2514 3129 Egyptios,
2546 3057 2852 3126 thnices,
2893 3060 3160 3129 aliosque,
3195 3076 3430 3131 quorum

1875 3150 2054 3205 studia
2123 3153 2295 3221 gratia
2359 3153 2669 3223 huiusmodi
2738 3155 3143 3223 superstitionis
3197 3156 3434 3212 nobilius

1876 3240 2078 3310 vigent.
2118 3260 2137 3293 ι

1942 3331 2074 3402 Cap.
2096 3331 2215 3387 XVI
2242 3349 2253 3383 :
2287 3333 2508 3390 «Adhuc
2528 3344 2580 3389 et
2603 3336 2670 3390 de
2686 3337 2886 3406 templo
2901 3337 3075 3392 dicam
3095 3339 3269 3403 vobis,
3297 3357 3435 3411 quo-

1873 3423 2034 3476 modo
2061 3432 2303 3478 errantes
2327 3425 2530 3488 miseri,
2559 3425 2650 3477 ὲπὶ
2672 3425 2768 3496 τὴν
2791 3426 2906 3479 ὁδὸν
2930 3426 3180 3499 ἤλπισαν,
3212 3431 3264 3484 in
3294 3433 3432 3486 viam

1873 3520 2246 3581 speraverunt,
2276 3522 2329 3566 et
2355 3528 2462 3567 non
2487 3514 2539 3567 in
2572 3514 2742 3569 Deum
2774 3518 2949 3586 ipsum
2977 3559 2991 3581 ,
3021 3521 3113 3588 qui
3145 3521 3271 3575 fecit
3299 3538 3393 3578 eos
3415 3560 3431 3587 ,

1873 3601 2031 3671 quasi
2056 3602 2252 3657 domus
2276 3601 2368 3656 Dei
2397 3614 2542 3658 esset
2565 3605 2701 3675 (59).
2742 3625 2760 3657 ι
2798 3605 2898 3662 llic
2928 3624 3032 3662 non
3064 3620 3146 3664 est
3171 3611 3393 3665 dubium
3415 3654 3429 3676 ,

1873 3694 2006 3763 quin
2040 3693 2179 3760 ὁδοῦ,
2214 3696 2334 3761 viai,
2366 3696 2583 3751 nomine
2611 3698 2866 3767 templum
2898 3701 3112 3755 veniat:
3145 3720 3269 3757 nam
3295 3714 3348 3757 et
3377 3706 3431 3758 in

1874 3787 2073 3857 templo
2098 3798 2261 3842 totam
2286 3787 2595 3843 Iudaeorum
2626 3791 2879 3845 liduciam
2910 3792 3078 3848 fuisse
3108 3798 3430 3864 repositam,

1873 3888 2027 3933 notat
2056 3880 2147 3934 illa
2175 3880 2403 3935 celebris
2429 3881 2827 3935 conclamatio:
2883 3882 3153 3952 Templum
3185 3887 3399 3940 Domini
3414 3927 3430 3949 .

1875 3970 2123 4040 templum
2168 3971 2398 4037 Domini,
2440 3981 2492 4026 et
2520 3973 2663 4042 quod
2696 3972 2848 4029 initio
2897 3984 3081 4029 noster
3119 3977 3187 4029 de
3230 3980 3433 4047 templo

1873 4062 2157 4132 proposuit
2199 4062 2379 4117 dicere
2421 4063 2641 4133 etquod
2690 4078 2813 4116 mor
2865 4064 3268 4137 subdit':thsi
3321 4069 3432 4137 (via

1874 4162 2083 4206 scnrcet
2112 4154 2224 4224 illa)
2252 4155 2438 4207 domus
2472 4154 2568 4209 Dei
2598 4163 2749 4209 esset.
2780 4154 2925 4210 Vidit
2949 4166 3001 4211 et
3027 4158 3129 4212 hoc
3158 4168 3311 4215 vetus
3343 4161 3429 4213 in-

1876 4251 2118 4314 terpres,
2157 4247 2249 4316 qui
2304 4262 2406 4317 pro
2449 4246 2567 4300 ὁδόν
2606 4246 2824 4317 (viam)
2878 4250 3062 4317 posuit
3108 4250 3290 4305 aedem.
3342 4250 3433 4307 Sic

1873 4342 2018 4396 enim
2050 4338 2281 4394 reddidit
2304 4355 2320 4392 :
2351 4336 2417 4390 In
2441 4337 2603 4391 autem
2625 4354 2766 4407 spem
2791 4339 3106 4397 habuerunt.
3131 4342 3431 4399 Cotelerius

206 4461 302 4501 mo
330 4485 344 4511 ,
387 4443 601 4512 inquit,
648 4449 824 4497 estex
856 4449 1033 4504 terra,
1085 4457 1103 4489 ι
1140 4452 1249 4492 non
1278 4437 1493 4508 quidem
1540 4443 1764 4506 agente,
1802 4434 1842 4488 Ι)
1871 4432 2091 4503 quidem
2133 4431 2200 4485 ad
2245 4430 2494 4499 quaedam
2532 4428 2823 4484 Seniorum
2858 4430 2977 4487 loca
3025 4432 3257 4489 allusum
3308 4450 3433 4490 sns-

207 4536 307 4592 sed
337 4535 591 4605 patiente.
622 4532 791 4601 Cujus
822 4531 1006 4587 statim
1034 4529 1298 4584 rationem
1330 4527 1506 4583 reddit
1532 4526 1619 4581 his
1649 4541 1769 4581 ver-

206 4623 334 4678 bis:
370 4642 389 4675 r
438 4621 567 4674 Ἀπὸ
596 4620 884 4693 προσώπου
922 4620 1030 4691 γὰρ
1070 4619 1169 4689 τῆς
1204 4617 1308 4687 γῆς
1355 4620 1389 4687 ἡ
1437 4616 1629 4679 πλάσις
1674 4612 1769 4667 τοῦ

220 4712 399 4783 Ἀδὰμ
434 4712 665 4779 ἐγένετο.
709 4708 755 4762 A
798 4706 935 4763 facie
962 4706 1105 4762 enim
1142 4716 1300 4761 terra:
1330 4706 1474 4761 ﬁctio
1510 4706 1627 4779 (seu
1659 4703 1770 4757 for-

210 4798 539 4871 matio)Ad:e
576 4798 801 4855 exstitit.
840 4816 859 4848 ι
901 4795 1004 4851 Ubi
1044 4795 1407 4866 pulcherrima
1451 4793 1772 4848 Hellenista-

209 4909 339 4950 rum
368 4892 572 4948 locutio
605 4889 864 4946 occurrit.
901 4886 1228 4942 Hebraicum
1273 4885 1417 4941 enim
1452 4891 1591 4942 ’.ΕΒ
1632 4882 1772 4952 Mip-

210 5000 344 5055 pene
380 4981 565 5053 (quod
592 4978 762 5036 Judaei
788 4976 1096 5033 Hellenista:
1127 4982 1387 5045 perpetuo
1406 5013 1421 5037 ,
1467 4974 1574 5026 ἀπὸ
1602 4990 1771 5044 προσ-

210 5081 389 5145 ώπου,
445 5076 547 5131 hoc
569 5083 674 5142 est,
702 5091 734 5127 a
761 5073 898 5143 facie
921 5069 1174 5139 reddunt)
1204 5067 1502 5139 quamlibet
1526 5082 1767 5132 causam,

212 5169 382 5224 etiam
410 5164 769 5227 materialem,
803 5161 881 5217 uti
916 5157 1223 5230 phi1030phi
1253 5157 1552 5227 loquuntur
1572 5195 1587 5220 ,
1619 5155 1767 5210 desi-

210 5270 364 5335 gnat.
396 5258 537 5329 Ergo
564 5254 899 5311 tantumdem
936 5261 1041 5319 est,
1081 5266 1113 5303 a
1140 5251 1274 5320 facie
1305 5260 1480 5315 terrae,
1510 5262 1575 5303 ac
1603 5247 1651 5301 si
1686 5248 1769 5302 di-

282 5502 400 5572 (54)
439 5501 536 5572 Ep.
565 5497 821 5572 Barnab.,
846 5512 965 5568 cap.
989 5496 1044 5562 6,
1074 5494 1174 5549 sub
1200 5496 1280 5550 lit.
1317 5496 1369 5551 Β.

287 5567 403 5655 es
440 5567 574 5655 Eilc-

286 5637 401 5711 (56)
443 5642 666 5705 Strom.,
699 5639 792 5711 l_ib.
819 5656 871 5703 ν,
903 5654 1021 5708 cap,

289 5704 403 5784 (57)
443 5704 673 5766 Barnab’.
703 5708 894 5777 Epist.,
917 5704 1034 5779 ca'p.
1062 5709 1114 5777 7,
1140 5723 1261 5778 pag.
1295 5708 1424 5770 Ιὲἳ,
1455 5710 1490 5764 l.
1532 5704 1764 5775 D,apud

1873 4523 2083 4592 picatur
2106 4560 2121 4586 ,
2153 4520 2207 4573 in
2236 4519 2434 4588 quibus
2460 4518 2579 4581 ὁδός
2618 4518 2868 4574 similiter
2910 4536 3009 4590 pro
3047 4524 3247 4593 templo
3285 4526 3431 4581 sumi

1872 4626 2033 4682 posse
2064 4610 2294 4665 videtur.
2324 4608 2522 4664 Verum
2550 4619 2606 4665 et
2632 4609 2721 4665 hic
2748 4609 3045 4677 Barnabas,
3076 4624 3129 4668 et
3171 4615 3241 4669 ibi
3284 4615 3426 4671 LXX

1870 4702 2043 4767 οὐδόν,
2069 4701 2248 4768 limen,
2280 4700 2565 4771 scripsisse
2590 4701 2863 4767 videnlur,
2890 4714 3152 4760 consueto
3181 4708 3432 4763 schema-

1872 4801 1925 4847 te
1953 4800 2186 4855 utentes,
2202 4806 2311 4862 quo
2338 4806 2463 4860 pars
2489 4805 2585 4859 pro
2607 4799 2722 4845 toto
2750 4794 3006 4858 sumitur,
3032 4804 3085 4848 et
3105 4809 3216 4864 quo
3241 4796 3431 4852 hodie-

1871 4883 2001 4939 dum
2034 4884 2269 4949 utimur,
2319 4883 2411 4937 ubi
2454 4882 2639 4936 limina
2680 4884 3040 4953 apostolorum
3090 4886 3321 4943 invisere
3347 4890 3432 4943 di-

1873 4974 2068 5028 cimur.
2099 4971 2406 5045 Legendum
2442 4982 2523 5028 est
2564 4974 2730 5043 igitur
2772 4974 2862 5027 ἐπὶ
2900 4974 2991 5028 τὸν
3026 4976 3179 5030 οὐδὸν
3211 5017 3227 5031 .
3251 5018 3266 5032 .
3287 5018 3301 5031 .
3329 5018 3343 5031 .
3373 4981 3430 5033 in

1871 5062 2070 5129 limine,
2104 5063 2207 5116 hoc
2227 5070 2331 5127 est,
2365 5062 2552 5132 templo
2594 5079 2736 5131 spem
2780 5062 3113 5119 collocanles.
3159 5064 3429 5125 Cancrum

1873 5153 1920 5208 si
1949 5153 2227 5209 Barnabas
2254 5155 2417 5220 viam,
2452 5155 2549 5224 τὴν
2572 5154 2707 5219 ὁδόν,
2738 5156 2814 5210 uti
2842 5172 2987 5211 nunc
3025 5156 3220 5227 legitur
3244 5199 3259 5222 ,
3293 5158 3430 5212 scri-

1872 5246 2001 5301 bere
2020 5247 2300 5313 voluisset,
2327 5247 2395 5303 ad
2422 5246 2581 5302 linem
2609 5242 2772 5303 οὖσαν
2800 5248 3092 5319 posuisset,
3134 5264 3242 5304 non
3276 5248 3427 5317 ὄντα,

1879 5495 2242 5551 Gallandium.

1967 5565 2056 5635 58)
2095 5566 2319 5631 Ibidem,
2346 5580 2398 5633 p.
2430 5566 2552 5620 ηε.

1943 5573 2056 5705 ἱὸδ)
2095 5573 2319 5648 Ibidem,
2346 5580 2398 5633 p.
2430 5573 2552 5620 125.

1969 5636 2059 5705 59)
2098 5636 2320 5704 Ibidem,
2354 5651 2405 5705 p.
2441 5638 2561 5701 135,
2586 5638 2652 5695 A.
