4066 6330
635 280 734 336 719

1799 282 1856 337 8.
1900 282 2263 338 BARNABAS
2293 282 2717 345 APOSTOLUS.

3690 305 3769 364 η’.)
3824 320 3839 391 ξ⁴

634 403 776 474 quod
814 404 1029 458 nonnisi
1060 405 1134 475 τῷ
1166 406 1347 458 οὐδόν
1375 408 1666 462 convenit-z
1696 409 1809 471 ὼς,
1842 407 2041 477 inquit,
2073 407 2180 460 ὅντε

2302 407 2473 475 οὐδόν,
2502 407 2844 462 rustodientis
2877 406 3036 461 limen
3074 407 3221 478 (nam
3244 404 3418 465 Hebr.
3445 422 3518 469 est
3533 419 3657 488 sapit)
3682 439 3775 480 meo
3832 412 3841 488 ἓ

634 492 946 549 οἷκονθεοῦ.
967 495 1129 563 Idem,
1147 506 1204 551 ut
1223 497 1631 566 dixi,judicium
1659 498 1763 554 erit
1785 499 1855 553 de
1877 497 2014 552 locis
2034 495 2207 550 LXX-

618 586 916 653 ‘viralibus,
936 585 999 639 lll
1016 586 1274 657 Reg.vttt,
1290 588 1378 650 44,
1395 589 1484 653 48,
1501 590 1553 642 in
1577 590 1775 659 quibus
1794 604 1944 643 nunc
1967 588 2199 660 προσεύ-

632 676 811 746 ξονται
843 719 856 732 .
887 719 899 733 .
936 718 951 732 .
985 717 998 732 .
1024 679 1141 732 ὁδόν
1170 680 1365 749 legitur
1388 721 1403 745 ,
1435 696 1559 735 cum
1588 682 1871 751 legendum
1915 681 1987 735 sit
2008 680 2192 736 οὐδόν.

631 772 943 825 Adorabunt
972 772 1153 836 limen,
1190 782 1324 835 etc.,
1351 772 1510 826 sicuti
1534 773 1697 827 etiam
1726 772 1769 824 ll
1793 771 1970 827 Paral.
1998 787 2075 835 v1,
2101 771 2191 836 54,

630 865 719 918 58.
753 863 869 919 Non
898 864 1139 918 inaudita
1169 871 1251 919 est
1279 864 1421 933 apud
1459 873 1666 919 veteres
1693 864 1894 917 liminis
1926 864 2189 917 adoratio.

632 954 839 1009 Scitum
876 964 958 1009 est
987 956 1150 1009 etiam
1179 955 1436 1024 antiquos
1466 966 1494 1006 ο
1526 948 2193 1025 prointegradipbthougo

627 1064 688 1097 ου
734 1046 986 1116 primitus
1027 1045 1311 1114 scripsisse
1351 1046 1432 1114 (ut
1474 1045 1528 1098 in
1572 1042 1813 1097 nummis
1847 1041 2193 1113 Συρακοσίων

626 1154 726 1207 pro
756 1136 1155 1208 Συρακουσίων,
1192 1146 1245 1190 et
1271 1145 1523 1190 sexcenta
1556 1135 1797 1203 ejusdem
1837 1133 2004 1201 modi)
2044 1132 2190 1203 quod

625 1227 972 1296 postmodum
1018 1226 1447 1295 descriptoribus
1493 1224 1671 1279 fraudi
1710 1224 1911 1290 fuisse,
1957 1238 2065 1276 non
2102 1230 2191 1276 est

625 1319 1005 1374 dubitandum.
1030 1318 1229 1372 Dixerit
1256 1317 1458 1387 aliquis
1481 1318 1534 1369 in
1561 1316 1724 1370 modo
1749 1316 1981 1370 laudatis
1997 1313 2189 1368 Senio-

542 1434 545 1437 ·
624 1427 746 1465 rum
778 1411 913 1466 locis
938 1410 1056 1465 ὁδόν
1095 1425 1217 1465 esse
1256 1409 1597 1464 retinendum
1625 1450 1640 1475 ,
1689 1425 1818 1479 quia
1847 1411 1896 1464 ei
1926 1407 2188 1463 llebraice

624 1506 918 1575 respondet
954 1507 1161 1569 derech,
1191 1506 1303 1568 via;
1329 1519 1451 1560 cum
1475 1514 1663 1557 contra
1687 1502 1840 1565 οὐδός
1862 1501 2189 1570 respondeat

623 1593 892 1649 Hebraico
935 1595 1100 1664 sapit,
1134 1595 1277 1663 quod
1317 1602 1403 1650 est
1432 1593 1614 1646 limen.
1659 1590 1860 1646 Verum
1904 1578 2185 1647 sciendum

620 1697 737 1753 est,
782 1686 1107 1742 Hebraicum
1158 1686 1381 1752 derecte,
1428 1701 1551 1739 cum
1586 1700 1619 1738 a
1661 1682 1922 1739 calcando
1966 1683 2182 1750 veniat,

2296 498 2501 568 judicio
2528 499 2765 569 positum
2798 500 3141 566 inveniatur;
3174 516 3279 554 non
3299 501 3466 570 video,
3495 481 3608 574 quin
3629 481 3774 571 eadem
3832 481 3841 576 ἓ

2300 591 2528 644 mutatio
2569 591 2704 644 locis
2739 606 2905 659 supra
2938 592 3269 661 depromptis
3307 597 3529 661 potuerit
3563 602 3772 660 accidere.
3836 588 3839 619 ⁵

2298 681 2580 737 Postremo
2611 699 2676 737 ne
2707 684 2969 738 tricemur
2997 684 3227 746 diutius,
3267 686 3311 740 si
3341 692 3680 757 grammaticos
3701 711 3777 750 au-

2297 772 2543 839 diamus,
2586 773 2700 837 685;
2744 775 2861 842 via,
2904 784 2958 830 et
2994 774 3145 840 οὐδός
3184 775 3372 842 limen,
3405 794 3555 834 unum
3582 782 3777 855 idemque

2295 879 2493 920 nomen
2537 877 2684 921 sunt.
2728 864 2861 921 Nam
2916 878 2969 922 et
3017 866 3254 922 Homero
3282 867 3425 933 οὐδός
3455 887 3543 941 pro
3566 874 3665 939 ὁδός
3694 878 3775 946 via,

2295 964 2610 1025 usurpatur.
2647 954 2710 1011 Et
2745 967 2931 1011 contra
2975 956 3172 1013 Snidas
3213 968 3437 1015 testatur
3473 979 3637 1020 vocem
3662 969 3774 1035 ὁδός,

2293 1046 2339 1101 si
2379 1056 2629 1101 tenuetur
2675 1048 2845 1117 prima
2887 1050 3089 1119 syllaba
3114 1092 3128 1115 ,
3160 1052 3454 1123 signiﬁcare
3479 1055 3629 1123 οὐδόν,
3654 1073 3694 1113 ιιι
3719 1073 3778 1117 est

2297 1136 2495 1201 limen,
2539 1137 2701 1192 allato
2748 1138 3034 1208 Sophoclis
3077 1142 3217 1197 loco.
3265 1143 3417 1197 Paria
3461 1146 3510 1201 in
3554 1147 3778 1207 Eustathio

2290 1227 2560 1294 reperies.
2596 1238 2651 1282 et
2699 1230 2752 1283 in
2798 1230 3084 1298 Sophoclis
3134 1232 3422 1289 Scholiaste
3463 1238 3525 1290 ad
3566 1242 3776 1299 celebrem

2289 1315 2411 1384 ejus
2462 1317 2641 1371 locum
2691 1334 2721 1373 a
2768 1319 2935 1374 Suida
2984 1330 3037 1375 et
3084 1320 3368 1380 Eustathio
3409 1327 3675 1385 laudatum.
3698 1332 3779 1389 Nec

2289 1415 2342 1460 te
2384 1409 2597 1472 turbet,
2630 1410 2774 1479 quod
2819 1411 2932 1465 haec
2958 1412 3181 1483 antiqua
3210 1424 3263 1468 et
3292 1425 3559 1484 poetarum
3584 1423 3779 1489 peculia-

2289 1500 2371 1555 ria
2409 1502 2733 1557 videantur:
2786 1519 2912 1558 nam
2958 1505 3011 1558 in
3049 1505 3186 1559 LXX
3237 1508 3507 1565 etJudteis
3532 1510 3780 1569 Hellenistis

2286 1591 2518 1662 plurima
2535 1603 2833 1649 occurrunt
2854 1597 3049 1665 partim
3072 1598 3376 1668 antiquata,
3400 1603 3579 1670 partim
3596 1605 3782 1659 Alexan-

2286 1672 2437 1742 driae,
2473 1684 2567 1732 aut
2611 1679 2841 1736 aliarum
2890 1682 3193 1753 ignotarum
3224 1681 3566 1737 dialectorum
3591 1684 3782 1751 penitis-

621 1792 730 1830 nou
764 1786 973 1831 tantum
1004 1778 1143 1829 riam
1174 1776 1515 1847 signiﬁcare,
1556 1775 1649 1829 sed
1680 1783 1735 1828 et
1775 1773 2143 1843 pavimentum
2168 1814 2185 1841 ,
2218 1767 2260 1828 Β
2282 1762 2385 1818 ria.
2419 1784 2438 1818 ι
2472 1766 2741 1825 Hactenus
2764 1769 2830 1826 ν.
2860 1772 2920 1826 C.
2948 1773 3278 1829 Mazocliius.

620 1877 674 1921 et
712 1866 767 1919 in
808 1867 1048 1922 recitatis
1092 1867 1229 1922 locis
1269 1866 1432 1920 etiam
1478 1866 1669 1930 limen,
1712 1865 1857 1935 quod
1903 1864 2082 1919 statim
2116 1864 2186 1919 ab

619 1956 1047 2026 ingredientibus
1091 1956 1366 2021 calcatur;
1399 1953 1593 2007 deinde
1622 1968 1747 2007 cum
1785 1949 1897 2005 Jer.
1928 1965 2093 2016 xxxv,
2126 1947 2182 2016 ι,

619 2048 986 2118 φυλάσσοντος
1025 2050 1124 2119 τὴν
1170 2048 1287 2103 ὁδόν
1310 2087 1326 2112 ,
1370 2045 1712 2101 custodientis
1747 2044 1921 2110 viam,
1959 2057 2059 2113 pro
2093 2041 2184 2095 τὸν

2356 1863 2496 1917 Anr.
2532 1864 2708 1918 lV.—
2734 1865 2809 1919 De
2835 1867 3054 1919 diversis
3082 1866 3140 1921 S.
3172 1867 3432 1926 Barnabw
3464 1871 3783 1940 Epistulam

2284 1957 2512 2011 tionibus
2540 1967 2588 2011 et
2610 1958 2950 2013 versionibus.
2985 1958 3142 2027 (Vide
3194 1961 3608 2019 Dissertationem
3632 1964 3683 2017 Ι).
3730 1965 3788 2018 Le

2281 2043 2515 2117 Nourry,
2544 2055 2646 2101 art.
2675 2044 2764 2114 XI,
2795 2054 2848 2100 et
2901 2046 3261 2117 Gallandium,
3300 2068 3417 2124 cap.
3449 2055 3499 2118 6,
3536 2052 3707 2123 supra.)

627 2223 3757 2253 *Μ

2080 2363 2362 2455 VIII.

619 2559 905 2643 (Carolus
965 2550 1284 2632 Iosephus
1346 2547 1664 2613 HEFELE
1698 2591 1713 2619 ,
1775 2540 2605 2703 Patrugolggogoﬁqvum
2676 2540 2879 2623 Opera
2913 2589 2930 2620 ,
2989 2545 3342 2625 Tubingte,
3412 2541 3596 2615 1862,
3648 2540 3792 2609 ιιι-ὃς

684 2790 725 2845 l.
760 2790 904 2845 Inter
935 2787 991 2842 S.
1028 2788 1179 2842 Pauli
1210 2787 1390 2840 socios
1411 2792 1465 2839 et
1483 2782 1831 2852 coadjutores
1862 2776 2018 2832 loses
2045 2776 2177 2830 Bar-
2205 2782 2250 2846 (ζ
2349 2775 2401 2847 c)
2438 2773 2557 2833 Act.
2590 2794 2667 2845 ιι,
2710 2778 2800 2832 25.
2831 2777 3124 2848 Apostolici
3164 2773 3332 2845 hujus
3365 2771 3598 2829 muneris
3621 2769 3793 2827 socium

614 2885 785 2940 nabas
829 2883 1052 2946 eminet,
1096 2881 1151 2934 in
1195 2879 1374 2949 Cypro
1418 2885 1600 2938 natus,
1647 2888 1841 2944 genere
1880 2870 2100 2924 inda-us
2125 2879 2179 2923 et

614 2976 821 3043 Levita,
853 2974 946 3044 qui
979 2973 1273 3027 Christiani
1306 2968 1509 3024 amoris
1534 2965 1742 3021 fervore
1761 2972 1961 3028 motus,
1987 2976 2177 3032 agrum

610 3085 773 3125 suum
806 3068 1070 3131 vendidit,
1105 3065 1450 3137 pretiumque
1472 3070 1596 3116 ante
1617 3060 1777 3129 pedes
1803 3055 2176 3127 apostolorum

609 3160 797 3231 posuit
826 3157 969 3227 (Act.
1003 3173 1078 3219 ιν,
1118 3156 1228 3219 57).

680 3248 919 3304 Numero
987 3262 1093 3302 ιιι
1151 3243 1542 3315 discipulorum
1585 3240 1786 3297 Christi
1839 3255 1963 3296 eum
2005 3237 2177 3295 fuisse

611 3343 907 3411 ascriptum
935 3348 1144 3394 veteres
1180 3353 1285 3392 non
1312 3336 1517 3391 absone
1543 3334 1762 3389 tradunt
1791 3333 1926 3406 (60),
1958 3348 2177 3388 eorum-

610 3454 716 3509 que
754 3433 1119 3490 narrationem
1159 3431 1225 3485 ad
1251 3429 1529 3483 veritatem
1562 3427 1819 3483 accedere
1844 3426 2176 3481 recentiores

612 3544 720 3583 non
782 3529 999 3582 incaute
1035 3523 1282 3578 credunt.
1329 3520 1644 3588 Cognomen
1694 3517 1995 3584 Barnabw,
2040 3525 2176 3573 teste

612 3626 669 3680 S.
713 3622 1017 3691 Scriptura,
1054 3617 1122 3671 ab
1145 3614 1407 3685 apostolis
1432 3611 1634 3668 Nostro
1658 3611 1995 3680 impositum,
2032 3610 2175 3666 idem

609 3731 732 3771 esse
757 3712 905 3785 quod
932 3721 1107 3801 nstin?
1136 3722 1216 3785 '1;
1254 3722 1349 3761 seu
1375 3705 1549 3774 ﬁlium
1576 3704 1834 3757 orationis
1874 3705 2172 3774 inspirata,

608 3838 675 3877 ex
708 3819 958 3874 versione
984 3815 1043 3871 S.
1066 3815 1250 3881 Lucae,
1273 3815 1394 3868 Act.
1419 3829 1491 3878 tv,
1510 3811 1598 3877 56,
1624 3810 1737 3874 υἱὸς
1757 3810 2171 3882 παρακλήσεως,

610 3913 745 3969 satis
779 3918 1004 3980 apparet
1041 3908 1178 3977 (61).
1206 3906 1366 3961 Josen
1398 3904 1706 3958 Barnabam
1730 3917 1760 3956 a
1787 3901 2022 3973 Josepho
2042 3900 2175 3956 Bar-

608 4006 740 4060 saba
772 4005 912 4073 (Act.
941 4018 978 4067 ι,
1009 3998 1101 4066 25)
1130 4013 1237 4053 non
1264 4012 1384 4053 esse
1406 3995 1942 4065 distinguendum,et
1962 4001 2174 4048 utrum-

608 4108 715 4168 que
764 4110 962 4151 nomen
1013 4092 1259 4147 eamdem
1305 4090 1560 4144 denotare
1598 4103 1922 4158 personam,
1970 4087 2174 4143 nostris

608 4187 951 4259 temporibus
998 4183 1324 4239 Ullmannus
1369 4180 1482 4251 (69.)
1512 4188 1566 4234 et
1594 4180 1686 4234 alii
1722 4180 1953 4249 probare
1989 4179 2173 4235 stude-

600 4284 760 4349 bant,
793 4281 1025 4335 aliorum
1056 4289 1283 4332 assensu
1314 4273 1581 4339 destituti,
1606 4273 1848 4341 beneque
1869 4271 2172 4325 reclaman-

608 4376 756 4430 tibus
786 4373 919 4427 viris
944 4367 1275 4425 doctissimis
1291 4363 1557 4420 DeWette
1574 4362 1706 4434 (65),
1735 4362 2036 4418 Olshausen
2055 4362 2167 4431 (64)

609 4474 662 4519 et
696 4462 887 4516 Winer
932 4458 1067 4529 (65).
1111 4456 1273 4511 Plura
1304 4453 1371 4509 de
1404 4454 1513 4507 vita
1538 4461 1592 4507 et
1614 4452 1888 4507 laboribus
1909 4450 2169 4507 Barnaba:

610 4554 924 4627 apostolicis
965 4552 1123 4607 nobis
1153 4549 1372 4604 tradunt
1396 4547 1518 4602 libri
1547 4546 1685 4602 sacri
1714 4563 1728 4599 :

680 4672 732 4739 a)
772 4670 891 4723 Act.
940 4684 1015 4731 ix,
1053 4666 1146 4733 26,
1187 4664 1277 4718 27.
1326 4663 1554 4718 Paulum
1594 4676 1915 4718 conversum
1961 4663 2171 4730 primus

752 4759 1028 4815 Barnabas
1051 4757 1198 4811 circa
1254 4771 1307 4811 a.
1335 4753 1404 4809 40
1426 4754 1687 4826 apostolis
1714 4753 1892 4808 adhuc
1922 4752 2075 4806 illum
2100 4752 2171 4806 ti-

750 4849 1026 4907 mentibus
1046 4889 1060 4913 ,
1088 4847 1328 4902 adduxn.

680 4969 737 5039 b)
766 4967 889 5021 Aet.
916 4979 996 5023 ιι,
1023 4961 1112 5014 22.
1155 4959 1327 5013 Paulo
1358 4968 1480 5028 post
1507 4958 1784 5013 Barnabas
1809 4957 1876 5011 ab
1904 4956 2169 5027 apostolis

757 5055 1095 5117 Antiochiam
1128 5052 1329 5106 missus
1358 5060 1462 5117 est,
1488 5060 1545 5105 ut
1576 5051 1718 5105 hanc
1748 5048 2047 5103 Eeclesiam
2084 5062 2169 5103 re-

749 5164 919 5223 geret.

684 5360 796 5428 (ϐο)
827 5359 998 5414 Clem-
1032 5353 1215 5428 Ales:
1247 5348 1447 5428 suae
1477 5346 1517 5428 1.-
1546 5359 1693 5428 ι.ιν.ε·
1727 5341 1905 5428 ξοην·
1933 5339 2158 5428 48.3.“!-

611 5409 983 5486 Po‘ttrlEuseb.
1005 5465 1020 5491 ,
1051 5423 1124 5477 Η.
1168 5409 1233 5475 Ε.
1268 5438 1306 5483 ι,
1475 5415 1765 5491 Epiphan.,
1810 5409 1958 5491 Hier.
1990 5409 2080 5491 2RD,

684 5479 1033 5572 terrane
1056 5479 1400 5572 ςεάεερμιεινε
1427 5488 1478 5538 in
1509 5479 1849 5572 Ε’ίιὶτυΡιεὲοηεγ
1866 5479 2165 5572 ἐξήιεἓέίέ-

612 5550 1003 5625 εεΙῖιῙενάιειι-ἀεε
1044 5550 1754 5632 Apostéls_Barnabas_aufs
1787 5550 1941 5632 ﬂeui:
1982 5561 2165 5632 unier-

612 5619 1067 5703 suvelt'tIitliersetzt
1092 5619 1207 5685 'und
1232 5629 1447 5703 erltltirt,
1469 5619 1936 5703 etc.ATub._j_840,
1968 5636 2021 5688 p.
2052 5619 2162 5675 68.

684 5692 795 5777 (δέ)
833 5707 1050 5761 Studien
1077 5721 1128 5757 u.
1159 5700 1418 5755 Kritiltcn.
1462 5694 1620 5758 1828,
1657 5710 1708 5763 p.
1733 5692 1836 5746 s77
1866 5706 1985 5761 sqq.

2202 4141 2247 4196 D

2417 2866 2647 2923 Paulum
2679 2869 2782 2924 sibi
2807 2869 3033 2923 addidit.

2346 2956 2402 3027 d)
2451 2958 2570 3012 Aet.
2625 2974 2700 3024 xi,
2746 2956 2834 3012 50.
2877 2957 3153 3013 Barnabas
3186 2966 3239 3011 et
3277 2954 3483 3010 Paulus
3507 2953 3641 3008 circa
3668 2960 3713 3003 θ’.
3737 2949 3792 3003 46

2417 3048 2676 3116 pecunias
2710 3047 3009 3102 Antiochia:
3051 3048 3274 3103 collatas
3320 3044 3793 3115 Hierosolymapero

2418 3141 2676 3196 tulerunt.

2353 3234 2405 3303 e)
2436 3234 2554 3288 Act.
2581 3249 2678 3287 xm
2709 3243 2759 3288 et
2790 3249 2900 3289 xw.
2938 3234 3112 3288 Ambo
3160 3234 3321 3289 annis
3357 3234 3427 3289 45
3454 3240 3508 3287 et
3540 3230 3606 3285 ιδ
3629 3244 3677 3298 p.
3712 3224 3795 3279 Ch.

2416 3342 2613 3381 nomen
2641 3325 2853 3381 Domini
2878 3328 3232 3396 praedicantes
3278 3325 3517 3399 Cyprum
3567 3332 3618 3379 et
3642 3318 3795 3374 Asiam

2428 3419 2689 3473 Minorem
2718 3429 3093 3489 peragrarunt.

2344 3510 2386 3581 f)
2420 3512 2538 3565 Act.
2590 3526 2693 3575 xv,
2732 3510 2766 3562 2
2810 3526 2895 3580 sq.
2939 3519 2992 3565 et
3024 3509 3140 3565 Gal.
3175 3525 3236 3573 ιι,
3269 3510 3322 3589 l,
3374 3509 3427 3564 9.
3470 3506 3725 3562 Barnabas
3751 3512 3797 3557 et

2414 3601 2617 3657 Paulus
2655 3601 2858 3656 reversi
2906 3601 2974 3655 ab
3004 3600 3386 3667 Antiochenis,
3418 3599 3489 3654 ob
3515 3598 3794 3654 seditionem

2415 3700 2633 3761 propter
2656 3689 2931 3745 Judaistas
2945 3690 3190 3744 obortam
3210 3688 3631 3760 Hierosolymam
3650 3686 3793 3747 missi,

2415 3783 2645 3839 concilio
2682 3783 3049 3852 apostolorum
3096 3781 3485 3836 interfuerunt.
3529 3780 3591 3837 A.
3634 3776 3792 3835 50-52.

2345 3874 2398 3944 ες)
2430 3874 2550 3929 Act.
2592 3890 2681 3940 xv,
2734 3874 2803 3929 ‘57
2856 3889 2940 3944 sq.
2969 3874 3168 3943 Aliquo
3208 3883 3454 3943 tempore
3486 3871 3797 3943 praeterlapso

2414 3966 2691 4021 Barnabas
2711 3976 2765 4021 et
2796 3966 2997 4021 Paulus
3020 3967 3320 4021 secundum
3348 3967 3454 4020 iter
3479 3962 3793 4034 apostolicum

2414 4058 2617 4127 ingredi
2644 4058 2973 4125 statuebant,
2999 4057 3091 4111 sed
3113 4057 3458 4113 dissensione
3481 4055 3639 4110 Marci
3660 4064 3794 4107 causa

2415 4146 2605 4201 oborta
2636 4145 2915 4203 Barnabas
2952 4163 2981 4202 a
3021 4145 3189 4201 Paulo
3215 4147 3490 4212 discessit,
3524 4151 3795 4212 assumptuo

2415 4253 2521 4307 que
2559 4236 2743 4293 Marco
2786 4228 3023 4310 Cyprbm
3072 4239 3367 4307 navigavit.
3414 4239 3491 4293 De
3545 4236 3664 4291 fatis
3699 4232 3796 4303 ejus

2415 4329 2880 4403 subsequentibus
2961 4329 3098 4385 liber
3163 4330 3399 4385 Actuum
3465 4327 3795 4401 apostolorum

2412 4434 2638 4489 prorsus
2656 4420 2795 4476 silet.
2830 4422 2933 4476 Sed

2342 4509 2399 4579 h)
2430 4510 2449 4565 Ι
2486 4510 2613 4565 Cor.
2640 4527 2718 4575 ιι,
2750 4513 2805 4580 5,
2837 4512 2891 4579 6,
2916 4512 3228 4579 edocemur,
3255 4512 3561 4567 Barnabam
3582 4526 3684 4567 non
3708 4505 3793 4563 mi-

2412 4617 2517 4656 nus
2544 4618 2609 4657 ac
2647 4602 2877 4681 Paulum
2916 4603 3094 4657 labore
3130 4620 3384 4658 manuum
3422 4599 3794 4674 uictumqumi—

2410 4693 2544 4747 visse
2568 4692 2741 4763 (juxta
2763 4691 3047 4765 Vulgatam
3070 4702 3126 4747 et
3159 4695 3454 4750 nonnullos
3490 4693 3671 4750 Patres
3694 4711 3707 4748 :
3734 4690 3794 4759 ft-

2410 4785 2610 4837 minum
2635 4800 2736 4837 non
2759 4798 2933 4838 secum
2955 4785 3212 4855 duxisse).

2343 4872 2383 4941 i)
2415 4871 2537 4928 Gal.
2574 4889 2636 4939 ιι,
2668 4873 2756 4928 l5.
2792 4871 2935 4926 Petri
2969 4873 3369 4929 simulationem
3406 4876 3480 4931 ob
3506 4885 3696 4932 metum
3717 4870 3796 4926 Ju-

2414 4963 2711 5019 daistarum
2744 4962 3018 5019 Barnabas
3037 4962 3337 5021 Antiochiae
3375 4966 3621 5024 imitatus
3650 4974 3723 5020 est
3746 4980 3788 5019 a.

2415 5054 2486 5108 52
2516 5070 2609 5110 seu
2645 5065 2695 5108 a.
2720 5054 2810 5109 55.

2345 5144 2404 5215 k)
2442 5145 2743 5200 Barnabam
2777 5161 2922 5201 anno
2948 5145 3016 5202 57
3044 5147 3236 5203 iterum
3271 5147 3330 5204 S.
3366 5148 3523 5204 Pauli
3546 5148 3701 5204 fuisse
3718 5154 3795 5197 co~

2337 5346 2449 5415 (65)
2503 5345 2682 5401 Κατ-ιε
2740 5346 3038 5417 Erltldrung
3086 5347 3141 5400 ά.
3194 5348 3612 5418 Apostelgesch.,
3643 5361 3692 5417 p.
3737 5341 3790 5397 l2

2267 5415 2620 5557 additium“,
2646 5486 3025 5557 Commentar.,
3050 5496 3088 5541 t.
3118 5486 3182 5553 ll,
3207 5503 3257 5557 p.
3292 5488 3417 5557 574.

2337 5554 2453 5625 (65)
2492 5555 2630 5610 Bibl.
2664 5556 3115 5626 Realworterltuch
3135 5597 3149 5620 ,
3181 5554 3227 5611 s.
3254 5556 3339 5611 v.1
3346 5559 3503 5626 oseph
3528 5554 3783 5626 Bursabus.

2266 5623 2377 5681 cn.
2403 5623 2597 5680 librum
2631 5642 2809 5681 meum
2835 5626 2944 5681 Das
2972 5625 3394 5693 Sendsclzreiben,
3426 5623 3557 5696 etc.,
3582 5644 3632 5699 p.
3656 5623 3782 5681 9-H.
