4066 6330
176 464 205 524 ἐ

172 530 201 621 ἔ

169 668 225 735 Ἃ

180 755 211 792 ,ί

237 293 356 349 ’121

1588 301 2115 358 PBOLEGOMENA.

3388 305 3493 360 7‘22

405 415 590 470 mitem
621 426 673 471 et
707 418 774 472 ab
797 433 863 474 eo
903 420 957 474 in
999 418 1253 477 societate
1280 420 1385 477 Titi
1418 420 1485 475 ad
1513 420 1825 476 Corinthios
1857 432 1897 485 Α
1929 426 2096 471 stram
2115 416 2504 473 adnumerasse
2520 418 2734 474 videtur
2756 420 2851 474 lib.
2876 420 3205 476 IComment.‘
3223 421 3279 474 in
3299 415 3398 489 Ep.
3421 423 3490 474 ad

404 520 529 561 esse
560 507 819 577 missum,
862 510 1182 568 Gallandius
1214 513 1327 583 (66)
1365 530 1432 568 ex
1458 512 1500 565 11
1539 511 1667 567 Cor.
1699 528 1819 579 VIII,

401 595 469 649 18
506 612 652 667 sqq.,
677 600 929 659 evincere
966 612 1197 660 conatus
1225 615 1327 661 est.
1376 602 1478 661 Sed
1512 604 1718 660 erravit
1739 604 1824 661 vir

406 687 757 747 doctissimus
788 693 923 765 (67).

324 778 371 845 1)
395 779 555 836 Anno
596 782 666 835 62
710 783 945 851 Marcus,
975 788 1234 845 Barnabas
1261 790 1626 846 consobrinus
1650 797 1706 845 et
1734 789 1822 844 iti-

399 871 551 926 neris
598 889 821 941 comes,
865 877 1060 933 iterum
1100 880 1154 934 in
1201 881 1459 937 societate
1508 879 1659 935 Pauli
1708 894 1823 934 ver-

399 960 625 1016 sabatur
649 962 785 1031 (Cl‘r.
815 964 1025 1021 Coloss.
1068 982 1142 1034 ιν,
1180 968 1307 1037 10);
1358 982 1467 1038 quo
1489 967 1569 1035 lit,
1598 977 1658 1023 ut
1690 968 1822 1023 Bar-

400 1053 597 1108 nabam
624 1054 716 1110 illo
737 1072 883 1112 anno
906 1058 1018 1128 jam
1043 1068 1322 1116 mortuum
1350 1060 1518 1117 fuisse
1542 1071 1818 1132 putemus.

399 1142 546 1200 ldem
573 1149 822 1204 concludi
852 1160 1030 1220 potest
1051 1167 1117 1206 ex
1135 1151 1156 1205 1
1177 1152 1322 1208 Petr.
1342 1171 1393 1221 v,
1424 1155 1513 1219 15,
1534 1164 1587 1209 et
1607 1153 1650 1207 11
1674 1153 1815 1208 Tim.

401 1252 487 1303 ιιι,
533 1238 632 1305 11;
680 1256 779 1296 nec
821 1242 1004 1297 minus
1032 1243 1370 1313 Alexander,
1401 1247 1702 1301 monachus
1723 1247 1822 1317 Cy-

396 1324 553 1393 prius
578 1325 727 1394 (saec.
758 1344 813 1385 vr
844 1330 926 1385 vel
958 1332 1057 1402 ix),
1099 1332 1360 1389 Barnabas
1383 1335 1647 1402 laudator,
1679 1344 1819 1390 tem-

400 1431 506 1486 pus
535 1420 777 1491 martyrii
813 1421 932 1492 ejus
967 1426 1126 1480 annis
1150 1425 1322 1481 55-57
1345 1428 1588 1498 assignat
1611 1427 1745 1499 (68).

326 1506 455 1565 Haec
492 1521 620 1565 sunt
653 1528 773 1581 qua:
796 1513 863 1567 de
893 1515 1003 1569 vita
1033 1526 1088 1570 et
1112 1515 1237 1572 fatis
1257 1516 1517 1572 Barnabze
1542 1527 1819 1588 comperta

252 1600 546 1657 habemus.
574 1601 770 1658 Multas
794 1604 929 1660 alias
951 1622 1154 1677 easque
1180 1607 1459 1663 labulosas
1477 1609 1821 1665 narrationes

251 1689 309 1743 in
362 1690 545 1745 libello
584 1708 708 1747 meo
742 1709 908 1766 supra
954 1696 1123 1753 citato
1170 1709 1458 1771 congestas
1491 1700 1727 1771 reperies
1761 1717 1815 1772 p.

250 1780 422 1835 ιι-ιδ
442 1790 494 1836 et
520 1799 573 1851 p.
611 1781 796 1840 51-47.

322 1871 390 1932 Il.
448 1873 704 1936 Barnabas
756 1884 947 1939 nostro
990 1878 1230 1954 Epistula
1280 1879 1569 1947 tribuitur,
1622 1880 1809 1937 Graeco

250 1986 507 2026 sermone
535 1974 866 2045 conscripta,
904 1976 970 2030 de
1008 1977 1164 2046 cujus
1196 1979 1472 2034 authentia
1502 1974 1679 2035 adhuc
1710 1978 1811 2034 sub

243 2062 434 2132 judice
482 2064 551 2120 lis
597 2075 699 2121 est.
749 2067 1115 2126 Defenderunt
1155 2086 1274 2126 eam
1315 2070 1624 2131 Ludovicus
1666 2073 1811 2131 Elias

252 2155 429 2225 Dupin
461 2157 593 2228 (69),
618 2157 874 2217 Nicolaus
900 2160 1166 2220 Nourrius
1189 2164 1322 2235 (70),
1341 2166 1656 2221 Gallandius
1676 2167 1809 2237 (7|),

250 2255 306 2298 et
336 2248 538 2301 nostris
579 2250 913 2319 temporibus
940 2248 1123 2305 Henke
1159 2251 1308 2321 (72),
1343 2252 1577 2308 llordam
1615 2252 1727 2324 (75)
1760 2261 1814 2307 et

252 2335 468 2391 Franke
495 2339 638 2411 (74);
685 2342 1020 2397 authentiam
1050 2342 1307 2412 Epistolas
1353 2344 1814 2414 impugnaverunt

255 2426 412 2499 llugo
456 2429 745 2486 Menardus
804 2431 960 2501 (75),
1024 2431 1331 2489 Tentzelius
1385 2432 1548 2504 (76),
1609 2432 1812 2489 Natalis

255 2517 560 2574 Alexander
601 2521 736 2592 (77),
784 2520 939 2577 Remi
982 2523 1198 2579 Ceillier
1240 2524 1375 2595 (78),
1428 2523 1637 2593 lttigius
1672 2524 1808 2593 (79),

254 2609 589 2668 Hoshemius
616 2612 750 2684 (80),
788 2614 1091 2685 Lumperus
1120 2615 1254 2685 (81),
1290 2615 1498 2687 Hugius
1522 2614 1657 2685 (82),
1696 2613 1810 2669 Ull-

255 2720 490 2760 mannus
527 2705 661 2777 (85),
708 2704 957 2762 Neander
999 2707 1147 2776 (84),
1199 2707 1440 2778 Mynsler
1469 2707 1582 2778 (85)
1613 2714 1667 2762 et
1697 2706 1816 2761 Wi-

257 2812 355 2849 ner
393 2797 527 2866 (86).
553 2798 672 2866 Ipse
694 2813 795 2868 ego
819 2798 871 2852 in
909 2798 1069 2853 tertio
1095 2798 1219 2852 libri
1250 2797 1352 2852 mei
1376 2797 1574 2868 capite,
1601 2812 1654 2867 p.
1686 2795 1815 2850 147-

257 2889 379 2954 195,
408 2890 655 2959 pluribus
685 2892 865 2947 verbis
892 2892 1032 2946 hanc
1065 2891 1389 2946 sententiam
1423 2890 1561 2945 tueri
1586 2897 1816 2944 conatus

254 2997 410 3047 sum;
440 2982 628 3051 paucis
662 2998 807 3037 nunc
834 2983 1148 3053 disputabo.

321 3073 375 3141 a)
428 3072 859 3144 Antiquissimus
909 3075 1205 3130 authentiae
1249 3075 1401 3133 testis
1451 3084 1537 3130 cst
1563 3073 1814 3129 Clemens

1919 508 2100 574 Rom.,
2126 524 2162 574 ι,
2185 507 2275 573 24,
2303 520 2341 563 t.
2374 508 2461 574 IV,
2499 526 2551 573 p.
2589 510 2694 564 475
2716 529 2735 563 τ
2761 510 2897 566 Sunt
2929 522 3225 581 prwterear,
3253 513 3391 567 sicut
3434 515 3485 566 in

1922 598 2106 653 multis
2155 598 2446 669 Scriptura:
2486 601 2616 655 locis
2656 605 2969 669 invenimus,
3005 605 3167 658 etiam
3214 605 3490 674 utriusque

1920 690 2111 757 partis,
2141 690 2219 744 vel
2248 694 2523 762 utriusque
2552 694 2649 748 via:
2675 693 2910 763 fautores
2938 695 3155 765 quidam
3188 700 3253 749 er
3272 695 3489 761 adjuto-

1922 796 2001 834 res
2031 781 2222 850 angeli.

1994 872 2099 929 Sed
2133 875 2404 930 neminem
2436 876 2588 942 latet,
2619 891 2743 932 cum
2780 878 3134 946 Clementem,
3163 887 3277 934 tum
3299 878 3508 949 Origew‘

1921 978 2044 1018 nem
2076 966 2275 1034 saepius
2303 966 2471 1022 libros
2494 970 2841 1040 apocryphos
2870 972 3141 1025 etnothos
3166 984 3263 1039 pro
3297 970 3506 1039 genui»

1920 1052 2007 1109 nis
2048 1054 2327 1124 habuisse,
2372 1058 2602 1128 ideoque
2641 1061 2954 1116 testimonio
2990 1063 3206 1117 illorum
3234 1076 3334 1131 pro
3366 1062 3490 1130 epi-

1920 1146 2073 1199 stolae
2102 1156 2303 1202 nostra!
2328 1150 2608 1205 authentia
2641 1167 2751 1207 non
2801 1152 3017 1221 plenam
3070 1152 3177 1207 vim
3219 1168 3341 1208 esse
3388 1154 3488 1208 tri-

1922 1236 2220 1294 bueudam.
2249 1238 2392 1296 Bene
2416 1240 2624 1313 Hugius
2667 1244 2818 1299 addit
2846 1245 3183 1300 Clementem
3218 1260 3327 1299 non
3359 1260 3484 1300 cum

1918 1332 2111 1384 eadem
2157 1334 2479 1400 reverentia,
2519 1351 2682 1405 quam
2728 1336 2945 1407 scriptis
2998 1353 3124 1393 vere
3173 1337 3485 1408 apostolicis

1921 1423 2130 1489 tribuit,
2156 1426 2222 1480 de
2249 1427 2476 1496 epistola
2505 1438 2691 1485 nostra
2721 1431 3019 1501 disputare.

1988 1515 2041 1582 c)
2073 1514 2367 1571 Eusebium
2404 1527 2458 1573 et
2486 1517 2874 1591 Hieronymum
2901 1522 3238 1578 authentiam
3271 1523 3487 1594 Episto-

1913 1604 1984 1660 las
2012 1611 2215 1659 nostra:
2238 1607 2541 1676 negavisse,
2573 1608 2728 1663 multi
2760 1611 2901 1664 male
2923 1611 3176 1667 credunt.

1988 1690 2246 1763 Legimus
2286 1693 2506 1764 quidem
2542 1697 2595 1751 in
2629 1697 2777 1753 illius
2821 1697 3064 1753 Historia
3104 1700 3483 1769 ecclesiastica,

1835 1798 1878 1854 Β
1918 1798 1999 1847 ιιι,
2023 1782 2093 1838 25
2118 1802 2132 1837 :
2172 1784 2273 1838 Ἐν
2291 1786 2414 1853 τοῖς
2438 1780 2636 1854 νόθοις
2650 1790 3057 1860 κατατετάχθω
3079 1793 3178 1847 καὶ
3198 1794 3314 1847 τῶν
3331 1795 3489 1848 Παύ-

1910 1878 2023 1930 λου
2051 1878 2332 1945 Πράξεων
2364 1882 2403 1949 ἡ
2436 1883 2654 1953 γραφὴ,
2700 1884 2733 1938 ὅ
2778 1902 2840 1939 τε
2879 1889 3204 1956 λεγόμενος
3231 1890 3481 1960 Ποιμήν,

1912 1969 2010 2031 καὶ
2052 1973 2090 2044 ἡ
2134 1974 2521 2045 ἀποκάλυψις
2557 1977 2809 2047 Πέτρου,
2851 1980 2949 2034 καὶ
2994 1981 3145 2049 πρὸς
3187 1984 3417 2050 τούτοις
3445 1986 3482 2053 ἠ

1910 2070 2204 2139 φερομένη
2229 2066 2503 2140 Βαρνάϐα
2523 2068 2831 2137 ἐπιστολή.

1983 2159 2089 2214 Sed
2116 2159 2406 2229 Eusebius,
2429 2160 2713 2233 epistolam
2740 2171 2981 2222 nostram
3008 2163 3129 2237 τοῖς
3155 2150 3347 2237 νόουιξ
3375 2182 3466 2227 ac-

1912 2267 2163 2321 censens,
2214 2255 2514 2326 imprOprie
2559 2259 2700 2316 hanc
2740 2278 2925 2319 vocem
2978 2267 3279 2336 usurpavit,
3308 2276 3363 2322 et
3398 2282 3483 2323 rc-

1914 2358 2039 2399 vera
2083 2360 2193 2400 non
2228 2347 2295 2402 de
2320 2347 2478 2403 libris
2510 2350 2826 2409 adulterinis
2850 2396 2864 2421 ,
2896 2356 2991 2411 sed
3014 2356 3081 2411 de
3109 2358 3484 2428 ἀντιλεγομέ-

1912 2454 2060 2505 νοις,
2114 2440 2228 2495 sive
2270 2441 2444 2496 dubiis
2477 2443 2667 2512 libris,
2707 2454 2761 2500 et
2794 2462 2825 2502 a
2870 2449 3149 2503 nonnullis
3194 2451 3481 2519 repudiatis

1914 2529 2077 2585 verba
2134 2529 2283 2598 fecit,
2333 2542 2395 2588 ut
2440 2534 2556 2604 ipse
2600 2536 2763 2605 paulo
2817 2547 2943 2606 post
2982 2547 3211 2593 testatur
3251 2540 3458 2607 dicens,

1921 2619 2109 2673 Ταῦτα
2138 2621 2255 2691 μὲν
2281 2623 2477 2678 πάντα
2505 2625 2565 2695 (i.
2599 2642 2695 2682 e...
2729 2627 2861 2682 Acta
2893 2627 3068 2695 Pauli,
3095 2627 3310 2691 Pastor,
3347 2637 3453 2684 etc.

1914 2719 1966 2765 et
1992 2709 2233 2780 Epistula
2277 2713 2558 2787 Barnabas)
2599 2717 2715 2773 τῶν
2753 2720 3221 2790 ἀντιλεγομένων
3249 2720 3328 2775 ἂν
3361 2721 3475 2790 ειη.

1985 2800 2100 2856 Νυιι
2124 2804 2306 2860 minus
2333 2805 2599 2864 Eusebius
2622 2811 2675 2864 in
2700 2823 2857 2866 sexto
2889 2810 3150 2866 Historiae
3168 2827 3279 2868 suae
3305 2812 3464 2878 libro,

1915 2906 1964 2945 c.
2025 2891 2132 2959 14,
2183 2895 2468 2962 epistolam
2526 2909 2770 2956 nostram
2818 2900 2943 2967 τοῖς
2996 2901 3474 2971 ἀντιλεγομένοις

1915 2984 2175 3051 ascribit,
2215 2987 2460 3044 docens:
2489 2990 2819 3048 Clementem
2858 2993 3284 3049 Alexandrinum
3321 2993 3373 3047 in
3406 2995 3474 3048 li-

1916 3074 2029 3128 bris
2071 3074 2478 3148 Hypotyposeon
2518 3098 2710 3140 onmes
2750 3085 2918 3142 libros
2968 3102 3137 3142 sacra:
3180 3085 3476 3157 Scriptura:

254 3167 683 3250 Alcsandrinus,
723 3169 817 3238 qui
847 3169 1044 3238 septies
1084 3168 1378 3238 Epistolam
1402 3167 1663 3222 Barnabas
1688 3166 1808 3221 lau-
1835 3146 1877 3202 θ
1909 3183 2216 3237 enarrasse,
2242 3146 2311 3229 ne
2331 3174 2805 3246 ἁντιλεγομένοις
2830 3178 3049 3247 quidem
3091 3179 3242 3235 libris
3260 3146 3473 3250 praaterv

250 3248 375 3326 dat,
417 3269 717 3330 quaterque
794 3276 912 3314 eam
984 3260 1220 3330 apostolo
1294 3260 1557 3314 Barnabas
1597 3258 1805 3314 tribuit.

251 3354 270 3423 (
288 3351 413 3407 Vide
449 3368 644 3419 supra,
690 3353 830 3406 inter
858 3362 1087 3406 veterum
1111 3352 1455 3420 testimonia.)

320 3443 376 3509 b)
409 3441 805 3512 Praeceptorem
830 3458 990 3499 suum
1025 3452 1244 3498 secutus
1267 3451 1351 3498 est
1370 3441 1652 3513 Origenes.

320 3533 441 3589 Lib.
476 3551 489 3587 ι
531 3544 699 3589 contr.
733 3534 869 3590 Cels.
892 3576 907 3601 ,
945 3552 1000 3590 ιι.
1049 3536 1139 3599 65,
1177 3545 1216 3590 ι.
1242 3534 1284 3602 1,
1319 3550 1372 3604 p.
1409 3535 1513 3589 578
1543 3536 1628 3590 ed.
1658 3536 1761 3591 BB.
1794 3556 1806 3591 :

245 3625 579 3695 Γέγραπται
604 3626 678 3695 δὴ
699 3626 768 3680 ἐν
789 3626 864 3696 τῇ
887 3626 1158 3695 Βαρνάϐα
1183 3625 1469 3695 καθολικῇ
1483 3626 1774 3695 ἐπιστολῇ
1791 3644 1805 3657 ·

245 3718 338 3772 ὅτι
380 3717 696 3783 ἐξελέξατο
723 3718 864 3785 τοὺς
907 3718 1094 3784 ἰδίους
1132 3719 1509 3784 ἀποστόλους
1551 3716 1807 3785 Ἰησοῦς,

247 3811 428 3877 ὄντας
462 3808 611 3877 ὑπὲρ
632 3808 836 3865 πᾶσαν
861 3810 1114 3881 ἀνομίαν
1143 3808 1567 3878 ἀνομωτέρους.
1597 3808 1728 3881 Cap.
1752 3810 1807 3864 5.

318 3902 397 3956 De
424 3904 593 3973 princ.
633 3918 719 3968 ιιι,
760 3918 811 3958 c.
856 3902 912 3968 2,
961 3918 1018 3956 n.
1064 3903 1120 3967 4,
1159 3910 1199 3955 t.
1244 3901 1284 3965 1,
1326 3900 1513 3969 ι).140
1553 3918 1566 3954 :
1609 3899 1810 3953 Eadem

242 4011 449 4065 quoque
476 3993 752 4048 Barnabas
784 3995 839 4047 in
868 3994 1114 4063 Epistola
1134 4010 1229 4048 sua
1253 3993 1507 4059 declarat,
1533 4009 1651 4045 cum
1674 3992 1808 4045 duas

245 4091 361 4143 vias
387 4105 496 4143 esse
520 4089 672 4153 dicit,
702 4105 859 4143 unam
891 4088 1044 4154 lucis,
1075 4088 1299 4142 alteram
1322 4087 1673 4153 tenebrarum,
1695 4087 1812 4157 qui-

247 4180 345 4233 bus
368 4188 417 4232 et
445 4194 665 4246 prwesse
700 4190 867 4232 certos
889 4179 1354 4267 quosque‘angelos
1374 4179 1503 4232 dicit
1530 4192 1548 4230 :
1577 4179 1674 4233 via:
1694 4177 1813 4247 qui-

244 4271 365 4323 dem
401 4270 535 4325 lucis
572 4271 785 4341 angelos
814 4270 941 4338 Dei,
976 4272 1306 4326 tenebrarum
1337 4280 1509 4325 autem
1531 4271 1628 4325 via:
1656 4286 1813 4340 ange-

243 4365 326 4417 lus
352 4360 592 4416 Satame.
614 4362 746 4431 Cap.
790 4362 873 4417 18.

320 4456 503 4513 Sacris
531 4470 747 4527 quoque
780 4452 1076 4528 Scripturts
1107 4458 1366 4529 Origenes
1390 4455 1675 4528 epistolam
1708 4470 1811 4515 no-

318 4665 432 4738 (66)
463 4665 737 4738 Βξὸικοει.
770 4664 885 4721 ΡΡ.
910 4705 926 4729 ,
961 4676 1001 4738 t.
1034 4667 1075 4732 1,
1108 4665 1317 4737 Proleg.
1352 4683 1406 4738 p.
1448 4684 1631 4738 xxxiv.

317 4734 430 4807 (67)
458 4736 573 4790 Cir.
601 4734 927 4801 Olshausen,
964 4734 1319 4792 Commenta}.
1346 4734 1367 4803 ζ
1399 4746 1437 4791 t.
1465 4737 1552 4804 lll,
1588 4754 1641 4805 p.
1677 4738 1799 4805 785,

238 4820 295 4863 et
331 4806 573 4878 libellum
605 4821 788 4878 meum
817 4823 979 4878 supra
1010 4807 1233 4878 citatum
1255 4847 1268 4865 .
1302 4824 1354 4877 p.
1383 4807 1453 4860 27
1493 4818 1546 4861 et
1568 4808 1658 4862 28.

341 4878 431 4946 68)
460 4877 573 4930 Cfr.
604 4876 845 4930 libellum
883 4876 1086 4938 meum,
1122 4893 1172 4945 p.
1206 4876 1317 4933 251
1339 4894 1459 4946 sqq.
1495 4889 1547 4932 et
1576 4879 1694 4934 159.

341 4949 431 5017 69)
461 4946 716 5002 Biblioth.
753 4948 840 5001 des
871 4957 1110 5012 auteurs,
1132 4956 1260 5012 etc.,
1290 4949 1400 5017 t._l.

317 5015 429 5088 (70)
454 5016 521 5071 In
541 5029 801 5088 apparatu
818 5019 887 5070 ad
911 5017 1051 5071 Bibl.
1066 5017 1235 5088 ματ.
1260 5015 1401 5082 PP.,
1428 5025 1466 5070 t.
1488 5016 1527 5082 Ι,
1559 5018 1691 5072 diss.
1718 5034 1799 5072 ιιι.

317 5085 429 5157 (71)
461 5085 725 5157 Βίὺζᾼνει.
756 5087 898 5150 ΡΡ.,
924 5097 960 5140 t.
996 5088 1035 5148 1,
1062 5085 1271 5156 Proleg.
1300 5103 1351 5157 ρ.
1383 5103 1508 5139 xxix
1538 5102 1659 5156 sqq.

317 5155 533 5281 (72%;);
550 5156 802 5228 Epistolw
817 5175 931 5227 qua:
950 5156 1209 5211 Barnabas
1233 5155 1482 5209 tribuitur
1508 5155 1798 5211 authentia.

317 5247 359 5281 ιι.
541 5265 556 5281 .

240 5230 359 5287 Jen.
394 5230 556 5281 1827.

244 5297 728 5424 ’ὃὲἒῆϐοιιιηιεηι
753 5298 817 5351 de
838 5299 1109 5352 authentia
1135 5296 1233 5368 Ep.
1257 5296 1539 5351 Barnabte.
1567 5297 1798 5361 llafnite,

316 5439 433 5507 (74)
469 5439 526 5492 In
557 5438 779 5493 Guerike
809 5448 860 5492 et
890 5435 1191 5492 Rudelbach
1227 5436 1529 5508 Zeitschrift
1553 5439 1639 5508 fur
1666 5438 1802 5493 lutlt.

246 5509 454 5574 Theol.,
481 5508 640 5566 1840.
673 5509 807 5563 fasc.
836 5509 889 5562 2.

318 5579 430 5645 (75)
464 5576 519 5631 1η
576 5578 827 5647 Epistolze
860 5590 1057 5632 nostra:
1089 5579 1344 5633 editione.

318 5648 431 5718 (76)
460 5648 611 5718 Apud
638 5647 878 5711 Fabric.,
904 5647 1043 5700 Bibl.
1072 5649 1278 5712 eules,
1302 5666 1354 5718 p.
1397 5649 1485 5712 4‘2,

318 5648 431 5718 (76)
460 5648 611 5715 Apud
638 5647 878 5711 Fabric.,
904 5647 1043 5700 Bibl.
1072 5649 1278 5712 eules,
1302 5666 1354 5718 p.
1397 5649 1485 5712 4‘2,
1516 5647 1542 5719 ᾗ
1574 5651 1657 5703 10.

316 5718 427 5786 (77)
464 5716 606 5771 Hist.
633 5719 837 5787 ccclcs.,
864 5734 986 5776 saec.
1014 5734 1051 5783 ι,
1078 5736 1127 5774 c.
1158 5720 1239 5786 12,
1272 5727 1370 5774 ait.
1393 5720 1444 5774 8.

1908 3261 2115 3331 missis,
2153 3264 2308 3333 μηδὲ
2334 3265 2439 3332 τὰς
2478 3267 2939 3338 ἀντιλεγομένας
2978 3270 3317 3339 παρελθών·
3362 3273 3476 3340 τὴν

1921 3353 2135 3420 Ἰούδα,
2164 3356 2341 3426 λέγω,
2382 3358 2480 3412 καὶ
2508 3358 2616 3425 τὰς
2649 3361 2865 3427 λοιπὰς
2896 3363 3215 3428 καθολικὰς
3238 3363 3476 3416 ἐπιστο-

1907 3444 2041 3511 λὰς,
2070 3445 2183 3515 τήν
2208 3464 2271 3501 τε
2297 3448 2572 3517 Βαρνάϐα
2608 3449 2708 3503 καὶ
2736 3451 2850 3520 τὴν
2875 3452 3099 3521 Πέτρου
3141 3452 3476 3522 λεγομένην

1917 3536 2338 3605 Ἀποκὰλυψιν.
2382 3536 2768 3592 Auctoritatem
2828 3539 2992 3609 igitur
3046 3533 3326 3606 epistolae,
3368 3543 3477 3584 non

1904 3628 2022 3698 ejus
2049 3629 2395 3693 authentiam,
2419 3627 2685 3687 Eusebius
2719 3630 2776 3685 in
2809 3630 3034 3685 dubium
3066 3625 3300 3682 vocavit.

1979 3716 2122 3772 Pene
2160 3716 2345 3771 eadem
2387 3715 2613 3772 dicenda
2659 3724 2787 3771 sunt
2830 3715 2897 3771 de
2940 3715 3294 3787 Hieronymo,
3336 3715 3472 3769 scri-

1910 3812 2071 3867 bente
2112 3829 2125 3863 :
2171 3806 2447 3862 Barnabas
2495 3807 2741 3879 Cyprius,
2787 3809 2877 3879 qui
2915 3817 2965 3862 et
3008 3806 3201 3877 Ioseph
3243 3805 3468 3868 Levites,

1910 3919 2028 3956 cum
2057 3900 2229 3955 Paulo
2273 3900 2505 3970 gentium
2553 3899 2822 3969 apostolus
2862 3900 3162 3963 ordinatus,
3200 3914 3359 3953 unam
3401 3899 3468 3951 ad

1909 3992 2307 4061 azdiﬁcationem
2344 3990 2593 4045 Eeclesue
2613 3992 2953 4060 pertinentem
2974 3991 3249 4060 epistolam
3270 4005 3472 4058 compo-

1908 4081 2037 4146 suit,
2070 4095 2186 4149 qute
2224 4084 2361 4132 inter
2404 4078 2726 4148 apocryp/tas
2774 4080 3064 4146 scripturas
3114 4079 3303 4149 legitur
3332 4079 3466 4149 (87).

1910 4170 2083 4239 Quem
2126 4170 2181 4224 in
2213 4171 2395 4226 locum
2439 4170 2571 4225 scite
2612 4168 2941 4225 Pearsonius
2994 4170 3105 4240 (88)
3142 4189 3155 4224 :
3207 4170 3470 4224 Barnast

1910 4270 2208 4341 Epistolam
2230 4270 2393 4340 fuisse
2424 4268 2587 4321 tradit
2616 4266 3045 4339 (Hieronymus),
3077 4284 3180 4321 non
3210 4268 3309 4337 ipsi
3345 4284 3469 4336 sup-

1911 4364 2158 4433 positam,
2186 4368 2277 4412 aut
2304 4358 2580 4427 spuriam‘;
2614 4375 2631 4409 ι
2662 4356 2730 4409 ad
2752 4356 3154 4425 aediﬁcationem
3172 4354 3423 4411 Ecclesia:
3443 4376 3461 4407 ι

1913 4454 2225 4527 pertinuisse
2269 4450 2488 4517 asserit,
2525 4448 2629 4505 non
2673 4448 2850 4521 itaque
2895 4448 3192 4540 haereticam
3223 4450 3466 4521 putavit;

1977 4670 2089 4739 (78)
2129 4666 2363 4722 Histoire
2392 4666 2632 4737 generale
2672 4666 2760 4721 des
2796 4672 3031 4729 auteurs,
3074 4672 3179 4718 etc.
3240 4671 3279 4717 t.
3324 4662 3365 4728 l,
3410 4679 3461 4732 p.

1905 4742 2181 4879 ωῗἹῗῧᾳίιι
2212 4807 2430 4865 selectis
2462 4806 2730 4877 capitibus
2751 4802 3000 4859 Historia:
3019 4800 3314 4864 eccl.,s:nc.
3349 4817 3385 4867 ι,
3422 4811 3461 4857 t.

1905 4879 2475 5074 ἲϐῖέοῗοίῖοηιηιεηεαν.
2522 4948 2583 5000 de
2625 4946 2775 5001 rebus
2816 4944 3014 5001 Christ.
3060 4943 3241 4999 Const.
3286 4941 3381 5009 Μο,
3407 4960 3458 5011 P-

1907 5020 2091 5159 16(81)
2134 5088 2376 5159 Historia
2399 5087 2555 5141 tlteol.
2588 5088 2858 5159 critica,_t.
2890 5087 2943 5148 l,
2967 5082 3166 5159 p._150.

1981 5150 2585 5231 (‘81)AZeitscl3riftfur
2621 5158 2725 5231 das
2786 5150 3137 5231 Ertebisthum
3185 5150 3458 5219 Freiburg.

1911 5226 2154 5309 “$919;
2180 5228 2421 5309 92.159:
2455 5227 2673 5309 (ass-.3.
2702 5242 2759 5309 νε
2792 5226 2898 5309 ξοδ
2930 5242 3049 5309 srr-

1978 5301 2089 5370 (85)
2116 5294 2339 5370 Studien
2364 5314 2415 5351 u.
2449 5294 2788 5370 Krrilikenit.
2814 5294 2853 5361 Ι,
2879 5294 3095 5370 15:381.

2005 5365 2095 5435 84)
2132 5368 2551 5439 Κὶνοὴειιςεεοὴ,
2573 5377 2607 5420 ι.
2641 5365 2685 5439 1,
2716 5367 2769 5431 5,
2796 5383 2845 5439 p_.

2003 5441 2092 5508 85)
2125 5438 2346 5508 Studien
2368 5435 2475 5508 und
2505 5436 2767 5508 Kritiltcn,
2800 5435 2863 5501 ll,
2890 5435 3013 5508 525.

1980 5501 2091 5579 (86)
2124 5509 2275 5579 Bibl.
2296 5504 2763 5579 Realwdrterbuch,
2802 5522 2847 5560 s.
2878 5524 2929 5579 ι’.
2962 5501 3231 5555 Barnabas

1978 5575 2088 5646 (87)
2120 5578 2296 5632 Catal.
2325 5580 2507 5645 script.
2538 5575 2741 5640 eccles.,
2771 5591 2818 5629 c.
2854 5578 2903 5628 6.
3034 5642 3122 5646 ,Μ
3340 5642 3351 5646 νη

1977 5641 2090 5716 (88)
2130 5647 2332 5701 Vindic.
2370 5641 2567 5715 Ignat.,
2602 5661 2651 5715 p.
2680 5661 2726 5711 ι,
2759 5662 2805 5699 t'.
2840 5647 2900 5711 4,
2939 5662 2988 5713 p.
3026 5642 3149 5696 9.89.
3184 5641 3295 5696 (llr.
3331 5641 3464 5703 Gal-1

1904 5719 2073 5787 land.,
2104 5721 2139 5775 l.
2173 5735 2244 5784 r.,
2278 5734 2329 5785 p.
2363 5734 2484 5771 xxx.
