4066 6330
688 315 794 370 723

692 450 711 482 ι
745 431 871 486 lect:
892 446 941 486 at
973 442 1147 488 tamen
1175 434 1316 491 inter
1344 439 2000 513 apocryphasScript‘uras
2040 467 2057 500 ι
2092 450 2263 516 docet,

687 537 779 574 nec
800 520 865 573 ab
893 521 1136 577 Ecclesia
1164 527 1497 593 repudiatam
1524 530 1718 586 innuit.
1745 531 2052 607 Apocryphi
2082 548 2262 595 autem

687 613 815 667 libri
851 622 963 668 tum
997 615 1032 668 ii
1066 628 1368 685 vocantur,
1408 621 1503 690 qui
1540 624 1840 680 authentici
1894 628 2136 697 quidem,
2171 633 2263 687 sed

684 712 754 763 ab
803 711 1131 767 auctoritate
1181 716 1451 771 canonica
1492 718 1734 782 remoti,
1784 730 1839 775 et
1880 720 1935 776 in
1978 737 2263 781 sacrarum

686 798 1101 871 Scripturarum
1144 820 1355 861 canone
1403 822 1513 861 non
1563 811 1787 879 repositi
1835 823 1999 881 sunt;
2040 824 2153 871 tum
2203 817 2261 879 ii,

683 889 778 955 qui
826 904 934 944 non
983 901 1115 947 sunt
1161 908 1377 961 eorum,
1412 911 1646 965 quorum
1682 899 1855 955 titulis
1892 914 2265 971 praenotantur

685 976 1165 1053 (ψευδεπίγραφοι).
1196 981 1591 1055 Hieronymum
1616 988 1784 1055 priori
1811 1004 1974 1045 sensu
2000 990 2263 1048 Barnaba:

682 1072 971 1140 epistolam
1019 1076 1387 1146 apocrypham
1427 1080 1731 1149 appellasse
1764 1091 1930 1151 patet,
1977 1099 2101 1139 cum
2139 1102 2259 1140 eam

684 1162 947 1219 Barnabas
995 1167 1214 1235 quidem
1269 1170 1530 1234 ascribat,
1588 1181 1644 1226 et
1700 1173 2063 1231 nihilominus
2123 1177 2262 1231 inter

684 1260 1025 1330 apocryphas
1046 1260 1361 1330 Scripturas
1399 1278 1519 1317 eam
1562 1264 1759 1319 lectam
1796 1282 1920 1322 esse
1945 1271 2258 1325 contendat.

756 1348 1091 1406 Testimonia
1116 1353 1282 1423 igitur
1304 1357 1630 1426 scriptorum
1661 1360 2008 1429 antiquorum
2032 1363 2262 1417 authen-

654 1504 655 1507 η
682 1442 771 1495 tice
800 1440 1057 1511 Epistula:
1085 1443 1268 1501 favere
1293 1462 1455 1502 nemo
1487 1450 1723 1519 negabit.
1758 1450 2125 1510 Nihilominus
2152 1470 2259 1510 non

683 1530 891 1589 levibus
938 1535 1069 1589 moti
1102 1538 1440 1606 argumentis
1471 1554 1589 1594 eam
1626 1543 1927 1611 apostolico
1963 1544 2077 1598 viro
2106 1546 2262 1616 abju-

680 1624 969 1679 dicandam
1000 1643 1311 1684 censemus.

752 1719 804 1773 1.
849 1720 907 1773 Si
948 1718 1187 1791 Epistula
1220 1732 1407 1779 nostra
1437 1726 1506 1780 ab
1546 1726 1787 1796 antiquis
1816 1744 1915 1797 pro
1946 1729 2255 1785 authentica

680 1810 877 1865 fuisset
927 1823 1203 1881 reputate,
1239 1825 1385 1870 certe
1436 1816 1578 1870 inter
1628 1817 1796 1873 libros
1850 1822 2147 1876 canonicos
2195 1839 2255 1876 ea

680 1902 980 1971 legeretur;
1026 1904 1169 1959 sicut
1206 1906 1543 1976 Augustinus
1573 1908 1640 1961 de
1669 1910 1996 1979 apocryphis
2028 1910 2258 1967 Andreas

678 2004 733 2048 et
759 1993 988 2050 Joannis
1019 1996 1152 2051 dicit
1184 2016 1197 2051 :
1232 1996 1292 2051 Si
1333 1997 1551 2051 illorum
1592 2010 1763 2055 essent
1784 2042 1799 2067 ,
1833 2011 2042 2072 recepta
2087 2015 2255 2059 essent

679 2084 743 2140 ab
775 2084 1011 2140 Ecclesia
1041 2087 1175 2159 (89).

748 2176 803 2231 2.
850 2176 1147 2248 Epistulam
1185 2189 1428 2235 nostram
1466 2192 1581 2252 post
1620 2185 1959 2241 eversionem
1999 2185 2257 2243 Hieroso-

678 2271 837 2341 lyma:
868 2282 1148 2326 exaratam
1192 2287 1346 2339 esse,
1386 2291 1451 2327 ex
1479 2292 1599 2346 cap.
1640 2278 1707 2331 16
1746 2278 1903 2335 facile
1938 2280 2252 2351 conjicitur.

680 2361 787 2417 Sed
811 2378 975 2432 supra
1002 2364 1081 2419 lit.
1106 2363 1125 2417 l
1149 2365 1386 2421 vidimus
1406 2409 1419 2433 ,
1453 2366 1755 2424 Bai-nabant
1787 2372 1905 2427 sine
1935 2373 2101 2429 dubio
2132 2382 2258 2430 tunc

678 2454 942 2522 temporis
969 2470 1075 2509 non
1110 2456 1346 2525 amplius
1378 2458 1431 2512 in
1466 2462 1600 2515 vnvis
1630 2462 1864 2531 degisse.

750 2546 806 2604 5.
844 2546 1036 2616 Capite
1066 2549 1099 2603 5
1141 2550 1372 2619 apostoli
1416 2552 1568 2621 ὑπὲρ
1602 2553 1808 2610 πᾶσαν
1853 2557 2145 2628 ἁμαρτίαν
2190 2559 2257 2613 ἁ-

675 2637 993 2708 νομώτερυι
1016 2652 1298 2697 vocantur.
1337 2642 1488 2699 Talia
1520 2643 1824 2702 Barnabam
1842 2691 1857 2716 ,
1886 2652 2257 2720 apostolorum

677 2732 920 2797 Socium,
958 2734 1160 2791 dixisse
1192 2736 1279 2791 vix
1325 2746 1530 2807 putem.
1580 2738 1688 2794 Ista
1736 2751 1917 2797 autem
1962 2744 2258 2814 hyperbola

676 2827 852 2881 multo
885 2828 1059 2897 magis
1083 2830 1305 2885 secundi
1332 2832 1517 2886 szeculi
1542 2833 1814 2888 rhetorem
1840 2834 2042 2904 prodit.

746 2918 800 2973 4.
821 2917 953 2985 Quae
972 2921 1226 2991 capitelO
1242 2922 1576 2979 incredibilia
1594 2924 1660 2978 de
1676 2924 1880 2994 lepore,
1898 2927 2111 2998 hyzena,
2130 2938 2256 2993 etc.,

672 3010 1049 3087 proferuntur.
1069 3016 1242 3085 magis
1264 3025 1582 3086 nugatorem
1612 3017 2074 3087 allegorizantem,
2095 3037 2258 3092 quam

666 3094 990 3173 apostolum
1024 3107 1290 3161 redolent.

751 3196 805 3250 5.
851 3195 1169 3277 Barnabas,
1209 3199 1300 3268 qui
1347 3202 1661 3270 provincias
1697 3204 1841 3258 Asia!
1882 3203 2107 3262 Minoris
2134 3222 2259 3277 per-

681 3296 985 3357 agraverat,
1000 3276 1311 3359 mollesque
1333 3306 1507 3347 annos
1536 3292 1836 3349 Antiochia:
1860 3295 1915 3349 in
1934 3294 2089 3367 Syria
2112 3300 2259 3351 vixe-

679 3385 796 3445 rat,
852 3380 989 3434 bene
1040 3390 1381 3452 compertum
1432 3385 1635 3441 habere
1685 3387 1904 3456 debuit,
1954 3388 2154 3445 falsum
2204 3390 2254 3445 id

677 3484 836 3537 esse,
889 3474 1033 3543 quod
1085 3476 1261 3545 capite
1309 3476 1343 3531 9
1380 3477 1703 3545 allirmatur,
1755 3495 1946 3536 omnes
1987 3482 2255 3537 idolorum

680 3564 996 3620 sacerdotes
1029 3564 1303 3638 Syrosque
1333 3584 1522 3625 omnes
1556 3585 1679 3626 esse
1716 3570 2094 3630 circumcisos.

752 3652 807 3708 6.
848 3652 1153 3711 lnnumerm
1194 3659 1464 3728 allegorias
1501 3662 1804 3729 nugatorias
1827 3703 1843 3729 ,
1877 3663 2177 3732 praesertim
2206 3678 2255 3718 c.

680 3745 717 3801 5
758 3748 907 3801 -11
930 3789 946 3814 ,
990 3749 1058 3803 ab
1094 3750 1186 3805 illo
1218 3766 1324 3805 non
1365 3765 1599 3822 possunt
1621 3768 1743 3808 esse
1775 3755 2129 3825 conscriptae,
2164 3755 2257 3825 qui

680 3849 907 3910 propter
932 3841 1257 3911 eloquentiae
1281 3844 1536 3899 ardorem
1575 3844 1644 3900 ab
1678 3847 1941 3917 apostolis
1988 3858 2156 3925 nam;
2183 3859 2260 3925 '1;

680 3956 768 4002 est
789 3949 1116 4019 appellatus.

754 4039 806 4094 7.
848 4039 1039 4107 Quoad
1074 4054 1262 4096 sacros
1286 4039 1599 4097 Iudaeorum
1631 4043 1769 4098 ritus
1795 4043 1930 4099 falsa
1944 4045 2188 4116 quaedam
2204 4046 2259 4100 in

680 4129 911 4200 epistola
961 4138 1147 4185 nostra
1193 4145 1244 4186 c.
1287 4129 1317 4183 7
1345 4142 1397 4186 et
1444 4133 1478 4187 8
1523 4134 1797 4203 leguntur,
1853 4149 1975 4204 quae
2023 4133 2258 4189 Levitam

680 4218 986 4275 Barnabam
1008 4262 1023 4286 ,
1056 4220 1151 4290 qui
1181 4220 1389 4276 diutius
1422 4220 1814 4294 Hierosolymis
1845 4224 2086 4292 vixerat,
2158 4235 2259 4274 au-

678 4313 1098 4376 ctoremhabere
1130 4328 1239 4368 non
1263 4324 1515 4384 possunt.

754 4405 807 4459 8.
849 4406 1094 4478 Epistula
1127 4420 1312 4469 nostra
1346 4408 1560 4481 injuste.
1579 4408 1646 4466 de
1674 4408 1957 4477 Judaismo
1986 4411 2257 4482 disputat,

682 4497 1157 4556 circumeisionem
1188 4500 1371 4556 carnis
1397 4504 1829 4571 superstitiosam
1858 4519 2256 4574 esse,pronun-

683 4589 786 4643 tiat
814 4590 883 4658 (c.
902 4590 1294 4659 9),Sabbatum
1323 4593 1592 4662 vituperat
1620 4599 1691 4663 (c.
1725 4594 1836 4663 15),
1863 4596 2008 4667 leges
2037 4596 2201 4651 Mosis
2223 4612 2254 4651 a

681 4681 886 4738 Iudaeis
918 4698 1027 4737 non
1055 4684 1122 4738 ad
1153 4685 1391 4740 litteram
1425 4686 1803 4757 intelligendas
1835 4686 2006 4742 fuisse
2030 4696 2258 4743 conten-

680 4775 763 4829 dit
792 4773 863 4843 (c.
898 4776 1008 4845 10),
1033 4786 1088 4839 et
1118 4779 1485 4833 meonomiam
1528 4777 1738 4835 Veteris
1772 4778 2105 4836 Testamenti
2148 4795 2257 4835 non

680 4867 979 4937 Evangelia
999 4868 1217 4923 demum
1240 4912 1255 4936 ,
1292 4870 1385 4925 sed
1406 4870 1519 4939 jam
1554 4870 1648 4925 illo
1680 4870 1768 4925 die
1787 4911 1804 4937 ,
1831 4886 1939 4940 quo
1964 4870 2142 4927 Moses
2176 4881 2260 4926 ta-

682 4959 843 5015 bulas
887 4959 1020 5028 legis
1066 4960 1133 5014 de
1182 4962 1436 5016 manibus
1480 4963 1740 5033 projecit,
1789 4964 2047 5018 abolitam
2098 4979 2256 5029 esse,

681 5050 1010 5121 Judzeosque
1040 5061 1170 5109 utne
1208 5060 1591 5119 testamentum
1636 5054 1689 5108 in
1720 5064 2039 5124 perpetuum
2077 5055 2259 5125 perdi-

681 5142 828 5197 disse
856 5142 1013 5203 docet
1039 5151 1110 5211 (c.
1144 5142 1178 5203 4
1208 5151 1263 5202 et
1292 5143 1403 5213 14).
1429 5142 1638 5208 Cuncta
1668 5146 1783 5201 haec
1819 5162 1926 5201 non
1957 5162 1988 5201 a
2010 5145 2255 5200 Barnaba

680 5241 999 5303 exspectes,
1031 5234 1158 5304 qui,
1208 5242 1267 5287 ut
1313 5233 1497 5298 ﬁdeles
1541 5251 1569 5289 e
1610 5236 1862 5304 gentibus
1901 5246 1956 5290 et
1990 5252 2021 5291 e
2053 5235 2258 5293 .ludaais

683 5308 1065 5397 componeret,
1092 5325 1441 5389 Antiochiam
1466 5334 1549 5381 est
1578 5325 1813 5394 missus;
1839 5326 1932 5382 sed
1955 5328 2253 5382 secundum

682 5422 943 5476 saeculum
979 5420 1108 5476 talia
1139 5421 1395 5493 sapiunt,
1426 5420 1771 5501 similemque
1799 5427 1991 5483 contra
2063 5412 2252 5479 Judaiu

686 5635 870 5764 20(89)
902 5634 1087 5691 Contr.
1117 5636 1481 5692 adversarium
1508 5634 1660 5708 chis
1697 5644 1744 5703 et
1780 5634 2181 5709 PrOp/Ietarum,
2214 5653 2253 5703 ι,

753 5744 866 5845 190)
895 5774 1165 5845 Galland.,
1193 5778 1229 5834 l.
1258 5792 1331 5848 c.,
1360 5794 1411 5850 p.
1454 5796 1638 5845 χχχιιι,

1873 327 1939 399 ιδ.
1978 328 2342 391 BABNABAS
2381 336 2799 401 APOSTOLUS.

3774 359 3845 414 721

2295 461 2532 516 Asmum
2555 455 2821 513 fervorem
2854 458 2908 511 in
2942 456 3167 528 epistola
3207 459 3272 515 ad
3302 458 3609 532 Diognetum
3645 472 3844 537 reperies.

2437 546 2525 602 Ill.
2587 547 2797 605 Revera
2844 550 3037 620 primis
3096 552 3280 606 δεουιί
3326 554 3541 609 secundi
3586 560 3847 628 temporibus

2366 639 2470 693 107
2508 672 2531 679 -
2569 641 2671 695 120
2694 641 2991 712 Epistolam
3018 654 3257 699 nostram
3281 655 3547 699 exaratam
3571 662 3675 702 esse
3693 660 3845 719 putem.

2437 737 2489 786 1.
2532 731 2663 787 Post
2701 735 3040 791 eversionem
3076 737 3259 806 templi
3300 735 3738 810 Hierosolymitani
3761 760 3848 800 eam

2366 824 2623 895 scriptam
2654 841 2806 893 esse,
2835 843 2902 881 ex
2939 829 3116 898 capite
3147 828 3212 882 16
3255 829 3388 884 satis
3425 830 3601 899 liquet.
3638 830 3715 888 Sic
3742 837 3847 891 enim

2365 916 2479 970 ibi:
2511 917 2609 970 Διά
2648 919 2754 989 γὰρ
2797 919 2858 972 τὸ
2899 920 3152 990 πολεμεῖν
3197 921 3358 983 αὐτὸς
3399 921 3650 994 καθῃρέθη
3677 924 3716 993 (ὁ
3744 924 3848 997 ναὸς)

2365 1008 2468 1061 ὑπὸ
2506 1008 2612 1063 τῶν
2645 1010 2884 1081 ἐχθρῶν*
2920 1010 3013 1064 νῦν
3045 1029 3098 1063 κ.
3131 1028 3181 1063 τ.
3211 1010 3257 1063 λ.
3295 1010 3397 1077 Qui
3434 1012 3585 1066 aliter
3616 1028 3750 1081 quam
3782 1031 3851 1069 nos

2363 1100 2738 1169 distinguunt,
2763 1110 2817 1157 et
2843 1101 3031 1156 τὸνῦν
3047 1102 3254 1157 nomini
3289 1102 3492 1174 ἐχθρῶν
3524 1103 3750 1174 jungunt,
3775 1116 3850 1160 sta-

2362 1190 2459 1244 tim
2498 1200 2621 1260 post
2645 1207 2849 1247 annum
2876 1192 2942 1247 70
2967 1204 3023 1260 p.
3050 1193 3154 1249 Ch.
3187 1211 3243 1248 n.
3272 1195 3370 1249 has
3395 1195 3594 1249 litteras
3618 1195 3748 1250 datas
3768 1212 3850 1251 esse

2362 1281 2698 1336 contendunt
2727 1282 2861 1354 (90).

2433 1374 2487 1427 2.
2530 1372 2731 1430 Primis
2758 1374 2939 1431 saeculi
2966 1375 3188 1429 secundi
3228 1375 3589 1445 temporibus,
3623 1373 3849 1441 Judaisla,

2362 1465 2661 1521 Ecclesiam
2708 1466 2762 1520 in
2810 1466 3113 1536 periculum
3158 1476 3443 1533 vocantes,
3472 1467 3647 1521 eodem
3686 1467 3851 1521 ferventi

2362 1556 2526 1612 modo
2550 1556 3009 1628 impugnabantur
3038 1573 3067 1611 a
3106 1555 3162 1611 S.
3195 1556 3402 1629 lgnatio
3421 1558 3728 1613 Antiocheno
3749 1559 3851 1613 etab

2362 1658 2586 1704 auctore
2614 1650 2858 1719 epistola:
2895 1652 2961 1706 ad
2992 1651 3339 1722 Diognetum.

2433 1742 2486 1795 3.
2528 1741 2645 1796 Non
2673 1752 2797 1797 ante
2830 1746 3087 1799 saeculum
3125 1746 3430 1800 secundum
3464 1743 3733 1799 Christiani
3760 1739 3857 1794 Sub-

2293 1816 2331 1869 B
2361 1835 2547 1889 batum
2575 1835 2850 1891 celebrare
2879 1836 3190 1904 desierunt;
3223 1837 3499 1907 quodjam
3529 1834 3759 1897 evenisse,
3776 1832 3850 1901 epi-

2360 1928 2499 1984 stola
2530 1940 2713 1983 nostra
2740 1929 2896 1983 docet
2924 1945 2973 1983 c.
3003 1930 3089 1984 15.

2429 2017 2485 2075 4.
2524 2017 2727 2072 Auctor
2755 2016 3008 2089 Epistolae
3033 2028 3233 2073 nostra:
3254 2025 3442 2074 contra
3474 2015 3673 2072 eosdem
3695 2014 3852 2068 luetati-

2360 2124 2490 2177 cos,
2532 2108 2811 2165 Judaistas
2862 2118 2916 2163 et
2965 2108 3229 2177 Docetas,
3285 2110 3451 2164 verba
3497 2108 3781 2177 facit,quos
3813 2106 3852 2159 S.

2359 2199 2600 2272 lgnatius
2627 2200 2913 2270 vituperat.
2954 2197 3023 2254 Ut
3052 2200 3173 2266 hic,
3199 2200 3273 2253 ita
3304 2209 3359 2253 et
3388 2196 3579 2252 Noster
3603 2193 3856 2248 incarnatio-

2361 2309 2477 2346 nem
2522 2292 2725 2348 Christi
2771 2302 2958 2347 contra
3008 2290 3237 2348 Docetas
3282 2292 3358 2363 (c.
3392 2291 3425 2345 5
3465 2299 3518 2344 et
3555 2286 3605 2359 6)
3632 2286 3856 2357 pradicare

2361 2395 2589 2441 conatus
2611 2394 2714 2442 est.

2431 2479 2483 2535 5.
2514 2480 2956 2551 Theologumena
2982 2479 3152 2534 multa
3181 2478 3440 2546 Epistolas
3464 2482 3667 2539 nostrae,
3688 2483 3855 2540 preser-

2362 2568 2457 2622 tim
2485 2569 2663 2639 quoad
2703 2570 3029 2640 typologiam
3049 2611 3064 2635 ,
3092 2568 3373 2623 simillima
3402 2573 3527 2621 sunt
3564 2561 3786 2617 doetrinze
3815 2556 3853 2610 S.

2359 2658 2559 2715 Justini
2600 2670 2653 2716 et
2693 2659 3045 2726 Tertulliani,
3094 2659 3132 2713 i.
3174 2674 3225 2715 e.
3254 2660 3578 2730 scriptorum
3610 2651 3763 2707 saeculi
3796 2663 3855 2703 se-

2360 2750 2546 2804 cuntli.

2416 2837 2488 2897 ¹6.
2528 2841 2586 2896 In
2631 2842 2885 2898 omnibus
2927 2842 3209 2898 codicibus
3238 2842 3480 2912 antiquis
3510 2834 3724 2908 Epistola
3760 2829 3855 2883 Bar-

2362 2933 2517 2989 nabaa
2572 2937 2865 3003 postposita
2912 2944 2997 2989 est
3045 2934 3285 3004 epistolae
3339 2928 3640 3002 Polycarpi,
3685 2924 3857 2978 fortass:

2363 3023 2491 3094 quia
2518 3022 2728 3094 junior,
2752 3034 2898 3079 certe
2921 3040 3028 3078 non
3054 3030 3225 3079 multo
3248 3022 3523 3093 antiquior
3548 3017 3806 3090 putabatur.

2437 3114 2488 3169 7.
2540 3114 2661 3170 Non
2712 3112 2785 3171 ita
2838 3117 3011 3171 multo
3052 3127 3175 3187 post
3227 3132 3432 3172 annum
3483 3112 3580 3169 120
3626 3104 3856 3179 Epistulam

2360 3218 2601 3263 nostram
2632 3210 2996 3278 conscriptam
3022 3225 3143 3265 esse
3165 3250 3180 3273 ,

2429 3307 2487 3371 at)
2524 3316 2589 3355 ex
2615 3301 2791 3370 capite
2823 3300 2886 3354 16
2919 3310 3097 3371 patet,
3125 3301 3215 3355 ubi
3246 3301 3314 3355 de
3355 3297 3626 3355 eversione
3660 3291 3856 3345 Hieroso-

2282 3152 2326 3211 C

2570 3392 2727 3465 lymze
2751 3393 2824 3447 ita
2845 3393 3152 3457 disseritur,
3190 3402 3248 3447 ut
3275 3394 3454 3462 palam
3486 3389 3553 3444 sit
3583 3385 3753 3441 Ellam
3784 3379 3855 3433 Ca-

2569 3484 2853 3554 pitolinam
2902 3486 3142 3540 nondum
3199 3484 3266 3539 ab
3330 3484 3565 3537 Adriano
3610 3476 3755 3532 fuisse
3792 3483 3856 3522 cx-

2571 3584 2853 3630 structam.

2432 3666 2486 3738 β)
2523 3663 2654 3721 Post
2682 3683 2884 3722 annum
2915 3667 3037 3735 157,
3064 3666 3303 3722 secundo
3316 3665 3469 3720 bello
3488 3659 3694 3716 Judaico
3719 3650 3853 3710 linito,

2568 3762 2775 3815 nullum
2813 3759 3044 3830 amplius
3084 3757 3454 3814 Judaistarum
3497 3749 3759 3824 periculum
3790 3739 3854 3794 ad-

2568 3867 2691 3907 esse
2720 3860 2950 3922 poterat.
2978 3851 3222 3921 Denique

2428 3944 2484 4016 γ)
2524 3945 2715 4002 Celsus
2737 3945 2848 4016 jam
2874 3946 3019 4000 circa
3042 3960 3245 3999 annum
3271 3944 3377 3998 150
3409 3972 3447 3983 -
3478 3940 3575 3995 160
3595 3926 3855 4031 epristole

2524 4088 2537 4105 ί
2571 4048 2768 4093 nostra:
2794 4053 2913 4107 ⁰³Ρο
2945 4038 2978 4091 5
3007 4037 3168 4109 (ὑπὲρ
3202 4038 3382 4089 πᾶσαν
3414 4029 3668 4105 ἁμαρτίαν
3695 4024 3856 4117 avorti)-

2569 4130 2742 4204 τεροι)
2777 4130 3018 4186 convicia
3050 4138 3240 4185 contra
3267 4127 3539 4199 apostolos
3565 4117 3776 4175 hausisse
3800 4124 3855 4160 u-

2569 4223 2728 4279 detur
2759 4224 2891 4293 (91).
2978 4246 3003 4280 ο
3741 4295 3755 4301 _
3823 4292 3831 4301 _

2432 4315 2521 4371 IV.
2562 4315 2900 4383 Quibusnam
2934 4314 3229 4371 lectoribus
3267 4314 3507 4385 Epistola
3549 4304 3695 4364 fuerit
3730 4295 3855 4385 desti-

2360 4419 2523 4477 nata,
2576 4408 2799 4472 nullibi,
2833 4407 3113 4463 deficiente
3152 4384 3396 4476 pleniore
3436 4392 3744 4462 salutationis
3760 4384 3856 4487 lot-

2287 4500 2333 4555 D
2363 4502 2509 4558 mula
2527 4543 2542 4567 ,
2567 4501 2730 4556 claris
2759 4500 2939 4556 verbis
2962 4513 3277 4569 expressum
3313 4508 3415 4555 est.
3439 4495 3679 4564 Origenes
3704 4482 3855 4570 PpiSlO‘

2360 4591 2469 4645 lam
2498 4598 2742 4645 nostram
2800 4587 3115 4643 catholicam
3168 4588 3444 4653 nominat;
3492 4582 3583 4640 sed
3626 4592 3686 4631 ex
3725 4569 3854 4632 οεριιε

2360 4683 2537 4753 primo
2558 4690 2613 4735 et
2633 4680 2738 4734 fme
2766 4679 2924 4736 'noni
2962 4685 3133 4747 patet,
3149 4679 3215 4732 ad
3243 4688 3407 4732 certos
3427 4671 3675 4747 quosdam
3700 4656 3851 4755 ﬁdeles,

2360 4748 2579 4829 arctiori
2616 4771 2833 4825 vinculo
2856 4770 3062 4824 auctori
3092 4768 3342 4838 junctos,
3382 4770 3582 4822 litteras
3615 4758 3701 4810 has
3729 4748 3852 4843 fuisse

2358 4867 2536 4922 datas.
2566 4864 2957 4935 Argumentum
2990 4860 3179 4932 prima:
3213 4860 3382 4932 partis
3407 4852 3635 4928 epistola
3664 4851 3710 4940 et
3733 4844 3852 4940 totius

2359 4930 2839 5015 demonstrationis
2888 4930 3177 5008 methodus
3217 4930 3480 5008 certiores
3528 4958 3620 5000 nos
3664 4930 3847 5025 faciunt.

2360 5061 2636 5107 auctorem
2670 5047 2736 5101 ad
2767 5044 2942 5114 ﬁdeles
2973 5060 3000 5097 e
3033 5044 3265 5108 Judceis,
3299 5043 3415 5097 sine
3461 5034 3617 5093 dubio
3676 5022 3855 5118 llelleni-

2360 5153 2497 5205 stas,
2535 5142 2769 5195 instante
2810 5136 3050 5208 periculo
3088 5133 3454 5189 Judaistarum
3501 5114 3849 5208 verbaleflslw

2362 5200 2637 5284 Danielum
2679 5200 2946 5282 Schenkel
2984 5225 3341 5280 Basileensem
3362 5264 3377 5290 ,
3401 5200 3849 5309 certiorem?

2358 5324 2509 5378 ribus
2535 5319 2896 5392 profert-litem
2920 5360 2934 5385 ,
2963 5328 3165 5374 temere
3200 5316 3254 5371 id
3286 5315 3489 5385 egisse,
3529 5301 3645 5361 alibi
3679 5296 3847 5351 demon-

2355 5414 2646 5473 stravimus
2675 5411 2809 5483 (92).

2436 5632 2548 5699 (91)
2572 5630 2791 5753 Oripcn.
2820 5647 2862 5683 c.
2894 5629 3056 5694 Cels.,
3089 5644 3144 5681 η.
3173 5627 3329 5709 65,ι.
3355 5626 3403 5707 Ἰ,
3432 5639 3483 5691 p.
3514 5612 3625 5671 578.
3688 5670 3723 5726 Β
3754 5670 3838 5716 ΠΜ,

2437 5703 2549 5753 (9‘2)
2587 5701 2642 5753 lu
2696 5701 2885 5753 ibello:
2936 5700 3040 5753 Dus
3069 5698 3455 5753 seadse/trabea
3488 5688 3538 5743 ἀι
3584 5682 3641 5736 Α·
3726 5683 3749 5718 (⁸

2437 5682 2549 5771 libi)
2586 5682 2642 5754 in
2670 5682 3455 5756 libello:'Das'semlscln'cibcn
3488 5688 3538 5743 ἀι
3584 5682 3641 5736 Α·
3688 5682 3749 5726 ⁸η

2357 5776 2466 5838 bas,
2493 5786 2619 5841 etc.,
2650 5788 2702 5843 p.
2743 5772 2841 5826 152
2867 5788 2949 5842 sq.
