4066 6330
351 334 464 390 735

351 556 457 601 tem
505 546 573 601 de
621 545 898 600 authentia
946 543 1195 611 Epistolze
1241 543 1621 607 componeret,
1679 531 1906 601 probare

349 648 581 695 conatus
613 646 695 692 est
723 635 1014 705 Epistolam
1057 633 1314 687 Barnabas
1359 629 1645 699 genuinam
1690 623 1905 693 quidem

347 747 492 793 esse,
524 729 617 784 sed
639 745 746 783 non
775 729 1059 797 integram,
1089 738 1385 792 omnesque
1405 721 1523 790 ejus
1551 727 1749 789 partes,
1775 715 1906 770 viris

347 822 528 877 doctis
557 820 924 890 displicentes,
969 833 998 871 a
1025 818 1340 886 therapeuta
1361 814 1617 884 quodam,
1644 810 1908 866 Christia-

349 928 545 968 norum
568 926 723 967 sacra
750 918 961 972 secuto,
989 907 1252 978 originem
1277 906 1532 968 traxisse,
1560 903 1653 973 qui
1682 901 1907 972 mystica

350 1020 451 1060 sua
481 1002 741 1072 sapientia
781 1001 883 1054 viri
919 999 1199 1070 apostolici
1231 999 1437 1052 litteras
1466 1006 1663 1066 augere
1703 995 1773 1049 sit
1810 1009 1909 1048 au-

347 1111 466 1151 sus.
499 1094 610 1149 Nos
634 1103 820 1148 contra
860 1093 988 1147 alibi
1022 1091 1382 1162 integritatem
1426 1087 1674 1156 Epistola:
1720 1085 1908 1140 defen-

346 1189 478 1244 dere
508 1186 815 1242 studuimus
847 1185 981 1254 (94).
1013 1183 1209 1238 Paucis
1256 1195 1401 1236 nunc
1435 1195 1550 1234 rem
1581 1177 1856 1233 absolvam
1891 1219 1902 1230 .

422 1329 476 1385 1.
518 1327 758 1382 Secunda
793 1341 886 1380 seu
921 1323 1239 1393 paraenetica
1275 1337 1400 1390 pars
1435 1319 1722 1389 Epistolas,
1758 1334 1806 1372 c.
1843 1319 1908 1374 18

345 1420 527 1485 ——‘2|,
559 1433 676 1488 qua:
701 1418 811 1486 jam
840 1425 964 1470 ante
987 1413 1367 1469 Schenkelium
1395 1427 1426 1465 a
1450 1410 1696 1482 pluribus
1725 1410 1778 1463 in
1803 1410 1906 1464 du-

346 1510 502 1564 bium
531 1510 844 1574 vocabatur,
870 1507 1066 1578 quippe
1096 1521 1215 1576 qua:
1252 1504 1305 1558 in
1347 1503 1516 1559 veteri
1547 1501 1908 1557 versioneLa-

347 1605 462 1656 tina
499 1619 604 1656 non
631 1607 836 1664 exstet,

420 1715 478 1786 α)
514 1715 624 1786 jam
671 1715 739 1769 ab
791 1710 1184 1782 antiquissimis
1232 1709 1340 1766 illis
1383 1707 1768 1777 scriptoribus,
1815 1706 1907 1776 qui

560 1806 719 1876 primi
774 1805 1026 1874 Epistolae
1066 1804 1393 1858 mentionem
1438 1800 1740 1865 faciebant,
1789 1797 1910 1852 Cle-

559 1907 740 1953 mente
789 1905 842 1951 et
882 1879 1144 1966 Origen'ei,
1176 1895 1312 1952 lecta
1357 1902 1468 1960 est,
1502 1904 1555 1947 et
1595 1892 1809 1946 laudata
1857 1898 1910 1944 et

557 1989 738 2043 citata.

418 2079 473 2148 β)
513 2076 712 2132 Eadem
751 2076 807 2130 in
853 2076 1142 2143 omnibus,
1188 2089 1325 2145 quos
1368 2074 1667 2140 habemus,
1708 2071 1910 2129 Grzecis

557 2171 835 2227 codicibus
865 2179 1060 2227 exstat.
1311 2168 1314 2170 ’

416 2266 474 2331 γ)
511 2260 630 2315 Νοιι
670 2262 850 2317 minus
882 2262 934 2315 in
962 2261 1350 2317 stichometriis
1371 2269 1613 2316 veterum
1639 2273 1762 2328 pars
1792 2258 1908 2313 hazc

558 2352 794 2407 secunda
824 2352 1230 2407 numerabatur.

417 2448 476 2516 ὁ)
519 2445 702 2501 Sancti
732 2446 884 2500 Pauli
923 2460 1138 2515 quoque
1171 2443 1425 2514 Epistolaa
1451 2441 1590 2512 parti
1630 2441 1908 2497 didacticaa

557 2539 782 2592 alteram
813 2545 1018 2607 partem
1050 2536 1429 2606 paraeneticam
1453 2534 1773 2604 adjungunt.

417 2628 477 2701 ε)
517 2629 576 2682 1η
620 2637 772 2698 parte
815 2629 1050 2683 secunda
1091 2628 1158 2683 de
1198 2627 1409 2683 duabus
1454 2627 1553 2683 viis
1602 2626 1908 2692 disseritur,

559 2738 790 2793 quarum
812 2721 925 2791 jam
957 2722 1011 2776 in
1041 2729 1190 2791 parte
1217 2722 1390 2791 prima
1419 2735 1538 2790 cap.
1563 2724 1598 2774 4
1623 2729 1675 2774 et
1699 2719 1732 2772 6
1757 2733 1908 2774 men-

561 2815 636 2868 tio
673 2812 846 2868 fuerat
875 2812 1034 2867 facta.

416 2908 481 2978 ζ)
522 2906 657 2976 Styli
680 2906 1047 2960 diversitatem
1076 2920 1142 2959 ex
1177 2903 1391 2959 diversa
1426 2903 1707 2972 utriusque
1739 2902 1907 2974 partis

562 2995 743 3049 indole
767 3003 941 3049 ortam
964 3009 1083 3049 esse
1108 2994 1266 3048 facile
1296 2993 1674 3063 perspicimus.

1667 309 2192 371 PROLEGOMENA.

421 454 487 509 V.
528 453 672 508 Idem
712 451 794 506 vir
820 450 1012 505 doctus
1032 491 1046 516 ,
1079 448 1266 502 Daniel
1290 443 1556 500 Schenkel
1589 441 1721 510 (93),
1749 450 1808 492 ut
1846 435 1908 488 li-
1937 435 1979 489 A

3461 304 3562 359 726

2219 431 2466 500 genuinis
2510 439 2637 485 sunt
2676 436 2944 499 reputata.
2977 427 3187 496 Ubique
3213 425 3352 480 idem
3386 422 3563 478 fervor

2215 535 2399 577 contra
2430 521 2770 576 Judaismum
2799 519 2954 575 nobis
2977 520 3229 574 occurrit.

2077 614 2138 683 ε)
2180 611 2464 682 Perperam
2494 612 2849 667 Schenkelius
2874 611 3137 677 afﬁrmat,
3160 611 3226 666 de
3249 608 3399 664 Novo
3422 625 3560 679 quo-

2213 720 2317 784 que
2351 702 2697 758 Testamento
2726 702 2998 758 contraria
3029 701 3209 757 doceri
3247 701 3303 755 in
3332 700 3561 756 diversis

2221 797 2507 867 capitibus.

2078 891 2141 961 ζ)
2180 889 2297 943 Jam
2321 889 2573 943 Clemens
2607 887 3007 942 Alexandrinus
3031 927 3044 951 ,
3077 885 3170 955 qui
3200 886 3408 954 pﬁmus
3435 885 3560 956 Ερι-

2217 985 2366 1041 stola:
2388 993 2588 1038 nostrae
2610 982 2876 1046 meminit,
2901 981 3076 1053 capita
3100 983 3201 1036 ista
3223 980 3560 1050 displicentia

2218 1076 2345 1145 legit
2380 1084 2434 1128 et
2475 1073 2749 1139 laudavit,
2794 1083 2849 1128 et
2903 1088 2972 1128 ne
3015 1072 3303 1126 minimum
3342 1070 3560 1139 quidem

2217 1165 2646 1236 interpolationis
2670 1165 3041 1219 testimonium
3067 1163 3215 1217 ullibi
3240 1169 3436 1216 exstat.

2078 1256 2165 1309 VI.
2208 1256 2280 1310 De
2323 1257 2571 1311 doctrina
2611 1255 2872 1310 Barnabas
2907 1254 3008 1309 cfr.
3062 1253 3301 1309 libellum
3333 1267 3513 1306 meum
3546 1270 3558 1303 :

2009 1345 2117 1399 Das
2150 1344 2554 1400 Sendschreiben
2595 1347 2650 1400 d.
2679 1347 2741 1400 A.
2786 1347 3092 1412 Barnabas,
3125 1354 3254 1409 etc.,
3287 1360 3339 1414 p.
3369 1343 3563 1397 242-

2006 1435 2131 1489 262.
2162 1435 2234 1489 De
2253 1437 2435 1489 eadem
2467 1451 2525 1490 re
2545 1437 2889 1504 disputarunt
2910 1435 3140 1501 Franke,
3155 1435 3208 1489 in
3236 1433 3562 1489 Rudelbaclt.

2007 1537 2061 1582 et
2088 1527 2318 1582 Guerike
2344 1545 2357 1580 :
2382 1527 2687 1596 Zeitschrift
2713 1528 2800 1595 fur
2834 1527 2968 1580 luth.
2998 1525 3200 1593 Theol.,
3227 1536 3357 1590 etc.,
3388 1524 3523 1580 1840
3544 1565 3560 1592 ,

2009 1618 2164 1674 Fasc.
2192 1635 2228 1672 ιι
2254 1659 2271 1684 ,
2314 1629 2368 1673 et
2411 1636 2510 1672 van
2545 1619 2721 1686 Gilse,
2764 1619 2942 1691 Heyns
2972 1629 3024 1674 et
3054 1618 3250 1673 Junius
3285 1619 3340 1672 in
3386 1617 3562 1671 tribus

2011 1709 2553 1764 commentationibus
2576 1710 2641 1764 de
2669 1710 2937 1779 theologia
2966 1708 3184 1764 Patrum
3233 1709 3562 1779 apostolico-

2013 1814 2130 1852 rum
2182 1800 2402 1866 morali,
2446 1799 2514 1852 ab
2560 1799 2847 1854 Academia
2897 1798 3380 1870 Lugduno-Balava
3424 1799 3563 1854 1855

2008 1891 2229 1962 praemio
2253 1891 2481 1946 ornatis.

2081 1981 2190 2035 Vll.
2230 1981 2360 2037 Post
2388 1980 2750 2052 Nicephorum
2787 1983 3148 2053 patriarcbam
3179 1981 3565 2049 Constantino-

2008 2075 2306 2144 politanum
2337 2074 2399 2146 (“j-
2421 2075 2545 2144 898)
2593 2085 2648 2130 et
2684 2085 2961 2130 auctorem
3007 2075 3243 2144 antiqua:
3276 2075 3560 2144 cujusdam

2010 2165 2402 2221 Stichometria:
2423 2207 2437 2232 ,
2456 2217 2468 2251 ί
2484 2182 2513 2220 a
2540 2167 2807 2221 Cotelerio
2830 2166 3145 2236 publicane,
3177 2181 3346 2235 usque
3369 2165 3436 2219 ad
3463 2181 3562 2220 sae-

2009 2259 2192 2314 culum
2229 2273 2339 2311 xvn
2366 2272 2524 2312 nemo
2547 2256 2800 2331 Epistulae
2821 2267 3018 2314 nostra:
3038 2258 3284 2314 notitiam
3307 2257 3564 2312 habuisse

2009 2349 2238 2402 videtur.

2063 2438 2278 2493 Primus
2292 2439 2486 2493 iterum
2499 2454 2639 2506 eam,
2653 2440 2890 2510 epistola:
2900 2438 3182 2512 Polycarpi
3197 2439 3560 2511 conjunctam,

2008 2529 2243 2586 Iacobus
2273 2530 2592 2585 Sirmondus
2616 2531 2672 2586 S.
2695 2530 2744 2586 J.
2775 2533 2830 2587 in
2858 2533 3043 2589 codice
3065 2532 3332 2590 Turriano
3356 2535 3564 2606 detege-

2011 2626 2120 2677 bat.
2150 2622 2319 2677 Paulo
2350 2633 2471 2693 post
2516 2624 2571 2679 in
2618 2625 2738 2679 aliis
2796 2626 2968 2680 tribus
3016 2626 3294 2682 codicibus
3318 2667 3334 2693 ,
3362 2625 3564 2680 Biblio-

2011 2716 2178 2770 tbecae
2230 2713 2532 2778 Vaticanae,
2591 2718 2877 2772 cardinalis
2927 2717 3204 2772 Columnae
3259 2726 3312 2771 et
3342 2717 3571 2773 Andreae

2011 2805 2220 2861 Schotti
2260 2805 2317 2860 S.
2359 2805 2433 2873 J.,
2475 2807 2660 2862 eadem
2708 2807 2947 2878 Epistola
2982 2808 3364 2878 reperiebatur.
3409 2807 3564 2879 Hugo

2008 2909 2186 2953 autem
2227 2897 2512 2953 Menardus
2534 2940 2550 2966 ,
2575 2915 2605 2954 e
2652 2901 3065 2971 congregatione
3094 2899 3150 2955 S.
3187 2900 3392 2967 Mauri,
3421 2901 3566 2953 anti»

2010 3005 2171 3060 quam
2205 2987 2457 3060 Epistola:
2501 2991 2804 3045 versionem
2845 2991 3090 3046 Latinam
3128 2992 3180 3045 in
3217 2992 3401 3046 codice
3429 2991 3566 3046 Cor-

415 3087 474 3142 2.
514 3086 702 3139 Prima
733 3101 947 3156 quoque
977 3084 1228 3155 Epistolas
1256 3101 1382 3154 pars
1414 3085 1620 3156 integra
1653 3095 1709 3140 et
1733 3085 1801 3140 ab
1825 3085 1907 3139 in-
1933 3104 1979 3168 ο
2010 3083 2212 3138 beiensi
2239 3085 2385 3154 (ante
2412 3099 2535 3139 saec.
2558 3085 2634 3154 lx)
2659 3085 2953 3140 invenerat.
2979 3084 3337 3156 Apographon
3363 3085 3566 3140 codicis

345 3177 797 3247 terpolationibus
821 3178 988 3232 libera
1015 3186 1096 3232 est
1125 3179 1444 3247 reputanda.

417 3271 474 3337 α)
517 3268 739 3338 Singula
786 3268 929 3322 enim
974 3269 1151 3338 capita
1201 3267 1365 3323 unius
1415 3267 1718 3339 argumenti
1782 3275 1910 3322 sunt

559 3370 738 3430 partes
758 3401 773 3426 ,
799 3375 1031 3430 eumque
1055 3360 1251 3415 habent
1270 3359 1432 3415 finem
1453 3401 1468 3427 ,
1496 3369 1556 3414 ut
1574 3360 1910 3414 demonstre-

559 3461 664 3516 tur,
696 3449 1033 3506 Judaismum
1054 3466 1174 3507 esse
1198 3451 1480 3519 abolitum,
1506 3466 1760 3520 novaque
1784 3466 1908 3507 eum

561 3543 879 3597 oeconomia
907 3543 1097 3598 salutis
1122 3544 1355 3598 cessisse
1373 3584 1388 3609 ,
1415 3558 1577 3612 quam
1605 3543 1744 3614 typis
1775 3558 1911 3612 prte-

560 3634 998 3704 monstrare,jam
1020 3634 1087 3690 ab
1100 3632 1543 3698 initio,Judaismi
1559 3649 1758 3687 munus
1771 3641 1906 3687 erat.

421 3727 486 3796 β)
529 3727 743 3783 Falsum
776 3737 886 3793 est,
924 3727 1068 3797 quod
1102 3725 1457 3782 Schenkelius
1482 3725 1788 3791 contendit,
1819 3740 1912 3778 ca-

560 3828 656 3889 put
703 3827 913 3873 sextum
958 3833 1066 3872 non
1093 3833 1215 3872 cum
1246 3818 1507 3886 septimo,
1559 3814 1652 3872 sed
1693 3815 1910 3870 demum

560 3926 685 3964 cum
712 3909 872 3964 tertio
895 3910 1106 3963 decimo
1125 3948 1140 3973 ,
1173 3908 1437 3962 orationis
1463 3923 1606 3962 nexu
1633 3922 1753 3962 esse
1779 3922 1911 3961 con-

557 4003 825 4072 junctum.
863 4000 937 4054 Ea
975 4001 1118 4055 enim
1156 4001 1367 4070 capita,
1398 4015 1518 4070 quae
1561 3999 1910 4055 Schenkelius

561 4091 788 4147 delenda
833 4098 1015 4160 putat,
1071 4106 1121 4145 c.
1175 4089 1564 4156 7—12incl.,
1604 4089 1681 4144 nil
1728 4089 1908 4157 aliud,

561 4183 665 4237 nisi
694 4182 1153 4237 continuationem
1185 4181 1551 4235 antecedentis
1573 4180 1911 4235 demonstra-

562 4274 724 4327 tionis
742 4312 755 4338 ,
792 4287 985 4326 novam
1008 4249 1365 4327 oeconomiam
1392 4285 1422 4324 a
1450 4269 1730 4325 Judaismo
1773 4269 1909 4341 typis

562 4363 728 4417 fuisse
756 4361 1273 4432 prmmonslrandam
1295 4402 1310 4428 ,
1341 4361 1642 4417 continent.

2014 3175 2314 3230 Scbottiani
2336 3185 2389 3232 et
2411 3177 2608 3232 veteris
2631 3177 2774 3232 illius
2797 3178 3060 3233 versionis
3083 3177 3286 3232 Latina!
3307 3178 3564 3233 Claudius

2012 3263 2315 3321 Salmasius
2347 3267 2526 3322 lsaaco
2548 3265 2744 3322 Vossio
2765 3307 2780 3332 ,
2813 3265 3042 3321 Vossius
3074 3265 3292 3323 Usserio
3325 3268 3563 3322 tradidit.

2009 3360 2128 3427 Quo
2165 3360 2306 3414 facto
2332 3356 2565 3414 Jacobus
2594 3358 2876 3426 Usserius,
2922 3361 3296 3416 Armacbanus
3320 3402 3334 3422 .
3378 3359 3569 3415 lliber-

2010 3453 2112 3506 nite
2157 3452 2397 3521 primas,
2443 3466 2494 3505 a.
2543 3450 2681 3506 1645
2726 3450 2921 3506 Oxonii
2967 3451 3263 3522 Epistulam
3309 3451 3570 3506 Barnabaa

2009 3544 2158 3614 prelo
2197 3542 2449 3614 subjecit.
2499 3542 2602 3597 Sed
2647 3543 2836 3614 ingens
2879 3543 3186 3599 incendium
3214 3585 3228 3609 ,
3279 3545 3424 3615 quod
3461 3527 3567 3598 non

2009 3635 2259 3704 exiguam
2289 3642 2496 3703 partem
2543 3634 2692 3689 urbis
2733 3633 3057 3690 Oxoniensis
3093 3636 3356 3702 vastavit,
3385 3635 3566 3690 omnia

2009 3739 2224 3796 quoque
2247 3724 2575 3793 exemplaria
2602 3724 2919 3793 absumpsit.

2081 3817 2198 3883 Quo
2226 3825 2403 3870 autem
2431 3814 2601 3869 ferme
2628 3824 2871 3885 tempore
2898 3813 3152 3870 Usserius
3178 3831 3336 3871 suam
3368 3831 3568 3885 prtepa-

2010 3909 2164 3963 rabat
2185 3907 2499 3969 editionem,
2519 3906 2585 3960 de
2615 3906 2729 3975 ipsa
2753 3905 2994 3976 Epistola
3019 3905 3242 3960 Parisiis
3268 3907 3564 3974 evulganda

2011 4000 2282 4070 cogitabat
2308 3995 2461 4068 [Iugo
2491 3996 2800 4064 Menardus,
2829 3998 3125 4058 monachus
3164 3998 3562 4053 Benedictinus.

2011 4090 2132 4161 Ipso
2159 4100 2373 4144 mortuo
2405 4089 2565 4155 1641,
2594 4088 2770 4144 Lucas
2801 4087 3125 4152 Dacherius,
3157 4088 3397 4158 ejusdem
3431 4105 3566 4143 con-

2010 4186 2356 4256 gregationis,
2375 4183 2616 4238 Menardi
2636 4183 2923 4238 editionem
2938 4180 3075 4235 1645
3097 4182 3149 4234 in
3171 4181 3343 4235 lucem
3366 4180 3565 4248 emisit,

2009 4278 2179 4333 textui
2201 4277 2469 4332 Turriano
2495 4276 2743 4330 versione
2762 4273 3074 4328 Corbeiensi
3100 4273 3328 4342 adjecta.

2080 4371 2515 4428 Emendatiorem
2539 4369 2797 4424 Barnaba:
2821 4367 3115 4437 Epistulam
3142 4365 3277 4422 1646
3301 4368 3567 4422 Atnstelo-

422 4460 478 4524 γ)
522 4455 632 4509 Ι)υο
654 4455 757 4509 alia
785 4469 1000 4523 quoque
1022 4453 1198 4523 capita
1220 4494 1234 4518 .
1261 4454 1328 4508 15
1356 4463 1409 4509 el
1432 4454 1498 4507 16
1519 4496 1534 4520 ,
1560 4470 1680 4524 qua?
1706 4453 1909 4510 Seben-
1938 4438 1983 4493 Ῑ)
2009 4464 2150 4520 dami
2175 4464 2342 4519 edidit
2366 4461 2582 4517 lsaacus
2603 4460 2849 4526 Vossius,
2871 4459 3113 4529 pluribus
3143 4460 3264 4514 aliis
3286 4460 3566 4514 codicibus

561 4548 701 4603 kelio
749 4546 1062 4616 displicent,
1125 4547 1351 4600 minime
1408 4556 1536 4601 sunt
1583 4549 1904 4618 rejicienda,

561 4637 759 4706 quippe
815 4650 934 4705 qua:
991 4635 1058 4689 ad
1116 4635 1633 4690 demonstrationem
1686 4652 1908 4694 necesse

563 4728 884 4795 pertineant.
917 4723 1071 4792 Quod
1116 4725 1161 4781 si
1196 4726 1338 4780 enim
1379 4727 1600 4781 abolitio
1644 4727 1906 4784 Judaismi

563 4817 738 4872 fuerat
771 4817 1189 4872 demonstranda
1210 4857 1226 4881 ,
1258 4819 1420 4872 etiam
1463 4819 1529 4873 de
1562 4819 1909 4890 abrogatione

566 4905 786 4963 Sabbati
831 4907 904 4976 (c.
938 4908 1025 4978 15)
1056 4917 1110 4963 et
1157 4910 1333 4978 templi
1363 4911 1433 4980 (c.
1483 4909 1572 4980 16)
1619 4912 1781 4967 verba
1828 4913 1908 4967 fa-

563 5002 750 5056 cienda
780 5011 951 5057 erant.

423 5095 483 5163 ὅ)
519 5091 707 5160 Capita
756 5090 1075 5147 Schenkelio
1103 5093 1440 5162 displicentia
1493 5111 1597 5150 non
1645 5096 1802 5151 aliter
1841 5098 1909 5153 de

570 5181 746 5238 Veteri
774 5183 1117 5240 Testamento
1139 5185 1446 5256 disputant,
1487 5203 1548 5244 ac
1574 5204 1635 5244 ea
1662 5205 1782 5259 qua:
1808 5206 1907 5260 pro

415 5453 634 5537 .__(‘9§)mlr.
667 5457 960 5526 Ullmanni,
985 5435 1094 5520 etc.
1130 5460 1391 5518 :Studien
1430 5466 1535 5519 und
1557 5464 1902 5537 Krit.,1837,

354 5524 593 5582 652αὸ86
605 5575 614 5584 ,

2010 4571 2176 4620 usus,
2213 4554 2563 4618 Florentino,
2608 4551 2863 4606 Vaticano
2898 4560 2951 4606 et
2994 4549 3236 4605 Romano
3278 4549 3568 4605 Theatino-

2010 4664 2153 4702 rum.
2185 4647 2374 4702 Plures
2405 4646 2598 4701 deinde
2627 4653 2822 4700 secutxe
2854 4645 3262 4698 sunteditiones
3286 4686 3301 4710 ,
3332 4660 3561 4713 pmser-

2009 4742 2102 4795 tim
2135 4739 2384 4795 Cotelerii
2409 4780 2423 4805 ,
2455 4737 2685 4793 Russelii
2707 4748 2760 4792 et
2780 4736 3043 4792 Gallandii
3068 4776 3084 4802 ,
3109 4752 3268 4807 quam
3297 4737 3561 4806 posterio-

2010 4847 2122 4886 rem
2153 4846 2254 4885 nos
2299 4830 2566 4899 praacipue
2592 4829 2783 4884 ducem
2820 4828 3130 4895 habuimus,
3157 4843 3264 4882 non
3289 4828 3564 4898 pedisequi

2013 4924 2185 4978 instar
2218 4937 2336 4977 eam
2364 4922 2552 4976 secuti.

2084 5013 2216 5067 Vlll.
2259 5013 2561 5069 Notandum
2608 5015 2875 5085 denique,
2937 5014 2989 5068 in
3049 5015 3298 5068 omnibus
3362 5011 3564 5067 Graecis

2014 5106 2293 5161 codicibus
2353 5107 2539 5160 deesse
2581 5105 2754 5173 capita
2803 5105 2896 5158 1-4
2947 5104 3140 5157 inclus.
3187 5111 3234 5155 et
3279 5100 3562 5155 dimidium

2011 5198 2204 5269 quinti.

2087 5469 2198 5535 (94)
2234 5467 2735 5542 Tubing._T/teolog.
2784 5472 3215 5540 Quartalschrt'ﬂ.
3251 5470 3406 5542 I859,
3437 5469 3476 5534 I,
3507 5488 3559 5542 ι),

2011 5539 2079 5592 60
2123 5556 2240 5609 sqq.
2270 5550 2320 5595 et
2362 5541 2414 5594 in
2448 5540 2625 5595 libello
2671 5539 2787 5597 meo
2819 5558 2979 5612 supra
3009 5539 3192 5608 citato,
3219 5559 3270 5612 p.
3301 5541 3400 5598 196
3439 5539 3560 5616 sqq.
