4066 6330
260 378 377 432 729
1529 374 1837 431 EPISTOLE

1896 375 2299 431 CATHOLICA.
3371 377 3474 430 750

330 492 463 546 Tres
498 501 624 547 sunt
652 507 782 560 ergo
814 496 1232 552 constitutiones
1264 496 1501 566 Domini,
1536 499 1656 553 vitae
1681 515 1825 569 spes,
1856 499 2067 553 initium
2117 509 2169 553 et
2215 514 2430 553 consun
2456 499 2633 551 natio.
2662 496 2973 565 Propalavit
3014 495 3156 549 enim
3214 495 3474 550 Dominus

250 601 348 654 per
382 584 694 653 prophetas,
728 600 850 653 quae
877 586 987 657 (14)
1018 591 1423 658 praeterierunt;
1478 601 1531 645 et
1584 591 1890 646 futurorum
1940 592 2085 647 dedit
2132 592 2287 645 nobis
2340 592 2494 645 initia
2551 591 2709 646 scire.
2752 588 2905 643 Sicut
2952 604 3079 657 ergo
3108 589 3322 642 locutus
3368 597 3469 652 est,

251 676 539 729 honestius
565 684 618 729 et
646 676 810 729 altius
839 680 1095 732 accedere
1126 679 1239 748 (l5)
1272 681 1337 732 ad
1364 695 1515 733 aram
1551 679 1715 734 illius.
1748 679 1858 749 Ego
1885 690 2064 734 autem
2093 696 2198 734 non
2232 689 2489 749 tanquam
2523 680 2714 733 doctor
2746 678 2879 747 (ιϐ),
2912 678 3004 732 sed
3030 694 3169 732 unus
3199 692 3259 731 es
3295 677 3470 743 vobis,

245 766 636 822 demonstrabo
667 781 861 837 pauca,
896 782 990 837 per
1016 783 1137 837 quae
1164 767 1217 821 in
1252 768 1497 838 plurimis
1527 768 1759 822 lzetiores
1793 769 1913 822 sius
1940 768 2073 837 (l7).

1333 857 1396 912 υ.
1441 856 1724 928 Sacriﬁcia
1750 857 1979 911 Iudaica
2019 858 2219 911 abolita
2248 866 2386 913 sunt.

312 951 452 1007 Cum
482 951 591 1006 sint
620 966 748 1023 ergo
777 951 892 1007 dies
923 953 1237 1022 nequissimi
1267 952 1401 1024 (l8),
1433 963 1484 1008 et
1515 952 1823 1007 contrarius
1846 952 1956 1023 (l9)
1988 953 2183 1006 habeat
2222 952 2387 1022 hujus
2416 952 2597 1007 δαίουιί
2631 957 2972 1021 potestatem,
2999 951 3258 1006 debemus
3286 956 3468 1006 atten-

240 1039 435 1095 dentes
456 1040 729 1110 inquirere
752 1040 1031 1110 aaquitates
1063 1040 1295 1096 Domini.
1330 1042 1441 1111 (20)
1467 1040 1616 1109 Fidei
1646 1056 1773 1111 ergo
1801 1050 1999 1096 nostra
2027 1041 2305 1111 adjutores
2328 1040 2462 1112 (21),
2490 1043 2651 1096 timor
2675 1054 2725 1097 et
2753 1046 3073 1100 sustinentia
3104 1065 3116 1100 :
3142 1062 3261 1115 qua:
3288 1056 3467 1100 autem

242 1134 532 1189 uobiscum
571 1144 832 1205 pugnant,
863 1136 1116 1204 patientia
1146 1143 1228 1190 est
1266 1144 1320 1189 et
1349 1136 1699 1191 continentia.
1736 1136 1860 1193 Haec
1890 1154 2011 1194 cum
2048 1137 2190 1208 apud
2236 1135 2523 1192 Dominum
2569 1151 2887 1207 permanent
2931 1152 3080 1197 casta
3112 1142 3250 1213 (22),
3285 1143 3467 1197 colla:-

243 1235 432 1281 tantur
466 1226 572 1281 illis
604 1226 870 1296 sapientia
903 1235 956 1280 et
982 1223 1286 1279 intellectus
1312 1223 1447 1296 (25).
2828 1284 2837 1301 ι

314 1322 610 1392 Adaperuit
630 1323 772 1399 enim
798 1321 953 1377 nobis
977 1337 1070 1391 per
1085 1337 1274 1376 omnes
1295 1321 1604 1390 prophetas,
1623 1322 1749 1392 quia
1770 1338 1875 1377 non
1903 1324 2071 1378 utitur
2091 1324 2293 1378 nostris
2316 1323 2528 1391 hostiis,
2559 1339 2731 1394 neque
2748 1325 3006 1388 victimis,
3036 1342 3214 1395 neque
3241 1326 3469 1381 oblatio—

241 1416 408 1471 nibus
430 1456 444 1479 ,
471 1416 584 1469 hzec
614 1415 801 1469 dicens
830 1432 842 1467 :
867 1414 980 1479 Quo
1002 1412 1128 1467 mihi
1151 1412 1539 1466 multitudinem
1559 1413 1939 1481 sacriﬁciorum
1960 1425 2268 1479 vestrorum,
2293 1415 2422 1467 dicit
2444 1414 2735 1469 Dominus?
2765 1415 2956 1470 Plenus
2987 1434 3103 1469 sum
3133 1417 3469 1471 holocausta-

241 1511 474 1563 matibus
506 1511 748 1574 arietum,
778 1520 825 1563 et
853 1507 1278 1580 pinguaminibus
1304 1524 1555 1577 agnorum
1573 1523 1591 1560 :
1607 1518 1654 1561 et
1683 1508 1985 1577 sanguinem
2009 1508 2272 1560 hircorum
2294 1516 2340 1561 et
2365 1518 2637 1561 taurorum
2666 1510 2817 1569 nolo:
2855 1527 2944 1562 nec
2976 1511 3021 1562 si
3057 1512 3274 1564 veniatis
3301 1511 3466 1564 videri

241 1602 374 1653 mihi
399 1600 534 1670 (24).
569 1599 698 1664 Quis
724 1601 863 1654 enim
892 1604 1168 1672 exquisivit
1193 1602 1303 1657 haec
1335 1604 1398 1657 de
1430 1604 1669 1657 manibus
1702 1605 1930 1659 vestris?
1980 1603 2183 1657 calcare
2227 1604 2406 1656 aulam
2437 1621 2602 1658 nteant
2633 1622 2733 1659 non
2766 1607 3046 1674 adjicietis.
3083 1604 3142 1659 Si
3174 1606 3464 1659 attuleritis

242 1697 375 1748 mihi
395 1696 769 1765 simtlaginem,
798 1712 988 1750 vanum
1013 1713 1031 1750 :
1060 1697 1529 1767 supplicamentum
1550 1700 1838 1751 exsecratio
1867 1698 1993 1750 mihi
2012 1708 2109 1752 est.
2138 1696 2451 1751 Neontcnias
2482 1707 2676 1752 vestras
2705 1710 2751 1752 et
2782 1699 2918 1752 diem
2955 1716 3200 1769 magnum
3251 1698 3464 1769 (25-26)

240 1807 344 1843 non
372 1791 598 1843 sustineo
625 1805 642 1842 :
665 1790 951 1858 jejunium,
988 1800 1036 1845 et
1067 1792 1226 1860 ferias
1261 1791 1397 1860 (27),
1434 1802 1482 1845 et
1512 1793 1621 1845 dies
1651 1793 1807 1860 festos
1839 1801 2032 1845 vestros
2064 1792 2173 1844 odit
2207 1793 2388 1844 anima
2429 1794 2603 1846 mea‘.
2658 1792 2781 1848 Hzec
2828 1811 2957 1864 ergo
3003 1809 3171 1848 vacua
3222 1793 3367 1857 fecit,
3408 1802 3466 1848 ut

238 1894 381 1933 nova
418 1881 502 1933 lex
530 1877 742 1933 Domini
774 1881 941 1935 nostri
971 1878 1096 1935 Jesu
1127 1881 1352 1947 Christi,
1381 1899 1501 1952 qua:
1544 1883 1658 1937 sine
1694 1882 1825 1951 jugo
1870 1883 2208 1938 necessitatis
2240 1883 2353 1953 (28)
2383 1892 2483 1949 est,
2520 1885 2811 1939 humanam
2860 1885 3058 1939 habeat
3105 1883 3459 1939 oblationem.

238 1970 381 2024 Dicit
408 1968 672 2025 Dominus
699 1971 890 2025 iterum
923 1972 989 2026 ad
1018 1973 1136 2028 illos
1162 1992 1177 2028 :
1223 1971 1478 2042 Nunquid
1507 1990 1598 2043 ego
1624 1974 1847 2043 praecepi
1876 1974 2182 2043 parentibus
2220 1974 2427 2039 vestris,
2462 1991 2580 2029 cum
2609 1977 2849 2030 exierunt
2875 1977 2938 2029 de
2967 1987 3103 2030 terra
3137 1976 3379 2047 .‘Egypti,
3409 1984 3465 2028 ut

238 2064 489 2131 o/Terrent
527 2062 652 2116 mihi
681 2064 877 2119 hostias
902 2074 951 2119 et
977 2066 1211 2121 victimas
1230 2069 1250 2098 ’
1275 2068 1300 2120 ?
1328 2067 1430 2121 Sed
1456 2068 1551 2121 hoc
1582 2070 1802 2137 prtccepi
1828 2068 1958 2131 illis,
1996 2068 2172 2122 dicens
2201 2086 2218 2122 :
2248 2068 2612 2142 Unusquisque
2641 2079 2867 2125 vestrum
2897 2068 3143 2121 adversus
3165 2068 3464 2136 proximum

235 2174 345 2210 non
374 2156 561 2209 habeat
594 2157 892 2223 malitiam;
928 2167 976 2213 et
1002 2160 1365 2229 juramentum
1395 2160 1635 2215 mendum
1668 2161 1779 2231 (29)
1819 2179 1923 2215 ηοη
1951 2163 2102 2217 habet
2125 2164 2144 2193 ³
2176 2163 2309 2233 (30).
2345 2163 2643 2234 Intelligere
2681 2179 2812 2231 ergo
2851 2162 3131 2224 debemus,
3180 2176 3303 2214 cum
3354 2175 3463 2212 non

236 2248 416 2303 simus
444 2250 560 2303 sine
588 2249 881 2315 intellectu,
914 2250 1200 2305 consilium
1238 2252 1587 2323 benignitatis
1614 2252 1789 2308 Patris
1815 2254 1985 2309 nostri
2016 2273 2029 2309 :
2058 2254 2183 2324 quia
2210 2255 2367 2311 nobis
2397 2255 2551 2322 dicit,
2585 2256 2773 2312 volens
2809 2272 2907 2311 nos
2939 2254 3191 2310 similiter
3216 2260 3463 2305 errantes

236 2358 509 2411 quaerere,
551 2344 1006 2413 quemadmodum
1038 2346 1104 2401 ad
1135 2346 1285 2401 illum
1313 2348 1669 2415 accedamus;
1702 2348 1856 2402 nobis
1888 2349 2033 2403 enim
2065 2349 2198 2403 dicit
2231 2367 2243 2402 :
2286 2347 2621 2418 Sacriﬁcium
2653 2350 2761 2403 Deo
2791 2367 2881 2404 cor
2918 2347 3369 2410 contribulatum;
3414 2354 3485 2401 et-

234 2438 585 2490 humiliatum
623 2438 759 2492 Deus
791 2455 892 2492 non
922 2440 1142 2510 despicit
1163 2441 1203 2495 ⁸.
1240 2439 1457 2498 Certius
1479 2456 1607 2512 ergo
1638 2442 1916 2512 inquirere
1944 2442 2222 2507 debemus,
2266 2442 2481 2508 fratres,
2513 2442 2578 2497 de
2618 2451 2803 2498 nostra
2836 2443 3029 2508 salute,
3064 2450 3123 2494 ut
3152 2454 3217 2493 ne
3246 2437 3464 2507 quando

232 2528 439 2583 habeat
466 2528 578 2600 (3i)
612 2524 895 2584 introitum
929 2532 981 2585 in
1014 2532 1192 2599 nobis,
1220 2543 1272 2587 et
1296 2544 1502 2589 evertat
1532 2549 1632 2588 nos
1666 2549 1694 2587 a
1727 2535 1834 2588 vita
1862 2534 1973 2602 (32)
1999 2542 2203 2588 nostra.

1027 2626 1114 2680 Ill.
1156 2627 1372 2697 Jejunia
1397 2628 1705 2684 Judazorum
1734 2644 1835 2681 non
1865 2636 1986 2680 sunt
2018 2644 2135 2681 vera
2174 2643 2264 2679 nec
2296 2625 2400 2680 Deo
2434 2639 2667 2696 accepta.

313 2718 458 2774 Dicit
482 2735 607 2791 ergo
635 2721 834 2776 iterum
867 2723 933 2777 de
969 2722 1052 2776 his
1086 2723 1153 2776 ad
1183 2723 1303 2777 illos
1348 2745 1362 2782 :
1401 2724 1597 2792 thuid
1627 2723 1751 2776 mihi
1770 2723 2057 2791 jejunatis,
2094 2733 2149 2775 ut
2180 2722 2329 2774 hodie
2358 2724 2609 2775 audiatur
2634 2736 2731 2776 vox
2760 2731 2928 2775 vestra
2958 2721 3009 2773 in
3040 2719 3311 2772 clamore?
3340 2714 3462 2769 Non

232 2814 342 2866 tale
362 2812 627 2881 jejunium
658 2812 810 2883 elegi,
841 2813 970 2866 dicit
998 2814 1275 2880 Dominus,
1307 2824 1361 2867 ut
1390 2814 1505 2883 quis
1544 2813 1779 2866 Immiliet
1814 2814 2045 2865 animam
2085 2828 2235 2865 suam
2282 2812 2393 2865 sine
2437 2829 2618 2866 causa.
2666 2810 2844 2883 Neque
2895 2813 2942 2865 si
2980 2810 3271 2863 curvaveris
3308 2810 3459 2878 quasi

315 2955 330 2985 ³
357 2953 461 3009 lsa.
497 2968 533 3019 ι,
566 2951 750 3006 11-14.
828 2953 847 2982 ³
874 2949 989 3005 Jer.
1019 2968 1127 3019 vn,
1152 2951 1244 3018 22,
1276 2951 1366 3006 25.
1452 2952 1473 2985 ³
1520 2952 1684 3007 Zach.
1730 2966 1837 3006 νιιιλ

1896 2950 1969 3005 l7.
2042 2950 2067 2982 ⁵
2091 2949 2238 3006 Psal.
2264 2960 2318 3013 L,
2354 2950 2437 3005 i9.

1515 3064 1875 3119 VARIOBUM
1907 3062 2134 3119 NOTAE.

1966 3185 2082 3258 (22)
2122 3184 2306 3258 Casta.
2340 3182 2573 3258 Integra.
2605 3186 2745 3242 ΜΕΝ.
2772 3214 2842 3258 -έ
2868 3182 3043 3258 Ceste.
3077 3181 3209 3258 βοῒ.

1972 3252 2084 3323 (25)
2127 3252 2479 3312 Intellectus:
2503 3257 2665 3312 Addit
2705 3256 2885 3312 Fellus
2937 3252 3131 3307 litteris
3180 3253 3457 3320 miniatis,

304 3332 424 3399 (15)
462 3326 734 3384 Accedere.
770 3329 1088 3394 Menardus,
1118 3329 1368 3382 accedite.
1397 3326 1576 3381 Fellus
1604 3327 1796 3399 litteris
1899 3326 2137 3399 scientia,
2174 3329 2444 3396 cognitio;
2485 3344 2622 3399 quas
2658 3330 2793 3382 duas
2825 3340 2983 3378 voces
3026 3332 3179 3391 putat
3224 3334 3458 3399 veterem

228 3394 804 3482 niijiia'tis.preemittit,
838 3411 1059 3482 Oportet.
1094 3398 1331 3482 «'S‘edin
1354 3399 1672 3482 praeceptis,
1716 3398 1799 3451 in-
1902 3394 2253 3482 interpretem
2303 3394 2651 3466 przeteriisse,
2684 3414 2808 3453 eum
2855 3403 3071 3449 exstent
3112 3394 3253 3463 apud
3286 3395 3456 3449 Cletn.

220 3461 352 3530 quit
448 3461 711 3537 Clericus,
736 3461 940 3541 passim
965 3480 1090 3525 ante
1120 3461 1448 3523 inﬁnitivum
1480 3461 1560 3519 δέί
1591 3461 1797 3522 subau-
1898 3461 2053 3541 Ales,

227 3541 407 3593 ditur.
440 3558 459 3589 ι
697 3532 751 3541 ⁷’
1972 3533 2083 3602 (24)
2135 3533 2313 3587 Videri
2364 3536 2513 3587 mihi.
2562 3535 2637 3589 lla
2683 3537 2814 3590 edit.
2853 3532 3029 3588 Oxon.
3066 3534 3152 3602 Al.
3196 3548 3317 3586 cum
3352 3549 3456 3589 ms.

308 3610 426 3676 (16)
468 3606 589 3662 Non
618 3620 868 3679 tanquam
892 3611 1094 3664 doctor.
1125 3607 1379 3676 Respexit
1408 3605 1548 3679 forte
1573 3606 1641 3679 ad
1667 3605 1797 3679 illud
1899 3601 2072 3679 videre
2100 3604 2249 3679 mihi.
2276 3634 2344 3679 _—
2370 3604 2510 3674 Lege
2543 3607 2705 3679 videri
2728 3648 2744 3671 ,
2794 3601 3311 3679 utnapuduTertull.
3344 3604 3455 3679 Alib.

227 3672 427 3733 Matth.
474 3694 635 3744 χχιιι,
667 3680 699 3732 8
723 3672 759 3735 ἐ
804 3679 906 3733 Vos
957 3690 1130 3733 autem
1168 3672 1329 3732 nolite
1376 3678 1551 3730 vocari
1586 3676 1752 3729 Rabbi
1776 3690 1795 3727 :
1886 3674 2157 3728 ~adversus
2191 3672 2404 3727 Judaros
2445 3672 2564 3744 cap.
2611 3676 2663 3740 5,
2699 3692 2818 3744 pag.
2850 3672 2953 3726 608
2984 3691 2996 3744 ς
3026 3672 3211 3744 Nec_si
3243 3674 3459 3744 veniatis

304 3190 423 3258 (Η)
465 3189 708 3255 ραιε.ιιίι
736 3188 1064 3245 edit.0son.
1094 3203 1259 3258 quam
1292 3188 1541 3257 sequitur
1568 3186 1792 3241 Wakius
1823 3193 1868 3247 Α

230 3264 287 3316 in
319 3277 418 3315 sua
447 3260 668 3328 Anglica
695 3261 962 3314 versione.
992 3260 1075 3314 Al.
1109 3275 1233 3314 cum
1264 3274 1365 3312 ms.
1393 3258 1503 3328 qui.

228 3766 373 3801 unus
420 3758 496 3802 est
541 3750 677 3801 enim
726 3750 980 3817 Magister
1027 3758 1224 3810 vester;
1270 3763 1444 3800 omnes
1497 3756 1671 3799 autem
1711 3761 1796 3799 vos

142 3852 149 3859 -
226 3820 429 3887 fratres
457 3819 604 3871 estis.
648 3817 717 3872 Et
757 3816 1031 3887 ibid.,10:
1069 3816 1179 3887 Nec
1229 3817 1480 3887 vocemini
1511 3816 1795 3885 magistri:

266 3891 363 3941 uia
391 3888 639 3955 magister
658 3901 842 3954 vester,
868 3885 1002 3941 unus
1025 3898 1102 3941 est
1129 3886 1391 3942 Christus.
1430 3885 1557 3939 Vide
1579 3902 1799 3954 quoque

266 3906 363 3941 uia
391 3906 639 3955 magister
658 3906 842 3954 vester,
868 3906 1002 3941 unus
1025 3906 1102 3941 est
1129 3906 1391 3942 onustus.
1436 3906 1557 3939 nuc
1579 3906 1793 3954 quoque

225 3906 351 4015 gae.
383 3974 468 4021 ιιι,
496 3958 543 4011 1.
576 3958 667 4012 Sic
695 3960 747 4012 in
772 3959 1016 4013 eamdem
1044 3958 1363 4011 sententiam
1391 3955 1533 4009 infra
1560 3970 1681 4025 cap.
1708 3971 1793 4009 ιν(

154 4058 161 4063 -
229 4030 354 4084 Hoc
381 4044 503 4098 rogo
534 4044 620 4081 vos
656 4038 903 4098 tanquam
932 4043 1064 4080 unus
1092 4042 1156 4081 ea:
1179 4027 1340 4098 vobis.

304 4099 421 4169 (Π)
444 4093 528 4150 'ln
559 4093 803 4166 plurimis
833 4099 1059 4152 laetiores
1091 4098 1239 4169 sitis.
1274 4095 1350 4169 lla
1394 4093 1415 4148 Ι
1452 4094 1610 4149 Joan.
1653 4096 1753 4169 ι,4
1781 4113 1794 4148 :

227 4166 323 4229 Et‘
352 4166 462 4222 haec
507 4169 785 4221 scribimus
827 4169 966 4221 vobis
1002 4176 1064 4236 ut
1100 4166 1374 4236 gaudeatis
1400 4204 1415 4229 ,
1462 4176 1510 4219 et
1546 4167 1798 4236 gaudium

227 4248 460 4293 vestrum
486 4239 551 4291 sit
573 4240 800 4306 plenum.
831 4234 1137 4292 Mem—Sic
1160 4238 1213 4291 in
1237 4239 1385 4291 calce
1412 4234 1575 4305 hujus
1598 4235 1795 4306 Epist.,

226 4313 313 4373 εἰς
337 4310 397 4361 τὸ
426 4308 685 4379 εὐφρᾶναι
714 4309 871 4379 ὑμᾶς.
906 4308 1066 4363 FELL.

302 4380 419 4446 (l8)
464 4375 597 4432 (ium
625 4380 729 4431 sint
751 4375 868 4432 dies
898 4378 1219 4447 nequissimi.
1259 4376 1333 4431 Ita
1364 4376 1565 4432 Paulus
1595 4375 1793 4446 Ephes.

226 4465 283 4515 ν,
318 4450 407 4512 16,
441 4450 685 4516 quoniam
716 4451 825 4501 dies
856 4449 984 4502 mali
1015 4458 1155 4502 sunt.
1188 4447 1329 4502 Men.

304 4518 422 4583 (l9)
464 4517 797 4571 Contrarias.
850 4519 902 4571 ld
936 4529 1021 4572 est
1056 4517 1244 4581 Satan.
1273 4516 1609 4571 Glossarium
1639 4525 1793 4571 vetus
1823 4522 1870 4583 Β

223 4601 362 4639 ms.:
384 4584 574 4645 Salan,
606 4584 958 4652 adversarius,
978 4586 1293 4639 contrarius.
1311 4585 1442 4651 Quae
1462 4586 1790 4651 subduntur,

223 4651 443 4708 Habeat
475 4654 628 4721 hujus
660 4658 839 4706 swculi
880 4663 1209 4721 potestatem,
1265 4656 1594 4722 respondent
1634 4654 1791 4709 Joan.

224 4740 331 4793 ξιι,
362 4724 453 4789 51;
490 4738 602 4787 xlv,
632 4724 863 4793 50;_xv1,
896 4724 980 4776 H:
1010 4723 1261 4793 Princeps
1292 4725 1448 4792 hujus
1489 4726 1709 4789 mundi;
1741 4734 1795 4779 et

221 4791 435 4861 Ephcs.
470 4808 544 4855 vr,
572 4793 637 4845 12
666 4814 678 4848 :
726 4791 826 4847 Sed
858 4794 1105 4847 adversus
1132 4791 1388 4863 principes
1415 4804 1462 4846 et
1488 4804 1790 4862 potestates,

224 4862 482 4916 adversus
513 4865 693 4917 mundi
723 4875 943 4916 rectores
976 4862 1309 4918 tenebrarum
1338 4865 1546 4916 harant.
1579 4864 1717 4919 Men.

302 4932 418 5003 (20)
457 4932 705 4988 Cletnens
734 4933 887 4987 Alex.
923 4934 960 4987 l.
993 4950 1042 4989 c.
1078 4952 1090 4988 :
1136 4934 1247 5003 Τῆς
1296 4934 1394 5003 μὲν
1430 4930 1521 4986 οὖν
1559 4933 1793 4996 πίστεως

227 5000 387 5074 ᾐίμῶν
419 5004 555 5053 εἰσιν
581 5004 633 5074 οἱ
670 5002 1061 5074 συλλήπτορες,
1099 5000 1260 5070 φόϐος
1297 5000 1394 5057 ’καὶ
1422 5005 1659 5074 ὑπομονὴ
1678 5021 1691 5034 σ
1722 5004 1792 5057 τὰ

221 5071 282 5145 QE
315 5072 704 5145 ᾳυμμαχοῦντᾳ
750 5071 1297 5145 ἡμῖνημακροουμία
1340 5075 1432 5126 καὶ
1476 5071 1788 5145 ὲγκράλςενια.

222 5140 447 5193 Τούτων
479 5140 571 5215 οῷν
590 5181 605 5205 ,
637 5143 705 5195 τὰ
883 5140 972 5195 τὸέν
1014 5140 1235 5215 Κῦριού,
1260 5145 1535 5215 Δμενόντων
1577 5140 1754 5212 ἆγνῶς
1773 5184 1786 5207 ,

224 5211 705 5286 συείευρραὶνοπςται
755 5211 1156 5286 ἀὺτοξςνσοφίξι,
1210 5211 1787 5286 σύνεσιςιὲπιστήμην

223 5279 771 5355 γγῷσιςέ-τ-γοςθιη
799 5279 1161 5353 συλλήπτορες
1211 5285 1299 5355 ita
1328 5283 1568 5355 explicat
1622 5279 1790 5355 “iisi-

222 5350 387 5424 g‘hius
407 5350 809 5424 :__ZuD.ij1ttopa,
835 5350 1229 5424 συνάγωνιστήν
1249 5370 1261 5383 ’
1288 5353 1339 5424 id
1362 5350 1443 5424 est
1461 5350 1784 5418 adjutoretn.

222 5417 369 5541 fit‘in
408 5417 619 5541 glossis
647 5417 920 5478 Vcieribus
941 5444 954 5479 :
977 5417 1241 5494 Σύλληψὶς
1261 5462 1275 5487 ,
1311 5423 1565 5495 βοήθεια,
1610 5426 1786 5493 opitu-

246 5508 278 5540 a
311 5505 381 5541 to.
464 5507 547 5541 an.

246 5499 381 5543 αιιο.
413 5499 547 5544 ΜΕΝ.

301 5558 414 5679 (21)
453 5561 757 5628 Adjutores.
805 5560 905 5617 Ms.
955 5578 1076 5617 cum
1102 5563 1256 5617 editt.
1310 5564 1524 5632 adjutor
1569 5577 1681 5629 est;
1739 5564 1785 5619 si

301 5630 437 5679 'lum
470 5631 729 5679 exeinins.
787 5633 925 5679 amid
967 5648 1160 5679 tinem-
1207 5634 1472 5679 adiutores
1521 5648 1667 5679 ςτιηι,
1720 5651 1781 5679 mr

226 5625 729 5702 Ecllumex'eipias,
787 5633 926 5702 apud
967 5648 1161 5700 quem,
1207 5625 1472 5702 adjutores
1521 5625 1673 5697 sunt,
1720 5651 1782 5689 ex

224 5698 400 5773 Clem.
430 5698 838 5773 A|_ex.'.|amque
864 5698 1149 5758 Menardus
1180 5698 1475 5771 statuerat,
1515 5714 1784 5773 expuncto

227 5769 395 5824 Verbo
422 5769 779 5838 substantive,
807 5772 1087 5842 legendum
1116 5790 1224 5829 uno
1246 5775 1428 5841 verbo,
1458 5769 1743 5845 adjutores.

1898 3744 2058 3797 videri
2105 3743 2250 3797 mihi.
2300 3745 2461 3798 Juxta
2487 3740 2662 3797 LXX:
2699 3740 2819 3799 Οὐδ’
2866 3743 2931 3795 ἂν
2972 3740 3200 3811 ἕρχησΟε
3235 3742 3459 3811 ὀφθῆναί

1902 3829 1992 3883 μοι
2026 3831 2039 3866 ;
2071 3814 2121 3867 id
2146 3824 2256 3877 est,
2303 3832 2403 3869 nec
2432 3817 2475 3868 si
2526 3817 2755 3868 veniatis
2790 3810 3242 3883 apparere__inihi.
3285 3810 3460 3883 [ideri

1898 3878 2027 3935 inihi
2056 3892 2139 3937 est
2166 3883 2327 3939 videri
2361 3900 2392 3935 α
2430 3900 2530 3950 me,
2564 3884 2773 3950 phrasis
2801 3878 3006 3937 Grasca.
3047 3879 3186 3950 Men.
3209 3878 3458 3950 —Vide-_-

1899 3951 1975 4072 iis
2007 3953 2088 4005 Cl.
2132 4021 2191 4074 Η
2224 3948 2689 4008 δειιηιιὶοιὶιιίἱὺι.
2732 3971 2840 4006 sac.
2888 3950 3010 4005 Lat.
3052 3948 3195 4003 Vers.
3244 3959 3356 4003 ant.
3391 3948 3457 4003 ad

1922 4037 2000 4074 sa.
2036 4037 2095 4074 ιι.
2204 4062 2218 4074 .

1922 4037 2000 4074 sa.
2036 4037 2095 4084 ιι,
2132 4037 2218 4076 11.

1971 4091 2182 4159 (25-ο26)
2225 4090 2537 4147 Neomenias
2558 4102 2753 4147 vestras
2767 4103 2813 4145 et
2837 4090 2971 4143 diem
2991 4104 3260 4159 magnum.
3286 4086 3453 4141 Editt.

1899 4160 2090 4232 Clerici
2116 4172 2169 4216 et
2198 4161 2450 4232 Rnsselii,
2490 4172 2610 4232 post
2650 4162 2961 4232 Neontettias
3000 4159 3458 4232 vestrasjqaddunt

1898 4229 2212 4301 etSabbata.
2244 4231 2453 4285 llahent
2491 4228 2707 4301 quidem
2743 4230 2883 4284 LXX
2914 4250 2927 4283 :
2969 4230 3061 4283 καὶ
3087 4229 3154 4281 τὰ
3183 4228 3453 4301 Σάϐβᾳτα.

1901 4299 2115 4354 Habent
2164 4312 2216 4355 et.
2266 4299 2668 4367 Tertullianus,
2724 4312 2778 4356 et
2826 4301 3206 4370 Hieronymus,
3257 4300 3456 4367 aliique

1899 4370 2040 4438 apud
2082 4370 2420 4425 Sabatierum
2468 4373 2501 4425 Ι.
2549 4388 2597 4427 c.
2647 4374 2715 4426 At
2754 4388 2813 4425 ea
2863 4387 2969 4424 non
3018 4370 3455 4438 agnoscitivetus

1897 4437 2158 4495 Barnaba:
2180 4444 2463 4510 interpres,
2494 4458 2667 4509 neque
2696 4443 2749 4495 in
2789 4443 2962 4510 prima
3001 4437 3245 4493 hlenardi
3275 4437 3451 4492 Paris.

1897 4510 2027 4565 edit.
2065 4526 2238 4565 neque
2270 4511 2321 4564 in
2348 4511 2514 4565 altera
2542 4511 2671 4564 Felli
2697 4511 2871 4565 Oxon.

1966 4578 2080 4648 (27)
2122 4578 2330 4634 Ferias.
2354 4582 2508 4651 Apud
2533 4580 2672 4634 LXX
2702 4604 2718 4651 γε
2746 4582 2964 4651 ἀργίαν,
3007 4579 3194 4651 otium.
3244 4578 3346 4633 Sed
3372 4578 3453 4632 in.

1896 4656 2103 4721 terpres
2128 4651 2320 4721 legisse
2345 4649 2555 4705 videtur
2582 4649 3012 4721 agriagicrias.
3048 4649 3187 4702 ΜΕΝ.

1967 4717 2079 4791 (28)
2121 4717 2247 4774 Sine.
2267 4722 2396 4791 jugo
2432 4717 2772 4791 necessitatis.
2802 4720 2919 4774 Non
2953 4722 3173 4774 astricta
3206 4720 3303 4791 legi
3340 4717 3454 4772 MO-

1894 4788 2071 4911 qaiqtie.
2141 4788 2297 4862 Ζυγῷ
2337 4788 2624 4855 δουλείας,
2677 4790 2805 4861 jugo
2864 4791 3151 4845 servitutis.
3210 4788 3329 4844 Cal.
3381 4805 3451 4853 ν,

1934 4897 1949 4911 .
2037 4876 2121 4911 an.

1934 4897 1949 4912 ο
1982 4876 2121 4913 ΜΕΝ.

1965 4930 2075 5009 (29)
2118 4929 2387 5009 Mandant.
2416 4930 2556 4984 Cave
2580 4930 2687 5009 hoc
2727 4927 3363 5009 mntes‘cumdllenardq
3401 4939 3453 4981 et

1892 4995 2292 5070 Oxoiiiensibus
2312 5041 2326 5065 ,
2356 5000 2409 5054 in
2439 5001 2663 5053 mendax
2691 5021 2707 5053 :
2736 5012 2816 5057 est
2841 5004 2983 5055 enim
3010 5000 3186 5070 prisca
3213 5013 3312 5050 vos
3344 4997 3448 5070 La_-_

1893 5069 2025 5134 tina,
2058 5077 2115 5122 ut
2145 5070 2299 5123 docet
2326 5072 2605 5126 Charisius
2632 5072 2725 5126 lib.
2760 5089 2797 5125 ιε
2830 5068 3074 5125 Mendum
3105 5071 3156 5122 in
3184 5068 3448 5121 mendacii

1892 5140 2287 5209 signiﬁcatione
2318 5140 2548 5208 dicitur;
2591 5143 2815 5205 menda,
2859 5144 2910 5195 in
2951 5142 3105 5209 culpa
3139 5139 3318 5206 operis
3356 5148 3450 5191 aut

1891 5210 2161 5295 corpppis:
2184 5209 2318 5295 liinc
2337 5210 2545 5295 factum
2574 5214 2815 5295 mendax.
2836 5212 3009 5295 ,(ὶιτιιιι.

1962 5276 2074 5401 (50)
2114 5279 2304 5334 liabet.
2334 5280 2461 5350 Leg.
2492 5281 2800 5367 Menardus.
2827 5283 3033 5335 habeat.
3063 5277 3260 5400 Sicque
3282 5276 3449 5331 edidit

1987 5350 2090 5401 lus.
2126 5349 2288 5401 Forte
2311 5362 2448 5401 amet
2472 5392 2485 5401 .
2525 5361 2666 5401 SIClll
2689 5351 2852 5401 Lach.
2880 5368 2994 5401 Vlll.
3026 5349 3089 5401 17
3116 5367 3128 5401 :
3196 5362 3445 5399 uramett-

1890 5346 2090 5403 Fellus.
2126 5349 2288 5405 Forte
2311 5346 2448 5405 amet
2472 5392 2485 5417 ,
2525 5354 2666 5405 sicut
2689 5351 2852 5406 Zaeh.
2880 5368 2995 5416 νιιι,
3026 5349 3089 5403 17
3116 5367 3128 5401 :
3155 5346 3445 5400 Jurameu-

1891 5429 2007 5491 tant
2028 5420 2254 5491 mendax
2283 5437 2345 5474 ne
2372 5421 2634 5491 diligatis.

1960 5489 2070 5561 (5])
2111 5488 2355 5561 Ilabeatx
2374 5484 2593 5545 Videtur
2615 5492 2803 5546 deesse
2832 5489 3150 5545 vocabulum
3174 5529 3188 5550 ,
3230 5484 3401 5561 _S_atan
3424 5526 3443 5552 ,

1886 5558 1971 5611 vel
1984 5556 2437 5631 pontirarius,'vcl
2466 5562 2593 5631 quid
2626 5563 2821 5627 simile,
2847 5575 2967 5631 ante
2982 5562 3201 5631 habeat.
3228 5556 3370 5611 Mem.

1959 5629 2070 5699 (52)
2127 5630 2266 5685 l'ita.
2297 5629 2726 5700 0x0nfconjicit
2765 5634 2867 5684 via.
2891 5630 2995 5682 Sed
3028 5646 3135 5685 non
3154 5645 3290 5699 opus
3317 5636 3441 5687 est:

1888 5714 2011 5752 nam
2045 5700 2149 5753 vita
2173 5711 2254 5755 est
2279 5718 2375 5770 pro
2411 5702 2530 5755 vita:
2562 5702 2825 5756 instituto.
2857 5702 3019 5755 (ὶιειι.
