4040 6322
600 234 703 290 759

1840 238 1896 291 S.
1937 238 2284 295 ΒΔΒΝΔΒΛΕ
2322 241 2663 300 APOSTOLI

3673 265 3748 322 τω

589 366 665 408 est
693 355 805 408 dies
834 371 1028 424 magna
1058 364 1107 407 et
1140 355 1425 423 mirabilis,
1458 373 1615 430 quam
1645 360 1768 429 fecit
1805 360 2057 416 Dominus
2088 363 2133 393 ⁸⁸

2222 406 2232 428 ι
2259 365 2594 437 θαυμαστὴ,
2624 366 2705 436 ἢν
2724 367 3012 436 ἐποίησεν
3047 369 3080 422 ὀ
3099 367 3312 435 Κύριος
3348 368 3464 440 (98).
3493 372 3752 433 ’Δπλούστε-

591 443 911 513 Simplicius
954 442 1110 497 vobis
1148 447 1353 513 scribo,
1390 458 1448 502 ut
1492 449 1830 521 intelligatis,
1872 465 1992 519 ego,
2033 467 2163 520 pur-

587 544 904 605 gamentum
940 544 1136 589 vestra:
1162 537 1468 593 charitalis.
1502 539 1641 606 Quid
1674 557 1807 595 vero
1840 558 2004 610 porro
2031 543 2162 597 dicit

586 628 889 696 propheta?
932 626 1149 681 Obsedit
1204 646 1283 683 me
1318 631 1601 691 concilium
1654 633 2065 702 malignantium
2092 634 2160 700 ³⁸,

584 720 1043 773 circumdederunt
1092 738 1170 774 me
1215 724 1352 776 sicut
1389 743 1509 794 apes
1549 728 1724 795 favum
1751 727 1815 793 ³¹,
1846 737 1899 781 et
1934 746 1946 781 :
1994 726 2161 797 Super

584 821 773 865 vestem
817 828 984 865 meum
1037 814 1288 867 miserunt
1336 827 1531 869 sortem
1577 816 1642 871 ³³.
1694 818 1827 871 Cum
1885 819 2050 888 igitur
2105 820 2156 872 in

583 918 748 957 carne
784 912 929 958 esset
958 906 1309 973 appariturus
1350 917 1403 962 et
1428 925 1708 976 passurus,
1746 920 2157 978 praamonstrata

586 1004 670 1049 est
708 996 880 1064 ipsius
910 997 1116 1066 passio.
1151 996 1288 1051 Nam
1335 999 1387 1053 in
1419 1000 1669 1054 lsraelcm
1702 1002 1834 1055 dicit
1859 1004 2154 1071 prOpheta:

592 1086 683 1141 Vat
711 1088 903 1141 animle
931 1105 1131 1154 eorum,
1161 1091 1287 1160 quia
1308 1094 1593 1160 pessimum
1615 1096 1895 1148 consilium
1924 1097 2156 1149 inierunt

580 1180 830 1233 adversus
878 1182 1218 1249 semetipsos,
1262 1184 1493 1238 dicentes
1527 1200 1545 1235 :
1590 1185 1880 1255 Alligemus
1922 1186 2153 1254 justum,

579 1273 828 1340 quoniam
861 1273 1111 1325 molestus
1148 1274 1296 1327 nobis
1328 1285 1402 1328 est
1432 1275 1495 1329 ".
1535 1275 1600 1329 Et
1627 1292 1755 1331 vero
1778 1278 1911 1332 dicit
1937 1279 2002 1332 ad
2036 1280 2155 1333 illos

578 1363 792 1419 Moses:
818 1363 949 1417 Ecce
978 1366 1079 1418 ista
1110 1366 1185 1419 ait
1214 1366 1472 1420 Dominus
1507 1368 1642 1423 Deus
1663 1369 1918 1436 :lntrate,
1952 1372 2006 1423 in
2051 1380 2154 1424 ter-

580 1471 693 1509 ram
733 1454 920 1509 bonam
947 1457 1013 1519 ⁸⁵,
1060 1474 1218 1526 quam
1255 1468 1562 1526 Juramento
1611 1462 1854 1529 promisit
1894 1462 2151 1516 Dominus

579 1545 805 1600 Abralue
834 1557 881 1600 et
912 1545 1069 1601 Isaac
1093 1559 1139 1602 et
1165 1548 1366 1613 Iacob;
1403 1559 1453 1602 et
1483 1560 1540 1603 ut
1573 1552 1932 1606 ltazreditatem
1976 1555 2151 1619 possi-

578 1638 695 1691 dete
737 1655 873 1702 eam,
923 1650 1117 1693 terram
1158 1642 1409 1712 ﬂuentem
1453 1643 1589 1697 lacte
1626 1654 1674 1699 et
1715 1646 1866 1699 melle
1890 1647 1954 1700 ³⁸.
2007 1645 2147 1712 Quid

579 1730 725 1784 dicat
750 1731 1013 1800 cognitio,
1041 1732 1236 1786 discite
1274 1751 1286 1786 :
1329 1732 1549 1803 Sperate
1614 1734 1833 1807 [inquit]
1864 1736 2138 1801 inlesum,

2248 1731 2345 1785 καὶ
2367 1730 2524 1801 μέλι.
2566 1732 2631 1784 Τί
2677 1731 2822 1801 λέγει
2864 1734 2897 1803 ὴ
2948 1732 3261 1803 γνῶσις(4),
3300 1734 3494 1805 μάθετε
3529 1751 3541 1763 ·

577 1823 669 1890 qui
701 1823 751 1874 in
779 1838 936 1875 carne
973 1823 1395 1892 manifestandus
1436 1836 1512 1879 est
1548 1828 1710 1881 vobis.
1751 1827 1923 1883 Homo
1953 1828 2145 1901 [enim]

574 1923 658 1969 est
700 1924 843 1969 terra
887 1930 1009 1985 quae
1057 1918 1295 1986 patitur;
1352 1934 1415 1973 ex
1454 1921 1760 1975 substantia
1803 1922 1947 1975 enim
1989 1932 2146 1979 terrae

573 2003 840 2060 formatus
883 2015 965 2060 est
989 2006 1179 2061 Adam.
1228 2006 1369 2073 Quid
1416 2024 1545 2079 ergo
1577 2010 1712 2065 dicit
1746 2026 1758 2061 :
1792 2009 1894 2081 [in]
1947 2020 2145 2064 terram

574 2102 784 2163 bonam,
824 2098 960 2151 lacte
986 2115 1048 2151 ac
1076 2097 1229 2152 melle
1253 2100 1546 2168 ﬂuentem?
1592 2099 1918 2155 Benedictus
1946 2102 2017 2156 sit
2040 2100 2145 2155 Do-

572 2191 758 2245 minus
829 2199 1035 2257 nostcr,
1089 2190 1183 2260 qui
1238 2192 1560 2261 sapientiam
1616 2202 1670 2247 et
1727 2194 2140 2263 intelligentiam

570 2285 907 2339 occultorum
962 2295 1191 2338 Suorum
1246 2285 1434 2355 posuit
1485 2287 1538 2340 in
1584 2288 1764 2343 nobis.
1811 2287 1951 2343 Dicit
1994 2288 2139 2343 enim

565 2367 825 2434 propheta
867 2387 880 2423 :
919 2370 1237 2426 I‘arabalam
1285 2373 1496 2426 Domini
1543 2374 1660 2443 quis
1711 2373 1990 2442 intelliget,
2032 2369 2135 2422 nisi

2270 470 2364 525 ρον
2384 456 2511 527 ὑμῖν
2538 458 2752 529 γράφω,
2786 459 2871 512 ἵνα
2903 460 3114 530 συνιῆτε
3147 458 3276 529 (99)·
3314 457 3417 527 ἐγὼ
3430 462 3754 541 mpii/quasi};

2267 547 2486 618 ἀγάπης
2519 548 2671 619 ὑμῶν
2892 551 2923 602 Γ
2930 551 2945 601 ί
2975 545 3066 603 οὖν
3093 549 3240 617 λέγει
3264 550 3417 602 πάλιν
3447 553 3472 603 ὁ
3500 557 3753 629 simsim“

2266 638 2549 705 Περιέσχε
2582 656 2658 708 με
2688 640 3005 710 συναγωγὴ
3042 641 3754 708 πονηρευομένων,ἑκύκ.ιω-

2266 726 2385 781 σάν
2424 744 2502 796 με
2529 727 2670 781 ὡσεὶ
2697 728 2987 797 μέλισσαι
3016 732 3243 799 κηρίον,
3283 732 3371 784 καὶ
3411 731 3529 786 Ἐπὶ
3560 736 3759 805 seripu-

2263 818 2478 885 τισμόν
2497 836 2614 886 μου
2645 820 2861 873 ἔϐαλον
2916 820 3144 889 κλῆρον
3314 822 3395 874 Ἐν
3421 824 3563 894 σαρκὶ
3586 822 3660 879 οὖν
3684 831 3756 882 αὐε-

2262 910 2356 962 too
2405 910 2685 980 μέλλοντος
2720 911 3078 983 φανεροῦσθαι
3112 914 3205 966 καὶ
3248 914 3485 983 πάσχειν,
3519 934 3760 987 προεφανε-

2265 1002 2422 1072 ροῦτο
2453 1002 2513 1055 τὸ
2543 1002 2732 1066 πάθος.
2776 1003 2937 1071 Λέγει
2962 1003 3069 1074 γὰρ
3105 1004 3133 1056 ὁ
3166 1006 3444 1077 προφήτης
3474 1008 3555 1059 ἐπὶ
3580 1008 3655 1062 τὸν
3687 1011 3759 1063 Ἰσ-

2262 1094 2417 1165 ραήλ*
2474 1093 2618 1146 Οὐαὶ
2672 1093 2747 1162 τῇ
2806 1094 2972 1163 ψυχῇ
3017 1094 3232 1161 αὐτῶν,
3271 1095 3358 1148 ὅτι
3397 1098 3762 1161 βεϐούλευνται

2253 1185 2497 1253 ,βουλὴν
2522 1186 2790 1253 πονηρὰν
2809 1188 2934 1241 καθ’
2956 1187 3203 1254 ἑαυτῶν,
3234 1190 3509 1254 εἰπόντες·
3534 1190 3763 1260 Δήσωμεγ

2258 1277 2364 1331 τὸν
2388 1278 2640 1344 δίκαιον,
2669 1277 2758 1333 ὅτι
2785 1278 3166 1347 δύσχρηστος
3194 1280 3335 1349 ἡμῖν
3355 1283 3478 1335 ἐστι
3501 1283 3590 1354 (2).
3640 1285 3763 1353 Λέγει

2256 1366 2313 1419 δὲ
2343 1367 2434 1419 καὶ
2464 1367 2667 1438 Μωσῆς
2698 1366 2881 1429 αὐτοῖς
2912 1366 3005 1438 (5)·
3050 1364 3194 1421 Ἰδοὺ
3220 1368 3360 1423 τάδε
3411 1370 3561 1438 λέγει
3595 1373 3763 1438 Κύριος

2257 1461 2291 1512 ὁ
2333 1460 2496 1523 Θεός’
2528 1459 2845 1513 Εὶσέλθετε
2885 1462 2972 1525 εἰς
3016 1458 3130 1527 τὴν
3168 1458 3286 1529 γῆν
3328 1460 3440 1529 τὴν
3463 1461 3683 1531 ἀγαθὴν,
3707 1462 3765 1529 ἦν

2255 1549 2450 1619 ὤμοσε
2470 1552 2682 1619 Κύριος
2704 1551 2783 1617 τῷ
2830 1552 3073 1620 Ἀϐραὰμ
3095 1551 3193 1605 καὶ
3236 1553 3441 1606 Ἰσαὰκ
3469 1553 3561 1605 καὶ
3586 1551 3764 1616 Ἰακὼϐ,

2255 1640 2352 1693 καὶ
2371 1640 3010 1710 κατακληρονομήσατε
3026 1638 3236 1707 αὐτὴν,
3258 1641 3376 1711 γῆν
3382 1642 3630 1710 ῥέουσαν
3646 1638 3767 1709 γάλα

3610 1734 3655 1783 Ἐ
3659 1732 3766 1785 1x1-

2250 1839 2396 1876 dats
2436 1822 2623 1893 [φησὶν
2658 1821 2781 1892 (5)],
2831 1821 2929 1873 ἐπὶ
2961 1822 3068 1875 τὸν
3092 1822 3161 1874 ἐν
3179 1821 3361 1890 σαρκὶ
3379 1822 3661 1890 μέλλοντα
3681 1838 3766 1888 φα-

2250 1911 2568 1979 νεροῦσθαι
2594 1910 2735 1979 ὑμῖν
2772 1910 3028 1976 Ἰησοῦν.
3066 1912 3399 1978 Ἄνθρωπος
3419 1908 3566 1982 [γὰρ]
3585 1909 3650 1978 γῆ
3670 1910 3771 1963 ἐστι

2249 2004 2576 2070 πάσχουσα
2621 2002 2716 2073 (6)’
2782 2001 2911 2057 Ἀπὸ
2960 2001 3280 2070 προσώπου
3339 2003 3450 2073 γὰρ
3497 2002 3596 2070 τῆς
3626 2001 3768 2071 γῆςή

2248 2095 2472 2160 πλάσις
2498 2094 2604 2148 τοῦ
2636 2094 2805 2163 Ἀδὰμ
2826 2093 3078 2163 ἐγένετο.
3119 2093 3183 2145 Τί
3233 2088 3326 2147 οὗν
3372 2094 3515 2163 λέγει
3549 2094 3647 2164 (7);
3672 2089 3771 2164 [el;}

2246 2187 2361 2254 τὴν
2386 2184 2502 2255 γῆν
2521 2185 2635 2254 τὴν
2650 2182 2898 2255 ἀγαθὴν,
2920 2185 3035 2254 τὴν
3046 2185 3317 2254 ῥέουσαν
3340 2186 3495 2256 τάλα
3518 2186 3607 2239 καὶ
3622 2185 3767 2255 μέλις

2246 2276 2549 2348 Εὐλογητὸς
2582 2279 2610 2331 ὁ
2637 2276 2841 2348 Κύριος
2864 2276 3039 2348 ἡμῶν,
3073 2278 3101 2330 ὁ
3138 2277 3329 2347 σοφίαν
3372 2278 3465 2331 καὶ
3501 2278 3615 2331 νοῦν
3640 2277 3768 2347 Θέμε-

2244 2388 2333 2433 νος
2362 2372 2417 2423 ὲν
2451 2371 2582 2440 ἡμῖν
2602 2367 2709 2421 τῶν
2738 2368 2983 2440 κρυφίων
3016 2364 3217 2424 αὑτοῦ.⁸
3232 2371 3396 2439 Λέγει
3421 2371 3525 2441 γὰρ
3547 2374 3573 2424 ὁ
3597 2370 3768 2442 προφήο

564 2459 775 2527 sapiens
824 2469 871 2514 et
920 2464 1159 2533 peritus,
1209 2475 1261 2519 et
1297 2466 1545 2536 .diligens
1599 2464 1881 2518 Dominum
1935 2462 2135 2515 suum?

2241 2479 2361 2534 της⁶
2392 2461 2748 2530 Παραϐολὴν
2791 2462 3013 2530 Kvplov
3045 2463 3136 2528 τις
3163 2461 3398 2531 νοήσει,
3431 2466 3481 2517 el
3504 2463 3586 2534 μὴ
3620 2461 3776 2532 σοφὸς

1831 2588 2011 2646 i’etus
2054 2580 2517 2660 interpretatio.

564 2682 702 2736 inter
726 2697 815 2737 se:
847 2684 1329 2741 Circumveniamus
1372 2684 1449 2753 (8)
1485 2685 1692 2753 justum
1716 2728 1731 2749 ,
1759 2686 1883 2754 quia
1931 2685 2167 2738 insuavis
2203 2692 2279 2737 est
2320 2681 2491 2754 nobis.
2524 2677 2590 2754 Ιὲέι
2619 2676 3044 2754 Moysesautem
3087 2678 3221 2754 dicit
3253 2679 3322 2734 ad
3372 2680 3576 2754 illosa.
3617 2720 3629 2733 .
3671 2678 3777 2754 Hac

565 2754 695 2807 dicit
733 2754 983 2809 Dominus
1018 2757 1191 2811 Deus:
1232 2746 1443 2811 Intrate
1468 2746 1521 2807 in
1554 2746 1747 2808 terram
1771 2746 1966 2807 bonam
1989 2795 2004 2815 ,
2041 2771 2199 2823 quam
2241 2752 2487 2823 promisit
2518 2746 2780 2823 Dominus
2821 2749 3081 2823 Abrahas,
3125 2748 3281 2823 Isaac
3304 2762 3364 2823 et
3388 2749 3595 2814 Jacob;
3624 2759 3667 2803 et
3693 2752 3773 2823 do-

564 2825 692 2877 mini
722 2834 883 2879 cstote
916 2827 1061 2882 illius
1092 2838 1265 2892 terre,
1297 2842 1413 2896 quw
1449 2827 1609 2878 trahit
1645 2826 1726 2879 lac
1757 2835 1805 2878 et
1840 2825 1959 2878 mel.
1994 2818 2134 2890 Quid
2168 2818 2311 2878 dicat
2340 2820 2565 2876 scientia
2586 2858 2608 2896 ,_
2637 2819 2866 2896 discite:
2906 2818 3134 2896 Credite,
3166 2821 3367 2896 inquit,
3406 2824 3461 2873 in
3493 2838 3604 2896 eum
3624 2821 3709 2896 qui
3731 2820 3776 2896 in

565 2910 720 2947 carne
754 2898 1045 2963 apparebit,
1078 2888 1280 2950 Iesum.
1310 2888 1489 2949 'llomo
1528 2896 1671 2950 enim
1712 2904 1852 2949 terra
1882 2904 1985 2949 est.
2021 2888 2046 2947 ⁷.
2078 2913 2090 2947 :
2130 2910 2252 2949 cum
2294 2908 2359 2947 ex
2393 2901 2535 2945 terra
2566 2888 2636 2944 sit
2666 2889 2980 2963 figmentum
3014 2890 3164 2963 Adae.
3200 2888 3343 2955 Quid
3377 2908 3508 2961 ergo
3536 2888 3692 2944 dicit:
3723 2888 3773 2963 In

566 2973 756 3035 terram
787 2958 994 3031 bonum,
1034 2958 1040 2961 ⁷
1058 2968 1311 3035 ﬂuentem
1344 2966 1427 3017 lac
1456 2974 1505 3019 et
1543 2966 1685 3020 mel?
1724 2964 1789 3019 Et
1823 2964 2139 3018 benedictus
2170 2962 2453 3035 Dominus.
2499 2999 2511 3011 .
2558 3000 2572 3025 ,
2605 2958 2729 3035 quia
2780 2959 2857 3028 (9)
2878 2959 3333 3035 _sapi_entiamhet
3361 2958 3583 3035 sent—sum
3617 2958 3774 3035 posuit

562 3033 617 3087 in
658 3035 809 3104 nobis
859 3028 1298 3090 abscon'ditorum
1339 3050 1584 3089 suorum.
1618 3036 1756 3090 Dicit
1792 3044 1973 3088 autem
2016 3051 2110 3102 per
2162 3033 2453 3104 prophetas
2506 3028 2823 3099 parabolam
2864 3028 3145 3104 Dominus
3170 3028 3493 3104 (lO_):_Quis
3521 3030 3776 3098 intelliget,

561 3103 665 3156 nisi
693 3106 922 3176 sapiens,
956 3144 969 3158 .
1016 3146 1029 3159 .
1056 3142 1089 3176 γ.
1119 3115 1169 3159 et
1203 3105 1425 3176 diligens
1456 3105 1739 3158 Dominum
1776 3107 1972 3159 suum?
2005 3098 2143 3171 Quia
2163 3098 2324 3173 'erg'o,
2359 3098 2904 3176 cum_'nos__cognovit
2926 3100 3038 3169 (ll)
3060 3099 3530 3176 ili-remissionem
3558 3108 3775 3176 peccato-

559 3188 704 3245 rum,
737 3167 861 3227 fecit
887 3167 987 3245 nos
1017 3175 1175 3228 aliam
1210 3167 1438 3245 ligulam
1474 3185 1729 3245 tanquam
1765 3190 1962 3244 pueros
1994 3167 2192 3228 habere
2216 3167 2331 3234 ,'ut
2370 3170 2563 3245 spiritu
2586 3169 2875 3245 __l_igu_r_aret
2920 3167 3042 3223 nos.
3088 3167 3199 3223 Nos
3244 3171 3395 3225 enim
3422 3211 3437 3233 ,
3489 3167 3645 3245 sicut
3668 3168 3777 3245 dicit

562 3240 841 3309 Scriptura
890 3244 1000 3314 (l2)
1037 3284 1050 3298 .
1095 3281 1110 3297 .
1153 3282 1169 3298 .
1214 3237 1276 3298 ,ἶ
1314 3237 1600 3299 Faciamus
1630 3237 1888 3299 hominem
1938 3247 2006 3298 ad
2058 3237 2427 3314 imaginemet
2476 3237 2876 3314 similitudinem
2924 3251 3198 3292 nostram:
3248 3243 3580 3314 etusupersit
3628 3240 3778 3314 bestiis

561 3308 714 3383 terra:
738 3352 752 3373 ,
782 3322 831 3383 et
866 3308 1047 3367 avibus
1078 3314 1229 3371 caeli.
1261 3325 1309 3369 et
1344 3316 1574 3383 piscibus
1614 3317 1800 3369 maris.
1840 3314 1905 3369 Et
1939 3308 2200 3370 Dominus
2224 3354 2239 3378 ,
2274 3310 2464 3383 videns
2495 3310 2691 3363 bonam
2730 3308 2958 3383 figuram
2991 3318 3272 3383 nostram:
3288 3308 3469 3365 dixit:
3502 3311 3715 3383 Crescite
3737 3317 3778 3360 et

558 3380 1003 3450 multiplicamini,
1034 3393 1081 3437 et
1113 3384 1302 3453 replete
1338 3379 1552 3438 terram.
1599 3425 1613 3438 .
1658 3425 1671 3439 .
1717 3394 1741 3440 .‘
1761 3386 1957 3439 lterum
1988 3386 2143 3439 vobis
2170 3382 2479 3446 ostendam,
2510 3395 2619 3449 quo
2644 3379 2807 3433 modo
2837 3379 2993 3434 vobis
3017 3379 3148 3433 dicit
3184 3381 3298 3448 (i5)
3335 3381 3633 3436 secundam
3653 3379 3771 3451 ligu-

628 3500 672 3531 ³ο
695 3499 836 3553 Psal.
870 3515 1035 3566 cxvu,
1068 3502 1158 3556 24.
1237 3500 1276 3530 ³³
1312 3495 1456 3550 Psal.
1490 3513 1604 3562 κει,
1633 3496 1718 3550 l7.
1794 3497 1837 3529 “
1862 3495 2005 3551 Psal.
2053 3510 2138 3549 cst

2269 3492 2355 3545 12.
2435 3489 2479 3521 ³³
2512 3487 2656 3544 Psal.
2689 3504 2802 3555 xxx,
2853 3488 2935 3544 l9.
3014 3487 3060 3520 “
3088 3488 3192 3546 lsa.
3222 3508 3304 3559 ιιι,
3335 3494 3403 3562 9;
3437 3493 3565 3565 Sap.
3615 3509 3672 3547 ιι.
3703 3491 3775 3547 ιι.

558 3570 602 3603 ³⁸
637 3568 803 3625 Exod.
831 3586 1024 3635 χχχιιι,
1056 3572 1107 3625 1.
1184 3572 1229 3603 ³⁸
1256 3567 1430 3622 Levit.
1474 3584 1565 3633 xx,
1597 3568 1684 3621 24.

1827 3679 2197 3737 VARIORUM
2232 3677 2466 3734 NOTAE.

630 3771 743 3841 (98)
773 3770 1037 3841 Loquitur
1069 3772 1136 3827 de
1156 3788 1217 3826 ea
1252 3773 1368 3840 die,
1408 3789 1515 3843 qua
1536 3772 1675 3842 lapis
1702 3771 2022 3840 reprobatus
2056 3768 2133 3824 fa-
2152 3776 2195 3834 (Γ,

554 3843 858 3926 ctusnest'in
886 3850 1048 3926 caput
1074 3843 1278 3926 anguli.

625 3914 737 3981 (99)
784 3908 1068 3967 Ἀπλοῦστ.
1115 3908 1357 3983 Σῖινιῆτε.
1385 3911 1509 3968 HERC
1534 3913 1718 3967 laudat
1747 3909 1920 3964 Clem.
1962 3908 2118 3963 Alex.

550 3982 748 4040 Strom.
784 3999 838 4052 ἶ,
867 3999 915 4037 c.
945 3983 1029 4048 10,
1058 3998 1112 4052 p.
1144 3982 1268 4037 685.

622 4054 769 4125 (100)
798 4051 843 4125 l1
863 4068 913 4125 θ.
946 4051 1131 4107 omnia
1156 4068 1253 4125 pro
1284 4054 1439 4125 vobis
1471 4051 1732 4125 etfacere
1750 4060 1803 4103 ct
1827 4059 1935 4125 pati
1961 4063 2120 4119 para-

550 4120 657 4183 tus.
689 4122 798 4194 Cir.
824 4121 845 4175 Ι
876 4122 1007 4194 φοι.
1034 4139 1107 4187 tv,
1137 4120 1308 4194 _i3._et
1337 4124 1451 4194 lgn.
1481 4123 1545 4194 ad
1579 4120 1716 4192 Eph.
1750 4136 1799 4175 c.
1836 4120 1923 4174 18.

648 4195 698 4263 l)
733 4192 843 4263 (ξίν.
874 4191 1073 4263 lustin.
1113 4190 1269 4259 Apol.
1295 4209 1340 4260 ι,
1461 4192 1550 4247 58.

646 4260 701 4329 2)
733 4261 843 4333 Cir.
872 4260 1071 4317 Justin.
1102 4262 1246 4316 Dial.
1282 4280 1329 4318 c.
1367 4262 1587 4333 Tryph.,
1614 4277 1670 4314 ιι.
1697 4262 1781 4333 l7.

621 4334 699 4404 (5)
744 4331 961 4404 Haec_et
1014 4333 1295 4404 sequentia
1359 4331 1533 4404 usque
1569 4333 1635 4404 ad
1672 4332 1763 4384 τὸν
1785 4331 1983 4404 Ακύριον
2018 4331 2115 4385 αὐ-

546 4400 641 4456 τοῦ
680 4403 841 4456 habet
866 4400 1035 4461 Clem.
1069 4400 1219 4457 Alex.
1250 4400 1532 4467 Stromfv,
1564 4401 1650 4465 il),
1684 4417 1735 4470 p.
1772 4400 1897 4456 685⁷.

619 4472 695 4541 (4)
750 4473 791 4524 l.
852 4487 902 4524 e.
956 4472 1275 4541 prolundior
1326 4472 1535 4527 Veteris
1585 4470 1732 4541 Test.
1781 4482 1834 4525 et
1877 4472 2114 4539 antiquae

548 4540 1087 4613 (economttedii'inae
1110 4543 1347 4613 cognitio
1364 4574 1433 4583 ——
1458 4542 1662 4595 homini
1691 4540 2004 4598 Christiano
2029 4557 2113 4596 re-

547 4614 718 4669 clusa.
744 4609 836 4667 Cir
881 4611 1127 4667 Ncandcr
1154 4609 1217 4665 ιι.
1260 4612 1322 4667 G.
1352 4615 1395 4673 ι,
1426 4613 1547 4666 415.

620 4683 697 4749 (b)
730 4682 913 4753 φησὶν,
948 4682 1089 4753 γὰρ,
1112 4684 1210 4747 εἰς,
1265 4685 1417 4737 uncis
1447 4683 1677 4748 inclusa,
1711 4684 1939 4737 restituo
1971 4682 2113 4750 (mo-

547 4760 705 4808 nente
730 4751 964 4816 Davisio)
1003 4751 1066 4805 es
1095 4752 1263 4811 Clem.
1299 4753 1689 4819 Alexandrino,
1717 4768 1839 4807 cum
1868 4764 1921 4807 et
1952 4762 2108 4808 vetus

547 4824 815 4892 interpres
856 4823 927 4876 ita
961 4824 1169 4892 legerit.

620 4889 708 4963 (6)
732 4889 905 4946 Homo
938 4889 1064 4962 quia
1115 4908 1145 4946 e
1180 4901 1321 4946 terra
1371 4903 1455 4947 est
1489 4904 1739 4957 creatus,
1807 4892 1929 4947 ideo
1956 4891 2108 4953 Chri-

546 4964 977 5019 stussecundum
1018 4964 1313 5015 humanam
1356 4980 1509 5019 suam
1551 4974 1801 5019 naturam
1830 4975 1987 5017 terra:
2016 4978 2107 5031 po-

547 5042 652 5088 test
679 5033 1006 5101 comparari.

612 5104 689 5173 (7)
726 5100 824 5155 llic
878 5101 1065 5171 incipit
1096 5104 1331 5157 secunda
1354 5103 1456 5158 loci
1489 5103 1670 5157 biblici
1697 5102 1868 5158 Exod.
1904 5119 2099 5169 χχχιιι,

546 5175 600 5238 1,
629 5174 999 5242 interpretatio
1028 5173 1311 5244 allegorica
1345 5190 1439 5228 seu
1474 5175 1737 5243 gnostica.
1786 5173 1971 5240 .Tcrra
2008 5175 2096 5227 illa

544 5244 781 5314 primum
852 5243 1150 5298 humanam
1195 5243 1396 5303 Christi
1476 5253 1725 5295 naturam
1774 5244 2093 5314 denotabat,

545 5312 695 5396 nunc
733 5312 1073 5378 Christianos
1097 5354 1113 5382 ,
1179 5314 1456 5369 Salvatore
1514 5322 1729 5367 renatos
1769 5328 1967 5382 pueros
2002 5312 2096 5369 Dei

547 5396 742 5439 mnunt.

614 5456 691 5523 (8)
728 5454 1229 5510 Circumveniamus.
1250 5454 1349 5510 lnl.
1370 5453 1489 5510 Vet.
1537 5452 1961 5522 \‘idetur‘legisse
1982 5454 2096 5506 ἐνε-

543 5523 873 5594 δρεύσωμεν,
893 5538 952 5579 ut
972 5534 1057 5595 est
1085 5524 1211 5595 Sap.
1249 5542 1319 5592 ιι,
1358 5526 1444 5580 12.
1485 5523 1683 5595 Eadem
1724 5524 2095 5591 interpretatio

545 5596 772 5715 Inulalzetur
795 5597 935 5665 apud
959 5594 1015 5650 S.
1044 5593 1395 5666 Cyprianum,
1430 5596 1522 5651 lib.
1557 5611 1618 5663 ιι,
1656 5593 1732 5649 De
1763 5596 2091 5651 testimoniis.

596 5679 641 5715 ιι.
667 5703 679 5715 .

596 5678 679 5717 BN.

2300 3767 2377 3839 (9)
2418 3766 2488 3819 Et
2537 3766 2837 3840 benedictus
2894 3764 3150 3840 Dominus
3194 3806 3210 3821 .
3255 3808 3270 3822 .
3323 3770 3477 3840 quia.
3508 3765 3778 3838 interpres

2228 3853 2414 3893 vocem
2448 3846 2498 3891 et
2536 3838 2886 3910 interponens
2911 3878 2927 3903 ,
2975 3838 3185 3910 videtur
3223 3853 3285 3893 ea
3330 3838 3459 3910 qua:
3499 3852 3779 3910 sequuntur

2224 3923 2323 3978 pro
2346 3923 2515 3962 sacrae
2538 3906 2833 3978 Scriptura:
2854 3922 3016 3961 sensu
3046 3907 3316 3962 laudasse.
3348 3906 3607 3966 Fortasse
3631 3910 3774 3964 Prov.

2224 3976 2317 4046 in,
2351 3978 2453 4043 55,
2487 3987 2582 4031 aut
2616 3976 2761 4031 Psal.
2807 3993 3002 4042 cmu,
3035 3978 3136 4039 12,
3183 3978 3279 4032 sed
3330 3979 3593 4035 Clemens
3639 3981 3774 4033 Alex.

2220 4060 2540 4118 praesentem
2590 4046 2874 4118 lectionem
2922 4046 3093 4101 Grzeci
3137 4057 3316 4103 textus
3362 4052 3674 4105 conlirmat.
3708 4049 3773 4103 ιω

2219 4119 2351 4242 lFel].
2385 4118 2480 4201 qui
2517 4132 2582 4172 ex
2624 4117 2827 4172 Graecis
2857 4118 2983 4171 item
3011 4119 3225 4188 supplet
3253 4129 3437 4174 noster
3465 4134 3522 4176 et
3551 4137 3648 4192 pro
3670 4122 3777 4191 quia

2239 4200 2480 4242 emtam.

2239 4190 2349 4243 ezit
2372 4190 2480 4243 aui.

2273 4205 2590 4327 g(Iltlngicit
2615 4268 2789 4311 autem
2811 4258 3208 4328 perprophetas
3246 4260 3568 4328 parabolam
3610 4262 3775 4314 Domi-

2217 4325 2334 4384 nus.
2368 4325 2545 4383 Locus
2570 4336 2879 4396 corruptus.
2911 4325 3071 4395 Lege,
3106 4338 3163 4383 ut
3192 4325 3254 4382 in’
3285 4339 3441 4385 textu
3485 4333 3697 4395 Grazco,
3732 4340 3778 4386 et

2216 4400 2357 4469 apud
2393 4399 2754 4469 Clementem:
2798 4397 2941 4469 Dicit
2973 4399 3111 4451 enim
3142 4402 3398 4469 prop/icta
3418 4418 3437 4454 :
3463 4402 3775 4455 Parabolam

2215 4466 2431 4523 Domini
2451 4470 2568 4538 quis
2587 4468 2879 4538 intelliget?
2895 4466 3069 4522 Locus
3092 4466 3322 4522 habetur
3344 4470 3455 4525 lsa.
3480 4488 3571 4536 ιιι,
3590 4474 3674 4535 l3,
3693 4471 3776 4533 Τίς

2214 4539 2353 4607 ἔγνω
2374 4538 2496 4609 νογῦν
2524 4539 2728 4609 Κυρίου
2753 4554 2767 4602 ;
2799 4538 2928 4609 Quis
2956 4539 3092 4591 navit
3122 4555 3329 4592 sensum
3356 4540 3626 4596 Domini?
3647 4542 3776 4595 Dixit

2212 4606 2392 4663 autem
2421 4606 2700 4681 Barnabas
2734 4606 3040 4681 parabolarn
3061 4648 3075 4671 ,
3106 4623 3227 4677 qua:
3255 4620 3336 4663 est
3361 4627 3552 4665 sermo
3582 4614 3774 4681 allego-

2212 4680 2359 4734 ricus
2387 4688 2441 4733 et
2474 4680 2742 4733 obscurus
2766 4719 2780 4744 ,
2817 4686 2875 4730 ut
2904 4678 3101 4731 divinae
3141 4682 3338 4732 mentis
3382 4678 3774 4738 obscuritatem

2210 4752 2536 4804 ostenderet.
2570 4748 2709 4801 Men.
2746 4776 2813 4786 --
2854 4745 3005 4802 lianc
3048 4747 3287 4803 Menardi
3333 4755 3773 4809 emendationem

2209 4827 2430 4874 secutus
2460 4828 2542 4873 est
2570 4817 2750 4872 Fellus
2782 4817 2835 4870 in
2868 4826 3035 4879 textu,
3064 4818 3200 4872 nihil
3228 4834 3486 4876 monens.

2279 4888 2678 4965 (ll)Cognovit.
2716 4887 2900 4965 Fellus
2918 4887 2971 4941 in
2997 4895 3145 4965 textu
3164 4890 3432 4965 restituit,
3462 4893 3770 4965 recognovit.

2210 4957 2313 5013 Sed
2339 4957 2393 5013 in
2420 4957 2581 5029 nota:
2618 4958 2861 5022 Rectius,
2888 4957 3085 5027 inquit,
3117 4962 3403 5013 renovavit.
3446 4957 3613 5029 Quod
3654 4976 3773 5019 sane

2208 5030 2410 5097 pridem
2438 5028 2726 5083 Menardus
2754 5038 3057 5083 monuerat.

2276 5099 2387 5169 (i2)
2429 5098 2541 5169 dies
2570 5100 2735 5160 enim,
2765 5098 2902 5151 sicut
2928 5099 3059 5169 dicit
3089 5097 3385 5169 Scriptura.
3423 5100 3613 5158 Locus
3661 5116 3769 5156 cor-

2204 5180 2416 5238 ruptus.
2453 5168 2791 5238 Legendum,
2830 5177 2891 5221 ut
2925 5168 2978 5221 in
3028 5178 3175 5224 textu
3210 5168 3452 5226 Graeco:
3510 5173 3588 5227 De
3633 5172 3767 5226 nobis

2202 5242 2340 5293 enim
2363 5240 2493 5309 dicit
2523 5239 2817 5307 Scriptura,
2847 5240 2982 5293 sicut
3012 5239 3143 5293 dicit
3175 5239 3318 5296 Filio
3342 5283 3357 5309 ,
3394 5242 3552 5301 Deus
3587 5242 3766 5299 videli-

2204 5320 2307 5375 cet,
2335 5318 2429 5362 aut
2458 5308 2633 5363 Pater.
2667 5309 2805 5362 Men.

2276 5381 2388 5449 (15)
2438 5378 2592 5433 Vobis
2619 5380 2769 5433 dicit.
2797 5377 2956 5450 Forte
2975 5418 2991 5445 ,
3022 5379 3172 5435 nobis
3205 5381 3346 5450 fecit.
3375 5412 3452 5421 —
3481 5380 3765 5437 Mcnardus

2203 5459 2383 5507 autem
2416 5450 2685 5524 integrum
2716 5451 2859 5503 hunc
2886 5449 3066 5524 locum
3108 5449 3425 5521 corruptum
3477 5464 3763 5524 reputans,

2199 5523 2279 5577 sic
2308 5519 2591 5593 (restituit:
2648 5520 2847 5593 Rursus
2891 5519 3034 5593 vobis
3080 5519 3378 5586 ostendam,
3411 5519 3681 5593 quomodo
3716 5523 3763 5573 in

2200 5591 2494 5645 novissimis
2548 5591 2862 5659 temporibus
2908 5590 3066 5659 fecit:
3110 5590 3571 5649 antecedentibus
3604 5604 3655 5648 cl
3685 5593 3760 5646 iu-

2202 5661 2477 5718 termediis
2503 5661 2735 5716 omissis.
