4040 6322
226 349 324 403 741

1448 332 1784 392 EPISTOLA
1813 330 2216 387 CATIIOLICA.

3344 324 3449 382 742

224 466 321 521 καὶ
335 461 679 533 ἐπιστήμων
698 461 795 515 καὶ
821 460 1065 530 ἀγαπῶν
1084 461 1190 514 τὸν
1205 460 1423 527 Κύριον
1443 458 1627 513 αὐτοῦ
1656 455 1789 526 (14);

1898 451 1997 507 Ubi
2036 453 2200 522 igitur
2229 468 2329 507 nos
2353 451 2636 506 renovavit
2669 466 2764 521 per
2789 449 3165 504 remissionem
3197 455 3449 519 pem-ato-

236 555 395 609 Ἐπεὶ
433 551 525 609 οὖν
561 553 909 616 ἁνακαινίσας
950 552 1062 624 (15)
1098 553 1244 623 ἡμᾶς
1276 552 1334 604 ὲν
1365 553 1432 623 τῇ
1467 549 1654 618 ἀφέσει
1682 548 1789 602 τῶν

223 646 534 719 ἁμαρτιῶν,
576 643 827 715 ἐποίησεν
862 645 1008 715 ἡμᾶς
1043 643 1200 698 ἄλλον
1234 642 1420 707 τύπον,
1451 641 1527 704 ὼς
1566 639 1791 694 παιδίων

224 738 344 810 (16)
397 738 540 808 ἔχειν
580 736 679 808 τὴν
708 734 906 807 ψυχὴν,
945 733 1021 796 ὡς
1063 733 1129 787 ἂν
1166 733 1259 786 καὶ
1293 729 1634 803 [πνεύματι]
1663 731 1791 783 ἀνα-

223 829 599 900 πλασσόμενος
634 826 744 899 (17)
776 826 934 889 αὐτὸς
974 826 1142 897 ἡμᾶς.
1190 822 1351 891 Λέγει
1392 821 1501 892 γὰρ
1542 823 1576 893 ὴ
1600 820 1788 891 Γραφὴ

222 921 359 991 περὶ
380 918 555 990 ἡμῶν,
583 917 657 980 ὡς
671 916 817 985 λέγει
834 916 913 987 τῷ
928 916 1058 987 Υίῷ·
1074 913 1420 983 Ποιήσωμεν
1439 912 1562 965 κατ’
1588 912 1792 965 εἰκόνα

221 1009 329 1063 καὶ
355 1008 481 1063 καθ’
508 1009 789 1076 ὁμοίωσιν
814 1007 980 1076 ἡμῶν
1006 1006 1112 1059 τὸν
1138 1006 1464 1073 ἄνθρωπον,
1489 1004 1586 1058 καὶ
1620 1003 1791 1073 ἀρχέ-

224 1114 433 1153 τωσαν
454 1096 572 1153 τῶν
584 1099 802 1167 θηρίων
827 1098 938 1167 τῆς
956 1096 1089 1166 γῆς,
1120 1096 1215 1150 καὶ
1241 1095 1359 1149 τῶν
1379 1095 1662 1149 πετεινῶν
1683 1096 1789 1149 τοῦ

221 1189 509 1257 οὐρανοῦ,
540 1189 637 1243 καὶ
662 1190 778 1243 τῶν
803 1191 1020 1258 ἰχθύων
1048 1188 1159 1257 τῆς
1179 1187 1508 1256 θαλάσσης.
1532 1188 1639 1240 Καὶ
1670 1184 1790 1241 εἷπε

224 1279 437 1351 Κύριος
468 1279 587 1333 ἰδὼν
620 1279 681 1332 τὸ
714 1278 877 1333 καλὸν
908 1279 1163 1350 πλάσμα,
1194 1278 1495 1350 ἄνθρωπον·
1529 1275 1792 1342 Αὐξάνε-

219 1376 365 1439 σθε,
402 1371 503 1426 καὶ
536 1372 947 1439 πληθύνεσθε,
989 1370 1087 1424 καὶ
1127 1368 1481 1439 πληρώσατε
1509 1368 1621 1437 τὴν
1652 1368 1788 1438 γῆν.

226 1462 419 1518 Ταῦτα
448 1461 584 1534 πρὸς
596 1463 686 1516 τὸν
702 1462 826 1515 Υίόν
839 1462 970 1533 (18).
988 1462 1155 1516 Πάλιν
1172 1478 1253 1514 σοι
1270 1461 1503 1527 ἐνδείξω,
1523 1460 1639 1525 πῶς
1658 1461 1792 1532 πρὸς

224 1556 383 1625 ἡμᾶς
427 1554 680 1625 δευτέραν
740 1552 935 1607 πλάσιν
972 1553 1058 1605 ἐπ’
1092 1552 1332 1623 ἐσχάτων
1398 1552 1639 1623 ἐποίησε.
1700 1551 1795 1605 Λέ-

224 1663 317 1715 γει
353 1645 572 1716 Κύριος·
613 1644 757 1700 Ἰδοὺ
788 1643 1018 1711 ποιήσω
1042 1644 1114 1698 τὰ
1139 1644 1365 1711 ἔσχατα
1384 1645 1463 1710 ὠς
1485 1645 1556 1697 τὰ
1594 1643 1794 1711 πρῶτα

229 1737 368 1808 (19).
391 1738 485 1801 Εἰς
509 1736 665 1790 τοῦτο
683 1732 775 1791 οὖν
805 1736 1065 1807 ἐκήρυξεν
1096 1737 1124 1789 ὁ
1142 1736 1442 1807 προφήτης-
1477 1737 1793 1791 Είσέλθετε

142 1878 147 1885 .
226 1831 320 1894 εὶς
355 1827 471 1898 γῆν
491 1828 759 1897 ῥέουσαν
789 1826 947 1897 γάλα
969 1826 1067 1881 καὶ
1093 1826 1263 1896 μέλι,
1294 1825 1393 1880 καὶ
1418 1829 1796 1896 κατακυριεύ-

228 1936 383 1975 σατε
410 1919 597 1987 αὐτῆς
647 1917 803 1989 (20).
846 1918 977 1972 Ἰδοὺ
1010 1913 1102 1972 οὖν
1132 1919 1290 1989 ἡμεῖς
1312 1918 1792 1989 ἀναπεπλάσμεθα,

230 2009 416 2073 καθὼς
460 2009 619 2063 πάλιν
667 2010 723 2062 ὲν
755 2008 925 2080 ἑτέρῳ
967 2008 1217 2080 προφήτῃ
1247 2007 1412 2076 λέγει’
1459 2008 1621 2076 Ἰδοὺ,
1649 2010 1796 2078 λέγει

229 2101 472 2171 Κύριος,
507 2098 693 2164 ἐξελῶ
723 2099 966 2163 τούτων,
985 2097 1257 2151 τουτέστιν
1292 2091 1367 2151 ὧν
1404 2100 1701 2171 προέελεπε
1736 2101 1798 2155 τὸ

231 2193 463 2263 Πνεῦμα
497 2189 723 2262 Κυρίου,
762 2189 867 2256 τὰς
896 2190 1128 2256 λιθίνας
1160 2189 1438 2258 καρδίας,
1483 2192 1583 2246 καὶ
1623 2193 1798 2257 βαλῶ

228 2282 526 2350 σαρκίνοις
551 2279 771 2345 αὐτοῖς·
801 2280 882 2332 ὃτι
910 2278 1127 2349 ἔμελλεν
1156 2280 1214 2332 ὲν
1241 2282 1402 2352 σαρκὶ
1422 2282 1794 2354 φανεροῢσθαι,

230 2374 335 2427 καὶ
362 2375 419 2425 ὲν
447 2374 572 2443 ἡμῖν
595 2373 883 2425 κατοικεῖν.
915 2370 1061 2435 Nube
1088 2370 1197 2443 γὰρ
1214 2373 1388 2441 ἅγιος,
1422 2374 1637 2444 ἀδελφοί
1673 2394 1794 2446 μου,

229 2465 317 2536 τῷ
337 2463 523 2535 Κυρίῳ
548 2463 607 2515 τὸ
638 2462 1049 2533 κατοικητήριον
1074 2462 1229 2533 ἡμῶν
1255 2463 1352 2530 τῆς
1371 2464 1613 2536 καρδίας.
1636 2467 1798 2536 Λέγει

230 2557 348 2629 γὰρ
382 2555 542 2609 πάλιν
576 2554 778 2626 Κύριος
810 2553 942 2624 (21)·
963 2553 1075 2607 Καὶ
1100 2555 1169 2607 ἑν
1193 2555 1307 2607 τίνι
1339 2555 1672 2626 ὀφθήσομαι
1718 2559 1800 2626 τῷ

232 2647 439 2716 Κυρίῳ
464 2645 583 2711 Θεῷ
602 2663 742 2715 μου,
768 2644 865 2698 καὶ
889 2642 1333 2714 δοξασθήσΟμαι
1347 2662 1367 2710 ;
1414 2646 1596 2715 Λέγει·
1645 2647 1800 2713 Ἐξο-

226 2736 650 2808 μολογήσομαί
674 2751 772 2789 σοι
788 2735 857 2788 ὲν
910 2734 1209 2803 ἐκκλησίᾳ
1238 2736 1311 2788 ἐν
1331 2734 1501 2804 μέσῳ
1525 2737 1801 2807 ἀδελφῶν

226 2843 378 2896 μου,
402 2824 499 2878 καὶ
515 2823 688 2893 ψαλῶ
710 2822 1010 2892 ἀναμέσον
1027 2822 1353 2890 ἐκκλησίας
1369 2823 1567 2893 ἁγίων.
1594 2826 1799 2881 Οὐκοῦν

234 2919 404 2988 ἡμεῖς
436 2917 619 2987 ἐσμεν.
652 2913 745 2977 οὓς
773 2914 1060 2985 εισήγαγεν
1094 2915 1175 2977 εἰς
1208 2914 1307 2986 τὴν
1341 2916 1445 2987 γῆν
1476 2916 1702 2990 ἀγαθήν.
1735 2919 1800 2971 Τί

232 3006 335 3064 οὖν
362 3010 421 3063 τὸ
448 3008 587 3077 γάλα
608 3008 699 3061 καὶ
732 3004 881 3077 μέλι;
902 3006 1021 3059 Ὅτι
1057 3005 1267 3075 πρῶτον
1280 3005 1342 3059 τὸ
1365 3007 1573 3062 παιδίον
1601 3010 1795 3080 μέλιτι,

234 3097 364 3155 εἶτα
410 3099 637 3169 γάλακτι
683 3094 1020 3161 ζωοποιεῖται
1039 3094 1149 3166 (22)
1178 3112 1191 3127 ο
1216 3095 1355 3150 οὕτω
1386 3100 1479 3152 καὶ
1531 3101 1691 3171 ἡμεῖς
1730 3105 1797 3173 τῇ

1892 558 2034 609 rum,
2062 542 2257 607 eﬂ'ecit,
2290 551 2348 596 ιιι
2378 543 2539 596 aliain
2571 539 2798 595 formam
2837 540 3179 602 haberemus,
3211 538 3447 592 animam

1891 648 2086 702 nempe
2125 646 2417 702 puerorum
2464 632 2656 697 instar,
2688 639 2873 698 utpote
2900 629 2992 699 qui
3027 638 3081 682 et
3108 628 3302 697 spiritu
3349 642 3450 681 nos

1890 723 2223 780 reformavit.
2254 721 2388 778 Nam
2414 724 2478 777 de
2510 722 2665 777 nobis
2696 721 2975 789 Scriptura
3012 720 3163 784 dicit,
3194 720 3451 788 loquente

1897 816 2103 890 [Patre]
2137 819 2202 873 ad
2234 818 2427 872 Filium
2458 840 2468 872 :
2495 818 2779 872 Faciamus
2810 817 3065 871 hominem
3087 814 3449 884 adimaginem

1894 921 1946 966 et
1993 911 2061 965 ad
2113 912 2515 965 similitudinem
2586 924 2858 976 nostram;
2912 919 2961 964 et
3026 910 3243 979 praesint
3269 910 3447 963 bestiis

1899 1013 2072 1066 terrae,
2107 1011 2155 1056 et
2182 1002 2484 1056 volatilibus
2522 1004 2655 1069 caeli,
2687 1013 2736 1056 et
2762 1002 2993 1073 piscibus
3030 1002 3191 1053 maris
3214 1002 3280 1052 ³⁷.
3309 998 3447 1052 Τυιη

1890 1093 2153 1149 Dominus
2207 1094 2397 1148 videns
2460 1094 2755 1157 hominem,
2810 1094 3094 1164 pulchrum
3135 1093 3448 1162 figmentum

1892 1200 2091 1248 suum,
2145 1185 2220 1239 ait
2253 1202 2265 1236 :
2306 1184 2537 1239 Crescite
2577 1195 2626 1239 et
2666 1183 3117 1255 multiplicamini,
3166 1193 3215 1236 et
3265 1182 3451 1251 replete

1894 1286 2089 1331 terram
2112 1277 2175 1330 ³⁸.
2200 1275 2327 1331 11ωο
2354 1277 2420 1332 ad
2451 1276 2671 1332 Filium.
2702 1276 2901 1331 Iterum
2935 1284 3113 1330 autem
3144 1275 3239 1329 tibi
3268 1283 3453 1328 osten-

1891 1370 2037 1434 dam,
2062 1384 2171 1438 quo
2194 1369 2356 1423 modo
2408 1370 2586 1438 quoad
2622 1384 2722 1423 nos
2759 1368 2961 1421 ultimis
3001 1367 3332 1437 temporibus
3362 1382 3449 1419 sc-

1893 1461 2127 1515 cundam
2171 1460 2500 1514 creationem
2533 1458 2820 1529 peregerit.
2871 1457 3010 1511 Dicit
3044 1456 3234 1528 [enim]
3271 1456 3453 1510 Domi-

1892 1570 2033 1610 nus:
2067 1555 2200 1610 Ecce
2218 1555 2429 1624 .faciam
2475 1555 2759 1609 nouissima
2804 1563 3053 1623 tanquam
3091 1555 3292 1623 priora.
3338 1552 3451 1608 Hoc

1892 1648 2190 1716 respiciens
2225 1647 2537 1717 praedicavit
2583 1648 2842 1716 pr0phcta
2873 1662 2886 1698 :
2923 1645 3130 1699 Intrate
3171 1648 3226 1699 in
3257 1656 3451 1699 terram

1894 1740 2028 1793 lacte
2054 1750 2101 1793 et
2135 1738 2286 1792 melle
2314 1739 2582 1807 ﬂuentem,
2625 1748 2671 1791 et
2707 1739 3054 1792 dominamini
3088 1740 3156 1794 ei.
3187 1738 3323 1793 Ecce
3349 1738 3451 1807 igi-

1895 1840 2004 1896 tur,
2056 1845 2155 1885 nos
2200 1834 2379 1884 denuo
2434 1829 2652 1884 formati
2705 1846 2930 1894 sumus;
2995 1829 3450 1900 quemadmodum

1895 1937 2086 1976 rursus
2126 1921 2181 1975 in
2223 1921 2333 1975 alio
2374 1921 2633 1990 propheta
2665 1920 2797 1975 dicit
2829 1940 2842 1975 :
2878 1921 3031 1987 Ecce,
3064 1922 3242 1991 inquit
3265 1920 3449 1975 Domi-

1897 2029 2021 2078 nus,
2057 2013 2295 2082 auferam
2334 2013 2397 2065 ab
2432 2014 2527 2077 eis,
2564 2012 2670 2067 hoc
2707 2020 2789 2067 est
2825 2013 2892 2066 ab
2920 2013 3001 2067 eis
3026 2028 3167 2082 quos
3218 2012 3454 2082 Spiritus

1898 2104 2112 2159 Domini
2140 2105 2487 2174 praevidehat,
2521 2104 2679 2157 corda
2705 2105 2931 2174 lapidea,
2958 2114 3007 2158 et
3032 2106 3313 2158 immittam
3343 2105 3453 2158 illis

1895 2197 2056 2250 corda
2109 2212 2299 2249 carnea
2323 2196 2403 2261 ³⁹;
2459 2194 2587 2264 quia
2643 2196 2695 2249 in
2746 2211 2909 2250 carne
2948 2196 3118 2250 voluit
3166 2212 3444 2266 apparere,

1894 2296 1949 2343 et
1993 2286 2239 2340 habitare
2297 2286 2350 2339 in
2412 2285 2589 2341 nobis.
2650 2284 2933 2356 Templum
2983 2288 3124 2343 enim
3180 2297 3451 2350 sanctum,

1896 2378 2093 2433 fratres
2143 2377 2271 2439 mei.
2324 2376 2552 2431 Domino
2606 2386 2690 2431 est
2722 2378 2986 2433 habitatio
3035 2380 3217 2435 cordis
3258 2380 3451 2434 nostri.

1896 2468 2107 2523 Etenim
2161 2468 2357 2522 iterum
2410 2468 2486 2522 ait
2528 2468 2792 2524 Dominus
2839 2486 2853 2522 :
2914 2470 3143 2524 Ubinam
3194 2472 3454 2541 apparebo

1897 2577 2074 2615 coram
2092 2559 2311 2613 Domino
2331 2558 2439 2613 Deo
2469 2574 2579 2629 meo
2603 2568 2653 2612 et
2684 2560 3020 2630 gloriﬁcabor
3048 2562 3133 2615 "°?
3169 2562 3257 2616 Ait
3280 2579 3292 2614 :
3320 2560 3457 2615 Con-

1898 2649 2084 2708 fitebor
2125 2649 2219 2701 tibi
2261 2648 2317 2701 in
2363 2647 2602 2714 ecclesia,
2639 2650 2696 2701 in
2730 2650 2901 2703 medio
2927 2651 3153 2719 fratrum
3200 2668 3453 2714 meorum,

1897 2749 1946 2795 et
1985 2737 2208 2793 cantabo
2245 2738 2302 2791 in
2341 2738 2511 2791 medio
2565 2739 2795 2795 ecclesia:
2835 2750 3133 2795 sanctorum
3163 2743 3228 2796 “.
3272 2742 3457 2811 Itaque

1898 2845 2000 2885 nos
2025 2843 2237 2894 sumus,
2282 2843 2420 2897 quos
2447 2828 2750 2883 introduxit
2775 2830 2829 2882 in
2860 2838 3057 2902 terram
3095 2830 3313 2885 bonam.
3353 2830 3458 2884 Sed

1898 2938 2067 2993 quare
2097 2922 2182 2976 lac
2205 2930 2257 2975 et
2282 2920 2425 2974 mel?
2463 2919 2734 2986 Quoniam
2783 2920 2964 2977 infans
3001 2923 3234 2993 primum
3276 2923 3455 2987 melle,

1900 3023 2030 3069 tunc
2052 3013 2190 3068 lacte
2217 3010 2459 3077 viviscit;
2502 3010 2576 3065 ita
2606 3019 2660 3066 et
2684 3026 2807 3078 nos,
2836 3013 2938 3067 fide
2964 3012 3147 3085 [quam
3172 3012 3457 3085 habemus]

1900 3103 2189 3173 promissis
2229 3100 2368 3173 [Dei]
2399 3108 2454 3155 et
2485 3100 2650 3153 verbo
2697 3100 3140 3172 (praedicationis)
3175 3103 3453 3168 vivilicati,

233 3194 425 3246 πίστει
467 3190 567 3262 τῆς
612 3186 935 3258 ἐπαγγελίας
964 3188 1057 3241 καὶ
1097 3187 1174 3258 τῷ
1204 3186 1345 3260 λόγῳ
1388 3186 1796 3263 ζωοποιούμενοι

1908 3195 2153 3250 vivemus
2182 3203 2381 3249 terram
2418 3192 2776 3263 possidentes.
2812 3190 3072 3264 Superius
3101 3210 3229 3250 vero
3265 3195 3461 3265 praedi-

1503 3309 1684 3370 Vetus
1715 3312 2184 3387 interpretatio.

236 3445 367 3503 ram
398 3427 453 3483 in
482 3425 815 3503 novissimis.
846 3424 989 3503 Dicit
1019 3425 1311 3483 Dominus:
1349 3425 1650 3503 Eccefacio
1683 3431 1795 3502 (23)
1834 3437 2118 3489 novissima
2148 3442 2397 3503 tanquam
2427 3432 2627 3503 priora.
2645 3430 2874 3502 Propter
2907 3431 3012 3489 hoc
3041 3447 3167 3502 ergo
3196 3432 3461 3503 praedica-

234 3502 322 3573 vit
352 3499 650 3569 propheta:
686 3494 887 3551 Intrate
915 3498 969 3552 in
998 3506 1224 3561 terram,
1256 3514 1373 3568 qua
1401 3500 1562 3554 trahit
1592 3494 1921 3571 lac‘et'mel,
1953 3517 2003 3559 et
2030 3494 2378 3557 dominamini
2398 3494 2517 3573 Velius
2560 3541 2574 3556 .
2795 3541 2809 3554 .
2853 3542 2868 3556 .
2913 3542 2927 3555 .
2971 3540 2986 3557 .
3031 3541 3044 3554 .
3090 3494 3160 3556 .V.
3196 3494 3219 3556 ζ
3264 3542 3279 3557 .
3323 3542 3339 3556 .
3382 3544 3396 3558 .
3443 3546 3457 3559 .

238 3570 331 3643 ξ..
360 3608 385 3643 Α.
429 3608 443 3621 .
487 3606 501 3621 .
544 3606 558 3621 .
602 3607 616 3620 .
660 3606 675 3620 .
712 3606 734 3643 τ
777 3605 792 3620 .
834 3605 849 3619 .
1006 3606 1080 3643 ._.
1225 3607 1255 3643 _.
1300 3605 1315 3622 .
1358 3608 1372 3621 .
1404 3608 1430 3643 Α.
1465 3608 1488 3643 Α.
1649 3612 1664 3626 .
1707 3611 1722 3626 .
1765 3611 1781 3627 .
1824 3612 1840 3628 .
1884 3570 1913 3627 .“
1942 3612 1957 3628 .
1992 3574 2127 3640 Quia
2160 3574 2272 3643 ipse
2298 3572 2591 3643 incipiebat
2617 3570 2729 3643 (24)
2764 3587 3056 3643 apparere,
3102 3581 3155 3625 et
3196 3573 3249 3643 in
3301 3574 3461 3629 nobis

238 3639 498 3710 habitare
518 3636 823 3710 :_templum
852 3637 994 3692 enim
1026 3636 1275 3710 Domini,
1295 3677 1310 3692 .
1354 3675 1369 3710 _.
1402 3638 1724 3695 inhabitatio
1751 3644 1929 3698 cordis
1959 3636 2129 3699 nostri
2158 3636 2261 3697 est.
2294 3636 2436 3697 Dicit
2465 3657 2592 3710 ergo
2622 3636 2851 3699 iterum}
2888 3640 2954 3693 Et
2982 3658 3083 3709 quo
3115 3642 3266 3694 modo
3298 3660 3463 3710 appa—

238 3710 372 3763 rebo
402 3707 621 3760 Domino

706 3723 764 3760 eo
795 3722 938 3771 meo,
976 3716 1026 3761 et
1062 3708 1475 3781 magniﬁcabor?
1504 3710 1716 3780 lnquit:
1744 3712 2041 3781 Conﬁtebor
2066 3714 2120 3766 in
2171 3711 2390 3765 ecclesia
2422 3750 2438 3765 .
2481 3748 2497 3765 .

2534 3712 2763 3780 fratrum
2795 3725 3060 3775 meorum,
3093 3720 3139 3763 et
3171 3712 3459 3765 dccantabo

242 3780 359 3850 tibi
378 3780 432 3850 in
453 3776 701 3850 Ecclesia
724 3785 1046 3850 sanctorum.
1076 3774 1184 3850 Nos
1224 3774 1352 3850 ergo
1373 3774 1605 3850 sumus,
1636 3797 1775 3850 quos
1806 3774 2018 3837 induxit
2054 3784 2107 3836 in
2140 3790 2338 3836 terram
2374 3774 2593 3835 bonam.
2625 3779 2765 3850 Quid
2792 3796 2922 3850 ergo
2950 3781 3033 3833 lac
3060 3789 3112 3833 et
3142 3781 3279 3833 mel?
3320 3781 3459 3846 Quia

240 3850 316 3922 ab
345 3848 502 3922 initio
530 3845 892 3922 infansmelle
915 3854 979 3922 _et
1004 3886 1019 3902 .
1064 3885 1080 3901 .
1109 3847 1247 3901 lacte
1281 3845 1621 3917 vivillcatur';
1654 3845 1803 3905 sicut
1832 3867 1928 3922 per
1980 3854 2151 3922 tidem,
2179 3851 2579 3922 promissionis,
2613 3849 2777 3922 verbo
2806 3845 2934 3922 dum
2966 3850 3308 3922 adnutrimur
3328 3845 3461 3922 ,’_sic

238 3917 589 3972 viviﬁcamur
619 3916 753 3985 (25),
784 3916 1116 3990 dominatum
1146 3926 1367 3990 agentes
1393 3927 1569 3990 terras.
1597 3962 1620 3990 Α.
1667 3960 1682 3973 .
1718 3960 1731 3974 .
1776 3960 1791 3973 .
1834 3916 1850 3974 ζ
1892 3960 1908 3975 .
1952 3962 1966 3976 .
2011 3962 2026 3976 .
2070 3963 2083 3976 .
2123 3916 2255 3987 Quis
2279 3920 2491 3990 est.qui
2515 3918 2690 3990 possit
2710 3919 2869 3973 modo
2895 3932 3015 3974 esse
3040 3935 3199 3990 super
3230 3920 3458 3985 bestias,

241 3982 1032 4126 igtnqulgez-eagesiiaut.super
1288 3982 1505 4113 sentire.
1527 3988 1739 4115 debetis
1753 3992 1924 4116 ,.quia
1952 3982 2267 4117 superesse.
2287 3990 2397 4115 (26.)
2418 3982 2727 4061 'po'testatis
2755 3997 2874 4057 est,
2918 3996 2976 4042 ut
3025 3982 3148 4057 quis
3189 3982 3461 4058 imperans

361 4173 404 4205 ³⁷
438 4172 572 4229 Gen.
598 4186 651 4239 ι,
679 4171 767 4227 26.
842 4171 886 4205 ³⁸
916 4160 1194 4239 11)ἰι1.,’28.
1272 4171 1315 4205 ³³
1346 4162 1649 4235 Ειεειι.ἰι,
1690 4173 1791 4241 19;

1897 4192 2030 4243 tm,
2060 4174 2152 4229 26.
2227 4175 2273 4211 δ’
2300 4173 2444 4230 Psal.
2468 4188 2577 4243 ut,
2602 4173 2657 4229 ’5.
2732 4173 2775 4205 ⁵¹
2824 4173 2966 4230 Psal.
3012 4188 3125 4241 XXI,
3154 4175 3243 4228 25.

1542 4314 1904 4373 VARIORUM
1936 4315 2172 4374 NOTAE.

332 4437 445 4507 (ﬂ)
481 4433 604 4489 Haec
626 4434 784 4489 verba
816 4432 1044 4507 inlibris
1069 4431 1250 4507 sacris
1267 4431 1465 4488 frustra
1487 4442 1815 4507 quaarentur.

248 4501 472 4562 Similia
497 4513 786 4559 occurrunt
817 4504 942 4558 Isai.
982 4519 1070 4566 xc,
1100 4502 1185 4555 15.
1218 4501 1374 4555 Prov.
1406 4520 1443 4565 ι,
1477 4501 1529 4556 6.
1556 4502 1725 4571 Por'r.

245 4647 292 4701 Ρ
330 4576 448 4697 (15)
482 4573 735 4644 Particip.
759 4589 858 4643 pro
882 4573 1099 4628 indicat.
1124 4580 1185 4626 ut
1212 4588 1262 4627 c.
1288 4572 1351 4627 19
1367 4580 1421 4628 et
1440 4572 1637 4642 saepius
1661 4573 1802 4644 apud

295 4664 327 4700 a
361 4660 467 4699 res.
1418 4672 1421 4673 ν

295 4657 467 4700 atres.
1418 4672 1421 4673 '

328 4713 445 4784 (l6)
479 4713 578 4769 Ms.
609 4715 836 4777 παιδίον,
867 4712 1026 4784 male.
1058 4712 1295 4784 Παιδίου.
1330 4709 1511 4784 D_Av1s.

326 4781 445 4854 (Π)
482 4785 579 4838 Ms.
608 4781 1132 4854 ἁναπλασσοιιένους,
1163 4782 1320 4836 male.
1355 4781 1624 4852 Πνεύματι
1650 4782 1808 4838 resti-

246 4851 362 4912 tuit
384 4853 565 4909 Fellus
593 4870 658 4908 ex
685 4856 906 4921 interpr.
928 4851 1055 4905 Lat.

333 4924 451 4993 (18)
492 4924 579 4978 Sc.
607 4925 717 4992 jam
749 4919 902 4993 initio
926 4920 1218 4993 creationis
1239 4919 1305 4993 de
1324 4919 1481 4993 nobis
1507 4920 1662 4993 dixit.

331 4990 449 5063 (19)
482 4990 706 5048 Non‘est
739 4994 791 5046 in
830 4992 886 5044 S.
922 4990 1118 5063 Script.
1139 5032 1153 5055 ,
1180 4990 1281 5063 sed
1317 4990 1353 5043 f.
1383 4992 1618 5063 respexit
1641 4990 1802 5045 Barn.

247 5066 325 5120 ad
346 5060 565 5119 'Ez'ech.
604 5079 788 5126 xxxvr,
825 5062 909 5123 11,
939 5061 1022 5115 vel
1046 5060 1232 5113 Matth.
1264 5076 1356 5123 xx,
1383 5060 1469 5114 16.

331 5133 451 5203 (20)
482 5136 523 5186 Ι.
555 5134 621 5186 e.'
647 5141 889 5203 respectu
918 5130 1169 5203 secundat
1180 5130 1350 5203 hujus
1383 5129 1672 5203 creationis
1701 5133 1808 5203 (re—

249 5199 627 5275 generationis
650 5199 992 5275 Chi‘istianaa)
1013 5200 1341 5275 praedicavit
1372 5201 1631 5269 propheta
1661 5217 1675 5253 :
1715 5199 1808 5253 In-

252 5270 423 5335 trate,
459 5275 624 5337 etc.,i.
659 5289 708 5327 e.
742 5270 1123 5327 renascimini..

334 5344 450 5413 (21)
478 5342 677 5398 Vocem
714 5342 942 5413 Κύριος,
980 5356 1140 5410 quam
1171 5348 1224 5394 et
1250 5347 1405 5396 vetus
1439 5356 1546 5394 non
1570 5341 1699 5413 legit
1733 5341 1810 5395 in-

248 5412 491 5483 terpres,
517 5422 612 5467 aut
633 5413 771 5466 male
798 5412 1030 5483 additam
1057 5419 1229 5483 putes,
1261 5420 1354 5464 aut
1380 5426 1485 5483 non
1517 5412 1582 5465 ad
1614 5412 1806 5483 Deum,

250 5477 364 5539 sed
382 5482 450 5535 ad
473 5482 796 5552 Prophetam
821 5480 1029 5552 (David)
1058 5477 1279 5552 referas.
1406 5477 1569 5552 Notos
1594 5481 1809 5552 deinde,

249 5552 411 5621 quod
449 5550 597 5608 hisce
625 5552 801 5606 verbis
824 5550 977 5603 tertia
1009 5550 1120 5621 loci
1137 5550 1280 5603 illius
1319 5550 1497 5603 biblici
1523 5550 1811 5621 explicatio

250 5619 672 5703 allegoricaseu
699 5620 941 5703 gnostica
963 5619 1204 5686 incipiat,
1227 5634 1347 5703 quae
1370 5628 1563 5703 terram-
1576 5619 1727 5672 illam
1745 5621 1813 5674 de

254 5686 506 5749 Emlesia
520 5686 825 5753 Christiana
843 5691 1238 5757 interpretatur.
1255 5686 1366 5748 Cfr.
1384 5688 1502 5741 Not.
1533 5688 1586 5751 7,
1617 5705 1738 5757 sup.

340 5762 455 5834 (22)
487 5762 593 5818 Lac
622 5772 674 5817 et
702 5762 827 5827 mel,
858 5760 1035 5822 πίστις
1062 5758 1154 5811 καὶ
1185 5760 1460 5830 κήρυγμα,
1494 5759 1691 5828 quibus
1714 5758 1812 5812 Ec-

1911 4434 2078 4490 clesia
2100 4448 2201 4488 nos
2236 4432 2426 4486 nutrit.
3204 4476 3208 4480 .

1979 4504 2090 4572 (25)
2132 4503 2265 4572 Ecce
2296 4502 2457 4571 facio.
2491 4499 2730 4572 Rectius,
2756 4498 2981 4572 fficiam;
2995 4494 3156 4572 Fere.
3188 4525 3258 4534 —
3279 4497 3465 4568 Conji-

1906 4565 2181 4629 cit'au'tem
2219 4565 2511 4625 Me'nardus
2535 4571 2618 4626 his
2648 4565 2825 4625 verbis
2856 4566 2912 4639 ὃ.
2938 4565 3244 4639 _Barnabam
3274 4565 3463 4639 respe-

1902 4644 2050 4697 xisse
2080 4642 2162 4695 vel
2196 4643 2260 4696 ad
2292 4640 2394 4693 Isa.
2419 4656 2585 4705 xuii,
2614 4641 2698 4703 18,
2724 4640 2805 4693 vel
2832 4637 2899 4691 ad
2930 4634 3128 4689 Jerem.
3163 4634 3426 4702 ΧκιιιιιξἹ
3446 4681 3460 4703 ,

1903 4714 1988 4767 vel
2011 4712 2242 4780 denique
2264 4711 2329 4763 ad
2351 4708 2551 4780 T‘hren.
2576 4726 2627 4776 v,
2658 4711 2746 4763 21:
2776 4708 2972 4780 Innoua
2989 4706 3105 4780 dies
3124 4716 3335 4780 nostros
3356 4710 3464 4762 sic-

1904 4792 1965 4835 ut
2004 4798 2035 4833 a
2075 4775 2354 4850 principio.
2383 4778 2506 4833 Haec
2529 4781 2671 4834 enim
2696 4778 2954 4849 precatio,
2988 4775 3183 4844 inquit,
3210 4784 3293 4830 est
3318 4777 3466 4833 lutu-

1904 4866 2089 4906 rorum
2120 4850 2415 4918 prtedictio.
2457 4917 2468 4918 ί
2723 4917 2728 4918 ν
2923 4914 2941 4918 ,_
3017 4912 3061 4918 ﬂ
3132 4874 3135 4875 '

1980 4920 2093 4990 (24)
2120 4912 2432 4987 Ὶηεὶρὶεὺαι.
2452 4917 2508 4971 ln
2537 4926 2681 4990 testu
2706 4912 3157 4990 Gr;eco_§_pel.l.ev,
3181 4912 3231 4967 id
3263 4926 3346 4971 est
3369 4918 3460 4971 de-

1909 4984 2084 5051 bebat,
2114 4998 2175 5042 ut
2199 4984 2386 5057 supra,
2416 4997 2468 5041 et
2502 4988 2626 5041 alibi
2651 4988 2873 5057 passim.
2899 4984 3039 5057 Men.

1979 5059 2090 5128 (25)
2110 5057 2257 5128 Sicut
2270 5054 2369 5126 per
2380 5057 2601 5128 ﬁdem...
2640 5054 2825 5110 uerbo"
2840 5096 2854 5109 .
2868 5056 3207 5128 uiuiﬁcamur.
3222 5054 3463 5128 Al._juxta

1906 5124 2090 5184 Graeca
2119 5146 2132 5182 :
2162 5126 2249 5181 Sic
2274 5124 2322 5180 et
2345 5124 2436 5196 per
2462 5127 2683 5196 ﬁdem...
2713 5135 2762 5179 et
2788 5124 3003 5196 verbo...
3054 5126 3456 5196 trivi/icabimur.

1907 5198 2090 5253 Fellus
2132 5207 2313 5251 tamen
2345 5195 2576 5267 primam
2617 5195 2987 5250 tantummodo
3031 5195 3462 5251 emendationem

1907 5268 2146 5323 admisit.

1979 5337 2091 5408 (26)
2133 5336 2428 5408 Superesse.
2457 5333 2683 5408 Sic_sup_.
2720 5333 3012 5408 Faciamus
3052 5335 3463 5408 hominem..._et

1908 5400 2131 5477 supersit
2154 5400 2329 5461 bestiis
2355 5415 2523 5460 terrae.
2548 5400 2647 5459 Est'
2664 5404 2933 5477 igiturhic
2958 5420 3218 5477 superesse
3246 5413 3354 5456 vet.
3380 5400 3466 5455 ln-

1913 5421 2131 5477 superstt
2154 5421 2329 5461 aestus
2355 5421 2523 5460 terra.
2548 5421 2639 5459 ιει
2664 5421 2823 5474 igitur
2848 5421 2933 5457 utc
2958 5421 3015 5455 su
3055 5421 3218 5457 cresse
3246 5421 3354 5456 ver.
3380 5421 3462 5455 tn-

1913 5490 2048 5547 terp.
2073 5477 2384 5540 dominari,
2413 5491 2632 5547 praeesse
2658 5514 2672 5537 ,
2702 5473 2967 5547 excellere.
2996 5421 3277 5547 (fuosatte
3299 5488 3462 5547 sensu

1912 5540 2133 5601 verbum
2179 5547 2320 5602 istud
2364 5540 2602 5614 antiquis
2647 5544 2807 5598 etiam
2860 5543 3213 5611 scriptoribus
3258 5540 3465 5597 Latinis

1914 5619 2181 5672 interdum
2210 5625 2527 5684 usurpatur.
2607 5682 2614 5684 Α
2713 5683 2719 5684 ί
2877 5679 2918 5684 __
3063 5681 3074 5684 _
3170 5681 3180 5684 _
3376 5642 3377 5647 η

1983 5687 2095 5755 (27)
2141 5679 2385 5738 Domino.
2416 5682 2844 5755 Leg._don_tinus'.
2877 5679 3024 5736 Hanc
3062 5681 3344 5738 lectionem
3383 5697 3463 5737 re-

1916 5750 2085 5813 tinuit
2104 5756 2283 5812 Fellus
2308 5755 2363 5808 in
2388 5750 2639 5809 sua'edit.
2665 5750 2840 5807 Oxon.

3424 5960 3485 5999 ﬁ“
