4040 6322
296 304 408 361 749

295 517 558 572 ὑσσώπου
590 519 732 572 ἰᾶται
775 519 906 589 (75).
952 520 1061 572 Καὶ
1103 517 1193 572 διὰ
1236 518 1394 572 τοῦτο
1435 516 1578 572 οὕτω
1618 518 1886 588 γενόμενα

293 610 433 679 ἡμῖν
472 609 572 681 μὲν
598 609 712 663 ἐστι
751 609 981 682 φανερὰ,
1007 610 1238 673 ἐκείνοις
1265 610 1322 662 δὲ
1362 611 1632 665 σκοτεινὼ
1665 611 1747 663 ὅτι
1784 611 1885 663 οὐκ

293 700 541 769 ἥκουσαν
576 702 761 772 φωνῆς
786 701 881 756 τοῦ
909 702 1135 773 Κυρίου.

1530 301 1867 358 EPISTULA
1905 301 2321 358 CATIIOLICA.

301 425 479 495 μεθα·
519 425 601 480 ὅτι
639 427 733 480 καὶ
760 426 941 495 ἀλγῶν
965 426 1062 498 τὴν
1088 428 1268 498 σάρκα.
1299 426 1395 480 τοῦ
1439 425 1613 498 ῥύπου
1659 426 1747 480 διὰ
1783 426 1877 479 τοῦ

1994 425 2040 478 in
2083 423 2285 494 quibus
2320 437 2423 477 nos
2470 423 2817 478 servabimur
2861 444 2876 479 :

3462 300 3568 357 τευ

2949 422 3415 493 quandoquidem,
3470 419 3564 490 qui

1991 528 2222 583 corpore
2248 522 2498 584 aegrotat,
2535 530 2564 567 a
2591 515 2850 570 sordibus
2876 530 2972 585 per
2999 515 3293 586 hyssopum
3321 522 3565 569 curatur.

1991 605 2059 660 Et
2092 613 2309 675 propter
2332 605 2457 667 hoc,
2497 622 2620 674 quae
2655 606 2728 661 ita
2752 622 2810 662 se
2839 606 3059 673 habent,
3091 606 3251 662 nobis
3280 604 3567 661 manifesta

1991 705 2141 759 sunt,
2166 695 2274 751 illis
2304 695 2552 767 [Judaeis]
2581 706 2764 752 autem
2788 698 3043 764 obscura,
3068 699 3197 769 quia
3237 712 3345 753 non
3380 697 3570 755 audie—

1991 797 2124 842 runt
2148 802 2337 841 vocem
2362 786 2605 843 Domini.

816 907 905 961 'X.
942 905 1013 961 De
1038 908 1435 961 circumcisione
1464 909 1612 961 auris
1650 916 1699 961 et
1735 907 1933 973 cordis,
1961 913 2010 959 et
2039 905 2103 959 de
2143 907 2540 960 circumcisione
2577 908 2751 976 typica
2779 905 3085 959 Abrahami.

374 1021 533 1093 Λέγει
557 1020 665 1093 γὰρ
691 1021 855 1075 πάλιν
884 1025 1009 1095 περὶ
1035 1026 1143 1081 τῶν
1170 1026 1367 1091 ὠτίων,
1398 1027 1516 1090 πῶς
1560 1028 1884 1100 περιέτεμεν

298 1112 481 1184 ἡμῶν,
521 1114 614 1166 καὶ
639 1114 738 1186 τὴν
772 1117 996 1188 καρδίαν
1031 1117 1164 1191 (74).
1208 1118 1372 1187 Λέγει
1411 1121 1439 1172 ὁ
1485 1119 1689 1189 Κύριος
1723 1120 1781 1171 ἐν
1812 1117 1890 1188 τῷ

299 1206 556 1277 προφήτῃ
575 1222 588 1235 ·
612 1209 716 1272 Εἰς
735 1208 1109 1275 ἀκοὴν-ὠτίου
1130 1210 1491 1277 ὑπήκουσάν
1502 1229 1641 1280 μου.
1664 1212 1774 1264 Καὶ
1796 1211 1892 1263 πά-

295 1295 385 1347 λιν
404 1295 585 1364 λέγει·
622 1298 801 1367 Ἀκοῇ
832 1300 1193 1355 ἀκούσονται
1216 1306 1269 1355 οἱ
1295 1303 1618 1371 πόρρωθεν,
1642 1303 1678 1356 ἆ
1695 1303 1890 1370 ἐποίη-

295 1403 408 1451 σα,
428 1387 758 1459 γνώσονται
789 1390 898 1461 (75)
928 1410 938 1420 ·
982 1393 1118 1455 Καὶ,
1156 1392 1699 1462 Περιτμηθήσεσθε,
1741 1393 1890 1461 λέγει

297 1479 529 1550 Κύριος,
552 1484 658 1546 τὰς
676 1482 919 1549 καρδίας
934 1482 1116 1553 ὑμῶν.
1137 1486 1247 1538 Καὶ
1266 1484 1427 1537 πάλιν
1453 1485 1621 1552 λέγει’
1648 1487 1887 1547 Ἀκουε,

312 1571 586 1639 Ἰσραὴλ,
614 1572 700 1625 ὅτι
728 1572 866 1628 τάδε
894 1574 1053 1643 λέγει
1081 1578 1113 1629 ὁ
1149 1578 1365 1643 Κύριος
1388 1580 1419 1630 o'
1448 1577 1590 1642 Θεός
1613 1593 1747 1630 σου.
1780 1578 1892 1630 Καὶ

2065 1024 2335 1096 Loquitur
2356 1042 2522 1097 porro
2546 1025 2827 1097 Scriptura
2849 1026 2914 1081 de
2937 1025 3163 1081 auribus
3184 1025 3405 1089 nostris,
3432 1037 3572 1094 quo-

1997 1116 2162 1170 modo
2188 1132 2281 1172 eas
2305 1125 2358 1171 et
2388 1132 2483 1171 eor
2508 1126 2755 1172 nostrum
2791 1115 3195 1171 circumciderit
3232 1112 3569 1188 [Dominus].

1994 1208 2083 1263 Ait
2118 1207 2380 1263 Dominus
2418 1209 2560 1279 apud
2614 1208 2937 1280 Prophetam
2995 1227 3008 1263 :
3064 1205 3131 1260 In
3180 1207 3369 1260 auditu
3424 1205 3570 1261 auris

1996 1299 2300 1352 obedierunt
2327 1300 2455 1351 mihi
2479 1299 2544 1352 “.
2579 1298 2645 1353 Et
2666 1299 2863 1354 iterum
2892 1298 3059 1353 dicit:
3092 1296 3291 1350 Auditu
3331 1296 3569 1361 audient,

1994 1392 2083 1461 qui
2110 1391 2259 1459 longe
2282 1391 2506 1455 absunt;
2536 1408 2652 1464 qua:
2681 1392 2802 1461 feci,
2852 1392 3017 1445 scient
3046 1392 3111 1445 ⁸⁸.
3156 1390 3221 1445 Ει
3258 1408 3272 1445 :
3323 1389 3571 1446 Circum-

1992 1485 2152 1537 cidite
2179 1483 2340 1536 corda
2385 1492 2557 1537 vestra
2583 1483 2649 1549 ⁸⁸,
2678 1484 2755 1537 ait
2799 1484 3084 1539 Dominus.
3121 1484 3187 1537 Ει
3220 1500 3413 1539 rursus
3444 1484 3521 1538 ait
3554 1502 3567 1537 :

2002 1577 2155 1641 Audi,
2199 1576 2391 1642 Israel,
2423 1576 2532 1631 lucc
2573 1577 2703 1629 dicit
2744 1576 3000 1630 Dominus
3036 1575 3171 1631 Deus
3217 1585 3337 1631 tuus
3370 1576 3435 1630 ".
3469 1575 3573 1630 [te-

300 1660 469 1715 πάλιν
482 1664 541 1717 τὸ
560 1663 773 1735 πνεῦμα
793 1666 997 1735 Κυρίου
1016 1667 1369 1738 προφητεύει·
1397 1669 1627 1734 Τίςέστι
1643 1672 1676 1721 o'
1697 1669 1882 1723 θέλων

1994 1680 2222 1734 rumque
2263 1665 2488 1734 spiritus
2527 1664 2744 1719 Domini
2786 1666 3071 1735 prophetat
3110 1686 3121 1719 :
3171 1665 3300 1731 Quis
3341 1675 3438 1729 est,
3480 1668 3571 1737 qui

300 1749 481 1821 ζῆσαι
505 1756 593 1819 εὶς
620 1754 726 1808 τὸν
752 1755 964 1819 αἰῶνα,
1012 1756 1179 1825 Ἀκοῇ
1207 1757 1520 1811 ἀκουσάτω
1554 1756 1663 1826 τῆς
1686 1758 1890 1827 φωνῆς

300 1845 413 1898 τοῦ
430 1845 652 1911 Παιδός
681 1866 821 1916 μου.
864 1850 971 1902 Καὶ
1007 1848 1166 1905 πάλιν
1196 1850 1379 1917 λέγει·
1413 1851 1619 1905 Ἄκουε
1649 1853 1887 1919 οὐρανέ,

301 1938 747 2007 καὶένωτίζουὴ
770 1940 867 2009 γῆ,
901 1940 989 1994 ὅτι
1016 1945 1048 1995 o’
1084 1942 1229 2010 Θεὸς
1250 1944 1361 2016 (76)
1379 1944 1667 2013 Aldinae.
1706 1945 1892 2001 Ταῦτα

300 2033 385 2087 εἰς
401 2030 841 2101 μαρτύριον(77).
857 2033 966 2084 Καὶ
999 2033 1160 2087 πάλιν
1176 2034 1343 2104 λέγει·
1374 2036 1893 2107 Ἀκούσατελόγυον

297 2122 549 2189 Κυρίου,
568 2121 849 2191 ἄρχοντες
863 2121 968 2174 τοῦ
982 2123 1134 2176 λαοῦ
1158 2125 1392 2178 τούτου.
1409 2125 1521 2178 Καὶ
1541 2124 1699 2181 πάλιν
1721 2124 1887 2194 λέγει·

316 2214 616 2279 Ἀκούετε,
643 2213 842 2277 τέκνα,
870 2214 980 2282 τῆς
1007 2215 1213 2284 φωνῆς
1230 2215 1477 2283 ,ϐοώσης
1496 2217 1565 2269 ἐν
1586 2216 1659 2284 τῇ
1673 2217 1889 2286 ἐρήμῳ.

303 2306 519 2360 Οὐκοῦν
562 2306 882 2378 περιέτεμεν
918 2306 1071 2379 ἡμῶν
1110 2308 1208 2372 τὰς
1233 2308 1419 2372 ἀκοὰς,
1456 2310 1541 2362 ἵνα
1568 2309 1894 2373 ἀκούσαντες

301 2397 467 2465 λόγον
489 2397 830 2468 πιστεύωμεν
851 2417 864 2430 ο
896 2401 928 2471 ἡ
958 2399 1066 2471 γὰρ
1092 2401 1382 2471 περιτομὴ,
1407 2402 1489 2471 ἐφ’
1576 2402 1890 2463 πεποίθασι,

304 2489 669 2559 κατήργηται.
703 2490 1009 2561 Περιτομὴν
1038 2490 1147 2561 γὰρ
1189 2491 1428 2563 εἴρηκεν,
1470 2494 1530 2545 οὐ
1569 2493 1768 2565 σαρκὸς
1805 2511 1895 2562 γε-

301 2580 535 2651 νηθῆναι
560 2600 571 2611 ·
599 2581 733 2634 ἀλλὰ
768 2582 1105 2653 παρέϐησαν,
1147 2584 1228 2637 ὃτι
1264 2583 1491 2652 ἄγγελος
1517 2603 1649 2656 κτονη
1661 2586 1749 2657 ρὸς
1774 2586 1895 2637 ἐσό-

302 2690 466 2741 φισεν
520 2672 735 2736 αὐτούς.
784 2674 946 2742 Λέγει
975 2674 1111 2746 πρὸς
1140 2674 1337 2737 αὐτούς
1360 2692 1371 2706 ·
1407 2676 1549 2729 Τάδε
1597 2675 1757 2745 λέγει
1786 2680 1899 2732 Κύ-

1990 1755 2098 1810 vult
2128 1757 2295 1811 vivere
2342 1757 2398 1809 in
2441 1758 2789 1826 perpetuum?
2836 1757 3121 1811 Auditione
3157 1756 3342 1810 audiat
3396 1774 3571 1811 vocem

1993 1848 2125 1903 Filii
2170 1850 2269 1902 mei
2306 1850 2370 1903 ⁸⁸.
2404 1848 2471 1903 Ει
2496 1850 2693 1904 iterum
2730 1850 2863 1905 dicit
2899 1851 3082 1904 :Audi
3116 1851 3322 1916 coelum,
3368 1862 3418 1905 et
3468 1868 3571 1905 au-

1993 1939 2137 1991 ribus
2161 1940 2389 2008 percipe,
2423 1950 2587 2005 terra,
2610 1940 2738 2010 quia
2767 1939 2907 1994 Deus
2930 1940 3135 1995 locutus
3163 1951 3237 1995 est
3263 1942 3331 1995 δ’.
3363 1939 3489 1996 Ηωο
3516 1942 3575 1999 it‘.

1995 2030 2388 2085 testimonium.
2425 2030 2747 2101 Rursusque
2778 2032 2853 2086 ait
2900 2049 2911 2086 ;
2966 2032 3162 2085 Audite
3213 2032 3424 2087 verbum
3470 2032 3577 2086 Do-

1993 2123 2144 2189 mini,
2180 2124 2442 2194 principes
2495 2124 2674 2198 populi
2708 2123 2864 2193 hujus
2906 2125 2970 2176 ³ο.
3007 2123 3070 2177 Et
3113 2124 3291 2179 adhuc
3325 2141 3340 2178 :
3382 2125 3575 2178 Audite

1994 2213 2298 2282 ﬁlii,vocem
2334 2214 2653 2268 clamantem
2684 2216 2738 2268 in
2780 2215 2985 2271 deserto
3018 2217 3085 2269 ⁵³.
3117 2214 3258 2286 Ergo
3288 2216 3576 2272 circumci-

1995 2306 2074 2361 dit
2106 2321 2268 2361 aures
2298 2316 2535 2372 nostras,
2586 2315 2643 2359 ut
2680 2308 2866 2361 audito
2896 2308 3063 2362 verbo
3105 2309 3423 2373 credamus;
3462 2308 3572 2362 cir-

1996 2399 2260 2455 cumcisio
2303 2398 2471 2465 enim,
2505 2399 2557 2454 in
2590 2415 2697 2469 qua
2740 2399 2863 2473 [illi]
2907 2399 3271 2467 conﬁdebant,
3315 2401 3575 2471 abrogata

1996 2501 2098 2547 est.
2148 2489 2412 2561 Praecepit
2472 2492 2619 2546 enim
2674 2491 3027 2565 [Dominus],
3096 2493 3573 2549 circnmeisionem

1998 2598 2106 2637 non
2135 2583 2319 2637 carnis
2347 2598 2469 2637 esse
2496 2582 2843 2650 faciendam;
2880 2585 2955 2638 illi
2999 2594 3179 2640 autem
3221 2585 3574 2657 [praeceptum

2001 2674 2127 2747 hoc]
2158 2676 2490 2744 transgressi
2537 2685 2685 2741 sunt,
2731 2678 2859 2746 quia
2906 2677 3082 2733 malus
3114 2679 3338 2747 angelus
3366 2678 3579 2746 decepit

296 2783 433 2833 ριος
461 2768 494 2818 o'
538 2765 682 2832 Θεὸς
707 2764 874 2835 ὑμῶν
900 2796 971 2807 -
1010 2759 1111 2821 ὦδε
1154 2766 1392 2839 εὑρίσκω
1444 2767 1591 2839 [νέαν
1634 2767 1769 2842 (78)]
1816 2772 1890 2823 ὲν-

2001 2765 2142 2821 illos.
2170 2765 2261 2821 Ait
2286 2766 2354 2820 ad
2399 2782 2493 2822 eos
2525 2785 2540 2822 :
2584 2766 2714 2822 Haec
2745 2770 2877 2823 dicit
2928 2768 3187 2823 Dominus
3237 2769 3377 2823 Deus
3411 2780 3577 2824 vester

301 2858 471 2929 τολὴν
494 2889 565 2903 --
594 2857 679 2926 μὴ
709 2860 993 2927 σπείρητε
1031 2860 1124 2912 ἐπ’
1153 2859 1462 2926 ἀκάνθαις,
1508 2861 1890 2931 περιτμήθητε

2002 2856 2081 2928 [in
2117 2858 2205 2913 bis
2237 2859 2419 2913 verbis
2448 2860 2667 2915 invenio
2715 2876 2911 2916 novam
2956 2860 3153 2933 legem]
3212 2880 3228 2916 :
3277 2859 3459 2916 Nolite
3504 2878 3579 2915 se-

302 2949 377 3002 es
416 2949 497 3014 τῷ
527 2950 722 3018 Κυρίῳ
757 2949 942 3019 ὑμῶν.
976 2952 1086 3003 Καὶ
1114 2951 1167 3003 τί
1199 2951 1383 3019 λέγει;
1412 2950 1809 3021 Περιτμήθητε
1833 2954 1890 3007 τε

2002 2965 2115 3002 rere
2150 2966 2307 3019 super
2330 2952 2533 3019 spinas,
2566 2952 3011 3007 circumcidimini
3052 2953 3274 3009 Domino
3303 2964 3472 3008 vestro
3505 2954 3574 3008 ”.

304 3039 585 3106 σκληρὸν
636 3037 747 3107 τῆς
792 3038 1037 3107 καρδίας
1086 3040 1271 3110 ὑμῶν,
1320 3041 1417 3094 καὶ
1456 3040 1563 3095 τὸν
1590 3040 1890 3109 τράχηλον

1995 3041 2060 3096 Ει
2090 3043 2219 3113 quid
2252 3044 2365 3098 vult
2395 3043 2521 3115 [sibi
2555 3043 2822 3102 Dominus
2852 3047 3001 3102 hisce
3031 3046 3277 3118 verbis]?
3330 3045 3577 3101 Circum--

1648 3186 1827 3246 Vetus
1865 3186 2332 3265 interpretatio.

385 3312 475 3367 IX.
514 3312 653 3368 Dicit
674 3321 851 3367 autem
885 3350 915 3384 .A
946 3353 958 3365 .
994 3311 1063 3368 de
1088 3312 1338 3384 auribus,
1368 3312 1665 3384 quomodo
1688 3312 2043 3367 circumcidat
2068 3328 2233 3370 aures
2259 3314 2544 3384 prtecordii
2568 3314 2763 3370 nostri.
2796 3313 2943 3370 Dixit
2973 3352 2986 3366 .
3026 3353 3041 3366 .
3079 3328 3172 3383 per
3201 3312 3528 3384 Prophetam
3560 3354 3574 3367 .

309 3386 517 3455 Audita
547 3386 695 3436 auris
722 3382 990 3455 exaudivit
1014 3399 1117 3455 _me.
1142 3381 1205 3455 Et
1238 3383 1433 3441 iterum
1465 3382 1597 3438 dicit
1628 3401 1641 3436 :
1683 3384 1966 3455 Auditione
2010 3381 2377 3455 audientfqui
2412 3385 2563 3454 longe
2594 3395 2748 3455 sunt;
2779 3394 2826 3437 et
2872 3400 2989 3455 qua:
3031 3381 3187 3455 faciet
3221 3381 3355 3455 (79),
3388 3382 3575 3455 scient.

316 3498 380 3527 ζ.
417 3452 817 3527 Circumcidite.
856 3452 987 3507 dicit
1014 3452 1299 3527 Dominus,
1327 3469 1478 3527 aures
1512 3464 1709 3527 vestras
1750 3453 1883 3527 (80).
1913 3452 1981 3527 Et
2006 3454 2204 3527 iterum
2224 3452 2355 3527 dicit
2393 3470 2403 3485 ·
2438 3452 2592 3527 Audi,
2619 3454 2813 3521 Israel,
2845 3452 2969 3527 quia
3008 3452 3121 3527 [nec
3155 3453 3282 3527 dicit
3319 3453 3577 3527 Dominus

314 3525 454 3580 Deus
482 3534 624 3576 tuus.
654 3524 718 3596 Et
741 3524 944 3596 iterum;
972 3524 1209 3596 spiritus]
1226 3522 1442 3596 Domini
1470 3522 1799 3596 prophetat:
1832 3522 1972 3591 Quia
1998 3523 2112 3594 (8|)
2144 3525 2233 3595 qui
2281 3529 2390 3579 vult
2436 3525 2603 3579 vivere
2632 3526 2688 3578 in
2715 3522 3017 3596 perpetuum
3039 3524 3373 3596 ?Auditione
3391 3522 3579 3577 audiat

312 3612 489 3650 vocem
518 3594 666 3663 pueri
690 3594 809 3647 mei.
840 3592 904 3646 Et
934 3592 1131 3648 iterum
1161 3593 1292 3647 dicit
1324 3611 1336 3646 :
1369 3594 1532 3659 Audi,
1565 3592 1773 3657 caelum,
1801 3602 1851 3647 et
1891 3592 2100 3663 percipe
2122 3592 2361 3661 auribus,
2396 3604 2557 3659 terra,
2587 3592 2722 3663 quia)
2761 3592 3015 3649 Dominus
3062 3595 3269 3649 locutus
3298 3603 3397 3649 est.
3441 3634 3455 3647 .
3500 3632 3516 3647 .
3556 3635 3571 3647 .

314 3665 381 3720 Et
406 3667 600 3719 iterum
626 3665 799 3735 dicit:
828 3663 1022 3735 Audite
1045 3664 1252 3735 verbum
1270 3663 1520 3735 Domini,
1540 3664 1801 3733 principes
1828 3663 2008 3734 populi
2038 3665 2215 3735 hujus.
2251 3665 2317 3720 Et
2352 3667 2549 3721 iterum
2579 3663 2712 3721 dicit
2746 3683 2759 3719 :
2791 3666 3004 3719 Audite.
3041 3705 3055 3719 .
3088 3681 3262 3719 vocem
3291 3665 3576 3735 clamantis

310 3738 368 3790 in
397 3751 589 3790 eremo.
624 3733 767 3805 Ergo
798 3734 1173 3805 circumcidite
1204 3734 1316 3803 (82)
1350 3749 1509 3789 aures
1541 3746 1779 3799 nostras,
1810 3743 1871 3789 ut
1899 3733 2112 3789 audito
2150 3736 2317 3791 verbo
2364 3736 2653 3791 credamus
2678 3773 2695 3789 .
2740 3776 2752 3791 .
2798 3775 2812 3789 .
2856 3774 2872 3788 .
2915 3777 2931 3790 .
2972 3778 2986 3790 .
3031 3776 3044 3790 .
3085 3734 3575 3805 Circumcisionem

312 3816 497 3861 autem
535 3803 832 3869 dixitﬂwn
864 3804 1129 3876 corporis.
1153 3845 1188 3876 γ.
1234 3823 1248 3869 ;
1292 3805 1384 3858 sed
1410 3805 1788 3874 praeterierunt
1820 3806 1972 3876 (85);
2004 3806 2133 3874 quia
2173 3808 2399 3876 angelus
2430 3821 2665 3874 nequam
2695 3806 2926 3860 docebat
2973 3806 3114 3861 illos.
3161 3847 3172 3859 .
3215 3848 3251 3876 ._
3275 3804 3406 3858 Hazc
3441 3803 3573 3876 dicit

313 3876 573 3929 Dominus
604 3876 743 3928 Deus
776 3873 979 3946 vester:
1014 3873 1116 3927 Hic
1144 3875 1348 3946 invenio
1390 3873 1583 3946 _novam
1617 3876 1798 3946 legem.
1838 3873 1928 3929 Vae
1966 3873 2076 3930 illis
2102 3878 2193 3945 qui
2218 3873 2480 3931 séminant
2508 3873 2622 3945 (84)
2650 3877 2709 3929 in
2740 3877 2932 3945 spinis!
2955 3874 3326 3931 Circumcidite
3353 3892 3437 3928 vos
3470 3874 3579 3927 Do-

312 3948 457 4000 mino
487 3955 675 3999 vestro.
720 3987 732 4000 .
775 3984 789 3997 .
832 3943 947 3999 Hoc
978 3955 1093 4016 est,
1181 3945 1363 4016 audite
1388 3943 1683 4016 Dominum
1710 3955 1974 4011 vestrum,
2002 3956 2055 4000 et
2080 3943 2442 4002 circumcidite
2488 3943 2776 4016 nequitiam
2815 3947 2880 3999 de
2912 3948 3219 4016 praecordiis
3249 3947 3454 4000 vestris.
3497 3983 3514 4016 .
3537 3983 3573 4016 ν.

313 4016 464 4071 Dixit
489 4026 666 4070 autem
699 4017 935 4069 iterum:
972 4014 1103 4068 Ecce
1141 4015 1270 4067 dicit
1310 4014 1606 4069 Dominus:
1645 4014 1836 4086 Omnes
1874 4017 2111 4071 nationes
2156 4019 2267 4071 sine
2313 4014 2710 4071 circumcisione
2758 4014 2991 4086 corporis
3035 4030 3179 4071 sunt.
3224 4056 3237 4068 .
3283 4057 3297 4069 .
3342 4056 3355 4069 .
3402 4057 3415 4069 .
3441 4033 3462 4069 :
3485 4015 3577 4086 llic

313 4097 493 4142 autem
523 4086 745 4157 populus
769 4086 881 4157 sine
911 4086 1311 4139 circumcisione
1339 4086 1510 4138 cordis
1532 4096 1627 4139 est.
1657 4084 1783 4140 Sed.
1830 4128 1843 4141 .
1883 4088 2047 4157 etiam
2077 4088 2437 4143 circumcisus
2460 4098 2543 4143 est
2568 4087 2800 4157 populus
2828 4082 2882 4141 in
2914 4088 3129 4157 signum
3155 4105 3170 4152 ;
3197 4087 3291 4143 sed
3330 4096 3384 4141 et
3408 4124 3444 4139 ..
3472 4082 3576 4139 Ju-

312 4158 465 4213 daeus
494 4155 629 4228 (85),
654 4155 927 4229 etAArabs,
954 4165 1005 4229 et
1032 4170 1223 4229 omnes
1246 4158 1555 4229 sacerdotes
1578 4157 1873 4229 idolorum,
1899 4166 1955 4212 et
1976 4156 2237 4229 Egyptii.
2268 4158 2409 4229 Ergo
2438 4167 2492 4211 et
2521 4155 2580 4211 hi
2612 4155 2677 4211 de
2709 4155 3034 4229 testamenio
3069 4165 3215 4213 sunt.
3256 4198 3268 4211 .
3305 4198 3319 4211 .
3347 4196 3374 4229 ἐ
3410 4197 3431 4229 ._
3457 4193 3483 4229 ._
3505 4196 3520 4209 .
3555 4194 3572 4211 .

313 4244 457 4298 quos
489 4225 619 4283 dicit
650 4227 791 4299 lilios
816 4226 1045 4299 Abrahae
1080 4227 1145 4279 de
1175 4226 1428 4299 omnibus
1456 4227 1710 4299 gentibus
1738 4246 1750 4280 :
1781 4230 1908 4297 quia
1942 4225 2217 4283 Abraham
2269 4225 2479 4299 primus
2516 4228 2993 4299 circumcisionem
3040 4229 3207 4292 dedit,
3245 4229 3299 4281 in
3342 4225 3572 4297 Spiritu,

312 4295 461 4371 quod
489 4298 850 4368 prospiciebat
876 4296 930 4350 in
957 4295 1163 4351 Jesum.
1196 4296 1571 4352 Circumcidit.
1618 4339 1630 4350 .
1677 4338 1691 4351 .
1737 4339 1750 4351 .
1790 4295 1814 4352 .“
1851 4340 1862 4352 .
1909 4339 1922 4351 .
1970 4338 1983 4351 .
2030 4339 2043 4353 .
2087 4338 2101 4351 .
2146 4341 2159 4355 .
2202 4340 2215 4353 .
2260 4295 2284 4352 ,⁷
2320 4341 2333 4356 .
2380 4340 2393 4352 .
2434 4300 2501 4354 de
2529 4299 2695 4353 domo
2720 4313 2821 4352 sua
2847 4298 3095 4354 homines
3120 4295 3397 4353 trecentos
3419 4306 3575 4351 octo~

385 4436 432 4467 “
466 4435 609 4490 Psal.
641 4452 776 4495 xv".
813 4435 901 4487 45.
980 4434 1024 4465 ⁸⁵
1059 4434 1161 4489 lsa.
1210 4449 1402 4497 xxxiii,
1433 4435 1519 4488 15.
1594 4436 1639 4475 ιθ
1668 4433 1779 4490 Jer.
1812 4451 1890 4501 ιγ,

2044 4437 2086 4466 ⁵⁷
2122 4434 2230 4491 Jer.
2280 4454 2379 4503 vn,
2407 4438 2459 4490 2.
2540 4436 2586 4476 ⁸⁸
2616 4435 2758 4489 Psal.
2802 4447 3000 4497 χχχιιι,
3043 4432 3129 4487 15.
3208 4431 3251 4463 δ’
3280 4429 3403 4486 lsai.
3437 4448 3477 4497 l.
3517 4432 3571 4491 2ο

313 4509 360 4541 ⁸⁵
391 4507 549 4575 lbid.,
585 4506 668 4560 10.
743 4507 785 4536 δι
815 4504 918 4558 lsai
948 4520 1034 4569 XL,
1059 4505 1111 4557 5.
1189 4506 1234 4536 δ’
1265 4505 1375 4560 Jer.
1407 4522 1480 4571 iv,
1510 4506 1562 4559 5.

1643 4634 2010 4694 VARIORUM
2049 4639 2283 4696 NOTAE}.

389 4761 503 4834 (73)
524 4732 616 4815 .lta
640 4758 763 4834 _Cot.
786 4773 890 4813 ms.
1035 4756 1133 4809 Διὰ
1159 4755 1253 4809 τοῦ
1295 4754 1465 4825 ῥύπου
1491 4751 1586 4807 τοῦ
1628 4751 1889 4807 ὑσσώπου

315 4830 492 4888 litat!
642 4830 649 4836 ’

389 4903 505 4974 (74)
543 4900 657 4974 Cir.
687 4898 756 4954 de
786 4898 1202 4974 circumcisione
1222 4895 1324 4974 Ep:
1353 4894 1419 4974 ad
1444 4892 1637 4974 Dipgn.
1663 4908 1719 4974 ἐ.
1744 4894 1796 4947 4.

390 4964 505 5044 (75)
546 4970 867 5044 Adhortatio
898 4970 1151 5044 audiendi
1182 4967 1408 5021 invoivit
1458 4964 1887 5019 admonitionem

309 5043 381 5104 ad
400 5041 891 5098 'circnmcisionem
924 5041 1164 5095 aurium.

389 5114 505 5182 ('76)
544 5112 629 5166 Al.
660 5110 881 5182 Κύριος.

389 5178 504 5254 (77)
535 5184 625 5237 Sc.
653 5178 1093 5254 circumcisionis
1133 5178 1241 5231 Deo
1275 5184 1531 5245 acceptio.

387 5250 505 5325 (78)
542 5254 678 5325 Add.
712 5252 854 5325 véav.
891 5250 1030 5325 Men.
1061 5250 1289 5317 interpr.
1321 5262 1529 5325 novam.

385 5318 502 5395 (79)
536 5323 606 5377 Et
631 5338 746 5395 qua:
773 5322 950 5391 faciet.
981 5324 1104 5395 beg.
1136 5331 1183 5373 et
1212 5334 1329 5395 quae
1357 5318 1476 5382 feci.

384 5386 499 5463 (80)
531 5386 698 5447 Aures
736 5386 954 5447 vestras.
998 5386 1233 5445 ln'textu
1272 5386 1663 5463 Graeco,_covda
1694 5394 1886 5463 vestra.

310 5457 497 5532 male;
529 5481 655 5519 nam
683 5479 873 5519 omnes
923 5465 1017 5532 qui
1062 5472 1365 5532 sequuntur
1397 5457 1502 5511 loci
1537 5467 1782 5532 spectant
1816 5462 1883 5511 ad

311 5526 556 5602 aurium,
588 5550 696 5590 non
738 5534 803 5587 ad
833 5526 1016 5589 cordis
1046 5526 1541 5602 circumcisionem.
1574 5526 1715 5582 Man.

387 5608 503 5678 (81)
532 5600 690 5672 Quia.
721 5603 974 5678 Rectius,
987 5605 1101 5674 quis
1129 5612 1225 5678 est.
1260 5600 1424 5678 Flacc.

385 5669 503 5739 (82)
532 5669 921 5733 Circum-idne.
956 5669 1080 5749 Leg.
1115 5672 1460 5728 circumcidit.
1492 5669 1642 5726 Hane
1665 5670 1885 5736 quidem

2001 4756 2285 4811 lectionem
2302 4758 2550 4827 sequitur
2566 4756 2746 4813 Fellus
2765 4754 2817 4827 in
2839 4764 2923 4809 tes
2933 4763 3009 4817 tu,
3030 4752 3160 4827 licet
3176 4752 3229 4805 in
3247 4759 3375 4827 n9_ta
3392 4750 3575 4827 lectio-

1995 4842 2117 4881 nem
2151 4818 2512 4882 circumciditc
2561 4826 2898 4882 retinendam
2948 4823 3243 4895 praecipiat.
3284 4818 3485 4876 Verum
3518 4822 3573 4876 id

1996 4898 2128 4969 vitio
2160 4898 2453 4969 typothetae
2478 4899 2818 4953 vertendum.

2066 4963 2612 5041 (85‘)'Prtcterierunt.
2636 4969 2691 5022 ld
2718 4977 2820 5033 est,
2848 4963 3183 5041 pragvaricati
3215 4972 3364 5027 sunt,
3390 4971 3572 5041 trans—

1993 5037 2167 5107 gressi
2196 5049 2341 5094 sunt.
2365 5039 2428 5092 Et
2448 5039 2648 5094 Psalm.
2673 5054 2896 5102 chvm,
2918 5036 2951 5089 6
2974 5056 3007 5107 ᾖ
3025 5037 3350 5103 Ι¹ηιτεριιιηι
3373 5036 3568 5101 posuit,

1991 5105 2039 5178 ἐξ
2064 5124 2167 5160 non
2191 5110 2499 5178 prwteribit.
2533 5109 2671 5164 Mes.
2690 5139 2761 5150 ——
2781 5107 2939 5177 Apud
2969 5105 3201 5169 Fellum,
3229 5112 3565 5174 praetereunt.

1995 5177 2311 5248 Typothetaz
2340 5183 2620 5235 mendum.

2061 5245 2303 5321 (784)7Va-
2334 5252 2446 5309 illis
2465 5252 2553 5321 qui
2577 5252 2856 5305 seminant.
2896 5249 3139 5312 Rectius,
3163 5245 3325 5321 nolite
3372 5259 3563 5321 serere.

1989 5316 2282 5391 ξ’ίειιζρυί
2329 5337 2393 5376 ea
2436 5316 2559 5391 quae
2606 5337 2732 5376 mox
2782 5326 3124 5391 sequuntur,
3169 5318 3243 5370 ita
3299 5316 3512 5383 supplet
3550 5332 3565 5370 :

1991 5388 2243 5462 thuid,
2280 5391 2383 5462 hoc
2408 5388 2493 5447 est
2520 5393 2658 5462 quod
2701 5388 3098 5462 dicit,_audite_,
3124 5396 3230 5462 etc.

2060 5454 2172 5524 (85)
2203 5460 2444 5516 Judceus.
2487 5454 2650 5519 Forte
2679 5462 2973 5524 ldumwus,
3003 5460 3086 5513 vel
3120 5456 3306 5529 Syrus.
3352 5454 3569 5529 --‘liinc

1989 5530 2118 5657 [igni
2153 5532 2284 5587 edit.
2322 5533 2521 5590 Oxon..
2562 5534 2761 5605 rejecta
2806 5532 3027 5603 vulgata
3064 5527 3316 5596 lectione,
3347 5527 3567 5587 exhibet

2064 5619 2279 5657 umaeus.

2064 5619 2279 5660 amatus.
