4040 6322
242 399 387 455 755⁷

1485 394 1820 453 EPISTULA
1853 394 2269 451 CATHOLICA.

3408 399 3509 455 735

236 516 397 570 ἐστιν
435 514 620 586 ἐντολὴ
653 514 876 569 Θεοῦιτὺ
900 520 972 589 μὴ
1003 520 1265 590 τρώγεινς
1289 521 1493 590 Μωσῆς
1515 520 1572 574 δὲ
1596 522 1652 573 ὲν
1676 518 1836 573 πνεύ-

1939 519 2125 574 datum
2153 518 2247 572 Dei
2281 504 2391 580 est,’
2418 533 2485 571 ne
2523 516 2884 570 manducent?
2909 514 3030 586 [Est
3058 512 3105 587 :|
3138 515 3230 571 sed
3254 514 3430 573 Moses
3459 519 3515 575 iii

246 626 383 680 ματι
406 607 653 679 ἐλάλησε.
681 608 833 681 “rem
864 607 955 664 οῦν
972 612 1176 680 χοῖρον
1206 614 1342 685 πρὸς
1375 612 1533 666 τοῦτο
1573 612 1791 684 εἴρηκεν
1815 628 1829 643 ’

244 703 326 754 Οὐ
374 699 448 771 μὴ
499 699 843 774 κολληθὴσῃ,
905 704 1115 775 φησιν,
1185 701 1491 773 ἀνθρώποις
1550 699 1832 764 τοιούτοις,

241 795 447 855 οἵτινες
492 792 667 863 ὅμοιοί
714 793 819 845 εἰσι
872 794 1095 864 χοίροις.
1140 795 1305 847 Ὅταν
1328 793 1436 866 γὰρ
1467 793 1831 858 σπαταλῶσιν,

240 884 697 939 ἐπιλανθάνονται
721 884 816 939 τοῦ
846 885 1049 957 Κυρίου
1089 887 1298 940 ἑαυτῶν
1316 904 1329 917 ’
1370 888 1498 941 ὅταν
1526 886 1583 940 δὲ
1604 887 1833 958 ὑστερη-

242 978 437 1039 θῶσιν,
468 974 888 1045 ὲπιγινώσκουσι
909 976 998 1028 τὸν
1038 975 1258 1047 Κύριον.
1305 977 1413 1030 Καὶ
1436 978 1463 1030 ὁ
1484 978 1687 1047 χοῖρος,
1708 976 1835 1030 ὅταν

240 1066 457 1138 τρώγῃ,
473 1068 573 1119 οὐκ
599 1061 706 1119 οἶδε
728 1066 816 1118 τὸν
843 1064 1029 1134 κύριον
1045 1082 1056 1093 ο
1087 1065 1215 1119 ὅταν
1237 1066 1293 1118 δὲ
1314 1065 1565 1136 πεινάσῃ,
1590 1065 1833 1136 κραυγά-

242 1159 352 1222 ζει,
366 1160 459 1212 καὶ
474 1157 652 1211 λαϐὼν
671 1156 829 1211 πάλιν
849 1158 1045 1227 σιωπᾷ.
1068 1156 1219 1211 Οὐδὲ
1233 1156 1318 1226 μὴ
1334 1156 1548 1227 φάγῃς,
1565 1158 1714 1227 φησὶ,
1729 1155 1835 1209 τὸν

241 1251 447 1318 ἀετὸν,
476 1251 617 1306 οὐδὲ
637 1252 743 1305 τὸν
765 1252 1285 1320 ὀξύπτερον,“οὐδὲ
1318 1252 1423 1305 τὸν
1454 1249 1665 1315 iraira,
1694 1249 1835 1303 οὐδὲ

242 1346 355 1399 τὸν
374 1346 615 1412 κόρακα.
634 1346 708 1397 Ού
734 1343 828 1415 μὴ,
862 1347 1015 1415 φησὶ,
1052 1344 1358 1416 κολληθήσῃ
1395 1343 1509 1413 (98)
1531 1340 1835 1413 ἀνθρώποις

240 1438 526 1502 τοιούτοις,
540 1438 735 1499 οἵτινες
749 1438 849 1490 ούκ
863 1437 1035 1491 οἴδασι
1048 1437 1134 1491 διὰ
1151 1437 1316 1492 κόπου
1342 1436 1435 1490 καὶ
1452 1435 1671 1505 ἱδρῶτος
1690 1434 1835 1505 πορί-

244 1530 364 1593 ζειν
386 1531 598 1592 ἑαυτοῖς
620 1527 718 1599 τὴν
741 1528 965 1599 τροφὴν,
990 1527 1125 1581 ἀλλά
1152 1526 1457 1596 ἁρπάζουσι
1489 1525 1556 1578 τὰ
1582 1524 1837 1596 ἀλλότρια

242 1621 306 1671 ὲν
334 1617 534 1689 ἀνομία
560 1617 756 1671 αὐτῶν·
777 1618 869 1670 καὶ
899 1617 1270 1688 ἐπιτηροῦσιν,
1288 1617 1363 1679 ὠς
1381 1618 1437 1668 ὲν
1474 1614 1833 1685 ἀκεραιοσύνῃ

247 1709 679 1783 περιπατοῦντες
708 1707 837 1779 (99).
874 1710 982 1763 Καὶ
1010 1708 1155 1779 (100)
1186 1708 1470 1779 καθήμενα
1498 1707 1643 1777 ἀργά
1670 1705 1835 1758 ταῦτα

246 1800 491 1873 ἐκζητεῖ,
520 1800 637 1863 πῶς
660 1799 944 1871 ἀλλοτρίας
981 1800 1190 1871 σάρκας
1223 1798 1535 1869 καταφάγῃ,
1570 1797 1699 1850 ὄντα
1728 1798 1835 1850 λοι-

249 1895 330 1965 μά
352 1898 422 1965 τῇ
451 1894 684 1965 πονηρίᾳ
706 1892 901 1945 αὐτῶν.
928 1892 1039 1945 Καὶ
1064 1895 1135 1946 οὐ
1158 1891 1243 1961 μὴ
1268 1892 1482 1961 φάγῃς,
1512 1892 1665 1960 φησὶ,
1690 1892 1832 1959 σμύ-

236 2005 483 2056 ραιναν,
539 1984 680 2039 οὐδὲ
722 1983 1070 2049 πολύποδα,
1115 1983 1256 2038 οὐδὲ
1299 1985 1530 2051 σηπίαν
1605 1984 1678 2036 Ού
1736 1984 1830 2054 μὴ,

246 2079 434 2149 φησὶν,
476 2076 786 2147 ὀμοιωθὴσῃ
832 2073 1171 2145 κολλώμενος
1210 2073 1516 2144 ἀνθρώποις
1550 2073 1831 2137 τοιούτοις,

242 2170 441 2232 οἵτινες
474 2170 552 2230 εἰς
591 2167 741 2229 τέλος
785 2165 920 2218 εἰσὶν
974 2165 1210 2230 ἀσεϐεῖς,
1260 2166 1353 2219 καὶ
1394 2165 1708 2236 κεκριμένοι
1757 2164 1833 2235 τῷ

243 2261 494 2331 θανάτῳ·
520 2260 595 2323 ὡς
626 2260 719 2312 καὶ
749 2258 922 2312 ταῦτα
944 2258 1013 2311 τὰ
1041 2257 1246 2327 ἰχθύδια
1293 2257 1429 2328 μόνα
1455 2256 1834 2328 ὲπικατάρατα

245 2357 311 2407 ὲν
339 2355 417 2425 τῷ
446 2352 588 2423 βυθῷ
617 2354 857 2423 νήχεται,
892 2352 966 2423 μὴ
1011 2350 1389 2421 κολυμϐῶντα,
1432 2351 1505 2413 ὡς
1539 2350 1607 2403 τὰ
1648 2349 1832 2411 λοιπά,

245 2446 389 2499 ἀλλά
418 2448 474 2497 ἐν
504 2447 569 2514 τῇ
597 2446 666 2515 γῇ
703 2443 845 2497 κατά
883 2442 978 2495 τοῦ
1027 2442 1191 2512 βυθοῦ
1239 2446 1503 2496 κατοικεῖ.
1546 2442 1704 2495 Ἀλλὰ
1742 2444 1835 2496 καὶ

244 2539 358 2590 τὸν
399 2535 713 2588 δασύποδα
746 2536 816 2588 οὺ
868 2534 1047 2604 φάγῃ,
1091 2534 1272 2604 φησιν.
1316 2534 1456 2604 Πρὸς
1497 2535 1581 2599 τί;
1630 2535 1703 2588 Ού
1758 2535 1832 2606 μὴ

243 2631 379 2702 γένῃ
405 2630 781 2701 παιδοφθόρος,
813 2628 932 2682 οὐδὲ
954 2626 1264 2698 ὀμοιωθήσῃ
1294 2629 1407 2688 τοῖς
1438 2625 1695 2690 τοιούτοις
1716 2642 1728 2655 ο
1753 2628 1835 2681 ὅτι

243 2728 275 2777 ὁ
290 2724 509 2792 λαγωὸς’
522 2724 641 2776 κατ’
664 2723 904 2776 ἐνιαυτὸν
922 2719 1233 2773 πλεονεκτεῖ
1252 2720 1349 2789 τὴν
1366 2719 1561 2787 άφόδευ
1570 2736 1671 2772 σιν.
1698 2720 1835 2772 Ὅσα

246 2814 359 2885 γάρ
389 2814 483 2883 ἔτη
533 2812 620 2884 ζῇ,
654 2811 919 2874 τοσαύτας
955 2811 1067 2880 ἔχει
1095 2809 1307 2880 τρύπας
1340 2809 1433 2880 (1).
1484 2811 1659 2864 Ἀλλὰ
1694 2811 1836 2865 οὐδὲ

246 2904 364 2971 τὴν
402 2904 618 2957 ὕαινάν
656 2903 836 2971 φάγῃ.
876 2902 949 2955 Οὐ
993 2899 1086 2971 μὴ,
1118 2900 1272 2970 φησὶ,
1314 2901 1445 2971 γένῃ
1476 2901 1681 2971 μοιχὸς,
1715 2902 1834 2955 οὐδὲ

246 2997 506 3067 φθορεὺς,
552 2996 673 3049 οὐδὲ
712 2992 1025 3064 ὁμοιωθήσῃ
1077 2994 1189 3054 τοῖς
1242 2992 1522 3055 τοιούτοις.
1562 2991 1705 3063 Πρὸς
1745 2992 1833 3057 τί;

246 3089 422 3141 Τοῦτο
466 3088 574 3159 γάρ
608 3087 669 3140 τὸ
712 3086 847 3149 ζῶον
889 3084 1017 3155 παρ’
1053 3084 1297 3136 ἐνιαυτὸν
1330 3083 1583 3137 ἀλλάσσει
1605 3085 1702 3155 τὴν
1732 3084 1833 3155 φύ-

249 3200 358 3245 σιν,
392 3182 486 3235 καὶ
518 3180 646 3232 ποτὲ
678 3179 775 3251 μὲν
804 3180 993 3250 ἄρρεν,
1022 3176 1154 3229 ποτὲ
1182 3176 1237 3228 δὲ
1282 3176 1415 3246 θῆλυ
1447 3178 1689 3246 γίγνεται
1733 3177 1829 3248 (2).
1862 3214 1907 3275 C

260 3278 427 3331 Ἀλλὰ
466 3278 557 3330 καὶ
592 3275 688 3346 τὴν
726 3274 895 3344 γαλῆν
949 3273 1175 3343 ἐμίσησε
1225 3270 1424 3334 καλῶς.
1462 3273 1537 3325 υύ
1589 3272 1663 3341 μὴ
1703 3277 1831 3344 γὰρ,

246 3370 440 3439 φησὶν,
490 3366 800 3439 ὀμοιωθήσῃ
853 3366 963 3425 τοῖς
1012 3360 1313 3423 τοιούτοις,
1365 3361 1508 3423 οἴους
1567 3361 1835 3432 ἀκούομεν

244 3463 483 3530 ἀνομίαν
530 3459 813 3517 ποιοῦντας
856 3452 933 3523 τῷ
990 3451 1246 3521 στόματι,
1304 3450 1392 3503 διὰ
1437 3450 1779 3521 ἀκαθαρσίαν
1816 3470 1829 3482 ⁸

243 3553 375 3605 οὐδὲ
403 3550 707 3621 κολληθήσῃ
744 3548 863 3607 ταῖς
890 3541 1237 3613 ἀκαθάρτοις,
1291 3543 1409 3603 ταῖς
1452 3542 1552 3612 τὴν
1605 3542 1834 3614 ἀνομίαν

1937 611 2130 679 Spiritu
2186 610 2402 664 locutus
2444 618 2545 663 est.
2579 607 2918 675 Quapropter
2940 606 3020 662 sic
3045 621 3189 662 suem
3218 608 3313 674 ait,
3354 611 3513 678 quasi

1934 702 2180 756 diceret:
2225 698 2344 756 Non
2376 698 2685 755 adlimrebis
2729 698 3045 761 hominibus
3073 698 3292 765 talibus,
3322 700 3415 769 qui
3441 700 3515 755 si-

1936 794 2093 847 miles
2142 801 2272 849 sunt
2315 792 2518 862 porcis.
2570 789 2704 844 Nam
2746 806 2869 844 cum
2933 789 2989 843 in
3036 790 3246 846 deliciis
3299 791 3511 859 vivunt,

1936 883 2153 939 Domini
2178 884 2261 939 sui
2295 883 2735 946 obliviscuntur;
2782 896 2907 935 cum
2935 888 3116 937 autem
3141 882 3514 938 destituuntur

1935 974 2282 1039 necessariis,
2320 973 2614 1027 Dominum
2640 982 2964 1043 agnoscunt.
3010 970 3075 1026 Et
3124 972 3344 1043 quidem
3386 990 3514 1043 por-

1934 1082 2070 1131 eus,
2138 1068 2358 1135 quando
2430 1065 2713 1131 comedit,
2794 1065 3076 1120 dominum
3159 1080 3267 1119 non
3328 1065 3509 1131 novit;

1933 1158 2151 1228 quando
2183 1164 2365 1213 autem
2398 1157 2591 1221 esurit,
2645 1157 2884 1221 clamat;
2938 1166 2993 1212 et
3044 1169 3265 1228 accepta
3316 1159 3513 1215 iterum

1932 1266 2082 1315 esca,
2108 1259 2270 1304 tacet.
2304 1247 2417 1303 Nec
2464 1247 2836 1313 manducabis,
2871 1249 3068 1319 inquit,
3112 1250 3369 1320 aquilam,
3419 1267 3512 1303 ne-

1933 1358 2030 1411 que
2058 1341 2386 1409 accipitrem,
2420 1355 2581 1409 neque
2623 1340 2861 1405 miluum,
2899 1357 3059 1410 neque
3106 1358 3339 1396 corvum.
3394 1340 3514 1397 Non

1934 1433 2264 1496 adluerebis,
2305 1430 2459 1496 dicit,
2508 1432 2578 1485 iis
2609 1431 2947 1496 hominibus,
2992 1433 3085 1503 qui
3115 1434 3366 1489 nesciunt
3409 1435 3512 1489 sibi

1935 1526 2121 1580 labore
2157 1540 2220 1578 ac
2247 1524 2447 1579 sudore
2480 1540 2671 1593 parare
2701 1524 2932 1591 victum,
2966 1525 3059 1580 sed
3094 1526 3269 1580 aliena
3295 1528 3515 1596 rapiunt

1936 1618 2157 1686 inique;
2190 1627 2244 1672 et
2276 1633 2399 1672 cum
2433 1617 2720 1672 videantur
2754 1619 2808 1675 in
2838 1618 3187 1689 simplicitate
3210 1620 3513 1687 ambulare,

1937 1716 2115 1763 tamen
2149 1709 2272 1764 aliis
2302 1710 2653 1763 insidiantur.
2682 1709 2746 1766 Et
2780 1709 2957 1783 [aves]
2986 1711 3125 1775 istae,
3152 1711 3289 1767 dum
3324 1712 3514 1767 otiosa:

1938 1799 2147 1865 sedent,
2197 1809 2471 1869 quaerunt,
2522 1802 2803 1870 quomodo
2855 1803 3066 1861 alienas
3108 1820 3303 1859 carnes
3343 1805 3513 1859 dero-

1868 1869 1905 1925 Β
1936 1899 2076 1955 rent,
2100 1900 2336 1959 suntque
2372 1891 2425 1943 in
2460 1892 2666 1946 malitia
2694 1908 2790 1948 sua
2822 1894 3111 1963 pestiferae.
3143 1894 3255 1949 Nec
3289 1898 3513 1949 maudiu

1934 1977 2101 2043 cabis,
2154 1979 2349 2048 inquit.
2401 1996 2716 2046 mura’uam,
2760 1998 2921 2053 neque
2950 1984 3219 2054 polypum,
3259 2002 3419 2054 neque
3442 2006 3513 2039 se-

1932 2070 2095 2137 piam.
2127 2066 2266 2133 Non,
2308 2070 2509 2139 inquit,
2551 2072 2875 2137 adbairebis,
2916 2090 3014 2128 nec
3047 2076 3243 2129 similis
3273 2078 3383 2129 eris
3409 2078 3512 2130 liu-

1929 2160 2172 2229 jusmodi
2216 2161 2554 2228 hominibus,
2598 2164 2692 2233 qui
2743 2164 2796 2217 in
2832 2175 3151 2235 perpetuum
3190 2168 3338 2236 impii
3366 2180 3511 2234 sunt,

1933 2261 1987 2305 et
2015 2252 2082 2306 ad
2129 2262 2359 2307 mortem
2398 2261 2527 2308 sunt
2557 2253 2887 2325 adjudicati;
2933 2257 3395 2325 quemadmodum
3425 2259 3513 2318 isti

1932 2343 2206 2412 pisciculi,
2258 2346 2359 2399 soli
2405 2345 2707 2412 maledicti,
2756 2347 2811 2401 in
2860 2346 3132 2417 profundo
3175 2350 3513 2415 volutantur,

1935 2450 2035 2490 nec
2067 2446 2124 2491 ut
2172 2436 2369 2506 reliqui
2406 2437 2586 2507 pisces
2617 2446 2827 2505 natant,
2874 2440 2970 2495 sed
3007 2438 3062 2495 in
3112 2450 3276 2508 terra,
3306 2458 3428 2514 qua:
3459 2444 3512 2497 in

1933 2528 2206 2597 profundo
2231 2529 2399 2584 maris
2421 2537 2526 2594 est,
2558 2529 2782 2600 degunt.
2823 2529 2926 2586 Sed
2951 2541 3003 2587 et
3032 2531 3283 2603 leporem,
3316 2534 3515 2605 inquit,

1935 2638 2038 2674 non
2079 2621 2334 2675 comedes.
2390 2620 2804 2688 Quamobrem?
2831 2622 2915 2695 [Id
2955 2623 3081 2695 est],
3117 2640 3223 2678 non
3251 2626 3361 2679 eris
3385 2642 3528 2696 puc-.

1936 2729 2123 2767 rorum
2176 2721 2488 2781 corruptor,
2525 2728 2624 2767 nec
2671 2715 2904 2768 similem
2959 2724 3009 2773 te
3046 2716 3243 2775 talibus
3278 2717 3513 2785 efficies;

1935 2803 2197 2873 quoniam
2247 2802 2399 2871 lepus
2449 2803 2609 2858 annis
2659 2804 2892 2874 singulis
2944 2824 3111 2863 anum
3165 2812 3513 2880 multiplicat.

1936 2895 2082 2962 Quot
2109 2897 2254 2950 enim
2295 2912 2471 2951 annos
2496 2896 2647 2961 vivit,
2680 2906 2759 2950 tot
2789 2898 2949 2953 habet
2982 2899 3268 2957 foramina.
3301 2903 3403 2959 Sed
3427 2922 3514 2959 nec

1936 2988 2177 3059 hyaenam
2205 2989 2569 3043 manducabis.
2597 2991 2715 3047 Non
2752 2993 2883 3058 eris,
2922 2993 3118 3063 inquit,
3153 2997 3386 3063 adulter,
3418 3015 3516 3052 ne-

1936 3098 2041 3151 que
2070 3092 2357 3152 corruptor
2410 3081 2779 3157 [puerorum],
2822 3102 2998 3156 neque
3047 3090 3248 3145 talibus
3291 3092 3515 3145 assimi—

1936 3174 2157 3228 labeiis.
2191 3172 2407 3239 Quare?
2438 3175 2576 3242 Quia
2610 3177 2755 3232 istud
2784 3179 2987 3233 animal
3014 3184 3296 3236 annuatim
3324 3202 3516 3239 Sexum

1940 3278 2133 3332 mutat,
2156 3269 2393 3323 etmodo
2418 3286 2557 3333 mas,
2585 3271 2743 3325 modo
2774 3270 2972 3326 femina
2999 3284 3100 3330 est.
3142 3276 3247 3330 Sed
3295 3288 3347 3329 et
3395 3295 3517 3332 mu-

1943 3360 2134 3412 stelam
2180 3359 2331 3430 justo
2363 3361 2490 3412 odio
2518 3369 2841 3429 prosecutus
2872 3373 2977 3417 est.
3032 3364 3384 3433 Dissimilem,
3431 3370 3518 3422 in-

1941 3449 2079 3519 quit,
2109 3458 2161 3503 te
2195 3450 2461 3518 praebebis
2494 3450 2625 3504 viris
2662 3450 2791 3516 illis,
2823 3468 2962 3521 quos
2994 3456 3249 3513 audimus
3278 3475 3371 3513 ore
3414 3462 3519 3514 iiii-

1941 3558 2079 3612 puro
2134 3542 2432 3611 nequitiam
2484 3553 2733 3611 patrare;
2787 3561 2884 3599 nec
2940 3550 3241 3605 ailliaerebis
3292 3552 3517 3621 impuris

1564 3693 1743 3755 Vetus
1790 3694 2256 3774 interpretatio.

244 3858 380 3897 cum
411 3840 520 3894 sint
556 3838 942 3911 pestilentiosa:
970 3858 1064 3910 per
1094 3857 1250 3895 suam
1283 3840 1605 3908 nequitiam.
1641 3842 1763 3897 Non
1786 3843 2151 3909 iitanducabis,
2186 3842 2385 3911 inquit.
2417 3858 2729 3907 murwnam,
2758 3858 2850 3894 uec
2879 3841 3146 3910 polypum,
3174 3854 3266 3911 nec
3287 3838 3515 3911 sapiam.

245 3912 400 3988 lion,
430 3909 632 3988 inquit,
660 3909 928 3988 similabis
954 3908 1239 3988 adlifereiis
1270 3911 1469 3965 talibus
1498 3913 1833 3977 hominibus,
1863 3916 1956 3983 qui
1990 3916 2043 3967 in
2074 3908 2330 3988 perpetuo
2362 3912 2536 3988 impii,
2562 3922 2616 3965 et
2634 3908 3231 3988 judicati'janimorlui
3263 3908 3338 3975 (5)
3368 3916 3513 3987 sunt.

248 3982 322 4037 Ui
357 3983 501 4034 enim
528 3980 704 4051 pisces
732 3981 833 4033 soli
871 3983 1142 4036 maledicti
1174 3991 1321 4036 sunt.
1369 4021 1382 4034 .
1429 4020 1443 4035 .
1486 4022 1498 4035 .
1544 4022 1558 4035 .
1604 4024 1618 4038 .
1664 4000 1769 4037 non
1825 3979 2093 4049 natantes,
2128 3979 2269 4038 sicut
2309 3979 2524 4051 reliqui,
2552 3979 2655 4037 sed
2690 3983 2741 4036 in
2780 3979 3234 4035 ima’altitudinis
3262 3979 3520 4051 terrain-

247 4048 537 4128 habitant.
559 4048 660 4128 Sed
689 4051 1028 4128 necleporem
1062 4051 1424 4128 nmiiducabis.
1447 4121 1467 4128 Α
1492 4054 1691 4128 thuid
1724 4054 1892 4128 dicit?
1936 4054 2052 4128 Non
2100 4054 2229 4128 eris.
2270 4048 2467 4128 inquit,
2500 4064 2791 4128 corruptor
2830 4065 3144 4128 puerorum,
3178 4064 3279 4128 nec
3312 4048 3517 4128 simila-

248 4125 343 4178 bis
374 4122 590 4193 talibus.
623 4121 759 4187 Quia
792 4123 943 4193 lepus
975 4124 1205 4191 Singulis
1251 4123 1410 4175 annis
1443 4121 1675 4187 facillad
1725 4125 2099 4179 adsellandum
2148 4121 2363 4193 singula
2408 4124 2707 4189 foramina;
2755 4132 2809 4177 et
2853 4127 3120 4193 quotquot
3155 4121 3515 4193 annis‘v‘ixit,

247 4194 486 4248 totidem
513 4191 781 4246 foramina
813 4187 944 4247 facit
972 4212 983 4245 :
1034 4187 1134 4247 Sed
1166 4210 1253 4245 nec
1286 4192 1516 4245 belluam
1542 4194 1643 4264 (4),
1681 4194 1879 4264 inquit,
1915 4187 2281 4250 munducabis.
2314 4192 2427 4249 Hoc
2463 4204 2565 4259 est,
2600 4187 2707 4246 non
2739 4194 2847 4247 eris
2870 4187 3133 4245 "utimelius
3162 4187 3515 4264 autAadulter,

250 4282 359 4319 nec
390 4273 696 4332 corruptor,
726 4278 823 4316 nec
856 4264 1120 4317 siinilabis
1161 4263 1381 4316 talibus.
1426 4304 1439 4317 .
1487 4304 1499 4316 .
1546 4305 1557 4317 .

1604 4259 1896 4331 Qiiia'liaec
1952 4265 2124 4318 bestia
2162 4265 2385 4318 alternis
2436 4265 2596 4319 annis
2642 4272 2816 4317 mutat
2868 4270 3218 4323 naturam,et
3256 4259 3313 4312 fit
3356 4259 3518 4331 modo

250 4330 567 4397 masculus,
592 4333 755 4389 modo
786 4333 1006 4388 femina.
1042 4334 1145 4387 Sed
1183 4343 1235 4387 et
1256 4333 1401 4402 quod
1435 4332 1565 4387 dicit
1594 4355 1604 4387 :
1634 4330 1921 4388 Mustelam
1962 4335 2154 4389 adibis.
2203 4334 2319 4388 Non
2354 4334 2486 4400 eris,
2520 4334 2715 4402 inquit,
2742 4334 2887 4397 talis,
2926 4333 3017 4401 qui
3067 4331 3218 4384 audit
3264 4330 3522 4397 in.quila-

251 4416 369 4461 tein
400 4405 501 4473 (5),
527 4413 581 4458 et
612 4405 854 4473 loquitur
883 4404 1285 4457 immunditiam
1317 4402 1486 4469 :Non,
1518 4406 1721 4474 inquit,
1750 4406 2051 4460 adliierebis
2094 4406 2412 4470 immundis,
2438 4405 2531 4474 qui
2582 4404 2790 4458 faciunt
2818 4404 2893 4474 (6)
2924 4402 3260 4472 iniquitatem
3295 4417 3389 4453 ore
3420 4416 3521 4453 suo

1591 4550 1955 4608 VARIORUM
1994 4551 2223 4606 ΝΟΤίΕ.

332 4678 453 4755 (98ξ
480 4678 637 4755 ‘Adde
662 4695 727 4734 ex
759 4682 929 4736 Clem.
954 4684 1105 4737 Alex.
1136 4695 1189 4738 et
1216 4695 1321 4739 vet.
1346 4687 1635 4755 interprete
1663 4706 1674 4740 :
1701 4687 1833 4741 Οὐδὲ
1871 4692 1915 4747 D
1946 4690 2084 4743 idem
2116 4698 2200 4742 est
2237 4704 2359 4742 eum
2404 4688 2560 4740 belua
2606 4688 2718 4741 sive
2750 4686 2927 4740 bellua
2960 4703 2972 4738 :
3010 4684 3048 4755 Β
3083 4683 3227 4738 enim
3261 4692 3327 4755 et
3348 4680 3385 4731 V
3416 4698 3519 4736 sm-

251 4749 591 4821 ὁμοὲφοήρῃ·

331 4819 450 4897 (99)
492 4819 740 4877 Davisius
765 4822 985 4897 coniicit
1013 4843 1039 4897 :7
1077 4826 1423 4897 Ἐπιτηροῦσι
1460 4830 1585 4891 τοὺς
1617 4828 1674 4880 ἐν
1716 4829 1843 4881 ἀκε-

256 4890 519 4967 ραιοσςύνςῃ
553 4890 1003 4967 περιπατοῦντας,
1032 4896 1066 4949 i.
1100 4913 1149 4951 e.
1190 4890 1517 4950 insidiantur
1548 4898 1635 4961 iis,
1664 4901 1751 4967 qui
1788 4901 1842 4952 iu

255 4961 602 5029 simplicitate
631 4961 935 5018 ambulant.

294 5080 297 5083 .
331 5032 482 5101 (100)
530 5031 642 5114 Yet.
670 5034 894 5103 interpr.
925 5036 1051 5090 add.
1101 5055 1114 5090 :
1149 5036 1238 5092 Sic
1263 5054 1380 5091 aves
1429 5040 1545 5093 istm
1584 5038 1712 5093 sola:
1741 5040 1842 5093 sibi

255 5119 363 5157 non
387 5118 539 5159 acaui
548 5115 712 5156 rentes
747 5122 939 5159 escam.

332 5174 411 5250 (_l)
451 5173 779 5250 C[r1_Clem.
836 5176 989 5230 Alex.
1033 5175 1249 5247 Pardag.
1289 5194 1349 5243 ιι,
1401 5196 1449 5232 e.
1500 5180 1580 5244 l0,
1614 5197 1665 5250 p.
1709 5182 1839 5246 220,

257 5244 359 5297 221
425 5253 479 5297 et
508 5244 633 5298 225.

332 5314 413 5385 (2)
453 5315 567 5367 Cir.
594 5314 766 5370 Clem.
800 5316 953 5371 Alex.
986 5318 1021 5370 l.
1046 5334 1093 5372 c.

334 5387 415 5449 (5)
452 5385 671 5441 Mortui.
711 5386 868 5442 Forte
896 5389 1077 5451 morti,
1116 5404 1178 5441 ex
1212 5389 1433 5444 Graecis.

334 5458 412 5532 (ὧι
448 5456 717 5532 Βειιααηι.
753 5456 1044 5532 Reddenda
1071 5462 1231 5532 ratio.
1253 5478 1364 5532 cur
1391 5479 1488 5530 pro
1522 5464 1711 5532 hyaena
1748 5479 1844 5516 no-

262 5536 373 5580 ster
401 5528 673 5603 interpres
700 5528 927 5581 belluam
959 5531 1219 5597 posuerit.
1248 5530 1325 5585 Ea
1348 5528 1403 5584 in
1433 5528 1687 5603 promptu
1722 5544 1840 5588 est:

263 5612 399 5667 usus
429 5613 622 5665 nempe
644 5598 964 5667 desumpius
988 5616 1049 5658 ex
1076 5602 1359 5655 notissima
1389 5598 1574 5658 bestiie
1596 5598 1840 5658 Teritate.

264 5664 502 5738 Lexieon
548 5664 1019 5723 Graeco—Latinum
1054 5682 1245 5725 vetus:
1283 5673 1506 5734 Ὓαινα,
1543 5674 1701 5738 ζῶον,
1738 5675 1843 5727 bel-

266 5736 376 5791 lua.
426 5739 640 5793 Glossa:
689 5738 943 5801 Labbaei,
995 5742 1175 5796 citata:
1206 5759 1235 5796 a
1289 5736 1564 5797 Salinasio
1612 5747 1678 5800 ad
1711 5746 1839 5797 Julii

268 5806 558 5877 Capitolini
607 5810 911 5865 Gordianus
966 5820 1114 5865 tres:
1163 5814 1392 5873 "i’zwa,
1446 5816 1633 5869 rrlua:
1695 5820 1839 5882 quod

1945 4760 2167 4829 pissime
2216 4760 2356 4829 inter
2410 4775 2495 4829 se,
2526 4768 2955 4829 commutantur.
3014 4754 3209 4829 lsidori
3270 4752 3518 4829 Glossae:

1960 4828 2432 4903 νρξδιίίιν,ρινοιιηιλΔ
2461 4828 2717 4903 corrigo,
2772 4827 2933 4903 belba:
2962 4842 2978 4880 :
3013 4827 3113 4903 hoc
3156 4822 3520 4903 est,.Besti¢.e,

1944 4899 2129 4955 beluw.
2176 4898 2355 4952 Julius
2395 4894 2737 4967 Capitolinus
2774 4900 2827 4951 in
2882 4900 2988 4951 line
3034 4894 3296 4951 Gordiani
3335 4894 3520 4946 tertii:

1946 4972 2115 5036 Belbi,
2142 4970 2195 5022 id
2220 4982 2293 5021 est
2325 4971 2544 5037 liyteuw.
2566 4967 2738 5033 Belbi,
2768 4970 2932 5033 belui,
2961 4967 3147 5031 bellui,
3175 4980 3521 5034 nequaquam

1943 5040 2221 5093 dill‘erunt.
2269 5037 2594 5093 anlatenus
2622 5055 2753 5109 ergo
2805 5040 3115 5093 necessaria
3167 5048 3247 5109 est
3278 5037 3520 5087 viionini

1942 5114 2226 5163 cinctorum
2280 5111 2626 5173 emendatio,
2672 5107 2763 5179 qui
2815 5110 2868 5162 in
2917 5108 3179 5162 Barnaba:
3231 5107 3525 5174 interprete

1950 5182 2159 5234 malunt
2192 5182 2394 5234 belvum
2434 5190 2528 5234 aut
2555 5180 2778 5233 belbum.
2808 5179 2944 5234 Cor.

2023 5252 2099 5320 (5)
2135 5251 2239 5316 Qui
2263 5253 2410 5305 audit
2444 5252 2800 5325 iniquitatem,
2823 5260 2927 5305 etc.
2964 5248 3183 5325 Rectius
3211 5263 3337 5325 quos
3368 5247 3525 5325 audi-

1948 5340 2060 5396 nius
2083 5317 2180 5376 ore
2214 5327 2430 5396 impuro
2449 5317 2739 5396 nequitiam
2763 5332 2996 5396 patrare.
3023 5319 3295 5396 Interpres
3326 5317 3523 5396 [egisse

1944 5393 2181 5465 videtur,
2208 5393 2267 5457 ὃς
2289 5386 2489 5447 ’ἀκούει
2527 5386 2772 5465 ἀνομίαν
2806 5391 3089 5465 ποιοῦντας
3111 5428 3124 5449 ,
3160 5386 3253 5465 καὶ
3285 5386 3364 5457 τῷ
3399 5386 3523 5465 στόο

1946 5482 2074 5533 ματι
2105 5463 2255 5517 λαλεῖ
2285 5460 2648 5534 ἀκαθαρσίαν.
2685 5462 2850 5517 FELL.
2878 5493 2941 5534 —_—
2972 5460 3087 5534 Nou
3115 5463 3405 5534 advertens
3440 5460 3525 5509 in-

1944 5530 2152 5603 ti-rpres
2190 5536 2441 5589 damnari
2473 5530 2600 5589 'lioc
2652 5536 2773 5586 loco
2806 5532 3093 5586 nefandam
3129 5530 3437 5603 fellatorum
3471 5536 3521 5603 et

1943 5600 2268 5676 lellatrieuni
2302 5606 2625 5676 nequitiam,
2654 5604 2759 5658 alio
2786 5620 2897 5657 rem
2927 5602 3189 5676 traduxit,
3223 5616 3419 5676 nempe
3454 5600 3521 5652 ad

1942 5675 2229 5746 audientes
2262 5694 2326 5730 ac
2355 5671 2639 5746 loquentes
2672 5676 2855 5743 iniqua
2888 5683 2939 5746 et
2969 5673 3204 5746 impura.
3238 5671 3375 5746 C03.

1943 5816 1980 5868 Γ
2013 5749 2091 5813 (l5)
2126 5745 2227 5813 Qui
2254 5741 2477 5816 faciuiit.
2506 5746 2746 5813 Rectius,
2770 5741 2887 5814 quw
2913 5745 3134 5813 faciunt.
3160 5744 3289 5799 Vide
3313 5741 3518 5797 Gizeca.

1986 5833 2106 5868 [ιι.

1986 5833 2106 5871 ΕΗ...
