4040 6322
325 325 421 359 ιυι

1583 303 1916 361 EPISTOLA
1957 304 2364 362 CATHOLICA.

3491 306 3594 361 758

313 423 455 494 περὶ
492 421 587 476 τοῦ
618 422 807 485 ὕδατος
845 424 936 476 καὶ
981 422 1075 476 τοῦ
1127 424 1379 496 σταυροῦ.
1422 426 1557 495 Περὶ
1602 425 1700 495 μὲν
1740 425 1929 488 ὓδατος

2034 442 2163 481 nere
2193 426 2260 481 de
2290 441 2428 494 aqua
2466 436 2517 479 et
2547 426 2612 481 de
2639 443 2819 482 cruce.
2856 426 2922 483 Et
2950 426 3167 497 quidem
3194 426 3260 481 de
3285 439 3423 496 aqua
3455 439 3581 480 serr-

313 515 636 585 γέγραπται
671 514 761 566 ἐπὶ
804 514 897 568 τὸν
952 516 1207 588 Ἰσραὴλ,
1242 516 1360 580 πῶς
1394 517 1455 569 τὸ
1490 517 1769 588 βάπτισμα
1799 561 1813 582 ,
1858 518 1917 570 τὸ

311 606 485 675 φέρον
513 608 593 668 εἰς
613 604 805 673 ἄφεσιν
841 606 952 679 (20)
977 608 1278 678 ἁμαρτιῶν,
1301 607 1361 660 οὐ
1387 607 1459 678 μὴ
1493 606 1908 679 προσδέξωνται,

310 697 433 750 ἀλλ’
484 700 697 763 ἑαυτοῖς
733 699 1143 771 οἰκοδομήσουσι
1169 699 1305 771 (21).
1333 701 1493 769 Λέγει
1525 695 1617 753 οὖν
1648 704 1676 754 ὁ
1700 703 1911 773 προφήο

309 808 417 861 της
440 808 455 822 ·
487 793 773 861 Ἐκστηθι
796 832 810 855 ,
846 792 1063 860 οὐρανὲ
1085 832 1099 855 ,
1144 792 1243 846 καὶ
1288 793 1386 846 ἐπὶ
1424 795 1610 856 τούτῳ
1651 793 1911 863 φριξάτω

314 884 358 950 ἢ
395 881 587 953 τῆ,ὅτι
616 883 727 937 δύο
745 884 979 954 μεγάλα
1006 885 1102 938 καὶ
1132 886 1367 953 πονηρά
1393 885 1679 953 ἐποίησεν
1703 889 1735 940 ό
1759 885 1911 951 λαὸς

313 976 530 1042 οὗτος·
564 975 668 1046 ἐμὲ
702 976 1128 1047 ἐγκατέλιπον,
1164 977 1368 1047 πηγὴν
1394 976 1621 1041 ζῶσαν,
1657 978 1751 1032 καὶ
1775 978 1909 1032 ἐαυ-

315 1070 447 1135 τοῖς
470 1069 709 1137 ὤρυξαν
733 1070 1001 1135 λάκκους
1020 1069 1583 1140 συντετριμμένους.
1604 1070 1699 1138 Μὴ
1727 1070 1909 1138 πέτρα

312 1161 539 1229 ἔρημός
558 1161 688 1214 ἐστι
709 1160 773 1214 τὸ
795 1161 931 1229 ὄρος
946 1161 1009 1215 τὸ
1028 1161 1196 1231 ἅγιόν
1205 1179 1323 1230 μου
1339 1161 1490 1216 Σιών
1507 1162 1908 1233 (22);Ἕσεσθε

315 1251 433 1320 reip
462 1252 543 1317 ὠς
571 1252 846 1305 πετεινοῦ
868 1252 1135 1315 νεοσσοὶ,
1166 1253 1553 1323 ἀνιπτάμενοι
1588 1254 1701 1323 (23)
1730 1270 1905 1307 νεοσ-

314 1341 460 1410 σιᾶς
473 1343 877 1414 ἀφῃρημένης.
900 1345 1009 1397 Καὶ
1041 1345 1201 1401 πάλιν
1224 1346 1369 1414 λέγει
1404 1349 1433 1400 ὁ
1458 1348 1742 1418 προφήτης
1766 1346 1873 1417 (24)
1889 1364 1901 1377 ·

330 1438 481 1508 Ἐγὼ
506 1438 870 1507 πορεύσομαι
897 1438 1232 1508 ἔμπροσθέν
1251 1453 1386 1503 σου,
1412 1438 1508 1492 καὶ
1529 1439 1639 1507 ὅρη
1658 1438 1903 1509 όμαλιῶ,

313 1531 420 1584 καὶ
453 1531 639 1598 θύρας
668 1528 899 1598 χαλκᾶς
932 1531 1262 1599 συντρίψω,
1297 1530 1395 1583 καὶ
1432 1530 1704 1599 μοχλοὺς
1739 1531 1903 1598 σιδηο

310 1618 461 1686 ροῦς
483 1618 829 1681 συνθλάσω,
858 1620 954 1673 καὶ
982 1619 1152 1673 δώσω
1174 1637 1271 1674 σοι
1305 1622 1648 1689 θησαυροὺς
1676 1638 1905 1675 σκοτει-

311 1711 485 1777 νοὺς,
515 1712 920 1781 ἀποκρύφους,
947 1711 1257 1779 ἀοράτους,
1280 1714 1380 1766 ἵνα
1404 1712 1628 1784 γνῶσιν
1650 1714 1785 1787 (25),
1814 1715 1903 1769 ὅτι

312 1804 533 1870 Κύριος
563 1807 596 1857 ό
632 1803 792 1869 Θεός.
830 1805 937 1858 Καί
958 1822 970 1833 ο
1003 1803 1359 1870 Κατοικήσει
1392 1806 1462 1858 ἐν
1492 1805 1712 1874 ὑψηλῷ
1741 1822 1902 1875 σπη-

310 1897 465 1959 λαίῳ
490 1895 709 1964 πέτρας
728 1895 980 1964 ἰσχυρᾶς
1003 1895 1133 1965 (26).
1155 1892 1289 1950 Εἶτα
1312 1897 1364 1949 τί
1390 1897 1535 1966 λέγει
1565 1899 1622 1951 ἐν
1648 1899 1727 1971 τῷ
1753 1900 1898 1971 Υἱῷς

317 1989 388 2042 Td
412 1987 566 2055 ὕδωρ
590 1987 777 2041 αὐτοῦ
798 1989 1016 2041 πιστόν
1039 2005 1051 2017 ·
1080 1988 1345 2052 βασιλέα
1367 1992 1520 2058 μετὰ
1549 1990 1732 2058 δόξης
1760 1992 1900 2061 ὀψε-

311 2083 461 2145 σθε,
496 2078 594 2133 καὶ
634 2081 672 2147 ἠ
710 2080 882 2149 ψυχὴ
914 2082 1079 2151 ὑμῶν
1101 2081 1421 2151 μελετήσει
1454 2085 1640 2152 φόϐον
1675 2086 1897 2153 Κυρίου

311 2170 451 2239 (27).
496 2170 605 2223 Καὶ
634 2171 794 2224 πάλιν
828 2172 884 2224 ὲν
918 2172 1059 2243 ἄλλῳ
1089 2174 1346 2246 προφήτῃ
1392 2172 1565 2242 λέγει·
1613 2176 1822 2228 Ἔσται
1866 2178 1898 2229 d

310 2266 503 2320 ταῦτα
531 2265 735 2329 ποιῶν,
758 2268 838 2332 ὡς
866 2266 930 2319 τὸ
961 2266 1150 2330 ξύλον
1172 2266 1236 2320 τὸ
1265 2267 1714 2336 πεφυτευμένον
1741 2268 1899 2334 παρὰ

315 2362 427 2427 τὰς
458 2361 764 2428 διεξόδους
794 2361 911 2415 τῶν
936 2361 1202 2426 ὑδάτων,
1237 2362 1268 2415 ὃ
1300 2361 1408 2414 τὸν
1449 2361 1681 2430 καρπὸν
1710 2360 1896 2415 αὑτοῦ

313 2456 492 2511 δώσει
514 2457 583 2510 ὲν
601 2455 783 2523 καιρῷ
801 2455 1007 2510 αὐτοῦ’
1033 2456 1128 2509 καὶ
1154 2455 1219 2509 τὸ
1239 2457 1479 2525 φύλλον
1498 2457 1682 2511 αὑτοῦ
1703 2457 1812 2510 οὐκ
1834 2456 1900 2510 ἀ-

313 2549 741 2619 πορρυήσεται,
766 2549 861 2602 καὶ
892 2548 1115 2612 πάντα,
1173 2549 1289 2603 ὅσα
1317 2547 1393 2603 ἂν
1416 2548 1577 2616 ποιῇ,
1612 2547 1901 2603 κατευδω-

315 2645 565 2711 θήσεται
598 2643 730 2715 (28).
770 2646 893 2712 Οὐχ
926 2644 1113 2709 οὕτως
1146 2646 1200 2695 ol
1230 2642 1487 2708 ἀσεϐεῖς,
1537 2645 1650 2711 οὺχ
1690 2642 1896 2708 οὕτως,

314 2740 454 2793 ἀλλ’
505 2738 646 2793 ὡσεὶ
692 2737 880 2807 χνοῦς
914 2738 1046 2801 (29),
1081 2736 1152 2789 ὃν
1180 2735 1440 2804 ἐκρίπτει
1472 2739 1504 2789 ό
1535 2736 1751 2805 ἄνεμος
1781 2735 1898 2789 ἀπὸ

2024 528 2173 586 ptum
2198 526 2282 573 est
2315 518 2368 571 in
2404 517 2681 573 lsraelitas
2708 562 2723 583 ,
2751 535 2861 589 quo
2906 520 3069 574 modo
3110 518 3473 589 baptismum,
3498 518 3582 588 qu“

2017 610 2177 664 adert
2203 619 2551 679 peccatorum
2586 612 2985 677 remissionem,
3014 628 3120 666 non
3149 619 3278 667 sunt
3300 612 3565 680 recepturi

2015 701 2108 755 sed
2169 701 2335 755 alium
2382 701 2485 755 sibi
2546 704 2811 771 paraturi.
2864 702 3005 759 Dicit
3056 704 3238 774 itaque
3290 703 3571 773 propheta:

2020 790 2308 859 Obstupeas
2350 792 2535 845 caelum
2556 833 2571 859 ,
2600 804 2647 847 et
2670 810 2824 863 super
2848 795 2945 847 Itoc
2979 795 3245 848 inborreat
3271 803 3432 856 terra,
3462 793 3581 863 quis

2012 884 2115 936 duo
2142 900 2333 954 magna
2362 896 2410 937 et
2435 886 2576 939 mala
2608 882 2729 951 fecit
2777 886 2998 955 populus
3044 888 3166 940 hic:
3192 903 3272 940 me
3296 886 3567 956 derelique-

2014 985 2137 1029 runt
2157 1018 2172 1041 ,
2206 976 2398 1045 fontem
2432 978 2601 1031 vivum
2629 1020 2642 1043 ,
2685 989 2735 1031 et
2764 979 3011 1047 foderunt
3050 978 3151 1031 sibi
3180 980 3427 1032 cisternas
3458 994 3579 1031 con-

2012 1068 2164 1120 tritas
2193 1068 2258 1121 ".
2307 1067 2561 1137 Nunquid
2593 1080 2740 1139 petra
2780 1071 2977 1124 sterilis
3025 1070 3310 1141 [aquarum
3358 1068 3575 1141 expers]

2010 1168 2087 1211 est
2116 1176 2261 1212 mons
2304 1170 2516 1213 sanctus
2542 1178 2684 1215 meus
2726 1159 2897 1216 Sion?
2924 1162 3093 1216 Erilis
3133 1164 3270 1216 enim
3301 1163 3435 1216 velut
3464 1163 3573 1216 avis

2008 1250 2144 1318 pulli
2189 1252 2456 1306 avolantes
2485 1293 2499 1317 ,
2542 1253 2667 1306 nido
2714 1253 2894 1307 ablato
2922 1256 2986 1309 ⁵ο.
3034 1254 3099 1309 Ει
3130 1271 3320 1309 rursus
3350 1256 3425 1309 ait
3450 1269 3575 1325 pro-

2009 1346 2169 1414 pheta
2201 1364 2217 1398 εκ
2242 1344 2354 1415 Ego
2386 1346 2472 1399 ibo
2523 1358 2646 1400 ante
2686 1357 2733 1400 te
2760 1390 2775 1413 ,
2806 1358 2853 1401 et
2890 1361 3089 1403 montes
3123 1349 3493 1418 complanabo,
3530 1359 3579 1404 et

2006 1447 2185 1506 portas
2212 1454 2375 1492 terens
2399 1449 2686 1506 conteram,
2709 1451 2757 1495 et
2782 1452 2944 1496 vectes
2982 1443 3177 1512 ferreos
3209 1444 3535 1514 confringam
3559 1461 3578 1505 ,-

2007 1538 2054 1581 α
2087 1529 2223 1583 dabo
2257 1530 2354 1583 tibi
2382 1530 2654 1586 thesauros
2678 1533 2933 1599 occultos,
2959 1534 3313 1598 absconditos,
3340 1535 3568 1589 invisibi-

2006 1622 2101 1689 les,
2130 1632 2188 1676 ut
2221 1624 2415 1688 sciant,
2446 1626 2570 1695 quia
2599 1642 2690 1695 ego
2722 1626 2980 1679 Dominus
3006 1626 3147 1680 Deus
3167 1627 3231 1681 “.
3266 1626 3330 1682 Et
3362 1647 3373 1680 :
3415 1626 3575 1681 Ilabi—

2006 1716 2138 1768 μύει
2168 1718 2223 1768 in
2246 1716 2454 1769 excelsa
2476 1717 2725 1786 spelunca
2756 1728 2918 1787 petra:
2961 1719 3268 1787 fortissima:
3289 1721 3352 1773 θ’.
3376 1718 3577 1775 Deinde

2005 1808 2134 1877 quid
2171 1808 2247 1862 ait
2294 1809 2361 1863 de
2391 1808 2571 1864 Filio?
2631 1810 2781 1879 Aqua
2829 1811 2979 1865 illius
3017 1813 3190 1881 ﬁdelis
3228 1810 3530 1883 [perennis]
3561 1831 3573 1865 :

2008 1917 2175 1970 regem
2206 1918 2322 1954 cum
2353 1901 2523 1971 gloria
2564 1901 2801 1955 videbitis
2823 1942 2837 1966 ,
2867 1911 2914 1955 et
2946 1906 3125 1958 anima
3152 1914 3323 1958 vestra
3353 1904 3576 1959 medita-

2006 1994 2147 2045 bitur
2181 1994 2422 2046 timorem
2449 1991 2663 2046 Domini
2688 1994 2753 2047 ⁸³.
2781 1993 2845 2047 Et
2870 1994 3066 2049 iterum
3096 1996 3148 2049 in
3179 1996 3286 2049 alio
3314 1995 3574 2066 propheta

2005 2085 2170 2139 dicit:
2202 2083 2359 2149 Erit,
2392 2086 2481 2155 qui
2505 2085 2615 2139 haec
2645 2085 2855 2154 fecerit,
2884 2095 3135 2157 tanquam
3175 2086 3374 2156 lignum
3396 2128 3410 2152 ,
3436 2088 3575 2156 quod

2003 2178 2301 2247 plantatum
2347 2186 2425 2231 est
2457 2194 2605 2231 secus
2650 2177 2902 2231 decursus
2960 2194 3251 2248 aquarum,
3279 2179 3417 2247 quod
3459 2179 3574 2247 fru-

2002 2280 2143 2325 ctum
2172 2287 2326 2323 suum
2358 2271 2505 2323 dabit
2530 2271 2582 2323 in
2612 2279 2840 2339 tempore
2862 2287 2991 2336 suo;
3022 2280 3069 2325 et
3115 2270 3301 2341 folium
3331 2272 3443 2341 ejus
3470 2288 3572 2326 non

2004 2364 2195 2432 deﬂuet
2217 2373 2264 2417 et
2289 2364 2467 2415 omnia
2488 2404 2503 2430 ,
2537 2379 2854 2433 quazcunque
2886 2364 3078 2433 faciet,
3107 2364 3568 2434 prosperabuntur.

2010 2456 2131 2509 Non
2157 2456 2233 2509 sic
2262 2456 2446 2533 impii,
2478 2472 2578 2509 non
2610 2456 2717 2519 sic;
2744 2460 2832 2509 sed
2881 2466 3133 2526 tanquam
3180 2457 3332 2526 palea
3354 2499 3367 2523 ,
3413 2474 3571 2527 quam

2010 2556 2185 2600 rentus
2215 2546 2449 2615 dispellit
2479 2564 2511 2600 a
2548 2547 2684 2615 facie
2716 2558 2884 2602 terra.
2938 2546 3066 2602 Ideo
3096 2565 3198 2602 non
3228 2549 3441 2604 stabunt
3467 2550 3569 2602 im-

1999 2640 2074 2709 pii
2101 2640 2149 2691 in
2167 2639 2394 2708 judicio,
2426 2656 2585 2709 neque
2609 2650 2901 2708 peccatores
2946 2639 3001 2692 in
3030 2639 3250 2693 concilio
3270 2640 3563 2709 justorum,‘

2000 2735 2247 2805 quoniam
2280 2734 2420 2789 novit
2445 2733 2697 2789 Dominus
2728 2734 2863 2788 uiam
2878 2733 3148 2803 justorum
3177 2742 3226 2786 et
3257 2734 3356 2787 iter
3380 2734 3569 2798 impio—

1639 2852 1818 2911 l'etus
1852 2850 2311 2926 interpretatio.

310 2965 573 3046 populum
591 2964 910 3046 indecorum
939 2965 1072 3037 (30),
1099 2981 1208 3046 quo
1234 2967 1404 3046 modo
1426 2968 1734 3046 unctionem
1769 2964 2068 3046 qu:_e_atlert
2085 2965 2457 3046 remissionem
2486 2974 2850 3046 peccatorum,
2879 2962 3296 3046 nonnreeipiant,
3324 2959 3427 3017 sed
3453 2956 3554 3046 sibi

311 3034 622 3119 instituant:
652 3034 788 3119 Dicit
812 3034 1245 3119 ergo'pi‘Oplteta:
1268 3036 1357 3091 Sic
1385 3038 1587 3119 [torruit
1612 3034 1795 3091 caelum
1820 3036 1951 3119 (3i),
1977 3034 2222 3119 etin/ioc
2242 3035 2529 3119 plurimum
2549 3037 2754 3119 expavit
2780 3034 3105 3116 terrm-Quia
3130 3034 3252 3086 duo.
3299 3072 3330 3119 ,Δ
3361 3073 3374 3086 .

3416 3030 3561 3083 mala

312 3104 439 3163 fecit
459 3106 679 3173 populus
708 3107 791 3159 hic
817 3123 835 3159 :
867 3104 946 3159 me
966 3104 1355 3166 dereliquerunt
1382 3107 1578 3172 fontem
1611 3124 1761 3173 aqua:
1788 3104 1925 3169 vitw,
1950 3114 1999 3159 et
2030 3104 2278 3173 foderunt
2306 3108 2409 3159 sibi
2432 3106 2580 3173 lacus
2604 3106 2844 3167 detritos,
2869 3107 2957 3172 qui
2988 3121 3087 3157 non
3116 3111 3331 3173 possunt
3368 3113 3561 3173 aqua!!!

309 3168 848 3251 portarellunquid
878 3180 1025 3240 petra
1052 3168 1413 3251 renuosal32)
1442 3182 1535 3235 est,
1570 3168 1715 3251 mons
1748 3168 1958 3251 sanctus
1991 3168 2134 3251 meus
2167 3170 2298 3226 Sina
2335 3173 2449 3241 (33)
2472 3174 2497 3225 ?
2531 3172 2700 3251 Eritis
2744 3168 3177 3251 enim'_tanquam
3207 3168 3562 3251 aliispusillis

321 3243 526 3297 ablatis
557 3243 693 3311 (34).
724 3242 792 3296 Et
814 3244 1008 3296 iterum
1039 3242 1170 3296 dicit
1194 3242 1401 3296 Isaias:
1447 3283 1459 3295 .

309 3327 361 3367 et
399 3331 544 3369 seras
568 3309 771 3381 ferreas
808 3314 1175 3382 confringam;
1203 3320 1249 3365 et
1288 3311 1540 3366 dabotibi
1584 3309 1855 3364 thesauros
1881 3309 2150 3365 obscuros.
2193 3352 2207 3382 .

1505 3281 1519 3293 .
1564 3240 1678 3311 Ego
1708 3240 2011 3311 antecedam
2043 3250 2110 3305 te,
2143 3252 2190 3295 et
2224 3237 2696 3311 montesa’quabo,
2722 3252 2770 3295 et
2816 3243 2952 3296 ostia
3001 3237 3138 3297 aErea
3176 3237 3558 3301 contribulabo,

2254 3351 2267 3365 .
2304 3314 2534 3373 invisos;
2567 3324 2622 3377 ut
2656 3316 2850 3374 sciant,
2878 3314 3002 3382 quia
3036 3330 3127 3382 ego
3153 3328 3268 3365 sum
3308 3311 3560 3382 Dominus

309 3384 482 3448 Deus,
512 3384 818 3437 inhabitans
849 3384 901 3436 in
929 3381 1192 3436 altissima
1216 3384 1463 3449 spelunca
1493 3382 1648 3450 fortis
1674 3392 1854 3450 petra’.
1897 3420 1934 3452 ._
1955 3420 1969 3434 .
1995 3421 2025 3452 Α.
2072 3421 2085 3434 .
2133 3421 2145 3434 .
2190 3381 2257 3452 Et
2286 3399 2421 3450 aqua
2452 3383 2597 3437 illius
2624 3383 2817 3452 ﬁdelis.
2842 3381 3031 3452 Regem
3053 3381 3171 3435 cum
3201 3381 3563 3452 magnitudine

309 3456 601 3518 videbitis;
628 3464 678 3507 et
719 3456 901 3508 anima
936 3463 1111 3523 vestra
1150 3449 1499 3505 meditabitur
1538 3449 1797 3504 timorem.
1839 3491 1852 3503 .
1896 3449 1961 3503 Et
1991 3450 2187 3504 iterum
2218 3450 2383 3506 David
2428 3453 2599 3507 dicit:
2625 3449 2785 3517 ‘Erit,
2809 3454 2899 3523 qui
2919 3449 3047 3507 'hzec
3098 3449 3557 3518 facere‘cozperit,

311 3537 573 3594 tanquam
622 3523 824 3594 lignum
858 3524 995 3594 quod
1039 3522 1339 3593 plantatum
1367 3532 1442 3578 est
1478 3522 1639 3592 juxta
1677 3530 1878 3574 tractus
1919 3537 2200 3590 aquarum,
2239 3523 2377 3592 quod
2408 3524 2638 3593 fructum
2684 3522 2839 3576 suurn
2882 3523 3029 3576 dabit
3066 3536 3292 3591 tempore
3332 3536 3461 3575 suo:
3497 3530 3545 3573 et

383 3648 427 3677 ’δ
456 3644 566 3700 Jer.
595 3663 654 3712 ιι,
685 3646 769 3708 12,
800 3646 884 3699 15.
962 3646 1004 3675 ⁶⁰
1035 3644 1159 3699 Isai.
1196 3661 1306 3709 xvi,
1362 3643 1413 3697 2.

1496 3645 1535 3673 ⁶¹
1572 3640 1695 3695 Isai.
1725 3656 1844 3704 va,
1870 3638 1999 3703 2,3.
2077 3640 2121 3670 “
2153 3637 2275 3694 lsai.
2310 3658 2501 3704 χχχιιι,
2542 3641 2623 3697 16.
2712 3640 2756 3671 ⁶³
2787 3639 2920 3693 lbid.
2951 3639 3130 3695 16-18.

1629 3751 1984 3808 VARIORUM
2032 3752 2260 3809 ΝΟΤᾹῙ.

384 3874 497 3947 (20)
539 3874 805 3947 ξὶσφέρον
834 3873 1046 3942 ἄφεσιν,
1084 3871 1222 3926 ΜΕΝ.
1600 3934 1642 3947 ,η
1746 3936 1756 3946 _

386 3935 500 4012 (21)
539 3935 663 3997 Non
690 3935 972 3997 necessum
1010 3935 1129 3998 esse
1163 3952 1295 4011 puto
1318 3984 1333 4009 ,
1365 3951 1423 3996 ut
1446 3954 1569 3995 cum
1600 3935 1895 4012 Yossio_et

305 4004 436 4069 Co't.
484 4004 822 4083 reponamus
875 4004 1333 4084 οἰκονομήσουσιξ
1396 4026 1521 4067 nam
1564 4006 1642 4077 τῷ
1688 4004 1893 4084 olitorio-

308 4090 439 4157 μεῖν
474 4076 785 4138 instituendi
817 4086 899 4139 vel
929 4076 1160 4153 faciendi
1182 4084 1263 4138 vis
1300 4084 1476 4161 inesse
1508 4076 1704 4161 potest,
1731 4076 1890 4128 ducta

304 4156 384 4211 ab
417 4155 660 4211 aediliciis
683 4156 1022 4223 metaphora.
1057 4154 1189 4207 Du.
1210 4184 1280 4194 -—
1302 4152 1553 4223 intelligit
1582 4148 1745 4223 Baro.
1774 4160 1894 4199 cre-

304 4172 384 4211 an
417 4172 660 4211 MIIICIIS
683 4172 1022 4223 metaphora.
1057 4172 1189 4207 ww.
1210 4184 1280 4194 ——
1303 4172 1553 4223 mtemgu
1586 4172 1676 4200 Dat
1692 4172 1745 4199 ιι.
1774 4172 1779 4194 ι

301 4230 406 4282 bra
439 4236 493 4280 et
514 4225 894 4294 superstitiosa
916 4216 1779 4294 Judaeorumibaptismata.“Men.

384 4298 499 4365 (22)
540 4287 618 4349 Ita
646 4296 682 4349 1,
720 4312 841 4349 cum
872 4294 1006 4348 LXX
1028 4287 1351 4365 ,Οοιηιτειιζ
1386 4291 1482 4347 Ms.
1517 4292 1677 4365 Styri;
1695 4287 1852 4340 male.

384 4358 503 4437 (23)
544 4366 629 4419 Al.
662 4358 1039 4436 ἀνιστάμενοι,
1068 4358 1852 4437 instabiles,depulsi._Sensus
1881 4374 1908 4409 :-

303 4432 401 4492 me
431 4432 992 4506 relinquenteseritis
1011 4478 1025 4500 ,
1058 4436 1201 4506 sicut
1238 4434 1371 4506 pulli
1398 4435 1525 4506 nido
1550 4432 1751 4506 ablato.

389 4508 507 4569 (24)
551 4504 759 4561 Sensus
786 4505 920 4559 :Per
963 4505 1278 4574 prophetam
1305 4504 1558 4558 Christus
1578 4504 1643 4556 de
1666 4514 1725 4553 se
1756 4513 1897 4550 nun-

301 4580 417 4634 tiat
446 4597 458 4631 :
490 4576 601 4646 Ego
626 4578 742 4643 fons
776 4580 920 4630 vivus
948 4578 1030 4646 (ut
1052 4577 1319 4646 supra)...
1350 4575 1509 4627 beabo
1535 4588 1642 4626 ros.

381 4591 417 4633 ιι
446 4597 458 4631 :
490 4591 601 4646 Ago
626 4591 742 4659 lous
776 4593 920 4658 vivus
948 4591 1030 4645 (ut
1062 4591 1170 4698 SIT

381 4649 501 4714 (25)
539 4648 761 4719 Γνωσῃ,
795 4664 941 4719 scias
963 4689 976 4711 ,
1008 4644 1093 4698 LX
1157 4685 1170 4699 .

384 4719 496 4789 (26)
542 4714 753 4789 Sensus
778 4737 791 4771 :
814 4718 1067 4789 Christus
1087 4726 1171 4772 est
1192 4731 1331 4786 aqua
1355 4714 1631 4784 perennis,
1656 4716 1709 4770 in
1734 4733 1895 4772 eaea--

302 4787 458 4847 mine
494 4789 695 4843 montis
732 4787 935 4842 fontem
969 4787 1197 4841 habens.

385 4860 498 4928 (27)
535 4859 744 4914 Sensus
779 4878 791 4911 :
829 4858 886 4911 in
928 4866 1249 4928 perpetuum
1283 4857 1453 4927 gratia
1486 4857 1688 4912 Christi
1736 4860 1893 4916 vobis

304 4931 519 4996 adluit;
553 4929 849 4998 aliquando
882 4943 1010 4982 vero
1059 4928 1311 4983 videbitis
1339 4943 1463 4981 cum
1497 4928 1550 4981 in
1587 4929 1890 4998 majestate,

304 5013 364 5057 et
388 5001 730 5057 replebimini
764 5000 1085 5053 reverentia.

381 5068 496 5141 (28)
537 5070 697 5125 Hisce
738 5070 921 5124 verbis
951 5068 1230 5123 Barnabas
1280 5072 1427 5134 larga
1480 5070 1620 5124 bona
1666 5071 1889 5137 indicat,

304 5159 435 5213 quae
466 5159 529 5197 ex
563 5143 837 5209 baptismo
861 5150 1101 5213 etc_r_uce
1134 5142 1291 5196 nobis
1314 5141 1554 5213 abluunt.
1630 5212 1633 5213 ν
1742 5160 1759 5213 Α·

380 5213 497 5283 (29)
533 5214 744 5277 Χνοῦς,
785 5211 928 5283 quod
960 5209 1155 5283 Noster
1198 5229 1319 5267 cum
1368 5210 1504 5265 LXX
1536 5210 1697 5283 legit;
1733 5211 1755 5263 1
1786 5212 1892 5283 (la-

304 5280 485 5351 nugo,
509 5285 566 5352 2)
598 5286 769 5337 tenuis
794 5280 982 5352 palea,
1014 5280 1215 5349 gluma.
1264 5284 1550 5337 Schleusn.
1600 5281 1662 5336 L.
1710 5282 1887 5346 Χοῦς,

306 5366 453 5407 terra
486 5370 687 5419 erruta,
723 5354 914 5423 pulvis.
954 5354 1112 5407 Voss.

375 5425 491 5491 (30)
526 5423 1211 5495 Judteorum.,0bservab_it
1236 5424 1425 5486 lector,
1450 5440 1638 5479 vocem
1676 5423 1889 5495 Ἰσραήλ

309 5497 513 5562 unique
547 5499 616 5549 ab
643 5498 943 5564 interprete
969 5495 1118 5549 reddi
1147 5493 1390 5547 Iudaeus.
1425 5495 1589 5548 FELL.
1753 5493 1760 5495 “

374 5566 491 5631 (51)
541 5565 765 5619 Horruit
798 5565 1007 5629 calum,
1040 5574 1144 5619 etc.
1174 5562 1336 5616 Juxta
1406 5563 1545 5617 LXX
1578 5564 1828 5631 εἙξέστη
1860 5566 1888 5617 ὁ

374 5580 491 5631 tat)
541 5580 765 5619 uorrurt
798 5580 1007 5629 cretum,
1040 5580 1144 5619 etc.
1174 5580 1336 5616 Juxra
1406 5580 1545 5617 ωιλ
1578 5581 1590 5615 :
1624 5580 1828 5634 ιςεστη
1860 5580 1882 5617 ο

305 5634 535 5707 αὀρανὺς
572 5639 661 5690 ἐπὶ
687 5636 862 5707 τούτῳ
884 5676 898 5699 ,
938 5638 1029 5689 καὶ
1061 5634 1275 5707 ἔφριξεν
1303 5636 1396 5687 ἐπὶ
1440 5636 1623 5707 πλεῖον
1638 5634 1882 5707 ’σφοδρση

310 5704 417 5760 Sed
451 5709 601 5761 deest
634 5710 664 5773 ἡ
692 5708 762 5775 γῆ
793 5726 803 5759 :
835 5704 980 5776 quod
1028 5704 1204 5760 tanien
1242 5707 1566 5761 vocabulum
1607 5704 1885 5758 Maldona-

2001 3874 2091 3919 tus
2138 3866 2280 3920 hunc
2325 3866 2503 3921 locum
2554 3882 2853 3934 exponens,
2900 3869 2949 3921 in
2998 3867 3323 3935 quibusdam
3370 3882 3558 3920 excurr-

2001 3936 2245 4005 plaribus
2272 3937 2498 4006 reperiri
2531 3944 2779 4006 testatur.
2814 3938 2955 3993 Man.

2068 4007 2180 4077 (32)
2228 4004 2490 4063 Ben'uosa.
2534 4004 2671 4059 Puto
2724 4009 3005 4077 legendum
3062 4007 3296 4060 ruinosa.
3327 4004 3561 4060 Msa.—

2000 4075 2324 4133 Oxoniensis
2385 4078 2559 4131 editor
2602 4075 2861 4132 habct’in
2907 4086 3160 4133 contextu
3207 4092 3471 4140 eremosa;
3505 4077 3558 4129 in

1999 4148 2151 4202 notis
2175 4163 2305 4203 vero
2355 4148 2644 4216 conjicitur
2697 4164 2961 4201 arenosa:
3002 4164 3156 4206 nam.
3208 4148 3402 4216 inquit,
3442 4146 3569 4203 loca.

1998 4233 2229 4274 arenosa
2255 4220 2308 4272 in
2343 4214 2535 4287 primis
2564 4218 2798 4284 deserta,
2825 4220 2906 4273 vel
2941 4218 3222 4272 renudosa.
3254 4214 3565 4285 Stephanus

2006 4289 2048 4341 te
2088 4288 2263 4342 Moine
2286 4288 2611 4357 conjiciebat
2642 4290 2867 4348 rimosa,
2900 4289 3002 4343 hoc
3042 4296 3146 4353 est,
3174 4302 3282 4356 prie
3313 4287 3560 4341 siccitate

2001 4359 2181 4413 hians.
2212 4358 2346 4413 Vide
2369 4375 2491 4427 qum
2517 4360 2731 4427 scripsit
2762 4375 2814 4427 p.
2840 4358 2966 4423 8|8,
2996 4358 3049 4411 in
3079 4357 3404 4411 Barnabam.
3431 4357 3560 4411 Cre-

1998 4428 2225 4482 diderim
2256 4430 2518 4497 scriptum
2544 4428 2712 4483 fuisse
2743 4430 2931 4489 eremi,
2973 4429 3132 4498 idque
3164 4444 3207 4498 ai
3232 4427 3559 4482 dormitante

2003 4500 2225 4552 librario
2252 4510 2605 4568 corruptum;
2646 4500 2889 4568 qualium
2935 4497 3380 4568 depravationum
3413 4498 3559 4551 nulls

2000 4578 2146 4623 certa
2178 4572 2317 4623 ratio
2344 4570 2638 4637 excogitari
2672 4579 2869 4638 potest.
2903 4571 3070 4623 CLsn.

2070 4640 2184 4707 (33)
2220 4638 2373 4694 Sina.
2455 4637 2705 4709 Oportuit
2742 4639 2869 4693 Sion
2904 4640 3102 4694 dicere.
3148 4637 3278 4692 Sina
3311 4653 3441 4706 ergo
3478 4647 3558 4693 est

1998 4719 2260 4775 erratum,
2296 4720 2391 4764 aut
2421 4711 2697 4765 ntemoriae
2734 4712 2787 4765 in
2824 4710 3096 4774 Barnaba,
3126 4720 3220 4762 aut
3254 4709 3476 4762 incuria:
3507 4709 3563 4762 in

1999 4780 2255 4835 librariis.
2284 4779 2383 4834 Vis
2414 4780 2559 4834 enim
2592 4782 2935 4844 crediderim,
2967 4782 3034 4833 ab
3077 4795 3142 4833 eo
3189 4787 3401 4833 montes
3432 4776 3564 4832 Sina

1998 4861 2052 4905 et
2080 4848 2209 4903 Sion
2238 4867 2336 4920 pro
2375 4865 2495 4903 un0'
2532 4852 2834 4920 eodemque
2876 4850 3047 4904 fuisse
3087 4851 3321 4905 habitos.
3361 4846 3437 4902 De
3475 4850 3562 4920 di-

2000 4919 2295 4975 stinctione
2347 4922 2543 4974 horum
2586 4919 2852 4975 montium
2895 4928 3073 4975 exstat
3108 4928 3373 4974 tractatus
3422 4919 3563 4972 auti—

1997 5007 2141 5061 quus
2173 4992 2313 5063 inter
2334 5006 2496 5063 opera
2532 4992 2805 5063 Cypriano
2830 4993 3132 5061 supposita.
3151 4990 3286 5063 Cor.
3309 5017 3377 5030 -—
3400 4987 3563 5063 Utro:

1997 5059 2161 5131 bique
2190 5060 2318 5115 Sion
2344 5059 2530 5117 Fellus
2553 5059 2812 5117 restituit.
2840 5059 3145 5131 Additque:
3178 5080 3195 5112 ι
3234 5060 3365 5115 Sion
3395 5059 3559 5112 scribi

1995 5130 2221 5187 oninino
2251 5134 2458 5187 debuit.
2487 5132 2590 5189 Sed
2635 5134 2805 5187 altera
2850 5130 3368 5201 lectio’interpretis
3421 5136 3561 5181 tem-

1994 5218 2125 5273 pore
2178 5204 2418 5259 obtinuit
2446 5222 2459 5258 :
2514 5204 2730 5259 interim
2762 5204 3095 5259 inveteratus
3133 5216 3287 5257 error
3318 5209 3563 5267 tempore

1993 5290 2100 5328 nam
2136 5275 2435 5331 invalescit.
2468 5295 2487 5327 ι

2064 5346 2177 5415 (54)
2211 5348 2345 5401 Aliis
2388 5346 2599 5417 pusillis
2627 5346 2839 5400 ablatis.
2879 5345 3035 5415 Apud
3064 5342 3245 5417 LXX;
3280 5341 3423 5417 "Eon
3452 5340 3562 5409 γὰρ

1993 5411 2333 5479 ὡς’πετεινοῦ
2349 5411 2722 5487 ἀνεπταμένου
2739 5411 2953 5479 νεοσσὺξ
2970 5413 3338 5488 ἀφῃρημένος.
3356 5411 3561 5537 Ex’oﬂuo

1994 5488 2151 5537 facile
2180 5492 2540 5537 emendantur
2565 5489 2722 5537 verba
2752 5498 2856 5537 vet.
2887 5489 3203 5537 interpretis
3229 5485 3333 5537 hoc
3364 5498 3414 5536 m
3491 5496 3557 5536 0:

1994 5488 2151 5542 facile
2180 5492 2540 5545 emendantur
2564 5485 2722 5543 verba
2752 5498 2856 5542 vet.
2887 5485 3203 5556 interpretis
3229 5485 3338 5556 hoc
3354 5485 3557 5556 modo:

1995 5557 2161 5630 _l'_.‘ritis
2190 5561 2331 5613 enim
2364 5572 2615 5630 tanquam
2646 5559 2789 5612 alitis
2833 5556 3012 5630 pullus
3038 5553 3283 5630 ablatus.
3311 5553 3561 5630 (Milia-7

1994 5628 2174 5682 Folius
2211 5632 2263 5683 in
2302 5624 2579 5693 conteittu,
2606 5630 2753 5683 alitis
2795 5624 3019 5697 pusillus
3050 5627 3263 5681 ablatis.
3296 5628 3379 5680 Al.
3414 5624 3559 5679 alitis

1993 5701 2172 5761 pusrlli
2208 5701 2393 5754 ablati.
