4040 6322
224 343 335 397 ’765

1458 333 1793 389 EPISTOLA
1834 324 2229 383 CATIIOLICA

3394 315 3498 370 766

496 455 634 513 XIII.
668 456 1020 514 Christianos,
1051 468 1154 505 non
1178 448 1419 510 Iudwos,
1448 446 1657 514 [tuleris
1690 444 1852 497 a'irtnt
1880 457 1993 495 esse
2014 444 2267 503 liceredes,
2290 438 2407 506 junt
2444 438 2497 489 in
2541 434 2601 489 V.
2634 434 2696 489 Τ.
2733 434 3105 488 annuntiatum
3132 439 3228 486 est.

310 570 453 624 Ἀλλ’
504 568 723 641 ἴδωμεν,
772 572 821 624 εἰ
865 567 1018 634 οὗτος
1060 572 1088 623 6
1133 569 1262 631 λαὸς
1303 562 1671 637 κληρονόμος,
1715 562 1747 631 ἦ
1789 562 1809 613 ἐ

1994 556 2097 611 Sed
2147 554 2450 619 videmnus,
2490 563 2672 608 utrum
2708 552 2797 607 hic
2830 551 3063 622 popqus
3094 551 3267 605 haeres
3307 546 3395 612 sit,
3429 562 3496 599 an

223 662 470 734 πρῶτος,
506 662 600 715 καὶ
639 662 686 714 εἰ
722 664 756 733 ἡ
785 662 1017 733 διαθήκη
1061 663 1139 724 εἰς
1176 660 1341 731 ἡμᾶς,
1376 654 1408 727 ἢ
1441 657 1520 718 εἰς
1552 653 1807 715 ἐκείνους·

235 756 535 809 Ἀκούσατε
587 754 682 808 νῦν
717 756 844 826 περὶ
886 755 980 808 τοῦ
1031 752 1183 816 λαοῦ,
1231 752 1283 803 τί
1332 749 1479 817 λέγει
1521 750 1553 817 ή
1598 747 1809 818 Γραφή.

234 847 446 900 Ἐδείτο
476 846 533 899 δὲ
580 846 767 899 Ἰσαὰκ
796 846 923 917 περὶ
976 844 1269 902 Ῥεϐέκκας
1289 841 1391 910 τῆς
1423 837 1682 907 γυναικὸς
1710 837 1809 889 αὑ-

218 938 343 1002 τοῦ,
392 938 475 990 ὅτι
514 939 702 1007 στεῖρα
728 931 829 1005 ἦν·
866 934 958 987 κα)⁸
990 930 1298 986 συνέλαϐεν.
1332 924 1463 980 Εἶτα
1504 926 1597 978 καὶ
1626 921 1811 993 ἐξῆλθε

230 1028 510 1084 Ῥεϐέκκα
553 1026 816 1081 πυθέσθαι
863 1024 1012 1095 παρὰ
1054 1025 1291 1093 Κυρίου,
1337 1021 1429 1073 καὶ
1461 1014 1579 1071 εἷπε
1610 1015 1813 1085 Κύριος

218 1121 367 1191 πρὸς
400 1120 571 1191 αἰπήν
595 1137 608 1150 ο
644 1120 758 1172 Δύο
785 1118 927 1185 ἔθνη
962 1116 1030 1169 ἐν
1062 1114 1135 1183 τῇ
1170 1114 1382 1184 γαστρί
1414 1127 1550 1173 σου,
1582 1109 1677 1162 καὶ
1704 1108 1811 1161 δύο

218 1210 369 1264 λαοὶ
396 1209 468 1262 ἐν
501 1207 576 1275 τῇ
609 1208 808 1274 κοιλίᾳ
846 1220 983 1267 σου,
1018 1205 1115 1258 καὶ
1148 1203 1299 1269 λαὸς
1330 1201 1482 1255 λαοῦ
1516 1197 1809 1265 ὑπερέξει,

218 1303 321 1355 καὶ
353 1306 385 1356 ὀ
399 1301 613 1371 μείζων
643 1300 964 1353 δουλεύσει
997 1295 1076 1360 τῷ
1103 1295 1415 1349 ἐλάσσονι.
1452 1289 1813 1344 Αίσθάνεσθαι

218 1392 507 1462 ὀφείλετε,
542 1392 626 1453 τίς
671 1392 700 1442 6
742 1386 945 1451 Ἰσαὰκ,
974 1388 1060 1450 τίς
1101 1389 1134 1457 ή
1169 1385 1450 1446 Ῥεϐέκκα,
1483 1385 1575 1435 καὶ
1606 1384 1696 1435 ἐπὶ
1728 1381 1811 1433 τί-

216 1501 333 1536 νων
378 1483 637 1551 δέδειχεν,
685 1482 765 1533 ὅτι
815 1478 1013 1550 μείζων
1052 1480 1081 1530 6
1120 1477 1246 1540 λαὸς
1292 1471 1476 1537 οὗτος,
1521 1474 1553 1545 ἢ
1588 1474 1807 1536 ἐκεῖνος.

218 1577 341 1629 Καὶ
375 1577 430 1628 δι
467 1574 602 1646 ἄλλῃ
636 1572 945 1643 προφητεία
976 1570 1121 1639 λέγει
1151 1566 1523 1639 φανερώτερον
1557 1567 1585 1618 6
1619 1563 1811 1617 Ἰακὼϐ

219 1670 369 1740 πρὸς
396 1668 487 1720 τὸν
519 1667 717 1737 Ἰωσὴφ
748 1665 838 1717 τὸν
875 1664 985 1716 υἱὸν
1008 1662 1192 1725 αὐτοῦ,
1224 1662 1396 1729 λέγων
1419 1677 1431 1689 ·
1485 1658 1658 1720 Ἰδοὺ,
1702 1660 1813 1711 οὐκ

217 1758 525 1827 ἐστέρηαέ
545 1775 622 1827 με
650 1758 869 1824 Κύριος
908 1755 1012 1809 τοῦ
1045 1752 1367 1823 προσώπου
1410 1768 1525 1805 σου
1544 1768 1556 1780 ·
1591 1748 1815 1818 προσά-

218 1850 372 1921 ⁴γπαγέ
396 1867 497 1919 μοι
530 1849 671 1913 τοὺς
702 1849 873 1913 υἱούς
906 1862 1042 1909 σου,
1086 1848 1185 1898 ἵνα
1217 1842 1531 1914 εὐλογήσω
1569 1842 1808 1906 αὐτούς.

1914 671 2044 709 vero
2090 655 2265 725 prior;
2303 662 2356 708 et
2405 659 2587 705 utrum
2645 658 3028 704 testamentum
3065 648 3129 700 ad
3174 662 3295 709 nos,
3328 660 3395 699 an
3431 644 3495 697 ad

1917 747 2039 799 illos
2074 746 2361 815 pertineat.
2411 743 2608 797 Audite
2650 756 2831 803 nunc,
2866 738 2996 807 quid
3031 736 3308 806 Scriptura
3353 736 3492 790 dicat

1914 840 1980 892 de
2013 838 2212 906 populo
2251 852 2265 888 :
2314 834 2518 889 Orabat
2571 833 2790 887 Isaacus
2845 830 3101 884 Rebeccae
3152 830 3339 883 uxoris
3385 844 3497 882 sua'

1914 948 2102 996 causa,
2137 930 2281 999 quod
2313 938 2456 983 esset
2497 927 2740 992 sterilis;
2781 935 2833 979 et
2869 924 2962 977 illa
3013 923 3262 991 concepit
3287 923 3366 973 '3:
3399 938 3499 989 po-

1914 1034 2031 1078 stea
2073 1040 2203 1077 vero
2244 1021 2487 1076 Rebecca
2540 1034 2758 1090 egressa
2807 1026 2891 1072 est
2944 1017 3009 1071 ad
3048 1013 3494 1083 interrogandum

1920 1114 2241 1178 Dominum,
2274 1123 2326 1167 et
2355 1112 2493 1167 dixit
2520 1111 2786 1165 Dominus
2824 1109 2890 1163 ad
2927 1109 3109 1161 illam:
3158 1105 3288 1159 Dua:
3320 1113 3495 1174 gentes

1914 1204 1969 1256 in
2015 1213 2162 1257 utero
2208 1213 2297 1257 tuo
2351 1214 2511 1268 sunt,
2570 1220 2632 1255 ac
2682 1201 2788 1253 duo
2833 1201 3013 1269 populi
3059 1200 3114 1250 in
3159 1206 3333 1250 ventre
3385 1204 3494 1260 tuo,

1916 1306 2072 1365 atque
2106 1313 2242 1348 unus
2293 1295 2516 1363 populus
2577 1294 2805 1346 alterunt
2853 1290 3157 1361 superabit,
3217 1299 3266 1343 et
3324 1288 3488 1356 majo~

1921 1386 2100 1460 [natu]
2139 1390 2320 1441 serviet
2353 1389 2543 1440 minori
2573 1387 2640 1440 "°.
2674 1385 2891 1439 Debetis
2925 1384 3245 1453 intelligere,
3271 1382 3396 1451 quis
3425 1382 3490 1438 si:

1914 1480 2157 1544 Isaacus,
2176 1496 2296 1549 quae
2320 1478 2588 1542 Rebecca,
2611 1488 2664 1532 et
2684 1479 2749 1531 de
2766 1479 3093 1547 quibusnam
3111 1475 3489 1534 declaraverit.

1914 1567 2061 1636 quod
2096 1568 2330 1635 populus
2364 1567 2450 1619 hic
2485 1566 2556 1618 sit
2589 1564 2789 1633 major,
2824 1578 2985 1632 quam
3032 1562 3140 1614 ille.
3188 1559 3253 1612 Et
3292 1561 3343 1613 in
3387 1561 3493 1613 alia

1912 1658 2199 1727 prophetia
2251 1656 2598 1711 manifemius
2653 1655 2898 1724 loquitur
2929 1652 3165 1706 Iacobus
3213 1652 3280 1705 ad
3321 1652 3493 1705 lilium

1916 1767 2077 1805 suum
2109 1749 2432 1820 Iosephum,
2469 1750 2657 1805 dicens
2687 1766 2699 1801 ;
2739 1749 2895 1813 Ecce,
2924 1747 3180 1800 Dominus
3229 1762 3331 1799 non
3379 1745 3492 1813 pri-

1914 1847 2049 1899 ruvit
2100 1862 2179 1899 me
2230 1846 2365 1914 facie
2413 1854 2549 1907 tua;
2599 1844 2772 1896 adduc
2836 1842 2967 1894 mihi
3023 1842 3163 1910 ﬁlios
3221 1849 3369 1901 tuos,
3434 1849 3492 1890 ut

217 1918 339 1996 Καλ
362 1918 706 2013 προσήγαγεν
725 1938 837 2011 [τὸν
858 1939 1121 2008 Μανασσῆ
1155 1936 1272 2008 καὶ]
1296 1936 1406 2005 (70)
1443 1934 1697 2005 Ἑφραῒμ,
1716 1933 1806 1985 τὸν

1912 1936 2213 1989 benedicam
2241 1937 2316 1987 eis
2345 1934 2412 1987 ⁸⁸.
2440 1933 2505 1985 Ει
2542 1932 2769 1987 adduxit
2798 1930 3113 2003 [Manassen
3146 1930 3221 2002 et]
3262 1928 3493 2000 Ephrai-

216 2031 498 2101 Μανασσῆ
546 2030 714 2084 θέλων
748 2031 836 2083 ἵνα
868 2028 1132 2100 εὐλογηθῇ
1162 2028 1296 2098 (7i),
1328 2028 1410 2080 ὅτι
1443 2025 1809 2097 πρεσϐύτερος

217 2122 283 2196 ἦν
311 2144 330 2155 ο
361 2128 391 2179 6
416 2124 523 2194 γὰρ
567 2124 765 2193 Ἰωσήφ
800 2123 1147 2193 προσήγαγεν
1183 2122 1262 2184 είς
1291 2120 1389 2190 τὴν
1434 2118 1610 2185 δεξιὰν
1655 2122 1809 2188 χεῖρα

215 2216 319 2269 τοῦ
355 2216 559 2287 πατρὸς
594 2212 805 2267 Ἰακώϐ.
833 2209 953 2266 Εἷδε
977 2213 1035 2265 δὲ
1067 2211 1259 2265 Ἰακὼϐ
1290 2211 1483 2274 τύπον,
1519 2210 1808 2281 πνεύματι,

215 2307 324 2360 τοῦ
371 2306 502 2359 λαοῦ
542 2305 635 2359 τοῦ
679 2304 901 2376 μεταξύ.
938 2302 1047 2356 Καὶ
1072 2301 1125 2355 τί
1158 2301 1345 2369 λέγει;
1380 2301 1491 2354 Καὶ
1526 2301 1813 2367 ἐποίησεν

228 2398 730 2461 Ἰακὼὸιὲγαλλὰε
751 2399 857 2463 τὰς
886 2393 1087 2464 χεῖρας
1107 2394 1312 2455 αὑτοῦ,
1334 2392 1431 2447 καὶ
1449 2394 1666 2459 έθηκεν
1692 2392 1812 2463 [τὴν

213 2488 430 2560 δεξιὰν]
460 2490 570 2559 (Ἱῖ)
590 2490 687 2541 ἐπὶ
714 2488 827 2555 τὴν
847 2485 1120 2555 κεφαλὴν
1148 2485 1391 2555 Ἑφραῒμ
1407 2484 1512 2538 τοῦ
1534 2483 1810 2551 δευτέρου

215 2581 325 2634 ναὶ
352 2580 663 2648 νεωτέρου,
685 2580 782 2633 καὶ
809 2579 1155 2647 ηὑλόγησεν
1183 2577 1388 2631 αὐτόν.
1410 2575 1519 2629 Καὶ
1538 2577 1665 2629 εἷπε
1691 2578 1808 2630 Ἰω-

216 2672 355 2741 σὴρ
374 2672 527 2740 πρὸς
559 2670 764 2726 Ἰακώϐ
775 2688 787 2700 ο
812 2669 1075 2736 Μετάθες
1094 2685 1209 2723 σου
1226 2669 1339 2735 τὴν
1356 2668 1562 2732 δεξιὰν
1579 2668 1674 2721 ἐπὶ
1698 2667 1814 2735 τὴν

218 2766 502 2837 κεφαλὴν
532 2762 858 2832 Μανασσῆ,
916 2762 1005 2816 ὅτι
1060 2762 1431 2831 πρωτότοκός
1475 2762 1593 2830 μού
1641 2762 1811 2814 ἐστιν

218 2860 373 2925 υἱός.
408 2857 522 2912 Καὶ
563 2858 732 2911 εἶπεν
770 2854 977 2911 Ἰακὼϐ
1014 2853 1164 2922 πρὸς
1199 2853 1456 2922 Ἰωσήφ·
1511 2853 1672 2917 Οἶδα,
1720 2852 1810 2907 τέ-

218 2967 394 3013 uror,
428 2949 593 3003 οἶδεν
628 2950 765 3003 ἀλλ’
811 2951 844 3002 ό
872 2947 1087 3017 μείζων
1127 2945 1443 3001 δουλεύσει
1494 2944 1574 3011 τῷ
1622 2944 1806 2999 ἐλάσ-

216 3058 383 3105 σονι,
422 3041 520 3094 καὶ
556 3041 732 3105 οὗτος
764 3038 833 3092 δὲ
864 3037 1362 3107 εὐλογηθήσεται.
1422 3038 1678 3103 Βλέπετε,
1714 3039 1807 3091 ἐπὶ

217 3130 382 3183 τίνων
419 3129 666 3193 τέθεικε,
699 3128 789 3182 τὸν
820 3128 946 3182 λαὸν
1001 3122 1140 3181 εἶναι
1187 3128 1374 3181 τοῦτον
1433 3129 1670 3201 πρῶτον,
1714 3132 1807 3184 καὶ

1913 2044 2095 2090 tuum,
2130 2028 2389 2098 cupiens,
2442 2037 2501 2081 ut
2533 2025 2814 2080 Manasses
2870 2024 3302 2087 benediceretur,
3363 2022 3490 2091 quia

1912 2130 2029 2175 erat
2063 2130 2192 2175 natu
2231 2120 2425 2189 major.
2482 2119 2665 2189 Itaque
2694 2118 2965 2189 Iosephus
3006 2118 3232 2172 adduxit
3257 2132 3380 2170 eum
3426 2116 3490 2168 ad

1914 2226 2138 2265 manum
2186 2210 2466 2264 dexteram
2522 2209 2693 2278 patris
2730 2208 2814 2263 sui
2871 2205 3084 2260 Jacobi.
3123 2204 3269 2259 Vidit
3308 2210 3489 2257 autem

1915 2300 2110 2368 spiritu
2155 2299 2393 2355 Iacobus
2460 2299 2692 2369 ﬁguram
2745 2298 2932 2368 populi
2984 2296 3219 2352 venturi.
3264 2294 3330 2349 Et
3361 2295 3490 2365 quid

1914 2405 2101 2451 narrat
2144 2396 2475 2466 Scriptura?
2510 2394 2578 2447 Et
2630 2394 2969 2447 commutavit
3018 2390 3249 2445 Iacobus
3302 2405 3490 2443 manus

1912 2506 2060 2557 suas,
2092 2500 2140 2544 et
2182 2488 2508 2561 [dexteram]
2558 2488 2735 2558 posuit
2785 2502 2940 2553 super
2982 2493 3139 2552 caput
3179 2482 3489 2549 Epln'aimi,

1912 2580 2130 2635 minoris
2170 2598 2231 2634 ac
2260 2582 2493 2650 junioris
2519 2621 2533 2644 ,
2568 2592 2619 2633 et
2668 2578 2931 2631 benedixit
2961 2576 3063 2630 illi.
3107 2576 3359 2645 Dixitque
3390 2572 3490 2627 Io-

1911 2672 2097 2741 sephus
2133 2673 2202 2725 ad
2228 2672 2485 2726 Iacobum
2518 2688 2536 2725 :
2578 2671 2833 2739 Transfer
2857 2671 3125 2722 dexteram
3162 2678 3306 2720 luant
3337 2682 3493 2733 super

1912 2774 2067 2834 caput
2102 2764 2369 2819 Manassis
2394 2806 2409 2831 ,
2448 2766 2572 2834 quin
2614 2764 2913 2833 primitivus
2957 2761 3103 2830 ﬁlius
3148 2776 3290 2812 meus
3326 2769 3401 2812 est
3420 2758 3487 2812 ⁸¹.

1913 2854 1981 2908 Et
2011 2857 2277 2925 respondit
2305 2855 2539 2909 Iacobus
2565 2854 2795 2925 Ioseplto
2831 2871 2849 2908 :
2895 2852 3039 2916 Scio,
3069 2850 3171 2920 ﬁli,
3215 2852 3356 2914 scio;
3399 2850 3490 2903 sed

1912 2947 2086 3015 major
2151 2948 2341 3002 serviet
2402 2948 2636 3012 minori;
2702 2948 3038 3001 benedicetur
3095 2954 3273 2997 autem
3328 2944 3489 2996 etiam

1909 3038 2000 3091 ille
2022 3038 2087 3092 ⁸³.
2119 3037 2382 3109 Aspicite,
2434 3039 2501 3093 de
2538 3038 2867 3109 quibusnam
2893 3038 3141 3101 voluerit,
3176 3051 3298 3092 esse
3344 3036 3490 3089 hunc.

1910 3131 2146 3199 primum
2184 3132 2449 3202 populum
2484 3140 2539 3187 et
2568 3131 2878 3186 testamenti
2934 3132 3221 3185 hmredem.
3266 3130 3323 3183 Si
3359 3144 3490 3197 ergo

217 3220 315 3291 τῆς
357 3221 627 3293 διαθήκης
662 3220 1025 3293 κληρονόμον.
1072 3221 1136 3272 Εἰ
1183 3216 1273 3273 οὖν
1322 3220 1404 3273 ἐτι
1450 3222 1544 3275 καὶ
1590 3222 1679 3275 διὰ
1710 3221 1803 3275 τοῦ

1914 3221 2095 3276 adhuc
2129 3231 2182 3277 et
2216 3238 2313 3293 per
2340 3223 2712 3297 Abrahamum
2757 3223 2989 3292 populus
3026 3222 3116 3277 ille
3155 3236 3490 3277 commemo-

228 3313 489 3386 Ἀϐραὰμ
528 3313 801 3384 ἐμνήσθη,
843 3312 1141 3382 ἀπείχομεν
1182 3311 1244 3364 τὸ
1283 3311 1485 3366 τέλειον
1534 3313 1633 3383 τῆς
1663 3313 1804 3382 γνώ-

219 3423 359 3470 suo;
412 3406 685 3477 ἡμῶν.’Τί
721 3402 814 3459 οὖν
842 3406 987 3474 λέγει
1036 3405 1113 3475 τῷ
1162 3403 1444 3474 Ἀϐραάμ;
1500 3405 1625 3457 Ὅτι
1679 3405 1804 3458 ἐπί-

216 3512 515 3564 στευσας,
552 3496 719 3565 ἐτέθη
748 3499 835 3563 εις
858 3495 1249 3563 δικαιοσύνην
1267 3511 1279 3523 ο
1318 3493 1445 3546 ἰδοὺ
1468 3494 1695 3547 τέθεικά
1728 3509 1802 3549 σε

1907 3321 2060 3368 ratus
2082 3324 2161 3368 cst
2185 3355 2199 3377 ,
2227 3323 2357 3369 tunc
2400 3316 2628 3371 scientia
2668 3323 2859 3371 nostra
2883 3316 2948 3369 ad
2979 3315 3365 3387 perfectionem
3407 3322 3491 3367 est

1911 3406 2153 3460 redacta.
2206 3404 2345 3471 Quid
2396 3406 2559 3476 igitur
2607 3407 2741 3462 dicit
2776 3407 2917 3462 Deus
2957 3408 3310 3463 Abrahamo?
3342 3405 3488 3472 Quo-

1910 3499 2054 3551 niam
2102 3498 2415 3561 credidisti,
2464 3498 2560 3551 tibi
2599 3499 2653 3551 in
2684 3499 2961 3568 justitiam
2996 3500 3098 3570 fuit
3142 3501 3487 3563 attributum;

1484 3610 1660 3671 Vetus
1693 3612 2165 3692 interpretatio.

220 3778 235 3793 .
279 3777 295 3792 .
345 3778 363 3792 .
410 3777 425 3792 .
474 3777 487 3792 .
535 3778 547 3789 .
592 3776 605 3788 .
651 3776 665 3790 .
711 3776 725 3790 .
770 3776 783 3789 .
831 3776 845 3790 .
892 3776 905 3788 .
950 3773 965 3787 .
1014 3774 1027 3788 .
1070 3732 1267 3788 Iterum
1306 3732 1437 3787 dicit
1487 3731 1696 3787 David:
1748 3734 1901 3788 Dixit
1936 3735 2197 3790 Dominus
2245 3736 2471 3791 Domino
2510 3751 2656 3789 meo:
2701 3735 2834 3792 Sede
2865 3738 2934 3790 ad
2974 3738 3243 3791 dexteram
3280 3754 3485 3802 meam,

216 3812 391 3865 donec
413 3825 605 3877 ponam
631 3807 872 3860 inimicos
900 3814 1020 3877 tuos
1053 3803 1147 3857 sub
1170 3802 1634 3877 pedibusjtuis._‘lj3t
1662 3804 1854 3858 iterum
1879 3806 2010 3860 dicit
2034 3805 2200 3861 Isaias
2230 3826 2241 3860 :
2275 3806 2363 3862 Sic
2390 3810 2517 3861 dicit
2547 3807 2802 3860 Dominus
2836 3808 3048 3863 Christo
3074 3825 3205 3872 meo,
3234 3825 3345 3860 meo
3372 3808 3485 3877 (75)

220 3874 477 3937 Domino.
515 3878 663 3945 cujus
696 3878 836 3949 tenui
871 3876 1144 3949 dexteram
1166 3889 1185 3927 :
1216 3874 1498 3927 exaudient
1532 3874 1684 3927 illum
1719 3886 1920 3949 gentes,
1945 3888 1992 3949 et
2035 3879 2281 3931 virtutem
2313 3894 2491 3949 regum
2537 3894 2896 3947 corrumpam.
2931 3877 3137 3944 Videte,
3169 3894 3280 3948 quo
3318 3874 3485 3932 modo

219 3951 384 4005 illum
419 3950 698 4019 propheta:
728 3946 1041 4012 Dominum,
1085 3984 1101 4000 .
1147 3984 1161 3999 .
1206 3983 1222 3999 .
1268 3984 1282 4000 .
1326 3959 1431 3997 non
1470 3952 1684 3997 tantum
1717 3945 1916 4017 Filium
1954 3947 2165 4001 dicunt.

289 4040 437 4096 XIII.
479 4039 800 4107 Quaeramus
830 4038 1022 4107 igitur,
1059 4036 1105 4090 si
1164 4037 1253 4091 hic
1295 4035 1535 4105 populus
1569 4035 1954 4107 litereditatem
1987 4038 2177 4106 capit,.
2222 4076 2239 4092 .
2281 4076 2294 4091 .

2341 4077 2356 4089 .
2394 4046 2444 4092 et
2477 4046 2862 4092 testamentum
2911 4040 2967 4094 in
3006 4039 3115 4094 illis
3143 4046 3247 4102 est,
3291 4046 3385 4091 aut
3416 4038 3470 4092 in

220 4114 411 4168 nobis.
450 4105 523 4165 De
562 4112 669 4165 hoc
720 4105 935 4173 audite;
980 4109 1062 4162 sic
1110 4107 1381 4179 scriptum
1421 4115 1504 4160 est
1543 4105 1655 4179 (76)
1693 4125 1705 4159 :
1739 4107 1979 4177 Rogabat
2005 4105 2163 4161 Isaac
2202 4124 2297 4176 pro
2329 4106 2557 4179 Rebecca
2603 4122 2767 4179 uxore
2807 4126 2927 4175 sua,
2962 4111 3089 4179 quia
3120 4109 3320 4164 sterilis
3346 4117 3484 4162 erat.

231 4182 326 4237 Et.
381 4223 394 4236 .
443 4222 457 4236 .
503 4221 517 4235 .
563 4221 577 4235 .
618 4179 848 4234 Rebecca
872 4178 1138 4247 quazrebat
1168 4193 1201 4229 a
1227 4175 1473 4240 Domino,
1506 4175 1636 4246 quid
1660 4175 1939 4247 portaret:
1975 4188 2023 4231 et
2058 4179 2194 4231 dixit
2237 4179 2318 4231 illi
2356 4178 2611 4231 Dominus
2645 4196 2666 4230 .·
2706 4177 2840 4233 Duaz
2872 4175 3103 4233 nationes
3133 4184 3187 4234 in
3226 4190 3373 4233 utero
3399 4190 3487 4232 tuo

223 4261 377 4317 sunt,
410 4263 459 4304 et
495 4252 600 4304 duo
626 4249 805 4320 populi
835 4264 899 4303 ex
928 4258 1077 4302 utero
1100 4258 1189 4300 tuo
1213 4259 1557 4320 nascentum“.
1591 4287 1620 4320 _.
1667 4287 1681 4302 .
1726 4287 1741 4302 .
1788 4288 1801 4301 .
1841 4260 1889 4303 et
1920 4248 2095 4317 major
2130 4252 2316 4320 serviet
2346 4250 2557 4302 minori.
2606 4247 2890 4319 Intelligite
2919 4270 2931 4305 :
2961 4252 3086 4319 quis
3124 4252 3194 4305 sit
3230 4251 3406 4313 Isaac,
3435 4258 3489 4303 et

225 4340 354 4395 qua
406 4318 647 4395 Rebecca
676 4329 800 4395 :‘et.
845 4358 859 4395 τ
901 4359 914 4372 .
961 4357 976 4371 .
1023 4358 1037 4372 .
1085 4359 1097 4372 .
1132 4319 1225 4395 qui
1261 4318 1491 4395 populus
1529 4318 1744 4383 minor,
1796 4328 1892 4373 aut
1942 4320 2140 4395 rn_a_jor.
2184 4318 2467 4395 Iterum._.
2511 4356 2527 4372 .
2695 4358 2709 4372 .
2760 4321 2896 4375 dicit
2926 4318 3097 4395 Iacob
3138 4320 3339 4395 Ioseph
3371 4320 3488 4395 tilio

226 4410 437 4449 800:.

484 4434 497 4446 .
542 4391 677 4445 Ecce
701 4389 958 4443 Dominus
998 4406 1098 4459 non
1124 4389 1399 4459 fraudavit
1415 4404 1495 4441 me
1520 4404 1584 4441 ex
1629 4404 1812 4458 genere
1838 4399 1929 4459 tuo
1961 4390 2077 4459 (75)
2101 4404 2119 4441 :
2150 4391 2343 4458 perduc
2372 4390 2439 4441 ad
2465 4406 2545 4442 me
2574 4390 2715 4457 ﬁlios
2745 4399 2861 4444 tuos
2888 4408 2907 4457 ;
2937 4403 2986 4446 et
3015 4390 3315 4445 benedicam
3342 4391 3484 4444 illos.

233 4465 303 4519 Et
337 4462 568 4517 adduxit
602 4462 894 4516 Manassen
942 4469 997 4513 et
1032 4458 1319 4528 Ephraim.
1360 4457 1562 4513 Volens
1606 4457 1789 4513 autem
1827 4457 2111 4514 Manassen
2153 4457 2400 4514 benedici
2440 4460 2567 4528 quia
2604 4460 2783 4528 major
2809 4474 2927 4517 erat
2958 4504 2972 4525 ,
3001 4464 3191 4516 statuit
3221 4462 3371 4515 illum
3412 4502 3425 4515 .
3472 4502 3484 4514 .

223 4536 295 4589 ad
338 4534 622 4588 dexteram
675 4531 847 4602 patris
887 4529 970 4584 sui
1014 4526 1202 4583 Iacob.
1239 4526 1383 4602 Vidit
1414 4536 1602 4602 autem
1637 4528 1808 4583 Iacob
1842 4531 1897 4583 in
1934 4530 2131 4602 spiritu
2176 4526 2647 4602 ligurampopuli,
2696 4526 2792 4602 qui
2843 4544 3030 4601 postea
3071 4533 3289 4587 futurus
3311 4543 3429 4586 erat
3471 4550 3484 4585 :

221 4616 298 4659 et.
348 4645 366 4659 .
410 4645 425 4658 .
458 4599 710 4657 convertit
735 4618 945 4664 manus,
984 4608 1033 4652 et
1075 4599 1352 4653 transtulit
1386 4601 1661 4653 dexteram
1693 4616 1850 4668 super
1876 4609 2034 4669 caput
2067 4600 2326 4669 Epitraim
2360 4601 2581 4652 minoris
2603 4615 2621 4661 ;
2646 4611 2693 4653 et

2737 4600 3000 4656 benedixit
3024 4604 3201 4658 illum.
3242 4602 3311 4655 Et
3348 4604 3486 4656 dixit

220 4674 426 4743 Ioseph
449 4676 589 4744 patri
621 4689 719 4744 suo
750 4687 768 4724 :
793 4670 1055 4744 Transfer
1092 4686 1306 4744 manum
1337 4679 1484 4744 tuam
1525 4669 1801 4744 dexteram
1827 4688 1985 4740 super
2024 4683 2181 4744 caput
2214 4670 2503 4744 Manassae,
2536 4670 2664 4744 quia
2706 4672 3007 4744 primitivus
3035 4675 3180 4744 [ilius
3207 4690 3351 4727 meus
3387 4684 3484 4728 est.

224 4745 295 4799 Et
344 4740 484 4827 dixit
526 4742 694 4797 Iacob
728 4758 745 4795 :
782 4740 926 4827 Scio,

221 4831 351 4871 esse
384 4830 644 4885 primum.
690 4854 703 4865 .

972 4742 1073 4809 ﬁli,
1117 4741 1227 4821 scio
1266 4755 1283 4791 :
1322 4741 1411 4821 sed
1437 4739 1609 4821 major
1640 4739 2095 4821 servietmminori;
2138 4742 2228 4821 sed
2261 4750 2309 4821 et
2347 4741 2431 4792 hic
2457 4740 2810 4795 benedicetur.
2852 4739 3045 4798 Videte
3065 4760 3227 4815 quem
3261 4745 3491 4799 voluerit

749 4852 764 4867 .
804 4854 816 4866 .
852 4808 1162 4866 testamenti
1194 4811 1484 4881 bazredem.
1518 4808 1609 4864 Sic
1634 4827 1763 4880 ergo
1795 4810 1906 4878 (76}
1936 4821 1990 4865 et
2018 4828 2101 4881 per
2134 4813 2414 4865 Abraham
2446 4822 2914 4870 commemoratus
2934 4824 3038 4881 est,
3068 4808 3332 4870 habemus
3358 4832 3488 4870 con-

223 4880 656 4967 summationem
690 4883 1191 4967 scientize.no'str:e.
1223 4880 1362 4967 Quid
1391 4881 1681 4967 ergodicit
1716 4880 2191 4967 Abraham,cumﬂ
2220 4881 2373 4963 solus
2420 4882 2851 4965 credidisselxet
2898 4880 3108 4956 positus
3154 4896 3301 4941 esset
3326 4887 3379 4939 in
3400 4885 3489 4954 jn-

223 4956 376 5011 stitia
409 4955 590 5010 ?Ecce
621 4955 774 5024 posui
796 4963 864 5019 te,
890 4952 1180 5015 Abraham,
1204 4961 1407 5021 patrem
1432 4952 1729 5018 nationum,
1758 4967 1876 5021 qua:
1899 4954 2117 5005 credunt
2144 4953 2373 5005 Domino
2397 4969 2503 5005 non
2527 4952 2875 5011 circuntcisw.

325 5076 372 5106 ⁷⁸
394 5074 528 5130 Gen.
558 5091 685 5136 xxv,
717 5075 808 5141 2|;
861 5073 959 5129 cfr.
992 5074 1151 5129 Rom.
1204 5092 1280 5141 ix,
1326 5074 1513 5129 10-12.
1590 5078 1634 5107 '9
1665 5076 1798 5131 Gen.
1846 5094 1972 5141 xxv,
2020 5078 2108 5132 23.
2187 5079 2232 5110 ⁸ο
2283 5078 2416 5133 Gen.
2465 5094 2652 5143 vam,
2679 5078 2733 5145 9,
2773 5076 2858 5130 II.
2935 5074 2976 5105 ⁸¹
3009 5075 3143 5128 Gen.
3180 5084 3367 5136 xum,
3398 5068 3482 5122 I8.

224 5146 267 5177 "
306 5144 444 5202 Gen.
475 5160 665 5212 vam,
694 5145 779 5200 19.

1533 5260 1902 5317 VARIORUM
1935 5260 2165 5316 ΝΟΤᾹΞ.

300 5368 413 5495 (‘73;
437 5370 611 5425 Verba
642 5370 797 5425 uncis
834 5370 1041 5426 inclusa
1074 5386 1149 5437 ex
1170 5370 1451 5440 interpret.
1486 5370 1605 5427 Lat.
1634 5373 1793 5428 resti-

300 5460 306 5492 ι
418 5458 507 5495 en.

227 5452 336 5495 tun
367 5452 507 5496 Men.

302 5514 413 5585 (Π)
453 5512 820 5585 Εὑλογηθῆναι
857 5512 984 5567 Dav.
1019 5512 1273 5585 benedici,
1308 5512 1427 5585 Vel.
1463 5514 1656 5585 interp.

303 5583 413 5654 ('72)
454 5582 528 5654 Ita
557 5600 627 5654 ex
651 5582 764 5636 νει.
792 5583 991 5652 interp.
1024 5584 1441 5654 restituendum.

307 5652 420 5723 (73)
448 5652 846 5716 Meo.,Alterum
884 5655 1140 5707 abundat.
1168 5652 1348 5707 Fellus
1372 5665 1550 5710 tamen
1587 5665 1796 5710 utrum-

230 5738 340 5791 que
365 5726 605 5779 retinuit.

309 5795 420 5863 (74)
445 5794 533 5850 Sic
564 5782 815 5864 scriptum
839 5804 929 5848 est.
960 5794 1141 5861 Forte,
1169 5796 1294 5863 quid
1317 5798 1569 5866 scriptum
1594 5808 1691 5853 est.
1720 5796 1793 5851 Ita

1902 5374 2033 5428 edit.
2069 5373 2246 5429 Oxon.

1976 5444 2088 5514 (75)
2132 5445 2216 5497 Ex
2256 5462 2436 5515 genere
2485 5456 2593 5498 tuo.
2637 5446 2730 5501 Gr.
2776 5456 3050 5516 conspectu
3074 5457 3188 5516 _tuo
3227 5459 3244 5496 :
3285 5442 3487 5496 rectius

1900 5515 2055 5585 juxta
2106 5514 2319 5570 sacram
2378 5516 2736 5585 Scripturam.
2771 5514 2908 5571 Men.
2951 5545 3020 5554 —
3072 5514 3187 5569 Vet.
3220 5515 3486 5581 interpres

1904 5584 2121 5657 Videtur
2155 5586 2349 5657 legisse
2378 5586 2579 5657 γένους.
2616 5584 2776 5657 Ρειι.

1979 5651 2723 5726 (76),.Sic'ergo.‘Menardus,
2758 5658 2819 5711 Si
2846 5657 2941 5709 hoc
2965 5672 3107 5726 ergo.
3140 5655 3224 5708 AI.
3259 5651 3317 5708 Si
3338 5670 3479 5721 ergo.

1908 5726 1995 5779 Sic.
2019 5738 2072 5779 et
2095 5725 2307 5790 Fellus;
2348 5726 2437 5794 qui
2476 5728 2637 5793 paulo
2664 5736 2785 5793 post
2819 5728 3058 5792 exhibet,
3103 5742 3479 5781 commentam-

1911 5807 2020 5847 tum
2052 5809 2153 5854 est.
2189 5797 2401 5865 vulgata
2438 5797 2665 5848 lectione
2695 5798 2908 5865 reiecta.
