4040 6322
232 291 339 343 769

225 407 322 467 οὖν
380 414 409 466 6
456 417 741 483 προφήτης
783 429 796 441 ·

227 502 495 558 ἐκάλεσά
539 519 613 558 σε
675 505 745 557 ἐν
789 503 1174 569 δικαιοσύνῃ,
1222 498 1319 553 καὶ
1357 500 1639 568 κρατὴσω
1694 498 1803 567 τῆς

226 597 429 665 χειρός
482 611 634 657 σου,
693 595 788 648 καὶ
848 595 1154 663 ἐνισχύσω
1196 611 1306 656 σε,
1357 594 1449 646 καὶ
1502 592 1692 646 ἔδωκά
1733 610 1805 645 σε

226 691 314 754 εις
376 687 671 754 διαθήκην
716 686 955 757 γένους,
996 689 1083 751 εἰς
1120 685 1247 756 φῶς
1309 683 1519 748 ἐθνῶν,
1572 684 1804 749 ἀνοῖξαι

227 778 574 848 ὀφθαλμοὺς
614 778 889 848 τυφλῶν,
941 779 1035 831 καὶ
1087 773 1419 848 ἐξαγαγεῖν
1459 778 1528 830 ἐκ
1569 775 1807 844 δεσμῶν

225 870 711 939 πεπεδημένους,
746 870 816 934 ἐξ
869 871 1038 924 οἷκου
1097 868 1376 940 φυλακῆς
1434 869 1807 938 καθημένους

192 963 295 1014 ’ἐν
338 963 542 1016 σκότει
578 962 710 1032 (87).
774 961 1074 1016 Γινώσκετε
1132 957 1246 1026 οὖν,
1300 961 1461 1015 πόθεν
1500 959 1808 1032 ἐλυτρώθη-

227 1071 349 1125 μεν,
390 1053 521 1124 (Καὶ
579 1053 740 1107 πάλιν
792 1055 820 1106 ὁ
862 1055 1148 1125 προφήτης
1200 1052 1347 1122 λέγει
1397 1052 1556 1119 (88)·
1631 1051 1803 1115 Ἰδοὺ,

225 1143 460 1197 τέθεικά
494 1159 566 1198 σε
598 1146 685 1209 εἰς
716 1143 842 1213 φῶς
881 1143 1091 1206 ἐθνῶν,
1127 1145 1234 1199 τοῦ
1272 1145 1425 1198 εἷναί
1463 1159 1536 1197 σε
1566 1145 1653 1208 εἰς
1690 1159 1806 1197 σω-

225 1238 441 1303 τηρίαν
464 1236 575 1303 ἕως
603 1235 866 1306 ἐσχάτου
901 1237 1010 1306 τῆς
1043 1236 1174 1308 γῆς,
1203 1237 1363 1308 λέγει
1389 1237 1603 1305 Κύριος
1636 1239 1668 1290 ό
1695 1240 1806 1290 λυ-

223 1328 606 1397 τρωσάμενος
637 1343 712 1381 σε
743 1326 885 1393 Θεός
912 1327 1041 1399 (89).
1061 1328 1087 1404 ).
1110 1327 1220 1380 Καὶ
1249 1326 1408 1381 πάλιν
1443 1329 1472 1380 ὀ
1523 1330 1809 1398 προφήτης

221 1421 398 1490 λέγει’
488 1422 730 1492 Πνεῦμα
798 1423 1020 1489 Κυρίου
1091 1421 1182 1474 ἐπ’
1258 1422 1400 1490 ἐμὲ,
1461 1420 1532 1473 οὗ
1603 1420 1810 1473 ἕνεκεν

223 1511 436 1580 ἐχρισέ
459 1529 554 1580 με,
586 1513 1084 1582 εὐαγγελίσασθαι
1102 1511 1400 1577 ταπεινοῖς
1424 1509 1627 1579 χάριν·
1662 1508 1808 1564 ἁπέ-

223 1605 458 1659 σταλκέ
492 1623 588 1675 με,
624 1604 910 1659 ἰάσασθαι
951 1604 1093 1670 τοὺς
1123 1604 1667 1673 συντετριμμένους
1699 1603 1812 1671 τὴν

223 1697 500 1766 καρδίαν,
545 1697 795 1765 κηρύξαι
843 1696 1239 1766 αἰχμαλώτοις
1287 1695 1524 1765 ἄφεσιν,
1573 1695 1670 1749 καὶ
1706 1713 1808 1750 τυ-

1425 281 1794 364 ⁴Ειηετοιλι
1829 284 2245 366 cuneum.

3380 282 3484 335 770

872 409 1019 481 Ἐγὼ
1084 409 1326 476 Κύριος,
1384 409 1414 459 ό
1452 409 1594 472 Θεός
1664 425 1800 467 σου,

1913 402 2049 457 Dicit
2100 404 2263 472 igitur
2312 403 2618 472 propheta:
2667 401 2774 472 Ego
2823 401 3100 462 Dominus,
3156 400 3291 453 Deus
3339 409 3482 464 tuus,

1906 498 2082 550 vocavi
2112 508 2158 549 te
2185 499 2238 549 in
2262 496 2501 564 justitia,
2535 505 2583 546 et
2620 494 2800 548 tenebo
2835 510 3052 546 manum
3083 502 3250 557 tuam,
3285 501 3336 547 et
3366 506 3485 543 cor-

1908 589 2162 643 roborabo
2195 600 2277 652 te;
2315 600 2362 642 el
2395 587 2517 640 dedi
2561 596 2608 639 te
2641 589 2694 639 in
2730 594 3097 639 testamentum
3141 599 3380 655 generis,
3429 583 3484 636 in

1907 682 2074 735 lucem
2106 683 2358 751 gentium,
2403 680 2472 732 ad
2515 679 2853 748 aperiendum
2893 677 3071 730 oculos
3115 690 3396 738 necarunt,
3433 686 3483 727 et

1906 769 1975 822 ad
2005 771 2328 824 educendum
2353 770 2415 822 de
2437 768 2663 823 vinculis
2701 768 2960 837 illigatos,
2987 768 3048 820 de
3069 769 3225 819 domo
3253 765 3480 818 carceris

1907 863 2141 917 sedentes
2175 864 2229 916 in
2265 863 2490 916 tenebris
2513 862 2582 915 ⁸⁸.
2630 862 2920 930 Aguoscite
2953 876 3104 930 ergo,
3135 861 3276 913 unde
3308 859 3477 913 simus

1909 955 2191 1025 redempti.
2229 953 2317 1026 (Et
2359 955 2553 1008 iterum
2587 953 2851 1022 propheta
2885 952 3057 1006 dicit:
3088 949 3221 1003 Ecce
3255 951 3406 1019 posui
3432 961 3477 1003 ιε

1908 1051 1960 1103 in
1984 1049 2150 1103 lucem
2176 1051 2432 1119 gentium,
2459 1059 2516 1102 ut
2533 1050 2606 1102 sis
2623 1048 2678 1101 in
2692 1045 2918 1102 salutem
2936 1062 3098 1118 usque
3111 1049 3478 1101 adextremum

1911 1153 2094 1208 terrm;
2120 1141 2281 1214 [haec]
2309 1143 2441 1195 dicit
2473 1141 2727 1195 Dominus
2748 1140 3062 1210 Redemptor
3089 1150 3208 1194 tuus
3232 1140 3322 1210 ⁸⁸.)
3342 1140 3483 1193 Rur-

1910 1253 2004 1290 sus
2062 1237 2321 1307 propheta
2379 1236 2513 1290 dicit
2558 1254 2572 1290 :
2618 1235 2850 1307 Spiritus
2901 1236 3116 1288 Domini
3169 1253 3324 1305 super
3382 1252 3482 1298 me,

1909 1341 2121 1398 propter
2141 1331 2279 1400 quod
2308 1330 2460 1382 unxit
2486 1345 2585 1393 me,
2610 1330 2969 1399 euangelizare
2991 1329 3308 1391 humilibus;
3339 1330 3484 1382 misit

1911 1437 2010 1485 me,
2057 1439 2248 1475 sanare
2291 1422 2547 1475 contritas
2588 1422 2774 1486 corde,
2814 1421 3106 1490 prtedicare
3139 1422 3358 1489 captivis
3399 1437 3485 1474 re-

1912 1516 2211 1568 missionem
2250 1524 2299 1568 et
2341 1515 2493 1568 cwcis
2536 1515 2725 1580 visum,
2769 1523 2816 1567 et
2858 1515 3104 1567 nuntiare
3141 1530 3339 1566 annum
3377 1513 3486 1565 Do-

1912 1598 2044 1659 mini
2090 1617 2358 1676 acceptum
2390 1649 2405 1672 ,
2452 1617 2500 1660 et
2551 1607 2690 1660 diem
2761 1606 3123 1660 retributionis
3163 1643 3180 1670 ,
3222 1605 3486 1659 consolari

1913 1715 2091 1752 omnes
2130 1699 2363 1768 lugentes
2396 1700 2460 1751 π.

223 1793 408 1862 φλοῖς
475 1792 832 1860 ἀνάϐλεψιν,
891 1791 987 1844 καὶ
1070 1790 1326 1845 καλέσαι
1373 1790 1652 1845 ἐνιαυτὸν
1701 1791 1923 1859 Κιιρίου
1967 1793 2076 1864 (90)
2129 1793 2361 1859 δεκτὸν,
2421 1795 2517 1849 καὶ
2578 1794 2806 1864 ἡμέραν
2851 1793 3322 1858 ἁνταποδόσεως,
3379 1810 3486 1845 πα-

217 1885 558 1954 ρακαλέσαι
596 1882 824 1950 πάντας
857 1882 998 1948 τοὺς
1023 1882 1391 1947 πενθοῦντος
1424 1882 1553 1955 (91).

827 1977 944 2033 XV.
981 1976 1268 2032 Sabbatum
1293 1975 1605 2033 Iudaeorum
1633 1994 1738 2031 non
1769 1986 1845 2031 est
1873 1988 2087 2036 verum;
2121 1973 2226 2028 Deo
2261 1984 2528 2044 acceptum
2548 1975 2855 2031 Sabbatum.

304 2088 425 2141 Ἔτι
449 2088 542 2139 καὶ
567 2087 693 2159 περὶ
713 2085 808 2140 τοῦ
824 2086 1104 2143 Σαϐϐάτου
1132 2090 1442 2160 γέγραπται
1461 2091 1517 2144 ὲν
1536 2091 1650 2153 τοῖς
1677 2089 1811 2144 δέκα

1983 2087 2178 2141 Adhuc
2211 2094 2263 2140 et
2305 2087 2372 2141 de
2400 2085 2640 2140 Sabban
2676 2086 2938 2155 scriptum
2984 2091 3067 2137 est
3113 2083 3166 2136 iu
3193 2081 3488 2153 [Dccalogo

224 2177 431 2246 λόγοις,
459 2180 516 2229 ὲν
545 2173 627 2241 οἷς
655 2178 917 2250 ἐλάλησεν
946 2180 1004 2232 ἐν
1034 2180 1112 2251 τῷ
1143 2181 1259 2251 ὄρει
1285 2181 1416 2234 Σινᾶ
1439 2181 1576 2250 πρὸς
1603 2180 1810 2250 Μωσῆν

226 2268 375 2322 κατὰ
406 2270 695 2339 πρόσωπον
716 2285 728 2298 ·
761 2269 871 2322 Καὶ
919 2269 1207 2340 ἁγιάσατε
1254 2269 1318 2322 τὸ
1360 2270 1663 2325 Σάϐϐατον
1692 2274 1810 2324 Κυ-

219 2363 368 2428 ρίου
418 2362 585 2429 χερσὶ
644 2361 930 2429 καθαραῖς
981 2362 1078 2415 καὶ
1134 2361 1345 2430 καρδίᾳ
1393 2361 1642 2430 καθαρᾷ.
1701 2363 1811 2416 Καὶ

225 2452 293 2506 ἐν
334 2451 504 2523 ἑτέρῳ
537 2451 683 2520 λέγει
703 2469 716 2482 °
761 2451 902 2505 Ἐὰν
961 2450 1318 2520 φυλάξωσιν
1349 2452 1406 2505 ol
1445 2452 1566 2506 υιοί
1591 2471 1710 2522 μου
1739 2453 1810 2507 τὰ

220 2543 523 2605 Σάϐϐατα,
552 2544 684 2596 τότε
714 2541 982 2609 ἐπιθήσω
1016 2541 1080 2595 τὸ
1109 2543 1280 2608 ἔλεός
1297 2560 1416 2612 μου
1437 2543 1529 2596 ἐπ’
1566 2546 1807 2611 αὐτούς.

224 2634 305 2687 Τὸ
337 2635 618 2690 Σάϐϐατον
652 2635 799 2705 λέγει
831 2637 887 2688 ὲν
917 2637 1058 2707 ἀρχῇ
1090 2635 1189 2705 τῆς
1222 2635 1484 2699 κτίσεως·
1506 2637 1615 2690 Καὶ
1647 2637 1811 2690 ἐποι-

224 2741 388 2793 ησεν
441 2730 475 2780 ό
518 2727 663 2793 Θεὸς
697 2728 766 2780 ὲν
796 2725 865 2791 ἐξ
893 2726 1140 2795 ἡμέραις
1179 2727 1250 2781 τὰ
1274 2727 1418 2796 ἔργα
1445 2727 1564 2781 τῶν
1599 2728 1836 2796 χειρῶν,

226 2816 444 2881 αὐτοῦ,
479 2818 574 2870 καὶ
602 2817 1005 2871 συνετέλεσεν
1042 2817 1113 2870 ἐν
1140 2815 1217 2886 τῇ
1248 2817 1435 2887 ἡμέρᾳ
1467 2817 1545 2887 τῇ
1569 2819 1808 2889 ἐϐδόμῃ,

225 2910 331 2964 καὶ
359 2909 743 2964 κατέπαυσεν
763 2910 832 2964 ἐν
859 2908 1034 2977 αὐτῇ,
1063 2909 1160 2963 καὶ
1191 2910 1447 2979 ἡγίασεν
1469 2909 1660 2977 αὑτήν
1677 2911 1808 2982 (92).

225 3000 563 3072 Προσέχετε,
594 3001 779 3065 τέκνα,
826 3001 878 3052 τί
923 3000 1068 3069 λέγει
1106 3001 1168 3053 τὸ
1195 3001 1600 3056 συνετέλεσεν
1638 3001 1707 3055 ἐν
1742 3001 1812 3067 ἐξ

1912 2178 2031 2250 εειι]
2066 2179 2250 2232 decem
2303 2178 2522 2241 verbis,
2570 2193 2691 2247 qua:
2732 2176 2998 2231 Dominus
3034 2175 3086 2226 in
3139 2184 3322 2226 monte
3354 2171 3485 2225 Sina

1909 2271 2129 2325 locutus
2169 2279 2253 2324 est
2303 2268 2370 2322 ad
2416 2268 2623 2333 Mosen,
2666 2284 2731 2323 os
2776 2269 2840 2322 ad
2893 2283 2994 2321 os:
3043 2265 3110 2318 Et
3156 2265 3487 2334 sancti/irate

1912 2359 2205 2416 Sabbatum
2235 2359 2453 2412 Domini
2483 2358 2726 2412 manibus
2760 2358 2969 2412 mundis
3007 2367 3055 2410 et
3089 2374 3220 2426 puro
3247 2355 3484 2410 corde“.

1912 2451 1978 2506 Et
2022 2451 2151 2506 alibi
2202 2450 2335 2507 dicit
2378 2471 2391 2505 :
2449 2448 2509 2505 Si
2560 2451 2903 2504 custodierint
2949 2451 3052 2520 ﬁlii
3095 2451 3195 2503 mei
3222 2449 3484 2516 Sabbata,

1912 2557 2036 2600 tunc
2059 2562 2253 2616 ponam
2285 2546 2700 2600 misericordiam
2732 2561 2899 2598 meam
2934 2561 3091 2614 super
3114 2544 3236 2597 illos
3257 2545 3323 2599 ".
3353 2543 3489 2599 Sal)-

1919 2639 2029 2694 bati
2083 2638 2328 2693 meminit
2375 2636 2704 2710 [Scriptura]
2747 2637 2800 2691 in
2841 2636 3109 2707 principio
3163 2636 3484 2690 creatiouis:

1919 2729 2172 2800 Fecitque
2201 2729 2340 2784 Deus
2374 2730 2428 2783 in
2452 2746 2544 2785 sex
2567 2730 2750 2784 diebus
2775 2741 2932 2799 opera
2958 2746 3208 2783 manuum
3242 2745 3484 2792 suarum,

1917 2830 1966 2874 et
1993 2819 2152 2873 desiit
2181 2819 2267 2872 die
2288 2819 2534 2888 septima,
2560 2828 2609 2873 et
2637 2836 2699 2874 ea
2730 2819 3003 2890 requievit,
3039 2828 3089 2873 et
3129 2820 3488 2888 sanctiﬁcavit

1916 2928 2032 2966 eam
2052 2911 2120 2966 ".
2155 2910 2452 2975 Advertite,
2483 2910 2598 2977 ﬁlii,
2633 2911 2764 2981 quid
2793 2911 2938 2966 dicat
2967 2929 2980 2965 :
3009 2910 3401 2966 Consummavit
3431 2913 3489 2966 in

1918 3019 2010 3057 sex
2051 3002 2254 3057 diebus.
2290 3001 2350 3057 Id
2382 3002 2504 3057 ait:
2547 3002 2732 3056 omnia
2777 3003 3184 3057 consummabit
3223 3001 3488 3059 Dominus

224 3090 503 3160 ἡμέραις.
522 3090 692 3144 Τοῦτο
713 3090 858 3159 λέγει
881 3091 963 3144 ὅτι
990 3091 1233 3145 συντελεῖ
1257 3091 1367 3163 (95)
1393 3093 1423 3144 ὁ
1451 3092 1584 3157 Θεὸς
1610 3093 1811 3166 Κύριος

1921 3093 2064 3151 Deus
2113 3095 2170 3150 in
2216 3109 2307 3150 εει
2353 3093 2593 3150 millibus
2638 3106 2943 3162 annorum;
2977 3109 3104 3148 nam
3154 3095 3296 3165 apud
3333 3095 3486 3150 illum

1490 3210 1672 3272 Vetus
1704 3213 2171 3292 interpretatio.

224 3338 578 3412 nouissimum
595 3349 770 3405 terrte,
791 3341 927 3412 sicut
948 3340 1083 3412 dicit
1104 3338 1381 3404 Dominus,
1404 3338 1494 3409 qui
1513 3349 1561 3393 te
1577 3339 1818 3394 liberavit
1843 3339 2034 3412 Deus”:
2065 3339 2248 3412 quiin
2270 3340 2380 3412 hoc,
2403 3350 2626 3412 paratus
2656 3349 2758 3406 est,
2784 3347 2842 3394 ut
2862 3340 3154 3412 adventum
3185 3338 3297 3408 (94)
3315 3340 3488 3409 ipsius

226 3408 539 3481 praecordia
565 3419 748 3464 nostra
769 3427 892 3479 quas
908 3411 1020 3480 jam
1039 3411 1322 3481 absumpta
1350 3408 1507 3464 erant
1531 3426 1561 3464 a
1596 3416 1774 3481 morte
1800 3418 1855 3464 et
1883 3408 2456 3481 tradita'iniquitati;
2481 3412 2739 3481 liberaret
2768 3426 2799 3465 a
2829 3409 3086 3476 tenebris,
3111 3418 3165 3481 et
3195 3408 3490 3466 testaretur

226 3481 279 3532 iu
319 3479 481 3532 nobis
505 3489 890 3534 testamentum
914 3479 1606 3551 ’servorumt95lsuorum.
1628 3479 1903 3549 Scriptum
1931 3488 2014 3551 est
2043 3481 2186 3535 enim
2209 3479 2491 3551 quomodo
2525 3481 2600 3535 illi
2629 3480 2790 3535 Pater
2821 3479 3268 3551 mandaverit,_ut
3295 3481 3489 3535 libera-

231 3559 315 3603 ret
352 3565 458 3622 nos
486 3565 532 3622 a
560 3551 822 3622 tenebris,
864 3559 918 3604 et
958 3558 1176 3622 pararet
1203 3549 1308 3605 sibi
1338 3550 1598 3618 pupulum
1627 3560 1902 3622 sanctum.
1933 3549 2077 3622 Dicit
2109 3549 2248 3620 ergo
2272 3551 2538 3620 propheta
2580 3552 2662 3606 sic
2689 3570 2702 3605 :
2733 3551 2844 3622 Ego
2876 3551 3128 3622 Dominus
3172 3549 3313 3622 Deus
3340 3561 3484 3616 tuus,

225 3620 418 3691 vocavi
443 3632 491 3674 te
517 3621 572 3672 in
603 3621 854 3691 aequitate
881 3637 900 3674 :
924 3619 1104 3675 tenebo
1128 3637 1339 3674 manu—vn
1369 3630 1518 3673 tuam
1549 3631 1598 3674 et
1630 3621 1822 3689 fortem
1846 3629 1893 3674 te
1917 3621 2115 3690 faciam
2143 3636 2162 3674 :
2181 3619 2306 3676 dedi
2336 3619 2389 3675 te
2408 3626 2461 3674 in
2488 3619 2850 3675 testimonium
2889 3621 3128 3691 gentibus
3166 3619 3315 3688 (96),
3360 3631 3407 3673 et
3433 3625 3487 3674 in

226 3690 416 3742 lumen
453 3689 760 3752 nationum;
788 3703 843 3746 ut
876 3693 1085 3761 aperias
1123 3692 1304 3744 oculos
1341 3706 1618 3761 cwcorum,
1666 3701 1712 3744 et
1746 3689 1940 3761 educas
1975 3693 2038 3745 de
2070 3692 2296 3746 vinculis
2320 3691 2592 3761 alligatos.
2637 3731 2651 3745 .
2696 3732 2708 3744 .
2755 3732 2768 3744 .
2815 3732 2828 3745 .
2873 3689 2902 3745 ,ἡ
2933 3689 3140 3746 Scitote
3166 3705 3319 3759 ergo,
3345 3693 3489 3745 unde

229 3761 454 3833 liberati
489 3777 700 3833 sumus.
733 3759 933 3816 lterum
971 3762 1236 3832 propheta
1267 3762 1400 3816 dicit
1425 3779 1448 3833 τί
1473 3759 1706 3833 Spiritus
1748 3760 1962 3833 Domini
2000 3778 2158 3832 super
2196 3779 2310 3826 me,
2342 3759 2556 3832 propter
2591 3761 2733 3833 quod
2761 3763 2917 3815 unxit
2940 3777 3055 3823 me;
3087 3761 3213 3833 bene
3242 3761 3488 3833 nuntiare

223 3831 538 3886 hominibus
581 3831 693 3900 (97)
737 3833 880 3904 misit
915 3831 1014 3895 me,
1051 3831 1662 3904 curareicontribulatos
1699 3831 1890 3900 corde,
1931 3831 2222 3901 pradicare
2269 3831 2490 3904 captivis
2531 3831 2911 3897 remissionem,
2970 3841 3020 3886 et
3065 3831 3218 3885 cacis
3277 3831 3484 3897 visum,

223 3912 274 3954 et
308 3917 508 3954 vocare
535 3917 732 3955 annum
767 3903 979 3956 Domini
1001 3902 1398 3972 acceptabilem.
1441 3942 1456 3956 .
1502 3941 1516 3956 .
1563 3941 1576 3954 .
1621 3941 1636 3957 .
1681 3943 1692 3955 .
1738 3942 1751 3956 .
1798 3942 1811 3954 .
1857 3941 1872 3958 .

303 3989 434 4045 XV.
465 3992 658 4075 Adhuc
687 3994 838 4075 etde
865 3993 1108 4075 sabbato
1138 3993 1400 4075 scriptum
1427 4000 1512 4074 est
1541 3991 1596 4045 in
1625 3989 1812 4075 decem
1849 3993 2052 4075 verbis,
2083 3993 2284 4065 quibus
2314 3992 2938 4075 locutuiestmonte
2970 3989 3100 4075 Sipa
3137 3992 3203 4047 ad
3240 3991 3484 4075 quseu,

390 4102 405 4114 .
517 4079 567 4134 ἐε
599 4063 941 4134 Sanctiﬁcate
971 4061 1264 4118 Sabbatuni
1290 4062 1781 4134 Dominimanibus
1806 4065 2039 4134 mundis,
2066 4061 2118 4119 εἱ
2145 4081 2277 4134 puro
2300 4066 2475 4121 corde.
2507 4063 2572 4120 Et
2614 4064 2774 4119 alibi
2805 4064 2969 4119 dicit:
3023 4063 3084 4118 Si
3133 4061 3485 4134 custodierint

236 4131 342 4206 lilii
371 4132 475 4206 mei
506 4131 817 4197 Sabbatum,
845 4143 966 4187 tunc
996 4134 1192 4203 faciam
1213 4133 1714 4206 misericordiamin
1743 4133 1872 4206 illis.
1901 4131 2200 4190 Sabbatum
2223 4136 2357 4190 dicit
2392 4137 2604 4190 initium
2636 4134 2748 4206 (98)
2775 4134 3179 4206 constitutionis
3202 4133 3328 4206 :_,Et
3359 4136 3486 4204 fecit

238 4202 389 4275 Deus
413 4202 500 4254 die
527 4212 672 4256 sexto
701 4219 862 4275 opera
879 4202 1002 4267 sua,
1020 4216 1075 4275 et
1093 4204 1474 4275 consummavit
1518 4203 1571 4256 in
1596 4203 1678 4275 die
1702 4204 1943 4273 septimo,
1976 4216 2026 4260 et
2064 4208 2314 4275 requievit
2343 4208 2398 4260 in
2420 4207 2514 4260 illo
2533 4202 2653 4270 die,
2682 4243 2697 4259 .
2720 4244 2734 4258 .

2769 4245 2782 4258 .
2820 4247 2832 4259 .
2888 4205 3182 4271 Attendite,
3207 4204 3323 4269 ﬁlii,
3351 4207 3485 4271 quid

229 4272 401 4352 dicit,
433 4275 814 4358 consummavit
929 4290 1020 4328 sea:
1041 4273 1174 4354 dies.
1203 4272 1318 4358 11ος
1339 4273 1643 4358 ἁίεἱι..ᾳιιὶιι
1679 4272 2079 4358 cpusummavit
2117 4272 2231 4358 (9g)
2257 4276 2399 4358 Deus
2418 4276 2603 4358 pmnia
2634 4277 2690 4358 in
2715 4291 2806 4331 sex
2837 4276 3010 4358 millia
3037 4289 3329 4358 annorum.
3360 4272 3484 4356 Dies

229 4344 393 4394 enim
425 4344 568 4424 apud
594 4344 768 4426 illum,
790 4344 938 4399 mille
955 4344 1086 4424 anni
1117 4353 1265 4399 sunt.
1282 4345 1420 4426 .Ipse
1442 4344 1578 4426 mihi
1603 4344 1756 4426 testis
1780 4360 1810 4398 e

229 4407 402 4465 Unde
423 4428 565 4467 scire
587 4414 819 4472 debetis.
851 4451 867 4466 .
896 4453 910 4468 .
940 4450 957 4467 .
987 4429 1115 4472 auia
1134 4452 1150 4468 .
1188 4451 1203 4468 .
1225 4453 1242 4469 .
1280 4429 1336 4469 ιιι
1366 4428 1459 4468 εει
1492 4413 1664 4470 multa
1687 4428 1811 4469 antu

1911 4344 2135 4401 diceusi
2165 4345 2299 4401 Ecce
2326 4346 2609 4402 hodiernus
2633 4347 2743 4400 dies
2770 4347 2869 4399 erit
2894 4354 3143 4416 tanquam
3167 4345 3311 4399 mille
3333 4346 3481 4399 anni.

1911 4430 1956 4469 m
1985 4419 2516 4472 consummabuntur
2539 4418 2744 4471 omnia.
2771 4415 2838 4472 Et
2875 4417 3004 4472 auid
3033 4415 3184 4472 dicit.
3210 4415 3484 4472 Reauievit

231 4431 402 4465 uuae
423 4431 565 4467 εειιέ
587 4431 819 4477 aeneus,
851 4451 867 4466 .
896 4453 910 4468 .
940 4450 957 4467 .
987 4431 1115 4484 quia
1134 4452 1150 4468 .
1188 4451 1203 4468 .
1225 4453 1242 4469 .
1280 4431 1336 4469 ιιι
1366 4431 1459 4468 εει
1492 4431 1664 4470 muua
1687 4431 1811 4469 aunt

228 4482 380 4564 Deus
409 4483 498 4564 die
523 4486 765 4564 oseptima
782 4483 941 4564 ?_Hoc
957 4494 1060 4551 est,
1097 4500 1222 4564 cum
1252 4483 1466 4564 venerit
1491 4482 1663 4564 Filius
1688 4484 1811 4539 illiu:

1911 4431 1956 4469 m
1985 4431 2516 4472 consummanuntur
2539 4431 2744 4471 omnia.
2771 4431 2838 4472 ut
2875 4431 3004 4487 quia
3033 4431 3184 4476 dicit,
3210 4431 3478 4486 uequtevn

1911 4493 1929 4540 t
1959 4487 2265 4564 amputabit
2298 4496 2511 4564 tempus
2538 4487 2872 4564 iniquitatis,
2895 4490 2951 4564 et_
2967 4485 3237 4564 iudicabit
3260 4487 3478 4564 impios,

226 4561 288 4630 et
317 4554 563 4630 mutabit
583 4555 775 4630 solem,
806 4555 991 4630 lunam
1015 4565 1068 4610 et
1087 4555 1316 4630 stellas;
1358 4563 1506 4630 tunc
1536 4556 1674 4609 bene
1709 4556 2016 4630 requiescet
2031 4554 2085 4630 iii
2113 4558 2201 4612 die
2227 4554 2479 4630 septima.
2521 4559 2603 4630 Ad
2620 4554 2900 4630 summam
2939 4558 3042 4611 hoc
3070 4557 3230 4630 dicit:
3265 4554 3482 4611 Sancti-

227 4623 427 4678 t'icabis
451 4622 606 4677 illum
628 4625 768 4678 diem
794 4626 1035 4680 manibus
1058 4626 1290 4693 mundis,
1307 4637 1356 4679 et
1380 4625 1535 4679 corde
1555 4641 1708 4695 puro.
1733 4622 1906 4691 Quem
1931 4625 2081 4697 (100)
2105 4643 2234 4700 ergo
2258 4622 2400 4684 diem
2431 4627 2792 4699 sanctiﬁcavit
2819 4627 2984 4692 Deus,
3005 4627 3130 4698 quis
3154 4636 3329 4696 potest
3357 4643 3486 4685 san-

300 4744 484 4800 ”lsa.
515 4759 646 4805 ιιιι,
680 4741 736 4808 6,
769 4741 821 4799 7.
897 4742 1068 4797 "lsa.
1127 4758 1297 4810 xux,
1333 4742 1386 4796 6.
1462 4737 1636 4796 "lsa.
1681 4756 1792 4809 ιιι,
1855 4742 1909 4800 1.
1939 4742 1993 4799 2.
2071 4745 2114 4778 ’ί
2138 4744 2311 4800 Exod.
2361 4760 2465 4810 xx,
2521 4743 2590 4811 8;
2643 4741 2800 4797 Deut.
2845 4741 3018 4810 ν,12.
3096 4740 3272 4796 "Jer.
3327 4757 3482 4806 xvu,

225 4818 326 4882 9-4,
358 4816 454 4871 25.
535 4814 583 4846 "
613 4812 751 4869 Gen.
786 4829 848 4880 ιι,
879 4817 934 4869 2.

1541 4902 1909 4963 VARIORUM
1945 4905 2176 4962 NOTAE.

306 5005 430 5075 (87)
467 5001 594 5058 ιίεεε
623 5017 719 5073 ρει·
746 5003 1070 5073 prephetam
1119 5000 1264 5058 Deus
1292 5000 1454 5056 Pater
1501 4999 1570 5056 ad
1591 4998 1810 5070 .Filium

249 5085 506 5146 oquilur.

302 5148 426 5227 (§§)
466 5144 583 5227 9ft.
617 5160 805 5227 supra,
836 5151 950 5227 n‘ot.
983 5143 1071 5200 81.
1093 5215 1108 5227 _
1136 5214 1236 5227 nm
1367 5215 1381 5227 _
1501 5213 1512 5225 θ

328 5212 425 5284 89)
466 5212 823 5272 lterum—haec
849 5212 1011 5270 Pater
1044 5215 1112 5270 ad
1136 5214 1335 5270 Filium
1367 5213 1628 5284 loquitur.

331 5285 429 5359 90)
467 5288 550 5359 at.
588 5285 797 5359 Kypitp.

330 5357 426 5428 91)
468 5358 593 5413 Haec
619 5357 792 5411 Filius
829 5357 1071 5428 loquitur
1103 5373 1200 5428 per
1229 5357 1572 5428 prophetam.

329 5423 426 5502 92')
466 5429 600 5485 Gen.
628 5441 687 5502 ιι,
712 5428 769 5494 ‘2,
796 5423 1296 5484 secundum'ﬂebr.
1330 5423 1438 5482 non
1466 5427 1618 5497 juxta
1646 5423 1809 5491 LXX,

222 5499 604 5576 quihabent;
631 5499 790 5576 ἕκτῃ.

308 5573 437 5696 (95)
467 5571 715 5626 Davisius
741 5567 1380 5653 ’ροειιιιιιιισυντελέσεμ
1427 5567 1608 5635 male;
1682 5581 1807 5623 nam

308 5660 403 5696 ws
439 5646 489 5696 εἰ
525 5652 610 5696 est
654 5642 896 5696 futurum
940 5651 1087 5696 atuc.
1121 5639 1322 5696 Buttm.
1367 5637 1608 5695 Gramm.
1657 5637 1686 5696 ἃ
1710 5636 1803 5696 86.

227 5636 610 5767 animatae“
654 5636 896 5697 futurum
940 5642 1087 5698 attic.
1121 5639 1322 5696 Buttm.
1367 5637 1608 5695 Gramm.
1657 5636 1803 5711 §86,

229 5737 289 5767 τι-
402 5757 418 5767 .
520 5754 533 5767 ο

229 5737 289 5774 ιι.
327 5716 418 5776 ll.
450 5716 533 5768 12.

1992 4999 2106 5072 (94)
2139 5001 2452 5072 ᾼάυειιιιιιιι.
2475 4998 2584 5072 Aut
2620 4997 2798 5068 suppl.
2835 5003 3067 5072 per,_au_t
3094 4993 3194 5064 leg.
3235 4993 3487 5046 adventu.

1994 5064 2106 5142 (95)
2139 5070 2441 5142 Serrorum.
2472 5071 2555 5124 Al.
2592 5064 2909 5122 senicbnuin.
2949 5064 3129 5120 Fellus
3166 5082 3179 5117 :
3217 5078 3427 5116 servoru
3442 5079 3488 5113 m

1922 5141 2138 5198 suarum
2159 5159 2248 5198 per
2273 5141 2502 5196 verbum.

2016 5212 2105 5279 96)
2147 5211 2419 5267 Gentibus.
2457 5212 2539 5265 Al.

2015 5273 2105 5337 9T)
2132 5282 2468 5337 Hominibus.
2487 5273 2885 5336 AL'bumilibus
2915 5279 3052 5333 nihil
3080 5284 3256 5331 mutat
3278 5273 3480 5329 Fellus.

1993 5288 2080 5353 (97
2132 5288 2468 5337 Hominibus.
2487 5288 2572 5336 Al.
2601 5288 2885 5334 humilibus
2915 5288 3052 5333 nihil
3080 5288 3256 5331 mutat
3278 5288 3480 5329 renus.

1990 5288 2105 5424 (98)
2145 5353 2491 5408 Initium.Al.
2528 5351 2930 5424 maluntinitio.
2965 5349 3055 5402 Sic
3087 5347 3253 5424 edidit
3279 5344 3480 5424 Fellus.

2145 5424 2564 5480 Consummavit.
2586 5419 2750 5477 Forte
2780 5418 3182 5475 consummabit.
3217 5418 3294 5470 lta
3351 5415 3483 5469 Felli

1917 5496 2360 5636 θὰᾘδὸκριιεηι.
2389 5565 2472 5620 Al.
2511 5562 2570 5619 Si
2607 5578 2758 5634 quem
2780 5605 2795 5631 ,
2820 5561 2976 5632 juxta
2999 5558 3268 5616 Graecum.
3301 5555 3483 5614 Fellus

1917 5638 2049 5692 nihil
2083 5638 2251 5694 addit.

2574 5210 2763 5280 gentis.
