4040 6322
245 260 357 317 775

1506 226 1843 309 ειὲιετοιΑ
1874 255 2284 312 cuneum.

3419 259 3522 314 774

241 372 295 424 oi.
346 369 686 439 ταλαίπωροι
721 368 812 419 ἐπὶ
844 367 933 419 τὸν
968 364 1129 436 δόμον
1171 365 1280 435 (19)
1311 363 1567 436 ἧλπισαν,
1605 367 1699 417 καὶ
1748 364 1836 416 οὐκ

1950 376 2132 422 rantes
2186 364 2397 428 miseri,
2449 380 2558 418 non
2621 380 2676 419 in
2719 366 2899 434 ipsum
2954 367 3147 434 Deum,
3201 369 3518 428 effectorem

244 464 339 516 ὲτιὶ
368 461 462 515 τὸν
504 460 642 512 Θεὸν
676 459 839 511 αὐτὸν
857 498 870 521 ,
898 458 991 510 τὸν
1035 458 1338 527 ποιήσαντα
1367 456 1584 518 αὐτοὺς,
1629 454 1741 508 ἀλλ’
1769 456 1843 519 ὼς

241 551 377 606 ὅντα
409 548 556 605 οἶκον
581 550 738 603 Θεοῦ.
764 549 956 619 Σχεδὸν
989 548 1117 621 γὰρ,
1146 550 1221 612 ὡς
1246 548 1313 602 τὰ
1345 548 1493 618 ἔθνη,
1526 548 1843 619 ἀφιέρωσαν

245 645 418 699 αὐτὸν
445 644 503 697 ὲν
527 643 605 713 τῷ
628 642 759 712 ναῷ.
803 640 959 695 Ἀλλὰ
986 641 1105 703 πῶς
1136 638 1283 709 λέγει
1308 640 1531 712 Κύριος,
1556 638 1845 711 καταργῶν

242 736 446 800 αὑτὸν,
499 734 731 805 μάθετε·
774 732 869 798 Τίς
916 731 1208 801 ἐμέτρησε
1257 732 1363 785 τὸν
1402 730 1663 799 οὐρανὸν
1703 745 1843 784 σπι-

246 827 432 896 θαμῇ,
448 827 545 880 καὶ
561 827 650 891 τίς
665 822 910 893 τὴνζγῆν
923 822 1118 891 δρακί;
1140 825 1259 876 Οὐκ
1272 822 1408 891 erit);
1425 823 1593 891 Λέγει
1611 824 1842 891 Κύριοςο

257 919 326 970 '0
351 918 607 986 οὐρανός
633 932 733 985 μοι
754 914 987 983 θρόνος,
1010 915 1047 981 ἡ
1067 912 1134 966 δὲ
1148 912 1226 983 γῆ
1248 914 1580 967 ὑποπόδιον
1602 912 1719 967 τῶν
1738 929 1846 965 πο-

244 1009 375 1063 δῶν
394 1027 541 1079 μου·
570 1008 747 1060 ποῖον
774 1007 942 1059 οἷκον
960 1004 1386 1075 οἰκοδομήσετέ
1411 1005 1520 1077 (9.0)
1540 1023 1662 1074 μοι,
1686 1005 1722 1073 ἣ
1752 1006 1845 1071 τίς

245 1103 439 1168 τόπος
464 1100 573 1169 τῆς
598 1099 1031 1165 καταπαύσεώς
1055 1114 1212 1168 μου;
1243 1097 1441 1159 Γνῶτε,
1474 1098 1553 1151 ὅτι
1580 1098 1781 1169 ματαία
1808 1099 1841 1168 ἠ

245 1194 408 1257 ἐλπὶς
439 1193 617 1264 alitth
653 1192 786 1263 (21).
822 1192 1002 1263 Πέρας
1031 1190 1160 1259 γοῦν
1195 1188 1553 1260 πάλινλέγειο
1589 1189 1763 1252 Ἰδοὺ,
1788 1192 1841 1242 οἱ

246 1290 613 1352 καθελόντες
658 1285 765 1338 τὸν
807 1290 957 1338 ναόν
994 1283 1211 1337 τοῦτον
1253 1282 1422 1337 αὐτοὶ
1463 1282 1649 1336 αὐτὸν
1683 1286 1841 1337 οἱκο-

242 1380 613 1452 δομήσουσι.
640 1378 851 1430 Γίνεται
873 1374 1005 1447 (Ἡ)⁸
1027 1374 1126 1427 Διὰ
1145 1375 1253 1446 γὰρ
1278 1375 1339 1427 τὸ
1365 1374 1618 1446 πολεμεῖν
1647 1377 1842 1440 αὐτοὺς

244 1471 534 1545 καθῃρέθη
588 1470 693 1522 ὑπὸ
744 1468 851 1520 τῶν
894 1468 1135 1539 ἐχθρῶν·
1166 1467 1261 1519 νῦν
1302 1468 1394 1521 καὶ
1438 1467 1590 1519 αὐτοὶ
1633 1469 1680 1520 οἱ
1732 1467 1841 1521 τῶν

242 1564 465 1636 ἐχθρῶν
493 1562 764 1634 ὑπηρέται
791 1561 1304 1631 ἁνοικοδομήσουσιν
1336 1561 1516 1613 αὐτόν.
1549 1561 1735 1624 Πάλιν,
1765 1561 1840 1624 ὡς

243 1656 487 1728 ἧμελλεν
512 1658 544 1726 ἡ
573 1654 728 1717 πόλις
759 1654 851 1706 καὶ
873 1655 901 1706 ὁ
930 1652 1056 1715 ναὸς
1086 1652 1181 1704 καὶ
1205 1653 1233 1705 ό
1261 1651 1384 1715 λαὸς
1420 1652 1635 1724 Ἰσραὴλ
1661 1669 1837 1724 παρα-

241 1746 509 1807 δίδοσθαι,
542 1743 880 1817 ἐφανερώθη.
915 1743 1079 1811 Λέγει
1103 1742 1211 1816 γὰρ
1236 1746 1267 1815 ἡ
1292 1744 1481 1815 Γραφή
1503 1761 1516 1773 ο
1544 1744 1650 1797 Καὶ
1670 1746 1840 1798 ἔσται

240 1837 342 1889 ἐπ’
385 1834 658 1904 ἐσχάτων
703 1831 951 1903 ἡμερῶν,
984 1832 1321 1900 παραδώσει
1353 1835 1566 1900 Κύριος
1594 1834 1665 1887 τὰ
1696 1835 1838 1901 πρό-

242 1931 399 1983 ϐατα
431 1928 540 1995 τῆς
567 1926 775 1995 νομῆς,
815 1926 913 1979 καὶ
952 1925 1066 1993 τὴν
1107 1925 1381 1994 μάνδραν
1431 1927 1660 1980 καὶτὸν
1694 1930 1839 1996 πόρε

240 2038 358 2090 γον
387 2019 583 2073 αὐτῶν
610 2023 697 2083 εὶς
727 2016 1106 2087 καταφθοράν
1127 2017 1260 2090 (25).
1289 2019 1397 2071 Καὶ
1424 2018 1635 2087 ἐγένετο
1656 2019 1776 2072 καθ’
1802 2019 1838 2072 ὃ.

241 2114 477 2185 ἐλάλησε
512 2113 731 2183 Κύριος.
770 2113 1101 2183 Ζητήσωμεν
1146 2107 1323 2173 οὗν,εἱ
1364 2110 1476 2163 ἔστι
1520 2111 1645 2174 ναὸς
1701 2111 1835 2164 Θεοῦ

239 2207 386 2277 (24).
417 2206 602 2258 Ἔστιν
623 2221 634 2233 ο
661 2205 792 2257 ὅπου
815 2202 977 2265 αὐτὸς
996 2202 1143 2270 λέγει
1167 2205 1337 2254 ποιεῖν
1353 2201 1446 2255 καὶ
1470 2201 1832 2271 καταρτίζειν.

238 2299 559 2368 Γέγραπται
587 2296 694 2367 γάρ
716 2314 727 2325 ·
778 2295 887 2348 Καὶ
925 2295 1095 2348 ἔσται
1119 2334 1132 2358 ,
1166 2293 1277 2363 τῆς
1317 2291 1640 2361 ἑϐδομάδος
1684 2311 1835 2347 συν-

237 2388 615 2458 τελουμένης
659 2385 1191 2455 οἰκοδομηθήσεται
1234 2385 1379 2450 radi;
1413 2384 1560 2439 Θεοῦ
1588 2384 1835 2451 ἔνδοξος

242 2482 365 2553 (‘25)
394 2482 489 2535 ἐπὶ
523 2480 600 2546 τῷ
633 2480 873 2548 ὀνόματι
912 2478 1154 2545 Κυρίου.
1198 2478 1449 2550 Εὑρίσκω
1475 2473 1587 2540 οὖν,
1614 2479 1693 2530 ὅτι
1720 2478 1834 2531 ἔστι

237 2576 395 2637 ναός.
432 2573 556 2635 Πῶς
597 2568 687 2626 οὖν
723 2569 1207 2643 οἰκοδομηθήσεται
1238 2571 1294 2621 ἐν
1329 2569 1552 2639 ὀνόματι
1586 2570 1830 2642 Κυρίου;

242 2666 456 2739 μάθετε
483 2665 614 2735 (9.6).
641 2663 754 2735 Πρὸ
796 2662 892 2715 τοῦ
939 2663 1085 2733 ἡμᾶς
1138 2661 1426 2714 πιστεῦσαι
1463 2661 1541 2731 τῷ
1582 2661 1735 2732 Θεῷ,
1765 2658 1833 2733 ἦν

238 2759 407 2832 ἡμῶν
454 2758 517 2810 τὸ
569 2756 987 2825 κατοικητήριον
1046 2754 1146 2823 τῆς
1186 2752 1411 2824 καρδίας
1458 2753 1691 2824 φθαρτὸν
1742 2756 1834 2808 καί

237 2850 509 2912 ἀσθενὲς,
560 2849 636 2911 ὡς
679 2846 896 2918 ἀληθῶς
944 2845 1296 2916 οίκοδομητὸς
1344 2846 1469 2910 ναὸς
1500 2846 1587 2899 διὰ
1622 2848 1826 2919 χειρός·

234 2945 330 2996 ὅτι
381 2938 449 3012 ἢν
498 2940 711 3011 πλήρης
760 2941 858 3011 μὲν
899 2938 1343 3009 είδωλολατρείας
1383 2939 1530 3010 (27),
1580 2939 1720 3012 [καὶ]
1762 2936 1831 3013 ἦν

1924 474 2161 521 eorum,
2190 473 2342 527 spem
2372 456 2703 523 habuerunt,
2723 459 2815 513 sed
2840 460 2893 513 in
2926 461 3118 527 aedem,
3142 464 3297 532 quasi
3324 466 3522 522 domus

1949 548 2040 602 Dei
2075 558 2240 603 esset.
2283 546 2416 601 Nam
2444 547 2557 602 fere
2588 549 2763 603 instar
2785 553 3025 621 gentium
3062 553 3218 608 illum
3243 556 3294 609 in
3321 560 3523 629 templo

1947 641 2187 697 venerati
2237 651 2387 696 sunt.
2441 640 2546 697 Sed
2600 644 2878 714 quomodo
2923 645 3186 703 Dominus
3233 650 3518 720 loquatur,

1947 733 2317 803 templumque
2362 734 2578 788 irritum
2632 737 2830 803 faciat,
2885 737 3343 798 animadvertite:
3387 742 3520 809 Quis

1945 841 2152 877 mensus
2190 837 2265 879 est
2304 825 2489 878 cmlum
2519 827 2807 895 spithama,
2841 839 2888 882 et
2915 832 3032 900 quis
3070 843 3264 887 terram
3299 836 3523 905 palma?

1946 913 2137 971 Nonne
2166 919 2354 986 ego"?
2389 917 2533 973 Dicit
2568 920 2868 975 Dominus:
2904 921 3102 977 Caelum
3133 926 3259 978 mihi
3304 928 3519 982 thronus

1942 1016 2041 1071 est,
2073 1016 2214 1060 terra
2245 1018 2419 1061 autem
2470 1011 2760 1064 scabellum
2809 1013 2997 1081 pedum
3035 1030 3291 1070 meorum.
3346 1016 3519 1081 Quam

1945 1103 2075 1156 mihi
2115 1105 2328 1157 domum
2371 1107 2738 1176 wdiﬁcabitis,
2773 1119 2867 1161 aut
2912 1110 3028 1179 quis
3082 1109 3227 1163 locus
3275 1112 3519 1181 requietis

1942 1212 2070 1249 mea:
2086 1197 2172 1249 ’3?
2196 1195 2546 1267 Cognoscite,
2584 1201 2729 1269 quod
2757 1217 2892 1254 vana
2919 1213 3001 1256 est
3032 1219 3155 1272 spes
3187 1203 3423 1256 illorum.
3455 1201 3522 1258 Et

1943 1289 2158 1342 tandem
2187 1306 2379 1345 rursus
2413 1291 2489 1344 ait
2516 1310 2529 1345 :
2565 1291 2719 1353 Ecce,
2748 1294 2837 1362 qui
2867 1294 3243 1347 destruxerunt
3271 1293 3519 1362 templum

1940 1376 2069 1445 hoc,
2122 1380 2225 1448 ipsi
2270 1381 2406 1434 illud
2450 1384 2877 1453 cediﬁcabunt”.
2934 1386 3097 1456 quue
3141 1388 3337 1441 evenit.
3380 1386 3516 1442 Natr-

1940 1471 2068 1539 quia
2108 1471 2311 1527 bellum
2345 1485 2653 1545 gesserunt,
2689 1478 2756 1530 ab
2783 1478 3032 1533 hostibus
3062 1478 3404 1533 destructum
3436 1490 3514 1534 est

1944 1564 2244 1647 templum;
2277 1584 2424 1623 nunc
2454 1578 2505 1623 et
2531 1570 2631 1639 ipsi
2660 1571 2897 1626 hostium
2930 1572 3167 1626 ministri
3190 1574 3517 1628 remdilicant

1943 1654 2096 1710 illud.
2136 1656 2359 1725 lterum,
2393 1648 2535 1731 quod
2573 1662 2835 1716 tradenda
2865 1673 3010 1718 esset
3035 1666 3228 1720 civitas
3256 1681 3366 1720 una
3392 1681 3516 1722 cum

1872 1731 1914 1785 Β
1948 1747 2147 1817 templo
2175 1758 2228 1803 ct
2260 1766 2382 1805 cum
2423 1751 2967 1821 populo'lsraelitico
2989 1795 3001 1817 ,
3033 1764 3116 1810 est
3158 1756 3514 1811 declaratum.

1942 1838 2031 1892 Ait
2054 1840 2255 1911 quippe
2288 1840 2566 1912 Scriptura
2595 1862 2607 1897 :
2641 1842 2708 1898 Et
2756 1848 2856 1898 erit
2886 1847 2939 1898 in
2974 1848 3269 1902 novissimis
3310 1849 3510 1911 diebus,

1943 1933 2114 1986 tradet
2146 1934 2403 1989 Dominus
2436 1952 2550 1989 ores
2581 1938 2766 2005 pascui
2795 1947 2843 1990 et
2872 1940 3002 1993 ovile
3028 1949 3075 1993 et
3108 1940 3296 1993 turrim
3335 1957 3514 1994 eorum

1940 2022 1991 2074 in
2021 2025 2264 2079 exitium.
2307 2027 2484 2094 Atque
2513 2027 2761 2097 contigit,
2795 2029 3258 2097 quemadmodum
3293 2030 3514 2085 locutus

1939 2124 2023 2169 est
2061 2115 2344 2171 Dominus.
2373 2115 2695 2183 Quaeramus
2742 2119 2947 2188 itaque,
2980 2137 3045 2174 an
3078 2131 3253 2176 exstet
3286 2121 3514 2199 [adhuc]

1939 2208 2199 2274 templum
2245 2208 2361 2263 Dei.
2403 2208 2660 2275 Exsistit,
2702 2211 2791 2264 ubi
2836 2212 3065 2281 ipsemet
3091 2229 3149 2267 se
3177 2214 3307 2267 illud
3339 2215 3517 2269 facere

1938 2316 2002 2355 ac
2039 2299 2299 2368 perlicere
2341 2308 2595 2354 testatur.
2629 2301 2900 2370 Scriptum
2948 2304 3093 2356 enim
3120 2313 3242 2357 est:
3279 2303 3349 2356 Et
3391 2306 3513 2371 erit,

1937 2392 2267 2446 heddomada
2296 2392 2575 2462 completa,
2609 2392 2969 2461 wdiﬁcabitur
2991 2396 3334 2467 magniﬁcum
3386 2408 3517 2452 tem-

1936 2485 2079 2556 plum
2104 2485 2222 2551 Dei,
2249 2486 2302 2538 in
2328 2486 2535 2538 nomine
2561 2484 2774 2538 Domini
2798 2484 2886 2541 ‘°°.
2912 2484 3134 2541 Invenio
3160 2489 3343 2559 igitur,
3368 2492 3514 2561 quod

1937 2579 2195 2647 templum
2226 2577 2458 2631 exsistit.
2493 2576 2609 2642 Qua
2642 2576 2855 2630 ratione
2895 2593 3024 2648 ergo
3060 2580 3423 2636 aedilicabitur
3458 2583 3513 2636 in

1935 2670 2158 2723 nomine
2184 2667 2417 2733 Domini,
2438 2668 2651 2722 discite.
2672 2667 2979 2736 Antequam
3006 2667 3115 2723 Deo
3144 2672 3512 2736 crederemus,

1935 2767 2051 2815 erat
2075 2761 2257 2815 cordis
2284 2759 2454 2815 nostri
2482 2759 2823 2813 domicilium
2854 2760 3189 2830 corruptioni
3213 2762 3511 2817 obnoxium

1933 2860 1988 2906 et
2036 2850 2339 2913 imbecille,
2374 2850 2443 2904 ad
2499 2850 2725 2905 modum
2779 2852 2970 2921 templi
2999 2868 3125 2907 vere
3167 2868 3263 2923 per
3314 2871 3512 2908 manus

1933 2944 2226 3007 :ediﬁcati;
2272 2942 2491 3011 plenum
2546 2943 2815 3012 siquidem
2860 2952 2977 2998 erat
3024 2943 3299 2999 idolorum
3336 2946 3510 3013 cultu,

233 3031 396 3097 οἶκος
427 3032 717 3104 δαιμονίων
739 3070 753 3095 ,
792 3030 884 3083 διὰ
916 3031 977 3083 τὸ
1021 3033 1230 3095 ποιεῖν,
1270 3032 1369 3103 {ica
1410 3027 1478 3100 ἦν
1503 3032 1717 3084 ἐναντία
1751 3031 1829 3103 τῷ

1935 3045 1987 3091 et
2011 3044 2128 3091 erat
2154 3035 2351 3089 domus
2371 3034 2704 3098 daemonum,
2727 3036 2854 3104 quia
2890 3036 3143 3104 fecimus,
3170 3053 3512 3108 quaecunque

234 3127 386 3199 Θεῷ.
431 3124 926 3196 Οίκοδομηθήσεται
973 3123 1029 3176 δὲ
1076 3125 1168 3176 ἐπὶ
1210 3122 1288 3194 τῷ
1332 3124 1556 3195 ὀνόματι
1584 3126 1826 3197 Κυρίου,

233 3220 568 3292 προσέχετε,
593 3218 678 3270 ἴνα
707 3220 735 3270 ὁ
760 3217 885 3280 ναὸς
914 3217 1120 3286 Κυρίου
1149 3214 1374 3281 ἐνδόξως
1397 3217 1509 3289 (28)
1536 3218 1830 3290 οἰκοδομη-

234 3311 336 3382 Of).
369 3308 526 3373 Πῶςς
564 3308 778 3379 μάθετε.
834 3306 1101 3370 Λαϐόντες
1150 3307 1238 3378 τὴν
1277 3306 1471 3377 ἄφεσιν
1507 3307 1614 3360 τῶν
1649 3310 1827 3380 ἁμαρ-

233 3402 413 3465 τιῶν,
458 3403 552 3455 καὶ
586 3400 905 3462 ἐλπίσαντες
947 3401 1038 3452 ἐπὶ
1088 3398 1166 3469 τῷ
1198 3398 1421 3470 ὀνόματι
1457 3399 1552 3452 τοῦ
1583 3400 1788 3471 Κυρίου
1809 3441 1822 3465 ,

234 3493 547 3565 ἐγενόμεθα
581 3495 774 3557 καινοὶ,
809 3490 968 3546 πάλιν
997 3490 1054 3557 ἐξ
1079 3490 1250 3562 ἀρχῆς
1287 3488 1614 3564 κτιζόμενοι.
1648 3492 1739 3545 Διὸ
1767 3494 1822 3545 ὲν

1937 3125 2050 3181 Deo
2081 3125 2362 3181 contraria
2401 3135 2546 3180 sunt.
2582 3125 2965 3182 Ediﬁcabitur
2989 3138 3193 3194 autem,
3227 3133 3508 3195 attendite,

1937 3218 1992 3273 in
2025 3218 2246 3273 nomine
2278 3216 2527 3283 Domini,
2573 3226 2632 3271 ut
2663 3219 2923 3288 templum
2962 3219 3178 3275 Domini
3227 3223 3513 3292 magniﬁce

1937 3310 2250 3365 aediﬁcetur.
2296 3308 2620 3376 Quomodo?
2654 3309 2877 3366 Discite.
2909 3311 3146 3383 Accepta
3183 3315 3511 3371 remissione

1932 3409 2279 3469 peccatorum
2313 3408 2366 3452 et
2394 3414 2489 3468 spe
2526 3400 2715 3453 habita
2744 3400 2798 3454 in
2855 3417 3052 3456 nomen
3100 3401 3340 3470 Domini,
3383 3402 3513 3459 facti

1932 3506 2122 3547 sumus
2150 3490 2296 3555 novi,
2324 3489 2519 3543 iterum
2547 3490 2615 3545 ab
2639 3491 2851 3560 integro
2877 3494 3067 3548 creati.
3094 3493 3219 3551 Ideo
3246 3497 3303 3551 in
3329 3498 3510 3562 nobis,

1546 3610 1727 3671 Vetus
1760 3613 2227 3691 interpretatio.

233 3729 312 3782 Et
339 3727 569 3798 liet129)
597 3745 610 3780 :
637 3727 764 3781 dum
789 3727 933 3781 enim
967 3724 1368 3798 belligerarent,
1400 3725 1707 3796 depositum
1753 3737 1837 3782 est
1879 3727 1947 3781 ab
1979 3727 2230 3798 inimicis,
2262 3725 2374 3796 ('50)
2409 3767 2421 3780 .
2451 3766 2465 3780 .
2504 3766 2518 3781 .
2556 3768 2569 3780 .

232 3800 463 3870 civitas,
498 3837 511 3849 .
550 3794 613 3870 ._.
652 3807 761 3870 ._et
790 3798 1023 3867 populus
1062 3794 1209 3849 totus
1256 3794 1568 3870 Judzeorum
1617 3798 1778 3870 tyadi,
1829 3799 2155 3868 propalavit.
2213 3794 2524 3870 Dicit'cnim
2575 3798 2859 3870 Scriptura
2888 3819 2901 3856 :
2930 3841 2943 3853 .
2978 3841 2991 3854 .
3026 3841 3041 3854 .
3086 3801 3151 3855 In
3198 3794 3503 3859 noviSsimis

232 3869 431 3939 diebus
462 3868 634 3939 tradet
658 3866 914 3939 Dominus
942 3883 1057 3919 oves
1085 3882 1317 3939 pascuae.
1340 3876 1389 3919 et
1421 3868 1592 3921 cubile
1615 3868 1749 3939 (51),
1780 3866 2052 3921 εῐιιινίνεηι
2084 3866 2746 3939 cornutinexterminiuin.
2775 3869 2841 3924 Et
2866 3871 3068 3926 factum
3088 3882 3170 3928 est
3203 3874 3502 3930 secundum

285 3955 372 3994 uae
397 3937 666 3992 Dominus
711 3937 925 4008 locutu_s
946 3946 1049 3991 est.
1077 3938 1399 4000 Quarramus
1423 3953 1576 4008 ergo,
1606 3939 1652 3992 si
1680 3937 1763 3993 est
1793 3940 2053 4007 templum
2082 3938 2214 3992 Deo.
2241 3937 2368 3992 Est:
2403 3940 2491 3993 ubi
2520 3940 2634 4008 ipse
2651 3940 2783 3995 dicit
2806 3942 2982 3996 facere
3008 3952 3059 3996 et
3090 3959 3497 3999 consummare.

235 4010 527 4077 Scriptum
562 4047 576 4061 .
610 4047 622 4060 .
656 4046 669 4059 .

713 4017 830 4062 est:
862 4005 929 4082 Et
954 4008 1073 4071 erit,
1101 4009 1321 4082 septimo
1350 4008 1433 4082 die
1460 4005 1821 4082 consummato
1856 4005 2004 4082 (5-2),
2046 4009 2403 4082 wdiﬁcahilur
2454 4005 2705 4082 templum
2756 4011 2863 4065 Deo
2906 4012 3163 4082 prazclare
3211 4016 3263 4067 in
3293 4016 3501 4068 nomine

241 4076 488 4155 Domini.
526 4077 770 4155 Invenio,
797 4078 922 4147 quia
942 4078 1215 4155 templum
1237 4087 1340 4131 est.
1372 4076 1491 4143 Quo
1519 4078 1682 4133 modo
1715 4095 1845 4149 ergo
1865 4076 2234 4155 Vaad'ilieabitur
2262 4080 2316 4155 in
2352 4076 2570 4155 nomine
2608 4080 2866 4155 Domini?
2906 4076 3132 4137 Discite.
3170 4084 3310 4139 Ante
3331 4100 3503 4155 quam

236 4150 599 4222 crederemus
628 4146 757 4222 Deo,
791 4146 910 4222 erat
942 4147 1204 4202 habitatio
1241 4157 1427 4222 nostra
1450 4186 1464 4201 .
1550 4188 1563 4201 .
1587 4146 1845 4222 corrupta
1874 4158 1928 4203 et
1963 4150 2201 4216 inﬁrma,
2233 4151 2377 4203 sicut
2406 4150 2667 4219 templum
2699 4153 2843 4221 quod
2871 4168 2965 4222 per
2994 4169 3190 4208 manus
3224 4195 3236 4207 .
3278 4193 3292 4208 .
3326 4146 3387 4209 .’.
3421 4193 3437 4209 .
3477 4195 3491 4209 .

235 4219 584 4279 adiﬁcatur;
615 4219 743 4288 quia
762 4218 915 4340 Bleni
945 4234 1165 4272 eramus
1198 4219 1610 4273 adorationibus
1637 4220 1929 4284 idolorum,
1966 4259 1979 4273 .
2013 4258 2026 4271 .
2055 4258 2068 4271 .

236 4292 579 4340 faceremus.
610 4304 733 4340 uuae
807 4305 871 4340 eo
898 4297 1082 4340 essent
1123 4289 1418 4340 contraria.
1446 4287 1827 4340 [Ediﬁcabitur
1852 4300 2035 4340 autem

807 4305 871 4343 eo
898 4297 1082 4362 essent
1123 4287 1827 4362 contraria:Ediﬁcabitur
1852 4300 2035 4362 autem
2068 4294 2121 4343 in
2149 4293 2372 4362 nomine
2405 4289 2641 4357 Domini,
2675 4332 2690 4345 .
2726 4330 2744 4349 .
2781 4331 2794 4344 .
2836 4287 3095 4362 praeclare
3124 4335 3137 4348 .
3170 4287 3188 4348 ἶ

236 4292 579 4354 faceremus,
610 4304 733 4358 qua:

2114 4231 2168 4274 et
2199 4228 2318 4295 erat
2341 4222 3009 4295 uolnus‘dqwmoniorum;
3070 4234 3289 4293 propter
3346 4228 3493 4295 quod

3222 4334 3324 4351 ...
3365 4305 3502 4351 tem-

236 4363 400 4434 plum
423 4359 556 4434 Deo.
582 4357 879 4434 gitetidite.
914 4357 978 4413 Et
1019 4374 1129 4427 quo
1162 4359 1358 4434 modo?
1383 4358 1630 4434 Discite:
1671 4369 1731 4413 ut
1764 4361 2047 4434 accipiatis
2070 4360 2457 4434 remissionem
2508 4357 2881 4432 peccatorum.
2929 4365 3065 4418 Cum
3106 4366 3501 4422 crediderimus

237 4429 297 4486 in
334 4431 560 4485 nomine
587 4429 826 4497 Domini,
852 4444 960 4482 non
998 4444 1192 4484 sumus
1233 4429 1346 4501 (55)
1374 4430 1488 4499 jam
1519 4431 1672 4497 tales,
1702 4429 1898 4500 quales
1920 4432 1988 4485 ab
2008 4430 2163 4484 initio
2190 4432 2355 4485 creati
2380 4447 2392 4483 :
2416 4429 2637 4501 propter
2671 4434 2817 4502 quod
2850 4474 2863 4487 .
2891 4470 2907 4487 .
2937 4472 2952 4488 .
2991 4474 3005 4488 .
3035 4473 3049 4489 .
3093 4436 3148 4488 in
3176 4437 3334 4492 nobis
3372 4453 3498 4493 vere

284 4546 497 4617 ("[sa.
548 4564 635 4611 ιιι..
686 4547 772 4602 12.
846 4548 1026 4603 “lsa.
1062 4560 1207 4610 wa,
1248 4546 1299 4600 1.
1370 4545 1541 4602 "lsa.
1569 4561 1717 4614 xux,
1757 4547 1841 4602 i7.

1922 4548 1989 4579 ¹⁰⁰
2010 4546 2147 4601 Dan.
2188 4563 2265 4613 ix,
2302 4546 2390 4614 24,
2420 4547 2511 4613 25,
2538 4548 2638 4615 27;
2670 4548 2806 4620 Agg.
2842 4566 2901 4617 ιι,
2928 4550 3012 4604 10.

1561 4681 1926 4738 VARIORUM
1964 4680 2199 4737 ΝΟΤᾹΞ.

318 4804 438 4876 (19)
480 4802 556 4876 Ita
582 4803 701 4857 Cot.
727 4797 872 4876 οἷκον
900 4801 1123 4876 Μέθη-..ει
1150 4801 1283 4876 Fel].
1308 4801 1489 4876 ουδόν,
1510 4802 1672 4876 limen
1703 4800 1819 4855 Ma-

242 4871 611 4944 zoéhﬂzdemg
640 4881 749 4944 vet.
779 4874 977 4942 interp.
1010 4871 1110 4927 Ms.
1150 4874 1247 4944 τὴν
1273 4872 1424 4944 Αὸδόν,
1449 4874 1608 4944 male.

318 4947 437 5020 (20)
478 4944 555 5020 [ta
778 4953 832 4997 et
878 4953 984 4997 vet.
1012 4942 1237 5014 interpr.
1268 4942 1369 4998 Ms.
1405 4943 1816 5014 οἰκοδομήσατε.

341 5012 437 5085 21)
477 5013 520 5085 1:
547 5031 597 5068 e.
616 5012 962 5085 (Judaeorum.

341 5025 437 5085 21)
477 5025 520 5069 ι.
547 5031 597 5068 e.
627 5025 962 5071 Judaeorum.

302 5025 438 5159 ,(22)
480 5083 878 5159 _S_pirituaiiter,_
899 5095 957 5159 ut
982 5100 1109 5159 mox
1137 5083 1431 5139 videbitur.
1460 5084 1601 5138 Men.

322 5154 440 5229 (25)
480 5154 639 5229 Haec,
665 5163 830 5229 prout
865 5155 954 5229 h_ic
983 5156 1269 5229 habentur,
1304 5169 1410 5209 non
1452 5166 1579 5209 sunt
1609 5155 1662 5209 in
1702 5163 1816 5210 tota

249 5223 557 5299 Scriptura.
585 5224 724 5299 Men.
750 5225 851 5299 cfr.
875 5223 988 5281 Jer.
1021 5242 1147 5299 xxv.
1175 5224 1281 5299 l_s_a.
1305 5240 1358 5279 v.

323 5294 441 5370 (2'4)
481 5294 600 5351 Jam
638 5294 916 5370 destructo
951 5298 1152 5366 templo
1187 5294 1480 5370 Hierosol.,
1515 5296 1708 5367 quaerit
1746 5311 1816 5351 an

249 5365 781 5448 alterumntemplum
814 5365 1199 5448 successurum
1230 5367 1321 5421 sit.
1354 5365 1494 5448 Men.

323 5439 438 5509 (25)
480 5438 599 5493 Vet.
631 5436 856 5506 interpr.
887 5438 991 5509 leg.
1029 5436 1273 5504 ἐνδόξως,
1299 5439 1573 5507 ρνωειανε.

325 5507 439 5580 (26)
478 5510 650 5580 Clem.
683 5509 837 5580 Alex.
874 5507 1073 5580 Strom.
1106 5524 1167 5573 ιι,
1207 5524 1255 5562 c.
1282 5509 1373 5574 9.0,
1406 5524 1461 5578 p.
1490 5508 1615 5563 490.

323 5579 440 5652 (27)
480 5579 557 5634 lta
599 5596 665 5635 ex
700 5579 872 5652 Qletn.
899 5579 1053 5652 Alexi.
1091 5587 1143 5632 et
1179 5588 1289 5652 vet.
1313 5579 1812 5652 ~interp._restituo.

250 5645 341 5774 in);
359 5645 628 5774 ms.£post
660 5648 1118 5721 ειδωλολατρείας,
1146 5650 1422 5706 abundant
1459 5645 1650 5712 [οἷκος
1677 5649 1826 5703 είδω-

252 5740 311 5774 ΑΟ
344 5739 472 5774 ατοε
498 5740 554 5774 α.

252 5739 554 5795 Αολατρεια.

1994 4799 2107 4872 (28)
2142 4800 2223 4872 ita
2250 4799 2423 4872 Clem.
2457 4810 2654 4872 et_vet.
2683 4801 2886 4872 interp.
2925 4799 3279 4872 Ms.__£v60€oq.

1993 4869 2108 4943 (29)
2131 4870 2200 4925 Et
2222 4872 2331 4940 ﬁet.
2351 4870 2480 4941 Leg.
2495 4869 2563 4924 Et
2580 4874 2664 4941 ﬁt.
2680 4875 2756 4927 lta
2778 4869 2997 4943 quoque
3016 4870 3147 4943 Felli
3163 4875 3295 4943 edit.
3314 4871 3468 4931 Oxon
3491 4920 3502 4932 .

1928 5012 1939 5020 .
2146 4942 2224 4994 Ab
2263 4943 2521 5023 inimicis.
2550 4941 3085 5023 A_dd..e-x'vet_.:nc0d.
3124 4941 3281 5023 ίξζιιιιο
3306 4955 3357 4999 et
3388 4947 3442 5015 ip
3458 4953 3504 5003 si

1818 5062 1821 5065 ,
1922 5013 2258 5081 inimicorum
2291 5014 2523 5065 ministri
2551 5015 2615 5065 ab
2640 5014 2792 5066 initio
2819 5014 3089 5081 ludiﬁcant
3118 5013 3273 5068 illud.

1993 5084 2107 5153 (51)
2149 5080 2351 5153 Cubile,
2388 5094 2492 5137 etc.
2532 5081 2672 5153 Lege
2717 5086 2870 5148 ovile,
2906 5095 2965 5137 ut
3002 5084 3056 5137 in
3091 5094 3239 5139 textu
3277 5083 3488 5153 Graeco,

1926 5152 2182 5225 μάνδραν.
2210 5152 2278 5205 Et
2306 5163 2503 5206 turrem
2533 5152 2733 5207 eorum.
2764 5155 2970 5225 Aliudjt
2997 5154 3066 5207 ad
3093 5158 3285 5225 turrim
3315 5152 3487 5220 illam,

1925 5224 1992 5278 de
2024 5223 2132 5293 qua
2163 5224 2217 5294 in
2243 5224 2501 5291 parabola
2533 5226 2704 5279 vinea:
2732 5226 2874 5294 apud
2904 5223 3041 5280 Isai.
3078 5241 3131 5279 v.
3167 5223 3308 5282 Man.

1996 5292 2107 5363 (32)
2149 5292 2381 5361 Septimo
2404 5296 2488 5347 die
2515 5292 2895 5349 consummato.
2952 5297 3010 5348 ln
3062 5294 3249 5350 Graeco
3290 5295 3489 5364 legitur

1923 5380 1989 5419 ex
2015 5364 2250 5429 Daniele,
2274 5364 2373 5434 τῆς
2401 5365 2691 5436 ἑϐδομάδος
2721 5365 3166 5436 συντελουμένης,
3201 5374 3260 5420 ut
3288 5366 3489 5421 intelli—

1928 5445 2087 5506 gatur
2118 5436 2419 5506 septimana
2436 5453 2500 5490 ex
2528 5435 2688 5491 annis
2714 5447 3017 5506 constare._
3047 5435 3214 5489 FELI...

1998 5506 2114 5577 (55)
2157 5503 2223 5577 Ut
2247 5508 2592 5575 accipiatis...
2622 5522 2726 5560 non
2740 5522 2942 5559 sumus.
2973 5503 3129 5577 Hunc
3154 5506 3332 5561 locum
3360 5506 3486 5563 Fel-

1924 5577 2012 5631 lus
2039 5578 2118 5631 sic
2143 5576 2398 5631 exhibet:
2438 5578 2575 5647 quod
2605 5578 2916 5646 accipientes
2964 5576 3323 5631 remissionem
3362 5595 3485 5637 uec-

1932 5656 2194 5713 catorum,
2227 5657 2276 5700 et
2309 5664 2426 5701 cum
2465 5647 2841 5703 crediderimus
2888 5649 2942 5699 in
2995 5647 3204 5703 nomine
3249 5649 3485 5716 Domini,

1932 5734 2024 5772 1108
2050 5734 2249 5784 sumus,
2274 5730 2395 5772 εὶς.

2739 3769 2759 3815 _.
2803 3729 3005 3786 lterum
3038 3732 3182 3815 sicut
3212 3733 3510 3815 incipiebat
3608 3736 3617 3747 ’
