4040 6322
311 263 412 320 781

1508 255 1842 312 EPISTULA
1871 253 2281 310 CATHOLICA.

3454 251 3558 308 782

306 373 520 444 ἀγαθῆς
543 370 848 445 λαμϐάνετε
879 372 1241 447 συμϐουλίαν
1278 373 1451 445 ἔχετε,
1486 375 1565 435 είς
1593 371 1687 436 οὓς
1729 372 1886 443 εὐερ-

1989 372 2148 426 bona:
2178 370 2474 426 voluntatis
2498 385 2630 425 mea:
2651 369 2941 426 consilium
2970 388 2983 424 :
3012 369 3225 426 liabet-is
3249 368 3556 430 vobiscum.

301 465 574 534 γάσασθε,
609 466 730 537 μεθ’
771 465 1008 521 ἑαυτῶν·
1066 467 1143 539 μή
1199 465 1624 536 ἐγκαταλίπητε.
1694 464 1889 533 Ἑγγὺς

299 562 413 634 γὰρ
459 563 662 635 ἡμέρα,
696 565 757 618 ὲν
801 559 1252 638 ᾖσυναπολεῑται
1306 563 1484 617 πάντα
1528 562 1607 634 τῷ
1647 560 1885 631 πονηρῷ.
1957 627 1959 630 η

312 653 515 722 Ἐγγὺς
546 656 575 707 ὁ
620 653 826 725 Κύριος
873 657 970 710 καὶ
995 656 1025 708 ό
1061 655 1252 728 μισθὸς
1283 653 1469 708 αὐτοῦ.
1523 654 1644 705 Ἔτι
1677 653 1769 705 καὶ
1806 651 1886 703 ἔτι

297 745 492 816 ἐρωτῶ
521 745 693 816 ὑμᾶς·
723 747 936 800 ἑαυτῶν
975 747 1190 816 γίνεσθε
1215 746 1501 817 νομοθέται
1526 744 1737 813 ἀγαθοὶ,
1762 744 1887 796 ἑαυ-

293 837 410 892 τῶν
444 837 632 910 μένετε
659 839 954 910 σύμϐουλοι
987 841 1188 905 πιστοὶ,
1227 840 1396 910 ἄρατε
1428 839 1486 905 ἐξ
1515 836 1668 908 ὑμῶν
1708 837 1883 889 πᾶσαν

295 930 613 1003 ὑπόκρισιν.
639 932 750 1002 (85)
780 932 840 986 '0
861 932 919 985 δὲ
947 931 1098 996 Θεὸς,
1128 933 1157 984 ὁ
1187 930 1388 994 παντὸς
1415 928 1510 983 τοῦ
1540 929 1748 1000 κόσμου
1784 945 1882 982 κυ-

292 1019 518 1092 ριεύων,
543 1019 654 1093 δῴη
689 1022 817 1092 ὑμῖν
853 1022 1064 1091 σοφίαν,
1099 1023 1429 1094 ἐπιστήμην,
1461 1020 1696 1085 σύνεσιν,
1741 1019 1884 1088 γνῶ-

292 1130 386 1166 σιν
415 1115 525 1168 τῶν
556 1115 938 1186 δικαιωμάτων
972 1115 1156 1181 αὐτοῦ,
1188 1118 1247 1168 ὲν
1279 1117 1543 1186 ὑπομονῇ.
1577 1113 1797 1166 Γίνεσθε
1823 1113 1882 1166 δὲ

287 1204 646 1272 θεοδίδακτοι,
682 1206 1061 1279 έκζητοῦντες,
1092 1209 1146 1261 τί
1177 1207 1329 1278 ζητεῖ
1350 1207 1554 1278 Κύριος
1578 1205 1672 1275 ἀφ’
1704 1204 1876 1276 ὑμῶν,

296 1300 399 1353 καὶ
433 1303 654 1364 ποιεῖτε,
683 1300 769 1353 ἴνα
797 1300 1004 1372 σωθῆτε
1031 1286 1091 1354 ἐν’
1119 1301 1300 1373 ἡμέρᾳ
1331 1299 1581 1372 κρίσεως.
1618 1299 1682 1351 El
1702 1296 1759 1350 δέ
1795 1296 1880 1360 τίς

295 1393 454 1446 ἐστιν
500 1393 704 1463 ἀγαθοῦ
740 1395 914 1465 μνεία,
973 1394 1338 1466 μνημονεύετέ
1387 1410 1507 1463 μου,
1551 1390 1880 1463 μελετῶντες

283 1483 490 1549 ταῦτα,
528 1485 616 1538 ἵνα
649 1486 741 1538 καὶ
772 1487 804 1556 ή
856 1486 1120 1557 ἐπιθυμία
1168 1487 1261 1540 καὶ
1309 1488 1342 1557 ή
1378 1481 1654 1556 ἀγρυπνία
1707 1484 1785 1547 εἷς
1823 1499 1877 1536 τι

278 1576 497 1646 ἀγαθὸν
539 1580 783 1651 χωρήσῃ.
848 1579 1074 1651 Ἐρωτῶ
1114 1580 1276 1650 ὑμᾶς,
1326 1579 1482 1649 χάριν
1537 1577 1872 1647 αἰτούμενος.

293 1662 392 1728 Ὠς
414 1663 492 1718 ἔτι
526 1666 587 1718 τὸ
614 1666 775 1720 καλὸν
811 1667 921 1739 (86)
954 1667 1147 1732 σκεῦός
1178 1669 1294 1721 ἐστι
1321 1667 1437 1739 μεθ’
1469 1666 1642 1739 ὑμῶν,
1683 1668 1755 1738 μὴ
1781 1668 1875 1720 ὲκ-

277 1756 514 1838 λείπητε
537 1759 724 1830 μηδενὶ
747 1737 946 1826 αὐτῶν,
969 1760 1106 1814 ἀλλὰ
1131 1737 1365 1831 συνεχῶς
1383 1737 1662 1831 ἐκζήτεῖτε
1675 1737 1866 1824 ταῦτα,
1905 1737 1947 1791 Β

277 1851 383 1904 καὶ
431 1850 808 1921 ἀναπληροῦτε
854 1853 1033 1905 πᾶσαν
1079 1852 1328 1924 ἐντολήν·
1377 1852 1492 1904 ἐστι
1543 1850 1653 1924 γὰρ
1700 1850 1872 1905 ταῦτα

276 1941 438 2006 ἄξια.
483 1945 573 1997 Διὸ
611 1943 808 2014 μᾶλλον
837 1944 1147 1998 ἐσπούδασα
1175 1944 1402 2016 γράψαι,
1445 1944 1538 2013 ἀφ’
1569 1940 1644 1997 ὧν
1674 1943 1872 2014 ήδυνή-

279 2036 414 2107 Θην,
444 2039 525 2100 είς
549 2037 611 2091 τὸ
642 2038 907 2110 εὐφρᾶναι
942 2038 1103 2108 ὑμᾶς.
1144 2037 1409 2102 Σώζεσθε,
1448 2038 1666 2107 ἀγάπης
1705 2035 1870 2088 τέκνα

277 2135 384 2187 καὶ
416 2133 653 2205 εἰρήνης.
703 2135 760 2188 '0
787 2133 990 2206 Κύριος
1013 2135 1111 2206 τῆς
1131 2134 1288 2205 δόξης
1313 2134 1406 2188 καὶ
1440 2134 1620 2203 πάσης
1650 2133 1870 2203 χάριτος

280 2225 433 2294 μετὰ
459 2223 552 2278 τοῦ
581 2224 886 2296 πνεύματος
912 2223 1086 2293 ὑμῶν.
1130 2224 1316 2295 Ἀμήν.

1989 461 2190 532 quibus
2228 461 2366 516 bene
2406 459 2646 525 fecistis;
2689 475 2757 514 ne
2797 476 2892 515 eos
2926 459 3338 530 derelinquatis.
3380 458 3558 531 Prope

1987 550 2134 606 enim
2177 559 2261 605 est
2300 550 2440 615 dies,
2476 549 2531 603 in
2573 566 2681 620 qua
2715 549 2899 604 omnia
2942 565 3066 603 cum
3098 549 3243 604 malo
3276 549 3553 620 peribunt.

1985 641 2161 712 Prope
2206 652 2289 698 est
2338 641 2603 696 Dominus
2639 650 2692 697 et
2733 656 2943 696 merces
2984 641 3127 711 ejus.
3171 639 3348 696 Etiam
3392 650 3557 712 atque

1984 735 2146 790 etiam
2176 750 2310 806 rogo
2331 750 2427 790 vos
2449 743 2652 791 :estote
2677 733 2834 787 vobis
2860 733 2986 787 boni
3006 733 3365 804 legislatores,
3399 733 3557 788 vobis

1985 835 2200 881 manete
2233 827 2535 882 consiliarii
2584 826 2793 892 ﬁdeles,
2842 826 3015 880 tollite
3042 841 3108 879 ex
3154 826 3308 880 vobis
3337 841 3554 880 omnem
3595 881 3614 907 ο

1983 919 2341 991 hypocrisim.
2372 919 2516 974 Deus
2547 928 2756 986 autem,
2787 918 2882 988 qui
2929 917 3185 973 universo
3213 919 3416 973 mundo
3456 919 3558 973 do-

1982 1013 2244 1078 minatur,
2286 1012 2377 1067 det
2407 1011 2563 1066 vobis
2606 1011 2953 1081 sapientiam,
3001 1010 3311 1075 scientiam,
3362 1010 3559 1065 intelli-

1983 1103 2248 1173 gentiam,
2289 1103 2660 1173 cognitionem
2703 1102 3089 1157 mandatorum
3126 1117 3384 1167 suorum,
3427 1117 3553 1157 cum

1981 1196 2404 1266 perseverantia.
2451 1193 2774 1250 Elliciamini
2819 1205 3006 1249 autem
3049 1194 3197 1250 docti
3233 1210 3264 1249 a
3299 1193 3431 1262 Deo,
3467 1210 3556 1249 ex-

1980 1288 2280 1357 quirentes,
2317 1287 2448 1357 quid
2478 1303 2508 1341 a
2540 1287 2696 1342 vobis
2734 1287 2981 1357 requirat
3011 1285 3316 1352 Dominus;
3357 1297 3413 1342 et
3443 1287 3555 1342 elli-

1979 1378 2113 1446 eite,
2144 1389 2203 1433 ut
2228 1379 2365 1435 salvi
2389 1379 2510 1436 sitis
2535 1379 2588 1432 in
2626 1379 2713 1434 die
2743 1378 2957 1449 judicii.
2989 1377 3046 1433 Si
3074 1394 3182 1449 qua
3206 1394 3336 1434 vero
3359 1388 3443 1434 est
3471 1377 3550 1450 {in

1978 1471 2154 1542 vobis]
2183 1472 2308 1526 boni
2340 1472 2666 1538 recordatio,
2695 1480 3029 1526 mementote
3059 1472 3187 1537 mei,
3213 1472 3328 1527 hazc
3360 1471 3550 1543 [verba

1977 1565 2122 1637 mea]
2177 1566 2520 1631 meditantes,
2567 1573 2629 1620 ut
2673 1573 2728 1619 et
2773 1565 3111 1620 desiderium
3159 1572 3214 1618 et
3267 1564 3549 1635 vigilantia

1979 1657 2146 1730 [mea]
2172 1659 2225 1711 in
2255 1658 2475 1728 aliquod
2507 1658 2712 1712 bonum
2738 1657 2954 1711 evadat.
2991 1654 3143 1726 Rogo
3175 1672 3273 1712 vos
3318 1659 3548 1726 gratiam

1976 1751 2288 1819 postulans.
2315 1749 2452 1803 Cum
2479 1748 2658 1803 adhuc
2687 1749 2741 1802 in
2767 1762 2898 1803 vase
2920 1748 3074 1813 estis,
3101 1748 3157 1800 in
3178 1747 3328 1801 nullo
3351 1747 3547 1802 horunt

1977 1837 2411 1913 [mandatorum]
2439 1838 2672 1905 deficite,
2699 1837 2794 1892 sed
2819 1836 3196 1892 indesinenter
3221 1835 3337 1889 haec
3357 1833 3538 1903 exqui-

1978 1933 2101 1999 rite,
2130 1941 2185 1987 et
2223 1932 2520 2001 adimplete
2551 1947 2717 1986 omne
2762 1929 3084 1984 mandatum
3121 1947 3136 1983 :
3168 1928 3284 1982 haec
3315 1941 3550 1997 namque

1975 2025 2138 2095 digna
2185 2034 2332 2080 sunt.
2393 2025 2577 2090 Quare
2617 2023 2968 2093 potissimum
3023 2022 3077 2077 id
3128 2036 3348 2092 operam
3391 2020 3546 2084 dedi,

1974 2125 2242 2186 quantum
2268 2116 2322 2170 in
2358 2132 2446 2171 me
2475 2116 2599 2182 fuit,
2625 2126 2684 2170 ιιι
2711 2115 3008 2170 scriberem
3039 2113 3216 2180 vobis,
3249 2126 3360 2182 quo
3391 2111 3548 2166 exhi-

1973 2208 2204 2262 lararem
2237 2223 2356 2262 vos.
2399 2205 2637 2274 Salvete,
2669 2206 2766 2260 lilii
2796 2205 3105 2261 dilectionis
3137 2213 3192 2259 et
3231 2203 3402 2274 pacis.
3442 2201 3549 2256 Do-

1970 2300 2153 2354 minus
2175 2299 2360 2368 gloria:
2373 2308 2429 2354 et
2455 2299 2635 2354 omnis
2655 2299 2846 2370 gratiae
2874 2298 2946 2354 sit
2969 2313 3094 2354 cum
3120 2295 3314 2367 spiritu
3338 2303 3545 2352 vestro.

1969 2398 2165 2453 Amen.

1597 2531 1984 2592 VARIORUM'
2015 2535 2250 2591 NOTAE.

354 2624 478 2700 (85)
512 2623 640 2682 Haec
663 2625 861 2681 reeitat
889 2624 1060 2681 Clem.
1087 2624 1246 2681 Alex.
1282 2622 1482 2681 Strom.
1516 2641 1578 2695 ιι,
1623 2641 1673 2683 c.
1711 2627 1801 2695 18,
1827 2644 1882 2700 p.
1906 2629 2031 2686 472.

2204 2629 2317 2700 (86)
2346 2628 2400 2685 ιιι
2433 2637 2517 2686 est
2538 2645 2748 2699 corpus,
2777 2638 2837 2684 ut
2863 2627 3080 2698 saepius.

916 2902 1379 3046 DicTUM
1451 2956 1548 3047 s.
1625 2953 2239 3088 BARNABzE‘
2305 2950 2931 3053 APOSTOLI.

1057 3193 1248 3269 Quod
1288 3193 1356 3256 in
1389 3194 1532 3275 ejus
1556 3194 1879 3258 Catholica
1922 3193 2213 3276 Epistola
2253 3211 2382 3257 non
2416 3193 2758 3274 reperitur.

1026 3406 1432 3468 (ϐιιιιιωηνει.
1468 3407 1612 3458 Patr.
1638 3403 1888 3469 Βεωεουι,
1916 3405 1957 3467 Ι,
1983 3405 2094 3470 uo,
2112 3421 2175 3459 ea:
2194 3407 2359 3460 codice
2380 3408 2554 3458 Barac.
2578 3405 2809 3471 XXXIX.)

353 3621 644 3694 Βαρνάϐας
674 3624 704 3677 ὁ
761 3622 1053 3688 ἀπόστολος
1097 3624 1230 3696 ἔφη’
1277 3625 1366 3678 Ἐν
1413 3623 1667 3694 ἁμίλλαις
1698 3638 1864 3695 πονη-
1927 3597 1936 3603 ”

272 3718 409 3789 ραϊς
453 3714 780 3787 ἀθλιώτερος
824 3717 852 3769 ὁ
885 3717 1111 3788 νικήσας
1133 3756 1148 3782 ,
1186 3715 1318 3771 διότι
1361 3715 1659 3788 ἀπέρχεται
1701 3715 1863 3770 πλέον

269 3810 425 3883 ιχων
453 3810 554 3881 τῆς
581 3809 873 3884 ἁμαρτίας.
1176 3817 1180 3834 ‘

2041 3623 2319 3681 Barnabas
2361 3625 2638 3697 apostolus
2675 3625 2750 3679 ait
2785 3641 2798 3678 :
2851 3622 2907 3677 ln
2952 3623 3112 3678 malis
3149 3623 3540 3680 certaminibus

1969 3715 2241 3771 infelicior
2273 3724 2390 3784 est,
2435 3715 2529 3786 qui
2562 3714 2769 3771 vincit:
2821 3713 2933 3768 abit
2962 3712 3140 3781 enim,
3177 3713 3299 3783 plus
3334 3712 3540 3770 habens

1964 3806 2197 3879 peccati.
