4040 6322
534 269 3741 327 m

746 566 917 754 S.
1045 545 2180 747 MATTHIAS
2301 546 3597 746 APOSTOLUS

1654 1192 2680 1338 FRAGMENTA.

547 1553 661 1637 (Ex
725 1551 1053 1614 Clemente
1107 1543 1566 1618 Alexandrino,
1620 1536 2029 1637 Strmn‘lgluil‘)2
2060 1533 2636 1637 tr,_"c'ap;“9n;-Il‘ib.
2674 1552 2789 1607 ιιι,
2847 1548 2985 1614 cap.
3039 1534 3111 1609 is;
3165 1534 3334 1614 Opp.
3412 1540 3567 1598 tom.
3596 1535 3643 1608 Ι,
3691 1535 3774 1598 ed.

1824 1618 2053 1680 Venet.
2090 1613 2282 1690 1757,
2312 1613 2567 1691 ini-fol.)

628 2320 841 2391 Ταύτης
882 2319 939 2373 δὲ
975 2316 1092 2389 (τῆς
1132 2312 1406 2388 ἀληθείας)
1454 2310 1596 2383 ἀρχὴ
1640 2307 1703 2361 τδ
1743 2305 2023 2379 θαυμάσαι
2072 2301 2142 2356 τὰ

2316 2302 2451 2373 Ejus
2479 2311 2660 2358 autem
2692 2301 2979 2372 (veritatis)
3011 2310 3097 2357 est
3137 2302 3471 2373 principium
3516 2316 3603 2355 res
3643 2296 3784 2353 admi-

559 2388 858 2484 πράγμααια
881 2451 897 2476 ,
954 2388 1057 2475 ὡςγ
1090 2409 1316 2465 Πλάτων
1379 2406 1437 2458 ὲν
1481 2400 1775 2468 Θεαιτήτῳ
1806 2399 1991 2468 λέγει·
2049 2394 2145 2449 καὶ

2248 2395 2392 2462 rari,
2430 2405 2491 2450 ut
2536 2394 2671 2449 dicit
2712 2393 2866 2449 Plato
2909 2394 2964 2447 in
3016 2389 3321 2459 Thewteto;
3373 2402 3431 2448 et
3474 2388 3786 2447 MATTHIAS

560 2482 956 2559 ΜΑΤΘΙΑΣσὲν
999 2493 1505 2565 ταῖςΠαραδόσεσι
1521 2491 1831 2565 παραινῶν·
1873 2511 1891 2543 ι
1919 2488 2144 2560 Θαύμα-

2248 2490 2545 2545 adhortaus
2579 2487 2632 2541 in
2669 2484 3063 2541 Traditionibus
3089 2495 3109 2536 :
3131 2504 3149 2536 ι
3166 2485 3461 2540 Admirare
3485 2482 3783 2555 preesentian

565 2612 656 2649 σον
701 2594 772 2648 τὰ
816 2593 1056 2665 παρόντα
1095 2590 1170 2661 (1)
1191 2630 1206 2655 ,
1237 2608 1255 2639 ι
1305 2586 1509 2658 βαθμὸν
1557 2583 1746 2637 τοῦτον
1796 2581 2010 2652 πρῶτον
2043 2578 2144 2649 τῆς

2247 2594 2371 2661 eum
2403 2593 2524 2634 esse
2550 2578 2788 2648 primum
2810 2575 3039 2647 gradum
3064 2584 3312 2632 statuens
3332 2575 3617 2632 ulterioris
3639 2570 3790 2643 cogni-

563 2687 819 2742 ἐπέκεινα
840 2684 1090 2755 γνώσεως
1122 2679 1525 2750 ὑποτιθέμενος.
2250 2666 2436 2721 tionis.

2177 2842 2246 2899 ll.

639 3044 872 3112 Λέγουσι
901 3041 951 3109 γ’
995 3032 1088 3091 οὖν
1120 3037 1212 3090 καὶ
1243 3035 1333 3089 τὸν
1366 3031 1674 3088 ΜΑΤΘΙΛΝ
1703 3031 1875 3095 οὓτως
1906 3027 2110 3095 διδάξαι
2130 3043 2146 3058 ⁸

2330 3021 2528 3077 Dicunt
2559 3021 2742 3092 itaque
2773 3019 3134 3074 MATTHIAM
3163 3036 3383 3092 quoque
3415 3021 3497 3076 sic
3534 3018 3790 3078 docuisse.

574 3156 595 3188 ι
622 3108 791 3207 Euax).
817 3132 913 3204 μὲν
942 3128 1206 3202 μάχεσθαι
1230 3127 1324 3180 καὶ
1348 3123 1731 3198 παραχρῆσθαι
1752 3166 1767 3191 ,
1821 3123 1990 3196 μηθὲν
2013 3122 2147 3193 αὐτῇ

2262 3134 2284 3169 ι
2314 3116 2450 3169 Cum
2496 3130 2660 3170 carne
2707 3114 2927 3186 quidem
2976 3132 3218 3187 pugnare
3245 3124 3301 3170 et
3347 3131 3413 3171 ea
3460 3114 3566 3177 uti,
3599 3110 3716 3167 nihil
3756 3108 3791 3162 ei

572 3206 712 3299 acpbe
745 3222 938 3295 ἡδονὴν
983 3220 1278 3274 ἀκόλαστον
1320 3215 1619 3270 ἐνδιδόντα·
1666 3215 1842 3288 ψυχὴν
1882 3214 1938 3268 δὲ
1965 3212 2150 3280 αὔξειν

2257 3206 2592 3278 impudicum
2622 3206 2903 3277 largiendo
2941 3208 3007 3262 ad
3039 3208 3399 3278 voluptatem;
3430 3221 3624 3276 augere
3646 3210 3792 3257 autem

572 3317 659 3372 διὰ
684 3316 917 3377 πίστεως
938 3309 1029 3367 καὶ
1051 3310 1301 3382 γνώσεως
1350 3329 1369 3363 ι

2258 3300 2497 3356 animam
2525 3315 2620 3370 per
2642 3300 2801 3355 tidem
2832 3299 3302 3371 etcognitionem.
3328 3318 3346 3352 ι

1841 3741 1991 3831 AD
2013 3726 2599 3835 NOTATIO.

665 3986 742 4059 (l)
784 3983 952 4041 Vetus
977 3996 1062 4040 est
1082 3982 1223 4054 apud
1249 3983 1577 4039 Clementem
1604 3980 2031 4037 Alexandrinum
2080 3982 2135 4037 in
2165 3980 2407 4038 secundo
2458 3980 2768 4036 Stromateo
2795 3979 3025 4050 apostoli
3050 3978 3288 4035 Matthize
3309 3979 3517 4037 dictqu
3536 4020 3552 4047 ,
3582 3977 3632 4032 in
3651 3969 3800 4027 Tradi-

575 4081 800 4137 tionibus
824 4123 839 4148 ,
889 4076 1038 4148 quod
1061 4076 1323 4129 admirari
1345 4075 1492 4147 jubet
1525 4077 1836 4145 prtesentia,
1866 4092 1930 4132 ac
1953 4092 2050 4147 per
2072 4092 2137 4132 ea
2160 4090 2263 4132 nos
2288 4075 2555 4148 gradatim
2581 4075 2647 4130 ad
2677 4075 2991 4131 ulteriorem
3013 4117 3029 4142 ,
3057 4076 3162 4130 hoc
3187 4086 3272 4133 est
3295 4077 3601 4132 divinarum
3629 4082 3795 4127 rerum.

583 4173 945 4242 cognitionem
979 4170 1249 4225 attollere.
1275 4169 1389 4224 lmo
1419 4168 1549 4238 quia
1580 4184 1683 4223 vox
1717 4169 1833 4239 ipsa
1863 4168 2163 4240 θαυμάζειν
2200 4183 2309 4223 non
2348 4167 2537 4221 mirari
2577 4167 2790 4234 solum,
2828 4167 2922 4224 sed
2956 4167 3119 4223 etiam
3154 4169 3382 4237 discere,
3422 4186 3490 4226 ac
3525 4159 3795 4231 discipulum

582 4280 693 4319 esse
716 4266 1022 4336 signiﬁcat,
1050 4275 1111 4321 ut
1146 4262 1491 4336 grammatici
1518 4263 1755 4329 docent,
1786 4273 1843 4318 et
1871 4264 2016 4319 inter
2050 4278 2146 4319 eos
2178 4261 2521 4334 Hesychius,
2555 4262 2643 4318 his
2674 4264 2823 4319 velut
2855 4264 3132 4336 magistris
3165 4277 3230 4317 ac
3264 4261 3607 4321 doctoribus,
3638 4252 3698 4309 ad
3725 4248 3796 4301 Dei

585 4358 836 4413 notitiam
863 4359 1130 4429 prolicere
1156 4398 1171 4425 ,
1197 4372 1263 4413 ac
1296 4356 1375 4411 sic
1408 4365 1665 4427 tanquam
1695 4357 1748 4411 in
1781 4357 1913 4412 ludo
1940 4357 2179 4427 quodam
2203 4365 2255 4411 et
2278 4356 2465 4411 schola
2495 4355 2694 4412 divinae
2729 4356 3206 4429 contemplationis
3226 4395 3242 4421 ,
3275 4355 3331 4410 in
3364 4356 3471 4411 hac
3506 4362 3672 4408 rerum
3701 4340 3798 4398 uni-

587 4456 846 4511 versitate
875 4456 1081 4511 versari
1113 4471 1214 4512 nos
1237 4456 1453 4511 volebat
1488 4453 1789 4525 apos’tolns.
1820 4452 2032 4510 Tritum
2064 4454 2198 4510 illud
2226 4463 2313 4510 est
2340 4470 2443 4510 usu
2468 4456 2798 4526 scriptorum
2828 4452 3072 4508 omnium
3093 4491 3109 4516 ,
3141 4465 3206 4507 ac
3233 4464 3486 4506 sermone
3531 4434 3797 4502 communi.

589 4548 738 4618 quod
768 4533 999 4619 magnus
1044 4548 1136 4604 ille
1176 4550 1513 4619 praedicabat
1560 4550 1865 4605 Antonius:
1899 4548 2159 4623 grandem
2206 4564 2332 4605 esse
2363 4552 2560 4604 librum
2603 4549 2869 4605 mundum
2904 4548 3053 4603 hunc
3074 4589 3089 4614 ,
3122 4547 3179 4601 in
3214 4561 3344 4617 quo,
3368 4545 3520 4600 velut
3550 4526 3797 4605 antiquam

590 4638 752 4710 periti
780 4654 943 4693 manu
967 4678 982 4705 ,
1026 4641 1417 4710 pulcherrimis
1457 4643 1762 4698 litterarum
1797 4645 1941 4698 notis
1981 4643 2225 4700 auctoris
2266 4659 2439 4709 lpSlllS
2478 4653 2801 4699 ornamenta
2841 4643 3111 4713 descripta
3165 4650 3311 4697 sunt.
3351 4638 3417 4693 In
3459 4623 3800 4710 pulchritudine

591 4730 709 4785 cmli
734 4738 782 4784 et
817 4740 970 4785 terra:
993 4731 1091 4802 (ait
1115 4743 1318 4789 auctor
1336 4735 1593 4806 Epistulae
1614 4740 1683 4795 ad
1707 4737 2128 4801 Demetriadem,
2148 4752 2271 4806 quae
2292 4746 2375 4791 est
2398 4738 2537 4791 inter
2559 4737 2948 4793 Ambrosianas
2976 4736 3066 4805 55)
3084 4735 3354 4806 :qutedam
3383 4741 3502 4788 sunt
3530 4713 3796 4801 paginis,“

593 4825 829 4878 omnium
858 4824 1038 4877 oculos
1060 4840 1260 4893 semper
1282 4836 1539 4895 patentes,
1558 4840 1607 4883 et
1632 4840 1901 4884 auctorem
1931 4844 2086 4882 suum
2125 4843 2391 4897 nunquam
2414 4838 2640 4883 tacentes
2658 4868 2672 4890 ,
2698 4845 2923 4899 quarum
2949 4828 3261 4899 protestatio
3284 4827 3572 4881 doctrinam
3597 4817 3799 4875 imitatur

595 4919 973 4988 magistrorum
993 4958 1008 4981 ,
1035 4925 1083 4969 et
1118 4915 1324 4985 eloquia
1349 4916 1773 4990 Scripturarum.
1806 4922 2015 4993 Atque,
2045 4932 2105 4978 ut
2134 4919 2429 4979 Facundus
2457 4898 2865 4975 Hermian’ensis
2892 4898 3032 4975 libro
3064 4934 3142 4974 xu
3169 4919 3388 4985 scribit,
3423 4916 3568 4972 Sicut
3597 4907 3722 4965 nobis
3743 4898 3795 4953 ad

596 5028 771 5067 rerum
809 5010 1250 5081 signiﬁcationem
1279 5013 1432 5066 verba
1460 5023 1581 5067 sunt
1609 5015 1737 5067 data
1757 5057 1773 5081 ,
1802 5016 1880 5069 sic
1905 5018 2250 5087 omnipotens
2288 5016 2461 5082 Deus,
2496 5016 2646 5084 cujus
2677 5013 2927 5081 potestati
2956 5012 3189 5077 subiecta
3219 5022 3340 5066 sunt
3368 5012 3541 5066 omnia
3560 5050 3573 5075 ,
3598 5013 3641 5059 et
3678 4995 3795 5064 cui“

596 5106 857 5177 sapientia
880 5104 1224 5175 singulariter
1246 5107 1387 5159 novit
1425 5107 1479 5159 in
1500 5122 1653 5159 usum
1678 5108 1937 5163 doctrina:
1960 5111 2122 5163 etiam
2147 5109 2483 5163 voluntarios
2508 5107 2849 5161 nescientium
2869 5116 3041 5159 motus
3065 5108 3424 5160 convenienter
3452 5115 3648 5176 aptare.
3668 5104 3792 5165 φασιν

599 5215 799 5268 cunque
822 5213 900 5251 res
930 5196 1168 5262 voluerit,
1195 5204 1316 5250 actu
1346 5208 1604 5252 creatura:
1633 5216 1745 5255 sua:
1765 5200 2593 5271 significat.—Quemadmodum
2628 5199 2812 5268 igitur,
2846 5206 2904 5252 ut
2926 5198 3215 5269 Augustini
3254 5200 3436 5255 verbis
3476 5194 3739 5253 absolvam,
3759 5180 3793 5236 εἰ

595 5294 805 5348 litteras
849 5289 1096 5359 pulchras
1143 5288 1340 5343 alicubi
1383 5290 1794 5361 inspiceremus,
1844 5310 1948 5346 non
1994 5294 2141 5347 nobis
2189 5296 2446 5365 su/ﬁceret
2492 5293 2718 5347 laudare
2759 5293 3031 5363 scriptoris
3085 5292 3408 5359 articulum,
3463 5285 3695 5366 quomodo
3725 5290 3791 5332 ιω

597 5385 793 5454 pariles
813 5426 828 5447 ,
854 5380 1079 5453 ecquale:
1100 5425 1115 5450 ,
1148 5384 1466 5454 decorasque
1491 5385 1647 5454 fecit,
1675 5386 1779 5440 nisi
1803 5387 1963 5440 etiam
1990 5386 2271 5457 legerimus
2291 5428 2307 5455 ,
2331 5388 2457 5459 quid
2492 5386 2648 5441 nobis
2680 5400 2772 5455 per
2807 5384 2934 5438 illas
2971 5385 3283 5441 indicaverit
3310 5403 3329 5442 :
3358 5388 3435 5442 ita
3477 5386 3566 5441 Dei
3591 5391 3701 5450 opus
3727 5383 3793 5439 (1³*

600 5487 807 5531 tantum
835 5480 1082 5549 inspicit,
1113 5478 1409 5534 delectatur
1436 5478 1833 5547 pulchritudine
1862 5482 2029 5548 operis
2053 5521 2069 5547 ,
2098 5490 2157 5533 ut
2193 5481 2495 5536 admiretur
2533 5480 2788 5548 artiﬁcem
2808 5496 2828 5544 ;
2852 5480 2943 5550 qui
2979 5490 3157 5533 autem
3203 5480 3483 5553 intelligit,
3510 5475 3646 5537 euasi
3680 5462 3791 5534 legi"

600 5564 716 5620 Hoc
739 5576 853 5622 est:
881 5569 1179 5640 θαυμάζειν
1205 5568 1275 5623 τὰ
1297 5569 1539 5642 παρόντα
1556 5610 1571 5626 .
1599 5585 1709 5625 non
1739 5570 1975 5625 otiosum
2007 5580 2187 5640 specta

2195 5579 2368 5627 torem
2403 5580 2457 5625 et
2488 5570 2885 5625 admiratorem
2924 5585 3082 5635 esse,
3116 5572 3210 5627 sed
3259 5574 3512 5646 docilem,
3545 5562 3790 5632 intellig”

603 5669 818 5728 tetnquc
838 5660 1187 5732 discipulum.
1221 5694 1289 5704 —-
1316 5662 1587 5721 Peravws
1606 5704 1622 5726 ,
1665 5661 1975 5735 Theologica
2006 5663 2299 5735 Dogmata,
2326 5670 2366 5717 t.
2400 5659 2468 5718 Ill
2489 5701 2505 5729 ,
2536 5660 2615 5716 De
2642 5661 2860 5731 api/icio
2885 5677 2938 5716 vr
2961 5659 3167 5715 dierum
3188 5704 3203 5729 ,
3237 5678 3293 5737 p.
3325 5662 3447 5721 22L
