  <div class='ocr_page' id='page_1' title='image "/cluster/home/n/w/nwhite01/storage/ocr_20150623/2/hvd.32044073501249/398.png"; bbox 0 0 4040 6322; ppageno 0'>
   <div class='ocr_carea' id='block_1_1' title="bbox 332 622 3566 794">
    <p class='ocr_par' dir='ltr' id='par_1_1' title="bbox 332 622 3566 794">
     <span class='ocr_line' id='line_1_1' title="bbox 332 622 3566 794; baseline -0.002 -12"><span class='ocrx_word' id='word_1_1' title='bbox 332 625 489 782; x_wconf 86' lang='lat' dir='ltr'><strong>S.</strong></span> <span class='ocrx_word' id='word_1_2' title='bbox 640 623 2247 794; x_wconf 75' lang='lat' dir='ltr'><strong>BARTHOLOM/EUS</strong></span> <span class='ocrx_word' id='word_1_3' title='bbox 2393 622 3566 786; x_wconf 87' lang='lat' dir='ltr'><strong>APOSTOLUS.</strong></span> 
     </span>
    </p>
   </div>
   <div class='ocr_carea' id='block_1_2' title="bbox 1236 1182 2676 1312">
    <p class='ocr_par' dir='ltr' id='par_1_2' title="bbox 1236 1182 2676 1312">
     <span class='ocr_line' id='line_1_2' title="bbox 1236 1182 2676 1312; baseline 0.002 -15"><span class='ocrx_word' id='word_1_4' title='bbox 1236 1182 2047 1312; x_wconf 82' lang='lat' dir='ltr'><strong>SENTENTIA</strong></span> <span class='ocrx_word' id='word_1_5' title='bbox 2163 1187 2676 1304; x_wconf 83' lang='lat' dir='ltr'><strong>BREVIS</strong></span> 
     </span>
    </p>
   </div>
   <div class='ocr_carea' id='block_1_3' title="bbox 1861 1493 2038 1545">
    <p class='ocr_par' dir='ltr' id='par_1_3' title="bbox 1861 1493 2038 1545">
     <span class='ocr_line' id='line_1_3' title="bbox 1861 1493 2038 1545; baseline 0 -9"><span class='ocrx_word' id='word_1_6' title='bbox 1861 1493 2038 1545; x_wconf 73' lang='lat' dir='ltr'><strong>QUAM</strong></span> 
     </span>
    </p>
   </div>
   <div class='ocr_carea' id='block_1_4' title="bbox 319 1713 3568 1784">
    <p class='ocr_par' dir='ltr' id='par_1_4' title="bbox 319 1713 3568 1784">
     <span class='ocr_line' id='line_1_4' title="bbox 319 1713 3568 1784; baseline -0.001 -8"><span class='ocrx_word' id='word_1_7' title='bbox 319 1713 466 1776; x_wconf 83' lang='lat' dir='ltr'><strong>SUB</strong></span> <span class='ocrx_word' id='word_1_8' title='bbox 513 1714 828 1776; x_wconf 83' lang='lat' dir='ltr'><strong>NOMINE</strong></span> <span class='ocrx_word' id='word_1_9' title='bbox 879 1717 1492 1784; x_wconf 71' lang='lat' dir='ltr'><strong>BARTHOLOM/El</strong></span> <span class='ocrx_word' id='word_1_10' title='bbox 1548 1717 1944 1780; x_wconf 84' lang='lat' dir='ltr'><strong>APOSTOLI</strong></span> <span class='ocrx_word' id='word_1_11' title='bbox 2003 1719 2106 1779; x_wconf 87' lang='lat' dir='ltr'><strong>AF</strong></span> <span class='ocrx_word' id='word_1_12' title='bbox 2117 1719 2322 1781; x_wconf 79' lang='lat' dir='ltr'><strong>FERT</strong></span> <span class='ocrx_word' id='word_1_13' title='bbox 2407 1720 2468 1779; x_wconf 93' lang='lat' dir='ltr'><strong>S.</strong></span> <span class='ocrx_word' id='word_1_14' title='bbox 2546 1715 2972 1780; x_wconf 84' lang='lat' dir='ltr'><strong>DIONYSIUS</strong></span> <span class='ocrx_word' id='word_1_15' title='bbox 3032 1713 3568 1776; x_wconf 80' lang='lat' dir='ltr'><strong>AREOPAGITA.</strong></span> 
     </span>
    </p>
   </div>
   <div class='ocr_carea' id='block_1_5' title="bbox 691 1946 3184 2018">
    <p class='ocr_par' dir='ltr' id='par_1_5' title="bbox 691 1946 3184 2018">
     <span class='ocr_line' id='line_1_5' title="bbox 691 1946 3184 2018; baseline 0.005 -24"><span class='ocrx_word' id='word_1_16' title='bbox 691 1947 782 2007; x_wconf 90' lang='lat' dir='ltr'><strong>(De</strong></span> <span class='ocrx_word' id='word_1_17' title='bbox 804 1946 1003 2009; x_wconf 77' lang='lat' dir='ltr'><strong>mystica</strong></span> <span class='ocrx_word' id='word_1_18' title='bbox 1028 1947 1281 2018; x_wconf 70' lang='lat' dir='ltr'><strong>theologia,</strong></span> <span class='ocrx_word' id='word_1_19' title='bbox 1307 1965 1409 2016; x_wconf 83' lang='lat' dir='ltr'><strong>cap.</strong></span> <span class='ocrx_word' id='word_1_20' title='bbox 1444 1953 1487 2012; x_wconf 83' lang='lat' dir='ltr'><strong>l,</strong></span> <span class='ocrx_word' id='word_1_21' title='bbox 1515 1954 1639 2018; x_wconf 90' lang='lat' dir='ltr'><strong>Opp.</strong></span> <span class='ocrx_word' id='word_1_22' title='bbox 1665 1961 1782 2005; x_wconf 89' lang='lat' dir='ltr'><strong>tom.</strong></span> <span class='ocrx_word' id='word_1_23' title='bbox 1806 1954 1845 2015; x_wconf 88' lang='lat' dir='ltr'><strong>l,</strong></span> <span class='ocrx_word' id='word_1_24' title='bbox 1872 1956 1952 2006; x_wconf 88' lang='lat' dir='ltr'><strong>ed.</strong></span> <span class='ocrx_word' id='word_1_25' title='bbox 1977 1956 2217 2016; x_wconf 84' lang='lat' dir='ltr'><strong>Corderii,</strong></span> <span class='ocrx_word' id='word_1_26' title='bbox 2244 1954 2488 2015; x_wconf 81' lang='lat' dir='ltr'><strong>Venetiis,</strong></span> <span class='ocrx_word' id='word_1_27' title='bbox 2517 1955 2654 2007; x_wconf 73' lang='lat'><strong>1755.</strong></span> <span class='ocrx_word' id='word_1_28' title='bbox 2680 1955 2890 2017; x_wconf 83' lang='lat' dir='ltr'><strong>tn-t&#39;olio,</strong></span> <span class='ocrx_word' id='word_1_29' title='bbox 2921 1967 3029 2017; x_wconf 81' lang='lat' dir='ltr'><strong>pag.</strong></span> <span class='ocrx_word' id='word_1_30' title='bbox 3056 1953 3184 2011; x_wconf 55' lang='grc' dir='ltr'><strong>ὅθι.)</strong></span> 
     </span>
    </p>
   </div>
   <div class='ocr_carea' id='block_1_6' title="bbox 1918 2175 1986 2188">
    <p class='ocr_par' dir='ltr' id='par_1_6' title="bbox 1918 2175 1986 2188">
     <span class='ocr_line' id='line_1_6' title="bbox 1918 2175 1986 2188; baseline -0.015 0"><span class='ocrx_word' id='word_1_31' title='bbox 1918 2175 1986 2188; x_wconf 75' lang='lat'><strong>—</strong></span> 
     </span>
    </p>
   </div>
   <div class='ocr_carea' id='block_1_7' title="bbox 393 2355 1988 2441">
    <p class='ocr_par' dir='ltr' id='par_1_7' title="bbox 393 2355 1892 2441">
     <span class='ocr_line' id='line_1_7' title="bbox 393 2355 1892 2441; baseline 0.011 -33"><span class='ocrx_word' id='word_1_32' title='bbox 393 2355 546 2409; x_wconf 77' lang='grc' dir='ltr'><strong>Οὕτω</strong></span> <span class='ocrx_word' id='word_1_33' title='bbox 589 2357 720 2426; x_wconf 80' lang='grc' dir='ltr'>γοῦν</span> <span class='ocrx_word' id='word_1_34' title='bbox 757 2363 784 2414; x_wconf 88' lang='grc' dir='ltr'>ὀ</span> <span class='ocrx_word' id='word_1_35' title='bbox 822 2361 964 2426; x_wconf 85' lang='grc' dir='ltr'><strong>Θείος</strong></span> <span class='ocrx_word' id='word_1_36' title='bbox 1003 2364 1524 2422; x_wconf 81' lang='grc' dir='ltr'><strong>ΒΑΡΘΟΛΟΜΑΙΟΣ</strong></span> <span class='ocrx_word' id='word_1_37' title='bbox 1573 2387 1704 2441; x_wconf 80' lang='grc' dir='ltr'><strong>φησι</strong></span> <span class='ocrx_word' id='word_1_38' title='bbox 1752 2391 1769 2422; x_wconf 72' lang='grc' dir='ltr'>α</span> <span class='ocrx_word' id='word_1_39' title='bbox 1798 2373 1892 2426; x_wconf 79' lang='grc' dir='ltr'><strong>καὶ</strong></span> 
     </span>
    </p>
   </div>
   <div class='ocr_carea' id='block_1_8' title="bbox 1978 2355 3573 2441">
    <p class='ocr_par' dir='ltr' id='par_1_8' title="bbox 2075 2361 3573 2440">
     <span class='ocr_line' id='line_1_8' title="bbox 2075 2361 3573 2440; baseline -0.003 -18"><span class='ocrx_word' id='word_1_40' title='bbox 2075 2369 2188 2425; x_wconf 78' lang='lat' dir='ltr'><strong>liae</strong></span> <span class='ocrx_word' id='word_1_41' title='bbox 2229 2370 2412 2440; x_wconf 88' lang='lat' dir='ltr'><strong>utique</strong></span> <span class='ocrx_word' id='word_1_42' title='bbox 2438 2369 2642 2424; x_wconf 89' lang='lat' dir='ltr'><strong>ratione</strong></span> <span class='ocrx_word' id='word_1_43' title='bbox 2672 2367 2829 2423; x_wconf 87' lang='lat' dir='ltr'><strong>divus</strong></span> <span class='ocrx_word' id='word_1_44' title='bbox 2863 2361 3454 2421; x_wconf 63' lang='lat' dir='ltr'><strong>BARTIJOLOMEUS</strong></span> <span class='ocrx_word' id='word_1_45' title='bbox 3502 2365 3573 2419; x_wconf 91' lang='lat' dir='ltr'><strong>ait</strong></span> 
     </span>
    </p>
   </div>
   <div class='ocr_carea' id='block_1_9' title="bbox 315 2443 1910 2532">
    <p class='ocr_par' dir='ltr' id='par_1_9' title="bbox 315 2443 1900 2530">
     <span class='ocr_line' id='line_1_9' title="bbox 315 2443 1900 2530; baseline 0.011 -35"><span class='ocrx_word' id='word_1_46' title='bbox 315 2443 522 2515; x_wconf 81' lang='grc' dir='ltr'><strong>πολλὴν</strong></span> <span class='ocrx_word' id='word_1_47' title='bbox 550 2448 647 2518; x_wconf 73' lang='grc' dir='ltr'><strong>τὴν</strong></span> <span class='ocrx_word' id='word_1_48' title='bbox 681 2449 957 2520; x_wconf 79' lang='grc' dir='ltr'><strong>Θεολογεαν</strong></span> <span class='ocrx_word' id='word_1_49' title='bbox 1009 2451 1146 2507; x_wconf 73' lang='grc' dir='ltr'><strong>εἶναι</strong></span> <span class='ocrx_word' id='word_1_50' title='bbox 1196 2457 1287 2509; x_wconf 75' lang='grc' dir='ltr'><strong>καὶ</strong></span> <span class='ocrx_word' id='word_1_51' title='bbox 1336 2456 1654 2530; x_wconf 79' lang='grc' dir='ltr'><strong>ἐλαχίστην·</strong></span> <span class='ocrx_word' id='word_1_52' title='bbox 1684 2461 1784 2512; x_wconf 72' lang='grc' dir='ltr'>καὶ</span> <span class='ocrx_word' id='word_1_53' title='bbox 1838 2472 1900 2512; x_wconf 80' lang='grc' dir='ltr'><strong>το</strong></span> 
     </span>
    </p>
   </div>
   <div class='ocr_carea' id='block_1_10' title="bbox 1980 2443 3575 2532">
    <p class='ocr_par' dir='ltr' id='par_1_10' title="bbox 2011 2444 3575 2532">
     <span class='ocr_line' id='line_1_10' title="bbox 2011 2444 3575 2532; baseline -0.002 -18"><span class='ocrx_word' id='word_1_54' title='bbox 2011 2481 2030 2514; x_wconf 76' lang='grc' dir='ltr'>ι</span> <span class='ocrx_word' id='word_1_55' title='bbox 2060 2444 2114 2517; x_wconf 79' lang='lat' dir='ltr'><strong>et</strong></span> <span class='ocrx_word' id='word_1_56' title='bbox 2143 2461 2421 2532; x_wconf 83' lang='lat' dir='ltr'><strong>copiosam</strong></span> <span class='ocrx_word' id='word_1_57' title='bbox 2462 2476 2583 2516; x_wconf 84' lang='lat' dir='ltr'><strong>esse</strong></span> <span class='ocrx_word' id='word_1_58' title='bbox 2611 2461 2937 2531; x_wconf 78' lang='lat' dir='ltr'><strong>theologiam</strong></span> <span class='ocrx_word' id='word_1_59' title='bbox 2968 2466 3022 2513; x_wconf 89' lang='lat' dir='ltr'><strong>et</strong></span> <span class='ocrx_word' id='word_1_60' title='bbox 3057 2458 3336 2512; x_wconf 85' lang='lat' dir='ltr'><strong>minimam</strong></span> <span class='ocrx_word' id='word_1_61' title='bbox 3364 2475 3378 2523; x_wconf 85' lang='lat'><strong>;</strong></span> <span class='ocrx_word' id='word_1_62' title='bbox 3415 2466 3575 2526; x_wconf 86' lang='lat' dir='ltr'><strong>atque</strong></span> 
     </span>
    </p>
   </div>
   <div class='ocr_carea' id='block_1_11' title="bbox 315 2537 1910 2624">
    <p class='ocr_par' dir='ltr' id='par_1_11' title="bbox 315 2537 1898 2622">
     <span class='ocr_line' id='line_1_11' title="bbox 315 2537 1898 2622; baseline 0.013 -35"><span class='ocrx_word' id='word_1_63' title='bbox 315 2537 648 2606; x_wconf 79' lang='grc' dir='ltr'><strong>Εὑαγγέλιον</strong></span> <span class='ocrx_word' id='word_1_64' title='bbox 682 2541 853 2596; x_wconf 79' lang='grc' dir='ltr'><strong>πλατὺ</strong></span> <span class='ocrx_word' id='word_1_65' title='bbox 889 2545 982 2597; x_wconf 77' lang='grc' dir='ltr'><strong>καὶ</strong></span> <span class='ocrx_word' id='word_1_66' title='bbox 1023 2546 1200 2618; x_wconf 77' lang='grc' dir='ltr'>μέγα,</span> <span class='ocrx_word' id='word_1_67' title='bbox 1257 2548 1350 2601; x_wconf 73' lang='grc' dir='ltr'><strong>καὶ</strong></span> <span class='ocrx_word' id='word_1_68' title='bbox 1392 2545 1544 2613; x_wconf 76' lang='grc' dir='ltr'>αὖθις</span> <span class='ocrx_word' id='word_1_69' title='bbox 1597 2567 1898 2622; x_wconf 83' lang='grc' dir='ltr'><strong>συντετμη-</strong></span> 
     </span>
    </p>
   </div>
   <div class='ocr_carea' id='block_1_12' title="bbox 1978 2537 3573 2624">
    <p class='ocr_par' dir='ltr' id='par_1_12' title="bbox 2007 2550 3573 2624">
     <span class='ocr_line' id='line_1_12' title="bbox 2007 2550 3573 2624; baseline -0.001 -17"><span class='ocrx_word' id='word_1_70' title='bbox 2007 2551 2360 2624; x_wconf 78' lang='lat' dir='ltr'><strong>Evangelium</strong></span> <span class='ocrx_word' id='word_1_71' title='bbox 2392 2553 2631 2624; x_wconf 91' lang='lat' dir='ltr'><strong>amplum</strong></span> <span class='ocrx_word' id='word_1_72' title='bbox 2669 2562 2723 2607; x_wconf 90' lang='lat' dir='ltr'><strong>et</strong></span> <span class='ocrx_word' id='word_1_73' title='bbox 2757 2567 3012 2621; x_wconf 88' lang='lat' dir='ltr'><strong>magnum</strong></span> <span class='ocrx_word' id='word_1_74' title='bbox 3037 2591 3051 2616; x_wconf 96' lang='lat'><strong>,</strong></span> <span class='ocrx_word' id='word_1_75' title='bbox 3080 2560 3132 2605; x_wconf 91' lang='lat' dir='ltr'><strong>et</strong></span> <span class='ocrx_word' id='word_1_76' title='bbox 3168 2566 3360 2606; x_wconf 81' lang='lat' dir='ltr'><strong>rursus</strong></span> <span class='ocrx_word' id='word_1_77' title='bbox 3391 2550 3573 2606; x_wconf 88' lang='lat' dir='ltr'><strong>conci-</strong></span> 
     </span>
    </p>
   </div>
   <div class='ocr_carea' id='block_1_13' title="bbox 315 2629 1910 2700">
    <p class='ocr_par' dir='ltr' id='par_1_13' title="bbox 315 2629 552 2697">
     <span class='ocr_line' id='line_1_13' title="bbox 315 2629 552 2697; baseline 0.004 -16"><span class='ocrx_word' id='word_1_78' title='bbox 315 2629 500 2697; x_wconf 79' lang='grc' dir='ltr'><strong>μένον.</strong></span> <span class='ocrx_word' id='word_1_79' title='bbox 536 2651 552 2682; x_wconf 72' lang='grc' dir='ltr'><strong><em>ι</em></strong></span> 
     </span>
    </p>
   </div>
   <div class='ocr_carea' id='block_1_14' title="bbox 603 2629 2198 2700">
    <p class='ocr_par' dir='ltr' id='par_1_14' title="bbox 2007 2660 2198 2700">
     <span class='ocr_line' id='line_1_14' title="bbox 2007 2660 2198 2700; baseline -0.021 0"><span class='ocrx_word' id='word_1_80' title='bbox 2007 2660 2152 2700; x_wconf 91' lang='lat' dir='ltr'><strong>sum.</strong></span> <span class='ocrx_word' id='word_1_81' title='bbox 2181 2664 2198 2696; x_wconf 80' lang='grc' dir='ltr'><strong>Ι</strong></span> 
     </span>
    </p>
   </div>
   <div class='ocr_carea' id='block_1_15' title="bbox 1105 3037 2738 3140">
    <p class='ocr_par' dir='ltr' id='par_1_15' title="bbox 1105 3037 2738 3140">
     <span class='ocr_line' id='line_1_15' title="bbox 1105 3037 2738 3140; baseline 0.006 -10"><span class='ocrx_word' id='word_1_82' title='bbox 1105 3037 1684 3140; x_wconf 80' lang='lat' dir='ltr'><strong>CORDERII</strong></span> <span class='ocrx_word' id='word_1_83' title='bbox 1763 3037 2738 3140; x_wconf 77' lang='lat' dir='ltr'><strong>COMMENTARIUM</strong></span> 
     </span>
    </p>
   </div>
   <div class='ocr_carea' id='block_1_16' title="bbox 406 3294 3570 3367">
    <p class='ocr_par' dir='ltr' id='par_1_16' title="bbox 406 3294 3570 3367">
     <span class='ocr_line' id='line_1_16' title="bbox 406 3294 3570 3367; baseline 0.001 -16"><span class='ocrx_word' id='word_1_84' title='bbox 406 3317 520 3351; x_wconf 55' lang='lat' dir='ltr'><strong>hac</strong></span> <span class='ocrx_word' id='word_1_85' title='bbox 543 3314 719 3367; x_wconf 75' lang='lat' dir='ltr'><strong>urique</strong></span> <span class='ocrx_word' id='word_1_86' title='bbox 748 3297 951 3351; x_wconf 85' lang='lat' dir='ltr'><strong>ratione</strong></span> <span class='ocrx_word' id='word_1_87' title='bbox 982 3295 1050 3349; x_wconf 89' lang='lat' dir='ltr'><strong>D.</strong></span> <span class='ocrx_word' id='word_1_88' title='bbox 1083 3296 1536 3352; x_wconf 76' lang='lat' dir='ltr'><strong>Bartholomwus.</strong></span> <span class='ocrx_word' id='word_1_89' title='bbox 1575 3295 1730 3352; x_wconf 88' lang='lat' dir='ltr'><strong>Unde</strong></span> <span class='ocrx_word' id='word_1_90' title='bbox 1759 3296 2051 3366; x_wconf 81' lang='lat' dir='ltr'><strong>colligitur,</strong></span> <span class='ocrx_word' id='word_1_91' title='bbox 2078 3303 2326 3354; x_wconf 88' lang='lat' dir='ltr'><strong>sanctum</strong></span> <span class='ocrx_word' id='word_1_92' title='bbox 2350 3294 2807 3351; x_wconf 66' lang='lat' dir='ltr'><strong>Bartholomazum</strong></span> <span class='ocrx_word' id='word_1_93' title='bbox 2839 3296 3020 3367; x_wconf 82' lang='lat' dir='ltr'><strong>aliqua</strong></span> <span class='ocrx_word' id='word_1_94' title='bbox 3055 3295 3217 3352; x_wconf 89' lang='lat' dir='ltr'><strong>etiam</strong></span> <span class='ocrx_word' id='word_1_95' title='bbox 3268 3295 3570 3366; x_wconf 73' lang='lat' dir='ltr'><strong>theologica</strong></span> 
     </span>
    </p>
   </div>
   <div class='ocr_carea' id='block_1_17' title="bbox 317 3389 3573 3461">
    <p class='ocr_par' dir='ltr' id='par_1_17' title="bbox 317 3389 3573 3461">
     <span class='ocr_line' id='line_1_17' title="bbox 317 3389 3573 3461; baseline 0.001 -18"><span class='ocrx_word' id='word_1_96' title='bbox 317 3389 614 3457; x_wconf 85' lang='lat' dir='ltr'><strong>scripsisse</strong></span> <span class='ocrx_word' id='word_1_97' title='bbox 634 3430 648 3452; x_wconf 95' lang='lat'><strong>,</strong></span> <span class='ocrx_word' id='word_1_98' title='bbox 684 3389 761 3442; x_wconf 87' lang='lat' dir='ltr'><strong>uti</strong></span> <span class='ocrx_word' id='word_1_99' title='bbox 785 3398 838 3443; x_wconf 91' lang='lat' dir='ltr'><strong>et</strong></span> <span class='ocrx_word' id='word_1_100' title='bbox 873 3389 1010 3444; x_wconf 90' lang='lat' dir='ltr'><strong>alios</strong></span> <span class='ocrx_word' id='word_1_101' title='bbox 1035 3391 1315 3458; x_wconf 79' lang='lat' dir='ltr'><strong>apostOlos</strong></span> <span class='ocrx_word' id='word_1_102' title='bbox 1345 3391 1656 3446; x_wconf 90' lang='lat' dir='ltr'><strong>verosimile</strong></span> <span class='ocrx_word' id='word_1_103' title='bbox 1677 3401 1796 3458; x_wconf 88' lang='lat' dir='ltr'><strong>est,</strong></span> <span class='ocrx_word' id='word_1_104' title='bbox 1828 3391 1895 3447; x_wconf 89' lang='lat' dir='ltr'><strong>de</strong></span> <span class='ocrx_word' id='word_1_105' title='bbox 1927 3391 2094 3446; x_wconf 83' lang='lat' dir='ltr'><strong>rebus</strong></span> <span class='ocrx_word' id='word_1_106' title='bbox 2126 3405 2188 3445; x_wconf 90' lang='lat' dir='ltr'><strong>ac</strong></span> <span class='ocrx_word' id='word_1_107' title='bbox 2211 3391 2607 3461; x_wconf 65' lang='lat' dir='ltr'><strong>quaestionibus</strong></span> <span class='ocrx_word' id='word_1_108' title='bbox 2627 3391 2831 3446; x_wconf 85' lang='lat' dir='ltr'><strong>divinis</strong></span> <span class='ocrx_word' id='word_1_109' title='bbox 2859 3405 2954 3460; x_wconf 91' lang='lat' dir='ltr'><strong>per</strong></span> <span class='ocrx_word' id='word_1_110' title='bbox 2983 3391 3267 3460; x_wconf 84' lang='lat' dir='ltr'><strong>epistolam</strong></span> <span class='ocrx_word' id='word_1_111' title='bbox 3297 3407 3396 3461; x_wconf 88' lang='lat' dir='ltr'><strong>pro</strong></span> <span class='ocrx_word' id='word_1_112' title='bbox 3417 3407 3573 3446; x_wconf 87' lang='lat' dir='ltr'><strong>oeca-</strong></span> 
     </span>
    </p>
   </div>
   <div class='ocr_carea' id='block_1_18' title="bbox 314 3481 3575 3554">
    <p class='ocr_par' dir='ltr' id='par_1_18' title="bbox 314 3481 3575 3554">
     <span class='ocr_line' id='line_1_18' title="bbox 314 3481 3575 3554; baseline 0 -15"><span class='ocrx_word' id='word_1_113' title='bbox 314 3484 483 3539; x_wconf 84' lang='lat' dir='ltr'><strong>sione</strong></span> <span class='ocrx_word' id='word_1_114' title='bbox 504 3481 867 3550; x_wconf 81' lang='lat' dir='ltr'><strong>interrogatos</strong></span> <span class='ocrx_word' id='word_1_115' title='bbox 888 3522 903 3546; x_wconf 96' lang='lat'><strong>,</strong></span> <span class='ocrx_word' id='word_1_116' title='bbox 929 3481 996 3535; x_wconf 93' lang='lat' dir='ltr'><strong>de</strong></span> <span class='ocrx_word' id='word_1_117' title='bbox 1024 3481 1215 3538; x_wconf 85' lang='lat' dir='ltr'><strong>iisdem</strong></span> <span class='ocrx_word' id='word_1_118' title='bbox 1241 3483 1403 3538; x_wconf 85' lang='lat' dir='ltr'><strong>verba</strong></span> <span class='ocrx_word' id='word_1_119' title='bbox 1444 3483 1634 3538; x_wconf 84' lang='lat' dir='ltr'><strong>saltem</strong></span> <span class='ocrx_word' id='word_1_120' title='bbox 1664 3484 1867 3553; x_wconf 89' lang='lat' dir='ltr'><strong>scripto</strong></span> <span class='ocrx_word' id='word_1_121' title='bbox 1894 3483 2274 3553; x_wconf 86' lang='lat' dir='ltr'><strong>respondisse,</strong></span> <span class='ocrx_word' id='word_1_122' title='bbox 2303 3493 2356 3537; x_wconf 89' lang='lat' dir='ltr'><strong>et</strong></span> <span class='ocrx_word' id='word_1_123' title='bbox 2386 3482 2778 3538; x_wconf 84' lang='lat' dir='ltr'><strong>sublimissima</strong></span> <span class='ocrx_word' id='word_1_124' title='bbox 2799 3523 2814 3547; x_wconf 92' lang='lat'><strong>,</strong></span> <span class='ocrx_word' id='word_1_125' title='bbox 2845 3498 2968 3554; x_wconf 80' lang='lat' dir='ltr'><strong>qua:</strong></span> <span class='ocrx_word' id='word_1_126' title='bbox 2989 3500 3054 3538; x_wconf 81' lang='lat' dir='ltr'><strong>ex</strong></span> <span class='ocrx_word' id='word_1_127' title='bbox 3090 3485 3209 3553; x_wconf 89' lang='lat' dir='ltr'><strong>ipso</strong></span> <span class='ocrx_word' id='word_1_128' title='bbox 3239 3483 3349 3541; x_wconf 88' lang='lat' dir='ltr'><strong>Deo</strong></span> <span class='ocrx_word' id='word_1_129' title='bbox 3380 3485 3575 3540; x_wconf 86' lang='lat' dir='ltr'><strong>hause-</strong></span> 
     </span>
    </p>
   </div>
   <div class='ocr_carea' id='block_1_19' title="bbox 315 3574 3573 3646">
    <p class='ocr_par' dir='ltr' id='par_1_19' title="bbox 315 3574 3573 3646">
     <span class='ocr_line' id='line_1_19' title="bbox 315 3574 3573 3646; baseline -0 -15"><span class='ocrx_word' id='word_1_130' title='bbox 315 3585 451 3637; x_wconf 80' lang='lat' dir='ltr'><strong>rant</strong></span> <span class='ocrx_word' id='word_1_131' title='bbox 479 3575 700 3630; x_wconf 87' lang='lat' dir='ltr'><strong>oracula</strong></span> <span class='ocrx_word' id='word_1_132' title='bbox 721 3616 735 3640; x_wconf 90' lang='lat'><strong>,</strong></span> <span class='ocrx_word' id='word_1_133' title='bbox 763 3575 1084 3642; x_wconf 87' lang='lat' dir='ltr'><strong>tradidisse,</strong></span> <span class='ocrx_word' id='word_1_134' title='bbox 1113 3591 1235 3645; x_wconf 65' lang='lat' dir='ltr'><strong>quae</strong></span> <span class='ocrx_word' id='word_1_135' title='bbox 1279 3577 1596 3646; x_wconf 88' lang='lat' dir='ltr'><strong>aliquandiu</strong></span> <span class='ocrx_word' id='word_1_136' title='bbox 1617 3617 1632 3643; x_wconf 91' lang='lat'><strong>,</strong></span> <span class='ocrx_word' id='word_1_137' title='bbox 1661 3577 1737 3630; x_wconf 90' lang='lat' dir='ltr'><strong>uti</strong></span> <span class='ocrx_word' id='word_1_138' title='bbox 1776 3577 1955 3632; x_wconf 89' lang='lat' dir='ltr'><strong>solent</strong></span> <span class='ocrx_word' id='word_1_139' title='bbox 1975 3575 2220 3645; x_wconf 72' lang='lat' dir='ltr'><strong>epistola:</strong></span> <span class='ocrx_word' id='word_1_140' title='bbox 2239 3615 2253 3640; x_wconf 89' lang='lat'><strong>,</strong></span> <span class='ocrx_word' id='word_1_141' title='bbox 2289 3575 2742 3640; x_wconf 86' lang='lat' dir='ltr'><strong>asservabantur,</strong></span> <span class='ocrx_word' id='word_1_142' title='bbox 2772 3585 2826 3629; x_wconf 89' lang='lat' dir='ltr'><strong>et</strong></span> <span class='ocrx_word' id='word_1_143' title='bbox 2873 3574 3171 3630; x_wconf 83' lang='lat' dir='ltr'><strong>Catholicis</strong></span> <span class='ocrx_word' id='word_1_144' title='bbox 3201 3576 3573 3632; x_wconf 85' lang='lat' dir='ltr'><strong>communica-</strong></span> 
     </span>
    </p>
   </div>
   <div class='ocr_carea' id='block_1_20' title="bbox 317 3665 3570 3740">
    <p class='ocr_par' dir='ltr' id='par_1_20' title="bbox 317 3665 3570 3740">
     <span class='ocr_line' id='line_1_20' title="bbox 317 3665 3570 3740; baseline -0.001 -16"><span class='ocrx_word' id='word_1_145' title='bbox 317 3670 548 3730; x_wconf 82' lang='lat' dir='ltr'><strong>bantur.</strong></span> <span class='ocrx_word' id='word_1_146' title='bbox 576 3670 668 3724; x_wconf 88' lang='lat' dir='ltr'><strong>sed</strong></span> <span class='ocrx_word' id='word_1_147' title='bbox 697 3668 1042 3740; x_wconf 90' lang='lat' dir='ltr'><strong>postmodum</strong></span> <span class='ocrx_word' id='word_1_148' title='bbox 1076 3679 1381 3740; x_wconf 88' lang='lat' dir='ltr'><strong>temporum</strong></span> <span class='ocrx_word' id='word_1_149' title='bbox 1416 3669 1634 3739; x_wconf 89' lang='lat' dir='ltr'><strong>injuriis</strong></span> <span class='ocrx_word' id='word_1_150' title='bbox 1684 3665 2081 3724; x_wconf 89' lang='lat' dir='ltr'><strong>interciderint.</strong></span> <span class='ocrx_word' id='word_1_151' title='bbox 2118 3669 2209 3725; x_wconf 78' lang='lat' dir='ltr'><strong>Ait</strong></span> <span class='ocrx_word' id='word_1_152' title='bbox 2237 3678 2285 3723; x_wconf 86' lang='lat' dir='ltr'><strong>et</strong></span> <span class='ocrx_word' id='word_1_153' title='bbox 2311 3669 2578 3738; x_wconf 72' lang='lat' dir='ltr'><strong>copiosam</strong></span> <span class='ocrx_word' id='word_1_154' title='bbox 2593 3684 2701 3721; x_wconf 70' lang='lat' dir='ltr'><strong>esse</strong></span> <span class='ocrx_word' id='word_1_155' title='bbox 2725 3665 3059 3736; x_wconf 78' lang='lat' dir='ltr'><strong>theologiam,</strong></span> <span class='ocrx_word' id='word_1_156' title='bbox 3079 3667 3130 3720; x_wconf 87' lang='lat' dir='ltr'><strong>id</strong></span> <span class='ocrx_word' id='word_1_157' title='bbox 3147 3675 3227 3719; x_wconf 85' lang='lat' dir='ltr'><strong>est</strong></span> <span class='ocrx_word' id='word_1_158' title='bbox 3243 3665 3443 3733; x_wconf 79' lang='lat' dir='ltr'><strong>fusam,</strong></span> <span class='ocrx_word' id='word_1_159' title='bbox 3465 3683 3570 3737; x_wconf 87' lang='lat' dir='ltr'><strong>qua</strong></span> 
     </span>
    </p>
   </div>
   <div class='ocr_carea' id='block_1_21' title="bbox 318 3757 3573 3831">
    <p class='ocr_par' dir='ltr' id='par_1_21' title="bbox 318 3757 3573 3831">
     <span class='ocr_line' id='line_1_21' title="bbox 318 3757 3573 3831; baseline -0.001 -17"><span class='ocrx_word' id='word_1_160' title='bbox 318 3769 483 3831; x_wconf 82' lang='lat' dir='ltr'><strong>parte</strong></span> <span class='ocrx_word' id='word_1_161' title='bbox 507 3759 754 3814; x_wconf 81' lang='lat' dir='ltr'><strong>videlicet</strong></span> <span class='ocrx_word' id='word_1_162' title='bbox 775 3774 840 3814; x_wconf 76' lang='lat' dir='ltr'><strong>ex</strong></span> <span class='ocrx_word' id='word_1_163' title='bbox 874 3761 1144 3815; x_wconf 85' lang='lat' dir='ltr'><strong>creaturis</strong></span> <span class='ocrx_word' id='word_1_164' title='bbox 1169 3770 1228 3814; x_wconf 87' lang='lat' dir='ltr'><strong>ut</strong></span> <span class='ocrx_word' id='word_1_165' title='bbox 1254 3760 1492 3821; x_wconf 69' lang='lat' dir='ltr'><strong>eﬂ‘cetis.</strong></span> <span class='ocrx_word' id='word_1_166' title='bbox 1529 3769 1787 3830; x_wconf 79' lang='lat' dir='ltr'><strong>tanquam</strong></span> <span class='ocrx_word' id='word_1_167' title='bbox 1828 3773 1859 3812; x_wconf 85' lang='lat' dir='ltr'><strong>a</strong></span> <span class='ocrx_word' id='word_1_168' title='bbox 1895 3760 2200 3828; x_wconf 86' lang='lat' dir='ltr'><strong>posteriore</strong></span> <span class='ocrx_word' id='word_1_169' title='bbox 2223 3803 2237 3826; x_wconf 97' lang='lat'><strong>,</strong></span> <span class='ocrx_word' id='word_1_170' title='bbox 2270 3768 2328 3814; x_wconf 91' lang='lat' dir='ltr'><strong>ut</strong></span> <span class='ocrx_word' id='word_1_171' title='bbox 2361 3759 2518 3814; x_wconf 87' lang='lat' dir='ltr'><strong>aiunt</strong></span> <span class='ocrx_word' id='word_1_172' title='bbox 2547 3757 2853 3829; x_wconf 85' lang='lat' dir='ltr'><strong>philosophi</strong></span> <span class='ocrx_word' id='word_1_173' title='bbox 2874 3796 2888 3822; x_wconf 90' lang='lat'><strong>,</strong></span> <span class='ocrx_word' id='word_1_174' title='bbox 2920 3757 2975 3811; x_wconf 93' lang='lat' dir='ltr'><strong>in</strong></span> <span class='ocrx_word' id='word_1_175' title='bbox 3003 3757 3268 3813; x_wconf 84' lang='lat' dir='ltr'><strong>creatoris</strong></span> <span class='ocrx_word' id='word_1_176' title='bbox 3295 3773 3359 3811; x_wconf 84' lang='lat' dir='ltr'><strong>ae</strong></span> <span class='ocrx_word' id='word_1_177' title='bbox 3393 3774 3573 3813; x_wconf 72' lang='lat' dir='ltr'><strong>causa:</strong></span> 
     </span>
    </p>
   </div>
   <div class='ocr_carea' id='block_1_22' title="bbox 239 3836 3569 3925">
    <p class='ocr_par' dir='ltr' id='par_1_22' title="bbox 239 3836 3569 3925">
     <span class='ocr_line' id='line_1_22' title="bbox 239 3836 3569 3925; baseline 0 -18"><span class='ocrx_word' id='word_1_178' title='bbox 239 3836 244 3840; x_wconf 50' lang='grc'><em>’</em></span> <span class='ocrx_word' id='word_1_179' title='bbox 319 3853 517 3925; x_wconf 66' lang='lat' dir='ltr'><strong>prima:</strong></span> <span class='ocrx_word' id='word_1_180' title='bbox 543 3851 794 3907; x_wconf 87' lang='lat' dir='ltr'><strong>notitiam</strong></span> <span class='ocrx_word' id='word_1_181' title='bbox 825 3851 1127 3918; x_wconf 84' lang='lat' dir='ltr'><strong>devenitur,</strong></span> <span class='ocrx_word' id='word_1_182' title='bbox 1158 3869 1279 3924; x_wconf 62' lang='lat' dir='ltr'><strong>quae</strong></span> <span class='ocrx_word' id='word_1_183' title='bbox 1305 3853 1528 3924; x_wconf 87' lang='lat' dir='ltr'><strong>quidem</strong></span> <span class='ocrx_word' id='word_1_184' title='bbox 1575 3868 1702 3922; x_wconf 92' lang='lat' dir='ltr'><strong>pars</strong></span> <span class='ocrx_word' id='word_1_185' title='bbox 1728 3861 1811 3907; x_wconf 88' lang='lat' dir='ltr'><strong>est</strong></span> <span class='ocrx_word' id='word_1_186' title='bbox 1844 3853 2133 3923; x_wconf 66' lang='lat' dir='ltr'><strong>theologia:</strong></span> <span class='ocrx_word' id='word_1_187' title='bbox 2163 3853 2593 3908; x_wconf 87' lang='lat' dir='ltr'><strong>demonstrantis</strong></span> <span class='ocrx_word' id='word_1_188' title='bbox 2613 3893 2626 3915; x_wconf 94' lang='lat'><strong>,</strong></span> <span class='ocrx_word' id='word_1_189' title='bbox 2663 3852 2744 3906; x_wconf 84' lang='lat' dir='ltr'><strong>vel</strong></span> <span class='ocrx_word' id='word_1_190' title='bbox 2770 3859 2916 3906; x_wconf 88' lang='lat' dir='ltr'><strong>certe</strong></span> <span class='ocrx_word' id='word_1_191' title='bbox 2944 3867 3052 3920; x_wconf 91' lang='lat' dir='ltr'><strong>qua</strong></span> <span class='ocrx_word' id='word_1_192' title='bbox 3089 3863 3239 3922; x_wconf 75' lang='lat' dir='ltr'><strong>parte</strong></span> <span class='ocrx_word' id='word_1_193' title='bbox 3273 3856 3569 3923; x_wconf 81' lang='lat' dir='ltr'><strong>sytnbulica</strong></span> 
     </span>
    </p>
   </div>
   <div class='ocr_carea' id='block_1_23' title="bbox 317 3944 3574 4022">
    <p class='ocr_par' dir='ltr' id='par_1_23' title="bbox 317 3944 3574 4022">
     <span class='ocr_line' id='line_1_23' title="bbox 317 3944 3574 4022; baseline -0.001 -18"><span class='ocrx_word' id='word_1_194' title='bbox 317 3955 408 4004; x_wconf 83' lang='lat' dir='ltr'><strong>est</strong></span> <span class='ocrx_word' id='word_1_195' title='bbox 423 3987 444 4022; x_wconf 23' lang='grc' dir='ltr'><strong>ι,</strong></span> <span class='ocrx_word' id='word_1_196' title='bbox 475 3961 598 4016; x_wconf 55' lang='lat' dir='ltr'><strong>Quae</strong></span> <span class='ocrx_word' id='word_1_197' title='bbox 617 3954 755 4000; x_wconf 80' lang='lat' dir='ltr'><strong>teste</strong></span> <span class='ocrx_word' id='word_1_198' title='bbox 781 3944 1041 4017; x_wconf 79' lang='lat' dir='ltr'><strong>DiOnysio</strong></span> <span class='ocrx_word' id='word_1_199' title='bbox 1071 3963 1191 4017; x_wconf 88' lang='lat' dir='ltr'><strong>cap.</strong></span> <span class='ocrx_word' id='word_1_200' title='bbox 1221 3963 1336 4017; x_wconf 90' lang='lat' dir='ltr'><strong>seq.</strong></span> <span class='ocrx_word' id='word_1_201' title='bbox 1382 3947 1539 4018; x_wconf 87' lang='lat' dir='ltr'><strong>longe</strong></span> <span class='ocrx_word' id='word_1_202' title='bbox 1581 3946 1860 4002; x_wconf 83' lang='lat' dir='ltr'><strong>iusissima</strong></span> <span class='ocrx_word' id='word_1_203' title='bbox 1887 3946 2102 4001; x_wconf 77' lang='lat' dir='ltr'><strong>exsistit</strong></span> <span class='ocrx_word' id='word_1_204' title='bbox 2135 3961 2148 3997; x_wconf 88' lang='lat'><strong>:</strong></span> <span class='ocrx_word' id='word_1_205' title='bbox 2179 3955 2228 4000; x_wconf 78' lang='lat' dir='ltr'><strong>et</strong></span> <span class='ocrx_word' id='word_1_206' title='bbox 2276 3945 2548 3999; x_wconf 79' lang='lat' dir='ltr'><strong>minimam</strong></span> <span class='ocrx_word' id='word_1_207' title='bbox 2569 3987 2583 4011; x_wconf 96' lang='lat'><strong>,</strong></span> <span class='ocrx_word' id='word_1_208' title='bbox 2629 3945 2679 3999; x_wconf 88' lang='lat' dir='ltr'><strong>id</strong></span> <span class='ocrx_word' id='word_1_209' title='bbox 2707 3953 2792 3998; x_wconf 88' lang='lat' dir='ltr'><strong>est</strong></span> <span class='ocrx_word' id='word_1_210' title='bbox 2833 3945 3212 3999; x_wconf 85' lang='lat' dir='ltr'><strong>brevissimam</strong></span> <span class='ocrx_word' id='word_1_211' title='bbox 3234 3987 3249 4013; x_wconf 93' lang='lat'><strong>,</strong></span> <span class='ocrx_word' id='word_1_212' title='bbox 3279 3963 3385 4016; x_wconf 92' lang='lat' dir='ltr'><strong>qua</strong></span> <span class='ocrx_word' id='word_1_213' title='bbox 3421 3957 3574 4016; x_wconf 80' lang='lat' dir='ltr'><strong>parte</strong></span> 
     </span>
    </p>
   </div>
   <div class='ocr_carea' id='block_1_24' title="bbox 319 4039 3572 4113">
    <p class='ocr_par' dir='ltr' id='par_1_24' title="bbox 319 4039 3572 4113">
     <span class='ocr_line' id='line_1_24' title="bbox 319 4039 3572 4113; baseline 0.001 -15"><span class='ocrx_word' id='word_1_214' title='bbox 319 4042 588 4098; x_wconf 88' lang='lat' dir='ltr'><strong>nimirum</strong></span> <span class='ocrx_word' id='word_1_215' title='bbox 622 4040 849 4111; x_wconf 74' lang='lat' dir='ltr'><strong>mystica</strong></span> <span class='ocrx_word' id='word_1_216' title='bbox 880 4052 994 4102; x_wconf 86' lang='lat' dir='ltr'><strong>est,</strong></span> <span class='ocrx_word' id='word_1_217' title='bbox 1032 4051 1090 4097; x_wconf 91' lang='lat' dir='ltr'><strong>ut</strong></span> <span class='ocrx_word' id='word_1_218' title='bbox 1116 4041 1314 4096; x_wconf 91' lang='lat' dir='ltr'><strong>ibidem</strong></span> <span class='ocrx_word' id='word_1_219' title='bbox 1341 4041 1632 4113; x_wconf 80' lang='lat' dir='ltr'><strong>Dionysius</strong></span> <span class='ocrx_word' id='word_1_220' title='bbox 1660 4041 1922 4110; x_wconf 80' lang='lat' dir='ltr'><strong>explicat;</strong></span> <span class='ocrx_word' id='word_1_221' title='bbox 1956 4041 2040 4096; x_wconf 90' lang='lat' dir='ltr'><strong>vel</strong></span> <span class='ocrx_word' id='word_1_222' title='bbox 2075 4052 2227 4096; x_wconf 89' lang='lat' dir='ltr'><strong>certe</strong></span> <span class='ocrx_word' id='word_1_223' title='bbox 2253 4041 2381 4111; x_wconf 91' lang='lat' dir='ltr'><strong>quia</strong></span> <span class='ocrx_word' id='word_1_224' title='bbox 2413 4039 2556 4096; x_wconf 87' lang='lat' dir='ltr'><strong>Deus</strong></span> <span class='ocrx_word' id='word_1_225' title='bbox 2589 4057 2619 4095; x_wconf 91' lang='lat' dir='ltr'><strong>a</strong></span> <span class='ocrx_word' id='word_1_226' title='bbox 2647 4039 2816 4110; x_wconf 88' lang='lat' dir='ltr'><strong>priori</strong></span> <span class='ocrx_word' id='word_1_227' title='bbox 2844 4040 3344 4097; x_wconf 84' lang='lat' dir='ltr'><strong>indemonstrabilis</strong></span> <span class='ocrx_word' id='word_1_228' title='bbox 3369 4053 3452 4098; x_wconf 88' lang='lat' dir='ltr'><strong>est</strong></span> <span class='ocrx_word' id='word_1_229' title='bbox 3473 4086 3486 4110; x_wconf 97' lang='lat'><strong>,</strong></span> <span class='ocrx_word' id='word_1_230' title='bbox 3515 4057 3572 4102; x_wconf 90' lang='lat' dir='ltr'><strong>ut</strong></span> 
     </span>
    </p>
   </div>
   <div class='ocr_carea' id='block_1_25' title="bbox 321 4134 3571 4206">
    <p class='ocr_par' dir='ltr' id='par_1_25' title="bbox 321 4134 3571 4206">
     <span class='ocr_line' id='line_1_25' title="bbox 321 4134 3571 4206; baseline 0.002 -15"><span class='ocrx_word' id='word_1_231' title='bbox 321 4152 542 4191; x_wconf 86' lang='lat' dir='ltr'><strong>carens.</strong></span> <span class='ocrx_word' id='word_1_232' title='bbox 577 4136 747 4206; x_wconf 80' lang='lat' dir='ltr'><strong>Atque</strong></span> <span class='ocrx_word' id='word_1_233' title='bbox 779 4135 1121 4206; x_wconf 77' lang='lat' dir='ltr'><strong>Erangelium</strong></span> <span class='ocrx_word' id='word_1_234' title='bbox 1161 4135 1394 4204; x_wconf 86' lang='lat' dir='ltr'><strong>amplum</strong></span> <span class='ocrx_word' id='word_1_235' title='bbox 1430 4145 1479 4189; x_wconf 85' lang='lat' dir='ltr'><strong>et</strong></span> <span class='ocrx_word' id='word_1_236' title='bbox 1522 4151 1809 4206; x_wconf 84' lang='lat' dir='ltr'><strong>magnum,</strong></span> <span class='ocrx_word' id='word_1_237' title='bbox 1851 4136 2062 4192; x_wconf 89' lang='lat' dir='ltr'><strong>scilicet</strong></span> <span class='ocrx_word' id='word_1_238' title='bbox 2111 4143 2329 4206; x_wconf 83' lang='lat' dir='ltr'><strong>prapter</strong></span> <span class='ocrx_word' id='word_1_239' title='bbox 2375 4149 2557 4189; x_wconf 87' lang='lat' dir='ltr'><strong>rerum</strong></span> <span class='ocrx_word' id='word_1_240' title='bbox 2604 4150 2743 4206; x_wconf 84' lang='lat' dir='ltr'><strong>quas</strong></span> <span class='ocrx_word' id='word_1_241' title='bbox 2784 4134 3025 4190; x_wconf 91' lang='lat' dir='ltr'><strong>continet</strong></span> <span class='ocrx_word' id='word_1_242' title='bbox 3060 4137 3475 4206; x_wconf 85' lang='lat' dir='ltr'><strong>amplitudinem</strong></span> <span class='ocrx_word' id='word_1_243' title='bbox 3518 4153 3571 4197; x_wconf 88' lang='lat' dir='ltr'><strong>et</strong></span> 
     </span>
    </p>
   </div>
   <div class='ocr_carea' id='block_1_26' title="bbox 324 4228 3569 4302">
    <p class='ocr_par' dir='ltr' id='par_1_26' title="bbox 324 4228 3569 4302">
     <span class='ocr_line' id='line_1_26' title="bbox 324 4228 3569 4302; baseline 0.001 -19"><span class='ocrx_word' id='word_1_244' title='bbox 324 4231 688 4302; x_wconf 79' lang='lat' dir='ltr'><strong>granditatcm</strong></span> <span class='ocrx_word' id='word_1_245' title='bbox 710 4273 724 4297; x_wconf 90' lang='lat'><strong>,</strong></span> <span class='ocrx_word' id='word_1_246' title='bbox 749 4241 798 4284; x_wconf 85' lang='lat' dir='ltr'><strong>et</strong></span> <span class='ocrx_word' id='word_1_247' title='bbox 831 4247 1013 4284; x_wconf 78' lang='lat' dir='ltr'><strong>rursus</strong></span> <span class='ocrx_word' id='word_1_248' title='bbox 1037 4231 1303 4284; x_wconf 77' lang='lat' dir='ltr'><strong>concisum</strong></span> <span class='ocrx_word' id='word_1_249' title='bbox 1333 4244 1427 4284; x_wconf 90' lang='lat' dir='ltr'><strong>seu</strong></span> <span class='ocrx_word' id='word_1_250' title='bbox 1450 4237 1814 4299; x_wconf 83' lang='lat' dir='ltr'><strong>contractum,</strong></span> <span class='ocrx_word' id='word_1_251' title='bbox 1844 4231 1896 4285; x_wconf 91' lang='lat' dir='ltr'><strong>id</strong></span> <span class='ocrx_word' id='word_1_252' title='bbox 1918 4240 2002 4285; x_wconf 89' lang='lat' dir='ltr'><strong>est</strong></span> <span class='ocrx_word' id='word_1_253' title='bbox 2023 4231 2108 4300; x_wconf 91' lang='lat' dir='ltr'><strong>(ut</strong></span> <span class='ocrx_word' id='word_1_254' title='bbox 2132 4245 2233 4301; x_wconf 88' lang='lat' dir='ltr'><strong>ego</strong></span> <span class='ocrx_word' id='word_1_255' title='bbox 2253 4228 2472 4299; x_wconf 90' lang='lat' dir='ltr'><strong>quidem</strong></span> <span class='ocrx_word' id='word_1_256' title='bbox 2501 4228 2848 4298; x_wconf 86' lang='lat' dir='ltr'><strong>interpretor)</strong></span> <span class='ocrx_word' id='word_1_257' title='bbox 2875 4228 3018 4284; x_wconf 91' lang='lat' dir='ltr'><strong>mole</strong></span> <span class='ocrx_word' id='word_1_258' title='bbox 3042 4229 3259 4298; x_wconf 85' lang='lat' dir='ltr'><strong>quidem</strong></span> <span class='ocrx_word' id='word_1_259' title='bbox 3287 4232 3569 4300; x_wconf 71' lang='lat' dir='ltr'><strong>exiguum,</strong></span> 
     </span>
    </p>
   </div>
   <div class='ocr_carea' id='block_1_27' title="bbox 323 4321 3569 4394">
    <p class='ocr_par' dir='ltr' id='par_1_27' title="bbox 323 4321 3569 4394">
     <span class='ocr_line' id='line_1_27' title="bbox 323 4321 3569 4394; baseline 0.001 -17"><span class='ocrx_word' id='word_1_260' title='bbox 323 4337 493 4377; x_wconf 83' lang='lat' dir='ltr'><strong>sensu</strong></span> <span class='ocrx_word' id='word_1_261' title='bbox 543 4335 723 4377; x_wconf 86' lang='lat' dir='ltr'><strong>autem</strong></span> <span class='ocrx_word' id='word_1_262' title='bbox 768 4335 821 4378; x_wconf 90' lang='lat' dir='ltr'><strong>et</strong></span> <span class='ocrx_word' id='word_1_263' title='bbox 867 4323 1199 4393; x_wconf 85' lang='lat' dir='ltr'><strong>perfectione</strong></span> <span class='ocrx_word' id='word_1_264' title='bbox 1248 4323 1569 4376; x_wconf 81' lang='lat' dir='ltr'><strong>maximum.</strong></span> <span class='ocrx_word' id='word_1_265' title='bbox 1610 4321 1762 4379; x_wconf 89' lang='lat' dir='ltr'><strong>Unde</strong></span> <span class='ocrx_word' id='word_1_266' title='bbox 1804 4324 2099 4394; x_wconf 81' lang='lat' dir='ltr'><strong>Apostolus</strong></span> <span class='ocrx_word' id='word_1_267' title='bbox 2150 4324 2325 4393; x_wconf 80' lang='lat' dir='ltr'><strong>(Rom.</strong></span> <span class='ocrx_word' id='word_1_268' title='bbox 2359 4340 2434 4388; x_wconf 84' lang='lat' dir='ltr'><strong>Ix,</strong></span> <span class='ocrx_word' id='word_1_269' title='bbox 2483 4322 2576 4391; x_wconf 72' lang='lat'><strong>28)</strong></span> <span class='ocrx_word' id='word_1_270' title='bbox 2613 4323 2842 4391; x_wconf 84' lang='lat' dir='ltr'><strong>appellat</strong></span> <span class='ocrx_word' id='word_1_271' title='bbox 2885 4324 3108 4378; x_wconf 90' lang='lat' dir='ltr'><strong>verbum</strong></span> <span class='ocrx_word' id='word_1_272' title='bbox 3155 4326 3569 4389; x_wconf 87' lang='lat' dir='ltr'><strong>abbreviatum,</strong></span> 
     </span>
    </p>
   </div>
   <div class='ocr_carea' id='block_1_28' title="bbox 324 4416 3573 4491">
    <p class='ocr_par' dir='ltr' id='par_1_28' title="bbox 324 4416 3573 4491">
     <span class='ocr_line' id='line_1_28' title="bbox 324 4416 3573 4491; baseline 0.002 -23"><span class='ocrx_word' id='word_1_273' title='bbox 324 4425 516 4486; x_wconf 89' lang='lat' dir='ltr'><strong>utpote</strong></span> <span class='ocrx_word' id='word_1_274' title='bbox 550 4418 841 4473; x_wconf 81' lang='lat' dir='ltr'><strong>continens</strong></span> <span class='ocrx_word' id='word_1_275' title='bbox 873 4418 1254 4472; x_wconf 81' lang='lat' dir='ltr'><strong>brevissimum</strong></span> <span class='ocrx_word' id='word_1_276' title='bbox 1286 4417 1407 4471; x_wconf 81' lang='lat' dir='ltr'><strong>ﬁdei</strong></span> <span class='ocrx_word' id='word_1_277' title='bbox 1437 4424 1489 4471; x_wconf 92' lang='lat' dir='ltr'><strong>ct</strong></span> <span class='ocrx_word' id='word_1_278' title='bbox 1511 4416 1819 4472; x_wconf 87' lang='lat' dir='ltr'><strong>dilectionis</strong></span> <span class='ocrx_word' id='word_1_279' title='bbox 1852 4428 2212 4490; x_wconf 63' lang='lat' dir='ltr'><strong>praeceptum,</strong></span> <span class='ocrx_word' id='word_1_280' title='bbox 2250 4420 2394 4491; x_wconf 92' lang='lat' dir='ltr'><strong>quod</strong></span> <span class='ocrx_word' id='word_1_281' title='bbox 2438 4434 2536 4490; x_wconf 89' lang='lat' dir='ltr'><strong>pro</strong></span> <span class='ocrx_word' id='word_1_282' title='bbox 2565 4418 2779 4472; x_wconf 89' lang='lat' dir='ltr'><strong>cunctis</strong></span> <span class='ocrx_word' id='word_1_283' title='bbox 2808 4419 3044 4472; x_wconf 72' lang='lat' dir='ltr'><strong>sinuosa:</strong></span> <span class='ocrx_word' id='word_1_284' title='bbox 3070 4418 3202 4488; x_wconf 84' lang='lat' dir='ltr'><strong>legis</strong></span> <span class='ocrx_word' id='word_1_285' title='bbox 3232 4422 3573 4476; x_wconf 66' lang='lat' dir='ltr'><strong>caeremoniis</strong></span> 
     </span>
    </p>
   </div>
   <div class='ocr_carea' id='block_1_29' title="bbox 329 4507 3572 4584">
    <p class='ocr_par' dir='ltr' id='par_1_29' title="bbox 329 4507 3572 4584">
     <span class='ocr_line' id='line_1_29' title="bbox 329 4507 3572 4584; baseline 0.002 -22"><span class='ocrx_word' id='word_1_286' title='bbox 329 4508 616 4564; x_wconf 90' lang='lat' dir='ltr'><strong>successit.</strong></span> <span class='ocrx_word' id='word_1_287' title='bbox 639 4507 718 4564; x_wconf 87' lang='lat' dir='ltr'><strong>lla</strong></span> <span class='ocrx_word' id='word_1_288' title='bbox 749 4510 1040 4565; x_wconf 82' lang='lat' dir='ltr'><strong>Anselmus</strong></span> <span class='ocrx_word' id='word_1_289' title='bbox 1062 4519 1116 4564; x_wconf 89' lang='lat' dir='ltr'><strong>et</strong></span> <span class='ocrx_word' id='word_1_290' title='bbox 1137 4510 1525 4567; x_wconf 78' lang='lat' dir='ltr'><strong>(Ecumenius.</strong></span> <span class='ocrx_word' id='word_1_291' title='bbox 1550 4510 1641 4567; x_wconf 85' lang='lat' dir='ltr'><strong>Vel</strong></span> <span class='ocrx_word' id='word_1_292' title='bbox 1675 4513 1801 4582; x_wconf 88' lang='lat' dir='ltr'><strong>quia</strong></span> <span class='ocrx_word' id='word_1_293' title='bbox 1829 4513 2070 4568; x_wconf 88' lang='lat' dir='ltr'><strong>continet</strong></span> <span class='ocrx_word' id='word_1_294' title='bbox 2097 4512 2336 4572; x_wconf 84' lang='lat' dir='ltr'><strong>Verbum</strong></span> <span class='ocrx_word' id='word_1_295' title='bbox 2361 4513 2702 4570; x_wconf 87' lang='lat' dir='ltr'><strong>incarnatum</strong></span> <span class='ocrx_word' id='word_1_296' title='bbox 2722 4553 2736 4578; x_wconf 93' lang='lat'><strong>,</strong></span> <span class='ocrx_word' id='word_1_297' title='bbox 2760 4511 2824 4567; x_wconf 82' lang='lat' dir='ltr'><strong>ad</strong></span> <span class='ocrx_word' id='word_1_298' title='bbox 2854 4511 3092 4578; x_wconf 79' lang='lat' dir='ltr'><strong>hominis</strong></span> <span class='ocrx_word' id='word_1_299' title='bbox 3125 4528 3298 4584; x_wconf 78' lang='lat' dir='ltr'><strong>usque</strong></span> <span class='ocrx_word' id='word_1_300' title='bbox 3323 4522 3572 4568; x_wconf 81' lang='lat' dir='ltr'><strong>naturam</strong></span> 
     </span>
    </p>
   </div>
   <div class='ocr_carea' id='block_1_30' title="bbox 331 4603 2268 4678">
    <p class='ocr_par' dir='ltr' id='par_1_30' title="bbox 331 4603 2268 4678">
     <span class='ocr_line' id='line_1_30' title="bbox 331 4603 2268 4678; baseline 0.002 -20"><span class='ocrx_word' id='word_1_301' title='bbox 331 4603 709 4660; x_wconf 78' lang='lat' dir='ltr'><strong>abbreviatum</strong></span> <span class='ocrx_word' id='word_1_302' title='bbox 744 4614 798 4662; x_wconf 89' lang='lat' dir='ltr'><strong>et</strong></span> <span class='ocrx_word' id='word_1_303' title='bbox 827 4604 1167 4662; x_wconf 80' lang='lat' dir='ltr'><strong>exinanitum</strong></span> <span class='ocrx_word' id='word_1_304' title='bbox 1191 4649 1206 4675; x_wconf 91' lang='lat'><strong>,</strong></span> <span class='ocrx_word' id='word_1_305' title='bbox 1239 4607 1385 4678; x_wconf 90' lang='lat' dir='ltr'><strong>quod</strong></span> <span class='ocrx_word' id='word_1_306' title='bbox 1418 4607 1597 4662; x_wconf 84' lang='lat' dir='ltr'><strong>salvas</strong></span> <span class='ocrx_word' id='word_1_307' title='bbox 1630 4603 1756 4660; x_wconf 78' lang='lat' dir='ltr'><strong>fecit</strong></span> <span class='ocrx_word' id='word_1_308' title='bbox 1789 4607 2045 4677; x_wconf 85' lang='lat' dir='ltr'><strong>reliquias</strong></span> <span class='ocrx_word' id='word_1_309' title='bbox 2083 4605 2268 4664; x_wconf 84' lang='lat' dir='ltr'><strong>Israel.</strong></span> 
     </span>
    </p>
   </div>
  </div>
