4040 6322
604 464 3760 539 β

979 770 1334 981 AN
1352 757 2201 975 ACLET

2305 747 2555 965 JS
2765 741 3448 954 ΡΑΡΑ

1911 1309 2569 1444 ΝΟΤΙΤΙΑ

1376 1592 1468 1657 («Es
1499 1589 1640 1643 Bibro
1661 1584 1927 1653 pontiﬁcali
1946 1582 2139 1636 Damasi
2163 1594 2319 1644 papae,
2353 1592 2432 1641 ap.
2456 1576 2628 1637 Missi,
2654 1571 2856 1636 Concil.,
2881 1572 2925 1627 Ι.
2951 1568 3085 1630 597.)

678 1774 974 1830 Anacletus
1014 1769 1092 1842 (l)
1133 1769 1353 1824 natione
1411 1764 1634 1821 Graecus
1659 1762 1679 1794 *
1734 1777 1802 1817 ex
1850 1768 2003 1830 patre
2055 1755 2358 1819 Antiocho,
2401 1750 2542 1807 sedit
2588 1762 2764 1803 annos
2809 1758 3040 1811 novem,
3087 1754 3309 1795 menses
3350 1746 3460 1794 tres
3500 1734 3642 1809 (cod.
3670 1733 3791 1790 ιιι..

610 1828 825 1942 duos],
861 1868 979 1923 dies
1007 1828 1227 1930 decem;
1261 1861 1367 1917 fuit
1400 1868 1583 1917 autem
1608 1828 1944 1927 temporibus
1973 1849 2265 1907 Domitiani
2285 1846 2384 1917 (2),
2415 1861 2445 1900 a
2473 1842 2758 1899 consulatu
2790 1836 3082 1893 Domitiani
3112 1834 3329 1890 decimo
3353 1841 3408 1886 et
3438 1828 3631 1895 S'abini,
3656 1840 3793 1898 usque

610 1965 679 2021 ad
736 1918 1105 2018 liomitianum
1156 1956 1369 2013 decimo
1426 1953 1667 2024 septimo
1711 1918 1796 2021 ('3).
1828 1956 1882 2002 et
1929 1946 2259 2002 Clementem
2307 1937 2581 1998 consules.
2615 1934 2715 1989 llic
2751 1931 3074 1989 memoriam
3104 1926 3249 1983 beati
3288 1923 3430 1980 Petri
3459 1918 3731 1978 construxit
3751 1925 3791 1971 et

611 2016 918 2127 composuit
946 2054 1058 2126 (4),
1086 2051 1215 2107 dum
1254 2016 1534 2120 presbyter
1562 2016 1739 2099 iactus
1767 2016 1965 2096 luisset
2014 2053 2046 2093 a
2088 2037 2249 2092 beato
2291 2033 2484 2098 Petro,
2518 2046 2612 2086 seu
2649 2029 2753 2083 alia
2797 2026 2947 2092 loca,
2994 2023 3088 2078 ubi
3132 2020 3379 2092 episcopi
3428 2016 3791 2073 reconderentur

611 2106 907 2223 sepurlturse
936 2106 1072 2203 :‘u’hi
1104 2106 1283 2200 autem
1315 2150 1369 2197 et
1400 2106 1515 2212 ipse
1545 2137 1788 2208 sepultus
1818 2142 1904 2189 est
1935 2133 1991 2186 in
2021 2145 2174 2202 pace,
2202 2129 2359 2199 juxta
2402 2139 2604 2194 corpus
2644 2120 2790 2177 beati
2834 2116 3014 2181 Petri,
3040 2115 3199 2170 tertio
3220 2115 3353 2169 ldus
3397 2110 3543 2167 Julii.
3584 2108 3671 2164 Hic
3695 2106 3791 2161 iecit

613 2202 989 2297 ordinationes
1032 2236 1170 2292 duas
1223 2202 1767 2306 [juxta-Plotinam,
1812 2222 2002 2297 unam]
2046 2238 2141 2294 per
2189 2235 2431 2277 mensem
2481 2215 2867 2277 Decembrem,
2906 2208 3249 2283 presbyteros
3297 2206 3562 2279 quinque,
3587 2202 3795 2257 diaconos

617 2342 747 2401 tres,
779 2332 1068 2404 episcopos
1112 2343 1209 2400 per
1239 2327 1454 2385 diversa
1476 2324 1601 2379 loca
1627 2335 1857 2379 numero
1890 2334 2004 2376 sex.
2033 2316 2101 2372 Et
2127 2315 2363 2374 cessavit
2390 2313 2737 2383 episcopatus
2764 2306 2882 2363 dies
2907 2318 3031 2360 snt.

698 2537 715 2570 ¹
738 2533 811 2590 De
844 2532 1101 2591 Athenis.

2148 2694 2380 2753 ΝΟΤΑΞ.

695 2946 771 3021 (t)
812 2944 1118 3000 Anacl‘etus.
1172 2939 1303 2995 Post
1345 2936 1715 3002 interregnum
1756 2934 1990 2998 quatuor
2030 2937 2187 2977 men-

626 3012 771 3096 sium
818 3047 873 3094 et
924 3038 1109 3092 decem
1154 3033 1392 3096 dierum,
1445 3038 1590 3080 anno
1628 3019 1833 3077 Christi
1860 3016 1965 3072 105
2014 3012 2191 3087 [W2],

625 3130 852 3202 Trajani
902 3123 1246 3197 imperatoris
1297 3136 1371 3186 iv,
1404 3116 1560 3173 tertia
1605 3114 1694 3170 die
1725 3110 1929 3167 mensis
1966 3106 2191 3177 Aprilis,

624 3197 918 3278 Ana'cletus
959 3214 1150 3270 multis
1201 3212 1364 3266 rebus
1396 3206 1652 3279 praeclare
1688 3202 1853 3273 gestis
1898 3197 2192 3254 celeberri-

627 3325 781 3374 mus,
812 3305 1136 3362 Christianae
1174 3299 1452 3373 religionis
1496 3308 1773 3351 summum
1816 3289 2194 3363 pontificatum

630 3402 880 3471 adeptus,
911 3394 1176 3452 Clementi
1207 3408 1303 3463 per
1330 3388 1652 3460 martyrium
1682 3384 1903 3442 sublato
1930 3380 2195 3449 subroga-

630 3504 745 3551 tur.
774 3489 929 3558 Quod
963 3486 1120 3544 Liber
1149 3485 1470 3557 pontiﬁcalis
1523 3480 1579 3535 in
1604 3477 1728 3533 Vita
1754 3475 2051 3532 Clementis
2080 3473 2194 3543 epi-

638 3592 924 3657 scopatum
957 3580 1216 3634 Romanae
1240 3573 1494 3630 Ecclesiae
1535 3570 1728 3643 viginti
1766 3569 1961 3625 diebus
2001 3577 2056 3623 et
2088 3581 2198 3621 uno

632 3691 881 3736 cessasse
927 3672 1141 3738 scribit,
1168 3671 1258 3726 vix
1294 3678 1380 3724 est
1415 3665 1692 3731 credibile,
1724 3678 1850 3719 cum
1893 3672 2004 3717 tam
2045 3661 2197 3716 brevi

634 3768 898 3841 temporis
927 3765 1112 3836 spatio
1149 3762 1473 3833 martyrium
1505 3756 1818 3821 Clementis,
1856 3753 2199 3809 Chersoneso

632 3874 788 3920 trans
814 3861 1049 3916 Pontum
1085 3857 1211 3921 sita,
1247 3853 1473 3908 Romam
1525 3849 1763 3905 nuntiari
1803 3862 1910 3901 non
1938 3844 2194 3917 potuerit.

634 3956 838 4010 Baron.
880 3966 1027 4007 anno
1052 3948 1174 4015 102,
1226 3944 1457 4025 num.2,
1506 3952 1559 3997 et
1585 3957 1702 4012 seq.
1762 3954 1927 4006 anno,
1957 3953 2109 3993 num.
2140 3936 2196 3991 2.

635 4046 793 4103 Unde
846 4044 1107 4101 acciderit
1154 4040 1298 4112 quod
1324 4038 1618 4092 Anacletus
1652 4051 1683 4090 a
1712 4032 2050 4089 Tertulliano
2080 4032 2203 4087 Cle-

640 4140 811 4197 menti
842 4144 1223 4208 anteponatur,
1255 4133 1323 4187 ah
1353 4129 1656 4200 Epiphanio
1685 4136 1865 4183 autem
1898 4125 2092 4182 haeresi
2128 4125 2198 4179 27

642 4235 812 4306 plane.
836 4231 1140 4292 omittatur,
1190 4242 1352 4296 supra
1390 4224 1638 4279 diximus
1678 4221 1730 4275 in
1759 4219 2202 4277 adnotationibus

645 4325 906 4382 adVitam
933 4320 1249 4377 Clementis.
1288 4318 1413 4374 Sev.
1445 4315 1649 4371 BINIUS.

712 4458 787 4531 (2)
826 4456 954 4510 Fuit
986 4463 1161 4509 autem
1210 4451 1525 4523 temporibus
1555 4449 1875 4505 Domitiani.
1898 4447 2032 4502 Mira
2060 4445 2206 4500 Libri

635 4550 957 4625 pontiﬁcalis
1017 4546 1253 4601 varietas
1303 4553 1358 4599 et
1403 4542 1757 4614 repugnantia
1801 4558 1813 4594 :
1859 4556 1986 4597 cum
2040 4555 2204 4610 supra

641 4641 973 4695 Clementem
1026 4637 1270 4691 Anacleti
1334 4636 1788 4706 praedecessorem
1845 4634 2004 4688 tertio
2061 4646 2205 4686 anno

643 4733 867 4804 Trajani
904 4748 935 4786 e
962 4732 1071 4786 vita
1101 4732 1374 4787 sublatum
1422 4743 1544 4783 esse
1582 4726 1884 4797 scripserit,
1913 4726 2206 4781 Anacletus

641 4843 754 4884 non
781 4827 885 4883 sub
906 4825 1238 4890 Domitiano,
1270 4823 1365 4878 sed
1395 4822 1575 4877 verius
1606 4822 1709 4879 sub
1735 4819 1972 4892 Trajano
2002 4819 2207 4876 sedisse

643 4921 838 4991 potuit.
873 4917 950 4973 lu.

716 5033 794 5105 (ὅ)
832 5032 873 5085 Α
906 5028 1186 5084 consulatu
1220 5027 1509 5080 Domitiani
1557 5043 1589 5080 χ
1627 5025 1889 5083 etSabt'nt'.
1934 5039 2096 5086 usque
2136 5022 2209 5083 ad.

642 5126 978 5191 consalutant
1003 5122 1301 5175 Domitiani
1335 5135 1468 5173 xvn.
1521 5118 1706 5173 Novus
1751 5132 1911 5196 error;
1940 5114 2203 5171 auctoris.

647 5222 704 5276 Si
730 5218 1025 5274 Anacletus
1054 5215 1157 5270 sub
1185 5212 1461 5269 adnotatis
1489 5210 1806 5267 consulibus
1832 5208 2206 5279 pontiﬁcatum

648 5312 844 5376 tenuit,
892 5325 1018 5364 eum
1050 5306 1381 5361 Clementem
1440 5303 1820 5368 antecessisse,
1878 5302 1997 5356 imo
2044 5300 2208 5355 simul

646 5415 771 5460 cum
798 5402 949 5456 Cleto
974 5409 1027 5455 et
1050 5399 1323 5452 Clemente
1351 5395 1558 5451 sedisse
1597 5394 1856 5465 oportuit.
1897 5393 2030 5448 Nam
2059 5394 2209 5449 deci-

647 5510 772 5573 mus
803 5492 1094 5546 Domitiani
1146 5489 1465 5545 consulatus
1517 5504 1638 5542 cum
1690 5502 1833 5542 anno
1895 5485 2100 5541 Chriin
2140 5486 2208 5540 86

650 5584 788 5657 [84],
822 5583 1114 5637 Domitiani
1159 5579 1505 5651 imperatoris
1532 5594 1590 5631 ιιι
1625 5578 1902 5632 coincidit.
1958 5577 2209 5633 Decimus

648 5677 913 5747 septimus
939 5690 1068 5731 vero
1096 5674 1340 5759 eju‘sdem
1378 5672 1694 5729 consulatus
1726 5685 1847 5725 cum
1879 5686 2022 5724 anno
2050 5669 2210 5723 Chri-

650 5769 718 5825 sti
767 5767 836 5822 94
873 5766 1009 5840 [9'2],
1038 5766 1327 5822 Domitiani
1394 5763 1736 5837 imperatoris
1794 5781 1847 5821 χι
1914 5763 2207 5821 concurrit.

2291 2916 2429 2972 Cum
2475 2913 2640 2985 igitur
2663 2912 2938 2977 Clemens,
2990 2907 3155 2980 hujus
3181 2905 3430 2964 Anacleti
3476 2902 3798 2977 praedecessor,

2292 3022 2438 3063 anno
2463 3022 2524 3061 ιιι
2544 3003 2766 3075 Trajani
2793 3001 3140 3074 imperatoris
3161 3000 3271 3055 vita
3294 2998 3461 3056 simul
3475 3005 3528 3053 et
3544 2993 3798 3067 pontiﬁcatu

2293 3098 2582 3155 defunctus
2608 3095 2700 3162 sit,
2733 3104 2792 3150 ut
2832 3103 3027 3165 praeter
3053 3103 3342 3149 auctorem
3366 3090 3529 3162 hujus
3550 3086 3679 3153 libri,
3703 3081 3800 3137 llic-

2294 3206 2508 3263 ronym.
2548 3198 2603 3246 et
2627 3188 2827 3245 Euseb.
2859 3187 2995 3243 locis
3029 3202 3195 3258 supra
3220 3185 3387 3242 dictis
3428 3192 3694 3245 testantur,
3717 3189 3799 3231 non

2293 3284 2452 3340 video
2479 3298 2587 3355 qua
2632 3281 2844 3337 ratione
2883 3280 2988 3335 dici
3037 3281 3210 3350 possit
3234 3278 3554 3336 Anacletum
3595 3281 3704 3329 ante
3725 3269 3802 3323 im-

2296 3377 2504 3447 perium
2525 3373 2745 3446 Trajani
2766 3371 3099 3444 pontiﬁcium
3120 3372 3305 3428 sedem
3331 3369 3730 3426 administrasse.
3744 3358 3799 3414 lo.

2368 3531 2446 3601 (Δ)
2488 3529 2589 3585 Hic
2630 3530 2769 3584 beati
2803 3528 2952 3583 Petri
3002 3530 3311 3583 memoriam
3366 3526 3646 3583 construxit
3688 3530 3804 3591 atqu

2298 3623 2610 3693 composuit.
2663 3620 2770 3675 Per
2821 3621 3149 3676 memoriam
3210 3603 3359 3675 beati
3410 3618 3549 3674 Petri
3615 3608 3803 3681 intelligo

2300 3714 2592 3785 quamdam
2642 3713 2854 3768 aedilicii
2907 3722 3240 3768 structuram
3290 3713 3362 3767 ab
3406 3710 3665 3773 Anacleto,
3708 3705 3803 3760 dum

2301 3808 2479 3863 adhuc
2528 3807 2810 3878 presbyter
2858 3819 3022 3872 esset,
3076 3806 3131 3860 in
3192 3792 3456 3861 Vaticano
3507 3789 3804 3861 exstructam.

2301 3916 2465 3971 quam
2485 3900 2614 3955 olim
2646 3900 2944 3970 antiquitas
2979 3900 3235 3955 usitatius
3260 3900 3548 3956 ecclesiam
3572 3894 3805 3952 nominare

2302 3993 2604 4049 consuevit.
2657 3990 2793 4046 Nam
2837 4001 2892 4047 et
2917 3993 3149 4063 August.
3185 3991 3258 4047 De
3304 3990 3571 4048 civit.Dei
3591 3989 3676 4044 lib.
3704 3997 3805 4047 nn,

2305 4100 2355 4141 c.
2382 4084 2480 4138 i0:
2507 4083 2641 4148 Nos,
2678 4083 2874 4167 inquit,
2910 4085 3234 4154 martyribus
3276 4086 3471 4140 nostris
3507 4099 3603 4138 non
3638 4076 3805 4148 templa,

2309 4178 2444 4231 sicut
2475 4177 2605 4244 diis,
2638 4176 2728 4231 sed
2763 4178 3072 4245 memorias,
3108 4179 3247 4234 sicut
3283 4177 3577 4234 hominibus
3612 4170 3803 4234 mortuis,

2302 4286 2523 4341 quorum
2556 4269 2696 4341 apud
2726 4269 2887 4324 Deum
2916 4271 3092 4324 vivunt
3117 4271 3361 4341 spiritus,
3380 4270 3701 4342 fabricamus.
3726 4259 3807 4316 Has

2303 4354 2500 4420 merito
2528 4361 2693 4417 Caius
2722 4363 2982 4433 antiquus
3022 4364 3332 4433 theologus,
3366 4364 3455 4435 qui
3490 4370 3706 4431 tempore
3734 4351 3807 4407 Ze-

2306 4454 2524 4525 phyrini
2554 4455 2829 4524 pontilicis
2859 4455 3075 4523 claruit,
3108 4464 3244 4511 teste
3273 4456 3507 4513 Eusebio
3536 4455 3625 4509 lib.
3658 4466 3707 4506 ιιι
3732 4444 3809 4501 Hi-

2305 4547 2615 4612 storiarum,
2662 4546 2754 4613 24,
2796 4557 2994 4617 tr0paza
3026 4548 3261 4619 appellat
3287 4567 3301 4603 :
3326 4550 3523 4620 quippe
3544 4559 3653 4617 quae
3674 4542 3806 4595 victo-
3838 4552 3839 4557 ‘

2306 4639 2418 4692 rias
2439 4638 2805 4708 apostolorum
2829 4640 2894 4693 de
2919 4641 3159 4696 subactis
3183 4641 3431 4698 hostibus
3459 4638 3805 4711 repraesentem-

2308 4729 2484 4786 Verba
2536 4731 2682 4787 illius
2740 4732 2882 4803 apud
2919 4731 3212 4789 Eusebium
3272 4735 3526 4805 praedicto
3575 4731 3681 4786 loco
3722 4725 3806 4780 hac

2307 4828 2481 4876 sunt:
2516 4820 2627 4891 Ego
2670 4822 3028 4891 apostolorum
3081 4831 3282 4892 tropica
3334 4825 3597 4895 perspicue
3638 4826 3805 4889 possm

2308 4914 2576 5003 ostendere
2598 4930 2616 4967 .'
2642 4931 2765 4967 nam
2788 4917 2835 4968 si
2858 4916 2997 4971 lubet
3026 4918 3083 4970 in
3113 4915 3427 4972 Vaticanum
3455 4911 3715 4987 proﬁcisci.
3736 4911 3804 4959 all

2307 5009 2363 5060 in
2405 5008 2546 5060 viam
2592 5022 2709 5077 qua:
2736 5006 2993 5063 Ostiensis
3036 5010 3249 5075 dicitur,
3286 5020 3334 5065 te
3365 5010 3609 5077 conferre,
3652 5009 3804 5068 tropa

2306 5116 2489 5157 eorum
2530 5102 2620 5171 qui
2660 5101 2818 5156 istam
2846 5101 3138 5157 Ecclesium
3181 5120 3277 5157 suo
3310 5118 3541 5158 sermone
3580 5108 3626 5154 et
3658 5095 3803 5151 virtute

2309 5200 2664 5267 stabilierunt,
2713 5200 2959 5254 invenies.
3037 5197 3188 5256 Hanc
3237 5199 3500 5270 insignem
3545 5195 3802 5254 clat'aﬂlllue

2310 5293 2629 5350 memoriam
2658 5308 2689 5347 a
2714 5292 2929 5349 turbine
2959 5291 3352 5363 persecutionis
3382 5306 3483 5345 non
3519 5286 3669 5342 fuisse
3690 5276 3801 5346 deje'

2310 5397 2475 5451 ctam.
2523 5388 2618 5443 sed
2674 5387 2879 5457 majore
2928 5385 3116 5457 potius.
3157 5386 3212 5440 in
3254 5385 3374 5441 dies
3411 5381 3637 5452 singulos
3668 5365 3799 5444 gloria

2312 5489 2548 5544 auctam,
2571 5493 2787 5532 omnem
2817 5478 3228 5535 admirationem
3255 5484 3489 5548 superat.
3507 5473 3678 5527 Baron.
3693 5469 3803 5517 anno

2314 5570 2438 5637 106,
2467 5586 2523 5625 n.
2550 5572 2587 5624 2
2614 5581 2670 5626 et
2694 5571 2749 5625 5.
2784 5570 3157 5643 Magdeburg.,
3205 5573 3299 5642 qui
3344 5574 3481 5628 hanc
3524 5567 3589 5621 ob
3626 5563 3797 5618 causam

2314 5663 2630 5720 Anacletum
2658 5665 3080 5734 reprehendunt,
3108 5680 3139 5720 a
3164 5665 3418 5721 Bellaria.
3449 5663 3537 5718 lib.
3564 5673 3610 5713 Iv
3634 5653 3695 5708 Dc
3715 5645 3791 5702 Βο-

2317 5774 2456 5817 man.
2487 5758 2702 5830 pontif.,
2734 5773 2782 5815 c.
2811 5759 2864 5827 8,
2897 5757 2961 5814 de
2985 5758 3261 5815 calumnia
3282 5767 3550 5813 uotan'ur.
3583 5749 3647 5805 lo.
