4040 6322
294 334 409 390 789

3447 340 3551 397 790

375 756 1323 981 ANACLETI
1490 821 2241 982 ROMANI
2408 825 3479 986 PONTIFICIS

960 1206 1701 1322 EPISTOL/E
1806 1207 1989 1318 ET
2082 1202 2746 1319 DECRETA
2793 1180 2875 1260 (¹)

1448 1542 1463 1601 (
1491 1538 1661 1596 Massn,
1696 1533 1898 1597 Concil.,
1926 1540 1962 1587 ι.
1992 1536 2037 1599 I,
2065 1551 2175 1599 pag.
2203 1536 2310 1585 598.
2340 1537 2355 1596 )

723 1938 1050 1993 EPISTOLA
1095 1940 1171 2007 (ε)
1214 1938 1445 1991 PRIMA.

292 2100 313 2129 '
330 2097 412 2152 De
441 2098 773 2166 oppressione
800 2098 1222 2152 Christianorum
1248 2109 1295 2151 et
1316 2100 1379 2151 de
1399 2096 1733 2153 accusatione
1760 2099 1871 2166 epi-

363 2171 508 2237 scopi
534 2210 549 2233 ,
592 2168 656 2222 de
698 2169 1031 2221 ordinatione
1070 2168 1584 2238 archiepiscoporum
1622 2178 1671 2223 et
1712 2178 1868 2222 caete-

368 2256 545 2321 roriou
575 2239 713 2321 etde
740 2240 1056 2307 primatibus
1098 2250 1148 2293 et
1192 2239 1536 2309 patriarchis,
1588 2254 1871 2293 eorumque

368 2319 680 2363 ministerio.

368 2444 707 2509 Aascmws,
743 2459 935 2499 servus
969 2443 1175 2498 Christi
1207 2443 1334 2499 Jcsu
1358 2487 1373 2507 ,
1406 2446 1459 2499 iu
1492 2444 1620 2499 sede
1646 2454 1870 2513 aposto-

293 2536 404 2591 lica
432 2534 666 2589 Domino
695 2537 959 2597 serviens,
979 2536 1251 2605 episcopis
1267 2537 1550 2599 omnibus.
1575 2544 1629 2591 et
1657 2536 1870 2591 caeteris

288 2622 509 2677 cunctis
540 2621 823 2687 tldelibus,
867 2623 958 2692 qui
993 2623 1323 2691 eozequalem
1361 2622 1644 2679 nobiscum
1683 2623 1865 2678 sortiti

289 2724 423 2771 sunt
453 2714 611 2769 [idem
640 2756 655 2779 ,
702 2716 877 2782 gratia
925 2715 1090 2770 vobis
1122 2724 1176 2769 et
1220 2732 1323 2785 pax
1371 2716 1869 2787 atque-consolatio

291 2807 727 2877 multiplicemur
754 2823 783 2861 a
816 2807 1045 2861 Domino
1078 2808 1130 2861 iu
1159 2810 1380 2863 szecula.

367 2920 681 2977 Benedictus
744 2921 883 2975 Deus
931 2932 979 2975 et
1028 2922 1193 2977 Pater
1250 2923 1477 2977 Domini
1514 2925 1681 2979 nostri
1739 2923 1869 2979 Jesu

289 3014 522 3077 Christi,
560 3015 651 3083 qui
674 3014 961 3068 secundum
989 3030 1235 3083 magnam
1276 3014 1692 3068 misericordiam
1717 3032 1871 3069 suam

292 3107 620 3177 regeneravit
664 3123 757 3159 nos
807 3106 859 3158 in
906 3122 1046 3174 spent
1079 3107 1267 3170 vivam,
1316 3124 1408 3175 per
1440 3109 1870 3160 resurrectionem

1903 1896 1947 1948 λ
1976 1914 2223 1968 debetis?
2264 1914 2448 1968 Estote
2478 1932 2599 1985 ergo
2631 1916 2886 1983 patientes
2910 1958 2922 1978 ,
2959 1924 3006 1967 et
3038 1914 3345 1981 conﬁrmate
3388 1911 3549 1964 corda

1974 2008 2269 2067 vestra“,ut
2295 2006 2617 2061 adveniente
2639 2006 2820 2076 judice
2844 2006 3081 2068 Christo,
3115 2004 3220 2059 laeti
3254 2014 3304 2057 et
3336 2004 3548 2073 probati

1971 2112 2094 2151 esse
2125 2097 2369 2149 valeatis.
2427 2096 2610 2151 Nolite
2641 2098 2979 2167 ingemiscere
3010 2099 3063 2149 in
3107 2095 3423 2149 alterutrum
3445 2138 3458 2160 ,
3493 2108 3549 2149 ut

1974 2190 2415 2258 nonjudicemini.
2436 2187 3345 2257 Eccejudeagantejanuam'assistit.
3364 2185 3553 2240 Exem-

1971 2285 2115 2355 plum
2137 2286 2377 2353 accipite,
2406 2286 2727 2349 charissimi,
2754 2283 2950 2336 laboris
2974 2293 3021 2336 et
3044 2283 3313 2351 patientite
3332 2279 3551 2351 prophe-

1974 2389 2077 2443 tas,
2097 2379 2188 2447 qui
2208 2378 2373 2430 locuti
2394 2378 2446 2430 in
2467 2378 2675 2431 nomine
2690 2376 2902 2429 Domini
2925 2385 3067 2428 sunt.
3087 2374 3163 2427 En
3188 2374 3549 2443 heatiﬁcamus

1970 2486 2055 2523 eos
2078 2470 2167 2540 qui
2197 2471 2579 2524 sustinuerunt.
2607 2467 2983 2537 Suﬂferentium
3006 2465 3105 2519 J‘ob
3140 2468 3387 2531 audistis,
3413 2474 3462 2519 et
3481 2466 3539 2535 ﬁ-

1972 2577 2087 2615 nem
2113 2560 2328 2613 Domini
2354 2561 2580 2625 vidistis,
2603 2560 2851 2630 qnoniam
2871 2558 3168 2611 misericors
3192 2567 3245 2610 et
3266 2559 3547 2610 miserator

1974 2654 2233 2708 Dominus
2274 2654 2408 2708 est".
2441 2652 2847 2707 Tribulationes
2880 2660 3089 2707 vestras
3119 2649 3549 2720 audivimus(5},

1909 2804 1914 2809 ,
1972 2744 2197 2809 fratres,
2244 2755 2353 2799 tam
2397 2760 2493 2815 per
2531 2743 2813 2809 nostros‘,
2850 2758 3012 2812 quam
3051 2751 3105 2797 et
3146 2758 3242 2810 per
3272 2738 3551 2795 aliorum'

1973 2835 2381 2905 apocrisiarios,
2407 2850 2572 2905 super
2593 2834 2795 2903 quibus
2816 2832 2969 2886 valde
2993 2832 3263 2894 dolemus,
3289 2830 3571 2898 vobisque

1973 2927 2364 2996 compatimur,
2398 2934 2453 2981 et
2482 2926 2748 2980 auxilium
2781 2926 2921 2979 ferre
2950 2925 3133 2991 (prout
3165 2924 3281 2993 ipse
3317 2924 3567 2991 largitus.

1974 3018 2157 3084 fuerit,
2184 3019 2275 3090 qui
2297 3036 2396 3089 pro
2417 3021 2575 3075 nobis
2597 3036 2704 3073 non
2729 3020 2904 3074 solum
2930 3018 3245 3083 tribulatus,
3275 3016 3366 3071 sed
3386 3017 3549 3071 etiam

1975 3128 2173 3182 passus
2195 3122 2302 3183 est)
2331 3114 2507 3183 parati
2533 3128 2745 3168 sumus.
2774 3111 2951 3166 Nolite
2981 3111 3189 3175 mirari,
3217 3110 3549 3174 cbarissimi,

287 3200 424 3256 Iesu
443 3201 645 3256 Christi
674 3215 739 3253 ea:
770 3202 1086 3264 mortuis,in
1108 3202 1468 3254 [nereditatem
1496 3202 1872 3270 incorruptibi-
1907 3230 1952 3288 Β
1977 3206 2072 3275 qui
2093 3206 2499 3274 persecutiones
2520 3205 2797 3274 patimini,
2844 3205 2997 3275 quasi
3033 3204 3149 3257 nori
3181 3203 3321 3256 vobis
3346 3201 3551 3272 aliquid

288 3296 397 3349 lem
424 3304 473 3347 et
504 3294 975 3346 incontaminatam
1000 3334 1015 3355 ,
1061 3303 1110 3347 et
1140 3294 1625 3347 immarcescibilem
1664 3310 1876 3347 conser-

290 3396 475 3440 vatam
505 3387 555 3438 in
588 3386 730 3439 cwlis
758 3427 772 3449 ,
824 3386 877 3439 in
918 3385 1176 3455 vobis,qui
1206 3386 1261 3437 in
1288 3386 1479 3439 virtute
1507 3385 1603 3440 Dei
1639 3388 1873 3441 custodi~

291 3476 430 3529 mini
460 3492 552 3545 per
575 3475 731 3544 ﬁdem
770 3476 823 3529 in
865 3477 1091 3529 salutem
1127 3487 1372 3545 paratam
1417 3477 1636 3530 revelari
1665 3479 1720 3531 in
1747 3486 1877 3531 tem-

292 3584 423 3637 pore
451 3568 733 3621 novissimo
762 3584 780 3621 :
811 3568 864 3621 in
894 3585 996 3638 quo
1025 3568 1366 3622 exsultabitis
1390 3610 1407 3631 ,
1440 3570 1705 3622 modicum
1738 3585 1875 3622 nunc

288 3661 341 3715 si
375 3669 575 3729 oportet
602 3661 909 3714 contristari
938 3662 991 3714 in
1022 3662 1184 3715 variis
1219 3662 1627 3728 tentationibus,
1662 3672 1717 3716 ut
1748 3679 1871 3731 pro-

292 3752 443 3806 batio
479 3763 662 3805 uestra:
686 3752 811 3820 ﬁdei
840 3752 1005 3805 multo
1033 3752 1315 3821 pretiosior
1339 3754 1408 3805 sit
1436 3769 1588 3811 auro.
1619 3754 1757 3823 quod
1785 3769 1878 3822 per

290 3844 469 3913 ignem
490 3843 798 3912 probatur’,
815 3844 858 3898 si
890 3854 1068 3898 tamen
1094 3844 1145 3897 in
1174 3845 1621 3899 tribulationibus
1643 3847 1885 3916 experti,

293 3933 512 4003 probati
545 3934 921 3988 inveniamini.
956 3934 1230 3989 Patieutes
1265 3946 1473 4000 estote,
1508 3938 1875 4004 dilectissrmi,

287 4042 424 4098 quia
468 4028 725 4095 patientia
765 4028 1125 4096 probationem
1165 4038 1437 4097 operatur,
1483 4032 1725 4099 probatio
1758 4048 1876 4085 vero

289 4135 463 4189 spem,
492 4136 607 4187 spes
640 4134 817 4177 autem
857 4137 959 4174 non
982 4121 1257 4191 confundit
1279 4122 1319 4176 ’⁸.
1354 4120 1490 4176 Ecce
1516 4124 1753 4193 agricola
1782 4139 1875 4177 ea:-

287 4222 494 4283 spectat
541 4214 829 4282 pretiosunt
877 4216 1108 4283 fructum
1154 4226 1328 4281 terrm,
1367 4219 1631 4286 patienter
1663 4219 1877 4286 ferens,

286 4304 460 4360 donec
488 4306 718 4375 accipiat
750 4319 1141 4378 temporaneum
1175 4321 1225 4365 et
1252 4312 1543 4365 serotinum
1564 4312 1603 4365 ⁸.
1641 4310 1695 4365 Si
1733 4311 1877 4380 agri-

293 4393 435 4465 cola:
464 4396 579 4450 haec
612 4398 881 4466 patienter
913 4398 1096 4455 ferunt
1127 4418 1226 4473 pro
1260 4402 1655 4469 temporalibus
1684 4402 1871 4458 fructi-

296 4488 402 4541 bus
421 4525 437 4552 ,
468 4496 674 4555 quanto
703 4490 877 4560 magis
910 4508 1007 4547 vos
1036 4508 1137 4562 pro
1167 4494 1387 4549 mternis
1436 4495 1703 4563 patientes
1751 4510 1874 4550 οδω

1978 3298 2249 3368 contingat
2299 3314 2318 3352 :
2365 3298 2455 3351 sed
2492 3298 2937 3351 communicantes
2978 3296 3179 3352 Christi
3217 3294 3551 3366 passionibus

1977 3390 2198 3459 gaudete
2219 3433 2233 3455 ,
2284 3399 2340 3443 ut
2371 3400 2421 3443 et
2450 3391 2505 3443 in
2536 3390 2849 3444 reuelatione
2880 3391 3067 3461 gloria:
3113 3391 3228 3460 ejus
3276 3389 3552 3459 gaudeatis

1974 3481 2323 3536 exsultantes.
2379 3480 2437 3535 Si
2490 3482 2886 3550 exprobramini
2938 3483 2995 3535 in
3042 3482 3250 3535 nomine
3309 3478 3551 3541 Christi,

1976 3571 2115 3626 beati
2144 3574 2331 3637 eritis;
2374 3575 2622 3644 quoniam
2667 3573 2805 3643 quod
2852 3583 2946 3627 est"
2974 3573 3207 3637 honoris,
3252 3571 3435 3642 gloria
3504 3577 3570 3623 et-

1976 3666 2188 3720 uirtutis
2220 3665 2358 3729 Dei,
2399 3674 2449 3719 et
2478 3668 2567 3734 qui
2606 3675 2682 3719 est
2718 3665 2832 3735 ejus
2867 3666 3121 3735 spiritus,
3170 3681 3326 3733 super
3355 3680 3442 3718 vos
3474 3681 3538 3717 re-

1975 3758 2218 3828 quiescit.
2255 3756 2424 3810 Nemo
2452 3768 2625 3811 autem
2656 3766 2884 3812 vestrum
2912 3759 3151 3826 patiatur
3186 3757 3337 3824 quasi
3384 3755 3553 3807 homi-

1977 3848 2119 3913 cida,
2153 3860 2245 3902 aut
2279 3848 2388 3916 fur,
2420 3859 2509 3901 aut
2540 3847 2860 3910 maledicus,
2906 3856 2998 3899 aut
3029 3847 3323 3899 alienorum
3352 3844 3553 3913 appeti-

1977 3952 2077 3995 tor.
2112 3940 2172 3995 Si
2198 3951 2375 3994 autem
2402 3950 2459 3993 ut
2492 3938 2831 3994 Christianus
2851 3981 2865 4003 ,
2907 3955 3012 3991 non
3038 3940 3307 3992 erubescat
3338 3953 3357 3990 :
3391 3935 3553 4006 glori-

1978 4036 2095 4105 ﬁcet
2128 4044 2303 4088 autem
2350 4033 2514 4087 Deum
2542 4036 2596 4086 in
2623 4034 2724 4086 isto
2753 4033 2959 4085 nomine
3002 4046 3022 4085 :
3064 4032 3312 4101 quoniam
3351 4040 3567 4096 tempus.

1975 4138 2053 4181 est
2100 4136 2157 4179 ut
2204 4128 2426 4196 incipiat
2472 4127 2732 4192 iudicium
2779 4143 2810 4178 a
2856 4125 3013 4177 domo
3058 4124 3176 4177 Dei.
3217 4121 3278 4178 Si
3302 4132 3478 4175 autem
3521 4137 3553 4172 a

1976 4219 2127 4275 nobis
2157 4220 2423 4287 primum;
2452 4220 2567 4289 quis
2599 4220 2721 4288 ﬁnis
2745 4234 2922 4272 eorum
2956 4218 3045 4287 qui
3076 4233 3177 4269 non
3205 4216 3422 4268 credunt
3455 4212 3571 4267 Dei»

1980 4312 2314 4381 Evangelia?
2359 4311 2427 4363 Et
2477 4314 2523 4365 si
2569 4312 2657 4365 vix
2698 4312 2878 4380 justus
2909 4310 3227 4373 saluab'itnr,
3264 4308 3456 4377 impius
3502 4316 3550 4359 et

1976 4418 2217 4475 peccator
2242 4407 2329 4457 ubi
2372 4406 2675 4473 parebunt?
2714 4402 2903 4473 Itaque
2946 4412 2995 4456 et
3043 4402 3095 4454 hi
3135 4402 3226 4471 qui
3273 4401 3553 4463 patiuntur

1976 4502 2262 4574 secundum
2286 4498 2605 4551 uoluntatem
2624 4495 2741 4563 Dei,
2765 4497 2911 4567 ﬁdeli
2931 4496 3172 4549 Creatori
3195 4489 3554 4547 commendent

370 4698 485 4752 ’De
514 4698 845 4767 oppressione
888 4707 937 4750 et
990 4698 1308 4752 laceratione
1360 4698 1831 4769 Christianorum;
1866 4711 1915 4753 et
1950 4702 2088 4769 quod
2133 4701 2367 4755 Ecclesia
2412 4701 2533 4755 navi
2568 4709 2936 4768 comparetur;
2971 4708 3125 4768 atque
3159 4699 3458 4769 tleAca'leris
3483 4698 3555 4751 ibi

298 4770 511 4839 insertis
542 4766 760 4839 negotiis
788 4785 806 4833 ,°
836 4768 1076 4822 omnibus
1099 4770 1352 4838 episcopis
1380 4771 1597 4837 scripta.
1630 4768 1703 4823 lta
1741 4789 1843 4825 ωε.
1875 4766 2227 4825 Collectiouis
2263 4770 2454 4824 Isidori
2500 4772 2551 4823 in
2594 4766 2921 4823 bibliotheca
2971 4766 3181 4839 collegii
3228 4766 3557 4839 Parisiensis

300 4840 428 4895 50c.
451 4838 660 4903 Jesu,e
687 4855 798 4910 quo
827 4848 957 4894 sunt
985 4842 1068 4893 hae
1098 4841 1372 4893 variantes
1402 4840 1684 4894 lectiones.
1757 4841 1821 4894 Ἰ
1867 4840 2079 4909 PetrJ,
2126 4842 2244 4897 3-7.

295 4913 313 4942 ⁷
340 4910 503 4975 lbid.,
543 4910 692 4966 9-H.
769 4911 791 4941 "
830 4919 1061 4966 vestros.
1139 4913 1159 4942 ’
1195 4912 1430 4965 notanda
1472 4926 1597 4964 vos.

2323 4842 2520 4895 ‘Rom.
2566 4858 2616 4907 ν,
2654 4842 2708 4905 4,
2740 4842 2794 4896 5.
2862 4840 3020 4896 ηπ.
3054 4837 3134 4906 ν,“
3158 4840 3210 4892 7.
3268 4837 3473 4905 ‘lbid.,,
3499 4841 3532 4891 6

374 5115 453 5179 (ι)
490 5113 599 5170 Has
627 5115 888 5182 epistolas
930 5128 1039 5168 non
1085 5126 1255 5166 ausus
1282 5121 1367 5166 est
1398 5110 1761 5183 Bcllarmsnus
1791 5127 1877 5163 m-
1905 5119 1946 5174 (ζ
1978 5129 2042 5168 ex
2078 5113 2144 5167 iis
2191 5130 2311 5183 quae
2357 5112 2424 5165 de
2472 5128 2701 5165 Imuwro
2744 5126 2808 5164 ac
2855 5110 3045 5183 ordine
3070 5110 3406 5183 pontiﬁcum
3443 5107 3554 5183 sibi

294 5185 579 5242 dubitatas
616 5186 1027 5247 atlirmare,nec
1056 5191 1218 5251 negat
1248 5183 1300 5236 in
1317 5198 1414 5237 eas
1427 5182 1643 5249 aliquos
1664 5196 1879 5235 errores

299 5257 610 5379 irrepsSse.
643 5256 884 5311 Eruditis
918 5269 1045 5308 vero
1080 5253 1368 5309 catholicis
1393 5252 1647 5306 videntur
1673 5266 1878 5322 suppov

299 5336 439 5379 utar.
528 5344 644 5379 usu

296 5336 439 5383 Sile.
475 5336 644 5383 MANSI

371 5418 450 5487 (Ξ)
493 5417 753 5489 Epistula.
777 5417 1092 5471 Auaeletum
1115 5415 1571 5489 duasdecretalcs
1590 5414 1872 5489 epistolas,

297 5485 451 5546 omni
476 5485 739 5559 sapientia
762 5491 949 5559 plenas
968 5486 1383 5559 conscripsisse.
1402 5496 1681 5559 vetustum
1694 5485 1874 5559 quod-

299 5562 427 5615 dam
460 5554 738 5629 exemplar
765 5554 1203 5629 manuscriptum
1230 5556 1378 5609 Libri
1405 5554 1730 5629 pontiﬁcalis
1788 5559 1875 5629 te-

288 5641 497 5685 statur:
517 5626 662 5700 quod
692 5630 784 5684 ubi
816 5631 920 5695 sit,
948 5638 1002 5683 et
1034 5626 1178 5682 unde
1207 5636 1487 5700 acceptum
1522 5626 1684 5700 fugerit
1704 5668 1717 5690 ,
1750 5626 1873 5679 vide

298 5696 633 5755 'l‘urriau'um
664 5716 785 5770 cap.
816 5700 907 5765 20,
940 5701 1035 5754 lib.
1060 5714 1113 5761 v,
1158 5707 1341 5752 contra
1363 5696 1830 5770 Magdeburgenses
1854 5711 1873 5749 :

300 5788 331 5823 a
366 5767 962 5840 uovatoribus'magua
1006 5785 1131 5824 eum
1170 5770 1366 5837 injuria
1416 5767 1702 5840 redargui,
1753 5768 1873 5821 ideo

303 5842 453 5912 quod
474 5842 803 5900 Clementem
824 5838 1226 5900 antecessorem
1252 5856 1412 5898 suum
1438 5838 1698 5903 noanuet,
1726 5848 1869 5907 patet

1979 5177 2389 5237 succedentium
2420 5183 2659 5236 diximus
2690 5198 2853 5249 supra
2888 5180 2938 5234 in
2969 5177 3111 5235 notis
3147 5180 3211 5232 ad
3246 5178 3419 5232 Vitam
3435 5177 3553 5232 Cle-

1982 5256 2195 5309 tuentis.
2237 5253 2360 5307 δεῖν.
2389 5253 2593 5307 Βικιυδ.

2054 5347 2131 5405 15)
2177 5346 2568 5400 Tribulationes
2594 5354 2792 5397 vestras
2826 5343 3147 5395 audivimus.
3188 5340 3326 5395 Nota
3366 5348 3554 5395 contra

1982 5427 2272 5471 novatores
2300 5419 2443 5485 quod
2484 5416 2780 5469 Anaeletus
2818 5415 2884 5466 de
2917 5415 3080 5485 rebus
3110 5414 3303 5485 horum
3342 5421 3553 5485 tenipo-

1982 5503 2139 5551 rum,
2189 5481 2340 5541 verbi
2391 5489 2601 5554 gratia,
2656 5486 2722 5539 de
2771 5483 3243 5552 perSeculiouibus
3291 5481 3557 5554 patienter
3607 5502 3623 5510 -

1981 5559 2231 5627 exemplo
2288 5553 2490 5612 Christi
2548 5555 2825 5627 ferendis,
2875 5554 3116 5627 scribat;
3164 5555 3418 5627 adeoque
3473 5553 3556 5607 hu:

1981 5623 2223 5696 epistola:
2249 5628 2546 5682 decretales
2578 5623 2851 5696 immerito
2876 5624 3345 5696 reprehemlautur
3374 5638 3438 5677 ac
3456 5638 3552 5696 Are-

1978 5693 2259 5765 ji'ciautur,
2296 5700 2451 5767 quasi
2484 5698 2540 5750 iu
2574 5696 2658 5767 bis
2691 5694 2837 5749 nulla
2870 5695 3075 5750 mentio
3106 5696 3210 5751 llat.
3231 5709 3413 5751 rerum
3454 5693 3557 5750 hoc

1981 5779 2222 5839 tempore
2254 5765 2547 5841 gustarunt.
2579 5765 2653 5820 In.
