4040 6322
322 282 433 339 793

1798 270 2179 331 Ειηετοωε.

3484 272 3593 329 794

321 400 559 455 fundere
585 439 599 464 ,
652 404 747 451 aut
790 395 951 450 ﬁdem
975 435 992 460 ,
1038 403 1134 449 aut
1178 393 1491 450 doctrinam
1539 394 1911 464 apostolorum
1943 399 1990 453 Α
2020 390 2222 444 trinitas
2255 388 2608 452 Immensa”.
2642 386 2980 458 tempestatis
3013 385 3219 442 incerta
3264 388 3409 443 bono
3443 405 3563 447 sere

320 491 497 547 variis
524 488 804 543 maculare
824 486 1113 553 doctrinis,
1171 502 1272 541 nec
1322 486 1519 543 fratres
1561 486 1903 542 infestare".

321 584 370 615 ³⁸
393 583 452 638 Si
484 591 663 636 autem
698 579 883 633 omnia
906 578 963 632 in
1000 580 1107 633 hoc
1140 578 1345 634 smculo
1370 578 1647 634 vindicata
1685 587 1905 645 essent,

318 674 509 730 locum
544 670 728 726 divina
752 669 960 739 judicia
996 683 1105 723 non
1151 665 1484 724 haberent.”
1540 662 1908 735 Supervacuis

318 767 476 823 enim
514 764 582 819 ad
631 761 896 817 beneﬁcia
943 761 1158 816 laborat
1214 758 1549 830 impendiis,
1600 758 1693 829 qui
1733 758 1905 814 solem

318 866 503 913 certat
529 855 740 911 facibus
774 852 1055 924 adjuvare.
1102 850 1226 908 ldeo
1277 852 1323 906 si
1374 850 1575 920 aliquis
1616 857 1908 919 putat,'se

318 945 442 1002 Deo
478 948 532 1000 in
574 947 678 1001 hoc
710 946 957 1015 placere,
989 943 1138 1014 quod
1174 957 1365 998 servos
1392 957 1523 997 suos
1547 949 1808 1007 accusat;
1854 949 1909 995 et

319 1048 390 1091 ut
420 1036 673 1092 meliores
719 1036 884 1101 ﬁant,
922 1031 1064 1091 dicit
1114 1048 1174 1088 se
1220 1032 1326 1087 hoc
1371 1046 1565 1102 agere;
1614 1031 1667 1084 in
1706 1047 1909 1087 vanum

318 1133 572 1199 laborat,
603 1139 657 1185 et
697 1129 822 1199 plus
867 1126 1088 1182 invidiae
1134 1123 1376 1180 stimulis
1416 1122 1691 1193 agitatur,
1740 1136 1907 1191 quam

316 1224 611 1283 charitatis
660 1241 675 1277 :
730 1220 994 1292 quoniam
1046 1219 1234 1291 gratiae
1276 1216 1560 1288 plenitudo
1604 1215 1911 1286 adjectione

318 1333 439 1372 non
471 1315 693 1385 indiget,
738 1329 838 1368 nec
868 1313 978 1368 ulla
1018 1311 1249 1382 requirit
1276 1307 1772 1365 commendationis
1806 1322 1908 1362 au-

319 1409 617 1482 gutenta.”
678 1406 850 1477 Erigit
876 1421 1007 1477 ergo
1042 1406 1294 1461 doctores
1326 1401 1662 1459 conscientia
1695 1416 1825 1467 sua,
1855 1410 1911 1457 et

317 1506 373 1561 si
422 1502 645 1573 quando
693 1501 919 1557 incertis
950 1509 1257 1568 temporum
1290 1495 1508 1551 flatibus
1533 1504 1906 1564 opponuntur,

318 1594 599 1649 sustinent
624 1592 789 1655 mala,
814 1605 935 1659 quae
957 1588 1173 1646 saeculis
1203 1587 1381 1658 magis
1411 1594 1540 1641 sunt
1563 1584 1907 1651 ascribenda,

316 1703 490 1757 quam
526 1684 808 1740 meritis."
864 1683 1054 1739 Datam
1091 1682 1236 1736 enim
1265 1680 1473 1736 scimus
1503 1679 1719 1733 Satanas
1756 1686 1909 1747 pote-

317 1789 548 1843 statem,
598 1786 659 1832 ut
705 1791 897 1831 servos
940 1773 1145 1829 Christi
1190 1773 1459 1828 cribraret
1493 1789 1507 1825 :
1538 1779 1599 1825 ut
1645 1773 1792 1840 quod
1839 1770 1907 1825 dc

317 1874 508 1929 tritico
536 1851 767 1927 itiveniri
796 1878 1001 1942 posset,
1028 1869 1241 1925 horreis
1267 1868 1610 1939 ingereretur
1642 1885 1656 1921 :
1684 1876 1737 1921 et
1758 1864 1907 1936 quod

316 1969 390 2022 de
422 1967 615 2037 paleis,
644 1966 711 2021 ad
738 1964 944 2037 ignium
966 1964 1225 2017 alimenta
1249 1962 1527 2017 transiret.
1553 1960 1633 2015 Ad
1658 1976 1757 2016 vos
1786 1975 1908 2030 spe-

316 2060 537 2114 cialiter
574 2059 781 2114 dictum
814 2066 898 2111 est
948 2075 961 2111 :
999 2052 1180 2109 Nolite
1221 2056 1426 2119 timere,
1474 2052 1704 2123 pusillus
1754 2066 1904 2122 grex,

312 2153 452 2221 quia
481 2149 804 2220 complacuit
844 2148 997 2202 Patri
1046 2156 1216 2202 vestro
1258 2147 1380 2200 dari
1408 2146 1549 2200 vobis
1598 2144 1902 2216 regnum”.

318 2239 492 2297 Venit
538 2241 677 2295 inter
729 2254 829 2295 vos
877 2238 1091 2309 gladius
1138 2237 1498 2308 perﬁdorum,
1553 2243 1615 2290 ut
1660 2234 1905 2289 marcida

320 2332 585 2388 Ecclesia
612 2332 856 2386 membra
886 2338 1175 2395 resecaret,
1207 2338 1261 2384 et
1286 2329 1353 2384 ad
1375 2328 1652 2384 caelestem
1676 2326 1903 2397 gloriam

318 2442 459 2482 sana
486 2424 823 2495 perduceret.
853 2422 1006 2490 Quos
1035 2422 1230 2476 habeat
1253 2420 1507 2476 Christus
1539 2420 1760 2485 milites,
1786 2432 1907 2473 cer-

318 2527 508 2572 tamen
560 2515 799 2571 ostendit
840 2532 853 2568 :
901 2514 995 2583 qui
1041 2513 1377 2582 triumphum
1426 2519 1768 2576 mereantur,
1809 2522 1907 2578 per

318 2610 464 2664 bella
493 2616 902 2680 cognoscuntur
921 2604 990 2660 ³³.
1039 2603 1258 2659 Scimus
1297 2610 1480 2657 autem
1515 2601 1716 2655 multos
1745 2599 1816 2654 ob
1849 2597 1904 2653 id

319 2701 591 2756 infestare
626 2701 904 2764 doctores,
947 2704 1007 2751 ut
1042 2710 1139 2751 eos
1170 2695 1435 2766 perdant,
1463 2702 1517 2748 et
1546 2692 1782 2763 propria:
1810 2706 1901 2746 vo-

317 2793 551 2849 luntatis
581 2791 777 2863 placita
816 2788 1168 2858 adimpleant.
1218 2785 1336 2841 Non
1383 2794 1674 2856 propterea
1721 2794 1903 2839 tamen

318 2888 582 2942 doctores
600 2886 955 2957 (inquantum
982 2881 1131 2937 vires
1154 2878 1469 2950 suppetunt)
1500 2892 1532 2931 a
1562 2886 1708 2932 recta
1735 2892 1907 2931 amm-

318 2978 526 3032 latione
550 2985 604 3030 et
626 2975 769 3029 bona
800 2973 1103 3028 intentione
1129 2971 1382 3027 recedere
1404 2969 1624 3036 debent,
1648 2968 1903 3036 scientes,
1948 3004 1952 3007 Α

315 3070 449 3140 quia
477 3067 616 3121 beati
643 3067 733 3136 qui
754 3066 1165 3136 persecutionem
1188 3061 1474 3134 patiuntur
1499 3072 1715 3132 propter
1730 3061 1903 3132 justi-

316 3162 455 3214 tiam
473 3159 540 3213 ³⁸.
594 3159 638 3191 ³³
660 3156 806 3212 Nihil
855 3166 1040 3213 autem
1078 3158 1172 3212 illo
1213 3165 1299 3212 est
1349 3165 1569 3226 pastore
1619 3154 1899 3221 miserius,

315 3253 417 3323 qui
442 3232 701 3321 luporum
735 3250 991 3305 laudibus
1019 3248 1306 3321 gloriatur.
1341 3247 1558 3315 Quibus
1600 3247 1646 3303 si
1688 3247 1904 3317 placere

314 3343 577 3409 voluerit,
612 3351 778 3412 atque
803 3342 874 3397 ab
916 3341 1003 3396 his
1049 3341 1223 3395 amari
1274 3338 1575 3411 delegerit,
1623 3338 1729 3393 erit
1776 3337 1904 3393 hinc

315 3435 522 3491 ovibus
574 3450 770 3505 magna
818 3434 1112 3505 pernicies.
1162 3430 1355 3487 Nullus
1399 3447 1531 3502 ergo
1574 3440 1858 3500 pastorum
1885 3469 1902 3495 ,

316 3530 539 3601 placere
594 3528 738 3598 lupis
783 3536 839 3583 et
876 3525 1132 3598 gregibus
1172 3525 1357 3580 ovium
1389 3520 1642 3593 potest.“
1720 3519 1904 3576 Perdit

315 3620 469 3675 enim
496 3619 699 3674 laboris
729 3617 1051 3673 memoriam
1081 3631 1236 3671 mens
1261 3613 1496 3671 terrenis
1518 3612 1754 3684 obligata
1783 3628 1904 3667 car-

314 3709 607 3765 ceribus."
663 3706 818 3764 Sicut
848 3707 1053 3762 artium
1093 3707 1147 3761 in
1183 3723 1285 3762 suo
1311 3720 1531 3777 quoque
1557 3720 1723 3773 opere
1753 3703 1905 3759 inve-

315 3802 474 3856 nitur
512 3813 685 3855 mater
735 3802 995 3857 instantia
1017 3841 1032 3864 ,
1091 3801 1165 3856 ita
1195 3814 1426 3854 noverca
1462 3796 1789 3852 eruditionis
1818 3803 1903 3850 est

314 3884 677 3962 negligentia.
708 3890 901 3948 Nullus
930 3907 1062 3963 ergo
1096 3889 1474 3962 prazjttdicium
1512 3889 1669 3943 alteri
1705 3886 1901 3953 faciat,

314 3998 502 4053 neque
545 3984 693 4052 quod
744 3983 849 4039 sibi
902 3984 1022 4038 tieri
1072 3997 1179 4037 non
1226 3981 1360 4047 vult,
1408 3989 1681 4065 exerceat.
1730 3976 1901 4034 Nemo

311 4072 527 4127 dictum
557 4072 626 4128 de
651 4072 837 4143 aliquo
882 4069 1193 4132 inveniat,”
1245 4070 1394 4140 quod
1429 4071 1485 4125 in
1532 4070 1655 4138 ejus
1682 4068 1897 4124 actibus

314 4178 429 4217 non
464 4173 747 4234 agnoscat.
780 4162 894 4234 Ego
939 4172 1121 4217 autem
1165 4161 1546 4216 labefactatam
1582 4176 1689 4214 non
1718 4158 1895 4214 solum

313 4256 560 4326 quietem
596 4271 793 4321 meam,
823 4254 915 4310 sed
943 4263 997 4308 et
1026 4254 1280 4317 salutem,
1309 4252 1659 4308 inimicorum
1686 4251 1895 4305 valetu-

311 4349 449 4404 dine
482 4358 535 4404 et
564 4364 848 4404 rumorqu
883 4347 1138 4419 procellis
1173 4361 1431 4417 agnosco.
1458 4344 1659 4401 Potens
1686 4354 1772 4400 est
1807 4344 1895 4399 l)i--
1924 4364 1976 4423 ί)

399 4643 443 4675 ’⁷
468 4641 602 4696 an.
645 4640 771 4695 cod.
805 4638 1114 4711 inseritﬂhic
1136 4637 1286 4711 hunc
1310 4636 1530 4711 titulum
1560 4654 1572 4691 :
1606 4636 1743 4711 Item
1772 4638 1836 4711 de
1859 4656 1921 4711 eg
1952 4656 2008 4694 re
2042 4638 2327 4711 Anacletus
2360 4640 2419 4711 in
2446 4640 2618 4711 prima
2632 4639 2859 4711 epistola
2879 4640 2955 4693 ita
2978 4639 3052 4694 ait
3081 4656 3101 4695 :
3143 4638 3228 4706 Si,
3261 4650 3365 4699 etc.

2014 481 2205 537 uitatis
2234 494 2509 535 amovere.
2557 477 2627 533 Et
2653 478 2785 550 quid
2818 478 2987 542 aliud,
3024 478 3071 533 si
3100 478 3354 535 Christus
3395 497 3594 551 passus

2002 584 2098 629 est
2150 588 2250 643 pro
2294 572 2493 639 nobis,
2546 572 2705 629 nobis
2755 571 3070 641 relinquens
3122 573 3471 647 exemplum,
3536 584 3594 633 et

2018 665 2251 736 apostoli
2284 664 2435 735 passi
2474 672 2641 731 sunt,
2675 672 2969 735 sequentes
2995 665 3117 735 ejus
3143 666 3453 736 exemplum
3476 708 3493 735 ,
3538 676 3592 724 et

2002 757 2209 828 reliqui
2262 766 2471 828 patres,
2509 756 2617 812 nisi
2669 765 2730 813 ut
2777 772 3077 827 sequamur
3122 766 3233 814 tam
3283 759 3588 816 doctrinam

2008 864 2203 904 eorum
2232 865 2396 920 quant
2445 849 2775 919 exemplum,
2823 858 2878 903 et
2921 848 3194 919 patiamur
3223 852 3450 907 adversa
3492 866 3592 922 pro
3680 918 3685 923 ,

1998 941 2267 1009 Christo,
2333 950 2390 998 et
2444 957 2571 998 cum
2622 941 2871 1012 patribus
2926 949 3090 1011 atque
3140 958 3264 997 cum
3330 942 3591 1000 fratribus

2010 1049 2229 1089 crucem
2253 1045 2572 1105 portemus,
2618 1048 2922 1105 eorumque
2958 1034 3401 1091 tribulationibus
3438 1050 3595 1091 com-

2010 1127 2288 1196 patiamur
2316 1167 2334 1194 ,
2378 1136 2438 1181 ut
2484 1125 2691 1181 Christi
2743 1126 2861 1183 veri
2909 1126 3165 1197 discipuli
3202 1128 3590 1194 inveniamur,

2009 1220 2270 1291 quidixit
2298 1239 2311 1273 :
2340 1219 2444 1286 Qui
2473 1218 2582 1274 vult
2632 1228 2750 1289 post
2796 1236 2877 1274 me
2925 1221 3132 1289 venire,
3160 1223 3375 1291 abneget
3400 1231 3591 1277 semet-

2008 1314 2217 1383 ipsum,
2266 1322 2313 1366 et
2359 1310 2512 1375 tollat
2572 1328 2777 1367 crucem
2828 1329 3018 1378 suam,
3061 1321 3111 1368 et
3158 1324 3408 1384 sequatur
3450 1312 3593 1368 me”

2008 1415 2062 1461 et
2116 1404 2437 1474 reliqua?“
2501 1403 2865 1475 Prtesumptio
2939 1413 3067 1473 est,
3129 1406 3177 1461 si
3239 1405 3590 1475 dominorum

2008 1497 2272 1552 beneﬁcia
2326 1496 2516 1551 famuli
2564 1513 2673 1553 non
2727 1507 3053 1567 sequantur.
3089 1494 3427 1569 Obsequium
3462 1514 3594 1570 ergo

2009 1588 2393 1644 aestimandum
2425 1598 2580 1658 puto,
2618 1590 2765 1659 quod
2798 1589 3078 1659 periturus
3126 1590 3401 1661 impendo.
3450 1589 3591 1657 Quid

2009 1689 2092 1735 est
2121 1682 2292 1749 enim,
2320 1682 2467 1751 quod
2493 1681 2616 1750 plus
2644 1680 2886 1736 creditur
2913 1681 3009 1736 lilii
3042 1681 3366 1736 vocabulum
3388 1682 3590 1747 valere,

2008 1788 2174 1843 quam
2208 1773 2568 1842 obsequium,
2594 1781 2654 1828 et
2688 1788 2796 1828 non
2828 1773 3113 1842 quaeritur,
3139 1773 3270 1842 quid
3303 1773 3354 1827 in
3388 1773 3591 1829 amoris

2008 1865 2165 1920 lance
2193 1880 2519 1935 promoveas
2540 1907 2556 1932 ,
2591 1865 2687 1920 sed
2731 1864 2894 1934 quale
2921 1864 2989 1920 ad
3034 1864 3414 1935 przejudicium
3447 1868 3575 1922 testi-

2008 1956 2181 2011 manti
2209 1972 2409 2011 nomen
2444 1971 2710 2027 apponas,
2741 1970 2865 2011 cum
2890 1956 3033 2025 apud
3065 1956 3362 2026 prudentes
3390 1956 3589 2014 frustra

2007 2050 2251 2107 sobolem
2304 2052 2582 2118 dicimus,
2649 2050 2756 2106 nisi
2803 2050 3060 2106 exhibeat
3107 2052 3255 2122 quod
3327 2053 3593 2109 vocatur?

2010 2139 2125 2211 Ego
2159 2157 2290 2197 vero
2324 2142 2455 2198 nolo
2484 2156 2674 2200 errore
2707 2158 2829 2199 meo
2861 2142 3071 2199 alienas
3102 2143 3292 2214 culpas
3323 2159 3590 2210 asserere,

2002 2244 2068 2291 ut
2112 2234 2360 2303 factum,
2418 2236 2567 2306 quod
2631 2234 2791 2292 doleo
2815 2238 2883 2301 δ’,
2934 2235 3224 2291 admisisse
3270 2237 3589 2293 convincar.

2012 2326 2228 2392 Odisti,
2283 2326 2462 2396 inquit
2511 2324 2777 2381 Dominus
2830 2340 2927 2396 per
2977 2324 3352 2396 Prophetam,
3413 2344 3590 2384 omnes

2006 2427 2282 2488 operantes
2326 2418 2692 2489 iniquitatem,
2722 2417 2903 2497 perdes
2933 2417 3199 2488 loquentes
3236 2421 3588 2483 mendacium.

2022 2509 2205 2565 Virum
2223 2510 2541 2580 sanguinum
2567 2519 2616 2564 et
2639 2508 2879 2564 dolosam
2897 2507 3293 2564 abominabitur
3310 2510 3592 2573 Dominus:

2005 2622 2100 2676 ego
2126 2594 2307 2658 autem
2338 2605 2392 2658 in
2428 2602 2773 2657 multitudine
2806 2605 3187 2658 misericordice
3217 2615 3321 2659 tua:
3360 2606 3590 2661 introibo

2004 2700 2059 2752 in
2095 2698 2310 2751 domum
2346 2708 2514 2763 tuam,
2541 2696 2877 2768 adoraboque
2900 2700 2957 2751 in
2983 2698 3175 2767 templo
3203 2707 3387 2753 sancto
3416 2708 3506 2753 tuo
3533 2701 3590 2754 in

2005 2790 2194 2841 timore
2216 2796 2328 2843 tuo.
2361 2787 2608 2853 Domine,
2636 2788 2803 2844 deduc
2828 2804 2908 2843 me
2938 2790 2993 2842 in
3010 2788 3229 2858 justitia
3254 2799 3347 2845 tua
3373 2802 3591 2860 propter

2005 2881 2250 2934 inimicos
2279 2896 2444 2947 meos,
2469 2877 2642 2952 dirige
2673 2891 2798 2935 ante
2828 2881 3016 2951 [aciem
3050 2898 3219 2937 meam
3248 2883 3386 2937 uiam
3418 2892 3588 2941 tuam.

2008 2971 2134 3027 Non
2156 2982 2234 3027 est
2259 2973 2398 3027 enim
2414 2974 2475 3028 in
2500 2989 2589 3028 ore
2612 2990 2794 3028 eorum
2821 2984 3021 3029 rectum
3041 2974 3108 3042 ",
3136 2975 3388 3031 interiora
3407 2992 3590 3031 eorum

2004 3065 2243 3120 insidior.
2292 3062 2608 3135 Sepulcrum
2655 3075 2840 3136 patens
2889 3075 3072 3137 guttur
3108 3083 3310 3133 eorum,
3350 3067 3590 3139 linguam

2005 3174 2159 3213 suam
2180 3157 2477 3227 leniﬁcant.
2498 3156 2804 3214 Condcmna
2825 3175 2935 3226 eos,
2959 3158 3122 3227 Deus,
3141 3160 3387 3215 decidant
3412 3179 3446 3216 a
3471 3178 3589 3216 con-

2005 3250 2147 3304 siliis
2176 3250 2289 3305 suis
2318 3264 2337 3303 :
2366 3249 2530 3319 juxta
2557 3249 2954 3305 multitudinem
2981 3252 3237 3307 scelerum
3265 3269 3448 3308 eorum
3490 3269 3581 3309 ea:-

2004 3342 2140 3411 pelle
2185 3358 2297 3409 eos,
2341 3343 2594 3412 quoniam
2642 3355 3053 3412 prouocauerunt
3106 3354 3173 3398 te.
3219 3344 3289 3399 Et
3341 3345 3591 3402 laetentur

2005 3451 2184 3490 omnes
2214 3436 2305 3505 qui
2340 3444 2550 3505 sperant
2584 3436 2638 3488 in
2674 3445 2745 3503 te,
2777 3437 2829 3490 in
2862 3446 3118 3491 (eternum
3155 3438 3471 3494 laudabunt.
3514 3438 3587 3493 Et

2003 3536 2213 3598 protege
2237 3544 2325 3583 eos
2346 3568 2362 3593 ,
2404 3537 2453 3584 et
2483 3528 2811 3583 laetabuntur
2835 3529 2892 3583 in
2922 3538 2992 3596 te,
3021 3531 3112 3600 qui
3138 3530 3370 3601 diligunt
3397 3549 3586 3587 nomen

2007 3631 2177 3687 tuum,
2199 3623 2450 3693 quoniam
2478 3631 2534 3675 tu
2557 3621 2826 3676 benedices
2833 3622 3006 3691 justo.
3029 3623 3267 3687 Domine,
3295 3634 3350 3679 ut
3370 3623 3589 3682 hasta“

2004 3713 2389 3784 placabilitatis
2434 3712 2716 3769 coronabis
2760 3732 2877 3770 eum
2896 3714 2962 3771 "'.
3027 3714 3139 3770 Deo
3182 3715 3329 3770 enim
3375 3716 3585 3772 sacrifi-

2006 3814 2194 3860 cantes
2222 3804 2459 3875 perfecte
2480 3845 2495 3868 ,
2530 3821 2639 3861 non
2668 3806 2874 3861 debent
2914 3805 3132 3871 vexari,
3165 3807 3259 3863 sed
3289 3808 3494 3878 portari
3515 3808 3581 3874 “,

2007 3897 2309 3963 consolari,
2338 3906 2501 3967 atque
2530 3897 2602 3952 ab
2634 3897 2892 3953 omnibus
2921 3897 3186 3953 venerari.

2014 4207 2081 4262 Ct
2124 4209 2395 4279 episcopus
2437 4208 2543 4264 Deo
2587 4211 2896 4279 sacrificans
2945 4219 3097 4265 testes
3144 4226 3317 4264 secum
3368 4208 3579 4266 habent.

2087 4345 2191 4417 Ipsi
2236 4357 2439 4414 autem,
2463 4348 2683 4416 quando
2724 4346 2953 4403 Domino
3000 4343 3309 4403 sacriﬁcant
3340 4347 3439 4417 (6),
3470 4359 3583 4403 non

3444 4644 3490 4676 ιι
3504 4659 3579 4713 γι,

311 4732 377 4785 q.
407 4713 456 4767 l.
488 4712 546 4767 Si
576 4713 753 4765 omnia
781 4713 856 4785 in.
922 4712 967 4785 ’_’
993 4708 1277 4785 Ennoditts
1311 4724 1381 4774 ll,
1416 4708 1513 4785 29.,
1540 4718 1593 4785 et
1627 4710 1761 4785 dict.
1791 4710 1845 4766 9.
1874 4709 1940 4764 Et
1960 4711 2047 4785 hic
2072 4711 2216 4765 enim
2261 4710 2539 4785 incipiunt
2559 4708 2865 4765 Ennodiani
2892 4721 3151 4785 centones
3184 4711 3393 4785 fraudis
3420 4708 3583 4785 atque

314 4779 641 4845 iittuosturae
670 4779 1108 4836 manifestissimi
1140 4779 1370 4835 indices.

312 4854 362 4887 ³¹
391 4852 527 4907 Enn.
563 4869 626 4916 il,
663 4853 749 4907 l4.
829 4852 872 4883 ”
896 4851 1028 4906 Luc.
1082 4867 1194 4916 xu,
1241 4849 1332 4920 52.
1412 4850 1458 4882 ³³
1488 4849 1846 4920 cognoscitur,
1871 4849 2031 4920 habet
2054 4852 2221 4906 editio
2253 4849 2481 4904 Ennodii
2516 4867 2544 4903 a
2577 4850 2870 4906 Sirmondo
2896 4860 3147 4907 accurata
3173 4894 3187 4917 ,

1206 4921 1253 4951 ³⁸
1286 4918 1475 4975 Matth.
1516 4918 1590 4982 γ’,
1635 4920 1721 4974 10.
1804 4923 1850 4954 ³³
1886 4919 1905 4973 l

2006 4961 2019 4974 .
2063 4922 2151 4975 58.
2194 4920 2348 4974 Nihil
2370 4919 2487 4975 illo.
2566 4922 2612 4953 ²⁶
2646 4921 2783 4975 Enn.
2823 4923 2954 4977 dict.
2993 4922 3046 4977 8.

312 4926 410 4979 45.
459 4923 667 4979 Scimus
698 4932 875 4976 autem
912 4922 1125 4975 multos.

313 4996 365 5028 ⁸³
388 4993 527 5047 Enn.
559 5010 632 5055 tv,
672 4994 705 5047 9
734 5003 787 5048 et
810 4993 902 5047 ‘24.

1014 4992 1058 5024 ³³
1073 4994 1341 5045 immensa:
1372 4992 1698 5061 tempestatis
1725 4992 1796 5046 ita
1823 5007 1927 5047 ms.
1955 5002 2012 5048 et
2041 4992 2320 5047 Sirmondi
2355 4992 2543 5058 editio,
2571 5007 2626 5061 p.
2656 4992 2778 5047 {26.

1472 4780 1517 4811 ³ο
1540 4778 1767 4850 Erigunt
1816 4797 1938 4852 ergo
1977 4781 2216 4835 doctores
2254 4781 2628 4852 conscientiam
2664 4797 2847 4844 suam;
2888 4781 2968 4835 vel
3012 4780 3129 4833 Erit
3160 4798 3281 4852 ergo
3324 4778 3575 4841 doctoris.

3230 4868 3281 4921 p.
3312 4854 3411 4919 58,
3447 4854 3576 4909 dist.

3129 4923 3171 4954 ³⁷
3204 4922 3346 4978 Idem
3383 4934 3439 4979 et
3491 4926 3577 4980 tl.

2874 4994 2923 5026 ⁴⁰
2945 4993 3131 5048 Matth.
3158 5010 3280 5061 xw,
3314 4994 3386 5049 24
3405 5013 3420 5062 ί
3442 4994 3575 5050 Luc.

314 5081 400 5129 is,
433 5067 523 5119 25.
601 5065 644 5095 ⁸¹
669 5063 810 5117 Enn.
836 5078 902 5117 ex
927 5062 1048 5117 libri
1078 5078 1153 5127 tv,
1178 5063 1231 5127 4,
1250 5061 1305 5127 8,
1343 5062 1428 5128 l9,
1454 5063 1726 5130 epistolis.
1756 5061 1905 5118 Obiit
1931 5079 2061 5118 vero
2081 5061 2391 5117 Ticincnsis
2421 5062 2509 5116 ille
2539 5079 2626 5133 ep.
2654 5080 2744 5117 an.
2772 5061 2904 5118 Chr.
2926 5065 3021 5119 52l
3047 5106 3061 5129 ,
3088 5064 3302 5119 Valerio
3332 5061 3576 5120 consule.

315 5137 365 5168 δ’
390 5136 606 5206 utquod
635 5135 835 5204 factum
867 5133 1038 5199 doleo,
1086 5134 1258 5206 habet
1289 5134 1458 5206 editio
1484 5134 1757 5206 Sirmondi
1778 5176 1794 5202 ,
1826 5150 1876 5206 p.
1908 5133 2011 5188 122
2034 5176 2049 5200 ,
2073 5143 2236 5206 atque
2265 5134 2379 5188 ha-c
2411 5134 2491 5187 vel
2521 5132 2637 5188 sola
2674 5150 2738 5188 ex
2773 5132 3023 5190 Ennodio
3046 5135 3187 5189 fu:ta
3220 5136 3575 5206 impostnram

316 5202 499 5263 cuivis
520 5202 745 5262 cordate
767 5205 1039 5273 detegunt.
1082 5202 1127 5234 “
1142 5203 1219 5257 Ex
1246 5218 1388 5257 vers.
1416 5203 1730 5271 Hiezonymi
1773 5202 1865 5275 qui
1903 5206 2173 5274 posterior
2203 5204 2464 5260 Anaclcto
2486 5206 2741 5259 trecentis
2774 5208 2953 5262 annis.
3013 5206 3058 5238 ⁸⁵
3077 5217 3248 5261 scuto.
3287 5202 3333 5238 "
3349 5204 3493 5261 Psal.
3524 5223 3576 5271 v,

318 5275 471 5333 7-15.
544 5276 591 5308 “
610 5277 782 5344 Quam
807 5276 1008 5330 absunt
1038 5275 1153 5329 haec
1172 5290 1208 5329 Aa
1243 5276 1674 5342 pracedentihus
1696 5275 1929 5331 Ennodii
1949 5276 2194 5333 laciniis!

389 5501 467 5570 (6)
491 5499 605 5571 Ipsi
625 5501 1035 5571 autent.quando
1068 5499 1290 5554 Domino
1315 5501 1643 5570 sacriﬁcant.
1675 5502 1893 5557 Confir-

318 5584 500 5626 matur
529 5573 827 5641 apostolica
858 5572 1348 5643 constitutiodista,
1395 5588 1504 5641 qua
1555 5574 1889 5643 praecipitur,

316 5653 376 5697 ut
418 5643 658 5712 episcopi
704 5642 1127 5697 solemnioribus
1168 5641 1361 5696 diebus
1405 5659 1529 5696 cum
1556 5641 1891 5698 ‘ministerio

319 5712 612 5766 multorum
663 5714 822 5767 altari
886 5712 1178 5767 astantium
1227 5722 1282 5767 et
1335 5712 1746 5768 inservientium
1797 5729 1889 5767 so-

322 5782 500 5840 temne
550 5782 879 5841 sacriﬁcium
935 5782 1046 5840 Dee
1084 5784 1307 5840 eliciunt
1335 5822 1351 5850 ,
1406 5787 1616 5855 ipsique
1656 5785 1890 5842 ministzi

1998 5519 2189 5576 omnes
2227 5517 2351 5576 post
2396 5506 2705 5563 absolutum
2756 5502 3083 5561 sacriﬁcium
3129 5501 3574 5576 communicent,

1999 5575 2121 5644 lnisi
2163 5560 2242 5631 ex.
2268 5560 2608 5633 rationaliet
2642 5560 2789 5646 justa
2820 5589 2986 5629 causa
3040 5584 3387 5646 excuscntur.
3444 5560 3575 5646 Vide

2001 5647 2389 5773 lldicimus
2422 5649 2476 5704 in
2509 5644 2656 5704 notis
2684 5648 2751 5702 ad
2781 5659 3021 5703 canones
3045 5644 3413 5717 apostolorum
3447 5645 3481 5700 9
3522 5652 3574 5698 et
