4040 6322
647 327 747 383 793

1964 315 2239 365 AAALLIL
2255 313 2308 363 [Ι
2378 312 2461 362 ΡΛ
2470 310 2576 363 Ι’.Ἐ
3729 316 3806 373 796

648 443 739 498 ,υΙί
776 442 878 493 hoc
908 454 1067 508 agere
1098 437 1315 500 debent,
1348 435 1440 489 sed
1473 444 1639 489 testes
1671 447 1855 486 secum
1898 431 2212 493 adhibeant,
2244 428 2288 482 Α
2318 426 2543 481 adventu
2578 429 2713 497 ejus.
2764 426 2823 481 Si
2873 427 3023 479 scitis
3066 427 3312 495 quoniam
3348 429 3518 496 justus
3552 443 3636 493 est,
3671 436 3809 490 scitote

644 544 699 588 ut
733 532 964 587 Domino
996 529 1232 601 perfecte
1264 533 1316 582 in
1342 528 1576 582 sacratis
1609 525 1718 580 Deo
1746 525 2054 579 sacriﬁcare
2080 524 2214 578 locis

644 621 961 692 probentur.
1018 619 1109 673 Ait
1149 633 1384 687 namque
1433 616 1732 671 auctoritas
1782 615 1916 682 legis
1967 614 2211 668 divinae:

648 712 780 766 Vide
839 728 900 765 ne
931 712 1123 779 offeras
1156 709 1466 763 holocausta
1510 716 1603 759 tua
1651 707 1706 758 in
1748 707 1891 759 omni
1923 706 2034 758 loco
2062 720 2215 774 quem

644 806 855 870 videris,
875 804 964 857 sed
979 806 1032 856 in
1049 803 1162 856 loco
1178 819 1328 871 quem
1350 801 1559 871 elegerit
1582 799 1839 853 Dominus
1856 797 1994 851 Deus
2011 807 2133 850 tuus
2144 797 2212 848 ".

642 893 1010 964 “Episcopus
1064 894 1172 949 Deo
1216 894 1554 958 sacriﬁcans,
1590 900 1753 947 testes
1796 891 1879 958 (ut
1934 891 2213 959 praeﬁxum

643 988 745 1055 est)
782 1002 964 1041 secum
999 986 1213 1051 habeat,
1248 995 1301 1040 et
1329 985 1511 1054 plures
1550 998 1713 1053 quam
1750 984 1889 1036 alius
1935 982 2211 1036 sacerdos.

643 1076 797 1131 Sicut
818 1077 961 1131 enim
994 1076 1215 1146 majoris
1245 1075 1467 1131 honoris
1496 1074 1664 1144 gradu
1689 1073 1909 1134 (ruitur.
1932 1072 2014 1127 sic
2042 1072 2218 1141 majo-

644 1170 720 1223 ris
746 1169 1040 1223 testimonii
1082 1169 1419 1223 incremento
1451 1166 1676 1237 indiget.
1703 1166 1763 1219 ln
1786 1165 2212 1220 solemnioribus

642 1262 842 1330 quippe
880 1261 1094 1327 diebus,
1140 1268 1235 1315 aut
1272 1270 1501 1330 septem,
1534 1269 1626 1314 aut
1664 1260 1927 1329 quinque,
1971 1267 2067 1313 aut
2105 1267 2215 1313 tres

642 1352 919 1420 diaconos,
951 1354 1044 1423 qui
1086 1353 1206 1422 ejus
1247 1352 1392 1407 oeuli
1438 1353 1714 1417 dicuntur,
1766 1360 1819 1405 et
1850 1351 2215 1405 subdiaconos

641 1453 803 1515 atque
830 1446 1068 1515 reliquos
1116 1445 1398 1500 ministros
1439 1459 1625 1499 secum
1668 1444 1885 1507 habeat,
1912 1442 2007 1513 qui
2042 1442 2214 1497 sacris

641 1536 813 1591 induti
838 1537 1198 1600 vestimentis,
1237 1536 1291 1590 in
1335 1536 1515 1592 fronte
1544 1546 1597 1591 et
1646 1551 1676 1589 a
1709 1544 1880 1606 tergo,
1903 1543 1957 1589 et
1991 1534 2214 1604 presby-

641 1633 742 1687 teri
766 1649 794 1687 e
815 1634 1033 1703 regione
1062 1633 1251 1688 dextra
1281 1632 1546 1701 laevaque,
1570 1630 1807 1686 contrito
1829 1630 1993 1684 corde
2017 1637 2071 1683 et
2111 1629 2211 1681 hu-

640 1725 850 1779 miliato
891 1724 1110 1793 spiritu,
1150 1738 1213 1778 ac
1259 1738 1432 1793 prono
1467 1730 1611 1777 stent
1641 1724 1815 1789 vultu,
1844 1720 2245 1804 custodientes.

641 1832 764 1871 eum
800 1831 830 1869 a
853 1816 1133 1871 malevolis
1158 1815 1492 1881 hominibus,
1510 1824 1562 1870 et
1588 1831 1916 1871 consensum
1947 1814 2066 1883 ejus
2088 1829 2219 1885 prae~

641 1909 805 1963 beant
822 1907 1109 1963 sacriﬁcio.
1129 1906 1351 1963 Peracta
1375 1918 1555 1963 autem
1577 1908 2010 1972 consecratione,
2029 1923 2221 1963 onmes

642 2002 1079 2065 communicent,
1122 2002 1214 2070 qui
1269 2001 1545 2055 noluerint
1595 2000 1982 2055 ecclesiasticis
2033 2014 2222 2054 carere

642 2093 944 2148 liminibus.
994 2092 1085 2150 Sic
1116 2095 1260 2148 enim
1312 2103 1361 2147 et
1414 2092 1641 2162 apostoli
1690 2100 1998 2147 statuerunt
2029 2092 2128 2161 (7),
2168 2100 2222 2145 et

645 2190 832 2238 saneta
875 2182 1119 2239 Romana
1159 2192 1303 2238 tenet
1335 2182 1598 2238 Ecclesia.
1647 2184 1869 2251 Servite,
1912 2185 2087 2255 inquit
2115 2183 2222 2239 Do-

643 2276 827 2331 minus
874 2292 971 2347 per
1017 2276 1333 2347 prophetam
1376 2276 1562 2343 David,
1596 2279 1650 2331 in
1683 2277 1907 2344 timore,
1952 2288 2001 2332 et
2040 2278 2219 2333 exsul-

646 2376 754 2420 tate
778 2361 825 2416 ei
846 2358 1531 2417 cumtremore.“.4dorate
1554 2379 1713 2433 pure,
1750 2380 1813 2416 ne
1845 2364 1980 2449 fqrte
2015 2367 2217 2418 irasca-

647 2468 754 2521 tur,
797 2464 846 2508 et
875 2458 1102 2525 pereatis
1155 2457 1220 2510 de
1273 2452 1377 2523 via.
1426 2457 1473 2489 '°
1528 2457 1621 2511 llle
1650 2460 1794 2511 enim
1842 2471 1949 2509 non
1981 2457 2121 2525 perit
2152 2456 2220 2512 de

645 2549 755 2615 vla,
785 2548 878 2620 qui
910 2556 1056 2605 recte
1091 2547 1354 2620 graditur,
1392 2558 1443 2603 et
1472 2558 1737 2619 praecepta
1771 2547 2006 2603 custodit
2040 2546 2219 2618 majo-

646 2654 792 2701 rum.

719 2731 907 2788 Doceri
938 2749 1067 2806 ergo
1088 2750 1281 2793 omnes
1327 2745 1559 2808 oportet,
1589 2739 1683 2809 qui
1718 2738 1932 2794 Domini
1963 2741 2222 2796 sacerdo-

644 2820 722 2873 tio
751 2818 1071 2890 funguntur,
1101 2832 1157 2879 ut
1184 2832 1235 2879 ct
1267 2835 1492 2881 caeteros
1520 2827 1797 2882 instruant
1829 2838 1883 2883 et
1917 2830 2021 2884 sibi
2056 2830 2220 2901 proﬁ-

646 2913 811 2966 ciant.
847 2911 1120 2984 Scriptum
1161 2923 1245 2970 est
1273 2927 1453 2971 autem
1487 2936 1500 2972 :
1536 2920 1640 2983 Qui
1680 2921 1823 2973 docti
1856 2921 2076 2990 fuerint,
2111 2922 2221 2991 ful-

643 3003 832 3072 gebunt
858 3008 1010 3075 quasi
1049 3008 1297 3077 splendor
1328 3010 1647 3078 ﬁrmamenti
1690 3027 1707 3064 :
1750 3022 1798 3066 et
1818 3015 1907 3083 qui
1946 3015 2016 3067 ad
2050 3015 2222 3084 justivo

2318 521 2567 591 quoniam
2598 529 2647 572 et
2679 520 2847 571 omnis
2879 520 2968 588 qui
3012 517 3140 586 facit
3166 517 3454 587 justitiam,
3483 536 3541 574 ea:
3580 523 3673 591 ipso
3696 536 3812 584 natus

2317 623 2395 668 ρει
2426 613 2492 667 ⁸³,
2535 612 2709 666 Videte
2738 610 2948 683 qualern
2979 612 3289 666 charitatem
3335 613 3474 667 dedit
3515 614 3644 670 nobis
3677 616 3811 686 Pater,

2320 717 2379 760 ut
2404 707 2505 775 filii
2529 706 2625 759 Dei
2656 707 2986 759 nominemur
3013 716 3061 760 et
3086 707 3271 759 simus.
3297 703 3517 774 Propter
3540 706 3623 759 hoc
3643 712 3816 766 mundus

2319 818 2423 854 non
2455 801 2594 854 novit
2622 816 2736 863 nos,
2761 800 2887 868 quia
2923 814 3025 852 non
3053 799 3192 851 novit
3221 815 3358 852 eum.
3384 798 3689 866 Charissimi,
3716 821 3811 858 nunc

2317 894 2419 965 ﬁlii
2442 894 2540 947 Dei
2563 911 2765 961 smnus,
2788 904 2835 948 et
2861 895 3091 948 nondum
3114 893 3359 962 apparuit
3380 892 3503 963 quid
3530 894 3715 950 erimus.
3734 895 3806 950 Sci-

2319 1005 2434 1040 mus
2483 988 2733 1058 quoniam
2784 1003 2901 1040 cum
2950 988 3285 1056 apparuerit,
3328 986 3523 1039 similes
3569 987 3612 1040 ei
3652 988 3817 1054 erimus,

2317 1080 2568 1150 quoniam
2606 1078 2892 1132 videbimus
2918 1095 3035 1131 eum
3074 1078 3234 1131 sicuti
3261 1086 3359 1132 est.
3388 1076 3458 1130 Et
3489 1078 3643 1131 omnis
3663 1082 3734 1147 qui
3752 1082 3816 1133 ha.

2316 1170 2397 1223 bet
2424 1185 2563 1237 spem
2580 1169 2715 1221 hanc
2736 1168 2791 1221 in
2814 1184 2893 1232 eo,
2909 1168 3210 1238 sanctificat
3226 1184 3304 1234 se,
3322 1170 3461 1221 sicut
3487 1178 3533 1221 et
3556 1169 3637 1223 ille
3661 1181 3820 1225 sanctus

2312 1270 2412 1314 est.
2440 1260 2623 1315 Omnis
2639 1260 2729 1330 qui
2753 1259 2883 1328 facit
2912 1269 3202 1328 peccatum,
3229 1270 3278 1314 et
3304 1261 3622 1330 iniquitatem
3645 1261 3766 1329 facit,
3786 1274 3822 1315 et

2314 1359 2583 1419 peccatum
2617 1358 2693 1404 est
2731 1350 3004 1419 iniquitas.
3032 1348 3100 1403 Et
3119 1351 3267 1405 scitis
3285 1350 3411 1420 quia
3432 1350 3519 1404 tlle
3536 1354 3762 1420 apparuit,
3782 1365 3818 1406 ut

2314 1450 2525 1510 peccata
2557 1438 2779 1503 tolleret,
2801 1452 2850 1494 et
2886 1451 3156 1509 peccatum
3177 1442 3232 1494 in
3268 1460 3326 1496 eo
3346 1458 3447 1495 non
3473 1455 3567 1496 est.
3598 1441 3825 1513 Omnisqui

2314 1534 2366 1586 in
2393 1548 2451 1585 eo
2470 1540 2665 1598 manet,
2687 1548 2787 1585 non
2817 1543 2994 1602 peccat
3014 1542 3096 1586 :et
3118 1534 3287 1586 omnis
3307 1532 3400 1603 qui
3420 1542 3609 1602 peccat,
3633 1549 3717 1585 non
3733 1535 3819 1586 vidit

2314 1642 2456 1691 eum,
2485 1642 2575 1680 nec
2601 1627 2834 1695 cognovit
2866 1643 3004 1680 eum.
3029 1625 3237 1699 Filioli,
3259 1642 3411 1681 nemo
3428 1642 3513 1680 vos
3532 1625 3736 1680 seducat.
3753 1625 3829 1691 Qui

2319 1718 2450 1787 facit
2493 1718 2790 1786 justitiam,
2821 1717 3002 1788 justus
3040 1726 3140 1781 est,
3184 1718 3319 1771 sicut
3355 1726 3405 1771 et
3456 1716 3543 1770 ille
3581 1718 3733 1786 justus
3756 1726 3824 1770 est.

2323 1811 2428 1876 Qui
2460 1811 2592 1880 facit
2621 1820 2913 1881 peccatum,
2936 1826 3000 1865 ex
3021 1811 3234 1865 diabolo
3261 1821 3360 1885 est,
3384 1812 3622 1881 quoniam
3644 1810 3697 1864 ab
3717 1810 3825 1865 initio

2321 1903 2563 1957 diabolus
2589 1913 2788 1973 peccat.
2823 1901 2892 1957 In
2937 1903 3033 1956 hoc
3069 1904 3317 1973 apparuit
3344 1903 3393 1956 F
3397 1904 3519 1958 ilius
3557 1902 3662 1969 liti,
3685 1905 3817 1957 uidis-

2321 1996 2490 2050 solvat
2524 2013 2679 2065 opera
2709 1997 2933 2050 diaboli.
2972 1995 3156 2051 Omnis
3195 2011 3283 2066 qui
3313 2006 3495 2060 _natus
3542 2006 3615 2050 est
3652 2012 3705 2050 es
3731 1995 3824 2061 Deo,

2320 2097 2593 2161 peccatum
2642 2104 2746 2141 non
2799 2088 2931 2157 facit
2961 2103 2977 2141 .'
3005 2089 3253 2158 quoniam
3306 2105 3481 2144 semen
3526 2090 3677 2159 ipsius
3716 2089 3757 2141 in
3785 2106 3827 2142 eo

2321 2192 2519 2249 manet,
2549 2191 2597 2236 et
2630 2198 2733 2235 non
2757 2191 2924 2251 potest
2952 2197 3186 2250 peccare,
3217 2184 3473 2252 quoniam
3500 2198 3563 2237 es:
3596 2181 3688 2236 Deo
3714 2193 3827 2233 natas

2319 2284 2418 2330 est.
2455 2274 2523 2328 In
2562 2274 2658 2328 hoc
2698 2275 2969 2344 manifesti
3013 2286 3133 2329 sunt
3174 2276 3278 2344 ﬁlii
3314 2275 3410 2330 Dei
3447 2286 3495 2330 et
3532 2276 3629 2345 filii
3664 2275 3825 2329 diaboli.

2326 2366 2510 2422 Omnis
2546 2368 2636 2437 qui
2663 2384 2767 2421 non
2794 2377 2869 2422 est
2893 2368 3098 2437 justus,
3124 2384 3227 2420 non
3253 2383 3327 2422 est
3356 2383 3423 2421 ex
3455 2367 3575 2433 Deo,
3604 2383 3646 2421 et
3670 2368 3741 2437 qui
3756 2382 3824 2419 nos

2320 2462 2497 2533 diligit
2524 2463 2747 2532 fratrem
2784 2478 2939 2516 suum
2964 2475 2983 2514 :
3010 2462 3258 2532 quoniam
3300 2462 3417 2516 haec
3456 2471 3532 2515 est
3557 2460 3828 2514 annmniatio

2319 2571 2478 2625 quam
2522 2556 2751 2608 audistis
2797 2555 2861 2608 ab
2893 2555 3066 2621 initia,
3118 2564 3175 2607 ut
3223 2555 3514 2625 diligamus
3557 2554 3824 2608 alterutrum.

2323 2644 2445 2699 Non
2471 2647 2608 2699 sicut
2647 2645 2805 2714 Cain,
2832 2647 2923 2716 qui
2956 2663 3019 2701 ea:
3043 2647 3274 2717 maligno
3302 2656 3441 2714 erat,
3477 2656 3527 2701 et
3561 2637 3725 2701 occidit
3749 2645 3826 2713 fra-

2322 2750 2455 2794 trem
2500 2756 2675 2794 suum.
2725 2738 2795 2792 Et
2843 2754 3056 2809 propter
3101 2740 3198 2794 hoc
3230 2742 3429 2794 occidit
3470 2757 3603 2807 eum,
3639 2739 3827 2809 quoniam

2321 2846 2480 2899 opera
2509 2830 2621 2899 ejus
2656 2830 2891 2901 maligna
2925 2840 3100 2896 erant,
3142 2830 3327 2899 fratris
3362 2839 3538 2884 autem
3574 2830 3723 2899 justo.
3746 2824 3826 2879 Νο-

2321 2920 2414 2974 lite
2442 2921 2650 2986 mirari,
2680 2922 2896 2989 fratres,
2928 2922 2975 2975 si
3022 2922 3133 2975 odit
3166 2939 3255 2976 vos
3288 2922 3537 2975 mundus.
3567 2918 3665 2973 Nos
3687 2919 3827 2971 scimus

2318 3019 2571 3087 quoniam
2611 3018 2862 3071 translati
2909 3034 3090 3071 sumus
3130 3017 3192 3069 de
3234 3027 3405 3070 morte
3452 3015 3521 3068 ad
3558 3015 3718 3073 vitam,
3742 3008 3828 3078 alia

645 3096 775 3148 tiam
844 3099 1092 3151 erudiunt
1137 3100 1367 3167 multos,
1414 3104 1568 3171 quasi
1619 3103 1787 3159 stella:
1832 3107 1889 3159 in
1939 3118 2215 3176 perpetuas
2245 3120 2287 3177 (ζ
2319 3108 2593 3178 diligimus
2630 3109 2844 3178 fratres.
2880 3109 2981 3174 Qui
3014 3125 3118 3162 non
3138 3107 3338 3177 diligit,
3373 3116 3547 3161 manet
3592 3107 3640 3159 in
3679 3110 3827 3157 morte;

645 3188 964 3242 wternitates
991 3189 1058 3243 ⁸¹.
1083 3190 1147 3245 Ει
1172 3193 1332 3247 alibi:
1370 3191 1606 3262 Populus
1644 3207 1818 3251 autem
1853 3200 2019 3254 sciens
2048 3199 2217 3255 Deum

643 3296 820 3347 suum,
858 3281 1132 3349 obtinebit,
1164 3295 1213 3339 et
1255 3288 1431 3357 faciet,
1477 3300 1526 3344 et
1567 3292 1709 3345 docti
1747 3293 1801 3347 in
1837 3294 2028 3363 populo
2062 3295 2218 3350 doce-

645 3372 771 3425 bunt
817 3374 1070 3441 plurimos
1110 3377 1175 3431 ".
1220 3378 1338 3449 ipsa
1379 3382 1523 3437 enim
1576 3382 1787 3439 Veritas
1824 3400 1918 3454 per
1959 3400 2018 3441 se
2056 3385 2220 3442 infert

642 3470 699 3517 et
734 3462 906 3518 dicit:
937 3465 1134 3520 Beatus
1176 3471 1365 3541 estqui
1392 3490 1492 3528 non
1525 3475 1686 3544 fuerit
1724 3478 2122 3532 scandalizatus
2163 3480 2219 3533 in

642 3569 724 3607 me
756 3554 823 3608 ⁸³.
855 3554 901 3587 ⁸⁸
940 3554 1030 3611 Ille
1069 3560 1255 3627 procul
1303 3563 1470 3617 dubio
1504 3567 1905 3622 scandalizatur
1938 3571 1991 3624 in
2024 3569 2216 3636 Deum,

634 3646 742 3715 qui
773 3656 917 3702 recte
944 3665 1048 3703 non
1081 3652 1255 3717 docet,
1285 3665 1339 3708 et
1366 3656 1457 3724 qui
1491 3658 1609 3727 ejus
1639 3661 1973 3717 scandalizat
2006 3664 2219 3732 episco-

654 3754 780 3809 pum
814 3740 897 3795 vel
935 3743 1291 3799 sacerdotcm.
1325 3747 1490 3819 lmpie
1539 3767 1776 3823 namque
1822 3765 2061 3825 agentes,
2092 3769 2220 3812 sunt

648 3833 823 3904 impii,
853 3850 1029 3905 neque
1078 3836 1382 3908 intelligent
1423 3856 1611 3896 omnes
1652 3844 1822 3914 impii,
1867 3862 2030 3914 porro
2073 3849 2217 3904 docti

643 3927 979 3996 intelligent..
1013 3927 1202 3983 Omnes
1247 3932 1386 3984 enim
1430 3934 1647 3988 invicem
1697 3938 2047 3992 humilitatem
2087 3942 2220 3994 insi-

644 4030 821 4084 nuate,
850 4023 972 4090 quia
1002 4020 1141 4074 Deus
1186 4024 1422 4092 superbis
1468 4027 1685 4093 resistit,
1716 4029 2001 4084 humilibus
2042 4044 2219 4087 autent

643 4112 735 4163 dat
754 4113 981 4181 gratiam
997 4112 1064 4165 ⁸⁵.
1085 4112 1283 4180 Nolite,
1303 4115 1476 4184 inquit
1497 4114 1739 4173 Joannes
1761 4122 2060 4189 apostolus,
2076 4124 2218 4176 omni

642 4204 853 4268 spiritui
876 4205 1110 4269 credere,
1137 4206 1227 4259 sed
1255 4206 1471 4275 probate
1500 4209 1740 4277 spiritus,
1773 4212 1820 4263 si
1848 4227 1911 4264 ea:
1943 4212 2045 4266 Deo
2069 4223 2213 4277 sunt;

641 4296 894 4361 quoniam
925 4298 1386 4368 pseudoprophetce
1417 4302 1657 4354 exierunt
1686 4305 1739 4355 in
1763 4306 2015 4357 mundum
2044 4305 2108 4360 “.
2152 4305 2219 4361 Et

646 4386 784 4440 idem
818 4388 932 4457 ipse
952 4389 1078 4444 alibi
1111 4391 1185 4445 ait
1204 4410 1217 4446 :
1238 4391 1334 4446 Vos
1351 4394 1491 4461 quod
1517 4396 1741 4450 audistis
1766 4396 1830 4449 ab
1854 4398 2028 4465 initio,
2053 4398 2107 4451 in
2138 4416 2220 4453 vo-

644 4471 721 4526 bis
752 4489 864 4542 pert
890 4488 1072 4533 aneat.
1101 4479 1161 4534 Si
1192 4483 1244 4535 in
1273 4458 1413 4536 vobis
1436 4487 1781 4551 permanserit
1804 4488 1941 4556 quod
1965 4458 2027 4541 ab
2061 4490 2216 4543 initio
2248 4458 2296 4518 θ

642 4564 863 4619 audistis
879 4610 890 4633 η.
905 4578 957 4621 et
978 4586 1064 4624 vos
1092 4572 1145 4624 in
1166 4572 1306 4629 Filio
1327 4586 1374 4629 et
1400 4576 1561 4631 Patre
1588 4579 1971 4632 manebitis.Et
2002 4581 2112 4635 hac
2138 4592 2216 4636 est

643 4670 860 4724 repromt
879 4661 998 4727 ssie,
1024 4678 1183 4731 quam
1202 4665 1311 4720 inse
1337 4667 1604 4736 pollicitus
1624 4678 1701 4723 est
1723 4673 1863 4724 vobis
1887 4672 2047 4727 vitam
2071 4685 2219 4729 teter-

640 4762 767 4799 nam
790 4747 858 4803 ⁸⁷.
892 4749 1022 4805 liceo
1060 4756 1249 4824 scripsi
1290 4758 1433 4812 vobis
1474 4760 1538 4813 de
1573 4762 1653 4815 his
1690 4762 1781 4831 qui
1822 4763 2072 4817 seducunt
2104 4782 2213 4821 vos.

641 4835 712 4891 Et
741 4843 918 4895 unctio
946 4858 1103 4912 quam
1125 4847 1397 4903 accepistis
1421 4849 1485 4902 ab
1518 4866 1597 4915 eo,
1629 4862 1838 4906 maneat
1872 4854 1924 4906 in
1951 4853 2114 4909 vobis.
2144 4855 2215 4909 Et

642 4945 744 4981 non
775 4946 977 4985 nexsse
1005 4932 1203 4987 habetis
1236 4946 1293 4988 ut
1323 4936 1515 5006 aliquis
1549 4940 1731 4991 doceat
1775 4956 1903 5004 vos;
1947 4944 2037 4995 sed
2078 4943 2214 4995 sicut

640 5023 821 5075 unctio
863 5023 977 5093 ejus
1028 5025 1176 5079 docet
1207 5044 1290 5081 vos
1338 5029 1401 5081 de
1445 5029 1707 5096 omnibus,
1736 5042 1785 5085 et
1825 5048 2003 5087 verum
2037 5044 2135 5102 est,
2168 5044 2219 5088 et

641 5130 745 5167 non
774 5126 849 5168 est
888 5117 1239 5172 mendacium.
1272 5119 1339 5174 Et
1375 5122 1509 5174 sicut
1552 5123 1729 5177 docuit
1776 5142 1883 5191 vos,
1928 5137 2133 5181 manete
2162 5129 2218 5182 in

639 5219 720 5258 eo.
758 5203 822 5258 Et
852 5223 1007 5271 nunc,
1035 5208 1215 5277 filioli,
1252 5223 1453 5266 manete
1492 5215 1547 5267 in
1588 5233 1668 5280 eo,
1699 5226 1777 5281 ut,
1810 5234 1928 5271 cum
1959 5236 2219 5288 apparue—

644 5298 735 5363 rit,
762 5297 1046 5353 habeamus
1071 5301 1344 5369 ﬁduciam,
1375 5313 1423 5358 et
1448 5321 1546 5359 non
1571 5309 1959 5377 confundamar
1988 5310 2052 5364 ab
2078 5330 2135 5368 eo
2163 5314 2219 5369 in

2321 3202 2489 3254 omnis
2510 3201 2600 3270 qui
2625 3201 2736 3254 odit
2760 3200 2979 3270 fratrem
3009 3217 3184 3265 suum,
3221 3200 3493 3253 homicida
3524 3208 3616 3254 est.
3643 3196 3700 3250 Et
3726 3192 3833 3249 scitis

2320 3293 2570 3362 quoniam
2600 3293 2770 3345 omnis
2801 3292 3067 3345 homicida
3110 3306 3212 3344 non
3265 3290 3421 3345 habet
3451 3292 3604 3345 vitam
3639 3297 3827 3343 wtemam

2319 3386 2376 3438 in
2404 3401 2458 3439 se
2489 3393 2802 3437 manentem.
2838 3382 2903 3436 In
2933 3384 3029 3437 hoc
3062 3384 3397 3453 cognovimus
3437 3383 3724 3437 charitatem
3746 3376 3827 3439 Dei,

2319 3476 2567 3546 quoniam
2593 3474 2684 3527 ille
2724 3490 2819 3541 pro
2850 3473 2996 3526 nobis
3026 3474 3262 3526 animam
3304 3489 3463 3528 suant
3509 3472 3689 3543 posuit,
3708 3478 3745 3521 et
3765 3481 3828 3518 nos

2320 3570 2563 3623 debemus
2589 3584 2685 3638 pro
2714 3567 2971 3636 fratribus
3004 3568 3211 3621 animas
3253 3582 3465 3636 ponere.
3508 3565 3605 3631 Qui
3650 3558 3829 3615 habuerit

2320 3660 2674 3713 substantiam
2715 3659 2872 3727 hujus
2910 3658 3114 3723 mundi,
3160 3667 3209 3710 et
3258 3657 3451 3711 viderit
3491 3657 3692 3725 fratrem
3720 3663 3830 3703 suum

2321 3751 2682 3805 necessitatem
2717 3749 2926 3813 habere,
2952 3756 2999 3802 et
3036 3747 3283 3801 clauserit
3323 3747 3522 3800 viscera
3565 3762 3654 3798 sua
3696 3742 3746 3794 ab
3772 3754 3830 3801 eo,

2319 3841 2577 3911 quomodo
2626 3840 2860 3894 charitas
2890 3839 2987 3893 Dei
3028 3849 3199 3893 manet
3271 3838 3324 3891 in
3377 3840 3475 3892 eo?
3535 3834 3699 3893 Filioli
3742 3832 3827 3889 mei.

2321 3951 2424 3988 non
2487 3934 2774 4004 diligamus
2837 3934 2987 3987 verbo
3041 3948 3201 4001 neque
3253 3930 3460 4000 lingua,
3495 3932 3595 3985 sed
3642 3941 3764 3997 opere
3795 3929 3828 3975 et

2320 4026 2559 4103 veritate.
2607 4023 2673 4077 In
2725 4023 2821 4076 hoc
2866 4025 3226 4093 cognoscimus
3265 4024 3516 4095 quoniam
3567 4038 3626 4076 ea:
3666 4018 3830 4073 veritate

2319 4133 2522 4180 sumus,
2554 4127 2603 4170 et
2634 4118 2687 4169 in
2719 4126 2993 4186 conspectu
3033 4117 3146 4183 ejus
3188 4117 3474 4171 suademus
3506 4113 3643 4168 cordi
3677 4119 3825 4165 nostra.

2322 4206 2584 4272 Quoniam
2607 4208 2653 4260 si
2681 4206 3064 4276 reprehenderit
3093 4222 3184 4259 nos
3215 4223 3304 4261 cor
3328 4216 3584 4271 nostrum,
3607 4200 3750 4269 major
3775 4201 3827 4248 est

2320 4299 2461 4353 Deus
2498 4300 2653 4353 corde
2700 4311 2901 4366 nostro,
2943 4310 2991 4352 et
3046 4299 3189 4353 novit
3238 4300 3440 4353 omnia.
3482 4284 3828 4352 Charissnnisi

2321 4409 2411 4446 cor
2448 4401 2687 4445 nostrum
2729 4409 2834 4446 non
2880 4392 3262 4461 reprehenderit
3298 4410 3415 4455 nos,
3444 4392 3677 4462 fiduciam
3711 4382 3827 4437 habe-

2322 4500 2437 4538 mus
2467 4485 2535 4537 ad
2581 4484 2857 4539 Deum:ct
2906 4485 3161 4555 quidquid
3202 4486 3530 4554 petierimus,
3573 4478 3831 4548 accipiamur

2323 4576 2386 4630 ab
2409 4592 2486 4643 eo,
2519 4578 2766 4646 quoniam
2793 4579 3049 4631 mandata
3076 4578 3189 4647 ejus
3218 4580 3560 4641 custodimus,
3592 4584 3636 4629 et
3671 4587 3723 4625 ea
3745 4578 3826 4636 Ψιιτ

2320 4677 2442 4722 sunt
2464 4668 2664 4738 placita
2687 4685 2865 4722 coram
2885 4686 2965 4737 eo,
2991 4670 3236 4738 facimus.
3266 4668 3334 4723 Et
3360 4670 3455 4724 hoc
3477 4677 3549 4723 est
3579 4662 3827 4719 mandatum

2321 4762 2433 4831 ejus
2461 4777 2481 4815 :
2522 4760 2589 4816 Ut
2621 4762 2896 4816 credamus
2926 4765 2981 4816 in
3016 4765 3223 4818 nomine
3254 4763 3385 4818 Filii
3412 4766 3524 4834 ejus
3569 4760 3682 4815 Iesu
3713 4751 3824 4808 Chri-

2322 4850 2411 4913 sti,
2450 4859 2506 4902 ut
2544 4849 2827 4920 diligamus
2860 4850 3198 4917 alterutrum,
3235 4855 3371 4907 sicut
3402 4854 3545 4907 dedit
3578 4846 3824 4904 mandatum

2322 4943 2491 4996 nobis.
2524 4940 2593 4995 Et
2624 4944 2713 5012 qui
2747 4954 2918 4996 servat
2964 4945 3219 4998 ntandata
3261 4945 3373 5014 ejus
3410 4946 3463 5000 in
3494 4945 3583 4998 illo
3611 4944 3769 4997 manet,
3790 4940 3823 4982 el

2321 5034 2430 5103 ipse
2459 5035 2509 5087 in
2533 5051 2612 5088 eo.
2652 5034 2719 5087 Et
2748 5037 2801 5087 in
2838 5036 2934 5089 hoc
2972 5037 3189 5102 scimus,
3218 5040 3464 5107 quoniam
3504 5044 3663 5090 manet
3684 5034 3736 5101 in
3758 5041 3823 5078 που

2322 5129 2400 5183 bis
2435 5129 2498 5183 de
2529 5130 2722 5199 spiritu
2752 5146 2905 5201 quem
2928 5130 3071 5184 dedit
3100 5131 3246 5185 nobis
3274 5132 3362 5186 '3‘.
3388 5132 3434 5164 ”
3464 5130 3527 5186 Et
3557 5130 3683 5185 sicut
3720 5123 3823 5175 DEI"

2323 5232 2558 5287 creator,
2585 5223 2678 5292 qui
2709 5223 2986 5278 hominem
3019 5224 3086 5279 ad
3111 5223 3518 5280 similitudinem
3545 5235 3684 5278 suam
3709 5225 3820 5269 crea-

2320 5318 2420 5384 vit,
2453 5324 2539 5372 est
2588 5317 2857 5383 eharitas,
2878 5325 2964 5372 est
2990 5316 3187 5383 bonus,
3222 5317 3425 5388 justus,
3464 5318 3673 5388 patiens,
3699 5316 3823 5373 αιιιυθ

712 5419 761 5543 νς
778 5418 932 5544 9⁸ᾏέ
962 5436 1062 5522 "J;
1094 5421 1180 5542 ᾖδ’
1224 5420 1268 5453 ⁸⁸
1293 5421 1368 5477 De
1403 5438 1649 5478 οοηδθετ·
1682 5425 1810 5480 (Ῑίείο
1846 5428 2194 5497 1J'7P5360Pus
2220 5441 2327 5495 Deo
2365 5438 2693 5561 sacrifcans.
2736 5436 2781 5468 δ’
2800 5452 2866 5489 ex
2890 5433 3310 5518 Hieronymiana
3342 5437 3601 5492 versione.
3655 5419 3814 5502 "Psall-

716 5560 723 5561 ί
761 5559 777 5561 ξ
812 5531 826 5553 ν
936 5528 949 5543 ο
1141 5506 1230 5545 ίὶηο
1264 5508 1372 5559 ΧΗ,
1401 5494 1453 5546 5·
1519 5494 1562 5525 ⁵³
1581 5493 1717 5554 Dan.
1744 5512 1819 5561 XI.
1849 5498 1936 5550 5'5-
2002 5501 2049 5531 ³³
2073 5502 2262 5561 Matth-
2291 5527 2369 5561 xi-
2396 5512 2461 5561 6:
2516 5523 2729 5561 .uc.vtt.
2756 5507 2847 5559 2'5.
2917 5508 2964 5538 “
2996 5506 3191 5561 Distm.
3222 5510 3310 5561 9'5.
3349 5507 3450 5561 Ille
3486 5502 3650 5561 procul
3679 5495 3812 5550 dum.

644 5507 706 5546 ιι.
740 5491 826 5553 ll,
863 5492 949 5544 12.
1016 5493 1059 5522 ⁶¹
1095 5491 1230 5545 Dan.
1264 5508 1372 5559 xu,
1401 5494 1453 5546 5.
1519 5494 1562 5525 ⁸³
1581 5493 1717 5554 Dan.
1744 5512 1819 5561 xr,
1849 5491 1963 5550 δι’).¹
2002 5501 2049 5531 ³³
2073 5491 2345 5567 Manli};

644 5559 977 5636 f'l_Pt_:tr._v,
1119 5562 1198 5636 σεξ
1230 5562 1385 5618 Joan.
1413 5580 1486 5629 tv,
1518 5565 1569 5617 l.
1609 5635 1614 5636 ν
1646 5566 1690 5596 ⁸⁷
1716 5567 1892 5633 nobis,
1936 5570 2041 5623 vita
2066 5588 2289 5636 atterna.
2356 5554 2409 5613 ’⁵⁸
2426 5553 2461 5634 Ι,

643 5560 725 5629 "l
759 5559 901 5615 Petr.
926 5577 977 5626 v,
1002 5562 1055 5614 5.
1119 5562 1198 5615 ⁵⁸1
1230 5562 1385 5618 Joan.
1413 5580 1486 5629 tv,
1518 5565 1569 5617 l.

644 5628 765 5683 ⁵³5.
798 5632 985 5685 Ambr.
1021 5633 1113 5687 lib.
1161 5633 1238 5688 De
1288 5628 1545 5705 dignitate
1596 5635 1857 5705 hominis,
1880 5628 1947 5695 vc.
1979 5641 2031 5695 5.

2539 5523 2729 5573 uc.vtt,
2756 5507 2877 5578 25._
2907 5508 2964 5578 7“
2996 5495 3206 5578 Disiin.
3222 5510 3310 5563 9'5.
3349 5507 3450 5561 Ille
3484 5502 3650 5578 procul
3679 5495 3812 5578 duit??-

2364 5580 2445 5634 ⁵⁸1
2474 5578 2632 5634 Joan.
2666 5592 2725 5645 ιι,
2755 5576 2943 5634 24-29.
3024 5578 3097 5610 ⁸⁸⁵
3134 5579 3153 5635 Ι
3182 5577 3340 5636 Joan,
3399 5576 3492 5634 ιη’
3539 5592 3626 5649 per
3668 5576 3810 5649 ιυιιιιιξ-

718 5742 794 5813 (7)
835 5743 917 5798 8η
936 5728 1135 5802 enimet
1156 5752 1378 5819 apostoli
1434 5763 1747 5809 statuerunt.
1811 5755 2032 5815 Canone
2075 5760 2107 5815 9
2167 5770 2217 5815 et
2252 5761 2332 5818 10.
2374 5762 2500 5817 Sev.
2534 5759 2737 5818 BINIUS.
