4040 6322
307 270 408 326 797

1762 273 2137 331 EPISTOLE.

3452 275 3553 333 798

299 394 455 447 mitis
486 400 539 446 et
570 406 905 458 misericors,
952 401 1007 447 et
1043 402 1235 447 caetera
1272 400 1583 447 sanctarum
1612 394 1872 448 virtutum
1904 396 1950 459 Α
1982 395 2036 446 in
2087 400 2338 447 (sternam
2383 393 2779 460 ﬂuctuationem
2816 391 3053 461 Justo“.
3083 392 3129 424 "
3167 390 3365 449 Omnis
3403 396 3551 449 enim

292 482 559 555 insignia,
610 497 733 552 quae
775 482 842 537 de
880 497 949 537 eo
990 483 1247 554 leguntur
1284 502 1298 537 :
1338 483 1413 538 ita
1453 484 1619 541 homo
1657 495 1872 540 creatus

289 585 406 642 est,
435 584 496 630 ut
520 574 842 630 charitatcm
867 574 1112 640 haberet,
1138 585 1199 629 ut
1222 574 1399 629 bonus
1424 585 1568 630 esset
1594 586 1648 631 et
1666 575 1870 645 justus,

290 674 358 720 ut
392 665 604 735 patiens
626 676 788 736 atque
813 664 983 727 mitis,
1016 665 1255 721 mundus
1288 674 1341 720 et
1368 666 1684 721 misericors
1711 665 1869 722 foret.

288 760 451 828 Quas
479 760 711 815 virtutes
739 768 944 829 quanto
978 758 1099 828 plus
1133 758 1367 828 quisque
1400 757 1453 811 in
1479 758 1660 827 seipso
1686 756 1869 821 habet,

287 864 451 912 tanto
479 855 701 926 propior
730 866 814 910 es‘t
848 853 959 910 Deo
995 864 1048 909 et
1088 854 1262 924 major
1285 864 1389 918 est,
1419 870 1483 909 ac
1511 855 1597 909 sui
1623 854 1871 909 condito-

284 950 377 1005 ris
399 950 535 1022 gerit
568 945 998 1003 similitudinem.
1033 945 1090 1000 Si
1116 960 1262 1012 vero,
1296 944 1441 1016 quod
1472 945 1645 999 absit!
1674 943 1872 1014 aliquis

282 1056 395 1112 per
426 1042 582 1097 devia
616 1040 876 1094 vitiorum
922 1046 972 1094 et
1020 1038 1253 1093 divortia
1305 1037 1623 1103 criminum,
1654 1036 1724 1090 ab
1758 1035 1873 1090 hac

280 1133 640 1189 nobilissima
669 1132 754 1188 sui
794 1129 1099 1187 conditoris
1125 1128 1481 1184 similitudine
1512 1118 1746 1199 degener
1775 1126 1872 1180 ab-

281 1234 461 1293 erret,
495 1234 624 1281 tunc
668 1224 760 1280 ﬁet
783 1225 850 1279 de
892 1239 958 1279 eo
978 1221 1124 1293 quod
1148 1222 1409 1291 scriptum
1447 1229 1568 1276 est:
1612 1219 1683 1273 Et
1716 1219 1870 1273 homo

281 1333 411 1371 cum
439 1318 496 1371 in
524 1318 718 1370 honore
755 1325 911 1381 esset,
954 1330 1055 1368 non
1089 1312 1354 1368 intellexit
1378 1328 1397 1366 :
1426 1319 1762 1381 comparatus
1793 1311 1871 1365 est

267 1409 544 1480 jumentis
571 1406 956 1477 insipientibus,
998 1418 1049 1461 ct
1089 1404 1280 1459 similis
1326 1405 1500 1475 factus
1542 1413 1622 1459 est
1657 1403 1769 1458 illis
1800 1404 1866 1457 “.

278 1500 396 1568 Qui
431 1500 610 1569 major
658 1499 834 1554 honor
865 1498 1042 1570 potuit
1076 1496 1284 1552 homini
1332 1512 1476 1564 esse,
1510 1511 1675 1568 quam
1711 1504 1771 1550 ut
1802 1495 1866 1549 ad

280 1592 707 1647 similitudinem
761 1592 846 1647 sui
895 1590 1119 1647 factoris
1167 1590 1514 1652 conderetur,
1563 1595 1618 1643 et
1662 1587 1868 1642 eisdem

279 1686 557 1742 virtutum
591 1683 930 1739 vestimentis
962 1691 1271 1748 ornaretur,
1323 1680 1523 1752 quibus
1567 1687 1622 1735 et
1674 1677 1866 1733 condi-

278 1777 409 1833 tor?
460 1775 536 1831 De
581 1791 693 1846 quo
740 1775 986 1846 legitur:
1028 1773 1282 1828 Dominus
1333 1774 1589 1843 regnavit,
1630 1771 1867 1825 decorem

276 1869 508 1922 indutus
538 1875 614 1921 est
646 1866 723 1933 ⁶¹;
763 1866 815 1921 id
848 1875 931 1922 est
963 1866 1207 1921 omnium
1244 1865 1504 1919 virtutum
1554 1863 1865 1934 splendore,

275 1970 339 2016 et
372 1960 545 2015 totius
578 1959 839 2015 bonitatis
879 1958 1080 2013 decore
1110 1969 1358 2012 ornatus.
1384 1955 1480 2011 Vel
1511 1955 1657 2026 quod
1687 1954 1866 2024 majus

276 2052 498 2108 homini
533 2058 713 2123 potest
743 2065 863 2106 esse
890 2049 1149 2113 dedecus,
1184 2057 1279 2103 aut
1312 2048 1587 2103 infelicior
1616 2046 1863 2113 miseria,

273 2158 454 2214 quam
510 2151 569 2197 ut
620 2141 722 2197 hac
776 2140 1155 2196 similitudinis
1206 2139 1380 2209 gloria
1429 2139 1513 2194 sui
1564 2137 1865 2194 conditoris

272 2235 513 2299 amissa,
556 2233 623 2289 ad
666 2232 957 2288 informem
1008 2240 1064 2286 et
1114 2229 1543 2286 irrationabilem
1577 2230 1862 2284 brutorum

267 2328 767 2398 jumentorumque
800 2323 1213 2380 similitudinem
1260 2322 1581 2377 delabatur?
1614 2319 1864 2390 Quapro-

270 2430 405 2492 pter
437 2421 671 2492 quisque
714 2417 1028 2489 diligentius
1075 2415 1320 2472 attendat
1359 2416 1549 2487 primae
1592 2414 1862 2470 conditio-

268 2514 366 2571 nis
409 2529 524 2569 suae
554 2510 965 2577 excellentiam,
1016 2517 1076 2564 ut
1106 2508 1470 2563 venerandam
1505 2514 1708 2562 sanctae
1738 2504 1863 2560 Tri-

266 2605 467 2660 nitatis
500 2604 556 2658 in
590 2618 650 2659 se
682 2603 799 2673 ipso
832 2601 1125 2672 imaginem
1164 2608 1443 2672 agnoscat,
1481 2599 1861 2670 honoremque

266 2695 653 2753 similitudinis
685 2694 902 2761 divinae,
937 2693 1005 2747 ad
1048 2707 1214 2763 quam
1256 2701 1478 2748 creatus
1514 2701 1621 2758 est,
1659 2692 1860 2748 nobili-

267 2798 442 2845 tatem
481 2788 527 2820 “
572 2802 812 2852 morum,
847 2784 1256 2840 exsecutionem
1294 2783 1575 2849 virtutum,
1623 2781 1860 2853 dignita-

264 2891 383 2937 tem
419 2881 742 2936 meritorum
793 2879 991 2934 habere
1039 2876 1365 2941 contendat;
1403 2885 1463 2931 ut
1505 2875 1725 2945 quando
1761 2890 1859 2946 ap-

263 2974 517 3045 paruerit
577 2971 756 3042 qualis
790 2972 901 3039 sit,
948 2980 1078 3025 tunc
1110 2969 1307 3025 similis
1336 2968 1385 3023 ei
1419 2970 1721 3038 appareat“,
1761 2969 1856 3038 qui

265 3080 333 3122 se
392 3065 715 3120 mirabiliter
775 3063 841 3119 ad
905 3062 1315 3118 similitudinem
1364 3076 1519 3115 suam
1571 3060 1625 3115 in
1680 3060 1857 3130 primo

261 3158 445 3214 Adam
481 3155 763 3222 condidit,
821 3154 1235 3224 mirabiliusque
1288 3152 1343 3207 in
1399 3150 1641 3207 secundo
1673 3149 1851 3206 refor-

266 3250 465 3305 mavit.
1462 3234 1468 3241 ’
1558 3320 1563 3323 ἦ
1762 3254 1777 3259 ’⁷

338 3338 533 3399 Omnis
560 3356 689 3412 ergo
721 3341 910 3407 homo,
954 3340 1049 3411 qui
1097 3338 1166 3394 ad
1211 3337 1503 3408 imaginem
1545 3336 1640 3393 Dei
1672 3334 1851 3393 factus

257 3446 373 3497 est,
404 3433 555 3488 illum
586 3432 745 3487 debet
772 3430 995 3496 imitari,
1030 3430 1189 3500 cujus
1228 3428 1294 3483 ad
1323 3427 1615 3498 imaginem
1656 3429 1851 3485 condi-

261 3537 358 3582 tus
387 3533 470 3581 est
494 3544 509 3579 :
542 3524 689 3580 illius
713 3523 873 3579 debet
893 3521 1050 3593 sequi
1073 3521 1324 3593 vestigia,
1350 3521 1445 3590 qui
1473 3535 1597 3576 eum
1623 3520 1691 3575 ad
1714 3521 1854 3576 ima-

258 3620 448 3690 ginem
485 3617 570 3674 sui
601 3616 863 3672 condidit.
901 3613 1294 3671 Consiliarium
1324 3628 1455 3668 vero
1484 3627 1549 3667 ac
1580 3620 1852 3682 protecto‘

263 3694 385 3767 rem
410 3708 689 3765 meliorem
712 3707 951 3777 reperire
976 3722 1086 3761 non
1118 3705 1339 3775 poterit,
1372 3719 1537 3774 quam
1569 3704 1724 3757 illum
1750 3702 1848 3772 qui

262 3817 393 3858 eum
426 3800 495 3855 ad
529 3800 821 3871 imaginem
859 3798 941 3854 sui
978 3796 1245 3864 condidit,
1295 3797 1390 3867 qui
1435 3811 1561 3851 eum
1611 3794 1849 3865 pretioso

260 3893 533 3963 sanguine
566 3907 666 3947 suo
698 3891 949 3957 redemit,
983 3898 1038 3945 et
1083 3897 1307 3960 propter
1355 3904 1483 3944 eum
1532 3890 1699 3942 homo
1732 3885 1847 3941 ﬁeri

260 3994 378 4036 non
411 3987 495 4034 est
540 3979 882 4049 dedignatus.
933 3978 1105 4045 Quem
1158 3978 1347 4048 procul
1385 3977 1551 4033 dubio
1584 3977 1842 4044 inveniet,

260 4072 311 4127 si
348 4070 406 4125 in
440 4086 561 4126 eum
600 4078 766 4125 totam
805 4084 956 4139 spem
1001 4085 1184 4133 suam,
1214 4070 1371 4140 juxta
1413 4068 1719 4123 Psalmistaz
1748 4082 1845 4122 vo—

258 4177 409 4229 cem,
430 4154 747 4232 projecerit.
780 4162 871 4216 Ait
898 4161 1139 4232 namque
1160 4161 1205 4193 ”
1241 4179 1255 4215 :
1296 4160 1505 4232 Projice
1546 4176 1703 4230 super
1732 4159 1844 4213 Do-

1977 485 2142 539 homo
2177 484 2246 554 fin
2298 499 2395 539 sua
2441 499 2606 539 causa
2653 483 2934 549 deﬁciens,
2963 492 3018 539 et
3046 485 3101 539 in
3143 486 3260 541 suis
3295 486 3551 559 haesitans

1975 576 2242 642 consiliis,
2274 576 2474 646 quaerit
2504 576 2605 631 sibi
2638 576 2877 631 amicum
2900 576 3137 644 ﬁdelem,
3164 578 3219 631 in
3246 578 3408 646 cujus
3426 593 3553 633 con-

1974 667 2113 723 siliis
2145 667 2402 731 conﬁdat,
2433 669 2529 737 qui
2556 668 2610 721 iu
2645 668 2763 724 suis
2785 668 3091 724 difﬁdebat:
3124 678 3179 723 et
3214 669 3378 723 talem
3414 669 3553 723 ﬁduo

1973 761 2113 815 ciam
2153 761 2317 816 habet
2351 760 2405 815 in
2448 761 2563 825 illo,
2600 769 2660 815 ut
2691 776 2851 815 omne
2885 771 3156 817 secretum
3191 762 3275 818 sui
3309 762 3550 833 pectoris

1972 851 2019 904 ei
2056 852 2260 921 pandat
2284 861 2338 906 et
2361 852 2592 922 aperiat.
2628 851 2768 918 Quid
2804 852 3017 908 dulcius
3049 863 3133 909 est
3162 870 3327 924 quam
3353 864 3413 910 ut
3445 856 3548 909 ha-

1972 943 2102 997 beas
2126 943 2277 998 illum
2301 944 2370 1010 ⁶⁶,
2395 959 2520 999 cum
2544 960 2655 1014 quo
2676 944 2861 999 omnia
2884 946 3062 1014 possis
3082 945 3231 1015 loqui
3256 955 3314 1000 ut
3336 945 3550 1002 tecum?

1977 1033 2032 1089 Si
2069 1035 2174 1090 ista
2228 1052 2352 1091 cum
2399 1036 2718 1091 hominibus
2760 1037 2920 1100 ﬁunt,
2965 1045 3171 1106 quanto
3219 1037 3391 1108 magis
3424 1052 3548 1101 cum

1974 1127 2084 1183 Deo
2119 1128 2223 1183 hoc
2253 1136 2337 1183 est
2367 1135 2659 1200 agendum,
2692 1129 2785 1198 qui
2821 1144 3013 1185 omnes
3049 1129 3161 1184 vult
3196 1130 3381 1185 salvos
3410 1130 3547 1197 ﬁeri,

1969 1216 2029 1275 et
2058 1220 2329 1275 neminem
2353 1222 2530 1291 perire
2550 1223 2577 1278 ?
2604 1222 2647 1253 ⁸⁷
2667 1220 2801 1276 Nam
2844 1222 2891 1277 si
2921 1222 3186 1277 veraciter
3222 1222 3390 1277 Deum
3430 1238 3548 1278 cre-

1970 1310 2174 1375 dimus,
2209 1327 2446 1382 eumque
2477 1306 2752 1383 diligimus
2794 1326 2849 1368 ut
2881 1314 3167 1377 debemus,
3193 1322 3250 1367 et
3270 1315 3548 1383 proximos

1970 1401 2115 1457 sicut
2171 1403 2559 1473 nosmetipsos,
2614 1403 2668 1458 iu
2725 1419 2849 1459 eum
2901 1419 3119 1474 quoque
3179 1413 3346 1460 totam
3396 1421 3547 1476 spem

1970 1490 2363 1560 projecerimus
2392 1502 2666 1561 nostram;
2698 1494 2811 1565 ipse
2836 1511 2952 1551 ,«nos
2991 1496 3184 1563 eripiet
3213 1506 3268 1551 et
3299 1498 3548 1553 consola-

1969 1582 2135 1637 bitur.
2161 1582 2227 1637 Et
2251 1584 2393 1639 sicut
2420 1600 2513 1654 per
2546 1586 2796 1657 angelum
2829 1601 3011 1653 suum,
3036 1586 3293 1643 Habacuc
3315 1588 3540 1658 prophe-

1969 1685 2081 1729 tam
2133 1690 2257 1730 cum
2310 1675 2541 1745 prandio
2587 1678 2640 1731 in
2688 1678 2865 1733 lacum
2917 1679 3134 1733 leonum
3166 1680 3233 1733 ad
3268 1678 3546 1735 Danielem

1900 1754 1941 1813 Β
1968 1775 2144 1821 vatem
2180 1768 2329 1823 misit
2353 1768 2418 1833 ⁸⁸,
2452 1778 2505 1824 et
2535 1769 2866 1841 Philippum,
2898 1788 3071 1827 unum
3099 1774 3166 1829 de
3194 1783 3399 1843 septem
3428 1773 3546 1837 dia-

1968 1858 2223 1928 conibus,
2249 1860 2320 1915 ad
2348 1862 2661 1917 eunuchum
2696 1864 2760 1931 ⁸ο,
2790 1864 2866 1919 ita
2909 1865 3061 1920 dabit
3103 1866 3261 1921 nobis
3295 1867 3549 1923 consola-

1968 1951 2177 2007 tionem
2205 1959 2261 2007 et
2289 1953 2685 2010 liberationem.
2720 1953 2849 2012 Htec
2870 1958 3177 2023 sectamini,
3214 1958 3546 2029 charissimi,

1964 2050 2019 2097 et
2042 2042 2177 2097 nulli
2217 2060 2457 2116 unquam
2491 2054 2701 2102 nocete.
2744 2046 2963 2103 Fratres
2998 2050 3147 2115 estis,
3182 2049 3412 2106 invicem
3448 2067 3550 2108 vos

1967 2134 2198 2205 diligite,
2228 2145 2289 2191 ut
2318 2138 2431 2192 veri
2472 2137 2688 2194 Domini
2739 2140 2992 2210 discipuli
3028 2140 3164 2197 efﬁci
3201 2144 3544 2197 mereamini.

1963 2223 2099 2281 Nam
2131 2227 2226 2299 qui
2255 2228 2479 2284 rancida
2508 2230 2675 2285 corda
2699 2231 2943 2287 virorum
2975 2233 3022 2265 "°
3053 2232 3245 2301 inlicit,
3278 2234 3545 2290 malitiam

1963 2319 2105 2375 inter
2146 2319 2400 2376 homines
2444 2322 2690 2392 spargit:
2726 2331 2781 2377 et
2808 2324 2902 2393 qui
2947 2324 3186 2380 detrahit
3228 2327 3380 2382 fratri
3418 2341 3542 2392 suo,

1962 2411 2237 2466 homicida
2272 2416 2381 2468 est.
2407 2412 2452 2444 '“
2484 2411 2551 2467 Et
2580 2412 2674 2484 qui
2700 2412 2988 2470 abstulerit
3029 2417 3233 2489 aliquid
3281 2418 3423 2489 patri
3456 2419 3545 2473 vel

1962 2501 2147 2569 matri,
2183 2501 2426 2573 dicitque
2471 2504 2577 2559 hoc
2618 2513 2902 2575 peccatum
2936 2522 3045 2562 non
3080 2523 3223 2572 esse,
3258 2509 3546 2565 homicida:

1960 2590 2237 2662 particeps
2264 2601 2368 2647 est.
2398 2590 2559 2647 Pater
2591 2602 2777 2650 noster
2800 2593 2920 2651 sine
2945 2595 3113 2650 dubio
3140 2595 3284 2652 Deus
3314 2607 3417 2665 est,
3448 2598 3545 2669 qui

1960 2697 2064 2738 nos
2100 2683 2307 2738 creavit
2340 2702 2353 2739 :
2387 2692 2563 2741 mater
2593 2700 2726 2741 vero
2756 2695 2945 2743 nostra
2987 2687 3248 2756 Ecclesia,
3291 2705 3413 2760 quae
3442 2704 3545 2746 nos

1960 2772 2016 2828 in
2068 2773 2341 2845 baptismo
2402 2777 2759 2847 spiritualiter
2809 2780 3173 2850 regeneravit.
3236 2779 3377 2852 Ergo
3445 2780 3543 2846 qui

1957 2864 2164 2921 Christi
2193 2867 2455 2937 pecunias
2494 2877 2547 2923 et
2576 2867 2832 2925 Ecclesiae
2866 2870 3029 2940 rapit,
3058 2871 3236 2926 aufert
3268 2872 3351 2926 vel
3389 2871 3544 2926 frau-

1957 2958 2074 3025 dat,
2099 2960 2374 3015 homicida
2397 2969 2500 3029 est,
2533 2970 2695 3031 atque
2732 2962 3005 3018 homicida
3032 2973 3157 3019 ante
3188 2954 3541 3034 conspectum

1956 3044 2091 3115 justi
2123 3046 2329 3116 judicis
2358 3064 2479 3105 esse
2522 3050 2891 3120 deputabitur.
2925 3050 3031 3118 Qui
3078 3053 3221 3120 rapit
3256 3055 3541 3123 pecuniam

1960 3139 2193 3209 proximi
2218 3140 2325 3205 sui,
2359 3140 2701 3211 iniquitatem
2734 3153 2991 3213 operatur
3034 3162 3046 3198 :
3084 3146 3179 3215 qui
3219 3155 3401 3200 autem
3446 3161 3541 3216 pe-

1959 3230 2178 3285 cuniam
2213 3232 2297 3286 vel
2327 3247 2414 3287 res
2454 3232 2711 3289 Ecclesiae
2743 3235 3047 3303 abstulerit,
3083 3237 3427 3303 sacrilegium
3458 3235 3542 3293 fa-

1960 3319 2109 3374 cit."
2162 3319 2450 3394 Privilegia
2497 3325 2642 3379 enim
2686 3327 3041 3382 ecclesiarum
3076 3338 3129 3383 et
3169 3329 3535 3393 sacerdotum,

1959 3412 2136 3467 sancti
2188 3416 2454 3484 apostoli,
2502 3416 2661 3486 jussu
2720 3416 3055 3489 Salvatoris,
3122 3422 3439 3476 intemerata
3484 3429 3540 3476 et

1960 3503 2220 3560 inviolata
2283 3508 2542 3563 omnibus
2614 3510 2977 3566 decreverunt
3033 3528 3255 3568 manere
3326 3523 3537 3585 tempo-

1957 3596 2131 3652 ribus.

2704 3757 2787 3813 lll.

2130 3912 2207 3967 De
2233 3914 2521 3985 peregrinis
2554 3926 2603 3969 et
2631 3916 3045 3986 provincialibus
3064 3918 3352 3988 judicibus.

2022 4070 2201 4144 Leges
2233 4077 2489 4136 Ecclesia:
2503 4081 2801 4151 apostolica
2818 4082 3099 4137 ﬁrmamus
3116 4080 3461 4146 auctoritate,
3477 4089 3536 4137 et

1951 4164 2237 4235 peregrina
2280 4166 2483 4236 judicia
2525 4168 2914 4222 submovemus
2952 4169 3051 4237 (ὃ).
3083 4167 3235 4227 Unde
3263 4178 3318 4222 et
3351 4168 3533 4235 Domi-

259 4253 469 4307 minum
496 4254 809 4309 charitatem
836 4262 1004 4318 tuam,
1027 4263 1077 4307 et
1103 4254 1212 4323 ipse
1241 4263 1287 4307 te
1306 4254 1554 4322 euutriet,
1581 4269 1675 4307 nec
1697 4251 1845 4308 dabit
1874 4268 1924 4329 ο
1950 4272 2055 4312 nus
2082 4257 2411 4313 mentionem
2463 4256 2675 4313 faciens
2715 4257 2837 4324 Lot,
2880 4274 2981 4330 per
3013 4258 3235 4331 Moysen
3266 4260 3529 4331 loquitur,

366 4522 578 4580 “Psal.
616 4541 807 4590 xcvm,
849 4526 934 4581 l3.
1028 4524 1241 4595 “[Psal.
1276 4542 1407 4581 xcn.
1435 4528 1485 4581 l.

1565 4527 1609 4559 θ’
1628 4525 1940 4594 nobilitate,
1978 4537 2083 4583 etc.
2142 4527 2197 4582 in
2247 4543 2351 4581 ms.
2400 4526 2541 4583 Just.
2598 4534 2682 4585 et!
2710 4529 2762 4583 in
2815 4528 2947 4583 edit.
3000 4526 3299 4582 Ambrosii.
3378 4526 3424 4560 ⁸³
3461 4541 3529 4583 ex

261 4594 420 4650 Hier.
456 4594 708 4699 ﬁglps‘al.
767 4596 1003 4699 Ltv,n23.
1082 4594 1127 4678 3f
1152 4596 1415 4699 .Eangits.
1464 4597 1741 4699 abbatislsa
1772 4599 1825 4651 in
1853 4613 1943 4669 ep.
1973 4601 2041 4680 ad
2069 4597 2127 4653 S.
2166 4596 2523 4699 ΒθιιμξΐςιεξᾶιηιξΙ
2549 4600 2788 4669 archicp.
2820 4598 3208 4699 litiggunt'ilnum
3385 4598 3533 4699 :bilt

261 4680 415 4699 nnnn
673 4681 818 4699 anAn-ﬁ
915 4684 939 4699 Δ
1004 4679 1244 4699 nmen-Ian
1404 4677 1612 4699 nol-nn..-
1716 4683 2022 4699 nnnn-nnono
2118 4677 2165 4699 nl
2210 4684 2235 4699 η
2263 4685 2296 4699 ιι
2531 4686 2554 4699 ο
2621 4686 2773 4699 ’.ιιι-Μ
2854 4687 2880 4699 η
2922 4687 3000 4699 ιιι-η
3028 4686 3043 4699 ι
3091 4684 3177 4699 nam
3434 4684 3503 4699 nm

254 4680 415 4721 anno
456 4664 580 4736 754.
622 4666 818 4723 Cicero
862 4666 939 4720 De
1003 4668 1244 4721 amicitia
1274 4664 1306 4736 ,⁷
1348 4666 1615 4722 Martinus
1671 4664 2060 4733 Bracarénsis,
2118 4677 2172 4724 et
2210 4668 2320 4722 alii.
2396 4670 2441 4701 “
2476 4668 2576 4725 Ms.

920 4738 964 4768 "
982 4738 1099 4791 Act.
1147 4752 1264 4792 vnn.
1340 4740 1386 4770 ⁷⁸
1406 4739 1658 4808 vivorum.
1690 4737 1763 4791 lta
1805 4754 1911 4794 ms.
1991 4738 2368 4793 “Bonifacius
2398 4754 2484 4808 cp.
2520 4740 2607 4804 15,
2630 4737 2706 4792 ad
2741 4738 3086 4794 Ethibaldum
3116 4738 3213 4803 12,
3250 4746 3452 4808 quast.
3475 4739 3527 4794 l.

258 4753 329 4802 ll,
353 4736 408 4791 4.
477 4736 520 4767 ⁸⁸
543 4734 679 4791 Dan.
720 4753 831 4791 xw.

2618 4666 2775 4739 quain
2816 4666 3000 4722 habere
3028 4667 3198 4739 illum.
3266 4666 3351 4722 "I
3385 4666 3527 4722 Tim.

258 4806 381 4879 Qui
404 4806 704 4879 abs_tulerit.
756 4807 821 4861 Et
859 4808 1055 4879 partim
1086 4808 1283 4863 ibidem
1333 4824 1382 4865 c.
1428 4808 1533 4874 Qui
1577 4807 1778 4862 Christi
1824 4811 2094 4879 pecunias.
2136 4808 2200 4863 Et
2246 4826 2299 4862 tn
2347 4806 2494 4864 decr.
2535 4809 2684 4865 Lucii
2728 4826 2910 4879 papae,
2946 4826 3088 4875 xvu,
3118 4806 3311 4879 quaest.
3341 4809 3394 4863 4.
3425 4807 3529 4873 Qui

256 4878 429 4960 r'apit.
480 4876 544 4931 Et
582 4878 670 4960 ‘in_
692 4876 874 4934 decr.’
900 4876 1408 4960 Lucii'papaisxv,
1431 4880 1735 4960 qt_t_:_estione
1759 4876 2615 4960 2,.frivileqialecclesiarumﬁet
2637 4876 2911 4960 Isacerilol.
2936 4880 3001 4933 Et
3032 4876 3450 4960 uin—quaestione
3472 4879 3526 4945 6,

249 4946 425 5018 Leges
482 4947 827 5002 ecclesiarum
860 4988 874 5002 .

248 5016 353 5074 an.
396 5016 522 5073 856.

333 5219 413 5291 (8)
463 5218 746 5291 Peregrina
759 5220 971 5289 judicia
998 5218 1644 5291 submovemus.Christus
1656 5219 1845 5275 Domi-

257 5290 406 5357 nus,
460 5292 552 5361 qui
588 5290 690 5345 fuit
743 5306 837 5361 rex
883 5298 938 5344 et
977 5290 1235 5361 sacerdos
1265 5292 1564 5345 secundum
1595 5292 1841 5347 ordinem

256 5360 659 5416 Melchisedech
680 5404 693 5427 ,
728 5360 782 5414 in
806 5360 1042 5416 Ecclesia
1072 5360 1251 5429 regale
1279 5361 1644 5417 sacerdotium
1682 5363 1844 5418 insti-

260 5433 407 5497 tuit,
462 5433 725 5502 apostolis
772 5444 1074 5499 eorumque
1118 5432 1529 5487 successoribus
1573 5434 1842 5503 episc0pis

256 5503 485 5574 regendi
518 5511 573 5556 et
599 5502 880 5571 judicandi
922 5508 1242 5574 potestatem
1286 5503 1519 5574 contulit
1553 5520 1565 5574 ;
1613 5502 1841 5573 ideoque

256 5570 365 5641 hac
411 5570 641 5641 epistola
695 5588 793 5626 sua
844 5571 1139 5625 Anacletus
1190 5570 1470 5641 pontifex,
1529 5570 1835 5630 d0ctrinam

256 5640 319 5696 S.
356 5640 513 5697 Paul.
546 5642 564 5695 l
590 5642 657 5697 ad
685 5643 835 5708 Con,
866 5657 1078 5710 cap.vt,
1110 5640 1330 5697 secutus
1350 5684 1363 5706 ,
1398 5651 1544 5697 recte
1569 5646 1832 5709 decernit,

255 5728 324 5769 ne
356 5711 665 5770 Christiani
707 5714 909 5770 ethnici
952 5712 1182 5782 alicujus
1228 5722 1321 5768 aut
1366 5713 1597 5770 infidelis
1634 5714 1835 5785 judicis

960 4950 1005 4980 ⁷⁸
1046 4947 1182 5005 Vide
1230 4947 1463 5006 Hinch
1480 4950 1578 5008 lib.
1623 4966 1723 5013 ιν,
1750 4966 1801 5006 c.
1830 4950 1934 5018 15,
1965 4959 2020 5006 et

2108 4950 2204 5004 ial.
2249 4951 2312 5006 de
2343 4962 2486 5005 statu
2521 4949 2805 5009 Ecclesite.
2839 4968 2902 5007 ac
2927 4951 3122 5011 concil.
3154 4949 3528 5005 Carisiacense

1951 5223 2191 5279 tribunal
2261 5225 2511 5290 adeant,
2589 5225 2873 5295 liliumque
2930 5239 3153 5281 suarum
3220 5222 3523 5295 discussio-

1950 5311 2108 5359 nem,
2153 5295 2419 5365 judicium
2473 5312 2538 5353 ac
2581 5294 2948 5352 deﬁnitionem
2994 5304 3197 5365 petant.
3248 5294 3365 5361 Qua
3410 5294 3527 5364 lege

1951 5366 2234 5435 politicum
2282 5367 2570 5437 imperium
2629 5383 2658 5421 a
2712 5366 2821 5437 Deo
2858 5367 2994 5420 bene
3053 5366 3360 5437 institutum
3412 5381 3523 5437 non

1952 5437 2157 5491 tollitur
2185 5478 2199 5502 ,
2266 5439 2357 5493 sed
2417 5436 2672 5493 Ecclesia:
2723 5436 2970 5492 dominio
3002 5450 3067 5490 ac
3106 5436 3357 5504 potestati
3388 5436 3525 5490 sub-

1943 5508 2152 5577 jicitur.
2206 5506 2339 5563 Vide
2394 5507 2588 5563 Baron.
2639 5524 2727 5561 an.
2776 5508 2885 5578 57.
2931 5522 3082 5561 num.
3116 5507 3199 5578 7274
3273 5515 3328 5561 et
3365 5520 3520 5578 seqq.

1951 5596 2122 5649 usque
2145 5579 2213 5635 ad
2239 5580 2327 5635 42.
2369 5578 2621 5635 Bcllarm.
2667 5578 2739 5633 De
2767 5577 2913 5633 Rom.
2940 5587 3087 5648 pom.
3114 5577 3209 5633 lib.
3247 5592 3301 5647 v,
3331 5592 3384 5635 c.
3410 5579 3442 5633 4
3469 5577 3526 5635 οι

1947 5667 2099 5721 seqq.
2129 5651 2201 5706 In.
