4040 6322
212 268 316 325 80!

211 407 320 474 bis,
366 407 503 462 sicut
549 418 597 463 et
643 408 699 463 in
730 376 977 465 omnibus
1006 412 1277 481 epistolis,
1317 413 1530 483 loquens
1555 412 1611 467 in
1633 414 1708 467 eis
1737 414 1802 468 de
1832 395 1877 451 Α

209 497 324 563 his,
360 499 414 552 in
447 499 634 569 quibus
666 509 789 554 sunt
820 501 1063 572 quaedam
1094 502 1333 573 difﬁcilia
1359 502 1653 572 intellectu,
1685 521 1806 575 qua!

208 589 423 645 indocti
448 602 495 645 et
520 592 795 647 instabiles
824 595 1134 663 depravant,
1158 597 1297 650 sicut
1335 606 1386 650 et
1412 606 1632 651 creteras
1660 595 1803 652 Scri-

206 693 429 752 pturas,
478 685 549 738 ad
605 702 759 741 suam
808 689 1179 757 perditionem.
1233 689 1333 743 Vos
1389 708 1533 761 ergo,
1580 694 1799 763 fratres,

206 776 552 844 pnescienas
599 780 862 833 custodite
899 796 916 833 :
952 798 1016 835 ne
1067 782 1437 853 insipientium
1481 801 1657 840 errore
1690 796 1802 840 tra-

209 868 393 933 ducti,
423 870 683 923 excidatis
714 888 745 924 a
772 874 991 942 propria
1021 874 1298 942 firmitate.
1334 874 1569 932 Crescite
1597 894 1716 933 vero
1746 880 1801 933 in

208 962 399 1029 gratia
438 971 487 1016 et
526 964 823 1033 cognitione
869 964 1085 1020 Domini
1122 969 1292 1023 nostri
1335 966 1464 1024 Iesu
1514 960 1713 1025 Christi
1749 982 1800 1026 et

209 1051 520 1107 Saluatoris
547 1054 613 1110 ⁸⁵.
651 1046 750 1110 Vos
782 1064 979 1120 autem,
1010 1058 1332 1128 cltarissimi,
1359 1078 1610 1118 memores
1639 1074 1801 1120 estote

209 1144 517 1213 verborum,
565 1163 683 1217 qua:
716 1150 975 1217 prtedicta
1020 1160 1141 1206 sunt
1185 1154 1250 1207 ab
1297 1156 1552 1225 apostolis
1582 1156 1798 1213 Domini

209 1237 390 1290 nostri
423 1236 551 1291 lcsu
583 1238 802 1306 Christi,
848 1243 938 1312 qui
985 1243 1227 1299 dicebant
1264 1246 1429 1313 vobis,
1467 1250 1717 1320 quoniam
1743 1252 1799 1305 in

210 1330 505 1383 novissimo
536 1340 765 1400 tempore
798 1334 1003 1387 venient
1033 1334 1304 1407 illusores,
1344 1340 1633 1395 secundum
1659 1342 1798 1397 desi-

209 1418 369 1474 deria
395 1438 495 1475 sua
537 1422 869 1479 ambulantes
910 1426 965 1479 in
993 1427 1284 1498 impietate.
1333 1430 1407 1485 Hi
1445 1442 1567 1487 sunt
1598 1435 1690 1505 qui
1713 1452 1795 1490 se-

212 1523 437 1583 gregant
465 1517 792 1581 semetipsos,
821 1517 1101 1586 animales,
1122 1522 1387 1591 Spiritum
1410 1540 1513 1579 non
1528 1525 1794 1584 habentes.

225 1599 332 1655 Vos
361 1612 560 1669 autem,
590 1605 911 1672 charissimi,
942 1612 1429 1681 supertediﬁcantes
1455 1618 1797 1689 vosmetipsos

208 1695 572 1750 sanctissima:
610 1707 793 1753 vestra:
819 1699 967 1769 ﬁdei,
1013 1703 1066 1756 in
1107 1702 1317 1774 Spiritu
1350 1718 1535 1763 sancto
1565 1720 1795 1779 orantes,

212 1786 360 1856 ipsos
401 1804 492 1841 vos
532 1789 588 1843 in
612 1784 897 1847 dilectione
925 1791 1024 1847 Dei
1055 1808 1280 1866 servate,
1307 1811 1669 1871 exspectantes
1700 1805 1800 1859 mi-

210 1878 564 1933 sericordiam
614 1880 826 1936 Domini
872 1888 1044 1941 nostri
1088 1886 1219 1943 Iesu
1278 1886 1482 1947 Christi
1530 1894 1584 1947 in
1634 1894 1798 1950 vitam

206 1979 493 2027 retentam.
532 1970 595 2026 Et
626 1973 717 2028 Iros
745 1977 957 2046 quidem
977 1981 1185 2050 arguite
1203 1980 1503 2052 judicatos,
1533 1982 1655 2041 illos
1679 2000 1807 2043 vero"

208 2063 442 2134 salvate,
465 2063 528 2120 de
557 2067 676 2138 igne
702 2069 987 2140 rapientes.
1020 2062 1160 2129 Aliis
1186 2086 1363 2132 autem
1393 2079 1717 2136 miseremini
1744 2084 1798 2137 in

210 2155 433 2222 timore,
486 2157 716 2213 odientes
743 2176 859 2214 eam
889 2176 1009 2232 qua:
1045 2166 1285 2221 carnalis
1321 2178 1421 2235 est,
1474 2162 1795 2228 maculatam

206 2249 476 2304 tunicam.
508 2249 575 2304 Ei
603 2262 780 2307 autem
812 2254 901 2325 qui
928 2265 1111 2325 potens
1136 2271 1214 2313 est
1241 2276 1330 2314 vos
1352 2278 1661 2320 conservare
1682 2267 1797 2322 sine

204 2352 457 2411 peccato,
492 2352 539 2398 et
586 2348 909 2403 constituere
945 2344 1066 2405 ante
1116 2365 1448 2423 conspectum
1478 2348 1664 2427 gloria:
1687 2377 1799 2416 sua:

204 2434 589 2491 immaculatos
620 2438 676 2491 in
706 2439 1080 2511 exsultatione,
1128 2446 1231 2500 soli
1257 2445 1367 2501 Deo
1396 2440 1666 2506 Salvatori
1704 2468 1801 2507 no-

209 2534 333 2579 stro
357 2543 453 2596 per
475 2526 662 2583 Jesum
703 2528 975 2589 Christum
1006 2532 1294 2592 Dominum
1324 2550 1585 2611 nostrum,
1626 2544 1800 2615 gloria

204 2627 260 2672 et
308 2621 728 2691 magniﬁcentia,
772 2626 1055 2697 imperium
1095 2639 1147 2684 et
1181 2641 1438 2702 potestas,
1464 2632 1587 2691 ante
1621 2640 1800 2695 omnia

204 2712 434 2777 sarcula,
492 2720 542 2766 et
598 2729 735 2769 nunc
791 2725 841 2770 et
899 2717 956 2773 in
977 2721 1158 2775 omnia
1209 2724 1406 2779 swcula
1460 2726 1795 2785 sceculorum.

204 2802 383 2858 Amen
398 2804 465 2859 '°.

781 2944 1121 3004 EPISTOLA
1171 2951 1230 3007 ll.

1683 273 2065 331 ΕΡΙΞΤΟΗΕ.

2027 663 2104 717 De
2147 664 2577 721 ordinationibus
2621 666 2991 737 episcoporum
3039 678 3090 723 et
3129 669 3363 723 omnium

2526 738 2861 792 clericorum.

1975 910 2019 943 9’
2062 908 2452 969 Ordinationes
2496 914 2882 984 episcoporum
2950 914 3106 986 (l2),
3161 918 3487 975 auctoritate

1901 1003 2226 1070 apostolica,
2284 1004 2355 1059 ab
2402 1005 2662 1061 omnibus
2693 1005 2786 1076 qui
2815 1006 2869 1060 in
2894 1006 3083 1062 eadem
3116 1007 3319 1064 luerim
3358 1026 3485 1080 pro-

1904 1093 2078 1149 vincia
2110 1096 2384 1168 episcopis
2408 1107 2536 1153 sunt
2565 1098 2907 1154 celebrandae
2932 1099 3000 1154 ”.
3032 1101 3134 1167 Qui
3163 1102 3327 1157 simul
3354 1118 3485 1158 cou-

1900 1187 2203 1255 venieiites,
2231 1190 2558 1246 scrutinium
2578 1190 2870 1261 diligenter
2893 1202 3078 1263 agant,
3102 1194 3486 1265 jejuniumque

1901 1294 2025 1333 cum
2064 1281 2321 1338 omnibus
2364 1284 2642 1339 celebrent
2692 1285 2968 1355 precibus,
3018 1296 3073 1341 et
3120 1303 3319 1343 manus
3358 1304 3484 1343 cum

1900 1370 2108 1426 sanctis
2157 1369 2491 1443 Evangeliis,
2544 1390 2667 1445 qua:
2708 1376 3061 1446 przedicaturi
3107 1388 3257 1446 sunt,
3308 1379 3487 1450 impo-

1820 1516 1821 1519 η
1898 1469 2093 1517 nentes
2116 1460 2403 1520 Dominica
2434 1466 2542 1534 die,
2574 1468 2711 1522 hora
2740 1468 2900 1525 tertia
2926 1478 3170 1538 orantes,
3217 1487 3486 1542 sacraque

1897 1552 2176 1621 unctione,
2223 1556 2474 1627 exemplo
2518 1557 2911 1627 prophetarum
2944 1568 2999 1614 et
3039 1575 3251 1631 regum,
3306 1563 3484 1633 capita

1898 1662 2089 1703 eorum
2121 1648 2298 1721 (more
2329 1649 2702 1720 apostolorum
2726 1660 2781 1705 et
2802 1650 3025 1724 Moysis)
3046 1663 3331 1724 ungentcs,
3355 1657 3483 1726 quia

1828 1744 1875 1805 Β
1902 1739 2084 1795 omnis
2115 1740 2481 1797 sanctiﬁcatio
2508 1751 2723 1799 constat
2760 1742 2816 1798 in
2849 1743 3052 1815 Spiritu
3077 1754 3289 1812 sancto,
3324 1747 3485 1816 cujus

1904 1831 2076 1887 virtus
2118 1832 2412 1890 invisibilis
2452 1844 2644 1891 sancto
2675 1836 2960 1893 chrismati
2990 1846 3074 1893 est
3114 1840 3400 1909 permista,
3431 1851 3486 1896 et

1904 1923 2009 1981 hoc
2035 1924 2143 1979 ritu
2176 1925 2479 1982 solemnem
2502 1928 2776 1984 celebrent
2802 1930 3225 1989 ordinationem.
3257 1932 3302 1964 ’δ
3327 1931 3483 2000 Quod

1901 2016 1947 2073 si
1972 2016 2137 2073 simul
2170 2031 2363 2074 omnes
2394 2022 2691 2075 convenire
2722 2022 2947 2078 minime
2982 2032 3260 2093 poterunt,
3291 2041 3485 2081 assen-

1901 2126 2023 2166 sum
2054 2118 2234 2166 tamen
2260 2112 2376 2167 suis
2403 2112 2660 2182 precibus
2683 2114 2980 2183 praebeant,
3011 2124 3071 2170 ut
3101 2115 3170 2171 ab
3198 2117 3314 2187 ipsa
3335 2117 3481 2172 ordi-

1900 2204 2121 2259 natione
2156 2204 2346 2259 animo
2382 2219 2493 2259 non
2524 2205 2728 2261 desint.
2770 2207 2816 2239 ³⁸
2846 2205 3021 2262 Porro
3061 2216 3113 2263 et
3163 2207 3483 2281 Hierosoly-

1900 2294 2161 2351 mitarum
2220 2297 2433 2367 primus
2478 2297 2929 2369 archiepiscopus
2974 2299 3167 2356 beatus
3215 2298 3481 2368 Jacobus,

1901 2390 1995 2459 qui
2012 2389 2200 2459 justus
2234 2391 2548 2457 dicebatur,
2582 2401 2637 2448 et
2662 2393 2964 2449 secundum
2988 2410 3234 2465 carnem,
3267 2396 3483 2454 Domini

1900 2493 2249 2555 nuncupatus
2291 2494 2377 2542 est
2411 2485 2579 2543 frater
2606 2527 2621 2554 ,
2653 2502 2684 2542 a
2714 2486 2898 2553 Petro,
2943 2488 3149 2546 Jacobo
3181 2500 3235 2546 et
3271 2490 3485 2549 Joanne

1900 2579 2161 2648 apostolis
2221 2588 2306 2636 est
2367 2579 2653 2636 ordinatus
2680 2621 2696 2647 ,
2759 2582 3175 2639 successoribus
3230 2584 3487 2641 videlicet

1900 2667 2158 2725 dantibus
2202 2668 2436 2725 formam
2484 2684 2709 2736 eorum,
2759 2680 2820 2727 ut
2866 2688 2978 2727 non
3015 2674 3198 2730 minus
3236 2690 3402 2745 quam
3449 2692 3481 2731 a

1904 2760 2081 2815 tribus
2128 2761 2448 2832 episcopis,-
2502 2762 2839 2835 reliquisque
2885 2766 3141 2820 omnibus
3188 2781 3480 2822 assensum

1901 2852 2291 2921 praebentibus,
2317 2854 2591 2910 ullatenus
2615 2856 2905 2926 episcopus
2928 2856 3231 2923 ordinetur,
3247 2867 3303 2913 et
3330 2873 3480 2914 com-

1900 2941 2054 2995 muni
2116 2954 2243 2998 voto
2293 2944 2567 3000 ordinatio
2623 2946 2950 3001 celebretur.
2992 2946 3038 2979 '°
3085 2947 3299 3017 Reliqui
3348 2964 3471 3004 vert

1902 3032 2215 3089 sacerdotes
2239 3050 2268 3089 a
2294 3036 2519 3105 proprio
2554 3036 2877 3093 ordinentur
2906 3036 3186 3108 episcopo,
3217 3038 3290 3093 ita
3317 3048 3376 3093 ut
3401 3040 3481 3095 ci-

204 3098 1796 3203 υδηῗξξίίζξξξξξθξῗηξξζεξῗῇίξξῗξῖᾒζξιηξ,εξῘὲξίζιφζιξτη,ερὶ·
1823 3116 1868 3175 C
1903 3138 1996 3179 ves
2034 3136 2088 3179 et
2133 3126 2223 3181 alii
2269 3128 2583 3183 sacerdotes
2609 3142 2898 3185 assensum
2928 3131 3227 3201 praebeant,
3257 3142 3312 3188 et
3336 3133 3473 3203 jeju-

284 3182 567 3247 scoporum
605 3183 763 3243 atque
804 3178 1139 3232 sacerdotum
1186 3190 1235 3233 et
1266 3180 1330 3236 de
1360 3178 1462 3252 (ide
1491 3178 1797 3257 cwterisque

283 3252 487 3295 causis.

284 3418 614 3475 Anauros
639 3422 949 3493 episcopus,
968 3428 1240 3485 universis
1262 3431 1536 3503 episcopis
1562 3436 1617 3490 in
1644 3436 1799 3495 Italia

206 3512 557 3567 constitutis.

282 3603 560 3671 Quoniam
585 3608 628 3640 ⁹¹
655 3612 971 3681 apostolica:
1002 3615 1149 3671 sedis
1170 3616 1405 3673 debitam
1437 3624 1797 3680 reverentiam

202 3714 343 3769 erga
380 3715 465 3756 me
500 3702 739 3758 cbaritas
779 3714 962 3760 vestra
1011 3708 1309 3777 distribuit,
1357 3722 1411 3766 et
1457 3714 1584 3784 quia
1624 3716 1796 3785 pluri-

204 3807 365 3846 mum
390 3794 761 3852 venerationis
785 3837 801 3863 ,
828 3797 1137 3854 charissimi
1163 3801 1279 3869 ﬁlii,
1312 3806 1622 3872 praebuistis
1647 3809 1794 3880 (nam

200 3886 344 3941 licet
392 3885 675 3951 Ecclesiae.
731 3894 786 3946 in
829 3908 937 3963 qua
967 3904 1193 3951 sanctus
1233 3900 1522 3967 apostolus
1548 3904 1796 3961 residens

198 3978 421 4046 docuit,
466 3984 877 4051 quodammodo
924 4001 1024 4043 nos
1071 3989 1439 4058 gubernacula
1486 4000 1788 4066 teneamus,

199 4084 396 4129 tamen
437 4074 761 4144 proﬁtemur
790 4092 892 4133 nos
916 4078 1125 4135 honore
1148 4090 1201 4136 et
1226 4084 1518 4140 sanctitate
1556 4087 1796 4144 minores

198 4179 357 4230 esse,
406 4174 461 4220 et
506 4176 791 4237 propterea
832 4170 1058 4226 omnino
1100 4171 1446 4244 festinamus,
1477 4187 1537 4233 ut
1572 4180 1638 4235 ad
1674 4181 1793 4250 glo-n

199 4256 349 4310 riam
380 4257 501 4326 ejus
536 4260 895 4317 beatitudinis
933 4265 1215 4333 pervenire
1257 4269 1593 4342 possimus);
1630 4272 1794 4344 igitur

198 4349 709 4407 consultationibus
763 4355 965 4410 vestris
1021 4356 1236 4425 plenius
1294 4364 1788 4431 respondissemus,

1900 3226 2094 3274 nantes
2124 3219 2528 3277 ordinationem
2550 3220 2829 3278 celebrent
2859 3239 2874 3278 :
2900 3223 3154 3279 similiter
3183 3234 3236 3280 et
3260 3224 3480 3280 diaconi

1898 3316 2269 3382 ordinentur;
2318 3324 2639 3370 ceterorum
2681 3323 2862 3370 autem
2913 3317 3178 3387 graduum
3211 3319 3479 3374 distribu-

1899 3405 2059 3474 tioni,
2096 3405 2260 3461 trium
2291 3405 2567 3461 veracium
2615 3405 3026 3474 testimonium,
3064 3423 3189 3464 cum
3234 3408 3477 3480 episcopi

1899 3498 2107 3555 scilicet
2126 3500 2549 3570 approbatione,
2578 3499 2834 3557 sufﬁcere
2861 3508 3059 3571 potest.

2215 3882 2292 3939 De
2314 3885 2741 3939 accusationibus
2768 3887 3147 3955 episcoporum.

1970 4088 2014 4123 ⁸⁷
2040 4087 2333 4143 Accusatio
2354 4098 2573 4159 quoque
2602 4103 2819 4155 eorum,
2856 4103 3021 4159 super
3049 4096 3158 4159 qua
3197 4104 3299 4146 nos
3336 4105 3473 4147 con-

1897 4182 2080 4239 sulere
2103 4183 2377 4249 voluistis,
2404 4200 2512 4240 non
2540 4184 2645 4241 nisi
2678 4186 2747 4241 ab
2788 4185 3024 4253 idoneis,
3047 4194 3102 4242 et
3124 4187 3170 4219 ⁸³
3195 4188 3471 4258 probatis-

1896 4276 2055 4333 simis
2084 4276 2237 4343 viris,
2270 4286 2325 4331 et
2353 4277 2448 4347 qui
2489 4278 2901 4348 suspicionibus
2943 4286 3000 4333 et
3042 4278 3339 4335 sceleribus
3380 4295 3473 4333 ca-

1896 4379 2074 4436 reant,
2105 4367 2221 4422 ﬁeri
2251 4368 2446 4435 debet;
2480 4368 2607 4439 quia
2636 4367 2905 4424 Dominus
2939 4369 3081 4423 sacri
3112 4369 3199 4424 sui
3225 4371 3473 4439 corporis

196 4442 254 4498 si
285 4442 563 4511 licuisset;
612 4445 707 4501 sed
736 4446 1072 4505 inﬁrmitatis
1094 4466 1160 4506 ac
1194 4453 1529 4523 reliquarum
1559 4473 1787 4528 oppres-
1819 4467 1863 4522 ι]
1894 4466 2250 4526 tractatores,
2283 4475 2315 4515 a
2359 4458 2559 4514 vilibus
2605 4467 2662 4515 et
2704 4459 2954 4530 reprobis
3002 4475 3067 4516 ac
3098 4474 3206 4516 non
3258 4461 3472 4517 idoneis

196 4537 430 4592 sionum
477 4553 642 4594 onere
706 4542 930 4610 pressi,
990 4543 1232 4601 breviter
1285 4552 1471 4617 (prout
1518 4549 1785 4606 Dominus

196 4629 419 4696 tribuit,
452 4639 504 4685 et
543 4640 601 4687 ut
640 4646 670 4685 a
723 4632 883 4688 beato
925 4633 1087 4692 Petro
1126 4638 1369 4709 principe
1414 4642 1786 4711 apostolorum

197 4736 405 4778 sumus
432 4723 683 4779 instructi
710 4766 724 4791 ,
762 4741 792 4779 a
822 4741 934 4797 quo
964 4736 1021 4783 et
1051 4731 1334 4802 presbyter
1388 4749 1511 4789 sum
1561 4735 1787 4790 ordina-

196 4814 320 4884 tus)
368 4816 608 4871 scribere
660 4818 817 4872 vobis
867 4819 1035 4887 (sicut
1080 4824 1334 4896 petiistis)
1380 4842 1488 4881 non
1541 4826 1782 4900 denega-

194 4922 405 4964 νιιυιιε.

316 5170 359 5203 ⁸⁸
397 5169 437 5224 ll
482 5169 625 5226 Petr.
680 5188 761 5237 ιιι,
796 5173 979 5229 ιιι-ιε.

196 5256 267 5295 ex
310 5239 813 5297 Theodoreti'ilist.
845 5259 898 5307 v,
937 5245 1021 5299 ιο.

197 5382 294 5448 66,
319 5382 509 5455 Porro,
536 5393 642 5439 etc.
722 5386 768 5416 "
786 5384 920 5440 Dist.
950 5387 1014 5439 6'7
1037 5428 1050 5449 ,
1085 5386 1290 5455 Reliqui
1317 5390 1635 5444 sacerdotes.

1892 4552 2147 4623 personis
2172 4550 2428 4607 infamari
2458 4552 2654 4618 noluit,
2686 4565 2788 4607 nec
2828 4544 3155 4607 calumniari
3197 4552 3468 4623 permisit,

1894 4644 1988 4701 sed
2033 4644 2152 4715 ipse
2213 4645 2438 4716 proprio
2486 4643 2701 4715 ﬂagello
2752 4655 3043 4715 peccantes
3090 4647 3402 4703 sacerdotes
3438 4660 3469 4702 a

1891 4738 2098 4808 templo
2119 4735 2299 4807 ejecit.
2326 4736 2484 4793 Unde
2513 4736 2708 4807 liquet,
2736 4736 2883 4807 quod
2908 4738 3109 4793 summi
3138 4739 3469 4806 sacerdotes,

1893 4831 1947 4886 id
1992 4841 2076 4886 est
2126 4830 2368 4902 episcopi
2390 4831 2459 4898 θ’,
2491 4845 2521 4885 a
2569 4830 2684 4885 Deo
2732 4838 2861 4886 sunt
2883 4830 3167 4901 judicandi
3194 4875 3210 4899 ,
3241 4848 3349 4898 non
3402 4832 3471 4886 ab

1893 4924 2153 4980 humanis
2187 4931 2281 4979 aut
2317 4938 2500 4994 prava:
2534 4924 2660 4979 vita:
2700 4923 3017 4980 hominibus
3045 4924 3343 4992 laccrandi,
3372 4924 3468 4979 sed

1072 5176 1296 5263 ""J't‘ul.
1321 5220 1335 5241 ,
1362 5178 1922 5263 01.7-23."9‘Daniasi
1960 5197 2046 5252 cp.
2084 5182 2151 5236 ad
2195 5179 2503 5263 inentales
2531 5181 2698 5263 Erip.
2740 5180 3001 5263 Histoqu
3017 5182 3206 5263 (ξηρῇ,
3244 5182 3338 5263 lib.
3386 5197 3464 5261 ιιι,

1124 5246 1168 5321 ξ’
1190 5246 1321 5301 Dist.
1360 5247 1731 5321 (ii,_0rdinat.
1756 5246 2141 5321 episcopo-rum.
2220 5253 2268 5284 ’³
2285 5253 2495 5306 Concil.
2530 5246 2653 5306 Nic.
2676 5269 2751 5318 tv,
2774 5252 2899 5307 dist.
2936 5252 3023 5316 75,
3068 5252 3315 5306 Ordinat.
3350 5257 3464 5317 cpio

196 5322 516 5382 naporum:
544 5323 599 5366 et
632 5313 688 5367 in
723 5313 874 5395 Dec‘r.
906 5314 1058 5370 Ivott.
1095 5316 1196 5397 lib.
1222 5333 1301 5370 ιιι.
1379 5320 1427 5353 ⁸⁸
1452 5317 1585 5373 Dist.
1619 5321 1688 5374 64
1712 5360 1727 5385 ,

197 5382 294 5448 66,
319 5382 509 5466 Porro,
536 5393 642 5466 etc.
707 5386 768 5466 _"
786 5384 1014 5466 Drst._§7
1037 5428 1050 5449 ,
1074 5386 1294 5466 _lielr_qui_
1317 5390 1657 5466 sarerdqt_es_._
1764 5394 1798 5423 9"

1894 5313 2010 5376 nat.
2047 5325 2430 5392 episcoporum.
2513 5320 2634 5376 “In
2686 5313 2842 5376 Decr.
2892 5313 3042 5375 Ivon.
3080 5323 3169 5377 lib.
3208 5337 3300 5383 ιιι,
3332 5313 3460 5375 dist.

1894 5407 1918 5455 '.
1961 5401 2156 5466 (μείξει.
2190 5392 2244 5459 7,
2276 5394 2560 5449 Accusatio
2587 5410 2809 5466 quoque.
2828 5390 2895 5447 Et
2922 5394 2974 5448 in
3003 5392 3158 5448 Decr.
3198 5391 3345 5446 lvou.
3365 5392 3460 5446 lib.

2513 5320 2634 5376 “In
2686 5322 2842 5376 Decr.
2892 5320 3042 5375 Ivon.
3080 5323 3169 5377 lib.
3208 5337 3300 5383 ιιι,
3332 5324 3462 5375 dist.

198 5469 279 5511 tv.
357 5456 403 5486 ’⁸
418 5454 515 5524 Ep.
547 5455 894 5511 Constantini
925 5456 995 5510 Μ.
1021 5457 1088 5511 ad
1109 5454 1417 5513 Ablavium.
1488 5462 1533 5492 9°
1554 5460 1829 5517 lsid.sent.
1877 5454 1994 5527 ιιι,’
2023 5462 2113 5517 59.

282 5704 390 5775 (l2)
434 5703 809 5778 Ordinat‘ioires
857 5704 1215 5778 episcoporum
1286 5704 1359 5761 De
1396 5705 1790 5777 episcoporum
1829 5706 2199 5769 ordinatione.
2231 5707 2354 5764 vide
2414 5721 2537 5778 qua:
2607 5703 2845 5760 diximus
2889 5715 3051 5773 supra
3114 5716 3168 5755 in
3199 5701 3343 5758 uotis
3393 5702 3459 5759 ad

202 5773 404 5832 canon.
437 5786 615 5849 apost.
652 5774 704 5831 l.
735 5773 853 5831 ch.
887 5773 1096 5832 Burrus.
