4040 6322
627 302 737 359 ωδ

1962 281 2052 338 AN
2062 232 2309 351 Αὰιετι
2353 276 2551 333 rara:

3727 279 3805 336 ενι

632 418 816 488 potius
841 416 912 471 ab
936 413 1198 469 omnibus
1223 411 1292 445 ¹⁶⁰
1328 410 1581 470 ﬁdelibus
1622 403 1901 479 portendi,
1935 403 2056 473 ipso
2098 400 2208 453 Do—
2239 407 2285 461 Α
2313 396 2458 451 tibus
2490 389 2840 453 consentire;
2899 387 3027 488 quia
3082 400 3194 440 non
3238 384 3432 488 solum
3474 383 3560 485 qui
3608 383 3806 457 faciunt,

632 509 785 564 mino
814 505 1122 575 exempturo
1146 503 1333 572 dante,
1355 501 1575 572 quando
1609 514 1705 569 per
1736 496 1999 566 seipsnm,
2020 501 2076 547 et
2099 504 2207 545 non

633 614 731 671 per
758 598 952 663 alium,
984 595 1304 658 vendentes,
1338 604 1393 647 et
1427 600 1672 647 ementes
1701 587 1861 657 ejeeit
1890 586 1957 640 de
1985 581 2209 652 templo,

630 701 686 742 et
708 701 925 743 mensas
947 684 1446 741 nummulariorum
1470 690 1524 736 et
1544 678 1831 735 cathedras
1855 674 2207 731 vendentium

634 780 858 850 pr0prio
887 779 1083 833 ever-tit
1109 776 1342 845 ﬂagello,
1366 782 1423 828 et
1449 773 1612 842 ejecit
1631 772 1699 826 de
1729 768 1951 840 templo.
1974 766 2042 821 Et
2069 767 2212 821 sicut

632 872 763 925 alibi
792 872 869 941 ait
896 888 909 924 :
942 869 1083 923 Deus
1108 869 1251 922 stetit
1280 868 1335 921 in
1369 880 1639 936 synagoga
1676 864 1915 927 deorum,
1947 861 2001 914 in
2040 859 2208 913 medio

632 973 806 1018 autem
827 965 948 1018 deos
967 964 984 995 ¹
1011 963 1243 1018 decernit
1264 964 1286 992 ³
1313 978 1327 1026 ;
1360 968 1413 1014 et
1434 961 1560 1013 alibi
1594 977 1606 1011 :
1640 957 1749 1028 Ego
1776 957 1889 1009 dixi
1905 971 1922 1008 :
1946 954 2038 1008 Dii
2059 954 2207 1020 estis,

634 1069 687 1112 et
731 1056 1067 1127 [iliiExcelsi
1100 1071 1276 1109 omnes
1293 1056 1335 1110 ³.
1398 1051 1593 1108 Nullus
1621 1051 1765 1106 enim
1783 1053 1865 1119 (ut
1888 1048 2032 1117 reor)
2054 1047 2210 1101 inve-

633 1152 786 1205 nitur
836 1151 981 1204 inter
1016 1165 1149 1213 nos,
1182 1148 1274 1219 qui
1323 1146 1454 1202 velit
1495 1160 1656 1200 suum
1706 1159 1925 1199 servum
1965 1142 2035 1197 ab
2080 1140 2231 1205 alio,‘

632 1258 799 1314 quam
830 1258 860 1296 a
899 1257 977 1307 se,
1017 1242 1251 1310 judicari
1283 1258 1297 1294 :
1327 1239 1473 1309 quod
1520 1238 1564 1293 si
1598 1246 1987 1307 praesumptum
2020 1233 2208 1304 fuerit,

633 1343 733 1389 aut
777 1334 946 1388 multa
985 1335 1100 1403 ipse
1150 1331 1527 1402 indignatione
1570 1328 1859 1393 irascitur,
1905 1336 2001 1382 aut
2030 1329 2211 1397 potius

634 1430 900 1485 ultionem
929 1428 1127 1498 quaerit
1158 1444 1325 1498 super
1348 1426 1497 1482 eum.
1534 1425 1592 1481 Si
1634 1441 1764 1481 vero
1788 1426 1893 1478 hoc
1934 1424 2076 1478 inter
2106 1424 2209 1477 ho-

634 1521 811 1576 mines
837 1521 1049 1589 agitur,
1082 1517 1213 1587 quid
1262 1516 1468 1586 putatis
1508 1514 1671 1568 faciet
1699 1512 1841 1567 Deus
1867 1512 2117 1576 deorum,
2156 1518 2213 1564 et

634 1612 901 1667 Dominus
931 1609 1356 1673 dominantium,
1386 1608 1480 1678 qui
1512 1607 1778 1661 ultionem
1816 1618 2043 1659 suorum
2079 1617 2211 1673 pro-

633 1706 788 1760 misit
811 1719 921 1757 non
954 1702 1173 1756 diﬂ‘erre
1199 1698 1524 1755 servorum?
1555 1694 1709 1751 Unde
1738 1706 1791 1751 et
1819 1696 1935 1766 ipse
1962 1691 2208 1764 perpro-

2310 487 2643 542 damnantur
2668 524 2683 550 ,
2718 483 2813 537 sed
2864 479 2959 549 qui
3005 474 3356 533 consentiunt
3396 474 3712 531 facientibus.
3753 478 3811 536 be

2311 572 2511 627 talibus
2547 580 2601 625 et
2653 570 2740 624 his
2788 568 3061 624 similibus
3110 567 3229 636 ipsa
3272 562 3482 619 Veritas
3522 564 3634 619 ait:
3667 565 3811 639 Vulpes

2312 664 2487 734 foveas
2516 662 2740 728 habent,
2770 673 2818 715 et
2856 660 3087 717 volucres
3134 656 3249 711 cmli
3277 658 3469 710 nidos:
3501 654 3546 708 F
3548 657 3658 709 ilius
3679 670 3817 715 autem

2311 757 2541 812 hominis
2568 772 2671 811 non
2698 755 2851 808 habet
2876 754 2965 807 ubi
2996 760 3155 823 caput
3195 766 3350 805 suum
3383 734 3586 803 reilinet
3608 750 3664 815 ¹⁸,
3688 750 3733 805 id
3754 762 3815 807 est

2313 852 2369 907 in
2400 850 2602 906 talibus
2627 865 2735 905 non
2763 849 2974 905 habitat
3002 845 3285 911 Dominus,
3306 859 3407 898 nec
3432 843 3531 912 ipsi
3567 851 3755 898 manent
3776 844 3815 899 iu

2311 958 2399 1000 eo.
2421 941 2489 996 Et
2520 940 2779 997 Salomon
2806 940 3072 1011 loquitur,
3099 938 3290 992 dicens
3318 954 3331 990 :
3365 935 3469 1001 Qui
3493 935 3619 1005 fodit
3643 935 3814 1004 foveam,

2311 1036 2509 1090 incidet
2540 1036 2595 1089 in
2620 1050 2736 1089 eam
2761 1049 2778 1087 :
2809 1042 2858 1087 et
2892 1034 2983 1103 qui
3018 1029 3177 1086 volvit
3211 1027 3476 1099 lapidem,
3506 1036 3753 1082 revertetur
3770 1030 3817 1081 ad

2310 1143 2451 1182 eum.
2474 1125 2685 1197 Lingua
2717 1125 2891 1195 fallas:
2914 1140 3015 1178 non
3052 1129 3199 1176 amat
3224 1122 3521 1184 veritatem,
3541 1129 3588 1173 et
3620 1135 3669 1173 os
3693 1117 3818 1172 lubri-

2312 1239 2433 1277 cum
2462 1232 2715 1292 operatur
2736 1220 2920 1272 ruinas
2948 1217 3014 1271 ‘7.
3051 1215 3219 1270 Grave
3247 1225 3325 1269 est
3356 1229 3563 1279 saxum,
3584 1222 3629 1266 et
3655 1229 3819 1266 atteram

2310 1312 2515 1371 arena:
2546 1314 2635 1368 sed
2679 1315 2763 1367 ira
2799 1310 2973 1377 stulti,
3012 1319 3231 1380 utroque
3272 1306 3484 1378 gravior
3511 1306 3571 1360 ".
3602 1304 3819 1360 Hominem

2311 1409 2401 1478 qui
2434 1406 2796 1460 calumniatur
2824 1404 3017 1457 anima:
3054 1401 3386 1471 sanguinem,
3406 1400 3455 1454 si
3486 1414 3638 1468 usque
3675 1397 3731 1451 ad
3763 1398 3821 1450 le-

2311 1516 2431 1553 cum
2460 1499 2679 1569 fugerit,
2723 1512 2873 1550 nemo
2900 1496 3142 1550 sustinet.
3178 1493 3285 1558 Qui
3307 1509 3363 1546 se
3387 1491 3559 1562 jactat
3586 1500 3633 1545 et
3659 1489 3819 1553 dilatat,

2304 1589 2491 1659 jurgia
2520 1590 2772 1642 concitat.
2818 1585 2923 1652 Qui
2955 1596 3131 1656 sperat
3178 1587 3234 1639 in
3285 1583 3535 1648 Domino,
3570 1580 3821 1637 salvabitsr.

2315 1680 2421 1746 Qui
2457 1680 2676 1749 conﬁdit
2726 1678 2780 1732 iu
2815 1676 2971 1732 corde
3012 1693 3139 1742 suo,
3189 1675 3388 1730 stultus
3412 1683 3535 1728 est:
3575 1672 3657 1744 qui
3697 1682 3823 1726 autem

632 1797 852 1866 phetam
882 1794 1144 1863 loquitur,
1177 1794 1404 1847 dicens:
1459 1789 1594 1843 Deus
1641 1788 1903 1844 ultionum
1928 1786 2209 1850 Dominus,

2313 1775 2561 1846 graditur
2602 1773 2894 1843 sapienter,
2944 1772 3053 1841 ipse
3091 1770 3408 1823 laudabitur
3437 1768 3499 1822 ¹⁹.
3546 1767 3643 1832 Qui
3671 1766 3824 1835 fortiter

639 1886 782 1940 Deus
812 1885 1074 1938 ultionum
1106 1884 1265 1937 libere
1309 1883 1414 1953 egit
1438 1882 1496 1934 δε
1530 1889 1584 1934 et
1612 1880 1845 1949 reliqua.
1876 1877 1940 1932 Et
1972 1878 2211 1946 Aposto-

639 1976 727 2030 lus
760 1976 938 2044 inquit
962 1992 975 2027 :
1006 1973 1084 2027 Tu
1108 1974 1225 2043 quis
1252 1989 1328 2039 es,
1353 1973 1443 2042 qui
1460 1971 1675 2041 judicas
1707 1985 1912 2024 servum
1941 1968 2214 2023 alienum?

637 2064 748 2121 Suo
794 2068 932 2120 enim
964 2064 1179 2119 domino
1222 2072 1328 2117 stat
1361 2072 1453 2115 aut
1484 2061 1627 2115 cadit
1650 2060 1694 2115 '.
1742 2058 1808 2115 Et
1839 2060 1955 2129 ipse
1982 2079 1993 2113 :
2031 2057 2213 2113 Nolite

628 2158 879 2231 judicare
903 2158 1145 2223 invicem,
1172 2156 1261 2210 sed
1290 2156 1386 2209 hoc
1423 2156 1667 2225 judicate
1695 2154 1885 2224 magis,
1910 2169 1973 2207 ne
2002 2153 2214 2223 ponatis

635 2249 1018 2321 oﬂ'endiculum
1043 2249 1202 2318 fratri
1238 2248 1316 2301 vel
1345 2248 1716 2301 scandalum“.
1743 2245 1808 2299 Ει
1832 2244 2094 2300 Dominus
2120 2259 2217 2315 per

636 2343 958 2413 prophetam
986 2342 1164 2411 inquit
1191 2358 1204 2395 :
1241 2341 1347 2406 Qui
1373 2356 1478 2393 θυοδ
1509 2339 1677 2411 tangit
1696 2379 1709 2404 ,
1741 2339 1910 2408 tangit
1953 2336 2214 2409 pupillam

635 2433 782 2487 oculi
818 2432 983 2485 mei".
1006 2429 1144 2485 Nam
1179 2430 1227 2485 si
1255 2429 1458 2501 aliquis
1484 2445 1631 2483 nunc
1675 2430 1730 2483 in
1770 2428 1975 2483 malum
2026 2427 2216 2483 oculos

639 2524 913 2594 alicujus'
943 2523 1208 2593 principis
1233 2523 1426 2593 incipit
1458 2532 1717 2587 tractare,
1752 2520 2043 2577 manifeste
2088 2536 2216 2575 reus

642 2616 948 2687 niajestatis
973 2615 1278 2693 iudicatur,
1309 2627 1366 2670 et
1394 2614 1617 2670 infamis
1647 2613 1897 2678 edicitur,
1922 2624 2013 2669 aut
2035 2615 2219 2684 potius

639 2708 859 2779 capitali
913 2706 1195 2763 sententiae
1252 2706 1520 2776 subjacet.
1569 2703 1724 2772 Haec,
1780 2703 2011 2769 fratres,
2062 2702 2219 2757 valde

639 2801 882 2865 cavenda
915 2807 1157 2865 sunt,‘et
1201 2798 1351 2868 quod
1387 2797 1638 2851 homines
1683 2796 1878 2850 nolunt
1926 2794 2029 2850 sibi
2060 2793 2175 2848 fieri
2199 2835 2215 2861 ,

644 2893 758 2948 Deo
779 2892 1007 2948 deorum
1042 2907 1153 2946 non
1189 2891 1389 2946 debent
1416 2889 1637 2955 inferre,
1682 2902 1750 2942 ne
1783 2887 1922 2943 forte
1952 2888 2218 2943 irascatur

642 2974 928 3052 Dominus,
973 2994 1028 3039 et
1060 2983 1227 3039 faciat
1261 2982 1559 3037 vindictam
1589 2995 1803 3045 eorum,
1832 2981 1995 3035 etiam
2044 2980 2097 3034 in
2123 2994 2220 3035 eos

2314 1869 2503 1939 premit
2536 1868 2696 1921 ubera
2729 1866 2798 1919 ad
2834 1864 3149 1919 eliciendum
3185 1862 3292 1930 lac,
3321 1861 3572 1932 exprimit
3600 1861 3825 1929 butyrum:

2313 1962 2405 2033 qui
2444 1960 2765 2014 vehementer
2803 1959 3036 2028 emungit
3062 1999 3078 2025 ,
3123 1956 3266 2011 elicit
3308 1955 3649 2025 sanguinem:
3688 1963 3729 2007 et
3766 1951 3825 2019 qui

2313 2061 2562 2126 provocat
2609 2052 2756 2117 iras,
2810 2050 3055 2121 producit
3097 2047 3399 2107 discordias
3422 2047 3491 2099 ’°.
3525 2043 3642 2099 Haec
3680 2054 3725 2098 et
3756 2041 3827 2097 alia

2318 2145 2628 2219 periculosa
2678 2144 3091 2200 considerantes
3141 2140 3379 2211 apostoli
3431 2144 3746 2199 statuerunt,
3784 2149 3827 2187 ne

2317 2242 2476 2298 facile
2517 2245 2995 2293 commoverentur
3019 2277 3035 2303 ,
3092 2245 3188 2290 aut
3231 2235 3603 2289 lacerarentur
3624 2270 3640 2297 ,
3667 2229 3736 2285 vel
3769 2243 3830 2281 ac-

2317 2346 2645 2392 cusarentur
2696 2336 2968 2390 columna:
3016 2340 3219 2385 sanctae
3279 2325 3378 2382 Dei
3430 2324 3674 2380 Ecclesia:
3700 2360 3714 2388 ,
3746 2334 3829 2392 qua

2318 2430 2553 2501 apostoli
2600 2439 2653 2483 et
2690 2438 3043 2481 snecessores
3098 2435 3290 2476 eorum
3332 2434 3450 2473 non
3495 2414 3742 2470 immerito
3772 2411 3830 2465 di-

2317 2531 2544 2579 cuntur.
2579 2520 2621 2552 ¹¹
2651 2517 2757 2573 Sed
2791 2516 2838 2571 si
2876 2515 3001 2586 quis
3050 2514 3316 2569 adversus
3364 2526 3464 2566 eos
3515 2508 3597 2564 vel
3634 2504 3831 2562 ecclesias

2317 2631 2508 2672 eorum
2566 2618 2879 2669 commotus
2934 2607 3136 2668 fuerit.
3193 2614 3290 2660 aut
3345 2617 3547 2659 causas
3601 2595 3830 2657 habuerit;

2319 2710 2475 2780 prius
2504 2707 2571 2763 ad
2597 2722 2694 2763 eos
2724 2713 2974 2763 recurrat
3001 2698 3286 2759 cbaritatis
3312 2696 3523 2761 studio,
3557 2702 3611 2747 ut
3634 2687 3831 2744 familiari

2320 2800 2594 2872 colloquio
2617 2797 2941 2856 commoniti
2963 2812 3027 2851 ea
3063 2800 3280 2859 sanent,
3319 2804 3448 2860 quae
3477 2784 3702 2843 sananda
3726 2792 3831 2843 sunt.

2321 2895 2375 2941 et
2417 2886 2741 2943 charitative
2785 2884 3117 2947 emendent,
3175 2897 3299 2953 qua:
3351 2880 3505 2951 juste
3560 2872 3833 2932 emendanda

2322 2981 2669 3052 agnoverint.
2721 2981 2780 3034 Si
2818 2988 3003 3037 autem
3050 2976 3222 3047 aliqui
3253 2989 3373 3039 eos,
3427 2972 3729 3044 priusquam
3765 2965 3835 3019 huc

641 3079 738 3151 qui
759 3095 865 3135 non
884 3086 1269 3149 peccaverunt;
1295 3077 1424 3147 quia
1448 3075 1589 3146 perit
1606 3074 2101 3145 saepissimejustns
2120 3087 2219 3143 pro
2249 3110 2292 3169 ο
2325 3075 2557 3146 egerint,
2590 3074 2855 3140 lacerare,
2880 3084 3173 3135 accusare,
3206 3076 3301 3123 aut
3346 3066 3608 3122 infestare
3633 3072 3837 3133 praesum-

644 3172 832 3242 impio.
884 3170 1189 3226 imitandus
1240 3178 1326 3223 est
1374 3168 1538 3221 etiam
1582 3165 1886 3237 Propheta,
1920 3181 2015 3236 per
2058 3180 2220 3235 quem

647 3264 915 3318 Dominus
943 3262 1059 3317 ait:
1094 3258 1539 3315 Perambulabam
1575 3260 1632 3312 in
1660 3257 2004 3328 simplicitate
2050 3257 2225 3310 cordis

645 3357 769 3423 mei,
794 3357 847 3409 in
876 3355 1046 3409 medio
1068 3354 1257 3407 domus
1282 3367 1451 3407 mere:
1487 3350 1612 3405 Non
1645 3367 1838 3422 ponam
1857 3349 2074 3404 coram’
2099 3364 2225 3402 ocu-

644 3448 715 3503 lis
740 3448 867 3501 meis
891 3449 1100 3501 verbum
1126 3445 1301 3500 Belial
1325 3445 1390 3499 ίο.
1415 3443 1735 3515 Loquentem
1758 3444 1798 3474 “
1829 3444 1886 3496 in
1917 3441 2225 3496 abscondito

644 3553 831 3597 contra
859 3543 1158 3612 proximum
1190 3541 1233 3571 ³³
1265 3555 1442 3605 suum,
1469 3538 1605 3592 hunc
1629 3538 1947 3607 inter/icium
1972 3536 2107 3591 ⁸⁸·ιδ.
2160 3535 2229 3591 Et

648 3637 705 3692 hi
746 3636 977 3693 cavendi
1003 3645 1152 3703 sunt,
1187 3634 1253 3688 de
1288 3634 1491 3704 quibus
1521 3630 1780 3688 Salomon
1809 3635 1885 3686 ait
1912 3648 1927 3687 :
1959 3631 2109 3686 Sicut
2134 3647 2227 3684 no-

644 3731 769 3785 xius
798 3740 875 3786 est
909 3730 999 3801 qui
1035 3730 1201 3784 mittit
1242 3728 1479 3794 lanceas,
1524 3736 1573 3781 et
1608 3728 1834 3797 sagittas
1886 3726 1939 3779 iu
1983 3734 2225 3791 mortem,

646 3824 725 3879 sic
756 3825 837 3878 vir
888 3823 981 3894 qui
1026 3821 1396 3892 fraudulenter
1442 3831 1589 3875 uocet
1634 3820 1804 3872 amico
1842 3834 1973 3885 suo,
2015 3830 2065 3872 et
2109 3833 2229 3871 cum

651 3917 815 3986 fuerit
850 3915 1200 3985 deprehensus
1231 3913 1403 3967 dicit:
1435 3910 1648 3967 Ludens
1687 3911 1809 3981 feci.
1842 3908 1994 3965 Sicut
2038 3910 2227 3964 carbo-

650 4024 739 4062 nes
762 4007 830 4060 ad
853 4022 1076 4076 prunas,
1095 4013 1144 4059 et
1168 4003 1316 4074 ligna
1346 4003 1415 4056 ad
1442 4003 1635 4073 ignem,
1658 4003 1738 4056 sic
1766 4002 1918 4055 homo
1940 4001 2228 4055 iracundus

650 4100 873 4153 suscitat
906 4099 1077 4153 rixas.
1115 4095 1284 4152 Verba
1320 4096 1628 4150 susurronis
1674 4096 1831 4165 quasi
1865 4094 2150 4164 simplicia,
2181 4101 2230 4146 et

650 4193 771 4263 ipsa
794 4192 1103 4263 perveniunt
1127 4188 1196 4243 ad
1220 4190 1409 4243 intima
1430 4189 1624 4243 ventris
1644 4189 1709 4242 ’⁵.
1740 4186 1872 4243 Etsi
1895 4187 2230 4243 detractores

652 4298 1110 4355 quorumcunque
1160 4284 1397 4355 graviter
1444 4281 1804 4352 judicantur,
1844 4292 1899 4335 et
1946 4280 2000 4334 in
2046 4279 2224 4350 perdi-

656 4377 821 4431 tionis
879 4377 1133 4447 laqueum
1187 4377 1428 4443 cadunt,
1493 4376 1665 4430 multo
1722 4374 1897 4444 magis
1968 4372 2233 4428 lacerato-

2327 3168 2559 3241 pserint,
2587 3164 3155 3231 exeommunicentur,
3183 3169 3238 3217 et
3264 3160 3498 3215 minime
3526 3156 3835 3215 absolvantur,

2325 3269 2618 3330 antequam
2665 3273 2760 3330 per
2808 3254 3236 3312 satisfactionem
3270 3255 3360 3325 (ut
3387 3252 3500 3323 jam
3549 3249 3734 3305 dictum
3756 3244 3836 3298 est)

2326 3353 2658 3423 condignam
2705 3350 2917 3422 egerint
2953 3347 3364 3421 paenitentiam,
3399 3343 3655 3417 quoniam
3689 3335 3837 3409 injuria

2325 3461 2515 3502 eorum
2571 3445 2640 3499 ad
2692 3444 2971 3499 Christum
3024 3440 3261 3512 pertinet
3303 3440 3385 3503 “,
3424 3436 3581 3507 cujus
3628 3431 3837 3505 legatione

2328 3536 2653 3608 funguntur.
2688 3533 2798 3592 Nec
2842 3534 2946 3589 hoc
2997 3533 3227 3599 mirum,
3263 3530 3394 3601 quia
3443 3530 3488 3584 si
3534 3520 3745 3599 quisque
3771 3536 3838 3576 uo-

2330 3641 2507 3687 strum
2545 3628 2764 3685 cuidam
2814 3639 3095 3682 servorum
3119 3624 3165 3655 ²⁸
3214 3621 3543 3693 legationem
3575 3618 3837 3690 iniungeret.

2328 3733 2383 3779 et
2407 3740 2439 3778 a
2481 3734 2763 3793 quoquam
2815 3717 3204 3788 impediretur,
3248 3724 3343 3769 aut
3375 3714 3448 3770 ab
3482 3712 3658 3783 aliquo
3698 3704 3838 3763 subdi-

2328 3824 2511 3870 torum
2561 3825 2787 3867 suorum
2817 3808 3230 3878 despiceretur;
3261 3819 3390 3860 mox
3433 3804 3727 3873 indignatus
3760 3796 3836 3850 ira-

2330 3915 2600 3970 sceretur,
2630 3912 2727 3958 aut
2757 3901 2887 3956 talia
2918 3900 3107 3971 (prout
3151 3898 3356 3969 posset)
3400 3896 3710 3955 vindicaret,
3734 3898 3776 3944 et
3794 3884 3839 3940 ad

2333 3997 2592 4069 injuriam
2630 4011 2696 4052 ac
2726 3993 3117 4049 contumeliam
3168 4006 3324 4045 suam
3363 3990 3473 4045 hoc
3504 3985 3693 4043 factum
3725 3993 3840 4049 repu-

2331 4101 2473 4148 taret
2516 4100 2568 4147 et
2592 4090 2849 4145 talionem
2878 4086 2947 4156 (si
2977 4087 3031 4142 in
3062 4084 3315 4156 praesenti
3341 4099 3453 4139 non
3477 4081 3672 4153 posset)
3692 4070 3839 4130 futuris

2331 4184 2673 4256 temporibus
2702 4183 2970 4238 redderet.
3001 4178 3136 4233 Nam
3168 4178 3215 4234 si
3246 4178 3300 4232 in
3329 4173 3571 4232 hominis
3594 4180 3739 4249 causa
3761 4162 3841 4217 huc

2334 4279 2506 4344 tlunt,
2547 4277 2677 4348 quid
2718 4275 2926 4345 putatis
2962 4272 3106 4328 Deus
3144 4270 3309 4325 faciet
3344 4270 3414 4325 de
3459 4267 3573 4323 suis
3597 4306 3611 4331 ,
3651 4260 3732 4333 qui
3772 4267 3842 4309 nec

2336 4372 2592 4441 capillum
2624 4369 2818 4438 capitis
2852 4382 3043 4421 eorum
3080 4365 3258 4435 perire
3297 4362 3499 4417 dixerit
3520 4359 3601 4411 "1'
3647 4351 3772 4412 Unde
3806 4355 3841 4400 et

656 4484 779 4532 res,
828 4482 883 4524 et
939 4471 1274 4525 detractores
1332 4479 1495 4539 atque
1558 4476 1909 4524 accusatores
1961 4479 2233 4520 memora-
2268 4458 2307 4509 Ι)
2336 4464 2603 4519 Dominus
2636 4477 2731 4533 per
2763 4459 2978 4515 Nahum
3021 4458 3339 4529 prophetam
3374 4453 3632 4525 loquitur,
3660 4447 3839 4503 dicens:

657 4568 838 4613 torum
886 4558 981 4614 Dei
1027 4558 1357 4615 famulorum
1406 4568 1572 4630 atque
1622 4567 2035 4629 persecutorum
2077 4556 2231 4627 dam-

657 4659 891 4715 nantur,
929 4659 984 4705 et
1014 4651 1069 4705 in
1115 4651 1435 4708 barathrum
1457 4694 1472 4715 ,
1528 4652 1634 4707 nisi
1688 4666 1747 4707 se
1773 4651 2144 4715 correxerint,
2179 4658 2233 4704 et

658 4760 757 4816 per
809 4757 1000 4797 eorum
1042 4743 1477 4801 satisfactionem
1510 4746 1833 4817 condignam
1864 4744 2074 4816 egerint
2117 4758 2233 4813 pm-

660 4834 969 4903 nitentiam,
994 4835 1363 4891 indubitanter
1394 4839 1622 4903 vadunt,
1647 4846 1701 4892 et
1736 4836 2045 4892 vindicibus
2072 4834 2233 4889 ﬂam-

660 4929 769 4986 mis
798 4940 1125 4984 exuruntur.
1171 4928 1514 5001 Quapropter
1559 4940 1774 5000 oportet
1811 4945 2002 4985 omnes
2043 4929 2113 4984 ab
2148 4929 2235 4986 his

656 5036 876 5091 cavere,
905 5030 961 5077 et
1006 5036 1115 5077 non
1150 5022 1329 5078 solum
1378 5038 1486 5079 non
1534 5022 1736 5089 facere,
1767 5024 1863 5079 sed
1892 5039 1992 5079 nec
2021 5022 2232 5078 facien-

764 5351 834 5385 σου
895 5350 1211 5405 hominibus.
1315 5352 1628 5408 ‘discernit.

667 5422 869 5487 ‘ibid.,
904 5423 991 5476 15.
1069 5420 1274 5477 ’Zach.
1309 5439 1369 5487 It,
1398 5424 1431 5478 8
1531 5422 1696 5478 “Not.
1726 5440 1852 5479 vox.

1735 5356 1755 5385 ²
1795 5353 1940 5408 Psal.
1996 5369 2196 5420 LXXXI,
2247 5354 2301 5407 l.

1951 5425 2339 5495 ’proponﬁebam
2387 5432 2507 5477 ante
2546 5423 2750 5477 oculos.

2305 4555 2477 4609 .Deus
2507 4553 2792 4610 aemulator
2818 4594 2833 4619 ,
2865 4560 2913 4604 et
2967 4550 3223 4605 ulciscens
3266 4547 3561 4611 Dominus,
3603 4552 3649 4597 et
3695 4534 3839 4591 habent

2337 4647 2590 4717 furorem,
2626 4644 2884 4699 ulciscens
2915 4642 3172 4698 Dominus
3203 4643 3257 4695 in
3298 4642 3474 4695 hostes
3522 4651 3657 4698 suos,
3683 4639 3725 4685 et
3758 4628 3839 4680 ira.

2334 4755 2482 4794 scens
2512 4739 2622 4808 ipse
2656 4736 2888 4791 inimicis
2933 4736 3080 4799 suis;
3113 4741 3235 4787 ante
3285 4732 3476 4802 faciem
3519 4715 3839 4797 indignationis

2334 4833 2450 4903 ejus
2481 4806 2598 4902 quis
2626 4830 2833 4886 stabit?
2858 4838 2906 4884 et
2942 4830 3059 4901 quis
3088 4828 3291 4881 resistet
3333 4827 3387 4878 in
3420 4826 3502 4879 ira
3526 4818 3707 4892 furoris
3729 4806 3842 4881 eius?

2338 4924 2649 4996 Indignatio
2678 4922 2790 4991 ejus
2813 4921 2983 4989 e/Iusa
3012 4930 3089 4974 est
3116 4920 3254 4974 sicut
3274 4918 3440 4988 ignis,
3459 4925 3508 4971 et
3534 4922 3685 4985 petrae
3709 4905 3837 4959 disso-

2342 5019 2468 5073 lutse
2496 5028 2618 5073 sunt
2662 5018 2725 5070 ab
2764 5033 2844 5071 eo.
2876 5014 3056 5071 Bonus
3083 5024 3159 5069 est
3193 5012 3469 5078 Dominus,
3510 5016 3560 5062 et
3598 5001 3839 5071 confortans

2794 5350 2814 5381 ’⁵
2854 5350 3000 5405 Psal.
3053 5364 3183 5405 xcnr
3213 5390 3229 5415 ,
3283 5350 3335 5402 l.
3440 5345 3633 5415 “Rom.
3666 5352 3770 5415 XIV:
3800 5330 3837 5415 ιτ

2380 5354 2400 5385 ³
2438 5352 2601 5415 ibid.,
2660 5352 2711 5405 6.
2794 5352 2814 5381 δ
2854 5352 3000 5405 Psal.
3053 5364 3183 5405 xcnr
3213 5390 3229 5415 ,
3283 5352 3335 5402 l.
3440 5352 3626 5400 “item.
3666 5352 3770 5395 χιι.
3800 5352 3837 5382 θ.

2387 5432 2507 5477 ante
2546 5423 2750 5477 oculos.
2831 5424 2873 5453 ¹⁰
2894 5421 2969 5474 Ex
3006 5423 3173 5476 citato
3211 5435 3316 5474 ms.
3348 5417 3566 5487 Collegii
3606 5413 3712 5487 Sec:
3747 5404 3837 5487 ἔφθη

669 5509 769 5547 nas
822 5480 1121 5564 variantes_
1158 5480 1417 5549 lectiones
1466 5494 1738 5564 decerpsit
1786 5480 2121 5551 llartlui'nus'.
2179 5494 2280 5551 Ms.
2322 5510 2515 5564 coram,
2564 5495 2730 5547 oculis
2785 5493 2995 5546 verbum
3035 5494 3180 5564 oris,
3214 5489 3406 5564 Belial.
3484 5480 3836 5564 ’ῖςιερναῆεηῖξξξ

670 5564 714 5637 ξ’
751 5563 1012 5637 sodalem.
1058 5553 1205 5637 -ίξοη
1225 5564 1373 5622 Psal.
1394 5580 1450 5637 ς,
1483 5564 1540 5629 2,
1574 5553 1647 5619 ρκ’
1685 5567 1911 5636 interpr.
1962 5566 2020 5619 S.
2055 5566 2391 5637 Hieronymi.
2468 5563 2569 5637 bis.
2618 5565 2984 5637 I)etrahentem
3025 5553 3835 5637 inA_absr:ondito_‘sodalemusulg'

668 5633 804 5702 hunc
842 5634 1239 5702 interﬁciebam.

670 5704 713 5778 ξξ
739 5700 897 5778 l’rov.
921 5700 1116 5778 xivrtt,
1143 5706 1230 5778 l7,
1257 5708 1349 5776 95,
1378 5708 1466 5765 26.
1548 5700 1768 5765 “Prov.
1796 5725 1924 5777 XXX,
1950 5710 2037 5764 55·

670 5771 868 5827 "Luc.
901 5788 1015 5841 nr,
1046 5774 1132 5829 l8.

1320 5638 1362 5667 ¹⁵
1389 5635 1551 5691 Prov.
1592 5652 1719 5691 xxvr
1744 5678 1758 5701 ,
1789 5635 1975 5691 18-22.
2056 5639 2100 5668 ¹⁶
2130 5635 2274 5690 Luc.‘
2308 5654 2361 5690 rx
2390 5676 2405 5703 ,
2436 5635 2523 5689 58.

2606 5635 2826 5688 "Prov.
2873 5649 3029 5697 XXVI,
3071 5632 3282 5687 27—28.
3365 5632 3407 5662 ¹⁸
3432 5629 3581 5682 Prov.
3621 5633 3763 5697 stur,

2118 5711 2158 5739 ⁹¹
2182 5709 2368 5763 Aurel.
2391 5695 2465 5769 'v,
2490 5707 2573 5762 l7.
2653 5708 2695 5738 ²²
2721 5705 2775 5760 S.
2810 5705 2997 5775 Greg.,
3032 5720 3115 5774 ep.
3152 5704 3260 5772 '52,
3292 5703 3388 5758 lib.
3416 5715 3527 5755 χιιι.
3599 5695 3831 5745 “suom”
