4040 6322
212 254 226 271 ο

1673 304 2053 361 EPISTOLE.

3302 287 3307 290 ’
3375 310 3483 368 eos

216 426 275 481 in
304 425 392 480 die
422 424 820 493 tribulationis,
870 434 918 480 et
950 430 1117 483 sciens
1152 437 1420 500 sperantes
1464 430 1517 481 in
1561 445 1614 483 se
1633 429 1680 460 "
1702 470 1717 492 ,
1748 436 1802 482 et
1831 436 1873 491 Α
1902 428 2095 483 lineam
2139 437 2189 482 et
2226 424 2462 483 tunicam
2484 471 2498 495 ,
2532 440 2581 484 et
2631 430 3080 500 superbumerale,
3118 440 3168 487 et
3192 436 3478 504 rationale,

216 520 453 590 reliqua.
490 518 746 585 Quaedam
782 529 962 573 autem
990 537 1055 575 ex
1087 522 1191 587 his,
1218 521 1331 589 jam
1379 521 1503 574 aliis
1533 518 1796 574 fratribus

216 610 545 680 scripsimus
579 650 594 675 ,
632 626 754 679 qua:
804 606 963 665 toties
1002 620 1130 665 sunt
1170 612 1481 680 replicanda
1509 650 1525 675 ,
1579 610 1796 681 quoties

218 701 429 756 fuerim
457 703 782 756 necessaria.
801 703 919 733 “"3
935 701 1500 773 Ejeetionemquoque
1519 702 1600 773 (ut
1630 718 1793 772 supra

216 805 584 849 memoratum
622 796 740 863 est)
770 810 1117 850 summorum
1163 797 1509 851 sacerdotum
1542 794 1644 849 sibi
1690 795 1796 849 Do-

213 887 409 940 minus
438 887 752 951 reservavit,
784 887 907 941 licet
940 889 1259 942 electionem
1292 903 1481 942 eorum
1517 888 1675 941 bonis
1700 901 1792 940 sa-

206 977 536 1033 cerdotibus
594 986 648 1031 et
701 978 1077 1046 spiritualihus
1140 980 1358 1050 populis
1407 979 1791 1034 concessisset.

210 1067 557 1124 Electionem
608 1069 755 1122 enim
813 1069 1031 1124 illorum
1090 1070 1273 1125 taliter
1326 1071 1621 1140 Apostolus
1678 1069 1793 1123 licri

204 1163 368 1233 jubet
395 1180 409 1215 :
438 1160 500 1216 Si
526 1162 643 1232 quis
671 1162 782 1214 sine
812 1163 1029 1216 crimine
1062 1172 1159 1228 est,
1187 1165 1345 1216 unius
1369 1164 1551 1216 uxoris
1584 1164 1751 1216 virum
1775 1203 1790 1227 ,

209 1253 359 1323 ﬁlios
383 1254 658 1307 habentem
691 1252 871 1321 ﬁdeles
896 1295 911 1319 ,
941 1271 1040 1307 non
1076 1256 1130 1307 in
1163 1256 1499 1309 accusatione
1527 1253 1790 1319 luxuriat,

209 1356 312 1399 aut
344 1362 445 1399 non
468 1344 707 1399 subditos
737 1346 805 1410 ”,
834 1354 889 1401 et
912 1346 1147 1417 reliqua.
1177 1346 1221 1377 ³⁰
1253 1346 1310 1401 Si
1350 1347 1495 1401 enim
1532 1348 1651 1401 sine
1680 1345 1791 1400 cri-

207 1436 365 1489 mine
409 1437 667 1489 sacerdos
696 1436 821 1506 eligi
853 1437 1171 1507 praecipitur
1191 1477 1205 1501 ,
1240 1436 1554 1492 nullatenus
1596 1437 1664 1491 ab
1688 1437 1791 1490 ho-

207 1526 458 1581 minibus
511 1527 835 1583 criminibus
878 1529 1104 1584 irretitis
1137 1529 1386 1585 accusari
1444 1536 1539 1583 aut
1581 1529 1793 1584 calum-

207 1619 354 1674 niari
406 1620 775 1688 permittitur,
824 1636 923 1674 nec
948 1621 1017 1675 ab
1049 1621 1172 1677 aliis
1197 1664 1211 1688 ,
1261 1637 1425 1692 quam
1465 1622 1536 1675 ab
1562 1621 1649 1675 his
1696 1619 1792 1690 qui

206 1711 334 1766 sine
364 1710 600 1765 crimine
630 1720 780 1775 sunt,
808 1720 862 1765 et
884 1711 1041 1781 juxta
1068 1712 1390 1767 electionem
1423 1712 1491 1777 ³¹,
1525 1711 1570 1765 si
1603 1725 1793 1765 neces-

1898 523 2038 591 quod
2075 523 2402 592 constringes
2443 522 2655 575 balteo:
2686 534 2734 576 et
2770 538 2929 591 pones
2970 526 3168 579 tiaram
3206 528 3261 580 in
3310 531 3481 597 capite

1896 613 2031 682 ejus,
2059 624 2108 668 et
2153 613 2411 667 laminam
2463 623 2703 666 sanctam
2755 630 2914 680 super
2965 616 3181 682 tiaram,
3203 626 3253 671 et
3300 617 3477 673 oleum

1899 705 2163 759 unctionis
2217 704 2403 773 fundes
2435 720 2594 774 super
2646 716 2807 767 caput
2846 705 2998 774 ejus,
3040 718 3193 777 atque
3221 710 3319 763 hoc
3370 712 3476 764 ritu

1896 795 2309 850 consecrabitur.
2366 795 2541 850 Filios
2587 814 2791 867 quoque
2846 798 2993 851 illius
3049 800 3374 869 applicabis,
3424 812 3477 857 et

1893 884 2080 939 indues
2113 886 2307 939 tunicis
2343 886 2495 940 lineis
2517 928 2532 952 ,
2574 888 2849 958 cingesque
2892 888 3067 942 balteo
3098 891 3279 944 Aaron
3320 902 3368 947 et
3399 892 3476 946 li-

1894 979 2042 1032 beros
2072 979 2209 1047 ejus,
2249 987 2301 1032 et
2347 981 2579 1048 importes
2625 982 2813 1035 mitras
2862 982 2977 1047 eis,
3016 993 3268 1053 eruntque
3294 1000 3473 1039 sacer-

1892 1069 2038 1124 dotes
2070 1071 2203 1124 ntilti
2245 1070 2497 1140 religione
2532 1080 2784 1141 perpetua
2808 1072 2874 1126 ³³.
2912 1071 3032 1137 Quo
3064 1073 3186 1127 loco
3226 1083 3474 1130 contem-

1893 1163 2031 1233 plari
2067 1170 2307 1232 oportet,
2338 1164 2522 1218 Aaron
2556 1179 2831 1218 summum
2878 1166 3219 1220 sacerdotem
3242 1208 3257 1233 ,
3298 1167 3351 1221 id
3389 1175 3477 1223 est

1891 1253 2212 1322 episcopum
2254 1253 2455 1319 fuisse,
2491 1269 2655 1323 porro
2688 1255 2829 1309 filios
2877 1256 2999 1325 ejus
3030 1257 3473 1328 presbyterorum

1892 1344 2302 1401 demonstrasse
2348 1345 2601 1417 figuram.
2636 1345 2750 1402 Hoc
2776 1348 2923 1403 enim
2966 1347 3072 1402 fuit
3106 1348 3248 1404 inter
3289 1350 3473 1405 Aaron

1891 1450 2171 1491 summum
2207 1437 2569 1503 sacerdotem,
2594 1446 2651 1493 et
2693 1438 2836 1493 ﬁlios
2863 1439 2983 1509 ejus
3029 1440 3122 1509 qui
3162 1442 3472 1499 sacerdotes

1890 1538 2070 1595 erant,
2101 1530 2248 1600 quod
2276 1531 2459 1584 Aaron
2498 1546 2663 1600 super
2692 1532 2936 1588 tunicam
2970 1532 3275 1601 accipiebat
3303 1534 3472 1603 pode-

1889 1635 2029 1688 rem,
2059 1623 2255 1677 stolam
2281 1632 2550 1687 sanctam,
2575 1632 2630 1677 et
2651 1638 2912 1678 coronam
2946 1640 3193 1692 auream,
3224 1626 3468 1691 mitram,

1889 1722 1945 1767 et
1990 1729 2184 1768 zonam
2238 1730 2494 1779 auream,
2552 1723 2607 1768 et
2639 1716 3123 1783 superhumerale,
3158 1727 3210 1772 et
3260 1719 3469 1789 reliqua

208 1804 353 1859 sitas
383 1802 570 1868 fuerit,
598 1818 692 1857 aut
720 1802 821 1872 ipsi
850 1779 1083 1860 volendo
1123 1804 1356 1858 Domino
1385 1804 1591 1861 servire
1614 1803 1791 1872 elege-
1822 1779 1864 1839 Β
1892 1819 2014 1875 qua:
2044 1804 2265 1875 praalixa
2294 1815 2423 1859 sunt
2458 1823 2472 1859 :
2522 1804 2619 1860 lilii
2667 1779 2849 1859 autem
2896 1779 3117 1876 Aaron,
3134 1823 3298 1878 super
3320 1779 3472 1864 tuni-

205 1897 346 1961 rint,
388 1897 435 1927 ³⁸
460 1896 885 1966 sacerdotesque
915 1896 1033 1951 sine
1058 1896 1288 1951 crimine
1318 1896 1433 1951 ﬁeri
1465 1905 1517 1950 et
1545 1893 1787 1949 ordinari

204 1987 447 2057 possint,
479 1996 535 2040 et
583 1988 719 2043 tales
767 2003 862 2058 per
891 1988 1077 2043 omnia
1125 1987 1368 2055 fuerint,
1427 1988 1615 2058 quales
1663 1985 1789 2057 eligi

204 2078 530 2133 sacerdotes
567 2078 906 2147 iubentur."
954 2078 1127 2134 Porro
1154 2088 1209 2134 et
1241 2079 1415 2151 Moysi
1450 2078 1786 2149 praecipitur,

203 2181 271 2225 ut
296 2171 464 2243 eligat
492 2170 906 2243 presbyteros.“
960 2170 1116 2227 Unde
1143 2182 1195 2227 et
1228 2172 1282 2227 in
1311 2170 1624 2225 Proverbiis
1649 2168 1790 2224 dici-

206 2272 345 2319 tur:
405 2263 591 2320 Cloria
634 2281 817 2321 senum
854 2264 1074 2318 canities
1098 2265 1165 2321 ⁸⁵.
1213 2264 1339 2320 Haec
1382 2278 1512 2319 vero
1559 2263 1787 2319 canities

204 2355 539 2425 sapientiam
563 2356 835 2427 designat,
867 2355 933 2410 de
962 2370 1069 2425 qua
1096 2355 1361 2425 scriptum
1396 2362 1519 2409 est:
1553 2353 1787 2407 Canities

204 2446 488 2501 hominum
531 2449 814 2518 prudentia
858 2456 937 2503 est
976 2447 1039 2501 ³⁸.
1089 2445 1337 2516 Cumque
1383 2453 1690 2516 nongentos
1734 2452 1790 2499 et

202 2540 448 2610 amplius
474 2555 650 2595 annos
680 2539 748 2593 ab
775 2536 946 2593 Adam
981 2552 1154 2607 usque
1182 2537 1249 2591 ad
1281 2536 1559 2591 Abraham
1584 2534 1789 2591 visisse

203 2632 466 2688 homines
511 2632 829 2701 legerimus,
874 2629 1059 2685 nullus
1097 2630 1240 2684 alius
1281 2629 1433 2699 prius
1483 2627 1786 2697 appellatus

200 2734 295 2781 est
319 2726 637 2796 presbyter,
686 2723 737 2778 id
794 2731 879 2777 est
926 2722 1145 2787 senior,
1196 2721 1300 2776 nisi
1358 2719 1787 2790 Abraham,qui

202 2817 387 2872 multo
417 2814 772 2886 paucioribus
808 2814 1012 2870 vixisse
1065 2812 1224 2868 annis
1266 2812 1627 2867 convincitur.
1667 2810 1787 2867 Non

201 2926 341 2980 ergo
373 2920 596 2980 propter
643 2909 973 2979 decrepitam
1014 2917 1349 2964 senectutem
1375 2948 1390 2972 ,
1426 2907 1519 2963 sed
1568 2916 1789 2977 propter

202 3002 539 3072 sapientiam
576 3000 879 3072 presbyteri
914 2999 1337 3054 nominantur."
1391 2997 1609 3052 initium
1639 2998 1787 3052 enim

202 3091 505 3147 sacerdotii
552 3092 735 3146 Aaron
782 3090 918 3158 fuit,
946 3091 1073 3145 licet
1112 3089 1471 3145 Melchisedec
1496 3089 1647 3159 prior
1688 3088 1787 3143 ob-
1813 3128 1857 3187 ο

202 3184 400 3239 tulerit
428 3184 800 3252 sacriﬁciumi,
826 3191 882 3238 et
925 3192 1049 3253 post
1076 3184 1221 3238 hunc
1265 3182 1574 3248 Abraham,
1609 3180 1785 3247 Isaac,

201 3285 259 3331 et
285 3274 497 3331 Iacob:
547 3275 642 3330 sed
674 3276 729 3329 hi
775 3285 1077 3345 spontanea
1108 3274 1385 3329 voluntate
1410 3313 1426 3336 .
1456 3289 1568 3328 non
1604 3287 1789 3329 sacer-

198 3366 378 3422 dotali
407 3367 757 3433 auctoritate,
799 3366 906 3421 ista
941 3365 1207 3421 fecerunt.
1243 3365 1288 3396 ³⁸
1308 3364 1576 3419 Caeterum
1601 3364 1785 3417 Aaron

200 3460 422 3529 primus
478 3459 532 3512 in
570 3458 687 3529 lege
745 3458 1082 3513 sacerdotale
1141 3472 1341 3511 nomen
1387 3455 1615 3527 accepit,
1671 3454 1785 3524 pri-

200 3565 442 3614 musque
475 3550 774 3618 pontilieali
822 3549 963 3604 stola
996 3550 1219 3604 indutus
1266 3549 1515 3603 victimas
1563 3546 1781 3610 obtulit,

194 3642 432 3713 jubentc
467 3640 699 3696 Domino
753 3657 820 3697 ac
862 3642 1119 3713 loquente
1154 3641 1222 3696 ad
1274 3640 1494 3712 Moysen
1524 3658 1538 3695 :
1570 3638 1779 3708 Accipe,

199 3734 409 3805 inquit,
442 3734 619 3788 Aaron
644 3743 691 3788 et
736 3734 876 3804 ﬁlios
905 3722 1041 3805 ejus,
1082 3744 1130 3789 et
1164 3733 1456 3803 applicabis
1487 3734 1556 3787 ad
1589 3733 1782 3787 ostium

199 3828 539 3882 tabernaculi
574 3828 883 3883 testimonii.
913 3827 1146 3897 Cumque
1183 3825 1377 3880 laveris
1415 3834 1619 3903 patrem
1665 3841 1785 3878 cum

196 3920 337 3991 ﬁliis
366 3934 544 3991 am,
590 3920 776 3977 indues
816 3922 997 3977 Aaron
1040 3920 1357 3975 vestimentis
1412 3920 1559 3985 suis,
1606 3918 1662 3971 id
1705 3927 1783 3973 est

276 4231 558 4287 “Nahum
614 4249 665 4299 ι,
697 4234 863 4299 2,6,
894 4234 944 4288 7.

196 4305 455 4376 sacerdos
492 4304 623 4359 sine.
703 4306 743 4337 ³¹
780 4306 934 4376 justa
966 4304 1232 4376 electione.

198 4375 260 4431 7.
341 4373 558 4428 “Prov.
590 4391 682 4441 xx,
728 4372 820 4432 29.
899 4374 1065 4428 “Joh
1111 4390 1208 4436 xu,
1239 4384 1290 4428 et
1325 4372 1452 4441 Sap.
1485 4388 1557 4424 tv.

194 4516 250 4549 ⁸³
274 4514 413 4570 Luc.
456 4530 488 4568 ι
506 4554 521 4580 ,
547 4514 633 4569 16.

276 4759 393 4831 (15)
413 4756 679 4831 Inlocum
700 4772 881 4809 eorum
903 4763 1262 4831 successerunt
1282 4754 1529 4831 episcopi.
1553 4751 1775 4831 Hoc‘est

196 4823 524 4903 qubdr'psal.
546 4843 717 4903 Διιιιγ2
766 4824 1240 4903 propheta‘pa‘vjd
1266 4825 1619 4903 praedixerat:
1664 4823 1773 4877 Pro

194 4894 583 4973 patribus_tuis
602 4899 717 4951 nati
738 4894 981 4951 sunt’tibi
1001 4895 1121 4964 ﬁlii.
1149 4894 1773 4973 Natn_Augustino_prm-

194 4965 337 5028 dicti
362 4970 468 5025 loci
508 4969 824 5038 interprete,
862 4977 1045 5036 patres
1076 4966 1307 5035 apostoli
1360 4974 1510 5031 sunt,
1540 4965 1633 5038 ﬁlii
1678 4977 1777 5038 pro

194 5039 458 5113 patribus
506 5035 1061 5113 nati,'apost0lorut_n
1109 5050 1456 5113 successores
1509 5035 1774 5104 episc0pi.

196 5104 514 5167 Concilium
546 5104 916 5163 Floretitinum
944 5108 996 5160 in
1021 5107 1380 5161 instructione
1406 5104 1773 5158 Armenorum

194 5191 261 5239 et
298 5181 495 5235 coneil.
539 5178 839 5234 Tridentin.
882 5194 1022 5233 scss.
1050 5178 1141 5238 25,
1192 5192 1312 5245 cap.
1345 5176 1399 5239 4,
1440 5176 1579 5229 idem
1635 5190 1779 5229 asse-

199 5260 365 5308 runt.
389 5250 658 5305 Dicuntur
689 5259 871 5303 autem
902 5248 1139 5317 episcopi
1165 5245 1429 5315 apostolis
1460 5245 1773 5311 succedere,

198 5339 319 5379 non
360 5322 580 5392 proprie
606 5334 672 5375 eo
703 5319 864 5392 modo
891 5316 1004 5392 quo
1040 5318 1328 5392 episcopus
1352 5316 1639 5392 episcopo,
1679 5330 1775 5370 rex

195 5394 321 5463 regi
356 5385 743 5463 succedit,_sed
773 5385 1115 5463 duplicialia
1152 5387 1382 5463 ratione.
1407 5385 1592 5439 Primo
1614 5426 1629 5450 ,
1680 5401 1772 5439 ra-

194 5458 355 5519 tione
384 5462 526 5518 sacri
550 5460 878 5530 episcopalis
902 5460 1143 5530 ordinis;
1171 5458 1772 5530 secundo,»per_qoam-

196 5535 332 5589 dam
365 5528 776 5587 similitudinem
797 5539 851 5584 et
884 5529 1326 5599 proportionem;
1360 5528 1487 5599 quia
1512 5528 1771 5599 nimirum

197 5606 352 5659 sicut
376 5599 598 5656 Christo
625 5601 678 5654 in
711 5596 1138 5663 terris—viventi,
1186 5598 1341 5666 primi
1398 5598 1500 5652 sub
1553 5596 1774 5651 Christo

195 5686 366 5728 erant
398 5673 627 5741 apostoli
679 5670 987 5735 duodecim,
1041 5669 1235 5741 deinde
1284 5668 1628 5741 septuaginta
1666 5668 1775 5721 duo

196 5737 461 5813 discipuli
485 5760 497 5795 :
525 5744 596 5796 ita
619 5757 763 5796 nunc
786 5741 942 5811 primi
967 5741 1075 5813 sub
1102 5737 1349 5813 Romano
1370 5738 1625 5813 pontiﬁce
1646 5746 1776 5792 sunt

198 5808 473 5885 episcopi,
516 5822 637 5882 post
687 5808 800 5867 cos'
836 5812 1134 5882 presbyteri
1170 5852 1185 5876 ,
1237 5810 1361 5865 inde
1391 5808 1628 5879 diaconi,
1667 5817 1773 5863 etc.

1024 4232 1138 4264 ’ωε
1160 4230 1354 4287 Distin.
1380 4230 1449 4284 '79
1472 4270 1488 4295 ,
1516 4224 1841 4298 Ejectionem
1892 4242 2032 4280 vero.

1312 4300 1538 4356 "Hadr.
1586 4300 1735 4362 coll.,
1769 4314 1818 4353 c.
1874 4298 1959 4351 l9.
2037 4298 2080 4326 ³³
2114 4298 2228 4349 Dist

1325 4372 1452 4436 Sap.
1485 4388 1557 4424 ιν.
1638 4371 1678 4401 ³⁷
1704 4368 1845 4427 Idem
1884 4367 2009 4422 lsid.
2047 4382 2165 4436 cap.
2198 4365 2230 4419 5

1725 4387 1845 4427 (lem
1884 4387 2009 4422 ISIU.
2047 4387 2165 4427 cap.
2198 4387 2250 4419 ἱ).

199 4461 366 4507 XIIX.
396 4444 512 4499 4-9.
588 4443 633 4477 ⁸⁸³
671 4438 734 4502 21
768 4448 893 4503 dist.
917 4487 932 4512 ,
964 4445 1027 4499 In
1056 4461 1184 4498 novo
1213 4438 1427 4508 test.,e't
1474 4443 1527 4496 in
1572 4442 1721 4496 Decr.
1760 4438 1910 4493 Ivon.
1968 4438 2059 4492 lib.
2104 4454 2185 4493 ut.

1890 1910 1984 1952 cas
2013 1896 2189 1952 lineas
2216 1898 2382 1952 cincti
2408 1896 2790 1952 tantummodo
2826 1908 2882 1952 et
2911 1897 3113 1965 tiarati,
3142 1899 3471 1954 assistebant

1887 1987 2160 2043 sacriﬁcio
2205 1987 2442 2042 Domini.
2484 1988 2530 2019 ⁸ο
2559 1987 2617 2041 lu
2672 2003 2815 2042 novo
2865 1998 3049 2044 autem
3100 1999 3465 2056 testamento,

1887 2087 2011 2148 post
2036 2078 2318 2134 Christum
2351 2077 2670 2144 Dominum,
2696 2093 2727 2132 a
2758 2076 2924 2133 Petro
2955 2080 3315 2135 sacerdotalis
3349 2097 3464 2137 cce-

1886 2168 1968 2238 pit
1996 2168 2156 2235 ordo,
2209 2169 2339 2239 quia
2390 2170 2496 2239 ipsi
2549 2169 2731 2238 primo
2756 2170 3106 2239 pontiﬁcatus
3137 2171 3190 2224 in
3222 2170 3467 2229 Ecclesia

1888 2258 2089 2315 Christi
2123 2260 2282 2315 datus
2312 2269 2416 2324 est,
2455 2259 2671 2315 dicente
2706 2260 2941 2317 Domino
2972 2262 3038 2317 ad
3065 2278 3190 2318 eum
3218 2281 3232 2317 :
3273 2261 3351 2316 Tu
3388 2279 3464 2326 es,

1887 2350 2084 2421 inquit,
2107 2350 2304 2406 Petrus
2323 2361 2373 2405 et
2403 2367 2559 2421 super
2588 2352 2723 2407 hanc
2744 2362 2948 2421 petram
2976 2354 3254 2424 cdiﬁcabo
3284 2353 3466 2409 Eccle-

1886 2443 2021 2497 siam
2049 2459 2240 2509 meam,
2266 2453 2315 2497 ot
2352 2455 2522 2514 porta:
2563 2445 2723 2514 inferi
2751 2462 2853 2500 non
2882 2447 3241 2515 praevalebunt
3275 2447 3464 2502 adver-

1886 2550 1977 2589 sus
2003 2550 2154 2602 eam,
2195 2543 2243 2588 et
2276 2534 2374 2589 tibi
2413 2534 2553 2590 dabo
2585 2536 2755 2591 claves
2795 2538 2942 2608 regni
2987 2538 3237 2593 caelorum
3261 2539 3326 2594 ".
3368 2538 3466 2594 Hic

1886 2641 2019 2697 ergo
2046 2627 2251 2698 ligandi
2281 2636 2445 2698 atque
2494 2628 2742 2685 solvendi
2779 2638 3099 2699 potestatem
3134 2632 3345 2701 primus
3368 2648 3464 2686 ac-

1887 2717 2033 2788 cepit
2068 2733 2098 2773 a
2130 2717 2384 2786 Domino,
2411 2720 2730 2791 primusque
2772 2721 2840 2776 ad
2869 2720 3031 2777 (idem
3066 2723 3325 2793 populum
3353 2724 3465 2777 vir-

1886 2817 2001 2863 tute
2039 2824 2153 2865 sua:
2196 2811 2601 2879 prmdicationis
2643 2811 2891 2866 adduxit.
2924 2812 3121 2868 Caneri
3157 2829 3285 2869 vero
3329 2830 3464 2884 apo-

1886 2899 2009 2955 stoli
2035 2914 2158 2954 cum
2181 2900 2373 2955 eodem
2405 2902 2518 2971 pari
2549 2902 2828 2957 consortio
2850 2902 3112 2958 honorem
3139 2913 3193 2959 et
3226 2914 3462 2975 potesta-

1890 3003 1998 3049 tem
2030 3004 2395 3065 acceperunt,
2432 2996 2723 3066 ipsumque
2772 2997 3072 3067 principem
3104 3013 3295 3053 eorum
3341 3013 3463 3054 esse

1888 3090 2197 3143 voluerunt.
2217 3086 2320 3154 Qui
2347 3087 2535 3155 etiam,
2558 3087 2783 3155 jubente
2808 3087 3064 3155 Domino,
3097 3089 3151 3143 in
3183 3097 3301 3144 toto
3327 3090 3462 3144 orbe

1891 3181 2124 3251 dispersi
2163 3179 2515 3251 Evangelium
2551 3179 3022 3250 praedicaverunt:
3066 3181 3198 3251 ipsis
3242 3196 3462 3252 quoque

1889 3271 2312 3336 decedentibus,
2343 3271 2397 3324 in
2451 3271 2631 3326 locum
2676 3287 2867 3327 eorum
2913 3281 3301 3327 successerunt
3348 3274 3452 3343 epi-

1889 3366 2035 3436 scopi
2071 3364 2209 3435 (15),
2238 3379 2474 3434 quorum
2505 3364 2778 3419 ordinatio
2808 3372 3064 3435 praetacto
3086 3363 3132 3396 “
3165 3364 3278 3419 ﬁeri
3305 3365 3465 3420 debet

1888 3457 2082 3512 ordine
2106 3464 2161 3512 et
2186 3456 2351 3511 modo
2379 3473 2392 3509 :
2430 3470 2572 3525 quos
2594 3456 2689 3527 qui
2718 3457 2915 3527 recipit
2955 3464 3011 3513 et
3040 3457 3205 3512 verba
3245 3472 3460 3523 eorum,

1888 3547 2059 3603 Deum
2088 3548 2284 3617 recipit
2312 3565 2325 3600 :
2362 3547 2458 3617 qui
2488 3556 2671 3602 autem
2708 3563 2804 3603 eos
2846 3548 3085 3618 spernit,
3108 3559 3244 3603 'eum
3292 3563 3322 3603 a
3351 3565 3461 3618 qttu

1888 3640 2043 3695 missi
2076 3651 2224 3708 sunt,
2259 3649 2313 3695 et
2362 3640 2520 3710 cujus
2570 3639 2874 3711 funguntur
2903 3641 3192 3713 legatione,
3233 3643 3460 3713 Spernit,

1888 3742 1941 3788 et
1966 3734 2083 3803 ipse
2115 3732 2495 3788 indubitanter
2521 3743 2812 3803 spernetur
2835 3749 2863 3788 a
2901 3733 3137 3789 Domino
3166 3736 3233 3788 ⁸³.
3262 3733 3463 3789 Viden-

1890 3835 1971 3881 tes
2014 3834 2198 3881 autem
2234 3825 2337 3895 ipsi
2370 3825 2604 3895 apostoli
2649 3840 2885 3880 messem
2938 3840 3060 3880 esse
3108 3826 3339 3880 multam
3363 3866 3378 3887 ,
3407 3836 3462 3880 et

1891 3919 2178 3989 Operarios
2213 3933 2442 3988 paucos,
2481 3926 2814 3997 rogaverunt
2840 3918 3125 3974 dominum
3154 3919 3369 3985 messis,
3401 3927 3460 3973 ut

2139 4225 2183 4257 ’θ
2225 4222 2333 4277 Tit.
2390 4238 2455 4289 ι,
2522 4223 2576 4278 6.
2691 4223 2734 4257 ³ο
2767 4238 2863 4289 νι,
2922 4222 3225 4292 quaestione
3282 4224 3326 4285 Ι,

2037 4295 2080 4326 ³³
2114 4294 2303 4349 Distin.
2332 4293 2422 4349 84.
2460 4293 2625 4347 Porro
2652 4294 2810 4347 Mosi.
2886 4294 2931 4323 ³⁵⁸
2955 4295 3080 4349 Isid.
3121 4293 3193 4347 De
3234 4294 3326 4349 οΙΤ.

2358 4294 2422 4357 ιιι,
2460 4294 2625 4347 Porro
2652 4294 2810 4347 Mosi.
2886 4294 2931 4323 ³⁵⁸
2955 4295 3080 4349 Isid.
3121 4294 3193 4347 De
3234 4294 3326 4363 o/f.
3362 4311 3452 4358 ll,

2358 4363 2587 4419 "Clem.
2642 4364 2826 4418 Const.
2880 4380 2932 4416 vt
2964 4405 2978 4429 ,
3027 4362 3117 4417 20.
3202 4364 3243 4395 ³⁸
3283 4366 3449 4419 Exod.

2277 4434 2320 4465 ⁴⁵¹
2342 4433 2531 4488 Matth.
2593 4452 2711 4501 xw,
2759 4434 2861 4501 18,
2910 4434 2996 4489 19.
3074 4436 3451 4504 “prtetaxato.

2922 4222 3225 4292 quaestione
3282 4224 3336 4285 Ι,
3393 4222 3455 4279 Si

1881 4748 1999 4805 Non
2056 4751 2214 4805 aliter
2261 4758 2442 4805 autem
2493 4747 3094 4819 episcoposapostolis
3126 4748 3449 4807 succedere.

1885 4823 2008 4875 inde
2054 4829 2223 4891 patet,
2254 4822 2399 4890 quod
2445 4836 2475 4875 e
2518 4817 2687 4888 i‘seOpi
2718 4817 2922 4872 nullam
2973 4834 3111 4873 verte
3143 4819 3453 4889 apostolicm

1885 4892 2223 4944 auctoritatis
2251 4901 2454 4944 partem
2478 4837 2747 4944 ﬁabeaut:
2779 4888 3010 4944 anostoli
3037 4891 3203 4944 enim.
3235 4900 3295 4943 ut
3320 4905 3452 4943 con-

1883 4888 2223 4946 auctoritatis
2250 4888 2454 4959 partem
2478 4888 2747 4955 habeant;
2779 4888 3010 4958 apostoli
3037 4888 3203 4955 enim,
3235 4900 3295 4943 ut
3320 4905 3452 4943 con-

1809 4935 1854 4991 υ
1883 4935 3010 5029 solum]:St“it§¥é.”€:§ﬁ"iiiti55,7616
3024 4935 3294 5013 ιῖἑὲὲέἷιτυῦ
3318 4935 3449 5014 Silia

1882 5033 2197 5103 praedicare,
2236 5032 2373 5085 alias
2397 5041 2559 5100 atque
2584 5031 2720 5084 alias
2744 5029 3015 5085 Ecclesias
3061 5029 3308 5103 fundare,
3355 5046 3447 5083 ca-

1881 5101 2108 5157 nonicos
2132 5104 2300 5156 libros
2324 5102 2561 5171 scribere
2589 5109 2871 5171 poterant:
2905 5117 3067 5170 porro
3093 5101 3223 5153 nihil
3255 5101 3448 5171 horum

1881 5174 2121 5243 episcopi
2136 5180 2449 5243 potuerunt.
2464 5170 2969 5243 Praeterea,donum
2996 5172 3193 5241 linguae
3213 5178 3267 5223 et
3286 5170 3449 5222 mira-

1879 5242 2143 5299 culorum
2178 5243 2486 5297 habuerunt
2534 5242 2809 5313 apostoli,
2858 5257 2966 5295 non
3025 5250 3204 5294 autem
3229 5254 3447 5313 _om_nes

1880 5314 2145 5384 episcopi.
2178 5313 2457 5383 Apostolis
2487 5308 2743 5368 omnibus
2793 5312 3106 5384 immediate
3150 5328 3181 5363 a
3218 5308 3442 5384 Christo

1878 5379 2189 5455 universam
2222 5379 2522 5455 Ecclesium
2543 5382 2879 5455 gubernandi
2911 5389 3158 5455 potestas
3185 5396 3250 5455 ac
3285 5379 3448 5455 juriso

1879 5455 2050 5510 dictio
2076 5454 2273 5509 collata
2312 5464 2413 5518 est,
2438 5446 2593 5509 Joan.
2624 5469 2744 5522 cap.
2782 5452 2873 5517 20,
2911 5446 3008 5507 'his
3048 5446 3445 5523 verbisr'Sicut

1880 5526 2025 5578 misit
2054 5542 2133 5578 me
2163 5526 2334 5578 vivens
2372 5524 2553 5588 Pater,
2607 5532 2656 5578 et
2685 5539 2776 5592 ego
2799 5524 2952 5575 mitto
2983 5536 3069 5573 vos
3108 5524 3444 5589 (quanquam

1882 5595 2159 5650 ordinaria
2198 5595 2527 5664 iurisdictio,
2574 5598 2770 5664 quaequi
2808 5594 3053 5661 posteros
3091 5606 3189 5664 per
3225 5604 3444 5664 succes-

1884 5666 2093 5719 sionem
2125 5660 2532 5728 lra’nsferrctur,
2562 5660 2661 5728 soli
2685 5660 2867 5726 Petro,
2898 5660 3330 5716 extraOrdinaria
3358 5674 3445 5712 re-

1884 5735 2051 5805 liquis
2079 5738 2341 5805 apostolis
2369 5751 2627 5805 eoncessa
2651 5734 2741 5803 sit)
2759 5751 2772 5788 :
2792 5746 2982 5805 omnes
2999 5729 3446 5805 autemepiscopi

1886 5822 1917 5860 a
1948 5802 2129 5861 'Petrf
2151 5822 2466 5863 successore
2516 5802 2761 5859 Romano
2799 5802 3075 5874 pontifice,
3115 5802 3203 5857 cui
3240 5802 3444 5857 dictum
