4040 6322
563 310 659 365 811
1935 296 2150 356 ANACI

2252 302 2276 355 ‘l
2316 297 2515 354 PAPE
3678 303 3761 360 δη

564 434 684 474 rum
708 420 959 491 prirncipe
994 419 1279 491 presbyter
1313 419 1621 480 ordinatus,
1650 415 1909 470 omnibus
1935 414 2145 485 episco-
2174 420 2218 475 Α
2247 414 2515 484 denegare
2537 412 2711 484 possit
2731 413 3100 469 dubitationes
3118 413 3201 468 vel
3220 414 3565 470 necessitates
3585 418 3766 470 cornui’

564 510 647 579 pis
670 524 734 564 ac
772 512 1000 581 reliquis
1024 510 1231 565 Christi
1254 508 1637 564 sacerdotibus
1671 506 1927 561 salutem.
3018 529 3059 582 Ι.

629 617 952 676 Βαιεάὶοιυε
978 619 1116 673 Deus
1140 629 1188 673 et
1212 618 1377 672 Pater
1404 617 1619 670 Domini
1648 616 1815 669 nostri
1838 613 1964 667 Jesu
1989 612 2144 666 Chri-

566 720 663 779 sti,
692 714 779 783 qui
801 711 1067 765 benedixit
1098 727 1189 764 nos
1223 710 1281 763 in
1312 710 1453 763 omni
1487 707 1842 761 benedictione
1872 704 2144 775 spirituali

564 802 623 858 in
656 804 946 858 caelestibus
977 804 1029 855 in
1048 801 1283 867 Christo,
1321 801 1457 855 sicut
1481 798 1639 868 elegit
1668 814 1760 852 nos
1787 799 1845 850 in
1874 798 1988 865 ipso
2023 805 2143 848 ante

571 896 754 949 mundi
785 894 1230 957 constitutionem,
1253 901 1310 945 ut
1337 907 1563 945 essemus
1599 890 1771 943 sancti
1794 897 1844 942 et
1878 889 2142 941 immacu-

572 990 669 1041 lati
701 988 753 1041 in
777 996 1052 1055 conspectu
1082 985 1197 1054 ejus
1220 986 1276 1038 in
1298 985 1592 1047 ,charitate,
1635 980 2020 1052 praedestinans
2051 994 2143 1031 nos

572 1081 628 1133 in
650 1081 982 1149 adoptionem
1008 1078 1242 1147 ﬁliorum
1264 1092 1355 1146 per
1369 1075 1551 1130 Iesum
1567 1073 1837 1129 Christum
1863 1072 1919 1124 in
1949 1072 2141 1139 ipsum,

572 1170 855 1223 secundum
886 1169 1211 1239 propositum
1236 1166 1523 1220 voluntatis
1540 1180 1670 1229 sure,
1704 1166 1759 1217 in
1784 1163 1994 1216 laudem
2025 1160 2142 1230 glo—

572 1262 667 1313 riw
690 1259 877 1330 gratia:
892 1273 1021 1321 sum,
1038 1259 1105 1310 .in
1125 1273 1227 1326 qua
1249 1255 1569 1327 gratiﬁcavit
1596 1270 1687 1306 nos
1704 1254 1759 1305 in
1780 1252 1971 1306 dilecto
2000 1246 2146 1301 Filio

572 1370 688 1418 suo,
718 1352 773 1405 in
811 1368 910 1420 quo
942 1350 1192 1403 habemus
1243 1349 1652 1417 redemptionem
1692 1363 1784 1416 per
1836 1348 2145 1417 sanguinem

572 1446 706 1514 ejus,
728 1444 1093 1538 remissionem
1110 1452 1441 1538 peccatorum
1458 1438 1997 1538 secundumdivitias
2021 1456 2147 1538 ἕνα·
2248 1438 2451 1538 animi
2474 1438 2717 1535 quoilue,
2740 1438 3104 1537 'sepluagilua
3146 1438 3384 1520 duorm“
3426 1438 3781 1535 discipuloﬁm

576 1538 666 1590 tite
690 1534 824 1604 ejus,
849 1550 964 1604 qua:
990 1532 1278 1587 abundavit
1306 1532 1361 1583 in
1380 1528 1605 1582 nobisin
1636 1530 1778 1580 omni
1810 1528 2069 1597 sapientia
2097 1536 2147 1580 et
2247 1528 2427 1617 106m"
2451 1528 2658 1613 m'nen'L

573 1629 877 1699 prudentia,
898 1638 953 1679 ut
986 1635 1165 1678 notum
1191 1622 1339 1676 nobis
1395 1624 1591 1692 faceret
1641 1631 2029 1674 sacramentum
2057 1637 2148 1675 vo-
3007 1654 3070 1706 ll.

574 1725 796 1777 luntatis
822 1739 951 1787 sum,
980 1720 1265 1775 secundum
1288 1719 1673 1790 beneplacitum
1702 1717 1837 1786 ejus,
1864 1718 2003 1789 quod
2031 1734 2148 1788 pro-

573 1817 750 1886 posuit
774 1816 827 1867 in
855 1831 935 1877 eo,
962 1814 1016 1865 in
1044 1811 1439 1881 dispensatione
1462 1808 1804 1875 plenitudinis
1834 1817 2145 1877 temporum,

575 1910 875 1961 instaurare
911 1906 1088 1958 omnia
1123 1906 1177 1958 in
1213 1903 1447 1969 Christo,
1479 1918 1601 1972 qum
1641 1902 1693 1954 in
1720 1900 1862 1954 ccelis
1887 1910 1934 1953 et
1957 1917 2072 1972 qua:
2095 1901 2148 1953 in

578 2010 721 2054 terra
739 2010 859 2051 sunt
896 1999 952 2051 in
978 1998 1112 2066 ipso.
1148 1995 1215 2049 In
1246 2011 1347 2065 quo
1378 1995 1542 2048 etiam
1568 2002 1708 2045 sorte
1743 1993 1914 2045 vocati
1943 2008 2146 2057 sumus,

575 2093 939 2163 prwdestinati
970 2090 1254 2145 secundum
1289 2087 1618 2157 propositum
1661 2084 1796 2153 ejus,
1839 2086 1929 2155 qui
1970 2085 2149 2138 omnia

578 2194 829 2256 operatur
858 2183 1147 2237 secundum
1177 2180 1459 2235 consilium
1501 2178 1787 2233 voluntatis
1836 2194 1967 2241 sum,
1989 2187 2045 2231 ut
2076 2176 2152 2230 si—

578 2297 694 2332 mus
727 2295 819 2332 nos
846 2278 902 2330 in
928 2275 1141 2328 laudem
1166 2274 1352 2344 gloria:
1386 2272 1524 2341 ejus,
1558 2272 1651 2341 qui
1678 2281 1800 2324 ante
1824 2271 2151 2340 speravimus

578 2373 634 2423 in
680 2368 892 2425 Christo
923 2367 991 2421 ⁸⁷.
1036 2365 1111 2421 De
1158 2363 1505 2434 primatibus,
1536 2363 1584 2396 ⁸⁸
1607 2362 1953 2429 cbarissimi,
1988 2377 2153 2429 super

579 2461 781 2531 quibus
812 2473 899 2514 me
927 2456 1149 2527 quidam
1189 2466 1428 2510 vestrum
1461 2454 1877 2517 consuluerunt,
1915 2461 1970 2508 et
2021 2467 2154 2522 apo-

579 2552 790 2607 stolicae
812 2548 1150 2604 auctoritatis
1181 2548 1331 2617 (qua,
1362 2546 1487 2601 licet
1508 2546 1735 2616 indigni,
1771 2544 1999 2600 Domino
2040 2545 2155 2599 dis—

578 2652 862 2713 pensante,
904 2638 1205 2711 fungimur)
1253 2640 1529 2694 dccretum
1567 2640 2002 2709 postulaverunt,
2060 2645 2155 2691 aut

580 2736 625 2791 si
650 2751 771 2788 esse
792 2734 1069 2797 deberent,
1109 2741 1203 2787 aut
1227 2747 1355 2797 non,
1383 2740 1649 2801 quantum
1685 2731 1954 2784 hactenus
1976 2731 2044 2784 de
2066 2729 2154 2783 his

581 2846 611 2881 δι
637 2825 794 2880 beato
822 2824 984 2878 Petro
1023 2823 1292 2893 apostolo,
1345 2831 1399 2876 et
1436 2837 1467 2876 a
1492 2821 1717 2891 reliquis
1747 2821 2031 2890 apostolis,
2091 2835 2155 2875 ac

582 2919 743 2973 beato
787 2918 1069 2972 Clemente
1118 2922 1311 2969 nostro
1365 2922 1556 2967 sancto
1619 2912 2043 2981 praedecessore,
2103 2922 2157 2968 et
2255 2928 2431 2973 turus.
2477 2920 2724 2989 Amplius
2747 2936 2912 2989 quam
2967 2919 3058 2973 isti
3108 2920 3219 2975 duo
3251 2923 3299 2958 ⁸³
3328 2920 3556 2976 ordines
3577 2922 3794 2976 sacerdo-

587 3022 843 3099 niartyre,
872 3008 1123 3063 novimus
1146 3014 1433 3068 statutum,
1459 3004 1727 3073 denegare
1754 3004 1909 3059 vobis
1932 3004 2157 3060 minime
2257 3019 2396 3075 tum,
2426 3026 2524 3065 nec
2556 3011 2716 3067 nobis
2741 3028 2771 3067 a
2806 3011 2919 3067 Deo
2947 3011 3130 3066 collati
3159 3021 3305 3077 sunt,
3338 3029 3445 3070 nec
3475 3014 3693 3084 apostoli
3719 3014 3794 3067 do-

582 3094 898 3173 possunius.
924 3101 968 3134 "
1001 3098 1066 3153 Et
1092 3097 1216 3168 quis
1245 3105 1347 3160 est,
1375 3095 1465 3166 qui
1490 3096 1864 3165 quaerentibus
1892 3094 2153 3153 fratribus
2181 3106 2223 3162 C
2256 3111 2507 3157 cuerunt.

2546 620 2622 675 De
2648 620 2901 691 bipartito
2933 622 3117 674 ordine
3146 621 3497 675 sacerdotum.

2316 733 2695 799 Sacerdotum,
2730 732 2950 798 fratres,
2989 732 3124 787 ordo
3148 731 3436 800 bipartitus
3459 740 3555 795 est,
3586 741 3633 785 et
3655 733 3770 790 sicut

2246 826 2512 881 Dominus
2534 826 2684 879 illum
2718 825 3021 890 constituit,
3057 840 3088 878 a
3120 825 3270 879 nullo
3290 823 3453 878 debet
3480 826 3771 893 perturbari.

2248 917 2412 972 Scitis
2440 925 2619 970 autem
2672 931 2700 969 a
2734 915 2964 971 Domino
3018 915 3297 985 apostolos
3339 928 3463 969 esse
3519 914 3699 970 electos
3733 927 3775 971 et

2245 1010 2593 1071 constitutos,
2632 1017 2686 1062 et
2732 1017 2922 1078 postea
2975 1023 3071 1078 per
3098 1008 3342 1063 diversas
3395 1008 3684 1077 provincias
3724 1011 3775 1062 ad

2243 1100 2650 1170 praedicandum
2683 1099 2979 1169 dispersos.
3011 1098 3148 1153 Cum
3181 1114 3309 1153 vero
3333 1098 3531 1154 messis
3559 1100 3778 1169 ccepisset

2245 1207 2516 1257 crescere,
2556 1191 2749 1246 videns
2788 1206 2992 1261 paucos
3022 1206 3142 1245 esse
3192 1190 3501 1259 operarios,
3535 1190 3599 1243 ad
3621 1206 3779 1246 eorum

2247 1281 2626 1352 adiumentum
2655 1283 2997 1352 septuaginta
3025 1281 3166 1335 duos
3188 1281 3233 1312 ’°
3278 1281 3405 1352 eligi
3445 1282 3685 1352 praecepit
3713 1284 3779 1337 di-

2247 1375 2509 1445 scipulos.
2539 1372 2792 1444 Episcopi
2820 1388 2969 1439 vero,
3021 1373 3224 1427 domini
3256 1374 3657 1442 apostolorum;
3685 1390 3781 1444 pre.

2179 1763 2221 1818 Β
2350 1745 2426 1798 De
2458 1745 2837 1798 constitutione
2865 1761 2952 1797 seu
2986 1745 3324 1818 ordinatione
3343 1744 3692 1814 episcoporum

2778 1832 2842 1868 ac
2864 1816 3305 1884 presbyterorum.
3710 1838 3713 1847 τ

2323 1909 2367 1948 οι
2394 1907 2647 1978 Episcopi
2689 1917 2870 1962 autem
2908 1923 3014 1961 non
3070 1907 3124 1961 in
3159 1910 3403 1963 castellis
3456 1920 3545 1965 aut
3594 1911 3787 1967 modicis

2250 1998 2562 2055 civitatibus
2589 2000 2789 2054 debent
2816 1998 3073 2053 constitui
3100 2040 3115 2065 ,
3149 2001 3241 2053 sed
3273 2001 3575 2073 presbyteri
3596 2010 3691 2071 per
3715 2017 3787 2056 ca-

2251 2090 2408 2144 stella
2457 2100 2510 2144 et
2540 2090 2787 2145 modicas
2815 2090 3064 2145 civitates
3106 2101 3271 2160 atque
3319 2091 3483 2147 villas
3517 2094 3703 2148 debent
3736 2094 3789 2147 ab

2250 2182 2808 2252 episcopis'ordinari
2833 2190 2887 2237 et
2917 2182 3083 2251 poni;
3116 2183 3316 2255 singuli
3357 2194 3541 2240 tamen
3584 2201 3671 2255 per
3702 2185 3789 2241 siu-

2252 2279 2409 2347 gulos
2439 2277 2630 2332 titulos
2653 2292 2804 2332 suos.
2839 2274 2905 2329 Et
2935 2275 3226 2346 episcopus
3254 2294 3363 2332 non
3400 2278 3469 2332 ab
3504 2295 3629 2341 uno,
3668 2281 3787 2333 sed:

2251 2368 2501 2439 pluribus
2527 2369 2687 2424 debet
2702 2369 2978 2439 episcopis
3004 2370 3279 2425 ordinari:
3307 2382 3383 2438 et,
3413 2380 3475 2425 ut
3497 2372 3688 2427 dictum
3708 2382 3787 2437 est,

2252 2477 2359 2515 non
2410 2462 2475 2515 ad
2508 2461 2781 2517 modicam
2836 2462 3133 2526 civitatem,
3164 2465 3212 2502 ι’
3246 2480 3314 2518 ne
3347 2465 3577 2519 vilescat
3624 2481 3789 2519 nomen

2253 2554 2514 2623 episcopi,
2563 2564 2659 2608 aut
2708 2554 2934 2618 alicubi,
2984 2556 3075 2610 sed
3107 2556 3173 2609 ad
3230 2556 3606 2612 honorabilem
3638 2559 3788 2611 urbem

2255 2646 2566 2700 titulandus
2595 2659 2649 2700 et
2674 2646 3113 2701 denominandus
3141 2656 3242 2701 est.
3287 2646 3581 2720 Presbyter
3604 2664 3717 2703 vero
3740 2650 3789 2702 ad

2253 2751 2634 2806 quemcunque
2650 2736 2830 2790 locum
2860 2738 2943 2791 vel
2966 2737 3251 2792 ecclesiam
3280 2737 3332 2790 in
3367 2752 3436 2792 eo
3459 2738 3790 2799 constitutam,

2254 2839 2339 2885 est
2364 2829 2767 2898 praeﬁciendus,
2794 2842 2958 2899 atque
2988 2829 3044 2883 in
3073 2845 3135 2884 ea
3163 2828 3357 2885 diebus
3377 2831 3506 2885 vita:
3532 2846 3640 2885 sua:
3657 2830 3790 2884 dura-

652 3333 910 3403 “7pres.
958 3349 998 3399 ι,
1045 3331 1195 3386 5-12.
1294 3329 1569 3403 “Hincm.
1631 3345 1721 3400 op.
1786 3346 1871 3396 ιν,
1924 3341 2150 3403 quaestlt

2252 3332 2331 3403 .5.
2422 3330 2467 3363 δ’
2486 3346 2571 3399 ep.
2610 3332 2781 3403 Attici
2824 3331 2889 3385 ad
2934 3329 3034 3386 PP.
3092 3330 3545 3403 Cartliagincnsis
3596 3326 3795 3403 concilii.

516 3430 525 3443 ι
583 3408 630 3439 ’⁸
647 3398 1009 3475 septuaginta;
1035 3412 1083 3455 et
1109 3403 1426 3475 sicsemper.
1460 3401 1594 3475 Luc:
1670 3398 2048 3475 λθξυίδιςὸο,
2084 3400 2340 3475 Episcopi
2374 3418 2475 3454 non
2504 3398 2578 3455 in.
2693 3404 2736 3433 ⁹²
2763 3400 3085 3475 sardicense
3125 3418 3246 3457 can.
3281 3398 3336 3467 6,
3369 3413 3424 3457 et
3466 3401 3629 3455 Laod.
3668 3398 3741 3453 57.

584 3470 735 3529 "llic
765 3470 983 3545 quoque
1009 3489 1076 3528 ex
1110 3473 1299 3528 eodem
1320 3470 1427 3527 ms.
1455 3474 1523 3526 ab
1552 3470 1831 3527 Harduino
1851 3474 2089 3528 collectae
2119 3470 2393 3528 sunt.bls.
2432 3489 2535 3525 non
2557 3482 2681 3526 sunt
2712 3474 2944 3528 ordines.

587 3678 785 3735 habitae
813 3686 961 3741 sunt,
982 3683 1041 3729 ut
1066 3682 1215 3745 patet
1239 3674 1404 3727 etiam
1434 3687 1501 3727 ex
1531 3687 1689 3745 conc.
1720 3670 1924 3745 Niczen.
1945 3687 2154 3745 canone

587 3750 642 3816 6,
670 3747 928 3803 Chalced.
961 3740 1170 3800 actflG
1191 3785 1206 3809 ,
1239 3746 1371 3816 item
1401 3759 1468 3797 ex
1498 3743 1724 3816 epistola
1754 3743 1823 3796 55
1852 3740 2051 3816 Leonis
2082 3742 2152 3796 ad

583 3811 933 3894 Anatolium:
964 3832 1032 3871 ex
1060 3815 1285 3894 epistola
1312 3811 1560 3894 Gregorii
1587 3814 1654 3867 ad
1686 3811 1998 3881 Eulogium,
2032 3827 2155 3894 quae

583 3900 669 3946 est
699 3890 792 3944 lib.
816 3903 894 3950 vr,
926 3902 1046 3956 cap.
1076 3884 1165 3942 57.
1197 3884 1689 3956 Hierosolymitana
1721 3898 1816 3952 per
1838 3898 2013 3937 annos
2042 3884 2155 3956 fere

584 3962 913 4030 quingentos
941 3999 954 4022 ,
985 3952 1090 4010 non
1121 3970 1179 4010 re
1208 3954 1303 4009 sed
1332 3952 1549 4030 nomine
1574 3994 1589 4018 ,
1623 3962 2027 4030 n_on__potest_ate
2058 3952 2151 4006 sed

586 4022 796 4085 honore
843 4028 1145 4092 duntaxat,
1188 4033 1378 4095 quarta
1412 4022 2005 4095 patriarebalisihabita
2035 4031 2154 4095 est;

587 4111 646 4153 ut
670 4108 813 4168 patet
835 4114 901 4152 ex
931 4096 1135 4151 Nicaea.
1168 4092 1386 4159 concil.,
1410 4092 1689 4168 canon._'_7,
1724 4094 1815 4147 ubi
1845 4092 2156 4168 decernitur

588 4180 645 4224 ut
670 4161 1229 4239 'Hierosolymitanus,
1251 4173 1505 4233 quartum
1531 4163 1750 4239 quidem
1774 4161 2154 4232 patriarchalis

588 4239 852 4293 sessionis
893 4233 1075 4292 locum
1118 4251 1182 4289 ac
1218 4236 1480 4289 honorem
1534 4233 1768 4299 habeat;
1816 4248 1924 4287 non
1971 4241 2151 4285 tamen

590 4318 874 4378 propterea
901 4324 931 4362 a
957 4307 1295 4376 subiectione
1322 4304 1674 4378 Ctesai'iensis
1694 4343 1707 4365 ,
1736 4319 1858 4378 quae
1881 4310 2155 4370 metropo-
2260 4318 2573 4378 quanquam
2623 4302 2836 4378 Petrum
2876 4305 2934 4378 iu
2978 4302 3322 4378 hissedibus
3353 4307 3614 4376 eligendis
3633 4346 3647 4370 ,
3674 4302 3790 4373 quod

590 4371 755 4432 litana
790 4387 943 4443 erat,
982 4371 1335 4432 eximeretur.
1372 4373 1524 4429 Unde
1563 4371 1767 4444 beatus
1790 4371 2153 4444 Hieronymus
2184 4419 2229 4444 n
2259 4371 2319 4428 S.
2349 4371 2459 4427 Leo
2490 4374 2542 4426 in
2573 4373 2798 4441 epistola
2827 4374 2918 4436 δι,
2951 4374 3022 4428 ad
3052 4376 3399 4428 Anastasium
3427 4371 3602 4441 docet,
3631 4371 3792 4444 quam-

592 4450 645 4501 in
674 4448 832 4516 epist.
864 4419 1392 4510 adPammachium,
1423 4455 1611 4499 contra
1646 4442 1911 4516 Joannem
1943 4419 2155 4516 episco-
2184 4419 2229 4473 θ
2258 4444 2383 4516 dam
2410 4419 2706 4516 rationein
2736 4419 3165 4516 magiiitwudinis
3193 4419 3789 4500 el'iiobilitaiis’uibiuin

591 4508 1442 4599 puniﬂierosolymitanum,.sic
1474 4528 1605 4599 eum.
1630 4508 2012 4599 alloquitur-1;!
2047 4508 2150 4590 Tu,
2259 4512 2517 4599 habuisse
2565 4513 2749 4593 negari
2786 4508 2891 4599 non
2915 4514 3109 4599 possit.
3141 4512 3387 4596 Romana
3414 4518 3568 4599 sedes
3594 4517 3788 4584 primam

593 4579 792 4656 inquit,
822 4587 914 4656 qui
944 4579 1156 4656 regulas
1187 4585 1390 4654 quaeris
1416 4579 1919 4656 ecclesiastiea_s,‘et
1948 4579 2152 4656 Sicanii
2258 4583 2572 4656 dignitatem
2601 4579 3016 4656 patriarcbalem
3038 4585 3271 4656 Vobtinet,
3296 4586 3424 4656 quia
3447 4579 3638 4656 Petrus
3686 4595 3788 4656 apo-

594 4651 813 4712 concilii
840 4651 1155 4711 "cationibus
1185 4651 1357 4709 uteris
1382 4696 1397 4721 ,
1428 4654 1696 4723 responde
1728 4653 1860 4707 mihi
1882 4696 1895 4718 ,
1928 4651 1995 4705 ad
2026 4651 2155 4723 Aie:
2245 4652 2490 4706 stolusin
2510 4653 2611 4723 hac
2633 4668 2796 4723 quam
2824 4651 3093 4723 fundavit,
3130 4662 3191 4706 ut
3227 4651 3407 4723 inquit
3439 4654 3497 4708 S.
3531 4654 3789 4722 Gregorius

594 4727 919 4783 xandrinuni
957 4726 1269 4795 episcopum
1303 4719 1597 4795 Palaestina
1632 4724 1764 4793 quid
1800 4720 2063 4791 pertinet?
2090 4719 2154 4795 ni
2256 4724 2351 4776 lib.
2385 4737 2459 4795 vi,
2491 4719 2776 4795 epist.“57,
2819 4724 2887 4795 ad
2921 4720 3204 4793 Eulogium
3240 4719 3505 4795 Αιὶείειιηάἶ
3544 4719 3789 4795 quiescere

595 4797 757 4851 fallor
787 4796 892 4851 hoc
918 4790 1369 4860 ibi—decernitur,
1417 4803 1477 4847 ut
1508 4790 1810 4848 PalaeStinaé
1840 4791 2155 4858 metropolis
2256 4802 2309 4845 et
2354 4792 2520 4844 vitam
2597 4791 2751 4845 linire
2812 4790 3076 4859 dignatus
3112 4803 3215 4847 est.
3262 4790 3647 4848 Alexandriam
3687 4790 3788 4843 sede

595 4867 844 4921 Caesarea
874 4866 963 4929 sit,
989 4875 1042 4920 et
1079 4866 1245 4919 totius
1272 4866 1499 4918 orientis
1523 4864 1827 4934 Antiochia.
1859 4863 1965 4934 Aut
1993 4860 2155 4928 igitur
2255 4861 2603 4934 patriarchali
2625 4861 2897 4934 decoravit
2921 4864 3104 4934 (verba
3129 4862 3374 4934 Gregorii
3401 4869 3550 4930 sunt)
3578 4879 3638 4934 in
3652 4874 3786 4934 quam

597 4938 665 4991 ad
692 4935 1083 4992 Caesariensem
1123 4936 1587 5003 archiepiscopum
1627 4932 1829 4987 referre
1863 4933 2153 4992 debueras,
2255 4929 2641 5003 evangelistam
2683 4929 2938 5003 Marcum
2984 4929 3314 5002 discipulum
3372 4929 3539 4987 misit.
3602 4930 3782 4987 Tertio.

598 5008 687 5064 cui
717 5016 896 5077 spreta
928 5000 1325 5077 communione
1354 5016 1443 5059 tua
1468 5000 1890 5077 communicare
1923 5016 2027 5056 nos
2058 5016 2155 5052 no-
2257 5000 2438 5077 sedem
2465 5003 2517 5054 in
2548 5015 2654 5077 qua
2682 5000 2796 5077 ipse
2819 5009 3023 5069 septem
3052 5000 3212 5077 anuis
3238 5004 3398 5077 sedit,
3430 5004 3783 5077 Antiochenam

594 5072 796 5145 veras,
838 5087 933 5131 aut
963 5076 1009 5132 si
1041 5074 1231 5145 procul
1291 5073 1650 5145 expetendum
1700 5072 1963 5145 judicium
2001 5078 2150 5130 erat,

598 5142 945 5204 Antiochiam
976 5142 1159 5218 potius
1187 5142 1380 5218 litterae
1409 5143 1721 5218 dirigendae.
1758 5142 1861 5218 sed
1901 5144 2153 5218 uovi_(_:ur

598 5220 900 5275 Caesaream
922 5260 936 5284 ,
970 5208 1064 5271 cur
1093 5215 1435 5268 Antiochiam
1476 5208 1712 5267 nolueris
1741 5212 1988 5284 mittere.
2037 5208 2153 5260 Ms-

600 5291 749 5345 luisti
792 5282 1074 5359 occupatis
1120 5286 1345 5359 auribus
1395 5284 1699 5359 molestiam
1732 5282 1912 5336 facere
1930 5295 2151 5359 ,quam

598 5362 838 5414 debitum
894 5352 1310 5426 metropolitano
1370 5363 1465 5408 tuo
1519 5354 1792 5426 honorem
1836 5352 2094 5426 _reddere.
2132 5367 2149 5399 ι

598 5430 1006 5485 Patriarcbatos
1055 5423 1696 5495 Constantinopolitanus
1736 5423 1882 5493 (quia
1912 5432 2155 5495 tempore

600 5499 801 5555 Niczcui
833 5501 1046 5555 concilii
1074 5490 1579 5565 Constantinopolis
1619 5490 1752 5565 urbs
1780 5490 2020 5565 nondum
2058 5490 2153 5543 de~

601 5571 777 5625 dicata
810 5573 930 5637 fuit)
974 5573 1123 5625 hisce
1168 5578 1355 5638 postea
1398 5562 1641 5633 tempore
1667 5562 1959 5638 Justiniani
1986 5603 2000 5626 ,
2034 5568 2156 5628 post

604 5656 805 5693 annum
836 5636 1043 5693 ιιι)ιηὶῃῆ
1075 5636 1571 5710 quingentesinmm
1598 5677 1610 5699 ,
1651 5649 1816 5710 opera
1861 5636 2155 5710 imperato-

602 5714 702 5777 ris,
723 5720 778 5764 et
799 5706 1165 5764 Romanorum
1190 5706 1505 5780 pontificum
1524 5706 1879 5776 permissione
1903 5706 2148 5756 arcessit.

2254 3672 2310 3727 ln
2341 3672 2587 3743 concilio,
2603 3671 2820 3743 quidem
2854 3670 3467 3742 Constantinopolitano
3503 3676 3709 3743 primo,
3747 3686 3796 3725 ac

2251 3750 2438 3815 postea
2471 3743 2525 3796 in
2557 3741 3015 3815 Chalcedonensi,
3053 3741 3686 3815 Constantinopol’itanus
3709 3757 3792 3815 non

2254 3814 2418 3867 modo
2458 3813 2884 3882 patriarchatum
2912 3854 2927 3876 ,
2962 3828 3152 3868 verum
3182 3816 3348 3869 etiam
3400 3812 3691 3871 secundum
3732 3812 3795 3866 lo-

2254 3898 2377 3937 cum
2427 3885 2674 3937 obtinere
2719 3893 2949 3939 conatus
2979 3893 3094 3949 est,
3129 3884 3222 3939 sed
3261 3886 3545 3952 (pontiﬁce
3582 3885 3795 3954 reliquis-

2253 3968 2360 4022 que
2408 3954 2832 4007 reclamantibus
2884 3955 3235 4023 primatibus)
3282 3956 3512 4011 frustra.
3565 3954 3669 4010 Cur
3709 3963 3794 4007 tres

2262 4032 2472 4094 tantum
2525 4024 2794 4094 praedictae
2842 4026 3000 4079 sedes
3045 4026 3442 4094 patriarchales
3491 4028 3594 4081 isto
3641 4025 3794 4079 ordine

2260 4093 2542 4165 collocatas
2595 4092 2823 4165 fuerint_
2845 4095 3017 4148 solius
3046 4092 3189 4149 Petri
3223 4097 3596 4165 apostolorum
3628 4094 3795 4165 princi-

2260 4163 2743 4243 pisprarogativa,
2773 4161 3011 4243 dignitas
3033 4174 3087 4243 et
3114 4161 3403 4235 primatus,
3436 4166 3585 4243 velut
3608 4161 3792 4243 prppria

2260 4242 2315 4286 et
2344 4234 2655 4304 immediata
2684 4248 2851 4287 causa
2893 4234 3125 4289 honoris
3151 4244 3205 4288 et
3234 4238 3520 4304 potestatis
3546 4277 3561 4301 ,
3608 4234 3789 4304 ell‘ecit;

2258 5072 2515 5124 nimirum
2568 5072 2841 5143 ﬁrmavit,
2889 5081 2942 5125 et
2990 5073 3137 5143 sedis
3182 5075 3562 5143 patriarchalis
3611 5073 3783 5143 honore

2256 5142 2667 5213 condecoravit;
2687 5143 2775 5213 _ita
2804 5140 3103 5213 Gregorius
3136 5136 3394 5212 praedicta
3443 5142 3657 5213 epistola
3681 5179 3693 5205 ,
3718 5136 3781 5213 Δ35.

2256 5210 2619 5283 Leo_epistola
2648 5211 2737 5275 55,
2780 5211 2849 5283 ad
2892 5208 3225 5283 Anatolium.
3270 5216 3425 5268 Sicut
3465 5208 3783 5283 ergogniajor

2254 5290 2337 5334 est
2365 5280 2559 5355 Petrus
2588 5281 2867 5355 apostolus
2912 5281 3095 5355 Marco
3135 5286 3464 5355 evangelista
3491 5324 3505 5348 ,
3532 5280 3584 5337 et
3604 5280 3779 5334 Marcus

2255 5351 2587 5420 evangelista
2619 5349 2892 5423 Evodio,
2946 5351 3041 5420 qui
3090 5349 3588 5423 neque'apostolus
3638 5360 3778 5423 neque

2254 5419 2584 5490 evangelista
2614 5421 2735 5485 fuit,
2765 5423 2836 5474 ita
2860 5419 3078 5491 quoque
3118 5419 3365 5479 Romana
3414 5425 3641 5478 Ecclesia
3679 5419 3778 5470 Ale-

2256 5492 2599 5555 xandrinam,
2622 5499 2677 5544 et
2695 5493 3059 5545 Alexandrina
3080 5494 3474 5551 Antiochenam
3498 5491 3775 5555 auctoritate

2254 5561 2594 5685 letbdignitaiti
2618 5570 2858 5631 supcrat.
2896 5562 3028 5618 Vide
3053 5562 3308 5620 Bellarm.
3344 5565 3419 5619 De
3446 5565 3590 5619 Rom.
3616 5554 3771 5631 pontii.-

2278 5650 2289 5683 ι
2334 5672 2346 5685 .
2379 5646 2416 5685 ι.
2448 5647 2497 5684 c.
2600 5671 2616 5685 .

2278 5646 2346 5685 ID.
2379 5646 2416 5697 ι,
2448 5647 2497 5684 c.
2529 5646 2616 5685 ιλιι.
