4040 6322
491 317 597 372 815

1815 298 2159 361 ANACLETI
2195 275 2398 357 ΡᾹΜ

3631 294 3728 349 8M

488 452 629 496 esse.
665 426 955 488 antedictis
1002 424 1329 485 testimoniis
1372 420 1701 480 declaratur.
1756 420 1880 477 Haec
1927 433 2057 476 vero
2086 422 2131 477 A
2161 429 2385 485 cnseat,
2417 417 2539 473 ut”
2570 414 2841 487 (plebibus
2875 409 3350 486 languescentibus
3367 408 3442 475 “,
3474 407 3559 461 vel
3594 406 3731 462 mala

489 526 782 597 apostolica
808 521 967 577 sedes
989 519 1156 574 cardo
1176 526 1233 571 et
1254 525 1415 586 caput
1437 517 1519 584 (ut
1540 522 1861 585 praetactum
1877 513 1922 545 ¹¹
1952 512 2059 580 est)

489 618 733 675 omnium
764 611 1153 676 Ecclesiarum,
1172 624 1204 664 a
1229 607 1484 673 Domino,
1511 617 1565 661 et
1588 622 1695 661 non
1720 604 1792 659 ab
1814 604 1946 667 alio,
1976 612 2061 658 est

491 711 813 768 constituta.
851 704 920 759 Et
940 704 1084 759 sicut
1106 700 1326 758 cardine
1353 698 1556 754 ostium
1583 696 1811 768 regitur,
1847 696 1926 750 sic
1953 695 2060 749 hu-

487 807 579 877 jus
605 808 807 858 sanctae
839 797 983 855 sedis
1013 793 1338 849 auctoritate
1384 806 1576 848 omnes
1608 788 1864 847 Ecclesia:
1889 830 1905 856 ,
1950 788 2059 842 Do-

492 899 641 953 mino
667 895 1008 964 disponente,
1040 894 1322 958 reguntur.

1256 998 1322 1053 ν.

496 1102 618 1158 Non
650 1097 1003 1153 admittendos
1032 1094 1101 1149 ad
1139 1088 1529 1148 accusationem
1565 1090 1670 1142 sive
1704 1088 1774 1141 ad
1822 1088 2063 1158 testimo-

515 1177 658 1229 nium
675 1171 763 1241 qui
784 1181 937 1223 antea
955 1166 1155 1221 inimwi
1174 1166 1405 1232 fuerunt,
1424 1160 1552 1214 etde
1567 1157 2037 1225 extrentojudicio.

564 1269 610 1335 ’ξ
632 1267 990 1320 Accusatores
1019 1266 1203 1311 autem
1231 1263 1285 1309 et
1314 1261 1477 1308 testes
1501 1267 1625 1306 esse
1657 1266 1764 1304 non
1795 1254 2063 1318 possunt,

493 1361 588 1433 qui
619 1366 746 1414 ante
772 1356 1090 1411 hesternum
1125 1348 1269 1404 diem
1301 1355 1397 1401 aut
1423 1343 1825 1399 nudiustertius
1855 1339 2063 1395 inimici

494 1456 736 1515 fuerunt,
763 1462 833 1502 ne
856 1444 999 1509 irati,
1026 1455 1224 1498 nocere
1247 1439 1496 1509 cupiant,
1520 1435 1603 1491 vel
1632 1435 1767 1499 ltesi,
1794 1449 1851 1488 se
1875 1432 2063 1487 ulcisci

494 1543 683 1599 velint.
712 1539 758 1573 ”
788 1535 1093 1591 Inotl‘ensus
1138 1530 1305 1602 igitur
1345 1536 1729 1583 accusatorum
1760 1533 1815 1580 et
1845 1523 2064 1577 testium

493 1632 723 1688 allectus
750 1623 1080 1698 quaerendus
1102 1630 1188 1675 est
1206 1660 1223 1686 ,
1261 1627 1315 1674 et
1347 1633 1455 1672 non
1486 1622 1797 1685 suspectus.
1826 1612 2063 1668 Causam

415 1730 418 1733 ’
494 1722 642 1777 enim
704 1725 941 1773 vestram
995 1711 1174 1767 alieno
1217 1709 1388 1763 nolite
1444 1706 1784 1761 committere
1820 1704 2063 1775 judicio:

2163 510 2473 582 agentibus,
2501 525 2611 564 non
2638 508 2950 565 tenentibus
2979 504 3293 577 pastoribus
3328 500 3482 555 frena
3521 501 3731 568 eorum)

2163 602 2470 669 lasciviant,
2496 611 2657 672 atque
2683 601 2737 655 in
2768 601 2878 655 ima
2912 609 3094 654 ruant.
3126 597 3169 631 ³⁷
3200 595 3428 650 Multum
3459 609 3593 648 vero
3651 591 3735 647 di-

2167 703 2316 751 stant
2338 696 2539 751 damna
2571 709 2786 749 morum
2819 709 2850 747 a
2881 692 3097 748 damnis
3117 704 3298 745 rerum
3322 684 3699 757 temporalium
3720 725 3735 751 ,

2167 804 2291 845 cum
2337 789 2439 843 ista
2466 799 2618 843 extra
2651 803 2750 842 nos
2771 786 2915 851 sint,
2948 785 3040 839 illa
3063 797 3193 837 vero
3224 781 3279 835 in
3308 779 3490 835 nobis.
3523 777 3566 808 ³³
3600 774 3735 830 Sen—

2166 884 2334 940 tentia
2365 897 2586 953 quoque
2609 881 2783 935 Cham
2821 880 2917 934 lilii
2944 876 3057 933 Noe
3095 877 3431 931 damnantur
3471 871 3566 942 qni
3612 885 3738 926 suo-

2167 990 2286 1029 rum
2315 973 2599 1027 doctorum
2632 969 2713 1023 vel
2755 968 3173 1040 praepositorum
3206 966 3424 1035 culpam
3464 960 3739 1032 produnt,

2166 1081 2264 1120 ceu
2288 1063 2501 1127 Cham,
2534 1061 2626 1132 qui
2672 1059 2842 1130 patris
2884 1058 3134 1129 pudenda
3183 1072 3291 1111 non
3338 1054 3596 1126 operuit,
3649 1052 3742 1108 sed

2168 1156 2341 1227 magis
2383 1153 2677 1210 deridenda
2711 1150 3037 1206 monstravit
3056 1151 3120 1204 ³⁹.
3150 1150 3193 1180 ⁸ο
3218 1147 3421 1204 Doctor
3444 1157 3631 1202 autem
3660 1143 3745 1198 vel

2168 1256 2355 1318 pastor
2378 1245 2637 1303 Ecclesiae
2659 1284 2678 1314 ,
2707 1244 2752 1301 si
2779 1259 2809 1298 a
2837 1242 2941 1297 fide
2963 1241 3349 1299 exorbitaverit
3370 1280 3385 1305 ,
3418 1238 3525 1294 erit
3550 1254 3582 1291 a
3609 1236 3744 1291 (ide-

2170 1341 2313 1397 libus
2340 1340 2727 1411 corrigendus:
2760 1340 2851 1396 sed
2886 1355 2987 1412 pro
3013 1335 3259 1406 reprobis
3286 1331 3535 1388 moribus
3569 1329 3745 1401 magis

2168 1444 2251 1489 est
2272 1434 2613 1503 tolerandus,
2638 1450 2803 1505 quam
2827 1431 3255 1502 distringendus,
3282 1428 3411 1499 quia
3430 1427 3473 1460 δ’
3500 1435 3747 1481 rectores

2170 1526 2426 1583 Ecclesiae
2455 1542 2486 1581 a
2512 1526 2624 1582 Deo
2651 1526 2931 1596 iudicandi
2971 1533 3119 1586 sunt,
3153 1523 3295 1577 sicut
3328 1519 3405 1574 ait
3434 1518 3745 1588 propheta:

2173 1620 2312 1674 Deus
2350 1621 2495 1675 stetit
2545 1620 2597 1674 in
2633 1619 2917 1689 Synagoga
2957 1618 3211 1680 deorum,
3262 1613 3317 1667 in
3367 1612 3539 1665 medio
3568 1621 3746 1664 autem

2170 1715 2293 1769 deos
2324 1712 2588 1782 dijudicat
2608 1712 2673 1765 ".
2708 1710 2862 1766 Unde
2894 1717 3107 1780 oportet
3136 1717 3584 1775 unumquemque
3612 1701 3746 1755 tide-

493 1811 652 1867 valde
673 1808 821 1864 enim
851 1805 1099 1874 iniquum
1132 1808 1218 1855 est
1239 1841 1255 1867 ,
1286 1807 1346 1855 ut
1376 1796 1598 1852 omissis
1627 1796 1743 1851 suis
1768 1838 1782 1860 ,
1815 1796 1907 1850 alii
1948 1795 2068 1866 qui-
2104 1782 2141 1834 Β
2174 1809 2299 1871 lem,
2330 1807 2376 1861 si
2403 1804 2599 1860 νίιιειιίι
2632 1811 2732 1858 θυι
2762 1800 3079 1873 cognoverit
3110 1798 3295 1869 plebes
3324 1796 3593 1849 adversus
3658 1805 3751 1861 pa-

496 1890 630 1956 libet
654 1898 889 1953 aliorum
917 1909 976 1950 se
1007 1890 1191 1948 causis
1214 1888 1587 1953 itnmisceant;
1623 1886 1882 1956 quoniam
1908 1886 2071 1941 nullis

2173 1906 2365 1953 storem
2377 1911 2537 1951 suum
2564 1903 2870 1950 tumescere
2895 1933 2910 1957 ,
2975 1898 3071 1946 aut
3099 1895 3292 1943 contra
3330 1884 3538 1939 clerum
3565 1879 3750 1933 detra-

498 1993 553 2047 in
579 1990 715 2046 locis
742 1984 1042 2059 spiritualis
1059 1983 1126 2014 "‘
1151 1997 1283 2037 cura
1306 1980 1509 2045 deficit,
1537 1979 1631 2034 sed
1659 1994 1718 2034 se
1742 1993 1840 2048 per
1862 1968 2069 2043 omnia,

496 2096 827 2155 quocunque
856 2092 1057 2134 nomen
1088 2074 1184 2131 Dei
1229 2073 1557 2145 praedicatur
1579 2112 1595 2137 ,
1631 2069 1896 2125 extendit.
1943 2067 2070 2122 Stu-

497 2174 734 2230 dendum
761 2181 846 2228 est
875 2167 1133 2225 omnibus
1156 2209 1171 2233 ,
1222 2181 1290 2220 ne
1321 2167 1405 2235 (ut
1428 2165 1575 2234 sunt)
1618 2163 1996 2218 aemulationes
2025 2162 2071 2192 "‘

497 2268 657 2325 malae
681 2304 697 2331 ,
731 2263 827 2320 sed
858 2262 962 2333 pia:
992 2260 1103 2318 sint
1128 2258 1268 2314 inter
1308 2272 1408 2312 vos
1451 2255 1802 2321 dilectiones;
1850 2255 1978 2324 quia
2016 2254 2069 2307 in

500 2361 606 2416 hoc
632 2372 731 2412 vos
758 2368 948 2411 omnes
972 2350 1187 2406 Domini
1213 2346 1503 2416 discipulos
1529 2361 1653 2401 esse
1693 2359 1855 2400 veros
1902 2358 2072 2399 nove-

498 2452 642 2517 ritis,
671 2449 718 2503 si
746 2445 1077 2500 dilectionem
1122 2440 1412 2496 habueritis
1436 2438 1505 2492 ad
1526 2439 1768 2492 invicem.
1814 2436 1891 2490 Ex
1922 2436 2071 2491 omni

497 2557 631 2613 ergo
692 2552 888 2611 genere
936 2535 1205 2607 plurimos
1252 2531 1396 2586 Deus
1448 2530 1704 2600 dignatur
1757 2531 2068 2595 attrahere,

498 2650 641 2707 quos
661 2633 710 2665 "
737 2641 925 2687 erutos
950 2630 1019 2684 de
1050 2632 1315 2698 potestate
1346 2624 1693 2679 tenebrarum
1719 2662 1735 2689 ,
1781 2622 2074 2677 transferat

500 2733 557 2785 in
583 2744 807 2801 regnum
826 2725 947 2781 Filii
976 2722 1262 2780 charitatis
1283 2736 1416 2787 suae,
1441 2729 1496 2775 et
1524 2720 1592 2775 de
1618 2720 1766 2774 vasis
1797 2720 1890 2773 irae
1912 2720 2075 2773 faciat

498 2839 630 2880 vasa
678 2818 1090 2877 misericordia.
1142 2814 1298 2869 Unde
1348 2813 1508 2868 nobis
1559 2825 1905 2879 summopere
1957 2818 2073 2864 stn-

498 2916 735 2973 dendum
765 2922 888 2979 est,
937 2920 998 2966 ut
1042 2915 1427 2977 coeperatores
1478 2903 1652 2958 simus
1705 2903 1894 2973 gratia:
1934 2901 2070 2967 Dei;

499 3011 629 3082 quia
660 3008 727 3063 ad
755 3008 862 3061 boc
891 3003 1070 3059 vocati
1098 3012 1317 3067 sumus,
1350 2997 1583 3068 ejusque
1616 2995 1874 3050 familiari
1905 2996 2073 3051 collo-

2172 1989 2446 2064 qionibus
2472 2002 2691 2054 vacare,
2713 1987 2820 2040 hoc
2842 1984 3031 2039 vitium
3062 1996 3162 2053 pro
3185 1979 3393 2034 viribus
3419 1975 3746 2042 exstirpare,

2174 2082 2581 2152 prudenterque
2624 2079 2899 2149 corrigere
2923 2084 3154 2148 satagat.
3188 2072 3298 2128 Nec
3326 2071 3406 2127 eis
3436 2070 3490 2125 in
3518 2069 3747 2140 quibus-

2173 2191 2388 2246 cunque
2416 2174 2650 2245 negotiis
2675 2172 2893 2229 misceri
2919 2214 2934 2238 ,
2975 2170 3021 2226 si
3051 2166 3450 2237 incorrigibiles
3478 2178 3750 2235 apparue-

2175 2269 2303 2335 rint,
2333 2277 2626 2337 antequam
2659 2281 2761 2321 suo
2792 2263 3211 2319 reconcilientur
3238 2258 3486 2324 doctori,
3536 2269 3746 2327 praesu—

2176 2370 2321 2415 mat:
2359 2360 2622 2430 quoniam
2641 2357 2687 2390 ⁸³
2732 2365 2841 2412 tam
2865 2356 2911 2387 “
2947 2354 3293 2418 sacerdotes,
3343 2365 3507 2420 quam
3552 2345 3747 2416 reliqui

2175 2453 2358 2509 ﬁdeles
2383 2466 2595 2516 omnes,
2621 2464 2892 2506 summam
2917 2463 3104 2505 curam
3132 2446 3332 2501 habere
3352 2444 3553 2500 debent
3574 2444 3640 2499 de
3662 2444 3746 2498 bis

2173 2544 2266 2616 qui
2289 2551 2536 2614 pereunt,
2568 2550 2840 2611 quatenus
2869 2555 3061 2595 eorum
3090 2537 3476 2605 redargutione
3507 2545 3605 2590 aut
3631 2551 3748 2590 cor.

2177 2638 2424 2708 rigantur
2446 2650 2476 2687 a
2498 2631 2767 2703 peccatis,
2794 2640 2908 2695 aut,
2950 2631 2996 2685 si
3038 2630 3439 2701 incorrigibiles
3480 2644 3747 2699 apparue-

2176 2728 2301 2794 rint,
2326 2726 2396 2781 ab
2418 2723 2663 2781 Ecclesia
2685 2731 3027 2792 separentur.

2245 2837 2291 2871 "
2318 2836 2395 2893 Ita
2427 2851 2558 2909 ergo
2583 2836 2629 2867 "
2655 2836 2847 2891 beatus
2872 2833 3123 2904 princeps
3145 2833 3519 2903 apostolorum
3557 2830 3746 2887 Petrus

2175 2932 2242 2987 de
2283 2942 2473 2986 sancto
2511 2928 2913 2999 pratdecessore
2950 2936 3140 2981 nostro
3186 2924 3470 2979 Clemente
3500 2924 3747 2994 plebibus

2177 3021 2524 3093 praedicando
2549 3061 2564 3085 ,
2610 3019 2832 3089 quando
2880 3018 3112 3073 docebat
3139 3033 3234 3073 eas
3265 3017 3503 3088 qualiter
3533 3017 3584 3071 ei
3624 3016 3749 3070 obe-

500 3104 632 3176 quio
655 3097 888 3163 sociati,
922 3104 976 3150 et
1003 3093 1317 3150 sacerdotes
1362 3089 1603 3154 sacrati,
1654 3096 1715 3143 ut
1763 3086 2075 3143 fructuosos
2102 3120 2143 3176 ο
2178 3086 2294 3170 mre
2344 3086 2647 3177 deberem"
2696 3125 2933 3181 eumque
2988 3086 3319 3175 Observare"
3368 3108 3511 3163 inter
3556 3118 3747 3163 canem

503 3197 580 3252 illi
607 3192 919 3262 manipulos
942 3196 1284 3258 reportemus
1304 3226 1319 3252 ,
1352 3191 1683 3253 cooperante
1722 3182 1896 3251 gratia
1928 3181 2070 3251 ejus.

503 3290 549 3321 "
570 3286 803 3341 Necesse
826 3289 910 3338 est
938 3280 1086 3335 enim
1110 3322 1126 3345 ,
1161 3286 1221 3331 ut
1248 3285 1489 3331 rectores
1517 3289 1549 3329 a
1578 3273 1813 3328 subditis
1841 3274 2075 3329 timean-

504 3390 615 3440 tur,
645 3377 715 3431 ab
742 3375 987 3445 ipsisque
1010 3369 1356 3439 corrigantur
1380 3408 1395 3433 ,
1427 3375 1487 3420 ut
1514 3366 1753 3421 humana
1788 3365 2078 3420 formidine

504 3486 733 3546 peccare
757 3474 1022 3532 metuant,
1050 3462 1145 3534 qui
1170 3460 1353 3517 divina
1375 3459 1580 3530 judicia
1615 3474 1725 3514 non
1754 3458 2074 3514 formidant.

507 3567 553 3600 ’ν
581 3562 890 3618 Deteriores
912 3556 1118 3628 quippe
1139 3561 1291 3617 sunt,
1315 3552 1409 3621 qui
1442 3551 1731 3606 doctorum
1757 3550 1924 3605 vitam
1956 3565 2077 3605 mo-

504 3671 704 3727 resque
745 3656 1145 3718 corrumpunt,
1185 3644 1272 3701 bis
1314 3643 1410 3712 qui
1453 3642 1793 3699 substantias
1841 3643 2076 3699 aliorum

505 3744 881 3823 praediaque”
914 3740 1198 3809 diripiunt.
1246 3734 1353 3805 Ipsi
1404 3732 1614 3788 enim"
1662 3750 1726 3788 ea
1771 3750 1892 3804 quae
1920 3743 2075 3791 extra

505 3858 604 3903 nos
630 3881 647 3908 ,
694 3839 823 3895 licet
853 3843 1041 3890 nostra
1073 3836 1203 3886 sunt
1223 3867 1240 3893 ,
1287 3824 1580 3881 auferunt:
1620 3826 1790 3882 nostri
1825 3836 2006 3881 autem
2030 3828 2074 3858 ³ο

502 3937 860 3997 detractores,
889 3936 944 3983 et
970 3938 1181 3981 morum
1208 3928 1563 3988 corruptores
1590 3927 1929 3985 nostrorum,
1962 3918 2077 3974 sive

504 4030 596 4099 qui
625 4022 888 4081 adversth
918 4035 1019 4075 nos
1051 4028 1337 4073 armantur
1362 4059 1377 4084 ,
1422 4013 1641 4085 proprie
1671 4028 1772 4067 nos
1800 4012 1952 4082 ipsos
1978 4013 2075 4067 dc-

505 4114 814 4186 ccrpunt“.
845 4111 913 4164 Et
934 4110 1057 4165 ideo
1078 4109 1229 4179 juste
1263 4107 1494 4162 infames
1525 4111 1674 4167 sunt,
1705 4112 1758 4157 et
1786 4102 1982 4158 merito
2008 4102 2077 4157 ab

504 4207 751 4264 Ecclesia
780 4201 1026 4259 eitorres
1065 4201 1221 4255 fiunt.
1246 4200 1289 4230 “
1330 4194 1679 4251 Pro’meritis
1715 4209 1845 4264 ergo
1881 4194 2076 4263 plebis,

507 4315 649 4370 saepe
671 4305 919 4367 pastores
948 4293 1316 4363 depravantur
1342 4287 1601 4343 Ecclesia:
1627 4327 1642 4352 ,
1683 4294 1742 4339 ut
1781 4286 2076 4356 proclivius

507 4397 771 4445 corruant
813 4386 909 4456 qui
958 4378 1287 4452 sequuntur.
1318 4378 1506 4447 Capite
1536 4375 1789 4431 videlicet
1856 4374 2077 4443 langue.

2178 3206 2357 3261 ait":
2397 3222 2418 3257 ι
2455 3202 2515 3259 Si
2563 3202 2820 3258 inimicus
2862 3210 2945 3257 est
2984 3201 3149 3257 alicui
3195 3216 3293 3270 pro
3340 3201 3556 3256 actibus
3597 3200 3745 3263 suis,

2179 3316 2275 3355 vos
2306 3298 2473 3353 nolite
2501 3305 2842 3367 exspectare,
2876 3303 2936 3350 ut
2964 3295 3079 3364 ipse
3108 3294 3266 3349 vobis
3292 3293 3460 3348 dicat.
3492 3292 3632 3348 Cum
3658 3294 3748 3347 illo

2178 3392 2344 3447 nolite
2372 3389 2535 3445 amici
2564 3403 2719 3443 esse:
2755 3388 2848 3443 sed
2880 3387 3175 3457 prudenter
3199 3385 3492 3441 observare
3517 3383 3747 3449 debetis,

2176 3490 2231 3537 et
2266 3479 2539 3536 voluntati
2592 3478 2713 3549 ejus
2762 3478 2969 3548 absque
3011 3477 3441 3533 commonitione
3482 3475 3751 3531 obsecun-

2177 3572 2337 3637 dare,
2365 3580 2419 3626 et
2448 3575 2695 3625 avertere
2722 3583 2823 3624 vos
2851 3569 2920 3623 ab
2949 3584 3045 3634 eo,
3082 3568 3172 3623 cui
3204 3569 3383 3637 ipsum
3411 3567 3627 3623 sentitis
3656 3567 3752 3622 ad-

2178 3678 2429 3718 versum:
2455 3662 2547 3717 sed
2573 3677 2674 3716 nec
2694 3661 2845 3731 loqui
2868 3660 2953 3716 bis
2983 3660 3183 3730 quibus
3214 3660 3331 3731 ipse
3350 3676 3460 3715 non
3485 3660 3747 3730 loquitur,

2179 3763 2237 3810 ut
2282 3753 2664 3824 unusquisque
2713 3753 2807 3823 qui
2839 3754 2892 3806 in
2925 3752 3084 3821 culpa
3128 3762 3245 3815 est,
3278 3754 3406 3807 dum
3456 3753 3605 3821 cupit
3633 3768 3751 3806 om-

2179 3844 2331 3898 nium
2361 3853 2602 3898 vestrum
2632 3843 2906 3898 amicitias
2935 3843 3098 3903 ferre,
3131 3842 3351 3897 lestinet
3376 3844 3538 3899 citius
3558 3858 3749 3898 recen-

2178 3937 2353 3992 ciliari
2386 3937 2437 3992 ei
2468 3937 2562 4007 qui
2588 3936 2846 3992 omnibus
2874 3944 3088 4006 praeest,
3120 3948 3179 3990 ut
3210 3951 3304 4005 per
3336 3935 3440 3990 hoc
3472 3936 3654 3991 redeat
3681 3937 3745 3990 ad

2180 4030 2432 4091 salutem,
2462 4043 2585 4083 cum
2618 4028 2841 4081 obedire
2872 4028 3099 4097 cmperit
3130 4028 3352 4082 monitis
3385 4028 3743 4092 praesidentis.

2180 4119 2237 4175 Si
2261 4135 2391 4175 vero
2419 4119 2545 4190 quis
2569 4120 2780 4174 amicus
2809 4119 2973 4190 fuerit
2998 4120 3084 4173 his
3108 4119 3311 4188 quibus
3340 4118 3454 4188 ipse
3489 4134 3594 4173 non
3634 4128 3743 4180 est,

2176 4221 2231 4266 et
2269 4188 2485 4266 locutus
2541 4209 2708 4265 fuerit
2758 4211 2842 4264 his
2888 4188 3091 4279 quibus
3141 4211 3256 4279 ipse
3308 4226 3419 4265 non
3470 4209 3743 4278 loquitur,

2178 4318 2321 4358 unus
2344 4309 2429 4357 est
2456 4312 2509 4357 et
2539 4301 2654 4371 ipse
2686 4317 2753 4356 ex
2785 4302 2891 4355 illis
2922 4302 3016 4371 qui
3048 4301 3416 4355 exterminare
3446 4300 3538 4357 Dei
3563 4300 3744 4355 Eccle-

2178 4396 2315 4450 siam
2343 4394 2570 4459 volunt;
2611 4412 2631 4445 ι
2667 4404 2723 4448 et
2744 4395 2971 4463 reliqua.
3014 4391 3113 4448 llis
3156 4393 3388 4463 aliisque
3430 4409 3594 4464 quam
3624 4394 3742 4463 plu—

493 4486 696 4544 scente,
717 4478 931 4531 facilius
960 4474 1170 4543 reliqua
1202 4470 1442 4526 membra
1470 4468 1715 4537 corporis
1738 4466 2071 4533 inliciuntur,
2109 4479 2148 4530 ο
2177 4487 2333 4543 rimis
2380 4486 2724 4542 documenﬁs
2747 4527 2763 4553 ’
2817 4485 2981 4541 facile
3036 4486 3413 4556 unusquisque
3468 4485 3745 4539 adverwre

512 4580 569 4624 ut
594 4569 857 4637 scriptum
887 4574 1009 4620 est:
1047 4564 1214 4618 Omne
1257 4570 1415 4630 caput
1462 4559 1811 4629 languidum,
1842 4567 1891 4612 et
1924 4574 2072 4611 omne

510 4678 601 4717 cor
626 4675 868 4714 mwrens.
910 4660 954 4712 A
983 4660 1169 4727 planta
1192 4654 1339 4725 pedis
1367 4670 1529 4725 usque
1558 4653 1627 4706 ad
1656 4652 1899 4707 verticem
1932 4652 2081 4720 capi-

510 4755 602 4817 tis,
631 4768 735 4807 non
761 4758 838 4803 est
869 4750 925 4802 in
952 4764 1012 4802 eo
1043 4747 1244 4801 sanitas
1264 4745 1328 4799 ³³.
1355 4743 1695 4815 Quapropter
1728 4742 2077 4798 manifestum

510 4856 616 4914 est,
643 4842 922 4900 diabolum
954 4841 1066 4911 (qui
1092 4841 1228 4893 sicut
1260 4837 1341 4891 leo
1385 4840 1593 4908 rugiens
1624 4837 1813 4891 circuit
1841 4852 2079 4905 quarens

509 4955 663 5010 quem
690 4936 854 5006 possit
884 4934 1137 4989 devorare
1154 4931 1219 5001 “)
1249 4930 1506 4985 cordibus
1540 4930 1779 5000 plebium
1810 4927 2076 4992 suadere,

514 5042 573 5087 ut
596 5032 848 5085 doctores
876 5037 1041 5096 atque
1069 5032 1318 5096 pastores
1348 5036 1478 5077 suos
1507 5020 1938 5075 detractionibus
1988 5036 2078 5074 ac-

592 5243 749 5296 ”ms.
794 5240 1016 5309 factum,
1059 5233 1196 5289 forte
1232 5232 1442 5312 fatum‘,‘
1476 5238 1539 5312 .et
1570 5233 1637 5312 ab
1691 5246 1773 5312 eo.
1810 5231 2005 5312 absunt
2031 5232 2151 5288 dua:
2187 5250 2475 5312 sequentes
2500 5258 2660 5297 voces
2686 5244 2919 5296 omnium
2947 5241 3319 5297 Erctesiarum.

512 5298 853 5367 Accusatores
885 5298 1058 5369 autem
1087 5314 1135 5358 et
1169 5298 1341 5356 testes.
1381 5299 1446 5353 Et
1476 5301 1527 5353 in
1565 5300 1699 5354 Decr
1756 5298 1866 5354 Ivo.
1901 5305 1993 5355 lib.
2040 5318 2111 5357 tv.

514 5401 613 5436 non
645 5382 877 5437 atmulat.
957 5378 1157 5431 “Idem
1194 5391 1258 5442 ep
1320 5375 1366 5426 ι.
1409 5388 1454 5426 c.
1485 5372 1569 5425 11.
1646 5372 1691 5403 ⁸⁸
1713 5369 1770 5425 8.
1803 5370 1960 5443 Greg.
2011 5372 2163 5429 Past.
2200 5393 2249 5448 p.
2281 5398 2339 5446 ιι,
2372 5400 2420 5437 c.
2447 5385 2495 5437 ϐ,
2576 5369 2711 5449 ’τ’νι,
2738 5400 2791 5453 q.
2822 5385 2872 5447 1,
2899 5383 3194 5437 Βειενὶοτεδ
3216 5369 3358 5436 sum.

514 5455 661 5508 Sent.
700 5470 784 5513 tu,
819 5452 905 5507 38.
1010 5450 1053 5481 ²⁹
1076 5464 1175 5501 ms.
1222 5452 1467 5517 autem:
1519 5442 1685 5517 "ius.
1723 5458 1966 5517 quoques
2042 5444 2367 5517 “decipiunt
2426 5453 2582 5516 alias,
2604 5454 2884 5517 diripiunt.
2977 5455 3021 5485 ³³
3042 5453 3099 5508 8.
3162 5453 3284 5507 Isid.
3340 5470 3358 5507 s

514 5455 661 5508 Sent.
700 5470 784 5513 tu,
819 5452 905 5507 38.
1010 5450 1175 5501 "ius.
1222 5452 1417 5496 autem.
1448 5511 1461 5513 _
1519 5442 1685 5513 “gms.
1723 5442 1942 5510 quoque.

515 5525 696 5578 “Isai.
743 5511 782 5588 i,
823 5520 875 5584 5,
916 5524 967 5576 6.
1044 5518 1124 5569 “1
1171 5517 1333 5588 Pctr._
1351 5529 1404 5577 v,
1439 5511 1496 5588 8._
1566 5511 1853 5588 “irrogent
1890 5514 1984 5588 uel.

515 5594 702 5648 (Iliam.
781 5595 823 5626 ”
843 5592 976 5647 Gen.
1004 5607 1080 5646 ix.

516 5662 697 5716 “Isid.
724 5665 848 5719 Sent
903 5678 983 5725 ιιι,
1022 5663 1109 5715 46.

516 5736 720 5789 decret.
750 5732 946 5789 Leonis
981 5748 1148 5801 papae.

1228 5712 1392 5779 “ius.
1428 5712 1517 5777 Ait
1547 5739 1689 5793 ergo.
1769 5712 1810 5754 "
1828 5739 1927 5780 ms.
1950 5712 2058 5779 'ita.

1642 5523 1853 5592 rrogent
1890 5517 1998 5592 uel:
2092 5517 2136 5592 'f
2161 5518 2547 5592 languentibus.

1159 5585 1270 5639 “In
1296 5583 1448 5637 Decr.
1476 5585 1589 5641 Ivo.
1619 5582 1712 5635 lib.
1740 5598 1808 5635 tv.
1889 5583 2087 5639 “Idem
2112 5584 2235 5643 Isid.

1188 5658 1231 5691 ⁸³
1246 5654 1415 5724 Epist.
1449 5667 1471 5707 ι
1502 5694 1517 5718 ,
1548 5651 1613 5706 ad
1660 5651 1920 5724 Jacnbum
1946 5697 1959 5720 ,
1996 5669 2059 5709 ex
2100 5662 2150 5710 in

2177 4588 2356 4648 potest
2396 4579 2633 4649 qualiter
2675 4578 2901 4634 obedire
2930 4590 2985 4634 et
3012 4579 3391 4648 obtemperare
3421 4578 3584 4633 debet
3611 4593 3743 4648 pra:-

2184 4670 2379 4739 positis
2408 4671 2545 4737 suis,
2570 4680 2626 4727 et
2649 4672 2883 4741 qualiter
2912 4672 3056 4726 circa
3084 4687 3179 4726 eos
3208 4671 3477 4741 agendum
3505 4671 3598 4735 sit,
3629 4671 3745 4741 qui-

2176 4761 2277 4815 bus
2306 4760 2409 4830 ipsi
2444 4769 2542 4816 aut
2569 4763 2731 4817 amici
2766 4769 2929 4827 sunt,
2968 4772 3063 4816 aut
3095 4761 3339 4817 inimici-
3366 4760 3423 4817 Si
3451 4764 3576 4832 quis
3605 4764 3740 4817 enim

2177 4852 2291 4907 haec
2329 4865 2596 4926 praecepta
2627 4870 2736 4910 non
2773 4857 3189 4921 observaverit,
3234 4857 3409 4911 hostis
3442 4864 3527 4911 est
3555 4857 3744 4911 animat

2175 4956 2323 5007 suae:
2354 4953 2409 4999 et
2432 4960 2544 5000 non
2570 4955 2779 5001 tantum
2812 4945 3031 5002 infamis
3054 4988 3069 5012 ,
3099 4948 3192 5002 sed
3222 4955 3275 4999 et
3302 4947 3742 5002 excommunica-

2175 5043 2288 5101 tus,
2324 5047 2488 5107 atque
2531 5039 2741 5096 alienus
2774 5039 2843 5093 ab
2870 5038 3113 5095 Ecclesia
3144 5038 3444 5105 eiiiciatur;
3489 5040 3737 5109 quoniam

3425 5245 3471 5277 "
3490 5260 3572 5307 nt,
3604 5260 3653 5313 q.
3686 5242 3736 5304 5,

2885 5315 2950 5344 ”‘
2971 5313 3026 5367 8.
3058 5315 3190 5368 (lati.
3217 5328 3303 5381 ep.
3328 5313 3383 5367 ἓ.
3462 5313 3508 5346 ²⁸
3528 5330 3629 5368 ms.
3687 5322 3735 5365 ut

2899 5383 3194 5437 Deteriores
3216 5395 3358 5436 sunt.
3464 5385 3509 5419 ”
3526 5383 3584 5439 8.
3616 5383 3733 5439 Isid.

3162 5453 3284 5507 Isid.
3340 5465 3481 5508 sent.
3528 5471 3611 5515 ιιι,
3651 5456 3731 5507 23.

3133 5526 3253 5577 ³⁸11.
3284 5540 3337 5577 ιι.
3370 5524 3400 5577 7
3424 5567 3437 5577 .
3472 5525 3731 5577 Sententia

2905 5525 3029 5581 Isid.
3133 5526 3337 5648 “n.1q.
3370 5525 3400 5577 7
3424 5567 3437 5588 ,
3472 5525 3731 5580 Sententia

2871 5596 2915 5627 ⁸³
2937 5612 3085 5657 xxrv,
3111 5612 3166 5663 q.
3194 5596 3248 5664 5,
3315 5612 3399 5647 am
3425 5598 3729 5649 sacerdotes.

2216 5308 2261 5339 "
2281 5310 2336 5363 S.
2369 5314 2559 5366 Atnbr.
2585 5330 2670 5379 ep.
2696 5314 2783 5366 δι.

2977 5455 3021 5485 ³³
3042 5453 3099 5508 8.

2630 5526 2671 5557 ³⁷
2710 5524 2855 5579 Idem
2905 5524 3029 5581 Isid.

2314 5595 2356 5626 "
2375 5594 2719 5657 Psal.t.xxxr,
2743 5596 2793 5648 I.

2158 5665 2543 5745 lvrpretatione
2604 5666 2803 5733 Rufini,
2830 5674 2884 5723 et
2910 5666 3037 5721 dist.
3060 5666 3157 5727 95,
3182 5667 3239 5722 Si
3271 5666 3536 5736 inimicus,
3588 5677 3638 5721 et
3682 5668 3728 5716 iu
