3996 6316
303 298 401 355 sl'l

1709 300 2094 361 EPISTOLE.

3435 299 3539 356 8l8

305 433 523 474 necesse
548 426 631 473 est
659 431 721 472 ea
750 414 876 470 vitia
903 414 1050 470 ferro
1091 414 1411 472 abscindere
1446 432 1567 487 quae
1602 416 1724 473 aliis
1758 434 1872 473 me-
1902 424 1947 479 Α
1975 418 2108 474 mini
2154 418 2403 475 noceatis
2429 460 2445 487 ,
2494 429 2765 490 quaenus
2798 427 2853 474 et
2891 419 2959 474 ab
2987 418 3301 474 hominibus
3342 419 3537 473 bonam

303 511 665 567 dieaminibus
709 524 818 563 non
865 518 1148 564 sanantur.
1194 506 1388 564 Pareat
1423 509 1804 580 unusquisque
1838 526 1869 564 a

304 602 631 659 laceratione
652 599 735 655 vel
753 599 801 631 ⁸⁸
824 600 1162 656 detractione
1193 600 1391 667 linguae
1417 615 1550 665 suae,
1576 608 1871 670 caveatque

303 712 369 751 ne
395 704 488 749 aut
515 694 755 764 linguam
781 697 875 746 aut
902 706 1063 746 aures
1092 689 1290 745 habeat
1324 690 1654 761 prurientes,
1682 690 1733 745 id
1764 700 1868 757 est,

302 804 369 844 ne
412 795 508 843 aut
556 787 681 841 aliis
712 786 974 856 deroget,
1011 784 1370 853 detrahatque
1413 783 1869 852 quibuscunque,

302 891 396 937 aut
426 881 563 935 alios
593 880 777 934 audiat
805 879 1129 950 derogantes
1159 877 1244 932 vel
1275 876 1658 932 detrahentes:
1685 884 1872 932 custo-

301 975 525 1044 diatque
553 973 789 1043 quisque
821 986 1103 1027 sermones
1131 985 1285 1036 suos,
1313 978 1369 1025 et
1399 969 1556 1035 sciat,
1586 969 1714 1039 quia
1748 969 1872 1039 qui-

300 1081 518 1135 cunque
546 1065 613 1120 de
636 1065 762 1120 aliis
793 1062 1056 1134 loquitur,
1081 1077 1178 1117 sua
1215 1061 1480 1117 sententia
1506 1060 1868 1130 judicabitur.

294 1158 498 1212 Caveat
520 1156 683 1212 etiam
708 1156 888 1210 omnis
910 1154 1117 1220 ﬁdelis,
1158 1169 1227 1209 ne
1269 1153 1581 1225 derogando
1623 1152 1769 1223 quod
1815 1152 1868 1207 in

293 1253 464 1306 domo
492 1250 816 1320 cujusquam
848 1248 1062 1318 agitur,
1095 1247 1200 1301 alia
1229 1245 1427 1301 domus
1461 1260 1559 1315 per
1600 1260 1726 1299 eum
1769 1259 1870 1299 co-

292 1351 525 1415 gnoscat
546 1386 563 1413 ,
595 1343 689 1399 sed
733 1343 977 1397 omnium
1016 1339 1456 1395 Christianorum
1487 1338 1680 1393 domos
1712 1339 1866 1408 quasi

291 1438 549 1506 proprias
580 1442 743 1489 amet.
777 1431 947 1488 Nemo
974 1432 1117 1487 enim
1156 1431 1325 1486 invito
1365 1431 1601 1485 auditori
1638 1430 1871 1484 libenter

289 1528 483 1583 refert.
519 1527 709 1598 Sitque
746 1525 1183 1595 uniuscujusque
1220 1523 1460 1578 studium
1487 1564 1501 1591 ,
1536 1538 1647 1577 non
1688 1522 1866 1577 solum

288 1622 489 1676 oculos
515 1630 698 1676 castos
727 1634 966 1683 servare,
999 1617 1093 1672 sed
1125 1625 1179 1671 et
1209 1615 1473 1686 linguam.
1509 1612 1621 1669 Vos
1654 1623 1862 1679 autem,

288 1713 608 1769 charissimi
634 1752 650 1778 ,
682 1712 773 1782 qui
803 1711 937 1766 estis
966 1710 1067 1766 sub
1094 1708 1312 1764 Domini
1342 1707 1629 1777 disciplina
1654 1705 1857 1761 consti-

287 1807 420 1873 tuti,
448 1805 528 1861 sic
557 1820 655 1860 vos
682 1803 953 1869 exhibete,
992 1812 1051 1857 ut
1082 1800 1195 1855 veri
1229 1799 1468 1855 ministri
1498 1808 1552 1854 et
1568 1798 1613 1830 δ’
1641 1798 1863 1869 dispen-

286 1909 506 1955 satores
552 1897 933 1971 mysteriorum
980 1894 1098 1966 ejus
1120 1894 1203 1962 '°,
1262 1902 1322 1949 ut
1369 1908 1477 1947 non
1528 1890 1865 1961 vituperetur

285 1989 657 2044 ministerium
681 1996 946 2053 vestrum,
975 2001 1041 2040 ne
1072 1986 1162 2039 iiat
1195 1985 1247 2039 in
1276 1982 1429 2039 vobis
1454 2027 1468 2050 ,
1524 1980 1685 2037 siculi
1726 1984 1861 2034 scrt-

283 2094 443 2155 ptum
476 2093 589 2138 est:
618 2081 683 2135 Et
710 2082 808 2137 erit
838 2082 972 2135 sicut
996 2080 1218 2151 populus
1237 2120 1263 2149 ,ﬁ
1288 2081 1365 2132 sic
1395 2076 1638 2131 sacerdos
1655 2075 1745 2129 '°‘.
1770 2071 1861 2129 Sic

282 2175 440 2233 enim
466 2191 561 2231 vos
581 2215 597 2241 ,
628 2182 978 2243 vestrosque,
1019 2181 1075 2227 et
1099 2177 1327 2226 cunctos
1358 2167 1611 2238 corripite
1630 2208 1646 2234 ,
1678 2176 1738 2221 ut
1766 2182 1862 2221 ne-

1980 510 2281 583 acquiratis
2321 512 2521 568 famam
2550 553 2564 579 ,
2597 522 2649 567 et
2680 528 2711 566 a
2734 511 2847 567 Deo
2878 514 3144 570 mercedis
3174 514 3452 583 praemium
3489 517 3539 568 in

1972 613 2174 659 {eterna
2205 604 2540 683 beatitudine
2572 604 2847 675 percipere
2874 606 3214 661 mcreamini.
3245 603 3310 659 Et
3338 605 3381 660 si
3410 606 3540 675 quid

1974 695 2189 750 adversi
2221 696 2287 751 de
2314 696 2523 751 unitate
2551 694 2807 751 Ecclesié
2836 697 3112 762 acciderit,
3141 698 3403 753 radicitus
3429 713 3543 752 am-

1974 796 2212 857 putetur,
2242 796 2299 841 ut
2325 786 2415 842 Dei
2441 786 2679 843 Ecclesia
2702 833 2715 856 ,
2766 789 3083 860 fructusque
3113 806 3391 846 servorum
3421 792 3541 862 ejus

1972 888 2230 933 maneant
2257 880 2604 937 inconcussa.
2640 878 2865 950 Propter
2890 882 3049 952 quod,
3079 884 3396 949 charissimi,
3450 900 3544 937 ex-

1978 979 2274 1038 spectantes
2311 972 2561 1041 satagite,
2603 972 2933 1027 immarulati
2970 975 3018 1029 ei
3062 978 3277 1029 inveniri
3307 977 3363 1029 in
3393 994 3538 1045 pace,

1970 1070 2021 1117 et
2052 1061 2267 1115 Domini
2296 1064 2462 1116 nostri
2494 1061 2623 1117 Iesu
2657 1063 2859 1118 Christi
2902 1064 3353 1135 longanimitatem
3390 1069 3539 1123 salu-

1973 1165 2076 1210 tem
2107 1154 2452 1208 arbitramini
2476 1156 2543 1211 ⁸¹.
2582 1154 2763 1209 Estote
2804 1173 2924 1227 ergo
2957 1159 3273 1226 prudentes,
3322 1171 3371 1215 et
3410 1163 3543 1232 vigi-

1972 1246 2078 1301 late
2127 1246 2180 1301 in
2224 1246 2592 1300 orationibus:
2620 1258 2740 1301 ante
2784 1248 3175 1317 antnia'autem
3218 1262 3451 1305 mutuam
3489 1254 3539 1306 in

1972 1338 2353 1408 nobismetipsis
2399 1338 2710 1392 charitatem
2751 1342 3069 1394 continuam
3102 1343 3378 1407 habentes;
3413 1349 3539 1415 quia

1972 1433 2208 1485 charitas
2241 1432 2403 1500 operit
2436 1432 2830 1486 multitudinem
2857 1444 3212 1503 peccatorum.
3242 1436 3541 1506 Ilospitales

1972 1525 2191 1579 invicem
2223 1525 2335 1577 sine
2366 1526 2804 1580 murmuratione.
2848 1525 3247 1598 Unusquisque,
3280 1531 3415 1583 sicut
3447 1548 3540 1584 ae-

1970 1617 2105 1687 cepit
2150 1617 2380 1687 gratiam
2401 1659 2415 1683 ,
2457 1617 2509 1670 in
2541 1617 2857 1670 alterutrum
2888 1618 3038 1672 illam
3071 1622 3535 1688 administrantes,

1969 1709 2106 1761 sicut
2146 1706 2267 1761 boni
2306 1708 2691 1778 dispensatores
2734 1709 3077 1779 multiformis
3109 1714 3295 1782 gratia:
3332 1713 3444 1767 Dei.
3477 1712 3536 1768 Si

1971 1799 2086 1869 quis
2115 1798 2369 1869 loquitur,
2404 1799 2539 1853 sicut
2567 1816 2828 1855 sermones
2858 1801 2992 1856 Dei:
3022 1804 3068 1856 si
3097 1805 3214 1875 quis
3245 1806 3534 1869 ministrat,

1973 1897 2227 1961 tanquam
2254 1906 2319 1946 ex
2348 1892 2577 1959 virtute,
2610 1908 2768 1962 quam
2800 1893 3142 1948 administrat
3174 1895 3311 1951 Deus
3336 1938 3351 1963 ,
3389 1906 3443 1949 ut
3484 1900 3535 1953 in

1972 1984 2214 2037 omnibus
2244 1983 2623 2053 honori/iretur
2671 1981 2807 2037 Deus
2830 2025 2845 2049 ,
2888 2001 2979 2054 per
3013 1984 3197 2040 Iesum
3234 1987 3536 2055 Christum,

1968 2076 2054 2128 cui
2100 2084 2176 2128 est
2226 2075 2399 2146 gloria
2441 2085 2489 2130 et
2539 2077 2813 2144 imperium
2857 2077 2914 2131 in
2962 2081 3158 2134 stecula
3202 2082 3539 2139 sazculorum.

1970 2169 2132 2221 Amen
2150 2167 2215 2219 ".

300 2352 3100 2383 _______________________._________.____.___.

946 2482 1197 2576 DUO
1274 2482 1817 2573 DECRETA
1904 2478 2494 2573 ANACLETI
2574 2478 2910 2571 PAPJE

1657 2678 1747 2737 EX
1794 2674 2167 2735 GRATIANO.

360 2827 540 2894 Quare
562 2829 688 2884 laici
714 2832 770 2887 in
796 2832 1134 2887 accusatione
1164 2832 1526 2903 episcoporum
1554 2843 1654 2883 non
1684 2844 1784 2881 au-

954 2905 1194 2958 diuntur.

1964 2836 2158 2879 omnes
2184 2821 2448 2891 episcopi,
2476 2820 2571 2891 qui
2604 2818 2771 2892 hujus
2797 2820 3109 2892 apostolica:
3138 2819 3283 2877 sedis
3310 2819 3533 2875 ordina—

1965 2915 2099 2971 tioni
2127 2913 2430 2984 subjacent,
2460 2920 2513 2968 et
2535 2912 2629 2983 qui
2655 2913 2947 2983 propinqui
2978 2919 3140 2980 sunt,
3172 2927 3352 2966 annue
3384 2910 3533 2966 circa

358 2992 412 3025 ’³
435 2992 582 3047 Laici
610 2993 663 3048 in
694 2996 1039 3051 accusatione
1060 2995 1441 3065 episcoporum
1468 2991 1723 3049 audiendi
1748 3006 1856 3046 ηοιι
1887 3039 1929 3098 C
1963 3007 2089 3063 ldus
2120 3005 2246 3060 Maii
2274 3012 2588 3061 sanctorum
2613 3005 2926 3076 principum
2955 3005 3096 3060 Petri
3128 3015 3182 3061 et
3209 3003 3361 3059 Pauli
3389 3003 3534 3057 limi-

276 3094 438 3152 sunt,
466 3086 597 3156 quia
625 3088 824 3157 Oppido
862 3088 942 3143 eis
970 3088 1189 3158 quidam
1221 3086 1402 3143 infesti
1433 3096 1580 3143 sunt.
1614 3086 1679 3141 Et
1710 3086 1857 3143 indi-

274 3193 457 3248 gnum
489 3186 571 3232 est
599 3187 656 3233 ut
686 3178 754 3233 ab
781 3178 860 3235 eis
889 3188 1237 3247 accusentur,
1269 3178 1362 3250 qui
1393 3194 1586 3236 eorum
1620 3178 1858 3250 gravita-

274 3279 395 3325 tem
422 3270 612 3325 nolunt
637 3272 857 3326 imitari.

274 3380 526 3451 Singulis
541 3387 710 3459 annis
739 3385 1095 3459 apostolorum
1130 3388 1317 3441 limina
1347 3389 1559 3459 visitent
1591 3388 1854 3459 episcopi,

463 3454 553 3522 qui
588 3456 1005 3509 ordinationibus
1053 3458 1357 3529 apostolicis
1385 3454 1676 3528 subjacent.

357 3545 408 3577 “
428 3544 593 3603 Juxta
618 3560 937 3605 sanctorum
957 3550 1183 3607 Patrum
1204 3562 1257 3609 et
1279 3568 1551 3611 canonum
1583 3554 1854 3621 instituta,

1964 3100 2126 3154 nibus
2171 3105 2567 3168 praesententur
2592 3138 2608 3165 ,
2636 3098 2785 3153 omni
2813 3097 3102 3153 occasione
3139 3097 3397 3168 seposita.
3425 3095 3531 3163 Qui

1962 3206 2093 3245 vero
2122 3189 2188 3244 de
2216 3188 2514 3260 longinquo
2546 3199 2692 3259 sunt,
2720 3190 2876 3261 juxta
2915 3190 3337 3264 chirographum
3368 3206 3530 3245 suum

1963 3282 2241 3353 impleant.
2312 3280 2415 3348 Qui
2482 3290 2663 3337 autem
2738 3282 3054 3353 liujusmodi
3125 3281 3530 3337 constitutionis

1963 3380 2311 3443 contemptor
2370 3373 2678 3436 exstiterit,
2734 3382 3093 3443 praeterquam
3146 3372 3193 3428 si
3248 3371 3529 3443 tegritudi-

1960 3479 2029 3520 ne
2076 3462 2242 3518 fuerit
2287 3464 2578 3531 detentus,
2628 3464 2767 3520 sciat
2818 3479 2877 3521 se
2925 3463 3204 3520 canonicis
3245 3463 3533 3534 subjacere

1959 3555 2282 3612 sententiis..

361 3681 479 3771 :‘ln
525 3700 611 3755 ep.
647 3685 798 3771 2_D.
844 3686 1061 3746 Hieron.
1105 3692 1200 3771 .ad
1258 3691 1653 3771 Nepotianum,
1678 3695 1837 3767 cujus
1886 3697 2230 3771 verbaﬂmire
2276 3695 2929 3771 deformatamangonio
2967 3698 3141 3771 nostri
3155 3697 3522 3771 “Mercatoris.

262 3754 313 3860 Ξ
348 3753 520 3860 ZIa’cli;
703 3756 885 3860 δύη-0
916 3753 1445 3860 more.in_terpol§ita.
1500 3763 1589 3849 ξοι
1614 3753 1764 3822 Cor:
1791 3782 1893 3860 IV,”
1897 3767 1948 3821 1.

833 3847 894 3913 tt,
928 3842 1118 3900 quaest.
1152 3836 1204 3899 7,
1250 3835 1401 3913 [ιρὶεὶ
1428 3836 1809 3913 episcoporum.
1852 3836 2208 3913 Eadgmgl’ere
2232 3839 2395 3894 verba
2433 3840 2705 3897 habentur
2732 3841 2786 3897 in
2824 3835 3054 3913 epistola
3095 3836 3311 3897 Eusebii
3353 3854 3522 3909 μωρίη.

261 3832 335 3880 tr.
388 3842 462 3891 tv,
489 3826 541 3890 7,
566 3828 647 3881 Η.

2041 3770 2110 3800 ⁸ο·
2150 3767 2255 3825 lsa.
2282 3785 2431 3834 xxw,
2457 3769 2511 3824 2.
2587 3766 2693 3822 l“ll
2722 3766 2863 3827 Pétr.
2893 3784 2977 3837 tu,
3007 3767 3209 3837 14,15.
3286 3767 3370 3820 "1
3422 3766 3524 3821 Pe—

266 3893 313 3925 “
362 3895 466 3963 93,
496 3897 625 3954 dist.
650 3898 703 3954 1.
740 3893 911 3955 Juxta
947 3893 1254 3959 sanctorum
1285 3893 1527 3973 Patrum,
1569 3893 1623 3962 et
1685 3908 1738 3961 in
1765 3907 1919 3963 Decr.
1951 3893 2229 3965 lacuaria:
2260 3893 2429 3980 papae.
