4040 6322
879 555 2087 798 SANCTUS
2278 555 3378 772 HERMAS

1553 933 1769 1026 VIR
1838 927 2693 1021 APOSTOLICUS.

738 1371 1433 1492 VETERUM
1514 1364 2413 1553 TESTIMQNIA
2485 1364 2666 1475 DE
2753 1361 2873 1476 S.
2962 1363 3497 1479 HERMA.

1072 1618 1366 1686 (Gutum,
1386 1616 1621 1670 Veterum
1642 1616 1851 1667 Patrum
1874 1611 2190 1675 Bibliotheca,
2214 1618 2250 1663 t.
2288 1612 2329 1674 ἰ,
2355 1611 2603 1673 Venetits,
2632 1609 2771 1671 1765,
2791 1608 2954 1661 ln-lol.
3000 1624 3049 1674 p.
3075 1610 3177 1673 5i.)

496 362 3739 411 Μ

1024 1929 1083 1986 S.
1114 1930 1381 1998 Ιιιιιισι,
1415 1930 1681 1989 adversus
1710 1930 1973 1997 Hereses,
2004 1929 2099 1985 lib.
2134 1943 2209 1995 ιν,
2235 1946 2353 1999 cap.
2380 1927 2485 1995 20,
2521 1944 2668 1983 num.
2700 1927 2757 1995 2,
2788 1927 2917 1983 edit.
2955 1925 3209 1982 Μωδεεῖ.

572 2070 715 2149 Bene
738 2085 881 2149 _ergo
918 2071 1290 2149 pronuntiavit
1321 2071 1626 2149 Scriptura,
1654 2090 1777 2145 quae
1807 2074 1941 2149 dicit
1970 2093 1983 2129 :
2020 2074 2202 2129 Primo
2229 2074 2465 2128 omnium
2493 2074 2676 2149 crede,_
2699 2074 2947 2149 quoniam
2984 2090 3117 2127 unus
3147 2079 3223 2126 est
3256 2056 3423 2149 Deus,
3442 2065 3546 2149 .qui
3571 2063 3751 2149 omnia

499 2141 795 2217 constituit,
797 2141 870 2217 _et
902 2146 1301 2217 consummavit,
1332 2155 1393 2217 et_
1413 2141 1538 2216 fecit
1569 2160 1634 2199 ea:
1666 2141 1725 2199 eo
1755 2146 1895 2217 quod
1928 2162 2029 2199 non
2059 2152 2210 2209 erat,
2241 2154 2301 2197 ut
2337 2153 2507 2199 essent
2534 2141 2752 2199 omnia:
2784 2146 3017 2198 omnium
3054 2157 3225 2212 capax
3249 2181 3262 2205 ,
3285 2148 3335 2195 et
3364 2141 3455 2209 qui
3490 2154 3522 2189 a
3549 2141 3752 2189 multa:

496 2213 761 2280 capiatur.
796 2210 987 2267 Exstat
1013 2212 1105 2268 lib.
1143 2228 1203 2278 11,
1233 2210 1423 2271 mand.
1454 2231 1494 2272 1.

1166 2447 1417 2505 CLEIENS
1449 2450 1628 2516 Alcm,
1663 2450 1883 2522 Στρωμ.
1916 2446 2013 2503 lib.
2042 2463 2082 2515 1,
2116 2462 2233 2516 cap.
2269 2446 2356 2513 17,
2393 2463 2516 2518 pug.
2558 2447 2685 2512 569,
2709 2462 2761 2501 ea

1454 2450 1628 2516 Alex”
1663 2450 1883 2522 Στρωμ.
1916 2446 2013 2503 lib.
2042 2463 2082 2515 1,
2116 2462 2233 2516 cap.
2269 2446 2356 2513 17,
2393 2463 2516 2518 pug.
2558 2447 2685 2512 569,
2709 2447 2841 2501 edit.
2877 2447 3049 2503 Oxon.

572 2558 714 2615 Dicit
739 2572 918 2618 autem
963 2572 1017 2620 et
1047 2564 1263 2628 Pastor,
1304 2563 1545 2633 Angelus
1577 2562 1943 2633 paenitentiae,
1988 2563 2056 2618 ad
2088 2566 2136 2621 Α

2239 2560 2392 2628 Λέγει
2419 2560 2476 2612 δὲ
2505 2560 2599 2613 καὶ
2625 2562 2657 2614 ό
2687 2560 2937 2629 Homine,
2972 2564 3001 2615 ὁ
3036 2560 3263 2629 ἄγγελος
3291 2557 3393 2628 τῆς
3441 2552 3749 2628 μετανοίαις,
3818 2572 3834 2584 ·

501 2652 778 2721 Hermum,
814 2655 880 2711 de
908 2657 1377 2728 pseudOpropheta
1420 2673 1437 2712 :
1470 2649 1726 2722 Quaedam
1750 2658 1889 2711 enim
1919 2658 2073 2713 verba

2178 2652 2256 2722 τῷ
2296 2653 2488 2724 Ἑρμᾷ,
2517 2652 2644 2723 περὶ
2677 2651 2770 2705 τοῦ
2814 2652 3288 2724 ψευδοπροφήτου·
3339 2649 3477 2703 me
3501 2648 3612 2718 τὰρ
3638 2644 3748 2713 ῥή-

501 2764 620 2802 oera
660 2748 914 2813 loquitur.
940 2748 1199 2804 Diabolus
1225 2749 1364 2803 enim
1392 2764 1509 2802 eum
1531 2746 1713 2817 implet
1736 2765 1831 2803 suo
1856 2749 2072 2819 spiritu,

2172 2761 2331 2815 ματα
2360 2744 2556 2813 ἀληθῆ
2590 2744 2782 2799 λαλεῖ.
2843 2746 2903 2797 '0
2929 2745 3039 2813 τὰρ
3066 2743 3342 2809 διάϐολος
3373 2740 3559 2796 αὐτὸν
3596 2741 3748 2803 πλη-

498 2841 550 2895 :i
571 2857 719 2901 ouem
745 2843 911 2911 possit
950 2858 1016 2897 ea:
1043 2842 1211 2911 justis
1243 2841 1507 2911 frangere.
1540 2836 1662 2895 Lib.
1699 2855 1759 2905 11,
1781 2841 1965 2896 mand.
2003 2857 2072 2908 ι,

2171 2834 2277 2905 ροῖ
2304 2834 2385 2899 τῷ
2405 2835 2621 2890 ἑαυτοῦ
2650 2835 2957 2904 πνεύματι,
2989 2834 3046 2888 el
3068 2852 3201 2889 τινα
3230 2833 3555 2901 δυνήσεται
3567 2828 3747 2899 ῥῆξαι

498 2946 618 3003 cap.
654 2935 703 2988 1.

2172 2932 2293 2989 τῶν
2317 2934 2576 2989 δικαίων.

1674 3063 1825 3131 lusu,
1855 3065 1968 3119 ibid
1998 3107 2014 3133 ,
2047 3082 2164 3137 cap.
2192 3065 2282 3132 29,
2310 3081 2431 3136 pag.
2466 3062 2583 3121 426.

574 3182 767 3239 Divine
794 3199 924 3255 ergo
962 3181 1211 3243 Potestas
1235 3185 1323 3240 illa
1352 3200 1473 3256 quae
1504 3182 1715 3241 Hermae
1740 3186 1985 3256 loquitur
2014 3188 2068 3243 in

2244 3186 2414 3251 Θείως
2444 3186 2621 3249 τοίνυν
2648 3189 2681 3259 ἡ
2709 3187 2947 3259 Δύναμις
2978 3190 3011 3259 ἡ
3047 3186 3126 3259 τῷ
3157 3187 3333 3259 Ἑρμᾷ
3371 3185 3512 3241 κατὰ
3546 3185 3742 3242 ἀποκά·

503 3275 830 3332 revelatione
858 3295 872 3331 :
925 3274 1180 3344 Visiones,
1208 3278 1402 3348 inquit,
1433 3286 1483 3332 et
1505 3278 1837 3333 revelationes
1860 3291 2073 3350 propter

2175 3277 2333 3349 λυψιν
2362 3278 2599 3334 λαλοῦσα
2619 3298 2632 3310 ·
2675 3280 2748 3334 Τὰ
2776 3279 3060 3349 ὁράματα,
3086 3280 3217 3352 φησὶ
3236 3321 3251 3345 ,
3285 3280 3383 3335 καί
3422 3280 3495 3332 τὰ
3530 3280 3750 3333 ἀποκαο

502 3384 588 3421 eos
608 3369 698 3437 qui
726 3377 848 3421 sunt
882 3368 1083 3438 duplici
1122 3370 1296 3434 corde,
1321 3371 1411 3440 qui
1436 3371 1708 3440 disputant
1746 3371 1803 3424 in
1828 3373 2071 3427 cordibus

2177 3373 2475 3441 λύμματα,
2519 3370 2617 3425 διὰ
2662 3370 2803 3436 τοὺς
2831 3370 3149 3439 διψύχους,
3188 3371 3330 3436 τοὺς
3358 3366 3748 3436 διαλογιζομέ-

501 3462 634 3528 suis,
658 3461 764 3516 sint
792 3477 874 3529 ea,
898 3478 991 3515 nec
1013 3478 1094 3516 ne.
1128 3460 1245 3517 Lib.
1277 3478 1316 3527 1,
1348 3463 1450 3518 vis.
1482 3478 1567 3532 111,
1592 3478 1710 3534 cap.
1744 3464 1799 3521 4.

2176 3480 2324 3530 νους
2352 3462 2421 3515 ἐν
2448 3462 2577 3527 ταῖς
2606 3460 2875 3530 καρδίαις
2908 3459 3128 3529 αὐτῶν,
3156 3462 3210 3515 εί
3242 3460 3358 3528 ἄρα
3383 3458 3515 3513 ἐστὶ
3547 3458 3746 3519 ταῦτα,

2178 3556 2215 3625 ἢ
2249 3557 2360 3610 οὐκ
2391 3555 2578 3609 ἐστιν.

1664 3666 1818 3736 locu,
1848 3668 1942 3723 lib.
1978 3684 2039 3736 11,
2068 3686 2185 3740 cap.
2220 3672 2271 3737 1,
2307 3687 2430 3742 pag.
2465 3672 2588 3727 450.

573 3814 711 3871 Dicit
746 3814 914 3880 enim,
949 3828 1073 3884 quae
1099 3810 1313 3867 Hermas
1338 3810 1392 3866 in
1430 3811 1644 3867 visione
1669 3814 1940 3884 apparuit,
1972 3812 2077 3868 Po-
2107 3820 2149 3877 Β

2249 3817 2387 3888 Φησὶ
2418 3816 2526 3888 γὰρ
2563 3819 2620 3870 ἐν
2650 3816 2728 3887 τῷ
2760 3816 2998 3888 ὁράματι
3024 3814 3101 3885 τῷ
3153 3812 3331 3884 Ἑρμᾷ
3382 3812 3415 3881 ἡ
3457 3806 3746 3879 Δύναμιςὴ

503 3915 671 3962 testas
720 3924 732 3962 :
791 3905 944 3971 Quod
998 3904 1095 3959 tibi
1142 3903 1397 3973 contingit
1447 3902 1687 3973 revelari,
1731 3905 2067 3964 revelabitur.

2181 3910 2409 3977 φανεῖσα
2427 3926 2440 3938 ·
2485 3911 2554 3961 Ὃ
2582 3910 2689 3963 ἐὰν
2713 3908 3016 3977 ἐνδέχεται
3046 3901 3565 3973 ἀποκαλυφθῆναι,
3608 3901 3745 3955 ἀπο-

502 3995 623 4053 Lib.
658 4014 696 4067 1,
723 3997 825 4053 vis.
852 4012 934 4065 111,
958 4011 1077 4066 cap.
1107 3995 1160 4051 5.

1035 4011 1077 4066 ρ.
1107 3995 1160 4051 5.
2168 3998 2630 4069 καλυφθήσεται.

1686 4110 1838 4181 ἰοει,
1874 4114 2031 4182 ibid.,
2062 4132 2178 4186 cap.
2214 4118 2268 4183 9,
2297 4095 2419 4188 pag'.
2446 4117 2572 4173 452.

571 4228 770 4286 Pastor
794 4239 977 4286 autem
1019 4230 1087 4287 de
1128 4232 1196 4288 iis
1222 4234 1355 4291 solis
1380 4237 1475 4307 qui
1500 4236 1875 4305 dormiissent,
1906 4239 2073 4294 verba

2261 4243 2323 4294 '0
2356 4240 2588 4311 Ποιμὴν
2617 4241 2695 4307 δὲ,
2724 4240 2909 4303 ἁπλῶς
2940 4238 3034 4291 ἐπὶ
3067 4235 3174 4290 τῶν
3198 4227 3614 4302 κεκοιμημένων
3636 4224 3743 4287 θεὶς

501 4321 729 4390 faciens,
760 4324 913 4379 novit
937 4326 1203 4395 quosdam
1227 4328 1409 4397 justos
1439 4330 1493 4383 in
1536 4330 1784 4401 gentibus
1811 4340 1863 4386 et
1892 4332 1945 4385 in
1975 4329 2074 4386 Ju-

2178 4334 2275 4405 τὴν
2296 4332 2459 4400 λέξιν,
2490 4334 2728 4396 δικαίους
2756 4328 2864 4386 οἷδὲ
2895 4347 3043 4393 τινας
3077 4330 3132 4381 ὲν
3167 4326 3345 4380 ἔθνεσι
3385 4322 3480 4376 καὶ
3518 4323 3577 4373 ὲν
3614 4320 3741 4371 ’ἰου-

500 4413 655 4480 dacis,
687 4430 793 4470 non
827 4417 1001 4471 solum
1029 4427 1153 4474 ante
1180 4418 1472 4475 adventum
1504 4419 1743 4489 Domini,
1783 4422 1876 4478 sed
1903 4424 2065 4478 etiam

2177 4425 2367 4490 δαίοις,
2401 4426 2463 4479 οὐ
2520 4426 2678 4497 μόνον
2726 4424 2831 4497 πρὸ
2874 4423 2976 4493 τῆς
3020 4420 3114 4474 τοῦ
3158 4417 3364 4491 Κυρίου
3409 4411 3737 4485 παρουσίας,

504 4515 628 4560 ante
657 4506 852 4576 legem,
901 4509 995 4579 qui
1036 4508 1149 4565 Deo
1198 4512 1334 4581 grati
1367 4515 1688 4583 acceptique
1730 4513 1965 4576 fuerint;
2013 4523 2075 4570 ut

2179 4515 2316 4571 ἀλλὰ
2349 4518 2443 4571 καὶ
2479 4517 2585 4588 πρὸ
2618 4516 2803 4588 νόμου,
2842 4514 2977 4585 μετὰ
3007 4514 3105 4585 τὴν
3133 4510 3268 4582 πρὸς
3299 4507 3431 4561 Θεὸν
3456 4503 3742 4574 εὐαρέστη-

503 4598 657 4661 Abel,
696 4608 753 4652 ut
784 4597 915 4667 Noe,
952 4609 1009 4655 ut
1059 4602 1105 4657 si
1150 4605 1276 4673 quis
1311 4605 1454 4661 alius
1478 4606 1688 4676 justus.
1732 4606 1871 4663 Dicit
1917 4624 2070 4679 ergo,

2175 4626 2281 4674 σιν,
2332 4608 2407 4673 ὡς
2458 4607 2643 4673 Ἀδελ,
2679 4607 2756 4671 ὡς
2800 4605 2945 4670 Νῶε,
2991 4602 3065 4667 ὡς
3099 4602 3151 4655 εἴ
3189 4618 3272 4664 τις
3302 4600 3489 4669 ἕτερος
3520 4596 3736 4654 δίκαιος.

501 4691 782 4759 apostolos
820 4700 875 4747 et
898 4693 1151 4750 doctores
1175 4697 1269 4767 qui
1314 4700 1683 4768 pradicarunt
1714 4716 1917 4757 nomen
1946 4701 2073 4757 Filii

2171 4703 2310 4775 Φησὶ
2349 4699 2481 4770 γοῦν
2505 4700 2649 4763 ,τοὺς
2694 4698 3023 4759 ἀποστόλους
3062 4696 3155 4748 καὶ
3198 4690 3572 4751 διδασκάλους,
3621 4685 3740 4745 τοὺς

500 4778 617 4848 Dei,
641 4783 803 4836 etiam
829 4799 951 4837 cum
983 4784 1354 4856 dormiissent,
1384 4799 1652 4860 potestate
1682 4808 1744 4848 ac
1784 4794 1891 4848 llde
1930 4810 2071 4863 pra:-

2174 4790 2517 4862 κηρύξαντας
2556 4788 2618 4843 τὸ
2644 4789 2817 4858 ὄνομα
2845 4786 2939 4839 τοῦ
2974 4784 3105 4838 Υίοῦ
3143 4782 3297 4847 Θεοῦ,
3331 4781 3429 4835 καὶ
3458 4776 3736 4849 κοιμηθέν·

499 4874 713 4929 dicasse
744 4874 808 4928 iis
836 4875 927 4944 qui
961 4885 1087 4930 ante
1116 4878 1471 4937 dormierant.
1504 4882 1709 4939 Deinde
1744 4884 1929 4939 subdit
1954 4884 1979 4938 ε’
2001 4883 2068 4938 Et

2172 4900 2291 4949 τας,
2355 4883 2420 4954 τῇ
2455 4878 2678 4954 δυνάμει
2709 4884 2803 4936 καὶ
2830 4884 2895 4952 τῇ
2928 4880 3106 4935 πίστει
3144 4874 3377 4949 κηρύξαι
3406 4876 3521 4937 τοῖς
3550 4886 3737 4943 προκε-

498 4967 623 5038 ipsi,
650 4976 755 5023 etc.
786 4966 906 5021 Lib.
934 4982 1017 5037 111,
1044 4969 1209 5023 simil.
1245 4987 1320 5038 1x,
1345 4990 1463 5043 cap.
1501 4977 1589 5033 16.

2097 4960 2139 5017 C
2173 4976 2549 5046 κοιμημένοις.
2576 4970 2708 5027 Είτα
2737 4973 3016 5043 ἐπιφέρει·
3054 4969 3164 5025 Καὶ
3188 4968 3377 5032 αὐτοὶ,
3414 4985 3471 5021 κ.
3509 4982 3561 5019 τ.
3588 4964 3634 5017 λ.

1652 5108 1804 5179 ιοειι,
1833 5110 1988 5176 ibid.,
2022 5126 2141 5181 cap.
2182 5109 2272 5176 l2,
2302 5127 2423 5181 pag.
2450 5108 2579 5165 458.

568 5215 701 5283 Quae
723 5231 853 5288 ergo
881 5218 1123 5274 continet
1162 5218 1485 5290 Ecclesiam,
1516 5231 1577 5277 ut
1618 5223 1813 5278 Pastor
1852 5225 2064 5294 inquit,

2256 5224 2320 5276 Ἡ
2354 5222 2533 5276 τοίνυν
2563 5223 2857 5294 συνέχουσα
2881 5224 2979 5295 τὴν
3030 5220 3373 5290 Ἐκκλησίαν,
3408 5216 3486 5282 ὥς
3525 5228 3677 5286 φησιν
3699 5219 3727 5269 d

497 5310 693 5375 virtus,
726 5310 860 5365 fides
908 5319 1014 5377 est,
1053 5326 1152 5381 per
1180 5329 1345 5382 quam
1382 5314 1519 5369 salvi
1547 5317 1687 5371 liunt
1725 5317 1882 5371 electi
1926 5317 2063 5372 Dei:

2174 5315 2426 5385 Ποιμήν,
2449 5316 2637 5387 ἀρετὴ,
2668 5316 2704 5386 ἡ
2735 5316 2915 5378 πίστις
2938 5314 3074 5379 ἐστὶ,
3099 5313 3166 5366 δι’
3191 5307 3259 5383 ἦς
3293 5310 3557 5376 σώζονται
3587 5311 3633 5363 οἱ
3654 5310 3725 5360 ὲκ-

497 5414 621 5468 quas
661 5408 844 5455 autem
881 5401 1110 5457 viriliter
1153 5404 1297 5475 agit,
1338 5405 1691 5461 abstinentia.
1738 5406 2066 5477 .Sequuntur

2173 5407 2353 5461 λεκτοὶ
2373 5405 2468 5460 τοῦ
2491 5406 2624 5459 Θεοῦ
2645 5423 2658 5437 ο
2693 5409 2726 5478 ἡ
2760 5406 2814 5460 δὲ
2840 5405 3216 5478 ἁνδριζομένη,
3242 5404 3551 5475 ἐγκράτεια.
3582 5403 3721 5454 Ἔπε-

500 5505 630 5544 ‘vcro
676 5506 768 5547 eas
804 5491 1157 5563 simplicitas,
1200 5495 1513 5568 disciplina,
1546 5497 1910 5565 innocentia,
1948 5516 2067 5554 mo-

2172 5517 2260 5552 ται
2286 5496 2344 5552 δὲ
2377 5498 2559 5562 αὐτοῖς
2588 5498 2845 5570 ἁπλότης,
2878 5499 3177 5569 ἐπιστήμη,
3203 5495 3427 5559 ἀκακία,
3458 5494 3718 5566 σεμνότης,

498 5579 692 5649 destia,
722 5584 985 5641 charitas.
1020 5584 1128 5643 Illa:
1158 5597 1339 5646 autem
1370 5604 1564 5647 omnes
1592 5598 1722 5646 sunt
1752 5590 1876 5647 tilia:
1916 5591 2060 5648 ﬁdei.

2011 5592 2060 5648 εἰ.
2174 5589 2381 5663 ἀγάπη.
2411 5591 2589 5647 Πᾶσαι
2617 5590 2674 5644 δὲ
2704 5586 2860 5645 αὗται
2893 5588 3129 5655 πίστεώς
3156 5590 3261 5643 εἱσι
3294 5588 3606 5658 θυγατέρες.

500 5670 617 5727 Lib.
647 5690 685 5739 1,
719 5675 813 5731 vis.
844 5691 923 5744 111,
950 5694 1067 5747 cap.
1091 5679 1145 5735 8.
