4040 6322
267 281 369 336 821

1542 282 1623 336 PA
1632 282 1833 338 STOR.
1872 314 1935 323 —
1965 282 2325 341 PROlEMlA.

3416 282 3522 339 823

1579 396 1729 465 losn,
1758 397 1912 463 ibid.,
1937 398 2096 468 paulo
2117 407 2256 469 post.

343 506 611 580 Φοϐητέον
657 504 751 564 οὖν
797 511 889 565 τὸν
923 511 1147 586 Κύριον,
1190 513 1362 584 λέγει,
1404 516 1482 577 εἰς
1531 516 1846 588 οἰκοδομὴν,

2026 515 2167 570 Dicit
2196 515 2410 584 itaque,
2451 510 2751 567 timendum
2785 528 2908 569 esse
2935 513 3225 569 Dominum
3261 514 3325 568 ad
3358 512 3524 568 aedili-

270 598 390 652 ἀλλ“
423 600 483 653 οὐ
525 600 615 654 τὸν
653 603 893 657 διάϐολον
916 607 995 670 είς
1027 610 1424 681 καταστροφήν.
1467 609 1741 680 Ἔμπαλιν
1767 610 1845 674 δὲ,

269 686 343 739 τὰ
378 688 477 758 μὲν
506 688 643 760 ἔργα
676 688 768 744 τοῦ
804 695 1030 766 Κυρίου,
1056 696 1304 751 τουτέστι
1332 698 1432 761 τὰς
1460 699 1696 763 ἐντολὰς,
1723 700 1853 768 ἀγα-

272 780 475 849 πητέον
502 781 597 835 καὶ
632 784 901 855 ποιητέονο
930 786 997 841 τὰ
1022 789 1079 843 δὲ
1100 788 1238 861 ἔργα
1263 789 1358 843 τοῦ
1392 790 1661 854 διαὸόλου,
1690 791 1854 861 φοϐη-

272 869 394 922 τέον
428 870 523 923 καὶ
555 871 614 924 οὐ
648 873 916 944 ποιητέον.

1956 608 2252 671 cntionem,
2305 605 2400 661 sed
2451 620 2562 658 non
2618 605 2897 660 diabolum
2952 608 3019 662 ad
3055 609 3413 663 eversionem.
3462 605 3525 662 Et

1957 714 2153 753 rursus
2182 717 2193 752 ε
2228 695 2402 767 Opera
2436 696 2653 766 quidem
2698 696 2938 766 Domini,
2982 700 3086 757 hoc
3130 709 3212 756 est
3238 710 3522 771 prtem-pta,

1951 807 2073 847 esse
2105 789 2379 859 diligenda
2410 800 2463 844 et
2505 789 2788 857 facienda;
2830 807 2999 861 opera
3048 808 3179 847 vero
3213 794 3417 849 diaboli
3454 793 3523 847 ti-

1952 883 2146 937 menda
2172 898 2315 947 esse,
2348 891 2402 937 et
2434 896 2543 937 non
2572 880 2837 938 facienda.
2877 883 2992 939 Lib.
3023 901 3083 952 ιι,
3110 886 3288 939 mand.
3322 902 3416 939 vn.

1450 1009 1578 1064 Ιῐιιῖιι
1600 1052 1612 1075 ,
1654 1010 1812 1074 ibid.,
1844 1014 2027 1081 paucis
2058 1013 2368 1080 interjectis.

357 1129 416 1183 '0
444 1129 502 1182 δὲ
531 1126 694 1192 αὐτὸς
722 1127 816 1181 καὶ
854 1126 951 1197 τὴν
986 1124 1273 1197 μετάνοιαν
1310 1124 1521 1178 σύνεσιν
1553 1120 1693 1178 εἷναί
1718 1143 1850 1195 φησι

274 1222 540 1293 μεγάλην.
594 1219 889 1275 Μετανοῶν
917 1218 1023 1289 γὰρ
1067 1218 1150 1287 ἐφ’
1183 1212 1264 1279 οἷς
1310 1216 1571 1288 ἔδρασεν,
1624 1217 1724 1271 οὐκ
1772 1218 1853 1272 ἔτι

271 1317 421 1369 ποιεῖ
446 1314 478 1386 ἢ
508 1313 673 1383 λέγει.
703 1312 1012 1377 Βασανίζων
1046 1311 1103 1364 δὲ
1130 1312 1214 1380 ἐφ’
1241 1305 1323 1374 οἷς
1346 1312 1562 1382 ἥμαρτε
1588 1310 1687 1382 τὴν
1727 1312 1851 1365 ἐαυ-

269 1407 368 1460 τοῦ
392 1406 590 1478 ψυχὴν,
626 1404 968 1477 ἀγαθοεργεῖ.
999 1404 1226 1472 Ἀφεσις
1261 1401 1438 1455 τοίνυν
1460 1401 1742 1473 ἁμαρτιῶν
1768 1420 1856 1473 με·

267 1496 492 1559 τανοίας
519 1493 764 1565 διαφέρει
786 1508 800 1523 °
826 1491 991 1563 ἄμφω
1014 1490 1069 1545 δὲ
1092 1490 1329 1543 δείκνυσι
1353 1487 1420 1542 τὰ
1449 1488 1534 1559 ἐφ’
1565 1489 1716 1559 ἡμῖν.
1749 1487 1853 1540 Τὸν

268 1583 365 1642 οὖν
428 1586 686 1657 εἰληφότα
732 1585 831 1657 τὴν
876 1584 1069 1653 ἄφεσιν
1113 1581 1223 1636 τῶν
1267 1581 1568 1653 ἁμαρτιῶν,
1625 1580 1725 1633 οὐκ
1771 1579 1853 1632 ἔτι

268 1677 608 1746 ἁμαρτάνειν
644 1675 747 1745 χρή
770 1690 782 1702 ·
815 1674 906 1726 ἐπὶ
931 1672 1039 1744 γὰρ
1065 1674 1129 1743 τῇ
1159 1671 1349 1743 πρώτῃ
1396 1672 1488 1724 καὶ
1521 1671 1654 1742 μόνῃ
1685 1688 1850 1741 μετα-

2026 1124 2171 1181 ldem
2216 1136 2397 1181 autem
2430 1134 2484 1181 et
2526 1128 2677 1194 dicit,
2713 1128 3089 1198 paenitentiam
3138 1146 3261 1187 esse
3308 1148 3527 1189 sensum

1957 1232 2241 1289 magnum.
2291 1216 2395 1284 Qui
2433 1220 2579 1273 enim
2617 1220 2993 1288 pwnitentiam
3040 1222 3151 1292 agit
3174 1239 3364 1278 eorum
3407 1240 3532 1295 qua:

1959 1306 2105 1374 fecit,
2152 1324 2260 1363 non
2308 1310 2545 1380 amplius
2577 1310 2705 1365 facit
2753 1313 2838 1367 vel
2882 1313 3035 1367 dicit.
3074 1313 3358 1385 Torquens
3400 1334 3532 1374 vero

1958 1400 2201 1454 animam
2246 1416 2400 1454 suam
2452 1411 2672 1471 propter
2706 1419 2770 1458 ea
2808 1420 2931 1473 qua:
2961 1405 3227 1474 peccavit,
3273 1419 3532 1477 operatur

1959 1491 2117 1545 bene.
2153 1489 2424 1545 Remissio
2451 1506 2581 1561 ergo
2610 1504 2958 1562 peccatorum
2996 1493 3174 1548 dill‘ert
3202 1511 3233 1549 ιι
3260 1497 3532 1564 poeniten-

1960 1582 2035 1636 tia
2069 1603 2080 1637 :
2113 1581 2277 1636 ambo
2308 1590 2487 1636 autem
2522 1583 2817 1638 ostendunt
2861 1600 2924 1639 ea
2954 1600 3075 1640 esse
3108 1586 3161 1639 in
3207 1596 3392 1641 nostra
3435 1602 3533 1655 po-

1957 1684 2170 1729 testate.
2203 1675 2339 1731 Eum
2375 1676 2539 1747 igitur
2566 1676 2660 1745 qui
2689 1678 2898 1745 accepit
2928 1678 3304 1733 remissionem
3338 1695 3533 1749 pecca-

268 1769 389 1839 νοίᾳ
429 1767 536 1821 τῶν
564 1765 845 1839 ἁμαρτιῶν
884 1762 1058 1836 (αὕτη
1096 1764 1162 1817 ἂν
1196 1763 1279 1834 εἴη
1313 1762 1422 1815 τῶν
1466 1760 1851 1834 προϋπαρξάν-

1955 1775 2158 1835 torum,
2188 1784 2296 1824 non
2328 1776 2542 1838 oportet
2564 1770 2800 1839 amplius
2830 1785 3083 1839 peccare;
3116 1786 3240 1824 nam
3271 1772 3324 1824 in
3356 1771 3530 1839 prima

264 1879 378 1914 των
404 1859 544 1913 κατὰ
579 1859 670 1913 τὸν
698 1858 908 1913 eam?»
933 1858 1026 1911 καὶ
1053 1856 1266 1926 πρῶτον
1298 1855 1437 1927 βίον·
1465 1855 1556 1909 τὸν
1577 1857 1633 1908 ἐν
1660 1855 1851 1926 ἀγνοίᾳ

264 1952 433 2023 λέγω)
459 1953 654 2005 αὐτίκα
678 1954 789 2014 τοῖς
817 1949 1060 2020 κληθεῖσι
1093 1949 1374 2020 πρόκειται
1400 1948 1727 2019 μετάνοια,ή
1752 1964 1850 2000 κα·-

265 2048 530 2118 Θαίρουσα
561 2044 653 2098 τὸν
685 2044 848 2097 τόπον
879 2042 980 2112 τῆς
1010 2040 1189 2112 ψυχῆς
1228 2041 1335 2094 ἀπὸ
1367 2040 1476 2094 τῶν
1522 2039 1848 2111 πλημμελη-

266 2142 477 2211 μάτων,
514 2139 599 2191 ἵνα
632 2139 665 2209 ἡ
708 2136 890 2199 πίστις
932 2134 1256 2205 θεμελιωθῇ.
1295 2131 1753 2205 Καρδιογνώστης
1794 2133 1851 2186 δὲ

262 2232 342 2285 ὢν
370 2235 397 2284 ὁ
428 2230 650 2303 Κύριος,
680 2229 773 2283 καὶ
815 2227 887 2282 τὰ
931 2227 1194 2299 μέλλοντα
1228 2226 1641 2299 προγινώσκων,
1696 2225 1753 2278 τό
1791 2242 1850 2278 τε

261 2321 626 2394 εὐμετάϐολον
657 2320 750 2373 τοῦ
794 2317 1105 2389 ἀνθρώπου,
1146 2319 1241 2372 καὶ
1279 2318 1340 2371 τὸ
1384 2316 1718 2388 παλίμϐολον
1756 2315 1851 2369 καὶ

260 2416 575 2486 πανοῦργον
601 2413 696 2468 τοῦ
726 2415 993 2478 διαϐόλου,
1031 2412 1243 2466 ἄνωθεν
1289 2411 1527 2484 ἀρχῆθεν
1569 2409 1812 2481 προεῖδεν
1833 2449 1847 2472 ,

255 2507 362 2571 ὡς,
385 2504 633 2577 ζηλώσας
658 2507 749 2559 ἐπὶ
765 2508 830 2576 τῇ
866 2505 1055 2574 άψὲσει
1084 2502 1192 2556 τῶν
1218 2501 1503 2574 ἁμαρτιῶν
1534 2501 1626 2554 τὸν
1652 2500 1853 2572 ἄνθρω-

259 2613 389 2660 πον,
426 2595 815 2666 προστρίψεταί
860 2611 1014 2657 τινας
1060 2592 1235 2656 αἰτίας
1282 2591 1393 2645 τῶν
1434 2590 1850 2664 ἁμαρτημάτων

258 2689 382 2751 τοῖς
431 2686 637 2750 δούλοις
687 2686 781 2739 τοῦ
840 2685 1022 2763 Θεοῦ,
1052 2686 1331 2758 φρονίμως
1384 2684 1847 2757 πονηρευόμενος,

258 2780 512 2851 ὂπωςδὴ
549 2782 643 2833 καὶ
675 2780 827 2833 αὐτοὶ
858 2779 1239 2833 ωνεκπέσοιεν
1273 2777 1441 2849 αὐτῷ.
1481 2777 1719 2831 Ἔδωκεν
1756 2771 1849 2830 οὖν

258 2871 434 2942 ἄλλην
458 2873 551 2925 ἐπὶ
570 2875 681 2935 τοῖς
702 2872 804 2925 κάν
826 2873 890 2942 τῇ
916 2872 1095 2924 πίστει
1124 2868 1514 2942 περιπίπτουσι
1532 2886 1638 2921 τινι
1667 2867 1850 2939 πλημ-

260 2962 563 3035 μελήματι,
615 2962 900 3027 πολυέλεος
947 2961 1042 3025 ὢν,
1092 2961 1377 3032 μετάνοιαν
1426 2959 1710 3031 δευτέραν
1746 2959 1845 3030 ἢν,

256 3052 322 3107 ετ
348 3071 434 3117 τις
454 3054 846 3125 ὲκπειρασθείη
874 3052 1011 3124 μετὰ
1038 3053 1136 3122 τὴν
1166 3051 1378 3121 κλῆσιν,
1410 3050 1649 3120 βιασθεὶς
1674 3049 1729 3102 δὲ
1756 3050 1849 3103 καὶ

1954 1866 2009 1916 et
2032 1862 2146 1916 sola
2175 1870 2528 1931 peccatorum
2565 1862 2890 1931 paenitentia
2921 1862 3005 1931 (ea
3031 1872 3214 1916 autem
3249 1860 3531 1916 fueriteo-

1955 1968 2098 2017 rum,
2129 1967 2251 2022 qua:
2277 1952 2431 2022 prius
2458 1953 2793 2007 exstiterunt
2822 1954 2874 2007 in
2905 1955 3091 2024 gentili
3116 1962 3170 2009 et
3193 1954 3359 2023 priori
3382 1952 3528 2017 vita;

1952 2058 2038 2110 ea,
2084 2044 2331 2113 inquam,
2373 2061 2495 2114 qum
2533 2044 2638 2099 fuit
2670 2045 2725 2099 in
2770 2046 3097 2118 ignorantia)
3132 2047 3199 2101 iis
3244 2047 3405 2101 etiam
3436 2045 3531 2115 qui

1954 2136 2133 2191 vocati
2175 2146 2323 2202 sunt,
2366 2138 2691 2207 pmponitur
2716 2138 3059 2205 poenitentia,
3100 2152 3409 2207 expurgans
3451 2138 3533 2191 lo-

1955 2244 2079 2283 cum
2112 2233 2308 2283 animae
2337 2244 2367 2283 a
2391 2230 2627 2305 delictis,
2656 2239 2714 2283 ut
2750 2230 2882 2285 lides
2913 2229 3191 2284 fundelur.
3232 2230 3369 2284 Cum
3400 2246 3531 2283 vero

1956 2318 2222 2373 Dominus
2244 2318 2606 2388 cogitationes
2631 2320 3057 2389 praecordiorum
3087 2322 3251 2387 norit,
3277 2331 3329 2375 et
3347 2320 3529 2376 futura

1954 2407 2233 2477 praesciat,
2263 2406 2479 2462 facilem
2507 2407 2747 2462 hominis
2775 2410 3157 2475 mutationem,
3183 2420 3238 2466 et
3267 2411 3531 2481 multipli-

1953 2515 2070 2553 cem
2118 2499 2453 2569 nequitatem
2483 2499 2707 2563 diaboli,
2737 2500 2850 2569 jam
2886 2502 3010 2555 inde
3040 2518 3069 2556 a
3100 2502 3369 2573 principio
3395 2520 3532 2573 pra»

1952 2593 2086 2647 vidit
2125 2592 2272 2662 quod
2325 2592 2533 2646 homini
2574 2591 2823 2647 invidens
2874 2602 3096 2661 propter
3144 2596 3529 2649 remissionem

1953 2690 2324 2752 peccatorum,
2344 2680 2554 2751 aliquas
2576 2695 2771 2735 causas
2797 2681 3119 2736 delictorum
3144 2694 3395 2752 suggeret
3416 2700 3533 2738 ser-

1954 2774 2037 2827 vis
2070 2773 2185 2837 Dei,
2227 2780 2406 2827 astute
2448 2782 2501 2825 et
2531 2772 2763 2841 maligne
2796 2772 3049 2837 moliens,
3086 2783 3145 2827 ut
3176 2776 3274 2843 ipsi
3312 2791 3530 2845 quoque

1952 2881 2077 2920 cum
2108 2879 2174 2919 eo
2204 2864 2421 2918 cadant.
2456 2863 2612 2918 Dedit
2645 2879 2796 2934 ergo,
2831 2880 2956 2919 cum
2990 2866 3064 2920 sit
3103 2867 3287 2921 multae
3316 2867 3521 2921 miseri-

1952 2956 2176 3019 cordiae,
2226 2956 2295 3013 iis
2326 2957 2422 3026 qui
2453 2958 2618 3011 etiam
2671 2957 2728 3010 in
2763 2957 2869 3011 ﬁde
2900 2957 3149 3013 incidunt
3199 2959 3254 3013 in
3307 2959 3531 3030 aliquod

1954 3063 2259 3119 peccatum,
2290 3049 2452 3103 aliam
2479 3058 2533 3104 et
2562 3051 2857 3104 secundam
2888 3052 3262 3121 pmnitentiam
3290 3072 3303 3107 :
3337 3069 3526 3121 quam,

257 3145 725 3214 κατασοφισθεὶς,
783 3146 911 3216 μίαν
981 3144 1060 3198 ἔτι
1133 3143 1420 3215 μετάνοιαν
1476 3143 1879 3213 ἀμετανόητονι

1954 3144 1992 3197 si
2016 3143 2140 3213 quis
2175 3152 2411 3197 tentatus
2442 3142 2606 3198 fuerit
2635 3154 2757 3214 post
2782 3145 3147 3210 vocationem,
3189 3155 3244 3200 et
3281 3154 3525 3204 coactus.

258 3236 426 3308 λάϐῃ.

1952 3243 2006 3289 et
2034 3233 2229 3289 callide
2272 3234 2702 3300 circumventus,
2737 3252 2904 3290 unam
2941 3237 3120 3292 adhuc
3148 3239 3212 3292 ad
3254 3239 3525 3308 poenitur

1951 3329 2080 3383 dum
2112 3326 2347 3397 accipiat
2376 3329 2776 3397 pmnilcntiam.
2805 3328 2928 3383 Lib.
2954 3345 3014 3397 ιι,
3048 3332 3228 3385 mand.
3263 3347 3334 3397 iv,
3374 3348 3525 3401 capp.

1949 3415 2059 3472 Set
2094 3415 2146 3470 '5.

1226 3527 1385 3594 low,
1419 3528 1577 3593 ibid.,
1610 3527 1704 3581 lib.
1736 3543 1808 3593 Iv,
1844 3543 1961 3596 cap.
2001 3527 2056 3593 9,
2093 3544 2247 3598 pagg.
2281 3529 2406 3594 596,
2442 3530 2563 3583 597.

338 3649 546 3705 Αὐτίκα
632 3648 862 3719 Ποιμήν
886 3666 1050 3719 φησιν
1074 3664 1085 3673 ‘
1128 3647 1528 3716 Ἑκφεύξεσθε
1548 3646 1663 3714 τὴν
1691 3645 1853 3713 ἐνέρ-

259 3762 434 3816 retur
456 3744 564 3798 τοῦ
590 3745 815 3812 ἀποίου,
845 3743 952 3798 ἐὰν
974 3745 1012 3813 ἠ
1046 3741 1256 3812 καρδία
1283 3741 1448 3812 ὑμῶν
1474 3740 1715 3811 γένηται
1738 3756 1842 3793 κα-

261 3838 417 3906 θαρὰ
442 3836 541 3890 καὶ
571 3836 824 3907 ἄμωμος.

2030 3644 2149 3701 Jam
2179 3663 2309 3701 vero
2334 3646 2530 3700 Pastor
2549 3647 2681 3701 dicit
2709 3666 2722 3701 :
2760 3646 3045 3718 Eﬂ‘ugietis
3070 3651 3171 3700 vim
3202 3649 3327 3716 [θην
3351 3650 3527 3703 bestiis

1948 3740 1995 3793 si
2023 3756 2113 3792 cor
2153 3748 2381 3793 vestrum
2422 3739 2581 3807 fuerit
2612 3756 2802 3809 purum
2834 3756 2897 3792 ac
2924 3739 3037 3792 sine
3069 3740 3300 3793 macula.
3332 3740 3451 3795 ιιι).
3488 3760 3531 3814 ι,

1951 3833 2057 3886 vis:
2081 3848 2154 3896 IV,
2181 3846 2301 3902 cap.
2334 3828 2387 3885 2.

1351 3967 1482 4022 [DEI
1511 3967 1666 4031 ibid.,
1699 3966 1791 4020 lib.
1822 3969 2057 4035 vt,'t:ap.
2095 3963 2185 4029 {5,
2220 3979 2339 4032 pag.
2376 3960 2498 4015 806.

340 4091 415 4144 Ἦ
449 4088 558 4159 γὰρ
588 4087 708 4158 οὐχὶ
742 4086 836 4140 καὶ
867 4086 925 4139 ὲν
967 4088 1034 4157 τῇ
1069 4084 1360 4157 ὁράσειτῷ
1400 4086 1579 4156 Ἑρμᾷ
1619 4085 1652 4156 ἡ
1681 4082 1846 4137 Δύνα-

262 4201 361 4253 μις
394 4183 452 4235 ἐν
478 4179 560 4251 τῷ
584 4178 739 4249 τύπῳ
769 4178 866 4249 τῆς
908 4177 1233 4249 Ἑκκλησίας
1276 4179 1524 4247 φανεῖσα,
1558 4176 1756 4229 ἔδωκεν
1785 4174 1846 4228 τὸ

2020 4082 2217 4136 Annon
2267 4078 2415 4133 enim
2460 4086 2513 4131 et
2556 4076 2762 4145 Virtus,
2793 4093 2916 4147 qua:
2946 4078 2999 4132 in
3035 4081 3244 4136 visione
3272 4085 3525 4153 apparuit

1955 4171 2169 4227 Hermae
2186 4170 2240 4225 in
2274 4171 2445 4241 figura
2475 4168 2751 4233 Ecclesire,
2786 4169 2933 4223 dedit
2969 4171 3188 4239 librum,
3222 4188 3281 4229 ut
3311 4178 3522 4232 descri-

262 4272 472 4345 βιϐλίον
491 4273 571 4335 είς
598 4270 975 4342 μεταγραφὴν,
1000 4268 1028 4321 ὃ
1052 4270 1163 4331 τοῖς
1185 4267 1459 4331 ἐκλεκτοῖς
1483 4267 1846 4336 ἀναγγελῆναι
1877 4300 1879 4351 ξ

1954 4265 2127 4330 heret,
2148 4278 2308 4333 quem
2334 4261 2522 4317 electis
2545 4261 2857 4316 annuntiari
2883 4264 3130 4319 volebat?
3154 4266 3290 4321 Eum
3315 4279 3519 4334 autem,

258 4363 548 4428 ἑὸούλετο;
577 4362 736 4415 τοῦτο
759 4360 815 4413 δὲ
844 4359 1221 4431 μετεγράψατο
1246 4359 1381 4430 πρὸς
1401 4358 1655 4433 γράμμα,
1692 4359 1848 4430 φησὶ,

263 4456 344 4528 μὴ
372 4456 642 4527 εὑρίσκων
668 4452 767 4517 τὰς
798 4450 1065 4515 συλλαϐὰς
1095 4451 1328 4504 τελέσαι.

1953 4357 2149 4427 inquit,
2175 4353 2522 4423 transcripsit
2546 4354 2614 4408 ad
2641 4354 2907 4423 litteram;
2957 4373 3064 4412 non
3100 4360 3381 4415 inveniens
3411 4378 3523 4432 quo

1952 4448 2115 4506 modo
2147 4448 2385 4520 syllabas
2409 4448 2711 4520 perliceret.
2743 4445 2860 4504 Lib.
2895 4466 2934 4515 ι,
2967 4452 3063 4506 vis.
3100 4469 3159 4516 ιι,
3208 4471 3326 4524 cap.
3365 4458 3408 4507 l.

1844 4586 1911 4643 Ill
1923 4628 1936 4644 .

1123 4715 1538 4772 TERTULLIANUS
1567 4717 1879 4782 catholicus,
1910 4714 2003 4769 lib.
2036 4715 2111 4770 De
2141 4714 2413 4779 oratione,
2444 4732 2559 4785 cap.
2597 4714 2683 4769 l2.

337 4838 493 4908 Quod
535 4834 808 4908 assignata
851 4834 1100 4908 oratione
1137 4833 1411 4908 assidendi
1445 4849 1564 4887 mos
1599 4844 1683 4886 est
1712 4832 2061 4908 quibusdam,
2105 4846 2215 4885 non
2250 4829 2857 4908 perspicio_rationcm,
2896 4830 3000 4908 nisi
3046 4830 3092 4888 si
3126 4827 3353 4883 llermas
3397 4828 3519 4908 ille,

258 4899 885 4981 cuj‘uspscriptn'rafere
923 4903 1119 4981 Pastor
1168 4904 1508 4981 inscribitur,
1561 4899 1837 4981 transacta
1870 4903 2154 4981 oratione,
2183 4899 2292 4981 non
2338 4915 2500 4969 super
2531 4904 2736 4981 lectum
2764 4901 3096 4980 assedisset,
3133 4915 3323 4981 rerum
3372 4899 3517 4981 aliud

259 4969 397 5053 quid
434 4969 672 5053 fecisset,
706 4975 757 5030 id
790 4990 1013 5053 quoque
1049 4976 1114 5029 ad
1149 4974 1589 5053 obseruationem
1624 4974 2058 5053 vin‘dicaremus.
2114 4970 2313 5053 Utique
2346 4986 2478 5026 non.
2531 4969 2865 5053 §implicitcr
2900 4969 3045 5053 enim
3076 4980 3146 5053 et
3178 4984 3323 5053 nunc
3364 4970 3516 5053 posi-

262 5037 383 5108 t'um
422 5058 508 5105 est
542 5068 554 5103 :
593 5037 727 5104 cum
756 5037 1062 5099 adorasse":
1095 5056 1144 5099 et
1172 5045 1486 5099 assedissem
1514 5060 1672 5113 super
1706 5045 1902 5097 lectum
1925 5061 1943 5097 :
1978 5043 2041 5096 ad
2075 5037 2323 5095 ordinem
2360 5037 2714 5113 narrationis,
2749 5042 2955 5113 nonad
2983 5040 3155 5113 instar
3192 5037 3513 5113 disciplinm.

261 5120 521 5191 Alioquin
556 5117 964 5191 nusquamerit
995 5116 1359 5191 adorandum,
1394 5108 1621 5191 n.isi_uhi
1658 5113 1824 5169 fuerit
1864 5114 2040 5171 lectus
2073 5132 2085 5168 :
2121 5114 2240 5168 imo.
2256 5119 2446 5167 contra
2483 5109 2819 5183 Scripturam
2849 5110 3058 5176 fecerit,
3092 5111 3137 5164 si
3173 5108 3298 5179 quis
3340 5110 3519 5165 inca.

261 5183 480 5261 thedra,
512 5199 608 5245 aut
631 5183 894 5245 subsellio
922 5186 1140 5242 sederit.
1169 5184 1288 5240 Lib.
1317 5201 1377 5251 ιι,
1406 5186 1459 5238 in
1480 5183 1709 5239 Promm.

1008 5299 1160 5356 Idem
1192 5301 1606 5356 TERTULLMNUS
1632 5300 1984 5370 (Izwreticus),
2014 5301 2106 5355 lib.
2140 5298 2215 5353 De
2244 5300 2522 5370 pudicitia,
2561 5311 2677 5366 cap.
2713 5298 2800 5352 lli.

335 5428 482 5483 Deus
505 5426 689 5481 bonus
711 5432 796 5480 est
824 5441 839 5477 :
870 5421 1010 5487 suis,
1037 5436 1145 5492 non
1162 5420 1412 5492 ethnicis
1434 5420 1615 5476 sinum
1647 5420 1868 5492 subiicit
1892 5437 1907 5475 :
1943 5420 2184 5492 secunda
2214 5430 2265 5492 te
2291 5418 2619 5492 poenitentia
2634 5416 2865 5492 excipiet
2892 5435 2907 5492 :_
2931 5415 3039 5468 eris
3070 5412 3263 5492 iter-um
3285 5411 3351 5492 de
3378 5425 3516 5463 mm-

264 5500 374 5554 cho
395 5482 766 5553 Christianus.
799 5482 1007 5565 "tectu
1037 5490 1198 5565 mihi,
1237 5491 1625 5561 benignissime
1666 5482 1765 5565 Dei
1792 5491 2061 5565 interpres
2083 5492 2116 5565 ἓΔ
2148 5489 2253 5543 Sed
2288 5482 2533 5565 cederem
2566 5482 2775 5565 tibi,__s_i'
2803 5486 3071 5565 scriptura
3114 5482 3358 5565 Pastoris
3390 5495 3514 5550 quae

266 5571 390 5624 sola
418 5569 666 5624 mmchos
689 5573 857 5631 amat,
883 5562 1074 5618 divino
1106 5555 1476 5616 instrumento
1505 5563 1798 5617 meruisset
1836 5555 2036 5632 incidi;
2074 5560 2120 5632 si
2151 5577 2255 5616 non
2282 5560 2529 5632 abomni
2554 5558 2789 5613 concilio
2816 5555 3203 5632 Ecclesiarum.
3229 5555 3390 5632 etiam
3414 5567 3513 5632 Xe-

267 5622 699 5705 strarum,iinter
734 5622 1049 5705 apocrypha
1080 5640 1140 5686 et
1172 5632 1308 5705 falsa
1335 5632 1708 5705 judicaretur;
1746 5631 1994 5705 adultera
2023 5622 2078 5685 et
2107 5631 2245 5705 ipsa,
2277 5640 2330 5705 et
2362 5631 2486 5705 inde
2514 5641 2745 5705 patrona
2772 5627 3075 5688 sociorum;
3110 5639 3138 5704 ιι
3169 5640 3275 5691 qua
3301 5622 3520 5705 ctnalias

267 5692 547 5766 initiaris':
581 5708 667 5764 cui
698 5692 787 5763 ιιιὲ
818 5705 865 5763 si
907 5692 1046 5761 forte
1068 5692 1508 5775 patrocinabitur
1538 5692 1731 5759 Pastor
1770 5718 1933 5772 quem
1969 5702 2023 5756 in
2053 5692 2240 5757 cal'ice'
2264 5692 2532 5769 dopingis;
2582 5699 2992 5770 prostitutorem
3022 5704 3077 5750 ct
3126 5694 3302 5767 ipsum
3350 5692 3513 5748 Cliriv
