4040 6322
558 268 662 324 827

765 586 849 642 Ex
879 589 1150 659 interpret.
1175 589 1377 645 Rulini.

628 698 692 754 Et
716 700 929 756 libellus
947 701 1159 759 Hermte
1175 706 1267 776 qui
1287 706 1591 776 appellatur

554 788 798 847 Pastoris
819 834 833 859 ,
859 793 1019 861 cujus
1047 792 1249 851 Paulus
1282 796 1334 849 in
1380 795 1594 865 Episto-

553 888 620 943 lis
655 888 769 944 suis
802 889 1081 954 meminit,
1122 905 1151 942 a
1197 891 1445 959 plurimis
1476 908 1583 946 non

550 989 634 1033 est
661 988 910 1048 receptus
938 996 951 1031 :
984 978 1053 1032 ab
1096 980 1218 1034 aliis
1255 990 1437 1036 autem
1484 998 1584 1037 ne-

550 1073 825 1127 cessarius
871 1074 1150 1142 judicatus
1191 1082 1314 1140 est,
1364 1087 1585 1147 propter

548 1174 645 1215 eos
668 1161 760 1229 qui
790 1162 981 1231 primis
1009 1164 1074 1217 ad
1100 1163 1258 1218 [idem
1286 1165 1585 1223 institutio-

550 1250 710 1305 nibus
733 1251 1052 1310 imbuuntur
1077 1273 1091 1309 :
1119 1255 1261 1311 unde
1284 1257 1413 1312 etin
1446 1274 1585 1314 non-

550 1340 715 1396 nullis
761 1344 1008 1400 ecclesiis
1058 1345 1287 1417 legitur,
1323 1356 1380 1403 et
1425 1349 1581 1404 multi

548 1440 793 1488 veterum
833 1435 1162 1507 scriptorum
1206 1437 1292 1495 nsi
1334 1446 1466 1496 sunt
1502 1448 1583 1498 te-

548 1529 824 1587 stimoniis
855 1531 997 1600 ejus.

764 2544 849 2602 Ea:
870 2545 1141 2617 interpret.
1180 2544 1384 2601 Ruﬁni.

613 2654 745 2713 Post
764 2658 880 2714 haec
901 2659 1012 2728 jam
1038 2661 1306 2730 scriptura
1336 2668 1438 2725 est,
1461 2675 1583 2730 quae

542 2748 743 2805 dicitur
771 2753 931 2805 Actus
971 2749 1135 2807 Pauli
1161 2770 1181 2817 ;
1211 2752 1303 2808 sed
1340 2761 1393 2807 et
1423 2752 1578 2808 libel-

541 2837 628 2896 ius
666 2843 760 2913 qui
805 2844 1107 2914 appellatur
1138 2844 1405 2912 Pastoris,
1445 2853 1575 2911 etc.,

540 2932 608 2988 de
636 2937 838 3002 quibus
879 2952 1044 3006 quam
1086 2938 1323 2992 maxime
1364 2937 1578 2992 dubita-

541 3035 649 3082 tur.

760 3240 843 3294 Ea:
867 3242 1132 3311 interpret.
1165 3243 1364 3300 Rufini.

615 3354 723 3411 Nec
752 3374 858 3412 non
882 3367 935 3413 et
963 3358 1203 3414 libellum
1232 3360 1324 3429 qui
1350 3370 1577 3415 vocatur

543 3447 786 3503 Pastoris
809 3492 823 3516 ,
861 3450 1206 3521 amplectitur
1247 3450 1569 3520 (lrenmus‘),

540 3540 761 3594 dicens:
796 3541 940 3596 Bene
960 3557 1088 3611 ergo
1127 3540 1291 3596 refert
1319 3542 1565 3611 Scriptu-

541 3647 630 3695 ra,
674 3647 795 3701 qua:
836 3632 968 3687 dicit
1009 3651 1022 3686 :
1058 3632 1300 3687 Primum
1335 3635 1569 3687 omnium

541 3722 856 3777 credendum
879 3734 978 3791 est,
1003 3725 1126 3795 quia
1144 3742 1277 3779 unus
1308 3735 1385 3779 est
1408 3725 1568 3792 Deus,

2023 273 2084 325 S.
2124 269 2425 327 HERMAS.

2165 384 2248 439 Vl.

1594 492 1857 551 Eussaws
1889 494 2027 554 llist.
2054 498 2275 567 eeclés.,
2304 499 2398 558 lib.
2435 518 2516 567 ιιι,
2544 520 2660 567 cap.
2691 504 2744 558 3.

1748 697 1899 752 Ἐπεὶ
1942 698 1999 752 δὲ
2043 698 2072 752 ὁ
2114 700 2275 764 αὐτὸς
2306 701 2600 767 ἀπόστολος
2642 705 2698 756 ὲν

1663 790 1784 851 ταῖς
1810 789 1903 841 ἐπὶ
1930 789 2072 842 τέλει
2090 792 2423 863 προσρήσεσι
2442 794 2544 863 τῆς
2567 793 2700 864 πρὸς

1670 878 1989 949 Ῥωμαίους,
2017 882 2234 952 μνήμην
2269 883 2577 953 πεποίηται,
2608 902 2701 955 με·-

1658 969 1727 1022 τὰ
1756 969 1865 1025 τῶν
1893 970 2065 1025 ἀλλῶν
2091 1013 2105 1036 ,
2142 974 2235 1026 καὶ
2272 975 2478 1046 Ἑρμᾶ,
2509 972 2569 1029 οὗ
2606 994 2700 1045 φα-

1664 1078 1745 1113 σιν
1778 1062 2042 1134 ὑπάρχειν
2074 1064 2135 1117 τὸ
2170 1065 2276 1120 τοῦ
2307 1066 2593 1136 Ποιμένος
2620 1068 2701 1139 βί-

1663 1155 1826 1209 ϐλίον·
1861 1155 2032 1210 ἰστέον
2059 1156 2134 1221 ὡς
2149 1159 2241 1211 καὶ
2257 1158 2416 1212 τοῦτο
2444 1161 2578 1232 πρὸς
2602 1162 2699 1233 μέν

1652 1267 1811 1303 τινων
1839 1248 2227 1315 ἀντιλεξλεκται,
2244 1253 2310 1305 δι’
2326 1252 2420 1317 οὒς
2436 1256 2535 1307 οὐκ
2552 1255 2616 1309 ἂν
2637 1256 2694 1311 ὲν

1652 1340 2100 1413 ὁμολογουμένοις
2132 1342 2333 1415 τεθείη·
2367 1344 2457 1415 ὑφ’
2494 1346 2695 1417 ἑτέρων

1651 1430 1708 1483 δὲ
1741 1430 2183 1499 ἀναγκαιότατον,
2226 1427 2308 1497 οἷς
2337 1435 2567 1506 μάλιστα
2614 1436 2696 1490 δεῖ

1659 1519 2049 1589 στοιχειώσεως
2078 1522 2466 1595 είσαγωγικῆς,
2505 1524 2692 1598 κέκρι-

1656 1628 1763 1664 ται’
1815 1612 1938 1665 ὅθεν
1984 1613 2084 1686 ήδη
2129 1615 2222 1668 καὶ
2266 1617 2324 1669 ὲν
2381 1616 2695 1689 ἐκκλησίαις

1663 1702 1819 1772 ίσμεν
1865 1704 1995 1757 αὐτὸ
2044 1705 2562 1780 δεδημοσιωμένον,
2602 1712 2696 1766 καὶ

1658 1791 1767 1843 τῶν
1822 1794 2196 1850 παλαιοτάτων
2239 1798 2295 1851 δὲ
2344 1802 2698 1872 συγγραφέων

1657 1886 2026 1958 κεχρημένους
2063 1889 2215 1955 τινὰς
2253 1893 2401 1966 αὐτῷ
2440 1895 2694 1967 κατείλη-

1656 1998 1752 2051 φα.

1751 2455 1900 2525 lusit,
1934 2460 2091 2529 ibid.,
2116 2462 2207 2519 lib.
2238 2480 2323 2531 ιιι,
2354 2483 2471 2537 cap.
2503 2468 2593 2523 25.

1736 2665 1824 2717 Ἐν
1889 2668 2004 2729 τοῖς
2077 2666 2251 2731 νόθοις
2307 2672 2690 2744 κατατετάχθαι

1652 2754 1746 2807 καὶ
1777 2754 1894 2808 τῶν
1925 2758 2169 2811 Παύλου
2202 2758 2474 2826 πράξεων
2505 2763 2538 2833 ἡ
2566 2779 2691 2833 γρα-

1653 2845 1749 2918 φὴ,
1778 2846 1806 2899 ὅ
1836 2863 1894 2899 τε
1918 2846 2207 2918 λεγόμενος
2228 2849 2474 2919 Ποιμήν.

1777 3145 1924 3209 Ιιιειι,
1955 3140 2110 3207 ibid.,
2141 3141 2234 3196 lib.
2266 3157 2317 3203 ν,
2348 3157 2465 3211 cap.
2494 3144 2546 3198 8.

1716 3368 1790 3421 Οὐ
1848 3367 2005 3438 μόνον
2063 3366 2121 3421 δὲ
2184 3361 2342 3433 οἶδεν,
2404 3366 2541 3421 ἀλλὰ
2594 3368 2690 3424 καὶ

1646 3457 1966 3528 ἀποδέχεται
1992 3459 2089 3544 τὴν
2110 3458 2215 3512 τοῦ
2245 3461 2535 3529 Ποιμένος
2554 3479 2690 3533 γρα-

1645 3546 1771 3618 φὴν,
1812 3547 2015 3616 λέγων’
2066 3547 2260 3612 Καλῶς
2306 3545 2399 3603 οὖν
2455 3544 2608 3604 εἶπεν
2654 3552 2688 3623 ἡ

1643 3643 1826 3715 γραφὴ
1872 3647 1905 3716 ἡ
1954 3645 2218 3712 λέγουσα·
2253 3644 2495 3713 Πρῶτον
2548 3646 2690 3700 πάν-

1644 3752 1761 3789 των
1804 3736 2139 3790 πίστευσον
2181 3737 2273 3791 ὅτι
2315 3738 2402 3805 εἷς
2444 3738 2618 3792 ἐστιν
2648 3741 2683 3792 ό

2942 600 3028 656 Ea:
3054 603 3324 672 interpret.
3355 604 3635 661 Cotelerii.

2841 710 3112 779 Quoniam
3136 728 3267 771 vero
3297 715 3579 782 apostolus
3609 716 3808 773 Paulus

2772 803 2826 857 in
2861 803 3283 859 salutationibus
3315 804 3423 859 illis
3468 822 3591 876 qua:
3624 808 3728 863 sub
3756 810 3809 863 ﬁ-

2772 910 2894 949 nem
2926 893 3183 964 Epistolae
3214 897 3282 951 ad
3317 896 3599 954 Romanos
3621 900 3808 971 legun-

2771 992 2878 1049 tur,
2921 985 3061 1040 inter
3090 996 3315 1043 caeteros
3352 990 3687 1045 mentionem
3734 990 3811 1046 fe-

2772 1078 2846 1134 cit
2872 1080 3035 1134 etiam
3057 1079 3286 1145 llernue,
3309 1083 3469 1153 cujus
3492 1099 3616 1139 esse
3640 1084 3807 1140 fertur

2774 1169 2906 1224 liber
2937 1170 3214 1237 Pastoris;
3265 1176 3550 1230 sciendum
3578 1187 3659 1231 est
3686 1194 3805 1233 eum

2770 1259 2967 1315 librum
2994 1278 3024 1316 a
3060 1265 3337 1319 nonnullis
3362 1266 3588 1335 quidem
3618 1267 3675 1321 in
3708 1268 3806 1322 du-

2767 1350 2915 1405 bium
2976 1368 3097 1407 esse
3151 1364 3488 1421 revocatum,
3542 1359 3616 1413 ob
3673 1375 3806 1428 quos

2764 1440 2909 1497 inter
2957 1452 3184 1514 receptae
3230 1448 3579 1504 auctoritatis
3638 1449 3808 1505 libros

2763 1534 2892 1604 poni
2946 1550 3055 1591 non
3106 1546 3310 1606 potest;
3371 1540 3441 1595 ab
3496 1541 3625 1597 aliis
3681 1558 3808 1599 vero

2767 1623 3003 1679 maxime
3024 1630 3389 1692 necessarius,
3413 1631 3481 1685 iis
3500 1634 3807 1701 praesertim

2768 1709 2863 1780 qui
2902 1711 3293 1769 introductoria
3353 1717 3421 1770 ad
3482 1718 3805 1788 religionem

2772 1800 3013 1874 indigent
3027 1804 3388 1871 institutione,
3400 1807 3805 1879 jndicatusest;

2769 1884 2912 1951 unde
2956 1897 3119 1951 etiam
3167 1898 3223 1953 in
3267 1900 3511 1956 ecclesiis
3544 1917 3677 1957 eum
3712 1919 3809 1973 pu-

2769 1986 2905 2043 blice
2952 1988 3151 2045 lectum
3195 1993 3419 2060 scimus,
3452 2005 3504 2052 et
3535 2011 3804 2067 quosnam

2764 2097 2830 2137 ex
2869 2087 3258 2145 vetustissimis
3303 2094 3672 2162 scriptoribus
3723 2104 3803 2150 te—

2764 2175 3024 2233 stimonio
3068 2178 3241 2249 ipsius
3272 2199 3406 2239 usos
3439 2184 3615 2241 fuisse
3656 2201 3806 2242 com-

2763 2266 2897 2336 peri.
2945 2266 3078 2341 Lege
3126 2270 3536 2344 Nicephorum,
3582 2277 3683 2334 lib.
3730 2294 3800 2343 ιι,

2764 2374 2880 2428 cap.
2907 2361 2997 2416 46.

2934 2566 3018 2622 Ea:
3056 2570 3325 2641 interpret.
3356 2574 3633 2632 Cotelerii.

2833 2678 2977 2735 lnter
3001 2681 3169 2739 libros
3200 2687 3397 2743 nothos
3425 2690 3727 2746 collocetur
3746 2704 3797 2750 et

2764 2770 2990 2823 Actuum
3020 2770 3180 2827 Pauli
3222 2778 3531 2851 scriptura,
3574 2794 3626 2837 et
3661 2784 3797 2840 liber

2762 2864 2856 2932 qui
2878 2864 3076 2921 dicitur
3105 2868 3322 2927 Pastor.

2943 3247 3025 3303 Ea:
3045 3252 3312 3323 interpret.
3342 3253 3618 3315 Cotelerii.

2831 3358 2949 3416 Non
2976 3363 3151 3418 solum
3188 3374 3367 3421 autem
3394 3367 3680 3446 [lrenzeus]
3704 3392 3793 3431 nuo

2760 3449 2855 3515 vit,
2882 3453 2975 3507 sed
2997 3463 3052 3508 et
3077 3456 3268 3526 recipit
3296 3456 3532 3514 Pastoris
3560 3467 3794 3534 scriptu-

2762 3556 2910 3607 ram,
2964 3544 3194 3603 dicens:
3233 3546 3399 3605 Recte
3440 3551 3610 3624 igitur
3660 3557 3795 3612 dixit

2762 3635 3063 3706 Scriptura,
3079 3654 3201 3709 qua:
3220 3641 3297 3696 ait
3317 3659 3331 3696 :
3357 3641 3538 3699 Primo
3562 3650 3795 3703 omnium

2756 3724 2926 3790 crede,
2956 3727 3093 3795 quod
3124 3744 3256 3782 unus
3277 3740 3356 3786 est
3378 3731 3537 3801 Deus,
3572 3738 3664 3807 qui
3678 3753 3791 3792 on-

537 3816 631 3888 qsti
675 3818 853 3871 omnia
906 3820 1103 3873 creavit
1163 3829 1319 3890 atque
1361 3836 1573 3888 compo-
1649 3824 1955 3890 Θεὸς,ότὰ
1973 3824 2107 3879 πάγη

2217 3826 2408 3895 ιτίσας
2429 3827 2526 3882 καὶ
2546 3843 2684 3883 κατ-
2757 3820 2847 3873 nia
2893 3822 3086 3876 creavit
3138 3834 3187 3878 et
3230 3834 3638 3899 consummavit,
3690 3842 3789 3889 etc.

538 3914 663 3969 suit.

1648 3914 1919 3983 αρτίσας,
1953 3914 2139 3969 καὶτὰ
2166 3915 2315 3987 ἑξῆς.

2113 4091 2225 4147 VII.

2760 3909 2881 3966 Lib.
2929 3928 3007 3979 ιι,
3057 3917 3239 3971 mand.
3277 3935 3332 3983 ι,
3373 3920 3505 3993 Lege
3542 3923 3790 3996 Nicepb.,

2761 4006 2854 4059 lib.
2889 4022 2964 4076 tv,
2986 4026 3103 4079 cap.
3136 4011 3223 4068 Η.

848 4218 1211 4283 Arnuusws,
1242 4214 1321 4272 De
1351 4214 1730 4272 lncarnatione
1754 4214 1919 4272 Verbi
1944 4213 2059 4282 Dei,
2084 4231 2107 4269 ιι

2217 4255 2229 4269 .
2255 4215 2310 4279 3,
2338 4224 2463 4269 tom.
2494 4213 2539 4282 Ι,
2563 4231 2685 4285 pag.
2714 4213 2804 4282 49,
2834 4212 2898 4267 υ;
2927 4216 3054 4271 edit.
3081 4215 3286 4285 Paris.,
3313 4221 3475 4279 1698.

608 4332 677 4387 At
703 4328 886 4387 divina
909 4330 1155 4387 doctrina
1182 4338 1237 4386 et
1272 4332 1479 4388 Christi
1516 4332 1717 4388 tidcs...
1743 4331 1819 4387 ait
1844 4347 1936 4403 per
1951 4330 2103 4403 Moy-

540 4439 653 4480 setn
680 4418 974 4496 quidem...
1004 4435 1057 4481 et
1089 4426 1142 4480 in
1172 4427 1468 4482 utilissimo
1504 4425 1750 4480 Pastoris
1774 4425 1916 4481 libro
1940 4444 1952 4480 :
1980 4424 2107 4479 Pri-

2296 4331 2359 4383 'H
2387 4329 2444 4383 δὲ
2477 4329 2657 4394 ἔνθεος
2686 4329 3033 4394 διδασκαλία,
3065 4329 3158 4383 nat
3188 4328 3223 4401 ἠ
3261 4328 3675 4409 κατὰ-Χριστὸν
3702 4332 3786 4386 πί·

2221 4441 2337 4487 στις
2364 4456 2432 4465 -
2467 4423 2601 4495 φησὶ
2632 4422 2721 4476 διὰ
2751 4422 2850 4495 μὲν
2877 4422 3158 4486 Μωῦσέως
3179 4454 3251 4463 --
3274 4422 3367 4477 διὰ
3392 4422 3449 4476 δὲ
3471 4424 3571 4497 τῆς
3595 4425 3784 4496 ὠφελι-

538 4532 685 4570 mum
722 4517 959 4570 omnium
1004 4517 1154 4570 crede
1194 4534 1358 4571 unum
1400 4515 1569 4571 Deum
1608 4533 1753 4582 esse,
1801 4516 1892 4586 qui
1931 4514 2107 4569 omnia

2218 4515 2470 4586 μωτάτης
2522 4514 2702 4586 βίϐλου
2760 4515 2867 4569 τοῦ
2922 4513 3229 4585 Ποιμένος·
3276 4514 3518 4583 Πρῶτον
3555 4517 3786 4572 πάντων

536 4609 733 4663 creavit
760 4617 813 4662 et
844 4608 1085 4679 perfecit,
1130 4624 1290 4678 eaque
1338 4624 1456 4678 qua:
1494 4623 1598 4663 non
1636 4616 1807 4675 erant,
1849 4617 1904 4662 ut
1933 4614 2107 4662 essent

2217 4608 2568 4673 πίστευσον,
2597 4606 2685 4661 ὅτι
2714 4608 2803 4674 εἷς
2825 4607 2996 4662 ἐστιν
3026 4609 3059 4662 ὁ
3097 4606 3261 4673 Θεὸς,
3284 4610 3317 4663 ό
3347 4608 3420 4661 τὰ
3446 4607 3645 4663 πάντα
3671 4611 3783 4662 κτί-

2216 4715 2333 4767 σας
2350 4700 2447 4755 καὶ
2469 4701 2846 4770 καταρτίσας,
2876 4698 2975 4754 καὶ
3000 4700 3260 4770 ποιήσας
3285 4700 3355 4756 ἐκ
3379 4701 3486 4757 τοῦ
3509 4700 3600 4772 μὴ
3623 4700 3785 4766 ὄντος

539 4701 685 4772 fecit.
710 4698 829 4756 Lib.
866 4714 927 4763 ιι,
957 4700 1141 4755 mand.
1168 4716 1207 4755 1.

2215 4794 2303 4857 εἰς
2330 4791 2397 4845 τὸ
2426 4792 2598 4847 εἶναι.

1201 4908 1354 4976 locis,
1378 4906 1455 4964 De
1485 4908 1730 4965 Decretis
1754 4904 1987 4962 Nicaeus:
2017 4906 2234 4979 synodi,
2260 4925 2407 4964 num.
2434 4909 2490 4976 4,
2517 4918 2643 4963 tom.
2676 4913 2717 4976 Ι,
2741 4924 2863 4979 pag.
2889 4907 3018 4975 2H,
3059 4906 3124 4964 Ι).

612 5027 669 5086 Id
695 5044 843 5095 vero,
878 5036 939 5083 ut
968 5028 1047 5083 ait
1083 5027 1296 5096 Pastor,
1331 5047 1439 5087 non
1479 5030 1584 5086 nisi
1617 5045 1650 5086 a
1681 5030 1903 5086 diabolo
1930 5038 2113 5085 ortum

542 5125 724 5182 habet.
753 5123 873 5179 Lib.
911 5140 971 5189 ιι,
1002 5123 1183 5176 mand.
1218 5138 1289 5178 ιχ.

610 5360 667 5416 ln
704 5361 927 5416 Pastore
986 5370 1168 5418 autem
1208 5359 1472 5433 scriptum
1516 5368 1601 5416 est
1645 5358 2109 5430 (quandoquidem

541 5456 742 5511 librum
773 5456 919 5511 hunc
949 5456 1140 5523 citant,
1182 5453 1435 5526 quamvis
1479 5468 1590 5509 non
1622 5453 1695 5508 sit
1721 5468 1790 5507 ex
1823 5450 2065 5523 Canone)
2092 5470 2106 5507 :

2220 5123 2393 5177 δόλου.

1616 5239 1767 5309 lusu,
1802 5238 2017 5319 ibidem,
2049 5257 2195 5297 num.
2228 5241 2315 5306 l8,
2338 5257 2462 5312 pag.
2490 5239 2616 5305 223,
2644 5237 2709 5295 F.

2300 5362 2389 5416 Ἐν
2426 5360 2483 5415 δὲ
2509 5358 2587 5426 τῷ
2616 5358 2858 5430 Ποτμένι
2884 5357 3189 5431 γέγραπται
3227 5353 3435 5426 (ἐπειδὴ
3467 5353 3565 5407 καὶ
3597 5351 3779 5410 τοῦτο.

2217 5455 2311 5510 καί
2343 5471 2426 5508 τοι
2458 5453 2533 5526 μὴ
2566 5452 2625 5506 ὃν
2656 5453 2721 5506 ὲκ
2749 5451 2845 5506 τοῦ
2880 5450 3122 5514 κανόνος,
3149 5446 3529 5521 προφέρουσψ
3552 5444 3807 5514 Πρῶτον

2291 5030 2464 5085 Τοῦτο
2490 5031 2566 5096 δὲ,
2598 5031 2672 5095 ὡς
2702 5034 2734 5086 ὀ
2759 5029 2991 5101 Ποιμὴν
3021 5030 3261 5102 εἴρηκεν,
3292 5024 3515 5097 ἕκγονόν
3544 5027 3659 5079 ἐστι
3682 5024 3781 5078 δια-

544 5547 789 5602 Primum
816 5549 1049 5604 omnium
1073 5549 1225 5605 crede
1249 5565 1410 5604 unum
1441 5563 1551 5603 esse
1580 5546 1747 5602 Deum
1768 5587 1784 5614 ,
1814 5546 1905 5617 qui
1937 5545 2107 5600 omnia

2217 5545 2455 5601 πάντων
2485 5545 2851 5607 πίστευσον,
2899 5542 2990 5594 ὅτι
3020 5541 3109 5606 εἷς
3153 5540 3323 5594 ἐστιν
3364 5541 3398 5593 ό
3446 5536 3621 5602 Θεὸς,
3654 5539 3687 5589 ό
3715 5532 3808 5586 td;

544 5640 737 5693 creavit
759 5649 808 5694 et
834 5641 1051 5711 perfecit
1075 5681 1089 5707 ,
1117 5643 1392 5713 omniaque
1421 5656 1487 5705 ex
1512 5640 1679 5698 nihilo
1700 5679 1714 5707 ,
1748 5648 1806 5695 ut
1832 5648 1999 5694 essent
2032 5638 2109 5708 fe-

543 5734 636 5788 cit.
667 5733 787 5791 Lib.
821 5749 879 5801 ιι,
905 5734 1091 5792 mand.
1122 5752 1159 5793 ι.

2215 5637 2411 5691 πάντα
2454 5638 2666 5704 κτίσας
2711 5633 2809 5689 καὶ
2852 5631 3247 5699 καταρτίσας,
3290 5627 3387 5683 καὶ
3423 5627 3682 5693 ποιήσας
3714 5623 3775 5676 ἐι

2220 5725 2321 5780 τοῦ
2348 5724 2434 5796 μὴ
2459 5723 2632 5790 ὄντος
2659 5724 2744 5791 εἰς
2778 5722 2842 5776 τὸ
2869 5720 3022 5776 εἶναι
3056 5721 3127 5774 τὰ
3151 5718 3365 5782 πάντα.
