4040 6322
1495 292 1785 351 PASTOR.
1823 324 1894 339 -
1929 296 2293 354 PROGSMIA.

1823 412 1988 469 XXII.

431 528 697 583 Scalpron
732 529 863 583 Vitas
892 529 948 584 S.
977 530 1283 600 Genovefze,
1313 548 1430 603 cap.
1460 550 1533 599 tv,
1560 552 1707 595 num.
1732 537 1819 603 15,
1846 538 1986 608 apud
2018 538 2358 603 Bollandum,
2394 537 2427 591 5
2455 536 2729 605 Januarii,
2762 548 2886 591 tom.
2924 540 2961 605 I,
2995 560 3117 613 pag.
3155 544 3276 599 159.

297 644 589 723 Duodecim
609 643 767 723 enim
800 646 1034 723 virgines
1064 645 1374 723 spirituales
1394 688 1409 712 ,
1440 663 1579 723 quas
1608 646 1859 723 Hermas,
1901 649 1994 721 qui
2036 650 2848 723 etPastorinuncupatusest,
2884 658 2935 711 in
2967 658 3107 713 libro
3137 676 3239 716 suo
3263 661 3475 719 deseri-

203 726 353 837 gert.
384 718 431 798 ei
457 715 749 797 individuae
774 715 1003 798 comites
1029 715 1313 799 exstitere;
1359 715 1488 802 quas.
1520 718 1593 773 ita
1636 715 1990 801 nominantur
2015 736 2028 772 :
2057 716 2218 802 Fides
2234 760 2255 786 I,
2291 715 2652 803 Abstinen'tia,
2714 715 3001 791 Patientia,
3048 715 3469 803 Magnanimitas

265 788 578 837 tumltcrtas.
611 785 943 837 Innocentia.
967 787 1293 837 Concordia.
1324 786 1597 837 Charitas-
1628 788 1945 837 Disctnlma-
1968 790 2223 837 Gaetulas-
2261 786 2472 837 Veritas
2499 802 2553 837 at
2578 794 2883 837 prllrlanlin,
2933 797 3025 837 LM.
3076 816 3133 837 ι..
3193 804 3334 837 ,δηιει
3385 822 3435 837 .-

265 786 578 869 implicitas,
611 785 943 869 innocentia,
967 786 1293 856 Concordia,
1324 785 1599 856 Charitas,
1628 788 1946 860 Disciplina,
1968 785 2237 856 Castitas,
2261 786 2472 847 Veritas
2499 802 2553 848 et
2576 794 2889 851 Prudentia.
2927 785 3047 854 Lib.
3076 785 3166 861 ιιιῗ
3189 785 3356 858 simil;
3384 785 3462 869 ii;

200 875 373 927 capp.
405 858 461 944 2,
490 856 558 912 15
584 866 635 912 et
663 872 806 929 seqq.

1804 948 1995 1008 XXIII.

1277 1060 1508 1119 Josms
1529 1061 1985 1133 Suusnsnrsusxs,
2024 1064 2275 1135 Epistola
2300 1064 2424 1121 {72.

291 1182 453 1240 Liber
483 1199 623 1257 vero
639 1180 931 1253 Sapientia:
956 1188 1020 1257 _e_t
1045 1176 1483 1257 Ecclesiastieus,
1507 1175 1692 1257 Iudith
1713 1218 1727 1243 ,
1762 1178 1964 1257 Tobias
1985 1190 2039 1237 et
2066 1182 2282 1257 Pastor,
2311 1193 2369 1257 ut
2400 1184 2539 1240 idem
2566 1181 2932 1257 Hieronymus
2971 1191 3187 1257 asserit,
3224 1210 3329 1248 non
3379 1210 3467 1249 re-

202 1265 480 1378 futantur
509 1257 563 1311 in
588 1248 830 1311 Cannae.
854 1278 929 1333 :—
956 1250 1047 1304 llle
1074 1257 1265 1331 autem
1298 1248 1390 1318 qui
1436 1248 1636 1329 _Pastor
1676 1250 1997 1306 inscribitur
2059 1270 2127 1309 an
2168 1254 2369 1309 alicubi
2415 1257 2507 1321 sit,
2538 1259 2724 1314 nescio
2751 1248 2894 1313 z'sed
2924 1270 3134 1315 certum
3175 1248 3282 1328 est,
3311 1248 3457 1334 quod

234 1324 584 1378 lteronvmus
609 1334 663 1378 et
686 1323 829 1378 Beda
856 1322 1009 1377 illum
1036 1320 1240 1375 vidisse
1264 1328 1317 1374 et
1347 1320 1544 1378 legisse
1575 1334 1635 1375 se
1663 1328 1958 1376 testantur.

234 1324 584 1399 lieronymus
609 1334 663 1380 et
686 1323 829 1379 Beda
856 1322 1009 1377 illum
1036 1320 1240 1375 vidisse
1264 1328 1317 1374 et
1347 1320 1544 1389 legisse
1575 1334 1635 1375 se
1663 1328 1958 1376 testantur.

228 1525 3454 1565 ._...___._______._____.______._______________

1378 1680 2322 1798 DISSERTATIO

624 1905 768 1993 DE
841 1908 1125 1999 VITA
1201 1908 1351 1998 ET
1418 1908 1951 2000 SCRIPTIS
2025 1909 2441 2002 SANCTI
2518 1910 3016 2003 HEBM/E.

942 2108 960 2177 (
992 2106 1053 2161 D.
1090 2108 1165 2165 Le
1210 2108 1453 2177 Nouum,
1500 2112 1805 2182 Apparatus
1852 2112 1921 2165 ad
1947 2111 2257 2167 Bibliothec.
2287 2128 2461 2180 mam,
2491 2128 2550 2183 p.
2574 2112 2689 2183 47.)

759 2249 1156 2308 ARTlCULUS
1194 2253 1237 2308 Ι.

282 2360 534 2431 Analysis
571 2364 740 2431 operis
758 2363 817 2419 S.
854 2365 1066 2422 Hermw
1086 2369 1172 2422 cui
1204 2370 1391 2423 titulus
1420 2386 1438 2423 :
1472 2370 1708 2425 Pss'ron.

282 2474 491 2533 Pnuws
521 2479 683 2549 hujus
707 2483 885 2551 operis
915 2484 1051 2540 liber
1088 2485 1139 2540 in
1177 2496 1413 2556 quatuor
1435 2487 1676 2542 visiones
1703 2485 1787 2540 di-

200 2570 523 2624 stribuitur.
569 2573 622 2626 ln
652 2575 824 2645 prima
868 2586 1059 2632 auctor
1087 2579 1370 2635 mulierem
1404 2578 1457 2633 in
1488 2578 1670 2634 Tiberi
1704 2579 1785 2633 la-

199 2671 432 2718 vantem
460 2680 517 2718 se
543 2665 744 2722 vidisse
768 2669 877 2734 ait;
913 2670 1070 2741 cujus
1097 2673 1317 2742 quidem
1353 2672 1530 2727 forma
1569 2684 1784 2743 captus,

201 2769 340 2807 cum
385 2769 611 2811 uxorem
640 2758 688 2810 ei
727 2758 958 2814 similem
988 2762 1409 2832 concupivisset,
1442 2762 1567 2817 inde
1594 2763 1663 2818 ab
1696 2779 1789 2817 ea-

201 2846 335 2899 dem
371 2848 616 2912 muliere,
653 2849 866 2920 aliaque
892 2852 1106 2907 seniore
1133 2862 1416 2923 correptus
1443 2863 1543 2908 est.
1578 2853 1785 2910 Exinde

203 2939 468 3007 patefacit
495 2940 765 3008 ejusmodi
807 2944 1069 3013 cogitata,
1102 2959 1224 3014 qum
1264 2946 1488 3000 minime
1523 2946 1662 3001 mala
1701 2946 1785 3000 vi-

203 3034 434 3093 dentur,
464 3034 769 3102 periculosa
798 3050 940 3103 esse,
966 3052 1067 3092 nec
1099 3038 1348 3092 criminis
1373 3041 1642 3110 expertia.
1676 3042 1783 3095 Ar-

207 3126 406 3196 guitur
438 3127 663 3197 insuper
715 3130 861 3198 quod
903 3138 1195 3198 peccantes
1226 3131 1367 3186 lilios
1399 3147 1530 3187 suos
1552 3173 1566 3196 ,
1601 3141 1661 3187 ut
1687 3148 1785 3203 par

197 3228 355 3280 erat,
394 3234 501 3273 non
548 3220 954 3287 emendaverit;
1007 3230 1061 3276 et
1099 3223 1229 3292 quid
1273 3224 1340 3278 ad
1372 3224 1590 3293 culpam
1639 3225 1783 3282 hanc

202 3310 499 3365 eluendum
525 3312 889 3381 prazstandum
924 3312 1081 3380 foret,
1107 3313 1352 3369 docetur.
1381 3311 1667 3370 Edilicata
1689 3316 1783 3370 de-

206 3404 381 3471 nique
409 3418 439 3456 a
484 3402 593 3457 Deo
622 3402 861 3459 Ecclesia
892 3404 939 3459 ei
979 3405 1307 3471 ostenditur,
1337 3416 1392 3462 et
1419 3407 1565 3479 quod
1598 3408 1780 3463 omnia

201 3497 365 3566 plena
395 3498 521 3566 ﬁent
541 3497 717 3552 electis
749 3499 881 3569 ejus.

1816 2261 1856 2318 Α
1887 2255 2103 2309 vitalem
2135 2254 2400 2327 integram
2423 2256 2685 2311 devorare
2707 2263 2939 2327 poterat.
2968 2252 3120 2309 Hanc
3140 2263 3321 2308 autem
3345 2250 3461 2308 bel-

1888 2347 2034 2401 luam
2068 2364 2326 2416 pressura:
2352 2362 2401 2402 et
2424 2348 2783 2403 tribulationis
2817 2354 3205 2418 superuentura:
3229 2344 3457 2415 ﬁguram

1887 2452 2028 2504 esse,
2060 2454 2088 2491 a
2121 2439 2363 2509 virgine,
2400 2455 2525 2509 quae
2568 2438 2868 2495 Ecclesiam
2921 2439 3213 2509 ﬁgurabat,
3244 2436 3455 2502 didicit,

1886 2529 1957 2583 ab
1982 2544 2157 2599 eaque
2183 2531 2395 2600 accepit
2421 2546 2527 2601 qua
2564 2540 2683 2585 arte
2715 2530 2857 2585 vinci
2895 2537 3113 2599 posset;
3146 2544 3211 2584 ac
3237 2527 3455 2583 tandem

1889 2620 2005 2676 haec
2030 2622 2259 2678 auribus
2280 2634 2599 2679 sanctorum
2624 2623 2771 2692 loqui
2809 2622 3049 2691 jubetur.

1960 2712 2127 2769 Lmen
2157 2729 2423 2771 secunous
2468 2715 2758 2770 duodecim
2801 2714 3077 2777 mandata,
3116 2728 3238 2782 quae
3264 2711 3459 2767 Pastor

1891 2808 2127 2870 nuntius,
2159 2817 2208 2860 et
2240 2808 2551 2877 prepositus
2574 2808 2895 2877 pauitantia:
2925 2807 2994 2861 ab
3033 2804 3228 2860 Herma
3260 2804 3460 2859 descri-

1889 2899 1939 2953 bi
1970 2899 2222 2968 imperat,
2246 2900 2639 2969 complectitur.
2665 2899 2908 2955 Primum
2938 2914 3128 2953 eorum
3152 2893 3454 2966 docetquid

1888 2993 1954 3047 de
1982 2993 2113 3059 Deo,
2139 2993 2233 3063 qui
2262 2993 2540 3049 timendus
2574 3002 2690 3059 est,
2737 2992 3086 3048 credendum.
3119 2989 3454 3053 Secundum,

1884 3082 2051 3136 vitam
2079 3082 2133 3136 in
2158 3082 2507 3152 simplicitate
2536 3092 2589 3137 et
2614 3081 2928 3137 innocentia
2950 3080 3277 3143 ducendam,
3308 3080 3454 3134 elec-

1886 3190 2145 3247 mosynas
2172 3175 2429 3231 omnibus
2462 3175 2801 3246 erogandas,
2846 3174 3050 3229 nullius
3095 3173 3253 3227 fama:
3273 3172 3456 3227 detra-

1884 3267 2146 3324 hendum.
2179 3262 2445 3335 Tertium,
2479 3269 2763 3324 veritatem
2789 3282 3001 3338 semper
3025 3266 3375 3322 asserendatn
3401 3271 3457 3319 et

1883 3372 2163 3426 nunquam
2186 3358 2574 3413 mentiendum.
2609 3356 2898 3423 Quartum,
2930 3357 3236 3412 castitatem
3262 3371 3457 3425 corpoo

1882 3449 1959 3504 ris
1984 3458 2147 3519 atque
2189 3450 2386 3504 animat
2422 3448 2785 3515 servandam,
2814 3449 3054 3519 quidque
3095 3463 3286 3518 sponso
3328 3463 3455 3518 erga

1880 3558 2128 3611 sponsam
2151 3541 2415 3611 inﬁdelem
2438 3543 2707 3612 agendum
2733 3543 2824 3598 sit.
2854 3541 2929 3596 lbi
2958 3556 3087 3595 vero
3116 3541 3362 3610 quadam
3388 3541 3456 3594 de

280 3608 338 3662 In
371 3610 607 3665 secunda
636 3610 844 3667 visione
884 3612 1101 3668 oblatus
1126 3623 1209 3669 est
1246 3612 1457 3671 Hermae
1500 3616 1569 3670 ab
1589 3616 1778 3672 eadem

1884 3608 2217 3701 penitentiav
2231 3632 2407 3687 obiter
2437 3608 2899 3703 perstringuntur.
2933 3608 3192 3698 Quintum
3228 3629 3456 3683 manda-

203 3716 317 3754 anu
356 3701 530 3768 liber;
562 3716 722 3771 quem
764 3719 889 3757 cum
920 3705 1140 3776 legisset
1175 3706 1637 3777 intellexissetque
1658 3750 1673 3773 ,
1710 3723 1777 3762 eo

203 3808 404 3848 rursus
424 3796 741 3866 castigatur,
773 3797 921 3865 quod
963 3808 1190 3867 peccata
1230 3800 1418 3855 uxoris
1458 3816 1571 3854 suae
1607 3815 1671 3855 ac
1712 3801 1777 3854 li-

201 3888 405 3942 liorum
435 3901 541 3943 non
562 3889 927 3958 prohibuerit,
953 3890 1139 3962 illique
1162 3894 1404 3961 aperitur
1434 3893 1564 3964 quid
1591 3895 1656 3948 ad
1676 3894 1775 3949 ob-

200 3977 480 4030 tinendam
508 3978 717 4032 veniam
743 3994 903 4051 agere
932 3982 1143 4036 debeat.
1166 3982 1344 4053 Atque
1385 3983 1456 4037 ibi
1486 3994 1774 4054 postquam

199 4069 269 4123 de
294 4070 635 4139 pii-nitentia,
660 4071 972 4126 innocentia
1003 4083 1054 4128 et
1086 4075 1434 4144 simplicitate
1475 4092 1655 4132 sermo
1692 4079 1777 4134 in-

199 4160 427 4214 stitutus
458 4170 559 4224 est,
594 4162 903 4231 praecipitur
945 4165 1291 4231 aununtiare,
1321 4166 1467 4237 quod
1499 4167 1775 4223 tribulatio

201 4269 397 4322 magna
426 4254 579 4307 venit.
605 4252 706 4323 Ipsi
730 4254 922 4309 deinde
936 4256 1263 4335 declaratur,
1284 4258 1589 4327 mulierem,
1609 4276 1773 4331 quam

199 4347 436 4411 viderat,
469 4362 590 4402 esse
621 4345 943 4414 Ecclesiam,
975 4364 1004 4402 a
1037 4365 1142 4418 qua
1170 4360 1228 4403 ut
1257 4350 1367 4404 duo
1391 4354 1677 4408 memorati
1710 4354 1775 4408 li-

200 4436 287 4491 bri
336 4453 458 4507 quae
502 4438 864 4508 descripserat
918 4440 1249 4509 exemplaria
1276 4480 1291 4503 ,
1328 4457 1497 4495 unum
1553 4443 1771 4513 quidem

200 4529 441 4600 Craptaz,
476 4530 704 4585 alterum
731 4547 858 4585 vero
887 4531 1149 4586 Clementi
1176 4573 1190 4597 ,
1236 4548 1331 4603 per
1361 4550 1553 4589 omnes
1579 4535 1771 4588 civita-

202 4635 285 4679 tes
316 4625 662 4689 mittendum,
704 4633 761 4679 ut
791 4624 1019 4695 ipsemet
1044 4622 1260 4695 dirigat,
1294 4626 1613 4681 mandatum
1644 4642 1776 4683 cou-

201 4720 358 4773 tinuo
383 4718 598 4788 accipit.

273 4830 332 4885 In
364 4830 523 4886 tertia
550 4832 760 4887 visione
786 4831 976 4887 eadem
1006 4832 1203 4887 mulier
1236 4834 1453 4900 turrim,
1486 4850 1607 4904 quas
1641 4836 1773 4891 πιύί-

200 4926 508 5022 ίίεειὶκιιιιικΔ
528 4924 740 5022 Herium
766 4926 1034 5022 ostendit;
1057 4926 1246 4996 illique
1266 4929 1567 4998 quomodo,
1596 4945 1626 4985 a
1650 4932 1773 5001 qui-
1800 4966 1842 5022 ϐ

200 5018 307 5074 bus
330 5026 386 5071 et
418 5016 616 5087 quibus
643 5017 916 5088 lapidibus
938 5027 1382 5086 construeretur;
1412 5029 1575 5091 atque
1597 5038 1660 5076 ex
1696 5023 1774 5075 la-

200 5113 422 5183 pidibus
447 5112 539 5182 qui
566 5111 854 5181 assumpti,
892 5111 987 5181 qui
1028 5111 1238 5180 rejecti,
1276 5112 1371 5182 qui
1408 5112 1608 5169 iterum
1634 5114 1772 5169 secti

201 5207 540 5276 editicioque
572 5206 762 5275 aptati,
796 5205 943 5261 clare
980 5206 1248 5273 explicat;
1293 5221 1359 5262 ac
1394 5222 1503 5277 qua
1551 5207 1769 5261 tandem

200 5301 411 5354 ratione
438 5300 552 5353 haec
582 5301 747 5353 turris
769 5296 1028 5353 Ecclesia:
1048 5298 1221 5367 ligura
1245 5308 1411 5364 esset,
1441 5299 1637 5368 aperit.
1673 5297 1772 5354 His

201 5394 289 5448 ille
336 5393 504 5447 trium
535 5392 781 5462 ejusdem
828 5390 1115 5457 Ecclesiae,
1152 5406 1320 5461 quam
1370 5392 1475 5448 sub
1516 5392 1766 5448 mulieris

201 5485 381 5555 specie
408 5485 649 5548 viderat,
697 5483 979 5554 subjungit
1020 5483 1425 5552 apparitionum
1467 5484 1769 5554 expositio-

200 5594 343 5633 nem.

268 5671 476 5735 Quarta
508 5669 803 5738 ultimaque
820 5668 1030 5724 visione
1068 5666 1297 5722 Hermas
1324 5670 1614 5738 conspexit
1649 5668 1767 5723 bel-

217 5772 370 5821 nam,
402 5770 522 5825 quae
554 5771 663 5812 uno
692 5756 915 5813 haustu.
946 5757 1050 5814 nisi
1082 5758 1305 5827 angelus
1336 5758 1659 5825 obstitisset,
1688 5760 1768 5813 ci-

1882 3734 1994 3780 tum
2031 3724 2481 3795 wquanimitatem
2512 3733 2561 3777 et
2585 3723 2900 3793 patientiam
2943 3721 3205 3793 praecipit.
3246 3720 3410 3774 Sexto
3435 3756 3451 3785 ,

1879 3816 2002 3870 dum
2031 3817 2131 3870 vias
2154 3826 2209 3869 et
2242 3816 2353 3870 duo
2378 3814 2545 3885 genii,
2572 3828 2806 3884 quorum
2834 3829 2975 3867 unus
2991 3812 3240 3881 justitiae,
3270 3819 3326 3866 et
3360 3827 3453 3866 see

1878 3906 2167 3977 quendus;
2196 3906 2332 3961 alter
2363 3905 2665 3976 iniustitiae,
2690 3913 2744 3959 et
2772 3903 3123 3973 expellendus
3153 3902 3454 3957 ostendun-

1878 4006 1985 4052 tur.
2017 3997 2283 4067 Septimo,
2333 3995 2501 4051 Deum
2544 3996 2866 4062 timendum,
2914 3994 3136 4048 minime
3180 4008 3307 4047 vero
3337 3994 3450 4046 dae-

1877 4104 2117 4144 monem.
2167 4090 2403 4155 Octavo,
2430 4105 2592 4143 omne
2635 4088 2840 4142 malum
2894 4086 3039 4157 quod
3093 4085 3449 4155 fugiendum,

1877 4196 2041 4235 omne
2078 4180 2284 4235 bonum
2316 4179 2465 4250 quod
2496 4180 2783 4268 agendum.
2811 4188 2910 4234 est.
2947 4175 3123 4243 Nono,
3154 4190 3275 4246 quae
3307 4176 3449 4231 bona

1877 4277 1987 4331 sint
2027 4275 2082 4330 in
2125 4277 2374 4331 oratione
2415 4276 2533 4331 sine
2570 4274 2911 4330 dubitatione
2945 4283 2998 4328 et
3029 4288 3153 4328 cum
3200 4287 3453 4341 perseve-

1875 4367 2075 4434 rantia,
2100 4382 2130 4421 a
2155 4366 2267 4422 Deo
2284 4382 2498 4437 semper
2522 4366 2869 4437 postulanda.
2899 4365 3176 4419 Decimum
3200 4364 3452 4432 prohibet

1875 4460 2149 4515 tristitiam
2171 4501 2187 4527 ,
2226 4475 2348 4531 qua:
2390 4460 2506 4531 ﬁlia
2532 4459 2882 4513 dubitationis
2912 4468 2959 4511 et
2992 4458 3286 4511 iracundia:
3328 4472 3451 4510 esse

1876 4551 2301 4606 demonstratur.
2338 4543 2696 4606 Undecimum
2736 4550 2909 4619 aperit
2952 4549 3081 4619 quid
3118 4548 3451 4602 discriminis

1879 4642 1952 4696 sit
1979 4657 2139 4697 veros
2171 4643 2311 4697 inter
2340 4658 2404 4697 ac
2442 4641 2612 4695 falsos
2655 4641 2981 4712 prophetas;
3008 4639 3075 4693 de
3098 4640 3297 4708 quibus
3332 4652 3450 4690 rur-

1876 4750 1971 4790 sus
2002 4746 2055 4790 et
2084 4736 2137 4789 in
2167 4734 2515 4795 duodecimo.
2543 4734 2635 4788 ubi
2667 4734 2734 4786 de
2770 4733 2910 4786 bona
2956 4730 3206 4800 malaque
3240 4728 3451 4797 cupidi-

1874 4835 2005 4891 tate,
2058 4827 2230 4881 altera
2286 4827 2601 4896 sequenda,
2654 4824 2906 4897 fugienda
2947 4823 3116 4876 altera
3141 4828 3446 4885 ,traetatur.

1876 4915 2006 4970 Post
2035 4918 2149 4970 haec
2171 4915 2367 4970 Pastor
2394 4913 2607 4970 Hermae
2638 4915 2888 4985 imperat,
2930 4921 2990 4967 ut
3016 4912 3309 4982 diligenter
3334 4909 3449 4962 baac

1880 5008 2064 5062 omnia
2097 5018 2279 5063 servet
2303 5008 2579 5073 mandata,
2624 5009 2985 5076 hortaturque
3028 5020 3256 5067 omnes,
3294 5010 3354 5055 ut
3384 5016 3447 5053 ea

1877 5100 2078 5171 pariter
2106 5098 2416 5156 observent.
2453 5098 2695 5169 Denique
2724 5099 2863 5154 idem
2894 5098 3091 5152 Pastor
3119 5096 3257 5149 hanc
3294 5108 3448 5146 man-

1876 5190 2129 5243 datorum
2179 5190 2659 5255 observationem,
2711 5203 2934 5259 propter
2978 5202 3141 5257 quam
3197 5186 3447 5238 homines

1875 5281 2040 5333 vivent
2073 5279 2205 5347 Deo,
2230 5280 2311 5334 eis
2342 5279 2657 5335 facillimam
2682 5297 2806 5336 esse
2838 5282 3196 5334 demonstrat.

1942 5393 1993 5450 Is
2022 5410 2184 5464 porro
2212 5397 2264 5450 iu
2306 5412 2509 5451 TERTIO
2545 5412 2700 5452 Ltano
2728 5398 2793 5451 ad
2831 5395 3011 5450 varias
3042 5389 3445 5455 similitudines,

1872 5486 2072 5554 quibus
2093 5485 2347 5541 Hermam
2366 5488 2581 5543 erudire
2609 5488 2804 5559 pergit,
2827 5485 3091 5542 CODVcrlil
3114 5496 3443 5538 sermonem.

1878 5576 2041 5633 Docet
2068 5579 2251 5649 itaque
2272 5595 2379 5635 non
2410 5581 2615 5636 divitiis
2639 5578 3068 5642 accumulandis,
3088 5577 3180 5632 sed
3210 5589 3445 5643 erOgan-

1873 5666 1958 5723 dis
1980 5667 2339 5740 cleemosynis
2363 5671 2805 5725 incuntbeudum.
2832 5667 2986 5735 Quod
3010 5668 3225 5738 quidem
3254 5671 3454 5735 protract

1873 5762 2231 5818 similitudine
2262 5763 2385 5818 vitis
2408 5780 2529 5820 cum
2563 5764 2729 5819 divite
2750 5808 2762 5829 ,
2799 5775 2849 5819 et
2876 5763 3004 5818 ulmi
3032 5777 3153 5819 c'tm
3186 5774 3452 5833 patum-ﬁ
