4040 6322
576 306 686 363 835

1997 300 2059 358 S.
2098 301 2403 359 HERMAS.

3732 306 3835 363 856

573 418 671 489 qui
708 414 816 471 nisi
845 412 1065 469 divitem
1085 454 1100 479 ,
1128 412 1269 468 sicut
1299 413 1479 467 ulmus
1511 413 1672 467 vitem
1706 410 1924 475 fulciat,
1953 410 2152 477 serpit,
2182 414 2227 471 Α
2258 412 2463 467 scilicet
2493 410 2571 467 Pii
2620 426 2790 482 papae,
2819 413 3146 482 episcopatu,
3181 414 3351 483 frater
3393 417 3563 485 ipsius
3610 416 3832 472 Hermas

575 525 676 564 nec
723 507 890 562 ullum
942 504 1026 559 vix
1075 520 1316 574 unquam
1358 504 1592 559 fructum
1644 502 1857 558 referet.
1900 500 2037 556 Hinc
2081 501 2149 554 ad

573 603 710 657 alias
739 599 934 654 transit
962 598 1349 653 similitudines
1370 637 1385 662 ,
1411 597 1743 667 planumque
1766 595 1941 665 primo
1973 593 2026 649 id
2072 592 2153 647 fa—

574 694 682 760 cit,
704 692 848 763 quod
872 693 1013 746 sicut
1040 692 1202 746 arbor
1230 690 1419 744 viridis
1445 706 1474 743 a
1508 689 1651 743 sicca
1683 703 1791 742 non
1838 686 2017 741 hieme
2055 686 2151 741 sed

573 794 760 842 estate
789 784 1160 854 distinguitur,
1188 783 1269 838 sic
1307 780 1671 849 homojustus
1708 781 1777 834 ab
1809 779 2012 849 injusto
2043 794 2150 832 non

572 879 627 932 in
661 878 764 932 hoc
795 877 1019 941 mundo,
1047 876 1141 930 sed
1167 876 1220 929 in
1239 874 1446 943 judicio
1468 880 1713 927 extremo
1734 882 1817 926 est
1838 872 2151 926 discernen-
2178 906 2186 916 .

572 970 696 1024 dus.
732 967 933 1023 Deinde
971 966 1240 1036 jejunium
1273 982 1398 1021 eum
1432 980 1494 1021 ea
1526 972 1805 1035 comparat
1837 962 2150 1034 diligentia,

570 1077 679 1131 qua
710 1076 901 1115 servus
925 1060 1086 1114 vitem
1117 1059 1323 1113 domini
1347 1058 1431 1113 sui
1461 1101 1476 1125 ,
1507 1058 1681 1129 magis
1707 1073 1872 1128 quam
1896 1056 1998 1112 sibi
2034 1055 2153 1110 fue-

573 1163 657 1207 rat
684 1154 1024 1222 imperatum,
1058 1153 1238 1207 colere
1265 1151 1490 1206 studuit.
1524 1149 1641 1217 Qua
1674 1150 1861 1204 eadem
1890 1149 2151 1203 similitu-

570 1244 696 1298 dine
731 1244 964 1298 ostendit
993 1254 1194 1314 quanta
1221 1260 1314 1309 pro
1345 1241 1643 1295 hominibus
1673 1241 1810 1295 Deus
1841 1240 2148 1310 patraverit,

570 1347 623 1404 et
665 1348 867 1407 quanta
911 1337 984 1390 illi
1027 1338 1259 1406 puritate
1289 1338 1451 1389 vitam
1479 1335 1762 1389 instituere
1785 1334 2035 1388 debeant.
2069 1332 2151 1386 Ob

570 1431 760 1484 oculos
787 1438 971 1499 postea
1001 1440 1271 1498 pastorem
1296 1428 1548 1498 juvenem
1573 1428 1745 1497 ponit,
1776 1426 1934 1495 cujus
1963 1441 2151 1494 pecora

569 1523 782 1593 copiosa
807 1524 860 1576 in
882 1522 1236 1593 voluptatibus
1274 1534 1322 1575 e:
1358 1521 1566 1574 deliciis
1587 1562 1601 1585 ,
1633 1518 1938 1589 ligurabant
1971 1518 2148 1571 homi-

570 1631 668 1671 nes
690 1615 1058 1685 voluptatibus
1081 1614 1325 1680 deditos;
1352 1629 1585 1683 quorum
1611 1611 1779 1681 aliqui
1802 1627 2146 1679 corrumpan-

571 1720 658 1761 tur
690 1725 849 1778 usque
877 1708 946 1761 ad
970 1708 1336 1777 defectionem,
1357 1707 1445 1759 alii
1469 1720 1640 1774 usque
1667 1705 1732 1757 ad
1757 1712 2005 1758 mortem.
2029 1701 2147 1756 Non

569 1800 825 1853 dillitetnr
872 1809 1051 1853 tamen
1096 1799 1360 1867 quasdam
1399 1813 1520 1851 esse
1556 1796 1893 1866 voluptates,
1923 1784 2147 1848 salutem

568 1891 860 1959 afferentes.
878 1889 1017 1945 Hinc
1033 1890 1178 1945 venit
1196 1892 1259 1943 ad
1280 1889 1687 1944 similitudinem
1712 1888 1896 1943 salicis
1917 1903 2146 1963 ntagiue,

566 1981 725 2050 cujus
773 1981 907 2034 rami
954 1982 1157 2051 absque
1202 1982 1413 2035 arboris
1460 1979 1825 2034 diminutione
1874 1980 2143 2045 abscissi,

568 2075 863 2144 multisque
892 2074 1205 2128 hominibus
1241 2073 1550 2137 distributi,
1584 2083 1747 2143 atque
1784 2072 1950 2126 variis
1985 2072 2114 2127 sicci

567 2168 694 2221 tatis
711 2176 764 2221 et
788 2166 1074 2221 viriditatis
1096 2166 1357 2237 gradibus
1379 2168 1448 2219 ab
1474 2165 1665 2220 iisdem
1689 2165 1945 2230 restituti,
1969 2164 2147 2219 varios

565 2258 918 2313 observandae
959 2256 1091 2327 legis
1136 2257 1334 2312 divina:
1373 2257 1563 2312 modos
1602 2257 1829 2328 mystice
1872 2256 2147 2326 significa—

565 2349 716 2404 bant.
744 2348 901 2402 Rami
929 2358 1107 2403 autem
1134 2350 1380 2403 nonnulli
1409 2350 1601 2403 iterum
1628 2358 1683 2403 et
1705 2349 1864 2402 tertio
1896 2348 2143 2417 plantati,

564 2450 620 2495 et
653 2441 721 2494 ad
757 2442 937 2495 varios
987 2440 1275 2496 viriditatis
1321 2443 1521 2511 gradus
1574 2441 1846 2505 revocati,
1890 2442 2146 2511 gerebant

562 2542 908 2603 peccatorum
966 2533 1131 2588 variis
1192 2533 1368 2587 modis
1428 2533 1801 2601 paenitentiam
1867 2533 2141 2603 agentium

562 2626 993 2681 similitudinem.
1010 2625 1140 2681 Post
1155 2626 1270 2682 haec
1288 2627 1751 2683 constructionem
1776 2626 1963 2691 turris,
1991 2626 2143 2680 sitni-

561 2720 843 2776 litttdinem
894 2718 1149 2776 Ecclesiae
1194 2719 1563 2789 praeferentis,
1598 2734 1763 2788 quam
1801 2717 1939 2772 libro
1966 2717 2143 2786 primo

562 2816 735 2870 levius
765 2816 1047 2885 attigerat,
1076 2814 1353 2870 fusissime
1379 2813 1639 2869 describit
1669 2830 1683 2869 :
1708 2822 1763 2868 et
1787 2812 2049 2882 quidquid
2075 2810 2143 2865 ad

560 2924 680 2962 eam
709 2909 969 2978 pertinet,
996 2907 1311 2978 singillatim
1348 2905 1675 2960 Christianis
1697 2946 1712 2971 ,
1746 2904 1982 2958 maxime
2012 2919 2142 2959 vero

560 3000 952 3069 paenitentibus
1004 2999 1369 3069 applicando,
1420 2997 1605 3051 omnia
1654 3013 1775 3066 quae
1828 3012 1857 3049 a
1913 2995 2142 3066 singulis

559 3090 865 3161 quibusque
905 3089 1262 3158 pet-solvenda
1308 3099 1493 3151 erant,
1529 3086 1808 3157 religionis
1838 3096 1893 3141 et
1921 3086 2138 3156 pietatis
2166 3125 2208 3181 C

559 3182 733 3236 otlicia
772 3182 1024 3251 explicat.
1068 3180 1272 3235 Dehinc
1302 3191 1488 3234 narrat
1519 3178 1747 3234 Hermas
1784 3196 1949 3250 quam
1983 3181 2137 3234 solli-

558 3276 665 3330 cite
695 3275 939 3343 angelus,
964 3274 1057 3343 qui
1084 3288 1208 3329 eum
1241 3273 1449 3327 Pastori
1478 3274 1660 3326 nuntio
1684 3274 1999 3342 paenitentia:
2033 3282 2141 3325 tra—

559 3366 797 3431 diderat,
858 3365 1107 3434 ipsimet,
1165 3373 1223 3418 ut
1275 3365 1526 3418 mandata
1582 3365 1845 3419 hactenus
1894 3365 2136 3433 exposita

559 3460 827 3525 observet,
852 3460 1081 3528 aliisque
1116 3458 1363 3512 similiter
1393 3458 1731 3512 observanda
1767 3472 1888 3511 esse
1922 3457 2141 3510 nuntia-

558 3559 678 3615 ret,
710 3550 1075 3619 imperaverit.
1104 3548 1386 3604 Postremo
1415 3548 1503 3603 ille
1526 3548 1703 3617 angeli
1736 3557 2001 3601 memorat
2023 3547 2141 3615 pol—

558 3641 933 3703 licitationem,
965 3656 1073 3711 qua
1096 3639 1214 3696 fore
1244 3649 1304 3696 ut
1333 3641 1433 3709 ipsi
1464 3652 1736 3710 pastorem
1770 3650 1825 3694 et
1850 3639 2138 3693 duodecim

559 3732 795 3803 virgines
814 3773 829 3798 ,
863 3732 914 3786 id
937 3742 1019 3787 est
1048 3747 1240 3788 omnes
1268 3733 1493 3786 omnino
1520 3731 1748 3785 virtutes
1767 3771 1782 3796 ,
1813 3745 1936 3785 cum
1979 3745 2044 3785 eo
2081 3730 2137 3784 in

562 3833 823 3879 aeternum
842 3838 1246 3894 'permansuras
1275 3823 1543 3889 mitteret,
1576 3824 1719 3877 ultro
1751 3824 2135 3893 spoponderat.

1104 3955 1502 4012 ARTICULUS
1540 3957 1601 4012 ΙΙ.

558 4047 688 4112 Quis
718 4047 944 4104 Hermas
977 4060 1162 4103 auctor
1185 4050 1341 4119 hujus
1369 4053 1569 4120 operis;
1600 4067 1724 4103 num
1757 4052 1825 4104 sit
1852 4051 2019 4121 frater
2049 4050 2136 4107 Pii

978 4121 1140 4189 primi
1160 4160 1175 4184 ,
1203 4124 1395 4174 summi
1423 4122 1710 4191 pontificis.

616 4204 791 4266 Extra
815 4213 1246 4269 controversiam
1262 4220 1366 4268 .est
1392 4212 1493 4266 hoc
1518 4228 1655 4282 opus
1680 4212 1819 4267 idem
1844 4228 1964 4270 esse
1987 4214 2133 4283 quod

557 4307 626 4362 ab
651 4306 1049 4375 antiquissimis
1084 4303 1336 4360 Patribns
1371 4303 1584 4360 Hermte
1617 4305 1833 4360 nomine
1857 4304 2129 4361 laudatur.

555 4397 611 4454 ω
644 4399 850 4469 liquido
872 4400 1135 4468 probatur
1156 4413 1223 4453 ex
1251 4397 1566 4453 eorumdem
1588 4396 1811 4452 Patrum
1836 4396 1988 4452 libris
2008 4397 2127 4464 ,ubi

2253 504 2449 559 librum
2474 506 2714 573 scripsit,
2748 510 2803 559 in
2832 522 2931 575 quo
2965 508 3275 561 mandatum
3306 510 3677 579 conﬁrmatur,
3699 513 3833 583 quod

2251 593 2299 645 ei
2325 594 2569 662 praecepit
2596 594 2815 664 angelus
2843 594 3095 661 Domini,
3128 613 3247 649 cum
3280 599 3474 651 veniret
3511 599 3583 652 ad
3620 617 3739 653 eum
3781 602 3833 655 in

2252 686 2436 740 habitu
2476 689 2742 756 pastoris,
2792 699 2850 742 ut
2898 700 3139 743 sanctum
3180 690 3393 745 Pascha
3440 693 3526 745 die
3557 692 3830 748 Dominico

2252 781 2622 836 celebraretur.
2650 783 2854 837 Auctor
2884 780 3199 849 decretalis,
3234 784 3304 836 ad
3342 784 3613 838 universos
3637 784 3831 839 Christi

2254 874 2467 945 ﬁdeles,
2499 891 2620 945 qua:
2650 875 2863 945 ipsimet
2906 874 3003 929 Pio
3046 874 3297 932 Pontiﬁci
3333 877 3614 943 tribuitur,
3645 879 3828 933 eadem

2252 985 2470 1040 quoque
2497 968 2719 1024 tradidit
2749 988 2761 1023 :
2796 968 2924 1023 Istis
2954 987 3075 1041 ergo
3101 970 3420 1040 temporibus
3452 970 3683 1024 Hermas
3735 971 3828 1022 do-

2217 1076 2355 1121 'ctor
2366 1062 2492 1131 ﬁdei
2522 1073 2569 1117 et
2598 1060 2996 1130 Scripturarum
3022 1064 3221 1133 eﬁ'ulsit
3250 1066 3389 1119 inter
3417 1082 3633 1122 nos.....
3668 1067 3829 1120 eidem

2256 1154 2467 1207 Henna:
2502 1154 2716 1224 angelus
2740 1154 2955 1207 Domini
2989 1156 3043 1209 in
3079 1156 3263 1209 habitu
3288 1158 3519 1227 pastoris
3551 1159 3825 1226 apparuit,

2251 1262 2298 1301 et
2347 1250 2589 1315 prtecepit
2639 1249 2686 1301 ei
2728 1258 2784 1300 ut
2838 1233 3041 1301 Pascha
3072 1250 3156 1302 die
3186 1248 3460 1302 Dominico
3496 1248 3563 1302 ab
3594 1249 3829 1303 omnibus

2252 1338 2623 1392 celebraretur.
2655 1337 2733 1391 Ex
2763 1339 2848 1394 his
2871 1353 3032 1408 porro
3062 1338 3271 1394 ultimis
3295 1340 3475 1394 verbis
3506 1341 3746 1395 alterum
3773 1356 3829 1393 ex

2254 1430 2340 1484 his
2368 1430 2586 1485 duobus
2610 1430 2968 1500 scriptoribus
2998 1431 3065 1485 ab
3095 1432 3266 1487 altero
3298 1432 3350 1486 id
3382 1433 3527 1502 quod
3560 1433 3832 1487 scribebat

2252 1531 2558 1577 mutuatum
2598 1538 2753 1590 esse,
2786 1532 2880 1577 aut
2924 1534 3217 1593 utrumque
3256 1541 3321 1578 ex
3364 1524 3557 1578 iisdem
3582 1525 3833 1581 hausisse

2255 1615 2495 1670 fontibus
2529 1616 2675 1671 haud
2714 1615 2951 1671 absurde
2987 1616 3232 1686 colligas.
3266 1614 3375 1671 llos
3399 1632 3531 1670 vero
3561 1618 3829 1682 nonnulli,

2252 1707 2395 1763 Beda
2439 1708 2696 1763 nimirum
2752 1717 2806 1763 et
2853 1710 3011 1776 Ado,
3059 1727 3165 1764 non
3208 1710 3424 1780 quidem
3474 1711 3528 1765 in
3576 1711 3766 1765 citatis
3802 1728 3832 1767 a

2250 1802 2573 1871 quibusdam
2605 1817 2792 1855 eorum
2839 1801 3270 1873 Martyrologiis,
3298 1803 3391 1858 sed
3441 1804 3493 1856 in
3526 1802 3832 1859 Chronolo-

2250 1896 2353 1966 giis
2394 1904 2581 1966 postea
2631 1895 2802 1950 secuti
2852 1904 2996 1950 sunt.
3055 1894 3131 1949 lbi
3184 1897 3453 1966 siquidem
3500 1894 3649 1951 Beda
3712 1914 3829 1952 cum

2250 1986 2559 2056 scripsisset
2578 1984 2853 2041 Iustinum
2878 1988 3259 2057 philosophum
3284 1988 3385 2042 sub
3405 1987 3503 2043 Pio
3526 2004 3671 2059 papa
3694 2006 3831 2043 mar-

2247 2081 2388 2152 tyrio
2410 2082 2573 2135 vitam
2603 2080 2829 2148 (iniisse,
2854 2081 3116 2136 continuo
3144 2081 3419 2136 subdidit:
3448 2080 3685 2135 Hermas
3706 2084 3831 2136 scri-

2247 2174 2349 2242 psit
2377 2174 2570 2227 librum
2591 2215 2605 2238 ,
2635 2174 2725 2243 qui
2764 2174 2963 2226 dicitur
2994 2172 3236 2227 Pastoris
3255 2215 3269 2239 ,
3302 2175 3354 2226 in
3385 2190 3487 2242 quo
3513 2184 3830 2243 prtzceptult

2246 2264 2419 2335 angeli
2441 2266 2692 2327 continet,
2718 2274 2772 2317 ut
2809 2263 3014 2317 Pascha
3039 2264 3316 2317 Dominico
3340 2264 3426 2316 die
3451 2265 3825 2320 celebraretur.

2248 2357 2401 2413 Bedae
2430 2367 2609 2415 autem
2641 2358 2801 2412 verba
2848 2358 2926 2412 sic
2952 2356 3070 2411 Atto
3099 2358 3441 2428 transcripsit
3482 2378 3493 2411 :
3540 2357 3678 2412 Pius
3720 2359 3827 2426 epi-

2245 2465 2431 2519 scopus
2464 2448 2641 2503 Romte
2678 2450 2922 2514 habetur,
2950 2448 3044 2502 sub
3076 2465 3177 2518 quo
3212 2447 3436 2503 Hermas
3463 2450 3681 2503 librum-
3701 2451 3827 2504 scri-

2243 2544 2369 2610 psit,
2398 2544 2488 2613 qui
2511 2544 2713 2596 dicitur
2744 2542 3010 2609 Pastoris,
3040 2544 3091 2595 itt
3119 2559 3220 2613 quo
3241 2555 3565 2612 prteceptum
3598 2543 3826 2595 continet

2245 2636 2454 2706 angeli,
2495 2646 2551 2688 ut
2593 2652 2793 2705 semper
2821 2634 3030 2688 Pasclta
3072 2635 3156 2688 die
3191 2635 3469 2688 Dontiuico
3518 2633 3824 2687 celebretur.

2243 2727 2447 2781 Auctor
2473 2742 2689 2797 quoque
2719 2728 2914 2780 veteris
2944 2725 3313 2779 Romanorum
3352 2726 3678 2795 pontificum
3736 2740 3824 2779 ca-

2246 2819 2405 2890 talogi
2426 2860 2442 2887 ,
2471 2819 2611 2888 apud
2641 2818 2964 2872 Bucherium
2990 2828 3043 2873 et
3073 2817 3351 2872 Bollandi'
3394 2819 3825 2883 continuatores,

2243 2913 2295 2965 in
2319 2912 2506 2966 eadem
2531 2921 2612 2966 est
2643 2912 2908 2967 sententia
2939 2931 2951 2966 :
2993 2911 3098 2965 Sub
3132 2912 3289 2981 hujus
3317 2952 3334 2975 ,
3366 2910 3481 2977 Pii,
3519 2914 3825 2981 episcopatu

2243 3006 2410 3074 frater
2436 3005 2547 3073 ejtts
2580 3004 2808 3057 Hermas
2853 3004 3044 3057 librum
3082 3006 3331 3073 scripsit,
3377 3004 3430 3057 in
3470 3021 3573 3074 quo
3607 3006 3825 3058 manda-

2243 3108 2347 3163 tur,
2403 3098 2794 3167 contineturque
2838 3098 2976 3166 quod
3012 3099 3059 3151 ei
3103 3099 3347 3166 praecepit
3398 3098 3655 3169 angelus,
3711 3117 3825 3152 cum

2240 3188 2376 3241 venit
2415 3188 2482 3239 ad
2528 3204 2645 3239 eum
2688 3189 2739 3240 in
2782 3188 2965 3241 ltabitu
3010 3190 3262 3256 pastoris.
3302 3189 3547 3260 Denique
3594 3191 3825 3260 SCriptor

2241 3280 2463 3335 alterius
2491 3275 2805 3335 eo'rumdem
2838 3283 3153 3350 pontificum
3181 3283 3408 3355 catalogi
3433 3285 3577 3353 apud
3606 3288 3821 3339 eosdem

2243 3372 2487 3426 Bollandi
2536 3374 2775 3428 asseclas
2820 3373 2960 3428 idem
3017 3375 3370 3443 paucioribus
3417 3377 3600 3431 verbis
3634 3377 3820 3430 dixit:

2241 3464 2372 3518 Pius
2400 3467 2611 3519 natione
2638 3464 2811 3519 Italus
2837 3482 2900 3519 ex
2924 3478 3074 3534 patre
3096 3466 3289 3535 Ruﬁno
3310 3509 3324 3534 ,
3353 3468 3521 3537 frater
3555 3468 3819 3524 Pastoris.

2314 3559 2514 3613 Verum
2547 3559 2661 3613 haec
2686 3560 2872 3629 Opinio
2895 3568 3041 3615 stare
3065 3562 3217 3615 nullo
3251 3562 3415 3616 modo
3464 3572 3662 3632 potest.
3704 3562 3823 3617 Pri-

2240 3669 2331 3708 mo
2365 3655 2507 3709 enim
2552 3653 2771 3723 quidam
2810 3672 2877 3710 ex
2922 3656 3007 3711 his
3058 3656 3420 3725 scriptoribus
3473 3672 3664 3711 secum
3722 3657 3820 3728 ipsi

2240 3757 2502 3818 pugnant.
2533 3747 2650 3801 Ado
2675 3748 2942 3817 siquidem
2969 3750 3021 3801 in
3046 3765 3147 3803 suo
3174 3748 3564 3819 Martyrologio
3590 3750 3819 3805 scribit:

2242 3836 2439 3892 Natale
2468 3839 2639 3891 sancti
2678 3836 2889 3892 Hermae
2918 3841 3068 3909 cujus
3096 3842 3367 3909 apostolus
3405 3839 3611 3893 Paulus
3639 3844 3821 3895 memi-

2238 3932 2431 3986 nit.....
2467 3929 2623 3983 Hunc
2644 3940 2883 3984 asserunt
2908 3943 3174 3985 auctorem
3206 3949 3316 3984 esse
3341 3931 3501 3999 libri,
3527 3935 3619 4002 qui
3641 3934 3819 4002 appel-

2237 4026 2382 4079 latur
2411 4023 2645 4080 Pssron.
2670 4025 2833 4094 Atqui
2859 4026 2903 4079 si
2934 4024 3161 4079 Hermas
3182 4024 3487 4095 discipulus
3511 4025 3617 4081 fuit
3642 4026 3817 4097 Pauli,

2235 4117 2320 4172 vel
2358 4116 2560 4172 Paulus
2590 4117 2735 4172 illius
2768 4118 3042 4185 meminit,
3072 4133 3178 4172 non
3210 4118 3386 4187 potuit
3417 4128 3567 4174 certe
3615 4120 3816 4175 librum

2236 4224 2397 4264 suum
2418 4249 2433 4275 ,
2463 4209 2623 4264 sicuti
2653 4209 2793 4262 idem
2825 4208 2942 4263 Ado
2974 4211 3027 4262 in
3060 4208 3428 4281 Chronologia
3455 4226 3556 4265 sua
3587 4214 3815 4278 asserit,

2232 4301 2337 4356 sub
2381 4300 2697 4371 pontificatu
2743 4299 2824 4354 Pii
2874 4300 3153 4367 scribere,
3208 4303 3407 4371 quippe
3457 4303 3554 4372 qui
3598 4314 3813 4358 centum

2236 4393 2407 4447 ferme
2436 4402 2557 4463 post
2588 4391 2817 4447 Paulum
2861 4393 3020 4448 annis
3057 4410 3309 4449 summus
3339 4395 3581 4464 pontifex
3617 4411 3816 4451 renun-

556 4505 664 4545 non
729 4506 901 4560 pauca
950 4490 1192 4545 auctoris
1248 4491 1422 4544 nostri
1472 4490 1781 4544 testimonia
1840 4505 1906 4544 ex
1960 4492 2128 4543 variis
2159 4464 2396 4543 Dtiatus
2423 4497 2523 4541 cst.

557 4582 783 4650 lmjuscc
810 4584 990 4650 operis
1016 4583 1261 4651 partibus
1292 4585 1615 4652 transcripta
1640 4591 1956 4638 occurrunt.
2023 4581 2136 4635 Au-

546 4682 801 4729 ctorvero
822 4674 935 4742 ipse
962 4674 1015 4727 in
1046 4675 1148 4729 hoc
1177 4690 1339 4743 opere
1359 4690 1556 4729 nomen
1584 4674 1794 4729 Hermas
1820 4676 2019 4745 ubique
2043 4692 2131 4730 as-

554 4765 739 4820 sumit.
771 4767 1114 4834 Quapropter
1143 4766 1277 4821 illud
1303 4776 1512 4820 tantum
1543 4768 1692 4820 venit
1728 4767 1780 4819 in
1812 4777 2128 4821 controver-

552 4855 689 4909 siam
713 4892 728 4917 ,
760 4854 884 4923 quis
907 4855 1007 4908 iste
1039 4854 1109 4908 sit
1139 4851 1397 4921 Hermas,
1431 4862 1484 4906 et
1512 4868 1621 4922 quo
1644 4853 1835 4906 vixerit
1864 4862 2126 4922 tempore.

624 4947 855 5015 Quidam
884 4948 1067 5018 itaque
1092 4949 1389 5017 scriptores
1430 4948 1579 5000 illum
1622 4945 1702 5000 Pii
1731 4948 1890 5015 primi
1927 4945 2127 5000 summi

552 5044 825 5116 pontificis
856 5043 1075 5097 fratrem
1110 5043 1278 5096 fuisse
1311 5042 1681 5095 indubitanter
1722 5051 1991 5095 asserunt.
2038 5038 2129 5094 Sic

551 5136 697 5189 enim
732 5135 997 5190 sentiebat
1024 5144 1213 5189 auctor
1244 5135 1527 5204 poematis,
1564 5133 1879 5187 Tertulliani
1910 5131 2129 5185 nomine

551 5228 795 5297 inscripti
817 5267 832 5291 ,
866 5228 959 5299 qui
987 5230 1051 5281 de
1074 5226 1166 5281 illo
1196 5226 1269 5281 ita
1292 5226 1489 5281 cecinit
1522 5244 1535 5278 :

624 5341 748 5396 Post
774 5342 909 5394 hunc
930 5340 1114 5394 deinde
1137 5338 1285 5402 Pius,
1306 5336 1533 5391 Hermas
1556 5340 1643 5390 cui
1665 5340 1869 5392 nomine
1892 5340 2058 5407 frater

619 5412 901 5481 Angelicus
929 5423 1134 5480 pastor,
1163 5411 1253 5479 qui
1291 5410 1491 5463 tradita
1520 5414 1672 5461 verba
1704 5410 1932 5462 locutus.

620 5503 808 5559 Eidem
848 5504 1129 5559 sententiae
1168 5510 1360 5556 auctor
1392 5501 1744 5565 Pontificulis,
1771 5502 1861 5569 qui
1897 5500 2128 5555 Damasn

549 5598 822 5661 tribuitur,
848 5597 994 5651 hunc
1034 5594 1356 5665 subscripsit
1394 5595 1447 5647 in
1494 5594 1713 5648 modum
1744 5611 1759 5647 ε
1795 5591 1900 5647 Sub
1936 5592 2123 5661 hujus,

598 5730 711 5821 .‘ln
740 5730 1026 5806 Pt'opylazo.
1045 5732 1251 5788 mensis
1288 5731 1435 5785 Maii.

2301 4578 2503 4634 Deinde
2527 4579 2581 4633 hi
2607 4579 2900 4649 scriptores
2925 4587 3156 4633 narrant
3182 4594 3247 4634 ex
3278 4579 3418 4635 libro
3452 4580 3668 4637 Hermae
3700 4592 3810 4636 sta-

2229 4681 2430 4738 tutum,
2461 4684 2519 4727 ut
2548 4672 2755 4727 Pascha
2785 4672 2871 4727 die
2899 4672 3185 4726 Dominico
3213 4673 3538 4728 celebretur.
3572 4675 3641 4729 At
3700 4671 3808 4726 fru-

2217 4764 2481 4833 straapud
2513 4772 2760 4817 nostrum
2794 4775 3070 4816 auctorem
3108 4763 3486 4832 hujuscemodi
3531 4766 3805 4819 decretum

2230 4856 2530 4925 quaesieris.
2556 4853 2653 4909 Vel
2680 4870 2808 4925 ergo
2832 4865 3082 4910 auctores
3114 4856 3228 4922 illi,
3263 4857 3354 4926 qui
3402 4858 3471 4911 de
3512 4857 3655 4912 libro
3682 4873 3714 4912 a
3751 4873 3806 4911 se

2233 4960 2499 5013 nusquam
2521 4946 2640 4999 viso
2660 4945 2948 5014 scripsisse
2970 4946 3241 5011 videntur,
3262 4945 3489 4999 omnino
3511 4946 3635 5001 falsi
3661 4955 3799 5011 sunt,

2230 5037 2313 5091 vel
2343 5037 2410 5090 de
2433 5036 2541 5090 alio
2566 5050 2749 5105 opere,
2774 5052 2804 5090 a
2834 5046 3024 5091 nostro
3046 5038 3203 5107 plane
3225 5039 3552 5108 penitusque
3573 5040 3800 5103 diverso.

2231 5130 2549 5197 loquuntur.
2606 5128 2848 5197 Denique
2910 5128 3261 5183 manifeStum
3329 5137 3414 5182 est
3477 5132 3823 5198 posteriores.

2231 5220 2525 5289 scriptorcs
2555 5219 2865 5289 Opinionem
2897 5234 3052 5274 suam
3085 5235 3115 5273 a
3148 5220 3425 5289 prioribus
3470 5222 3797 5290 sumpsisse,

2232 5310 2565 5381 proindeque
2596 5310 2861 5382 originem
2882 5312 3124 5381 ejusdem
3148 5313 3424 5381 opinionis
3448 5315 3504 5369 in
3536 5331 3799 5372 memora-

2230 5414 2344 5459 tum
2374 5406 2661 5473 poematis,
2695 5414 2789 5459 aut
2810 5405 3144 5461 Pontilicalis
3173 5416 3449 5461 auctorem
3474 5426 3601 5465 esse
3624 5408 3798 5465 refun-

2228 5493 2480 5551 dendam.
2510 5496 2673 5567 Atqui
2705 5506 2935 5567 uterque
2962 5506 3153 5552 auctor
3178 5506 3261 5552 est
3291 5502 3658 5570 apocryphus,
3682 5499 3797 5552 nul-

2230 5590 2336 5644 lins
2359 5588 2597 5645 nominis
2640 5590 2844 5645 nullius
2874 5590 3187 5661 diligentiae,
3208 5591 3411 5646 nullius
3444 5578 3789 5648 auctoritatis.
