4040 6322
269 289 382 350 857

807 412 1203 472 ARTICULUS
1242 417 1327 473 Ill.

384 520 532 577 Num
562 522 789 581 Hermas
819 528 978 596 fuerit
1002 530 1293 602 discipulus
1317 532 1480 589 Pauli
1500 536 1745 607 apostoli.

344 636 550 692 Contra
578 654 708 692 vero
736 640 1063 710 scriptores,
1104 643 1214 701 illis
1251 648 1508 703 omnibus
1536 650 1758 706 nomine
1798 660 1853 708 et

263 737 431 783 aetate
460 729 618 800 longe
650 731 998 800 superiores,
1038 742 1231 803 putant
1276 735 1530 792 Hermam
1570 748 1849 795 auctorem

260 830 519 875 nostrum
550 820 721 876 fuisse
748 823 1077 893 discipulum
1098 825 1250 881 Pauli
1281 829 1537 898 apostoli,
1568 847 1729 901 quem
1761 832 1851 888 ille

257 910 322 964 in
354 910 595 981 Epistola
636 911 701 966 ad
740 911 1019 970 Romanos
1039 917 1058 946 '
1086 916 1173 972 bis
1203 918 1402 974 salutat
1436 922 1616 977 verbis
1644 942 1657 977 :
1689 922 1851 978 Salu-

258 1016 377 1060 tate
427 1006 796 1077 Asyncritum,
834 1005 1210 1080 Phlegontem,
1260 1011 1533 1069 Hermam.
1587 1013 1849 1086 Origenes

252 1098 550 1154 enimvero
613 1100 669 1155 in
712 1101 862 1157 hunc
888 1100 1043 1158 Pauli
1092 1102 1272 1159 locum
1318 1105 1398 1161 sic
1441 1108 1669 1164 scribit:
1709 1108 1847 1163 Puto

250 1187 409 1256 quod
437 1186 664 1243 Hermas
691 1190 790 1244 iste
814 1192 883 1244 sit
910 1193 1138 1262 scriptor
1160 1192 1324 1249 libelli
1344 1194 1510 1261 illius,
1534 1198 1624 1267 qui
1653 1196 1849 1252 Pastor

250 1278 602 1346 appellatur;
632 1297 750 1350 quae
771 1282 1037 1351 scriptura
1058 1284 1206 1338 valde
1231 1285 1358 1339 mihi
1382 1287 1531 1342 utilis
1554 1290 1774 1357 videtur,
1796 1300 1846 1345 et

248 1380 414 1438 puto,
456 1373 708 1427 divinitus
755 1375 1038 1444 inspirata.
1076 1375 1344 1435 Eusebius
1370 1379 1389 1410 ³
1432 1389 1612 1436 autem
1648 1401 1661 1437 :
1705 1384 1847 1452 Apo-

249 1465 433 1517 stolus
456 1464 683 1531 Paulus,
708 1467 904 1536 inquit,
938 1469 992 1521 in
1022 1469 1435 1529 salutationibus
1458 1474 1589 1540 illis,
1613 1493 1730 1547 qua:
1749 1479 1842 1532 sub

250 1552 423 1619 finem
453 1552 708 1621 Epistola:
728 1556 796 1608 ad
817 1555 1078 1613 Romanos
1100 1559 1364 1631 leguntur,
1390 1566 1700 1620 mentionem
1721 1568 1842 1637 fecit

254 1643 503 1710 Hermae,
534 1648 685 1716 cujus
712 1664 821 1701 esse
850 1649 1020 1718 fertur
1046 1652 1093 1705 is
1126 1651 1276 1719 liber,
1307 1655 1396 1725 qui
1432 1654 1626 1713 Pastor
1651 1658 1842 1714 inscri-

246 1745 385 1803 ptus
419 1747 514 1791 est.
535 1736 930 1810 Hieronymus‘
957 1757 1082 1797 vero
1111 1744 1160 1797 id
1192 1745 1261 1799 ab
1284 1746 1405 1801 aliis
1433 1757 1699 1805 assertum
1723 1766 1843 1807 esse
1874 1760 1914 1813 Β

248 1838 530 1884 memorat
556 1848 568 1882 :
597 1829 843 1897 Hermas,
869 1833 1061 1902 inquit,
1087 1838 1238 1904 cujus
1260 1838 1527 1905 apostolus
1550 1840 1750 1897 Paulus
1772 1843 1840 1896 ad

246 1916 524 1972 Romanos
577 1918 809 1974 scribens
865 1924 1219 1979 meminit.....
1271 1938 1511 1981 asserunt
1572 1941 1838 1984 auctorem

244 2026 368 2064 esse
414 2010 541 2064 libri
585 2012 674 2081 qui
724 2014 1017 2081 appellatur
1057 2014 1269 2073 Pastor.
1313 2018 1547 2075 Possunt
1593 2024 1659 2077 iis
1711 2024 1839 2078 sub—

241 2101 410 2173 jungi
467 2104 796 2171 posteriores
858 2108 1183 2179 scriptores,
1244 2111 1336 2179 qui
1399 2112 1615 2167 illorum
1674 2118 1837 2171 verba

246 2194 758 2263 transcripserunt,
787 2197 870 2251 vel
908 2214 1096 2253 eorum
1141 2201 1585 2271 subscripserunt
1612 2215 1837 2260 senten-

243 2288 365 2338 tim.
405 2283 517 2341 Hos
547 2286 689 2341 inter
729 2286 985 2345 Sedulius
1010 2289 1260 2361 Origenis
1299 2294 1507 2361 verba,ll
1534 2306 1830 2362 mutuatur,

244 2373 595 2445 Nicephorus
622 2394 751 2435 vero
774 2378 992 2436 Eusebii
1015 2381 1036 2412 ⁸
1064 2384 1311 2453 vestigiis
1340 2386 1558 2441 insistit.
1585 2389 1643 2442 In
1670 2390 1834 2460 hujus

246 2481 420 2534 porro
447 2472 729 2525 sententiae
766 2471 1167 2547 firmamentum
1216 2477 1347 2532 illud
1393 2478 1588 2534 adduci
1620 2492 1831 2551 posset,

242 2559 400 2625 quod
448 2557 678 2616 Hermas
729 2562 843 2632 ipse
901 2574 1131 2620 testatur
1183 2582 1247 2622 ex
1304 2568 1520 2627 duobus
1571 2572 1694 2627 libri
1746 2576 1831 2630 sui

243 2649 657 2717 exemplaribus
686 2667 717 2707 a
758 2669 817 2707 se
845 2654 1137 2725 descriptis
1159 2698 1173 2723 ,
1209 2674 1382 2714 unum
1416 2660 1470 2713 in
1498 2673 1714 2719 exteras
1752 2666 1833 2720 ei-

240 2741 446 2795 vitates
471 2758 501 2796 a
530 2742 810 2800 Clemente
865 2746 1187 2802 mittendum
1221 2768 1235 2805 :
1279 2750 1452 2806 Mittet
1492 2763 1669 2808 autem
1710 2757 1831 2811 Cle-

239 2847 394 2885 mens
446 2835 501 2886 in
543 2846 751 2890 exteras
798 2838 1077 2905 civitates;
1129 2842 1266 2895 illud
1306 2845 1447 2898 enim
1492 2848 1827 2913 permissum.

237 2922 421 2990 Quem
449 2926 595 2981 enim
640 2928 806 2983 alium
853 2930 940 2985 liis
984 2932 1074 2987 ille
1111 2935 1294 2990 verbis
1328 2936 1617 3008 designat,
1663 2956 1827 3010 quam

235 3016 579 3074 Clementem
623 3035 896 3075 summum
944 3025 1287 3093 pontilicem,
1334 3028 1428 3098 qui
1466 3044 1590 3084 cum
1641 3030 1827 3088 Romae

237 3107 478 3172 sederet,
514 3109 639 3164 inde
668 3112 878 3166 caneris
909 3113 1165 3170 omnibus
1191 3114 1409 3174 facilius
1431 3129 1645 3189 poterat
1673 3123 1822 3179 hunc

236 3199 448 3253 librum
478 3201 531 3255 in
567 3211 785 3257 exteras
811 3204 1024 3260 mittere
1045 3206 1332 3263 civitates?

309 3290 485 3345 Porro
531 3292 581 3345 si
635 3292 749 3346 hare
795 3294 1101 3360 sententia,
1129 3296 1216 3350 cui
1266 3296 1402 3351 nihil
1441 3299 1739 3356 adversans
1768 3312 1823 3358 et

233 3396 554 3451 repugnans
603 3365 837 3446 videtur,
889 3382 959 3438 sit
1017 3400 1177 3451 vera,
1234 3387 1523 3442 dicendum
1576 3391 1820 3459 profecto

233 3474 344 3529 bos
384 3474 553 3529 libros
582 3475 652 3529 ab
680 3486 902 3531 auctore
934 3486 1122 3531 nostro
1151 3488 1277 3533 ante
1313 3478 1475 3535 linem
1518 3483 1681 3552 primi
1713 3483 1819 3539 Ec-

231 3566 419 3620 clesia:
464 3567 649 3622 seaculi
680 3569 876 3622 editos.
923 3567 1176 3625 Clemens
1225 3572 1401 3639 enim,
1430 3572 1585 3641 juxta
1632 3585 1817 3645 poste-

231 3661 411 3714 riores
451 3659 930 3733 diligention'esque
973 3663 1211 3719 historias
1251 3667 1581 3737 scriptorcs,
1617 3670 1818 3726 Bonna-

231 3766 362 3803 nam
391 3752 570 3805 sedem
613 3754 847 3821 tenebat,
875 3754 1018 3809 intra
1053 3771 1226 3811 annos
1255 3757 1323 3810 67
1350 3768 1404 3812 et
1434 3759 1518 3827 76,
1553 3763 1634 3817 vel
1660 3763 1815 3831 juxta

228 3842 393 3897 alios.
443 3845 513 3898 ab
541 3860 686 3900 anno
715 3845 786 3900 95
813 3847 878 3901 ad
905 3864 1112 3905 annum
1146 3846 1263 3918 100,
1288 3866 1396 3921 quo
1426 3852 1480 3906 in
1511 3853 1815 3910 Chersone-

226 3947 355 3988 sum
385 3937 542 3989 exsul
571 3937 775 3992 missus
798 3948 901 3995 est.

301 4025 447 4080 Nulli
484 4031 646 4082 etiam
683 4030 998 4089 dubitamus
1038 4034 1358 4104 scriptorem
1391 4044 1638 4091 nostrum
1668 4038 1815 4095 hunc

226 4134 353 4173 esse
382 4118 634 4175 Hennam
661 4121 819 4192 cujus
860 4140 1057 4180 nomen
1102 4126 1154 4181 in
1195 4137 1509 4183 sanctorum
1542 4128 1813 4201 Martyro-

226 4212 373 4280 logia
431 4212 691 4279 relatum,
751 4215 807 4269 in
862 4214 1111 4271 Romano
1159 4218 1239 4272 sic
1266 4228 1510 4274 notatum
1563 4221 1809 4290 legitur:

226 4302 442 4368 Hamis,
482 4307 654 4359 sancti
695 4305 944 4373 Hermte,
986 4310 1138 4379 cujus
1190 4311 1457 4380 apostolus
1498 4310 1704 4366 Paulus
1754 4313 1811 4366 in

228 4394 473 4460 Epistola
495 4398 563 4450 ad
596 4398 855 4455 Romanos
882 4402 1137 4457 meminit.
1166 4403 1271 4456 llic
1299 4404 1453 4474 digne
1472 4408 1806 4475 semetipsum

222 4489 563 4557 sacriﬁcans,
596 4494 1033 4563 acceptabilisque
1076 4495 1185 4549 Deo
1231 4497 1406 4550 hostia
1451 4497 1662 4567 factus,
1697 4502 1804 4553 vir-

220 4581 428 4634 tatibus
456 4582 630 4637 clarus
669 4587 901 4639 caelestia
936 4603 1092 4656 regna
1122 4590 1327 4656 petivit.

297 4669 496 4727 Verum
533 4686 720 4730 contra
762 4684 971 4730 tantam
1014 4678 1176 4747 hujus
1216 4679 1317 4732 viri
1359 4678 1701 4735 sanctitatem
1732 4696 1796 4735 ea

213 4766 616 4822 dubitationem
650 4770 1075 4840 scrupulumque
1119 4771 1403 4839 iujiciunt,
1440 4787 1562 4842 qua:
1600 4773 1667 4827 de
1711 4790 1797 4830 se-

210 4861 452 4930 metipso
478 4862 681 4930 passim
717 4863 772 4917 in
814 4876 916 4918 suo
947 4864 1084 4916 libro
1122 4864 1413 4933 praedicat,
1457 4879 1515 4918 se
1557 4874 1795 4935 patrem-

214 4945 455 5002 familias
482 4947 671 5015 fuisse,
698 4948 791 5021 qui
819 4950 987 5004 nimia
1021 4951 1074 5005 in
1109 4968 1332 5007 uxorem
1362 4962 1415 5009 et
1442 4954 1584 5009 lllios
1613 4954 1791 5008 indul-

212 5040 399 5105 gentia
429 5042 666 5108 peccatis
692 5058 883 5097 eorum
926 5060 1032 5097 non
1067 5044 1365 5113 obstiterit;
1412 5062 1579 5117 seque
1611 5048 1787 5116 ipsum

212 5132 384 5187 multa
441 5148 748 5204 magnaque
790 5150 1083 5205 peccasse,
1128 5151 1229 5191 nec
1278 5138 1391 5193 fere
1431 5154 1671 5210 unquam
1721 5141 1788 5195 ad

210 5225 498 5279 veritatem
535 5226 798 5281 locutum.

281 5297 617 5385 Responderi
648 5326 825 5373 tamen
849 5328 1024 5388 potest
1046 5317 1299 5375 Hennam
1332 5335 1440 5377 non
1466 5322 1519 5375 in
1541 5339 1664 5391 sua,
1692 5326 1785 5380 sed

209 5407 263 5461 in
296 5410 529 5467 aliorum
562 5426 792 5479 persona
830 5413 943 5466 haec
972 5413 1154 5477 omma
1178 5412 1419 5481 dixisse;
1451 5426 1505 5469 ut
1532 5415 1623 5469 illo
1653 5418 1789 5471 scri-

275 5674 439 5738 ‘cap.
472 5685 580 5731 Ἆγι,
612 5686 664 5723 v.
698 5670 784 5723 Η.
840 5668 992 5723 3Lib.
1019 5686 1074 5723 ιιι
1108 5669 1337 5741 llistor.,
1360 5685 1479 5741 cap.
1506 5673 1558 5725 5.

204 5757 241 5798 ll
278 5741 513 5805 llistor.,
538 5756 657 5808 cap.
684 5741 771 5794 46.
851 5742 976 5795 ⁷1η).
1009 5757 1059 5794 tv
1089 5740 1279 5795 Adrer.
1310 5744 1520 5805 ha'res.,
1564 5760 1609 5799 c.
1648 5743 1735 5795 57.

1516 300 1602 359 PA
1612 300 1812 358 STOR.
1859 331 1919 341 -
1958 299 2297 359 PROGJMIA

3421 325 3523 383 858

1884 426 1932 482 Α
1963 419 2121 478 bendi
2150 438 2346 493 genere
2372 440 2562 482 omnes
2595 427 2661 483 ad
2692 431 2952 502 agendam
3005 446 3349 504 peccatorum
3390 455 3524 497 suo-

1851 3094 1891 3149 C

1837 4456 1881 4510 Ι)

1614 5672 1634 5702 ⁸
1656 5671 1727 5725 De
1750 5672 1997 5739 scriptor.
2027 5672 2317 5727 ecclesiast.
2387 5669 2712 5723 l’Comment.
2751 5670 2802 5721 in
2832 5666 3003 5733 Epist.
3040 5666 3221 5725 Pauli.

1814 5743 1943 5795 “lib.
1973 5759 2000 5796 ι·
2032 5741 2261 5808 tlistor.,
2294 5758 2411 5810 cap.
2432 5742 2484 5793 8.
2559 5740 2688 5795 I'lib.
2728 5757 2763 5810 ι,
2792 5742 2893 5794 vis.
2925 5741 2977 5795 5.

1956 529 2075 568 rum
2103 518 2474 586 paenitentiam
2508 522 2721 577 lacilius
2746 525 3035 593 excitaret,
3063 529 3251 600 eisque
3276 534 3526 588 ostende-

1954 615 2036 660 ret
2073 618 2273 677 quanta
2310 623 2345 665 a
2382 609 2709 667 Christianis
2743 616 2867 671 vitae
2902 631 3228 690 morumque
3264 622 3525 678 sanctitas

1951 697 2305 755 desideretur.
2329 702 2397 757 At
2418 703 2682 774 quidquid
2706 705 2777 762 sit
2804 709 2871 763 de
2894 711 3136 766 auctoris
3159 713 3331 767 nostri
3399 723 3529 765 san-

1946 788 2151 855 etitate,
2164 806 2290 850 vero
2303 794 2509 849 videtur
2530 797 2665 852 satis
2690 798 2869 854 simile
2891 800 3042 855 illum
3065 816 3127 856 ea
3151 810 3327 871 :etate,
3355 819 3521 875 quam

1950 880 2112 949 paulo
2137 897 2299 952 supra
2324 885 2743 956 assignavimus,
2770 899 2823 945 et
2852 891 3084 960 vixisse,
3104 904 3158 950 et
3188 906 3522 953 commenta-

1952 972 2151 1027 tionem
2179 990 2335 1030 suam
2357 976 2608 1035 emisisse
2630 979 2683 1034 in
2714 982 3016 1051 publicum.

2475 1110 2870 1169 ARTICULUS
2908 1113 2998 1171 Ν.

2227 1223 2343 1287 Quo
2372 1233 2598 1293 tempore
2628 1226 2719 1279 hos
2746 1226 2908 1282 libros
2934 1231 3223 1300 scripserit.

2016 1334 2281 1391 Caeterum
2315 1337 2360 1391 si
2392 1347 2710 1407 argumenta
2744 1350 2933 1395 nostra
2974 1339 3331 1412 rigidioribus
3366 1346 3518 1402 criti-

1945 1427 2024 1484 cis
2055 1444 2161 1484 non
2190 1429 2323 1484 satis
2344 1430 2499 1484 lirma
2538 1430 2648 1485 sint
2674 1440 2729 1486 et
2758 1432 2968 1501 valida,
2998 1434 3053 1489 hi
3087 1444 3269 1492 tamen
3305 1437 3517 1494 Hermas

1944 1522 2112 1577 libros
2138 1522 2206 1577 ab
2228 1536 2295 1578 eo
2321 1538 2429 1576 non
2455 1523 2617 1578 modo
2647 1532 2772 1580 ante
2803 1523 3049 1594 Origenis
3081 1536 3132 1583 et
3157 1526 3473 1585 Tertulliani
3494 1572 3511 1598 ,

1945 1614 2039 1669 sed
2064 1614 2226 1669 etiam
2255 1612 2552 1671 Clementis
2592 1623 2647 1669 et
2674 1614 2861 1670 lrenaei
2890 1628 3163 1688 tempora,
3202 1620 3252 1675 id
3278 1632 3360 1676 est
3388 1632 3515 1678 ante

1945 1706 2129 1761 szeculi
2157 1706 2380 1761 secundi
2414 1706 2596 1773 linem,
2622 1723 2731 1778 quo
2752 1708 2941 1763 saltem
2968 1709 3201 1767 lrenaeus
3227 1715 3515 1784 scripsisse

1948 1796 2286 1866 perhibetur,
2310 1798 2557 1869 vulgatos
2584 1797 2754 1855 fuisse
2784 1799 3059 1856 fateantur
3079 1819 3301 1858 necesse
3323 1815 3426 1861 est.
3456 1806 3513 1862 ld

1940 1889 2159 1959 quidem
2185 1904 2252 1943 ex
2283 1890 2599 1943 eorumdem
2624 1887 2881 1945 Ecclesiae
2910 1890 3133 1947 Patrum
3161 1895 3513 1965 testimoniis,

1940 1996 2061 2050 qua:
2086 1998 2250 2051 supra
2274 1981 2545 2047 dedimus,
2579 1983 2753 2037 cuivis
2779 1981 2999 2053 planum
3028 1985 3137 2041 llet.
3168 1984 3358 2041 Utrum
3382 2004 3512 2044 vero

1940 2072 2099 2127 iidem
2140 2073 2509 2143 antiquissimi
2546 2075 2841 2145 scriptores
2887 2077 3027 2132 hanc
3070 2078 3510 2135 lucubrationem

1938 2164 2094 2233 longe
2137 2175 2263 2221 ante
2290 2166 2359 2220 ab
2384 2165 2582 2222 Henna
2605 2167 2806 2222 editam
2838 2171 3178 2239 putaverint,
3203 2172 3327 2226 inde
3354 2172 3512 2228 facile

1936 2258 2204 2329 intelliges
2246 2260 2395 2329 quod
2440 2276 2503 2315 ea
2542 2259 2611 2313 ab
2655 2260 2762 2316 illis
2800 2279 2909 2317 non
2955 2273 3013 2319 ut
3040 2280 3178 2319 nova
3225 2275 3279 2320 et
3319 2281 3511 2322 recens

1934 2351 2077 2405 edita
2101 2390 2116 2415 ,
2147 2351 2241 2406 sed
2267 2360 2326 2405 ut
2348 2361 2503 2407 vetus
2532 2362 2587 2408 et
2611 2355 2836 2425 antiqua
2869 2356 3075 2426 passim
3104 2358 3301 2427 ubique
3342 2360 3504 2415 citata

1933 2441 2158 2512 legatur.
2187 2441 2424 2499 lrenaeus
2455 2452 2657 2512 autem,
2690 2462 2880 2502 eorum
2914 2449 3158 2503 omnium
3189 2451 3509 2521 antiquissi-

1933 2551 2085 2601 mus,
2135 2536 2278 2591 illius
2321 2546 2579 2607 tanquam
2627 2540 2790 2595 unius
2834 2556 3004 2596 sacra:
3051 2541 3347 2614 Scriptura:
3380 2546 3506 2601 libri

1931 2630 2255 2683 auctoritate
2293 2629 2377 2685 bis
2413 2630 2591 2686 verbis
2624 2632 2795 2689 utitur
2819 2633 2840 2665 ⁷
2874 2652 2888 2688 :
2914 2633 3053 2688 Bene
3073 2652 3194 2706 ergo
3225 2636 3506 2708 Scriptura

1929 2722 2059 2775 dicit
2082 2737 2101 2774 :
2130 2721 2312 2775 Primo
2340 2724 2573 2777 omnium
2599 2725 2748 2778 crede
2769 2726 2907 2795 quod
2937 2743 3072 2780 unus
3095 2737 3172 2781 est
3206 2727 3365 2796 Deus,
3393 2740 3500 2786 etc.
3588 2778 3591 2785 .

1930 2814 2083 2883 Quod
2119 2826 2265 2872 certe
2290 2817 2493 2873 indicio
2538 2830 2620 2874 est
2664 2820 2715 2873 in
2762 2834 2826 2875 ea
2876 2820 3047 2877 fuisse
3075 2821 3339 2879 Irenaeum
3381 2828 3503 2897 opi-

1930 2908 2093 2962 nione
2121 2908 2370 2963 eamdem
2402 2909 2833 2966 lucubratiouem
2862 2913 2931 2967 ab
2960 2928 3069 2969 uno
3092 2931 3159 2969 ex
3179 2918 3463 3008 \apostolis
3481 2958 3500 2986 ,

1928 3003 2011 3058 vel
2044 3004 2235 3059 saltem
2264 3006 2447 3076 aliquo
2477 3008 2727 3076 proximo
2755 3024 2944 3063 eorum
2969 3003 3306 3077 successore,
3331 3010 3502 3067 fuisse

1926 3093 2244 3164 profectam.
2275 3096 2543 3154 Eusebius
2566 3100 2743 3171 vero"
2771 3117 2878 3155 non
2915 3102 3089 3157 solum
3113 3104 3274 3157 citata
3311 3102 3498 3158 lrentei

1926 3185 2089 3240 verba
2131 3188 2347 3253 retulit,
2379 3205 2569 3244 verum
2611 3192 2773 3246 etiam
2809 3193 3003 3246 librum
3033 3192 3243 3249 Hennae
3281 3196 3348 3250 ab
3376 3196 3499 3250 aliis

1923 3292 2141 3348 quoque
2161 3320 2177 3346 ,
2207 3296 2346 3350 quos
2376 3284 2780 3339 vetustissimos
2801 3286 3063 3354 appellat,
3096 3287 3305 3342 laudari
3333 3296 3498 3342 testa-

1924 3381 2011 3425 tus
2042 3382 2123 3427 est
2149 3389 2162 3425 :
2203 3371 2561 3443 Comperimus
2581 3416 2597 3441 ,
2626 3375 2838 3445 inquit,
2865 3379 3120 3446 quasdam
3149 3394 3214 3433 ea:
3250 3381 3496 3435 cetastis—

1920 3463 2068 3516 simis
2125 3461 2559 3537 (παλαιοτάτων)
2604 3468 2947 3537 scriptoribus
2991 3472 3154 3539 ipsius
3199 3474 3496 3527 testimonio

1920 3572 2041 3609 usos
2083 3557 2268 3625 fuisse.
2300 3557 2510 3624 Quibus
2560 3574 2691 3614 sane
2716 3561 2897 3615 verbis
2939 3562 3028 3616 ille
3068 3564 3332 3633 quosdam
3368 3566 3496 3620 Cle-

1920 3658 2099 3705 mente
2120 3659 2173 3704 et
2199 3649 2403 3706 Irenaeo
2428 3654 2765 3724 antiquiores
2782 3656 3063 3711 indicasse
3085 3658 3361 3713 nonnullis
3381 3657 3496 3712 for-

1917 3743 2059 3795 sitan
2083 3742 2373 3799 videbitur.
2402 3744 2507 3801 Sed
2536 3748 2779 3817 quolibet
2810 3750 3149 3819 accipiantur
3172 3767 3358 3815 sensu,
3383 3767 3491 3805 non

1916 3835 2147 3890 obscure
2188 3836 2255 3892 iis
2301 3838 2644 3908 signiﬁcatur
2673 3839 2965 3896 Eusebium
3010 3843 3114 3897 sibi
3164 3858 3489 3912 persuasum

1917 3928 2173 3985 habuisse
2211 3930 2309 3985 bos
2350 3931 2518 3986 libros
2553 3933 2742 4001 prima:
2790 3943 2914 4002 post
2943 3949 3129 3990 sacras
3180 3933 3490 4006 Scripturas

1914 4016 2085 4075 fuisse
2108 4019 2161 4074 in
2196 4018 2439 4075 Ecclesia
2466 4024 2828 4107 antiquitatis:
2855 4022 3043 4095 Neque
3080 4034 3261 4081 tamen
3301 4027 3489 4082 dicen-

1914 4110 2044 4165 dum
2073 4111 2195 4167 illos
2237 4112 2469 4183 primam
2506 4111 2763 4170 Ecclesia!
2791 4119 3225 4185 persecutionem
3255 4133 3489 4189 praeces-

1912 4203 2081 4272 sisse,
2117 4205 2557 4275 quandoquidem
2606 4206 2663 4261 in
2710 4208 2902 4262 iisdem
2948 4209 3145 4264 libris’
3177 4212 3234 4264 lit
3280 4204 3487 4265 menﬁo

1912 4306 2211 4367 martyrum
2240 4297 2335 4367 qui
2372 4296 2485 4366 jam
2519 4299 2761 4368 perpessi
2811 4298 3029 4354 fuerant
3072 4301 3213 4369 [eras
3255 4300 3485 4372 bestias,

1910 4389 2143 4459 ﬂagella,
2172 4406 2426 4457 carceres,
2464 4407 2662 4445 cruces.
2686 4393 2755 4445 At
2792 4408 2917 4447 vero
2942 4407 3065 4447 cum
3097 4396 3149 4447 in
3174 4393 3243 4449 iis
3267 4410 3486 4465 quoque

1908 4482 2013 4536 alia
2041 4484 2365 4552 persecutio,
2384 4499 2546 4552 quam
2572 4484 2923 4553 probabiliter
2946 4500 3066 4540 eam
3094 4502 3216 4542 esse
3228 4499 3484 4557 putamus

1905 4590 2027 4645 qua:
2068 4590 2099 4629 a
2144 4574 2454 4630 Domitiano
2489 4591 2636 4631 anno
2666 4576 2734 4630 92
2766 4577 2997 4631 excitata
3031 4587 3142 4645 est,
3189 4579 3482 4635 imminens

1902 4670 2377 4739 pnenuntietur“,
2408 4670 2530 4724 inde
2554 4687 2659 4723 non
2691 4670 2928 4726 absurde
2954 4672 3176 4743 colligas
3207 4674 3308 4727 hoc
3341 4688 3480 4743 opus

1902 4762 2065 4833 paulo
2102 4772 2226 4817 ante
2252 4762 2395 4817 hunc
2423 4778 2650 4826 attnum,
2677 4762 3083 4833 Clementejam
3117 4764 3171 4817 in
3201 4781 3477 4820 summum

1901 4857 2209 4926 pontiﬁcem
2241 4863 2522 4925 assumpto
2542 4897 2558 4921 ,
2589 4855 2657 4910 ab
2683 4854 2881 4910 lierma
2910 4856 3125 4927 scriptis
3161 4856 3332 4914 fuisse
3362 4868 3477 4913 tra-

1897 4950 2091 5003 ditum.

2438 5039 2832 5096 ARTlCULUS
2873 5041 2938 5099 ν.

1992 5134 2004 5153 ’
2073 5131 2217 5185 Nunt
2251 5134 2305 5185 lii
2334 5133 2458 5185 libri
2494 5134 2670 5188 erce
2698 5138 2928 5204 primum
2957 5138 3140 5205 scripti
3168 5138 3294 5191 sint.

1967 5223 2077 5280 llos
2118 5223 2363 5278 Pastoris
2409 5227 2576 5281 libros
2607 5244 2637 5281 a
2676 5226 2864 5283 Caeco
2907 5241 3159 5291 auctore,
3192 5239 3246 5283 et
3284 5228 3469 5284 Graece

1892 5321 2068 5390 primo
2085 5322 2414 5388 compositos
2437 5321 2627 5387 fuisse,
2659 5321 2729 5376 ita
2762 5340 2858 5392 pro
2881 5338 3028 5377 certo
3049 5338 3236 5378 omnes
3264 5339 3464 5393 posue-

1895 5427 2055 5500 runt”
2072 5424 2130 5469 ut
2157 5414 2340 5473 nullus
2369 5431 2606 5485 unquam
2636 5416 2688 5470 id
2712 5417 2763 5469 in
2790 5416 3215 5471 controversiam
3241 5431 3467 5474 vocasse

3299 5670 3320 5700 ⁸
3338 5666 3456 5720 Lib.

3057 5743 3100 5773 ¹⁰
3127 5743 3227 5797 vis.
3250 5742 3285 5796 ἱ
3313 5752 3367 5794 et
3401 5736 3456 5792 ὃ.
