4040 6322
539 279 642 337 839
1924 276 1984 332 S.
2026 275 2129 332 IIEI

2228 277 2327 329 AS.
3699 289 3797 344 84C

538 397 809 451 videatur.
862 388 938 450 Ea
988 404 1167 450 tamen
1217 410 1352 450 cura
1399 412 1506 466 qua
1552 396 1721 451 libros
1772 396 2115 450 bibliotheca:
2144 402 2188 456 Α
2220 430 2386 485 pum,
2433 430 2532 471 nec
2571 416 2692 487 styli
2738 417 3121 488 elegantioris;
3178 417 3276 473 sed
3318 417 3579 472 Barthius
3624 417 3798 488 plum

542 497 744 545 nostra:
769 488 1166 544 examinandos
1191 489 1565 559 suscepimus,
1598 506 1706 543 nun
1738 489 1869 544 sinit
1896 499 1956 544 ut
1983 488 2119 544 illud
2220 505 2487 561 dictiones
2536 507 2678 562 ίηιει.
2720 507 3098 564 barbarismos
3143 516 3411 573 recenset,
3472 522 3615 577 quas
3665 508 3802 577 apud

545 584 689 640 idem
712 583 935 639 omnino
953 582 1219 637 intactum
1240 581 1634 652 relinquamus.
1653 581 1991 652 Praecipuum
2019 583 2123 637 ita-

2228 599 2514 669 scriptores
2560 598 2833 669 politioris
2889 600 3173 671 elegantiae
3228 599 3469 669 reperire
3503 607 3610 654 est.
3652 597 3803 663 Quod

541 691 651 748 (ιυθ
697 690 807 747 quo
865 674 919 729 id
961 673 1247 744 Ρτοδθιυνν
1291 683 1671 743 argumentum
1713 690 1781 730 ει
1810 676 1895 731 his
1932 674 2124 731 Hiero“
2222 705 2354 744 vero
2392 690 2459 745 ad
2489 691 2788 746 secundum
2828 701 3058 762 spectat,
3090 693 3214 746 inde
3247 691 3371 746 falsi
3402 691 3494 745 ille
3526 690 3803 744 convinci-

544 770 692 841 nymi
736 768 947 823 eruitur
986 764 1166 820 verbis
1190 765 1229 796 “
1263 783 1276 819 :
1318 764 1509 830 Multi,
1550 766 1759 835 inquit,
1792 765 2123 838 Scriptorum

544 871 772 914 veterum
820 860 884 913 de
934 875 993 913 eo
1048 867 1433 928 usurpaverant
1482 858 1815 923 testimonia,
1848 861 1938 913 sed
1983 859 2126 928 apud

544 953 765 1008 Latinos
791 968 917 1021 pene
933 952 1143 1021 ignotus
1167 962 1264 1005 est.
1288 949 1493 1006 Deinde
1515 949 1779 1021 Origenes
1803 954 1854 1006 in
1883 952 2123 1021 publico,

544 1058 707 1114 quem
752 1042 895 1113 apud
936 1042 1122 1097 ﬁdeles
1159 1042 1503 1097 Christianos
1550 1042 1821 1108 habebat,
1874 1058 2127 1098 sermone

546 1152 716 1191 unum
736 1135 956 1205 aliquod
980 1150 1045 1191 ex
1082 1134 1165 1191 his
1190 1134 1344 1190 libris
1368 1135 1866 1203 testimonium,sed
1890 1145 2130 1191 tantum-

546 1230 709 1285 modo
735 1229 1101 1293 dimidiatum,
1137 1226 1346 1298 profert
1372 1228 1435 1294 “,
1462 1228 1744 1283 auditores
1772 1228 1838 1283 .d
1863 1237 2128 1298 ipsosmet

546 1324 747 1387 libros,
790 1321 933 1375 haud
983 1321 1149 1376 dubie
1191 1319 1448 1386 Griecos,
1493 1319 1586 1375 ubi
1639 1321 1847 1390 reliqua
1888 1321 2131 1392 legerent

547 1415 763 1470 mittere
802 1422 1132 1469 contentus:
1171 1412 1406 1467 Potestis
1447 1413 1660 1483 quippe,
1691 1413 1972 1483 inquiebat
2015 1415 2128 1482 ille,

543 1500 712 1572 legere
737 1501 785 1554 si
815 1500 993 1557 vultis.
1025 1500 1269 1571 Denique
1319 1502 1423 1556 hoc
1462 1496 1603 1572 opus
1649 1502 1824 1556 multo
1854 1504 2054 1574 saepius
2099 1518 2130 1559 a

545 1592 748 1652 Graecis
779 1591 1038 1649 Patribus
1069 1609 1233 1664 quam
1277 1608 1309 1648 a
1354 1592 1567 1649 Latinis
1612 1594 1892 1650 laudatum
1929 1605 2034 1651 est.
2064 1596 2134 1650 At

546 1702 740 1753 nemo,
773 1685 852 1741 uti
885 1686 1102 1756 Opinor,
1146 1686 1347 1740 librum
1400 1686 1613 1743 Latinis
1665 1703 1804 1758 pene
1846 1688 2092 1760 ignotum
2117 1748 2132 1772 ,

544 1778 749 1834 Graecis
778 1794 906 1833 vero
934 1793 1042 1832 non
1066 1776 1245 1833 doctis
1278 1785 1515 1846 tantum,
1540 1779 1632 1834 sed
1663 1779 1975 1851 quibusque
2000 1797 2126 1851 pas-

544 1871 646 1924 sim
696 1870 1045 1925 notissimum
1092 1878 1149 1923 et
1208 1868 1668 1937 usitatissimum,
1718 1870 1901 1926 Graece
1947 1872 2125 1941 primo

545 1961 807 2031 scriptum
840 1960 1013 2039 fuisse
1038 1960 1391 2018 inliciabitur.

612 2096 886 2153 Nonnulla
926 2106 1107 2153 tamen
1139 2108 1329 2154 contra
1377 2098 1491 2154 haec
1527 2100 1733 2165 omnia,
1766 2103 2128 2170 quantumvis

543 2190 719 2245 valida
764 2190 875 2245 sint
924 2198 1266 2259 argumenta,
1316 2190 1516 2259 opponi
1548 2190 1734 2261 utique
1766 2204 2015 2261 possunt.
2066 2192 2129 2248 Et

543 2283 721 2353 primo
771 2280 989 2352 quidem
1017 2320 1032 2349 ,
1078 2283 1263 2335 omnia
1309 2280 1523 2337 Hermae
1552 2283 1702 2350 visa,
1754 2300 1867 2339 uno
1916 2296 2127 2340 tantum

543 2382 806 2443 excepto,
846 2371 1032 2427 Romae
1055 2372 1138 2427 vel
1179 2372 1233 2427 in
1278 2373 1474 2429 vicinis
1507 2374 1752 2443 ejusdem
1797 2377 1950 2432 urbis
1995 2378 2133 2433 locis

544 2464 669 2518 data
699 2473 1014 2518 narrantur.
1060 2462 1264 2519 Deinde
1293 2480 1423 2521 vero
1454 2464 1683 2520 Hermas
1710 2467 1775 2520 de
1798 2468 2012 2537 jejunio
2055 2470 2135 2525 sic

544 2554 788 2625 loquitur
840 2554 883 2588 “
946 2574 962 2611 :
1031 2554 1191 2610 Video
1240 2555 1610 2613 Pastorem...
1655 2560 1913 2613 dicentem
1953 2561 2084 2615 mihi
2114 2576 2135 2615 :

546 2644 690 2708 Quid
732 2656 839 2699 tam
880 2663 1033 2701 mane
1074 2648 1173 2701 huc
1214 2650 1442 2703 venisti?
1481 2649 1747 2720 Respondi
1784 2666 1802 2703 :
1842 2651 2133 2718 Quoniam,

543 2739 774 2806 domine,
813 2743 1096 2797 stationem
1130 2742 1316 2798 habeo.
1352 2744 1494 2809 Quid
1535 2754 1646 2809 est,
1694 2746 1886 2816 inquit,
1925 2751 2086 2802 statio
2112 2751 2139 2804 Ρ

546 2832 617 2887 Et
649 2835 764 2887 dixi
812 2848 830 2887 :
874 2833 1171 2905 Jejunium.
1226 2835 1296 2889 At
1339 2846 1487 2891 certe
1533 2838 1656 2906 quis
1687 2836 1912 2894 Graecus
1944 2851 2136 2895 auctor

546 2932 618 2985 ita
663 2948 905 3001 unquam
947 2933 1162 2988 locutus
1193 2941 1278 2988 est
1320 2951 1334 2988 :
1370 2931 1548 2988 Statio
1581 2945 1659 2989 est
1687 2936 1993 3005 jejunium?
2031 2938 2133 2996 llic

544 3024 789 3094 profecto
832 3025 1089 3095 loquendi
1133 3024 1330 3079 modus
1370 3040 1480 3081 non
1513 3025 1740 3093 Graacis,
1778 3030 1872 3084 sed
1921 3029 2130 3087 Latinis

544 3092 803 3187 proprius
832 3092 1235 3187 peculiarisque
1263 3126 1376 3182 est,
1420 3120 1496 3172 uti
1528 3092 1736 3187 liquido
1766 3122 2038 3194 colligitur
2059 3140 2126 3180 ex
2158 3092 2199 3147 Ο

544 3211 886 3267 Tertulliano
912 3212 1143 3281 aliisque
1176 3228 1315 3281 quos
1345 3213 1398 3266 in
1425 3212 1731 3269 doctissimi
1756 3215 1946 3287 Cangii
1978 3217 2130 3273 Glos-

545 3298 693 3354 sarlo
727 3299 794 3352 ad
825 3299 1050 3353 verbum
1092 3298 1269 3353 Statio
1293 3301 1487 3359 citatos
1525 3304 1785 3374 reperies.
1824 3304 1997 3363 Porro
2023 3325 2125 3363 au-

544 3404 652 3450 tem
678 3390 902 3445 minime
929 3405 1028 3445 nos
1049 3390 1174 3445 latet
1204 3391 1272 3446 ad
1296 3401 1584 3465 utramque
1607 3397 1873 3452 rationem
1903 3398 2132 3469 respon‘

544 3483 660 3541 deri
715 3497 896 3552 posse,
947 3490 1002 3536 et
1049 3482 1116 3537 ad
1171 3484 1405 3554 primam
1451 3485 1696 3555 quidem,
1743 3488 1866 3544 ideo
1896 3488 2126 3547 Romam

545 3576 761 3645 aliaque
808 3573 989 3628 vicina
1033 3573 1153 3627 loca
1208 3573 1312 3629 hoc
1366 3574 1422 3629 in
1469 3575 1612 3632 libro
1643 3580 1960 3648 memorari,
1998 3584 2127 3651 quia

546 3672 738 3726 civitas
773 3676 892 3723 erat
932 3667 1101 3722 totius
1146 3667 1296 3721 orbis
1335 3677 1516 3739 caput,
1561 3679 1725 3741 atque
1765 3673 1907 3742 apud
1936 3690 2128 3731 omnes

546 3760 998 3819 celebratissima.
1051 3759 1135 3814 Ad
1184 3761 1479 3815 secundam
1532 3778 1687 3829 vero,
1722 3765 1993 3835 objectum
2044 3768 2128 3820 lo-

546 3853 747 3924 quendi
774 3851 999 3907 modum
1030 3850 1205 3906 solius
1240 3865 1360 3907 esse
1402 3853 1735 3924 interpretis,
1762 3857 1855 3928 qui
1887 3861 2126 3915 auctoris

546 3946 722 4002 Graeci
749 3946 913 4002 verba
941 3945 1183 4001 liberiori
1214 3946 1536 4016 paraphrasi
1581 3949 1841 4005 audacius
1883 3953 2127 4006 vertendi

547 4040 651 4095 sibi
678 4037 770 4109 jus
808 4039 1104 4108 arrogavit.
1148 4038 1232 4092 An
1268 4048 1451 4093 autem
1489 4040 1571 4093 hae
1596 4043 1981 4109 responsiones
2004 4057 2127 4097 om-

546 4131 709 4215 nibus
737 4130 937 4188 faciant
959 4131 1114 4196 satis,
1148 4131 1380 4184 aliorutn
1408 4140 1530 4185 esto
1554 4131 1844 4201 judicium.

1080 4264 1477 4321 ARTICULUS
1508 4264 1595 4319 Vl.

549 4358 697 4415 Num
726 4362 892 4415 versio
932 4359 1125 4415 Latina
1147 4360 1221 4440 sit
1248 4361 1500 4425 barbara,
1536 4368 1586 4413 et
1612 4358 1934 4414 Anastasius
1978 4358 2127 4414 illius

1174 4440 1245 4485 su
1278 4441 1484 4483 auctor.

617 4525 754 4579 Cum
785 4524 891 4578 hoc
907 4537 1045 4592 opus
1066 4522 1252 4577 Grazce
1282 4524 1548 4591 scriptum
1572 4519 1812 4592 perierit,
1841 4522 1907 4576 de
1936 4532 2124 4577 aucto-

549 4619 626 4673 ris
677 4615 827 4670 illius
878 4614 1019 4684 stylo
1066 4614 1349 4669 dicendive
1391 4616 1707 4668 charactere
1748 4612 1884 4667 nihil
1929 4614 2061 4668 certi
2094 4627 2124 4666 a

551 4709 713 4764 nobis
741 4708 903 4761 statui
937 4715 1133 4775 potest.
1163 4704 1239 4760 De
1265 4706 1383 4775 ejus
1424 4714 1605 4759 autem
1637 4704 1828 4760 Latina
1854 4706 2124 4775 interpre-

550 4799 755 4854 tatione
808 4813 917 4850 non
970 4811 1265 4867 possumus
1315 4795 1538 4851 Bartbio
1589 4797 1806 4867 penitus
1845 4798 2123 4861 assentiri,

548 4891 641 4962 qui
668 4888 847 4959 primo
877 4888 955 4941 ait
984 4900 1103 4941 eam
1135 4895 1194 4941 ut
1222 4896 1347 4955 pote
1378 4888 1591 4940 mistam
1622 4888 1987 4954 barbarismis,
2029 4890 2125 4943 hac

550 4982 736 5037 huisse
774 4976 1191 5034 semibarbarum
1243 4978 1631 5033 translatorem.
1675 4978 2074 5051 Secundoquod
2106 5023 2120 5047 ,

552 5074 681 5127 mihi
708 5073 755 5127 si
796 5088 994 5137 censio,
1033 5071 1195 5125 verba
1230 5070 1349 5140 ejus
1378 5080 1528 5137 sunt,
1569 5073 1745 5135 detur,
1777 5073 2123 5126 Anastasium

552 5166 1024 5222 Bibliotherarium
1047 5164 1205 5234 hujus
1237 5162 1604 5218 translationis
1635 5173 1901 5217 auctorem
1924 5165 2120 5230 dicant,

552 5261 703 5330 cujus
751 5269 962 5314 exstant
1009 5256 1147 5311 clam
1203 5255 1481 5325 palamque
1519 5253 1709 5308 similis
1754 5256 2031 5310 industria:
2072 5266 2121 5310 et

550 5352 853 5422 siriptionis
874 5361 1209 5403 monumenta
1232 5347 1296 5402 (δ.
1912 5392 1913 5395 η

604 5442 895 5510 ’ρυαηξιιῐη
922 5442 1067 5497 enim
1095 5442 1163 5497 ad
1187 5440 1447 5511 primum,
1474 5454 1583 5494 non
1606 5438 1895 5493 diffitemur
1925 5440 2118 5495 horum

551 5537 960 5592 tzanslationem
991 5536 1255 5591 librorum
1281 5549 1388 5588 non
1415 5549 1537 5589 esse
1559 5526 1871 5587 Latinitatis
1899 5535 2122 5589 omnino

1328 5656 1370 5687 "
1393 5655 1537 5709 hom.
1571 5653 1659 5714 1'5,
1685 5653 1739 5707 in
1767 5651 2027 5709 Ezechiel.

625 5657 665 5688 “
690 5656 760 5710 De
789 5658 1031 5726 scriptor.
1066 5653 1247 5709 eccles.
1328 5656 1370 5687 "
1393 5655 1537 5709 hom.

628 5725 867 5779 mesit.
900 5728 955 5779 in
984 5725 1161 5779 Sumb.
1189 5735 1358 5779 avost.
1440 5720 1571 5779 “lib

1518 5740 1590 5779 ll).
1621 5740 1681 5779 ll.

547 5722 590 5754 ’³
628 5725 867 5796 prosit.
896 5722 955 5780 in
984 5725 1161 5798 Symb.
1189 5735 1358 5797 apost.

2144 5654 2361 5712 "simil.
2397 5654 2448 5709 5.

2226 791 2334 851 tur,
2386 784 2534 853 quod
2576 784 2737 856 longe
2782 785 3032 855 pluribus
3058 794 3184 840 ante
3216 784 3569 839 Anastasium
3598 782 3808 837 saeculis

2226 874 2475 944 quaedam
2500 876 2667 946 hujus
2694 875 2903 931 Latina:
2926 876 3395 947 interpretationis
3418 877 3613 941 verba,
3631 875 3806 944 qualia

2226 969 2366 1024 inea
2400 969 2517 1039 ipsa
2560 969 2853 1033 habentur,
2892 984 2924 1024 a
2955 966 3294 1024 Tertulliano
3318 968 3656 1037 transcripta
3687 967 3809 1037 legi-

2226 1073 2369 1114 mus.
2409 1058 2597 1130 Neque
2632 1059 2836 1115 dixeris
2867 1060 3012 1116 hunc
3040 1060 3265 1125 librum,
3302 1068 3361 1114 ut
3386 1074 3557 1128 supra
3598 1057 3809 1111 monui-

2228 1166 2372 1218 mus,
2427 1160 2675 1222 tempore
2706 1152 3028 1223 llieronymi
3082 1150 3326 1221 ignotum
3367 1150 3543 1204 fuisse
3580 1148 3807 1214 Latinis,

2228 1243 2393 1314 idque
2442 1254 2766 1314 argumento
2815 1260 2936 1300 esse
2986 1244 3136 1298 illum
3179 1243 3424 1298 nondum
3460 1250 3596 1295 tunc
3626 1238 3812 1293 Latine

2230 1342 2521 1396 redditum.
2551 1340 2687 1396 Nam
2722 1341 2894 1397 futilis
2924 1351 2977 1397 et
3004 1356 3142 1395 vana
3168 1349 3252 1394 est
3282 1338 3399 1393 hzec
3439 1336 3809 1400 ratiocinatio,

2231 1434 2671 1506 quandoquidem
2712 1435 2802 1491 hic
2849 1435 2987 1490 liber
3031 1450 3140 1488 non
3186 1444 3397 1487 tantum
3451 1428 3811 1491 Tertulliano,

2231 1527 2325 1597 qui
2369 1524 2701 1598 Hieronymo
2736 1526 3013 1597 antiquior
3037 1535 3158 1592 est,
3189 1524 3514 1579 notissimus
3546 1519 3693 1585 fuit;
3729 1534 3815 1571 ve-

2234 1634 2356 1674 rum
2405 1612 2568 1673 etiam
2602 1618 2801 1675 Ruﬁno
2840 1630 2896 1675 et
2931 1619 3221 1683 Cassiano,
3268 1617 3443 1672 eidem
3482 1613 3817 1683 Hieronymo

2169 1749 2211 1805 Β
2238 1711 2437 1766 coaevis
2459 1720 2511 1767 et
2531 1712 2881 1781 supparibus,
2913 1713 3007 1783 qui
3033 1712 3180 1766 hunc
3204 1709 3401 1765 librum
3426 1706 3627 1779 procul
3655 1704 3818 1760 dubio

2236 1802 2430 1860 Latine
2458 1804 2870 1876 interpretatum
2893 1804 3161 1859 viderunt.

2749 1913 3147 1970 ARTICULUS
3179 1912 3293 1970 VII.

2644 2009 2785 2064 Num
2809 2012 2874 2064 sit
2899 2020 3108 2067 tantum
3136 2008 3381 2078 epitome.

2304 2098 2551 2160 Tertium
2588 2103 2739 2158 addit
2762 2101 3039 2168 Barthius,
3068 2101 3281 2156 caeteris
3309 2112 3567 2170 peltaque
3593 2094 3814 2159 falsum,

2230 2197 2441 2253 scrlicet
2488 2199 2590 2253 hos
2642 2197 2815 2252 libros
2856 2195 3049 2250 Latine
3086 2193 3329 2249 redditos
3368 2190 3670 2262 quamdam
3704 2197 3814 2241 tan-

2234 2291 2520 2345 tummodo
2542 2305 2666 2347 esse
2690 2291 2871 2346 Graeci
2901 2298 3084 2344 textus
3109 2287 3403 2357 epitomen,
3431 2286 3486 2339 in
3510 2299 3624 2353 qua
3651 2282 3811 2336 inter-

2234 2398 2359 2453 pres
2395 2384 2565 2437 multa
2595 2383 2836 2438 auctoris
2861 2380 3033 2436 Graeci
3059 2380 3225 2435 verba
3256 2378 3437 2433 sciens
3462 2375 3814 2445 prudensque

2232 2476 2667 2546 praetermiserit.
2714 2473 2869 2529 Unde
2915 2473 3063 2529 enim
3108 2471 3163 2527 id
3208 2468 3459 2539 probabit
3515 2464 3814 2520 Barthius!

2232 2566 2491 2637 Nunquid
2541 2584 2653 2638 pra:
2715 2566 2971 2621 manibus
3020 2564 3213 2619 habuit
3272 2562 3522 2617 Graecum
3588 2558 3817 2627 hujusce

2233 2660 2413 2729 operis
2434 2659 2735 2728 exemplar,
2764 2672 2999 2728 quocum
3023 2654 3274 2709 Latinam
3306 2648 3811 2721 interpretationem

2234 2751 2899 2822 composuerit?minime
2940 2749 3205 2819 gentium.
3248 2746 3447 2800 Contra
3499 2757 3634 2796 vero
3681 2740 3816 2792 inte-

2236 2860 2390 2915 grum
2423 2844 2478 2897 in
2514 2843 2603 2897 illa
2628 2842 2961 2909 minimeque
3002 2836 3418 2903 mutilumopus
3452 2828 3726 2886 contineri
3751 2841 3814 2880 eo

2236 2936 2536 2991 luculenter
2583 2934 3010 2995 demonstratur,
3046 2928 3193 2999 quod
3236 2925 3419 2980 omnia
3473 2922 3814 2983 testimonia,

2235 3043 2356 3097 qua:
2399 3040 2530 3081 sane
2572 3026 2729 3095 plura
2780 3031 2929 3087 sunt,
2963 3022 3031 3075 ab
3061 3016 3419 3088 scriptoribus
3462 3030 3530 3069 ex
3582 3014 3705 3083 ipso
3728 3025 3812 3065 eo-

2231 3120 2353 3174 dem
2385 3118 2617 3188 prolata,
2658 3116 2712 3170 in
2747 3129 2811 3170 ea
2842 3113 3206 3183 reperiantur.

2302 3209 2392 3274 At,
2424 3208 2660 3277 inquies,
2692 3221 2860 3261 unum
2894 3220 2959 3260 ex
2997 3204 3102 3258 hac
3132 3199 3601 3257 commentatione
3633 3196 3809 3249 locum

2232 3301 2423 3357 retulit
2451 3298 2704 3354 Clemens
2734 3293 3163 3356 Alexandrinus,
3200 3290 3360 3360 cujus
3406 3288 3605 3342 Latina
3647 3288 3809 3340 verba

2231 3392 2341 3447 illic
2364 3390 2567 3446 frustra
2590 3388 2894 3459 quaisieris.
2923 3384 3027 3440 Sed
3055 3383 3107 3437 id
3138 3384 3344 3438 frustra
3371 3379 3657 3449 objicitur.
3678 3377 3809 3430 Nam

2230 3484 2562 3541 Clementem
2588 3497 2696 3536 non
2723 3478 2969 3535 auctoris
2996 3476 3181 3542 verba,
3211 3475 3307 3530 sed
3332 3483 3571 3527 mentem
3598 3487 3665 3526 ac
3689 3487 3811 3524 sen-

2232 3590 2379 3638 sum,
2422 3572 2568 3643 quod
2593 3572 2788 3643 "solum
2834 3568 3165 3635 intenderat,
3198 3567 3278 3623 ibi
3306 3564 3559 3622 retulisse
3588 3567 3810 3635 planum

2232 3678 2319 3724 cst
2348 3675 2402 3722 et
2435 3664 2809 3736 perspicuum.

2722 3772 3123 3830 ARTICULUS
3167 3771 3302 3828 V’lll.

2662 3870 2740 3923 De
2764 3868 2918 3922 titulo
2943 3866 3160 3936 hujusce
3188 3866 3379 3934 operis.

2285 3966 2398 4023 Hoc
2413 3982 2549 4037 opus
2571 3966 2819 4036 pluribus
2839 3968 3115 4036 variisque
3133 3967 3305 4022 titulis
3325 3967 3392 4021 ab
3413 3964 3657 4036 antiquis
3674 3979 3805 4017 scn-

2231 4059 2477 4132 ptoribus
2506 4068 2858 4128 praenotatur.
2890 4058 3119 4115 Rufinus
3144 4061 3340 4114 etenim
3370 4059 3461 4113 ubi
3504 4074 3600 4113 eos
3634 4057 3802 4109 libros

2234 4160 2537 4215 enumerat,
2564 4150 2657 4219 qui
2692 4159 2960 4204 vocantur
2990 4167 3023 4202 a
3053 4148 3343 4219 majoribus
3380 4166 3483 4202 non
3527 4148 3800 4205 canonici.

2231 4242 2320 4297 sed
2361 4242 2734 4303 ecclesiastici,
2782 4242 2847 4295 de
2880 4242 2973 4295 illo
3014 4242 3095 4295 sic
3135 4242 3374 4308 loquitur
3417 4244 3459 4273 “
3498 4260 3510 4296 :
3550 4239 3617 4294 In
3656 4239 3802 4293 Novo

2237 4333 2567 4387 Testamento
2597 4329 2808 4383 libellus
2828 4330 2918 4397 qui
2946 4327 3143 4379 dicitur
3158 4325 3399 4380 Pastoris
3416 4327 3522 4379 sive
3552 4323 3802 4381 Hermas.

2137 4425 2202 4489 ιι)
2228 4425 2319 4493 qui
2360 4420 2657 4492 appellatur
2687 4432 2707 4471 :
2746 4418 2875 4472 Duae
2906 4418 3005 4471 viae
3038 4417 3114 4471 vel
3149 4416 3415 4487 judicium
3443 4412 3617 4471 Petri.
3666 4417 3802 4483 Quid

2230 4516 2335 4571 sibi
2371 4514 2456 4569 his
2503 4511 2682 4567 verbis
2727 4512 2816 4565 ille
2853 4510 3002 4576 velit,
3038 4510 3303 4563 attentius
3334 4509 3801 4579 perpendendum.

2232 4607 2470 4662 Libellus
2515 4606 2660 4661 enim
2708 4602 2949 4656 Pastoris
2986 4600 3244 4670 appellari
3300 4617 3406 4654 non
3444 4609 3631 4670 potest
3675 4602 3804 4655 Date

2230 4703 2346 4768 via’,
2371 4711 2485 4755 tum
2520 4700 2647 4769 quia
2670 4697 2807 4753 sexti
2830 4704 3040 4751 tantum
3072 4695 3313 4749 mandati
3345 4694 3501 4748 initio
3534 4696 3578 4725 ¹⁶
3608 4697 3675 4750 de
3706 4695 3801 4749 hoc

2231 4800 2552 4865 argumento
2599 4790 2913 4854 disseritur,
2979 4794 3147 4856 atque
3210 4786 3366 4855 plura
3412 4787 3519 4840 alia
3575 4797 3693 4841 toto
3748 4785 3797 4838 in

2230 4900 2392 4956 opere
2418 4891 2762 4950 tractantur;
2798 4892 2916 4936 tum
2946 4882 3073 4953 quia
3101 4882 3241 4937 alius
3272 4882 3498 4937 omnino
3525 4893 3612 4937 est
3639 4884 3799 4937 totius

2230 4980 2408 5050 operis
2440 4992 2657 5046 scopus.
2691 4975 2877 5046 Neque
2898 4977 3061 5031 etiam
3083 4975 3304 5030 inscribi
3338 4985 3521 5045 potest
3536 4976 3798 5045 judicium

2233 5070 2378 5124 Petri
2410 5084 2429 5123 :
2464 5070 2567 5122 hac
2598 5068 2797 5137 quippe
2820 5068 2887 5121 de
2918 5081 2977 5121 re
3007 5066 3141 5121 nihil
3166 5067 3218 5120 in
3249 5066 3333 5120 bis
3358 5067 3514 5121 libris
3533 5068 3794 5123 invenias.

2232 5163 2462 5233 Aliquod
2504 5162 2668 5231 igitur
2699 5162 2954 5215 mendum
2992 5160 3045 5213 in
3085 5158 3264 5213 Ruﬁni
3302 5168 3510 5215 textum
3560 5163 3793 5232 irrepsit,

2230 5257 2313 5310 vel
2337 5255 2482 5309 illius
2506 5253 2687 5308 verbis
2702 5252 2812 5307 duo
2841 5263 2934 5307 aut
2966 5262 3074 5307 tres
3096 5251 3295 5306 diversi
3321 5254 3442 5308 libri
3467 5254 3807 5315 indicantur..

2231 5346 2444 5401 Primus
2501 5345 2709 5418 quidem
2766 5344 2975 5399 libellus
3016 5345 3105 5415 qui
3166 5346 3368 5400 dicitur
3402 5346 3685 5416 Pastoris,
3732 5350 3795 5405 de

2229 5458 2338 5512 quo
2365 5441 2478 5511 jam
2525 5438 2742 5509 questio
2785 5438 3033 5493 habetur.
3082 5438 3367 5495 Secundus
3413 5452 3498 5496 est
3544 5443 3788 5509 libellus;

2230 5536 2343 5589 haec
2374 5534 2521 5589 enim
2565 5547 2673 5587 vox
2718 5530 2926 5584 libellus
2979 5530 3117 5584 forte
3162 5533 3445 5589 subaudiri
3486 5536 3676 5604 debet;
3729 5537 3792 5589 li-

2530 5650 2870 5705 ”.inintadr.
2897 5650 2964 5706 atl
2997 5648 3208 5706 Hormo:
3242 5648 3454 5704 Pastor.
3510 5649 3642 5704 circ.
3674 5646 3781 5702 init.
