4040 6322
262 277 383 332 Rii—

260 490 412 546 ciurn
441 488 620 555 Petri;
654 489 758 542 nisi
794 504 890 559 per
918 491 980 544 τὸ
1007 492 1280 547 Iudicium
1320 493 1469 548 Petri
1503 496 1694 552 tertius
1721 493 1834 551 for-

255 588 412 634 tasse
439 578 577 634 liber
610 576 927 647 designetur
948 618 966 642 ,
1007 570 1164 647 cujus
1193 576 1554 649 Hieronymus
1594 578 1679 635 bis
1708 595 1835 635 ver-

254 669 347 728 bis
380 668 631 726 meminit
665 669 744 723 ’τε
775 667 1006 743 Quintus
1049 668 1321 726 Judicium
1347 669 1491 726 Petri
1533 672 1670 725 inter
1707 690 1835 742 apo-

252 764 486 834 crypltas
521 764 834 834 scripturas,
877 763 945 818 de
979 777 1091 834 quo
1119 762 1248 818 alibi
1283 764 1444 819 nobis
1483 764 1587 819 erit
1619 764 1832 820 dicendi

248 855 434 913 locus.
1420 920 1423 921 ,

332 943 601 1002 Usitatior
633 948 861 1018 hujusce
884 948 1070 1018 operis
1100 948 1413 1019 epigraphe,
1438 965 1665 1021 quasque
1688 950 1830 1021 apud

246 1041 515 1108 antiquos
567 1040 863 1110 scriptores
908 1051 963 1096 et
1014 1042 1354 1112 frequentius
1386 1052 1439 1097 et
1478 1044 1674 1113 potiori
1706 1044 1831 1114 jure

244 1132 525 1198 occurrit,
575 1142 659 1187 est
706 1130 904 1185 Pastor
944 1132 1029 1186 vel
1068 1131 1227 1186 Liber
1274 1133 1538 1190 Pastoris.
1572 1134 1829 1191 Hermam

242 1221 536 1283 enimvero
561 1220 614 1275 in
644 1223 887 1277 secundo
922 1230 976 1275 et
1016 1223 1176 1276 tertio
1203 1222 1343 1278 libro
1374 1222 1567 1279 Pastor
1597 1225 1801 1296 alloqui

242 1320 346 1366 tur
372 1320 429 1366 et
455 1314 736 1379 informat,
772 1313 958 1383 illique
991 1313 1231 1368 visiones
1252 1314 1377 1370 libri
1409 1315 1593 1385 primi,
1628 1318 1682 1371 in
1712 1318 1828 1387 pri-

240 1404 358 1461 mis
385 1421 512 1462 vero
537 1407 750 1461 tertiam
780 1394 1030 1462 enuCIeat
1068 1416 1122 1461 et
1144 1410 1339 1476 aperit.

325 1493 573 1565 Denique
618 1496 761 1551 idem
804 1512 942 1567 opus
987 1486 1211 1553 nomine
1257 1498 1501 1553 auctoris
1533 1500 1826 1572 aliquando

238 1589 558 1663 appellatur
585 1589 837 1658 Hermas,
886 1601 982 1645 aut
1012 1590 1259 1656 Hermes,
1300 1591 1463 1655 unius
1488 1592 1682 1648 littera!
1706 1610 1827 1648 mu—

237 1684 458 1737 tatione
487 1698 514 1737 a
566 1682 804 1738 librariis
837 1682 1009 1750 facta;
1048 1685 1151 1750 vel,
1187 1694 1248 1739 ut
1273 1685 1527 1739 observat
1554 1684 1823 1756 Labbeus,

1494 275 1767 334 PAS'I'OR
1779 318 1792 332 .
1825 310 1891 321 —
1917 278 2280 343 PROCEMIA.

259 398 459 462 bellus,
493 396 738 467 inquam,
772 400 862 467 qui
890 399 1223 467 appellantur
1258 400 1386 457 Duae
1414 400 1544 468 Vite,
1575 402 1653 459 vel
1682 402 1834 459 ludio
1854 399 1900 451 A

3405 300 3510 358 ειε

2480 400 2877 460 ARTICULUS
2906 403 2972 457 XV

2081 493 2226 559 Quid
2258 495 2322 550 de
2350 495 2429 549 his
2458 496 2610 552 libris
2640 500 2846 570 antiqui
2869 498 3058 556 Patres
3088 514 3361 567 senserint.

2007 582 2235 651 Quantas
2286 588 2628 659 antiquitatis
2668 590 2778 647 sint
2819 591 2874 646 lii
2924 592 3049 648 libri
3088 594 3201 664 jam
3228 597 3506 657 vidimus:

1934 673 2065 741 quid
2097 690 2229 731 vero
2267 677 2334 731 de
2373 677 2483 733 illis
2530 680 2803 751 senserint
2840 683 3049 752 antiqui
3090 683 3298 755 Patres,
3330 692 3509 761 quod-

1933 780 2039 834 que
2085 766 2151 821 de
2199 768 2388 824 iisdem
2441 770 2709 840 judicium
2754 772 2883 828 ferri
2935 775 3149 845 debeat,
3207 796 3352 837 nunc
3379 781 3507 837 dili-

1933 863 2148 933 gentius
2166 864 2578 935 inquirendum.
2605 866 2840 924 Irenzeus
2866 870 3052 940 itaque
3072 874 3113 905 ”
3143 874 3353 929 videtur
3385 877 3507 933 illus

1935 966 1992 1010 ut
2021 971 2207 1013 sacres
2235 958 2436 1013 divina:
2462 958 2757 1031 Scriptura:
2790 963 3004 1019 codices
3043 964 3266 1022 laudare
3300 986 3315 1022 :
3342 968 3502 1036 Bene,

1932 1045 2132 1117 inquit,
2172 1052 2534 1119 pronuntiavit
2572 1052 2871 1124 Scriptura,
2920 1073 3035 1127 quae
3078 1058 3208 1112 dicit
3255 1076 3274 1115 :
3318 1060 3507 1119 Primo

1931 1138 2165 1191 omnium
2196 1141 2344 1195 crede
2369 1182 2385 1210 ,
2425 1154 2533 1198 etc.
2571 1141 2723 1200 Unde
2758 1144 3027 1203 Eusebius
3067 1148 3134 1203 de
3171 1151 3360 1206 eodem
3390 1153 3505 1207 Ire-

1930 1246 2049 1287 naeo
2086 1235 2277 1290 scribit
2312 1238 2356 1269 ὀ
2397 1256 2412 1292 :
2446 1237 2604 1293 Liber
2636 1238 2882 1295 Pastoris
2911 1258 3013 1296 non
3039 1244 3207 1298 solum
3236 1248 3301 1300 ab
3329 1263 3389 1301 eo
3418 1263 3506 1300 co-

1929 1323 2105 1393 gnitus
2127 1365 2142 1392 ,
2171 1328 2260 1379 sed
2298 1329 2457 1382 etiam
2492 1346 2805 1401 magnopere
2829 1332 3150 1401 approbatus
3174 1347 3251 1390 est
3282 1336 3364 1391 liis
3393 1354 3510 1393 ver-

1930 1414 2008 1467 bis
2034 1430 2052 1467 :
2081 1414 2221 1470 Bene
2259 1416 2540 1489 Scriptura
2565 1462 2580 1487 ,
2624 1432 2732 1477 etc.
2788 1421 2898 1479 Nec
2941 1425 3044 1480 alia
3079 1442 3213 1482 sane
3246 1428 3345 1483 fuit
3383 1430 3507 1486 Cle-

1928 1512 2130 1567 mentis
2180 1512 2537 1570 Alexandrini
2584 1519 2853 1575 sententia
2886 1521 2928 1552 ⁸¹
2954 1562 2969 1585 .
3020 1523 3114 1593 qui
3144 1525 3304 1591 simili
3342 1529 3504 1583 modo

1928 1602 2045 1657 ait:
2079 1602 2263 1658 Divine
2303 1623 2425 1677 ergo
2451 1610 2617 1662 virtus
2659 1610 2756 1665 illa
2784 1629 2901 1683 quae
2937 1613 3149 1671 Ilerma:
3179 1618 3413 1689 loquitur
3447 1621 3504 1674 in

1929 1695 2260 1764 reuelatione,
2286 1697 2457 1762 Θείως
2483 1699 2711 1773 τοίνυνή
2741 1703 2970 1775 δυνάμις
2995 1706 3120 1777 ὴτῷ
3156 1707 3332 1781 Ἑρμᾷ
3360 1711 3500 1765 κατὰ

251 1772 488 1846 Ἑρμᾶς,
505 1784 713 1832 mutata
737 1777 1002 1831 duntaxat
1018 1777 1267 1844 dialecte,
1284 1776 1462 1832 dictus
1490 1786 1573 1833 est
1600 1776 1824 1851 Ἑρμῆς.

1927 1785 2265 1858 ἀποκάλυψιν
2316 1787 2567 1845 λαλοῦσα.
2614 1772 2888 1864 Origenes
2921 1772 3103 1851 autem
3142 1772 3319 1855 de‘eo'
3363 1801 3503 1856 libro

239 1864 395 1922 Vero
431 1878 614 1923 tamen
666 1871 900 1926 similius
941 1881 1023 1927 est
1065 1870 1341 1937 Hermum,
1384 1886 1510 1926 cum
1543 1875 1823 1945 proprium

236 1973 447 2015 nomen
503 1964 653 2032 operi
706 1979 807 2019 suo
862 1964 1140 2035 praeﬁgere
1179 1967 1368 2031 nollet,
1420 1967 1547 2022 illud
1600 1967 1824 2024 inscribi

238 2050 507 2127 voluisse
541 2053 645 2109 hac
673 2055 967 2126 epigraphe
997 2054 1194 2111 Pastor
1235 2058 1319 2135 vel
1352 2057 1511 2113 Liber
1554 2058 1820 2114 Pastoris.

238 2143 590 2201 Tertulliano
620 2149 979 2205 nihilominus
1007 2151 1123 2207 hazc
1152 2152 1437 2223 inscriptio
1461 2168 1569 2207 non
1598 2152 1824 2208 omnino

237 2242 468 2312 probari
499 2242 728 2297 videtur.
770 2245 861 2297 Alt
891 2245 1091 2314 quippe
1119 2245 1159 2276 ’⁸
1195 2262 1207 2297 :
1245 2245 1473 2299 Hermas
1503 2247 1653 2316 cujus
1683 2248 1821 2303 scri-

234 2343 397 2404 ptum
434 2335 538 2404 fere
580 2333 771 2389 Pastor
814 2336 1146 2391 inscribitur.
1191 2335 1389 2391 Verum
1431 2337 1692 2392 credibile
1739 2348 1823 2394 est

234 2425 403 2479 illum
454 2426 595 2479 lianc
628 2426 952 2495 particulam
986 2427 1094 2496 fere
1122 2470 1136 2493 ,
1190 2427 1242 2481 id
1292 2437 1376 2483 est
1416 2426 1529 2483 fere
1584 2444 1819 2498 semper,

236 2518 372 2572 ideo
405 2518 717 2584 addidisse,
753 2519 879 2589 quia
916 2522 1054 2590 apud
1095 2520 1389 2577 nonnullos
1427 2521 1565 2576 alios
1591 2523 1823 2594 scripto-

236 2626 333 2665 res
364 2610 469 2664 hoc
496 2626 633 2680 opus
667 2612 776 2666 alio
809 2613 1045 2683 quodam
1081 2614 1259 2677 titulo,
1292 2613 1436 2683 quod
1460 2613 1678 2683 quidem
1711 2631 1818 2683 non
1870 2602 1888 2620 ⁸

237 2716 529 2773 negamus,
554 2703 847 2775 aliquando
879 2705 1305 2774 prmnotabatur.

772 2817 1169 2873 ARTICULUS
1200 2818 1291 2873 IX.

315 2911 393 2965 De
425 2910 583 2980 hujus
624 2927 794 2981 operis
822 2913 1098 2975 divisione,
1136 2911 1402 2995 capitibus
1422 2922 1476 2967 et
1511 2913 1749 2983 capitum

860 2996 1201 3053 argumentis.
1624 3025 1633 3032 ι

276 3122 281 3125 .
309 3072 370 3128 In
418 3076 807 3148 manuscriptis
846 3074 1129 3129 codicibus
1168 3072 1226 3130 S.
1258 3073 1517 3131 Germani
1546 3093 1578 3132 a
1612 3074 1815 3144 Protis,
1843 3121 1886 3178 ϐ

230 3165 554 3222 Colbertiuo
585 3176 639 3222 et
677 3167 821 3232 aliis,
846 3181 947 3220 nec
986 3180 1093 3220 non
1143 3166 1195 3220 in
1238 3169 1515 3238 prioribus
1548 3169 1709 3225 editis
1734 3170 1818 3223 lu-

230 3259 492 3314 cubratio
550 3259 659 3314 ista
708 3258 1071 3314 inscribitur:
1115 3257 1272 3312 Liber
1317 3258 1580 3327 Pastoris,
1641 3262 1838 3335 nuntii.

230 3350 582 3421 paenitentiae,
624 3351 719 3420 sed
757 3348 953 3403 nullibi
994 3366 1235 3419 unquam
1276 3351 1330 3404 in
1364 3359 1473 3405 tres
1512 3351 1677 3405 libros
1706 3352 1817 3406 dis-

232 3444 527 3499 tribuitur.
551 3441 609 3497 In
637 3443 877 3497 editione
904 3441 1125 3497 Henrici
1160 3440 1442 3512 Stephani,
1482 3458 1625 3498 anno
1654 3443 1813 3508 I515,

231 3536 381 3597 idem
413 3551 479 3590 ac
509 3536 563 3589 in
589 3534 978 3604 manuscriptis
999 3545 1083 3590 est
1107 3535 1299 3590 titulus
1326 3555 1339 3590 :
1362 3544 1418 3590 at
1443 3535 1567 3591 libri
1589 3537 1813 3591 secundi

230 3630 398 3685 initio
426 3629 772 3683 continenter
805 3636 859 3683 et
897 3627 1106 3698 absque
1145 3628 1254 3682 ulla
1284 3627 1552 3684 divisione
1578 3630 1810 3701 legitur:

231 3719 314 3775 De
349 3721 618 3775 mandatis
659 3737 691 3773 a
741 3718 997 3786 Pastore,
1048 3719 1233 3790 angelo
1279 3720 1621 3789 paenitentiae.
1668 3721 1812 3776 Visio

232 3816 444 3887 quinta,
469 3823 575 3867 etc.
617 3809 803 3881 Neque
827 3810 991 3865 etiam
1026 3811 1398 3881 antiquissimi
1436 3809 1623 3867 Patres
1645 3813 1811 3868 ullam

231 3899 465 3968 hujusce
504 3900 684 3969 operis
724 3900 776 3953 in
811 3908 920 3953 tres
958 3899 1128 3954 libros
1161 3899 1484 3956 divisionem
1518 3918 1830 3975 agnovere.

228 3992 316 4076 A'b
342 3989 575 4063 Origene
616 3992 909 4062 siquidem,
930 3989 1310 4057 Tertulliano,
1343 3993 1667 4061 Athanasio,
1697 3993 1811 4049 Ru-

230 4084 366 4154 fino,
397 4082 668 4139 Cassiano
700 4095 924 4139 vocatur
954 4083 1132 4153 Liber,
1167 4087 1250 4142 vel
1278 4085 1513 4141 Libellus
1540 4088 1809 4154 Pastoris,

230 4152 536 4246 Scriptura,
561 4175 644 4229 vel
675 4172 967 4244 Scriptum.

268 4267 570 4347 .Przeterea
626 4267 681 4322 in
728 4268 921 4323 iisdem
967 4270 1361 4339 manuscriptis
1402 4270 1558 4326 libris
1584 4281 1638 4325 et
1668 4270 1810 4326 anti-

227 4362 517 4431 quioribus
566 4360 925 4427 editionibus,
976 4360 1126 4415 nulla
1174 4372 1303 4416 sunt
1346 4374 1665 4433 argumenta
1711 4378 1806 4418 seu

227 4456 535 4511 summaria
564 4455 830 4524 capitum.
880 4454 974 4509 sed
1004 4454 1329 4523 simpliciter
1364 4455 1560 4525 legitur
1596 4474 1609 4510 :
1659 4455 1803 4511 I'isio
1835 4460 1880 4515 D

223 4550 424 4620 prima,
468 4546 612 4602 Visio
645 4546 895 4611 secunda,
932 4556 1036 4602 etc.
1080 4546 1397 4601 Mandatum
1415 4549 1666 4617 primum,
1694 4559 1802 4604 etc.

222 4639 538 4699 Similitudo
562 4641 757 4709 prima,
781 4648 887 4694 etc.

297 4734 642 4802 Quapropter
678 4732 874 4787 divisio
908 4731 1089 4802 operis
1120 4732 1175 4786 in
1220 4742 1332 4788 tres
1368 4734 1574 4801 libros,
1605 4751 1801 4805 quem-

221 4828 525 4883 admodum
570 4825 754 4879 omnia
788 4824 937 4878 illius
963 4834 1308 4894 argumenta,
1339 4841 1449 4882 non
1476 4828 1545 4883 ab
1579 4827 1799 4894 Herma,

220 4921 319 4976 sed
360 4918 433 4973 ab
464 4933 545 4973 e.s
576 4919 843 4973 duntaxat
884 4918 978 4987 qui
1019 4927 1321 4989 postremas
1349 4920 1615 4976 editiones
1641 4922 1802 4976 ador-

221 5020 514 5076 naverant,
562 5009 707 5064 haud
766 5009 932 5063 dubie
982 5007 1224 5079 profecta
1272 5018 1422 5065 sunt.
1480 5008 1619 5067 Hinc
1666 5012 1800 5069 nulli

220 5106 426 5160 mirum
458 5103 625 5158 videri
654 5103 817 5159 debet
856 5102 903 5157 si
932 5118 997 5157 ex
1033 5102 1226 5158 iisdem
1256 5105 1592 5175 argumentis
1617 5104 1798 5175 aliqua

218 5198 469 5253 auctoris
513 5211 737 5252 sensum
784 5211 849 5251 ac
887 5194 1184 5251 consilium
1217 5196 1401 5251 minus
1428 5196 1568 5252 bene
1595 5213 1797 5267 reprae-

218 5307 313 5347 sen
320 5300 456 5347 teut.

1927 1875 2008 1931 sic
2034 1881 2402 1948 pronuntiat“
2430 1900 2443 1935 :
2466 1880 2598 1947 Quae
2629 1886 2896 1955 scriptura
2919 1888 3048 1942 milii
3074 1890 3224 1945 valde
3248 1893 3397 1946 utilis
3414 1894 3499 1948 vi-

1925 1967 2099 2036 detur,
2143 1980 2192 2024 et
2238 1982 2294 2024 ut
2323 1981 2472 2041 puto,
2525 1975 2778 2030 divinitus
2810 1978 3094 2048 inspirata.
3144 1982 3215 2037 At
3260 1983 3351 2039 ille
3379 1986 3501 2041 ideo

1924 2060 2153 2126 addidit,
2178 2072 2235 2116 ut
2270 2078 2422 2134 puto,
2448 2081 2558 2137 quo
2588 2067 2639 2122 id
2667 2068 2892 2125 omnino
2916 2070 3021 2126 sibi
3050 2054 3373 2142 persuasum
3391 2092 3501 2133 non

1924 2149 2095 2207 fuisse
2151 2154 2504 2227 signiﬁcaret.
2548 2158 2613 2215 Et
2648 2177 2776 2217 vero
2809 2163 2860 2217 in
2893 2163 3219 2234 quibusdam
3259 2168 3502 2225 homiliis

1925 2244 2223 2318 unicuique
2272 2249 2543 2321 integrum
2589 2253 2678 2309 ille
2711 2253 2842 2310 facit
2880 2258 2932 2311 in
2967 2257 3150 2325 aliam,
3182 2258 3229 2313 si
3258 2259 3497 2325 libuerit,

1924 2337 2003 2390 ire
2033 2340 2375 2396 sententiam.
2409 2341 2498 2397 Sic
2518 2344 2661 2399 enim
2687 2348 2738 2400 in
2765 2347 2992 2403 humilia
3016 2366 3121 2405 una
3155 2351 3397 2421 loquitur
3418 2354 3498 2407 "z

1924 2426 1984 2484 Si
1996 2431 2079 2483 cui
2096 2439 2268 2485 tamen
2287 2432 2568 2504 Scriptura
2582 2436 2676 2490 illa
2694 2438 2991 2508 recipienda
3006 2443 3230 2499 videtur.
3250 2442 3306 2498 In
3330 2444 3499 2502 altera

1923 2536 2054 2575 vero
2081 2521 2125 2552 “
2156 2520 2250 2578 :Si
2269 2526 2354 2577 cui
2370 2534 2542 2580 tamen
2557 2528 2766 2583 libellus
2797 2531 2887 2584 ille
2915 2533 3239 2603 recipiendus
3269 2538 3497 2593 videtur.

1992 2608 2294 2682 Eapropter
2351 2615 2677 2673 nobilissimi
2726 2621 2945 2690 quidam
2998 2624 3298 2695 scriptores
3354 2628 3501 2687 hunc

1917 2705 2170 2777 eumdem
2229 2706 2429 2762 librum
2470 2719 2621 2765 extra
2675 2712 2950 2770 Canonern
3001 2731 3172 2772 sacra:
3204 2718 3501 2792 Scriptura:

1918 2795 2260 2877 ablegarunt.
2309 2797 2528 2855 Primus
2580 2801 2722 2858 inter
2772 2820 2867 2860 eos
2924 2811 3369 2866 annumerandus
3414 2822 3500 2867 est

1918 2888 2277 2960 Athanasius,
2330 2894 2425 2963 qui
2461 2894 2529 2949 de
2556 2895 2663 2951 hoc
2704 2897 2844 2952 libro
2872 2900 2919 2932 “
2961 2919 2975 2955 :
3014 2900 3152 2970 Etsi,
3206 2903 3403 2976 inquit,
3438 2907 3495 2961 in

1919 2979 2131 3037 Conone
2151 3000 2251 3038 non
2278 2986 2366 3039 sit.
2394 2984 2550 3042 Hunc
2579 2991 2825 3059 sequitur
2850 2990 3215 3066 Hieronymus
3246 2996 3292 3027 "
3327 3016 3343 3052 :
3370 2996 3496 3055 Non

1918 3084 2061 3139 sunt,
2110 3075 2310 3147 inquit,
2356 3078 2410 3131 in
2440 3078 2671 3135 Canone.
2720 3080 2952 3141 Ruﬁnus
2992 3101 3212 3158 quoque
3241 3089 3284 3119 ”
3315 3108 3332 3145 ι
3370 3090 3492 3146 Non

1919 3174 2041 3219 sunt
2072 3168 2340 3235 canonici,
2373 3169 2464 3222 sed
2488 3171 2846 3227 ecclesiastici.
2894 3172 3042 3230 Unde
3072 3176 3160 3231 ille
3184 3188 3372 3248 postea
3402 3196 3495 3236 as-

1919 3256 2051 3312 serit
2092 3267 2302 3314 veteres
2340 3258 2528 3315 Patres
2560 3262 2805 3319 noluisse
2845 3279 2912 3319 ex
2948 3265 3035 3320 Iris
3061 3307 3076 3331 ,
3116 3266 3258 3322 sicut
3282 3283 3349 3323 ex
3381 3284 3492 3326 uno

1916 3351 2115 3407 divrnze
2145 3350 2443 3423 Scriptura:
2472 3355 2633 3421 libro,
2668 3358 2975 3412 testimonia
3006 3359 3257 3429 proferri.
3285 3361 3488 3420 Eodem

1916 3451 2067 3497 certe
2097 3457 2261 3498 sensu
2285 3442 2557 3501 Eusebius
2582 3445 2626 3477 ²⁸
2649 3462 2745 3501 eos
2777 3447 2831 3501 in
2865 3435 3179 3519 spuriorum
3204 3460 3259 3505 et
3284 3444 3509 3509 adulto?

1916 3532 2161 3589 rinorum
2188 3550 2418 3590 nurnero
2448 3536 2602 3606 ponit
2637 3555 2650 3591 :
2688 3536 2799 3593 Pro
2830 3541 3049 3610 spuriis,
3075 3543 3248 3613 inquit
3278 3545 3358 3615 (ἐν
3379 3540 3507 3610 τοῖς

1914 3624 2131 3694 νόθοις),
2163 3626 2386 3680 habendi
2420 3640 2540 3682 sunt
2576 3626 2741 3682 Actus
2774 3628 2937 3683 Pauli
2975 3640 3024 3683 et
3056 3631 3189 3684 liber
3218 3630 3485 3688 Pastoris.

1912 3714 2188 3772 AGelasio
2210 3728 2392 3773 autem
2420 3734 2557 3789 papa
2575 3718 2619 3749 ³³
2643 3718 2788 3774 etab
2811 3728 3037 3775 auctore
3077 3719 3486 3787 Stichometriaa,

1914 3806 1968 3861 in
2011 3807 2160 3862 calce
2204 3803 2646 3874 Chronographite
2679 3805 2971 3879 Niceplrori
3019 3806 3485 3878 Constantinojio-

1912 3898 2069 3953 litani
2099 3898 2279 3965 editae,
2308 3898 2620 3969 ‘apocryphi
2658 3908 2947 3955 vocantur.
2973 3896 3090 3953 Non
3117 3898 3224 3953 alia
3250 3897 3487 3969 denique

1913 4006 2068 4046 mens
2096 4007 2288 4046 eorum
2315 3992 2583 4060 omnium,
2608 4006 2842 4062 quorum
2869 3990 3135 4046 Eusebius
3157 3992 3499 4047 sententiam

1911 4085 1965 4139 in
2001 4084 2149 4141 hunc
2177 4084 2399 4139 modum
2429 4084 2597 4141 refert
2645 4085 2690 4117 ”
2742 4103 2757 4139 :
2816 4083 3102 4139 Sciendum
3131 4095 3207 4139 est
3250 4101 3369 4139 eum
3418 4085 3487 4140 li-

1912 4179 2066 4233 brum
2103 4195 2136 4232 a
2173 4176 2442 4231 nonnullis
2477 4176 2688 4247 quidem
2723 4177 2779 4230 in
2821 4176 3040 4230 dubium
3076 4187 3395 4245 revocatum,
3419 4180 3483 4232 ob

1909 4284 2059 4339 quos,
2086 4268 2155 4321 δι’
2177 4266 2292 4332 οὓς,
2320 4268 2458 4321 inter
2486 4277 2704 4338 recepta:
2734 4269 3075 4323 auctoritatis
3097 4268 3261 4324 libros
3287 4271 3487 4325 censeri

1911 4377 2013 4415 non
2038 4369 2229 4431 potest.

2427 4452 2825 4510 ARTICULUS
2875 4453 2968 4511 XI.

2349 4545 2577 4612 Quantae
2613 4548 2718 4600 sint
2751 4546 3020 4605 utilitati;

1980 4640 2306 4697 Communis
2340 4638 2586 4705 Patrum,
2619 4654 2742 4709 qua:
2774 4639 2990 4694 veritati
3020 4640 3197 4713 magis
3239 4655 3482 4699 consona

1909 4733 2143 4797 videtur,
2179 4733 2363 4803 opinio
2387 4747 2451 4787 ea
2484 4740 2587 4795 est,
2613 4746 2720 4801 qua
2746 4730 2822 4784 illi
2854 4730 3001 4787 hunc
3028 4731 3230 4788 librum
3254 4734 3482 4789 utilissi-

1910 4840 2059 4879 mum
2082 4864 2099 4890 ,
2143 4832 2306 4893 atque
2335 4823 2401 4878 ad
2434 4821 2676 4877 hominis
2714 4835 2904 4876 recens
2928 4820 2994 4876 ad
3019 4821 3385 4877 Christianam
3414 4822 3485 4878 li-

1906 4918 2030 4972 dcm
2072 4916 2326 4971 conversi
2374 4930 2556 4970 mores
2585 4913 2965 4971 informandus
2988 4915 3337 4987 aptissimum
3360 4931 3485 4972 esse

1905 5010 2239 5067 existimant.
2296 5007 2352 5062 Id
2395 5006 2612 5079 quidem
2664 5005 2937 5063 Eusebius
2982 5009 3104 5063 loco
3141 5007 3257 5079 jam
3284 5008 3485 5078 saspius

1904 5106 2069 5160 citato
2094 5102 2177 5158 sic
2201 5110 2386 5171 aperte
2408 5100 2567 5155 docet
2600 5118 2613 5154 :
2645 5099 2723 5152 Ab
2748 5099 2872 5154 aliis
2896 5102 3126 5155 maxime
3152 5101 3499 5154 necessarius

1894 5197 2196 5266 judicatur,
2236 5195 2301 5250 iis
2342 5195 2637 5263 praesertim
2660 5195 2751 5265 qui
2777 5194 2964 5263 primis
2991 5194 3260 5265 religionis
3285 5205 3482 5251 nostra:

1900 5287 2168 5343 elementis
2205 5284 2516 5340 instituendi
2550 5294 2695 5339 sunt.
2739 5284 2887 5341 Unde
2921 5288 3083 5341 etiam
3128 5287 3182 5340 in
3226 5284 3480 5343 Ecclesiis

292 5500 428 5555 "De
464 5512 702 5571 scriptor.
717 5499 898 5554 eccles.
932 5514 1052 5571 cap.
1084 5497 1138 5551 2.
1183 5496 1341 5571 "lib.
1385 5496 1461 5550 De
1505 5504 1790 5571 orat._cap.
1824 5495 1910 5551 12.
1968 5496 2013 5571 ’ξ
2028 5494 2123 5549 lib.
2153 5488 2628 5571 ιν-,Δᾼηάυηζιωζεεη
2654 5490 2825 5571 c._§7.
2901 5490 3143 5571 ’°Iib._y_
3181 5488 3328 5571 Hist.
3353 5503 3476 5571 cap.

215 5572 269 5627 8.
348 5572 502 5626 "lib.
542 5559 581 5624 ι’
605 5570 804 5643 Strom.
860 5559 1234 5643 "'Ctimment.
1282 5568 1481 5643 incap.
1511 5582 1600 5620 xvt
1631 5559 1805 5638 Epist.
1862 5571 1931 5643 ad
1969 5564 2175 5643 Eom._
2201 5563 2562 5643 “tremit-8,
2604 5564 2661 5617 in
2701 5560 2987 5643 gumeros.
3012 5559 3477 5643 L”h0ll}II.ﬂIﬂttt

214 5644 588 5714 probrum.
666 5639 1146 5714 “liba/)eidecret.
1183 5627 1605 5714 δυηοάηᾼῖξᾳωη.
1641 5627 1764 5714 post
1787 5637 1927 5692 med.
1991 5636 2104 5714 “in
2133 5635 2350 5706 Prolog.
2385 5627 2628 5690 Galea'to.
2705 5627 2749 5666 ’ἱ
2769 5632 2824 5689 in
2846 5633 3069 5703 exposit.
3102 5627 3273 5705 symb.
3315 5629 3471 5686 “tib.

218 5708 280 5771 in
326 5713 560 5777 tlistor.,
605 5728 726 5783 cap.
771 5712 861 5767 25.
938 5711 1059 5764 "in
1089 5708 1294 5765 Decret.
1371 5710 1526 5766 "lib.
1557 5724 1615 5765 ιιι
1646 5708 2020 5779 Histor.,cap.
2047 5709 2099 5765 '5.

503 5811 778 5871 Pn'nOL.
837 5807 953 5868 Gn.
995 5807 1072 5867 Il.

3106 5797 3191 5862 9’1
