4040 6322
550 294 655 351 8i5

2083 279 2139 339 8.
2180 281 2442 340 ΠΕΒΜᾹὲ

3689 294 3783 352 8“

549 414 755 485 publice
807 411 910 483 legi
950 407 1323 480 comperimus,
1360 416 1411 461 et
1461 405 1717 478 quosdam
1754 418 1819 457 ex
1878 399 2121 455 vetustis-
2150 400 2195 455 Λ
2225 398 2366 452 bitur
2388 400 2539 456 illico
2566 403 2710 461 illius
2733 406 2946 463 dicendi
2968 425 3140 480 genus
3164 411 3231 465 ad
3262 412 3643 481 persuadenda
3667 414 3783 467 reli-

548 507 697 559 simis
749 505 915 573 ipsius
970 503 1269 559 testimonio
1298 518 1417 554 usos
1463 500 1645 569 fuisse.
1688 496 1764 550 Ex
1800 496 1886 550 his
1923 492 2123 563 quippe

552 597 770 653 Eusebii
816 597 995 651 verbis
1045 596 1146 649 tria
1186 593 1492 662 colligimus
1532 597 1872 659 argumenta,
1922 586 2122 656 quibus

551 694 785 748 maxima
822 670 990 759 hujus
1033 687 1158 743 libri
1200 685 1405 740 utilitas
1446 683 1654 754 liquido
1689 683 2117 737 demonstratur.

547 784 791 840 Primum
834 801 864 840 a
902 776 1310 845 vetustissimis,
1344 778 1435 848 qui
1475 778 1526 833 id
1570 791 1886 843 asseruere,
1918 777 2123 846 petitur

550 880 931 949 scriptoribus.
974 876 1119 930 Inter
1141 880 1235 929 e‘os
1257 872 1427 931 enim.
1448 884 1681 939 quorum
1717 868 1990 923 Eusebius
2022 883 2122 922 no-

548 988 673 1028 men
710 952 923 1033 tacuit,
976 968 1202 1023 forsitan
1256 964 1564 1021 censendus
1605 971 1688 1017 est
1725 961 1837 1032 jam
1874 977 1904 1016 a
1961 961 2120 1016 nobis

549 1066 802 1121 laudatus
829 1063 1107 1132 Origenes,
1151 1059 1244 1129 qui
1274 1058 1341 1113 de
1372 1073 1440 1113 eo
1477 1055 1698 1126 scripsit
1732 1073 1745 1109 :
1786 1052 1921 1107 Mihi
1967 1053 2118 1107 valde

547 1157 697 1211 utilis
728 1156 953 1210 videtur.
992 1151 1325 1208 Athanasius
1368 1165 1589 1221 quoque
1626 1148 1825 1203 librum
1866 1148 2118 1202 eumdem

548 1250 779 1320 appellat
811 1250 853 1281 "
891 1267 904 1302 :
942 1244 1293 1302 Utilissimum
1328 1242 1573 1297 Pastoris
1603 1240 1819 1294 librum.
1853 1238 1949 1295 llis
1987 1254 2118 1294 vero

548 1343 912 1415 Hieronymus
945 1342 988 1372 "
1011 1356 1040 1394 a
1076 1338 1235 1393 nobis
1266 1335 1523 1405 subjungi
1554 1334 1732 1400 debet,
1764 1332 1922 1403 cujus
1948 1332 2113 1388 etiam

554 1432 756 1491 'udicio
783 1443 864 1488 est
896 1453 907 1487 :
950 1431 1143 1486 Revera
1174 1429 1322 1483 utilis
1351 1428 1501 1482 liber.
1812 1438 1813 1441 ‘

617 1529 861 1582 Alterum
909 1538 1137 1580 summa:
1183 1519 1427 1591 ejusdem
1477 1517 1601 1573 libri
1653 1515 1903 1571 utilitatis
1956 1528 2120 1584 argu-

549 1628 790 1675 mentum
825 1617 950 1672 hinc
980 1616 1245 1676 eruimus,
1278 1611 1420 1681 quod
1451 1610 1561 1675 ille,
1603 1617 1741 1664 teste
1772 1605 2027 1673 Eusebio,
2063 1606 2118 1659 in

546 1706 796 1762 ecclesiis
829 1704 1044 1773 publice
1082 1703 1372 1771 legeretur.
1420 1697 1487 1752 Et
1522 1697 1573 1751 id
1614 1696 1833 1767 quidem
1870 1710 1978 1749 non
2023 1709 2117 1750 so-

546 1799 659 1853 lum
683 1798 750 1851 ab
777 1796 870 1849 illo
900 1794 1219 1850 doctissimo
1243 1792 1362 1845 viro
1386 1831 1399 1852 ,
1433 1790 1525 1845 sed
1556 1789 1718 1844 etiam
1751 1789 1821 1843 ab
1846 1787 2114 1859 Hierony-

546 1905 639 1945 mo
668 1888 901 1943 traditur
928 1887 995 1953 ³³,
1023 1886 1114 1956 qui
1146 1904 1157 1939 :
1188 1884 1343 1954 Apud
1360 1872 1641 1955 quasdam,
1670 1882 1867 1952 inquit.
1898 1881 2119 1936 Graecia:

545 1977 794 2031 ecclesias
832 1976 993 2041 etiam
1015 1973 1219 2043 publice
1243 1972 1481 2041 legitur;
1511 1982 1563 2027 et
1593 1987 1622 2026 a
1646 1969 1843 2026 Rufino
1867 1972 1911 2003 “
1942 1987 1955 2023 :
1986 1971 2120 2037 ρυω

547 2072 729 2125 omnia
777 2069 880 2139 legi
935 2068 1145 2137 quidem
1176 2066 1229 2119 in
1268 2066 1500 2120 ecclesiis
1540 2065 1835 2118 voluerunt.
1871 2065 1940 2118 At
1972 2072 2119 2119 certe

546 2162 805 2235 episcOpi'
831 2162 979 2215 illum
1030 2160 1083 2214 in
1124 2158 1369 2215 ecclesiis
1396 2158 1612 2227 publice
1642 2156 1744 2227 legi
1789 2157 2116 2224 noluissent,

547 2257 653 2311 nisi
686 2255 1009 2310 habuissent
1029 2252 1255 2307 omnino
1286 2266 1631 2321 persuasum,
1670 2251 1795 2305 inde
1823 2249 2115 2320 plurimam

546 2363 579 2403 a
605 2346 932 2402 Christianis
955 2346 1157 2416 percipi
1193 2359 1353 2415 posse
1384 2344 1692 2399 utilitatem.

622 2438 892 2494 Caeterum
952 2453 1059 2491 non
1136 2437 1189 2490 in
1248 2435 1492 2491 ecclesiis
1529 2435 1794 2490 duntaxat
1845 2433 1981 2488 liber
2030 2432 2118 2488 ille

547 2531 765 2602 publice
809 2529 1116 2601 legebatur,
1173 2544 1358 2582 verum
1404 2528 1564 2582 etiam
1616 2539 1731 2582 erat
1770 2526 1824 2581 in
1867 2526 2112 2583 omnium

548 2624 837 2690 manibus,
891 2624 969 2678 uti
1031 2638 1099 2677 ex
1155 2620 1387 2693 Origene
1435 2621 1696 2683 vidimus,
1746 2628 1999 2689 patetque
2046 2634 2114 2673 ex

546 2715 871 2781 Athanasio,
910 2714 1004 2785 qui
1030 2714 1180 2768 illum
1210 2712 1473 2781 Catalogo
1502 2712 1763 2765 librorum
1801 2709 1992 2765 inserit
2020 2709 2064 2741 ³⁸
2096 2727 2109 2763 :

547 2811 692 2877 Quos
734 2807 925 2864 Patres
973 2812 1263 2860 sanxerunt
1298 2803 1401 2873 legi
1441 2803 1508 2856 iis
1550 2803 1639 2872 qui
1670 2801 1738 2855 ad
1765 2800 1923 2870 ﬁdem
1966 2816 2113 2854 acce-

544 2904 700 2966 dunt,
748 2900 1067 2969 cupiuntque
1108 2897 1164 2949 in
1211 2894 1425 2962 pietatis
1472 2891 1625 2946 verbo
1675 2892 1902 2944 institui.
1956 2888 2111 2945 Unde

545 3009 742 3050 rursus
795 3000 1060 3062 quantum
1126 2988 1162 3042 ii
1221 2987 1287 3042 ad
1342 2984 1631 3041 utilitatem
1673 2982 2107 3037 Christianorum

2223 489 2400 558 gionis
2425 503 2627 550 uestrae
2650 496 2925 570 dogmata.
2953 518 3076 571 quae
3098 520 3375 574 nunquam
3402 506 3547 561 lictis
3569 507 3787 561 somniis

2223 591 2276 635 et
2304 582 2461 641 falsis
2501 588 2807 646 visionibus
2847 594 3030 650 doceri
3061 597 3279 663 debent,
3313 613 3510 664 parum
3543 598 3787 653 idoneum

2224 688 2345 730 esse
2395 681 2730 750 omninoque
2767 684 3030 755 ineptum.
3086 685 3202 743 Non
3247 703 3546 758 possumus
3578 688 3789 759 quidem

2224 766 2304 821 ire
2333 768 2543 827 inﬁcias
2573 771 2825 832 Hermam
2857 782 2935 833 uti
2967 780 3209 849 potuisse
3250 781 3352 836 alia
3394 784 3657 837 methodo
3685 792 3794 854 sty-

2225 861 2386 930 loque
2421 863 2761 934 siinplicinri,
2810 869 2935 924 ideo
2979 880 3159 926 tamen
3211 889 3351 943 opus
3401 874 3553 929 illius
3583 874 3793 945 vitupe-

2224 954 2454 1009 randum
2484 966 2578 1011 aut
2610 959 2975 1029 abjiciendum
3009 978 3130 1019 esse
3156 966 3333 1036 palam
3366 976 3671 1037 aperteque
3696 983 3793 1023 ne—

2221 1058 2436 1117 gamus.
2483 1049 2619 1117 Quis
2666 1053 2811 1107 enim
2846 1056 2918 1110 ob
2962 1058 3161 1129 stylum
3197 1059 3587 1130 scribendique
3626 1075 3795 1131 genus

2221 1157 2359 1211 opus
2390 1142 2518 1196 illud
2543 1146 2825 1213 aspernari
2867 1150 3105 1217 audeat,
3135 1152 3282 1221 quod
3313 1151 3525 1219 Patres,
3552 1153 3793 1223 antiqui-

2223 1240 2331 1287 tate
2369 1242 2423 1287 et
2459 1234 2709 1291 doctrina
2749 1239 3116 1308 celeberrimi,
3152 1244 3318 1301 tantis
3349 1244 3608 1301 laudibus
3637 1254 3795 1300 extu-

2220 1324 2352 1391 lere,
2399 1328 2656 1398 quodque
2703 1333 3038 1389 sanctissimi
3082 1336 3338 1405 praesules
3367 1337 3667 1393 voluerunt
3700 1354 3795 1408 pu-

2220 1418 2361 1473 blice
2391 1420 2445 1475 in
2473 1423 2725 1479 ecclesiis
2756 1426 2893 1497 legi.
2926 1437 3092 1497 atque
3119 1429 3172 1481 in
3199 1428 3443 1485 omnium
3471 1445 3597 1486 esse
3620 1431 3797 1485 mani-

2220 1510 2357 1566 bus?
2392 1512 2687 1569 Dicendum
2735 1516 2921 1587 itaque
2964 1517 3217 1574 Hermam
3252 1522 3357 1576 hoc
3383 1531 3494 1576 tam
3529 1522 3795 1593 singulari

2221 1603 2506 1673 scripsisse
2548 1607 2689 1677 stylo
2714 1648 2731 1675 ,
2771 1610 2899 1679 quia
2948 1610 3099 1665 illum
3128 1612 3195 1667 ad
3222 1612 3542 1668 alliciendos
3571 1629 3797 1668 moven-

2220 1694 2429 1765 dosque
2490 1697 2771 1753 hominum
2827 1702 3079 1770 animos,
3132 1712 3295 1774 atque
3354 1704 3423 1759 ad
3471 1705 3793 1760 tradendam

2218 1787 2520 1844 doctrinam
2573 1806 2728 1848 suam
2761 1794 3103 1864 aptissimum
3133 1806 3185 1852 et
3223 1797 3665 1854 ellicacissimum
3708 1799 3793 1870 ju-

2218 1877 2459 1936 dicabat.

2728 1975 3126 2033 ARTICULUS
3158 1979 3272 2035 XII.

2429 2065 2618 2123 Utrum
2658 2071 2861 2139 antiqui
2889 2069 3078 2126 Patres
3107 2072 3231 2127 illos
3261 2076 3573 2144 spreverint.

2289 2159 2429 2226 Quid
2453 2177 2604 2234 ergo,
2641 2163 2855 2233 inquies
2875 2206 2889 2230 ,
2915 2165 3174 2235 negarine
3199 2177 3375 2237 potest
3407 2169 3557 2223 hunc
3588 2169 3789 2225 librum

2217 2253 2285 2308 ab
2310 2256 2550 2326 antiquis
2575 2255 2828 2313 Patribus
2861 2259 3087 2328 despici,
3129 2274 3193 2314 ac
3233 2276 3331 2330 pro
3373 2261 3546 2317 nihilo
3576 2263 3793 2333 putarit

2215 2348 2372 2403 Certe
2408 2349 2664 2420 Origenes
2688 2350 2960 2419 expressis
2984 2350 3163 2407 verbis
3195 2352 3331 2406 dixit
3358 2352 3404 2385 ³⁷
3439 2372 3453 2409 :
3488 2358 3528 2408 Α
3571 2356 3787 2425 quibus.

2214 2442 2339 2495 dum
2387 2444 2759 2497 contemnitur.
2808 2442 3175 2501 Tertullianus
3222 2462 3351 2501 vero
3368 2447 3463 2500 ”:
3505 2445 3788 2519 Scriptura

2214 2531 2459 2588 Pastoris
2492 2534 2607 2587 sola
2646 2535 2870 2589 moechos
2896 2546 3111 2591 amat...
3147 2536 3212 2591 ab
3248 2540 3392 2592 omni
3418 2542 3645 2594 concilio
3688 2541 3788 2595 Ec-

2214 2626 2495 2681 clesiarum
2534 2628 2693 2680 etiam
2722 2638 3011 2682 vestrarum
3046 2630 3185 2684 inter
3222 2632 3522 2701 apocrypha
3558 2642 3608 2686 et
3644 2634 3785 2702 falsa

2203 2716 2504 2787 judicatur.
2536 2717 2897 2791 Hieronymus
2924 2731 3104 2775 autem
3129 2722 3279 2776 illum
3305 2738 3413 2778 non
3437 2725 3616 2779 solum
3647 2741 3780 2780 con-

2214 2810 2402 2875 temni,
2432 2808 2525 2864 sed
2559 2820 2613 2865 et
2635 2810 2878 2866 stultitia:
2909 2811 3062 2882 argui
3090 2813 3380 2866 testatur"
3415 2830 3431 2867 :
3471 2812 3632 2868 Liber
3669 2814 3779 2880 ille,

2213 2899 2409 2969 inquit,
2454 2901 2782 2971 apocryphus
2836 2900 3084 2955 stultitia:
3113 2901 3543 2957 condemnandus
3582 2914 3683 2967 est,
3729 2907 3783 2958 in

2210 3007 2311 3062 quo
2351 2992 2605 3060 scriptum
2646 3002 2744 3059 est,
2795 2993 3069 3062 quemdam
3110 2994 3350 3062 angelum
3388 2997 3600 3050 nomine
3658 2996 3783 3067 Tyri

548 3088 691 3142 hanc
727 3083 1160 3139 Iucubrationem
1187 3077 1493 3134 conducere
1519 3074 1820 3141 crederent,
1839 3074 1996 3128 facile
2026 3074 2109 3128 in-
2135 3099 2182 3163 ο
2210 3099 2429 3154 praeesse
2460 3084 2755 3154 reptilibus.
2805 3085 3045 3156 Denique
3083 3085 3319 3152 Prosper
3346 3088 3605 3144 Collatori
3632 3130 3649 3156 ,
3682 3107 3782 3145 au-

542 3176 822 3233 telliaitur.

622 3194 652 3231 ΙΙ
696 3194 822 3229 ιιυτ.

614 3194 859 3322 Τξτιίυηι
906 3272 1284 3335 argumentum
1327 3276 1394 3316 ex
1442 3258 1529 3315 bis
1579 3258 1796 3314 Eusebii
1854 3259 2033 3313 verbis
2065 3258 2111 3291 ⁸⁸

490 3350 493 3353 ἢ
543 3362 726 3418 adhuc
771 3358 990 3415 elicitur
1040 3374 1055 3412 :
1103 3356 1375 3422 Quasdam
1415 3370 1479 3408 ea:
1523 3353 1890 3408 vetustissimis
1943 3353 2109 3422 ipsius

544 3455 840 3513 testimonio
880 3470 1001 3507 usos
1041 3452 1223 3522 fuisse.
1266 3449 1340 3504 Ea
1374 3465 1609 3519 namque
1658 3447 1945 3503 manifeste
1985 3462 2113 3519 pro-

544 3554 676 3611 bant
723 3561 930 3624 quanto
999 3549 1087 3604 hic
1141 3547 1278 3603 liber
1328 3545 1461 3615 ipsis
1520 3545 1752 3614 aliisque
1814 3543 2109 3613 plurimis,

541 3647 635 3720 qui
669 3662 735 3701 ex
785 3645 876 3699 illo
917 3642 1119 3714 pariter
1172 3638 1482 3694 testimonia
1521 3637 1691 3691 multa
1744 3636 2108 3706 protulerunt,

541 3734 706 3794 fuerit
739 3738 790 3790 in
831 3734 1023 3805 pretio.
1067 3729 1221 3799 Quod
1279 3744 1411 3783 sane
1450 3744 1515 3783 ex
1566 3730 1809 3798 ipsorum
1841 3728 2043 3791 verbis,
2077 3742 2108 3782 a

540 3831 702 3886 nobis
724 3830 864 3885 inter
911 3835 1157 3881 veterum
1188 3824 1499 3911 testimonia
1542 3820 1750 3885 relatis,
1778 3819 1979 3876 clarius
2012 3834 2111 3889 pa-

542 3922 695 3977 tebit.

611 4012 878 4080 Quartum
910 4015 1291 4080 argumentum
1323 4004 1410 4060 his
1444 4003 1616 4058 tribus
1648 4000 1970 4057 Eusebianis
1996 3988 2106 4056 non

538 4107 842 4176 incongrue
892 4102 1117 4156 forsitan
1154 4098 1401 4168 adjicies,
1448 4096 1733 4150 utilitatem
1780 4095 1942 4164 hujus
1982 4092 2106 4147 libri

534 4213 607 4271 ex
637 4198 756 4268 ejus
786 4195 1040 4259 lectione,
1072 4192 1155 4248 vel
1188 4192 1349 4246 etiam
1377 4205 1442 4244 ex
1475 4189 1586 4244 sola
1619 4188 1786 4253 illius,
1822 4203 1983 4258 quam
2011 4188 2108 4242 de-

537 4290 743 4356 dimus,
771 4288 978 4359 analysi
1020 4300 1183 4356 posse
1215 4298 1244 4336 a
1277 4282 1522 4351 quolibet
1568 4280 1727 4336 facile
1750 4281 1991 4352 agnosci.
2025 4280 2103 4336 Ex

538 4381 629 4435 illa
662 4377 931 4449 siquidem
981 4374 1138 4429 facile
1167 4372 1442 4443 Colligitur
1484 4372 1725 4427 auctoris
1759 4372 1927 4427 nostri
1978 4387 2104 4427 sco-

2213 3176 2519 3232 ctoritatem
2559 3174 2771 3232 Hermas
2793 3178 3092 3248 objicienti,
3125 3181 3475 3251 respondet“
3504 3198 3517 3233 :
3555 3181 3688 3236 Post
3718 3183 3786 3236 il-

2212 3266 2305 3321 lud
2327 3278 2501 3322 autem
2519 3267 2719 3324 nullius
2753 3272 3087 3326 auctoritatis
3112 3274 3647 3345 testimonium.un
3672 3277 3786 3331 dis-

2211 3360 2475 3429 putationi
2497 3376 2606 3414 suae
2630 3360 2692 3415 de
2714 3360 2894 3415 libello
2918 3362 3159 3419 Pastoris
3188 3366 3433 3422 inseruit.

2285 3450 2483 3505 Verum
2509 3452 2553 3505 si
2586 3452 2699 3506 haec
2731 3450 2950 3507 Patrum
2980 3456 3289 3511 testimonia
3315 3457 3632 3529 diligentius
3658 3474 3787 3515 exa-

2212 3540 2509 3606 minentur,
2538 3541 2758 3610 planum
2797 3543 3005 3613 liquido
3032 3546 3123 3600 fiet
3142 3547 3322 3616 primo
3350 3549 3641 3620 Origenem
3674 3569 3782 3607 non

2211 3630 2433 3698 dixisse,
2459 3632 2552 3703 qui
2576 3631 2801 3700 fuerint,
2828 3635 3054 3705 cujusve
3080 3638 3340 3704 nominis,
3368 3640 3451 3694 vel
3474 3642 3682 3711 quibus
3704 3659 3788 3698 ra-

2214 3724 2455 3780 tionibus
2487 3724 2630 3793 fulti,
2661 3727 2697 3781 ii
2718 3728 2813 3797 qui
2840 3727 2986 3784 hunc
3007 3729 3205 3784 librum
3237 3732 3538 3802 despicatui
3575 3736 3786 3791 habue-

2211 3827 2357 3872 runt.
2387 3817 2457 3873 At
2480 3828 2625 3873 certe
2658 3835 2725 3873 ex
2762 3820 2932 3890 ipsius
2972 3830 3154 3877 mente
3176 3837 3271 3877 eos
3298 3825 3564 3881 obscuros
3588 3827 3783 3897 fuisse,

2212 3909 2415 3964 nullius
2457 3911 2827 3977 auctoritatis,
2866 3913 3141 3985 nullisque
3176 3915 3451 3971 rationum
3486 3923 3784 3979 momentis

2211 4002 2471 4067 munitos,
2497 4001 2623 4057 inde
2654 4003 2982 4073 colligimus,
3002 4007 3146 4076 quo‘d
3172 4007 3255 4061 vir
3284 4008 3370 4063 ille
3399 4011 3779 4079 doctissimus,

2210 4094 2288 4149 uti
2315 4095 2570 4161 vidimus,
2588 4096 2890 4150 doctrinam
2913 4097 2965 4151 in
2991 4098 3297 4156 hoceodem
3328 4102 3473 4157 libro
3497 4106 3778 4175 traditam,

2208 4186 2461 4240 divinitus
2492 4186 2805 4255 inspiratam
2828 4204 2950 4243 esse
2986 4192 3279 4259 putaverit.

2277 4279 2432 4347 Quod
2461 4290 2668 4351 spectat
2703 4282 2768 4336 ad
2797 4280 3213 4352 Tertullianum,
3239 4296 3444 4343 certum
3485 4298 3571 4343 est
3601 4290 3777 4357 illum,

2208 4388 2331 4428 cum
2359 4372 2472 4426 haec
2504 4372 2787 4435 scriberet,
2809 4373 2921 4442 jam
2953 4374 3008 4427 in
3034 4374 3489 4433 Montanistarum
3516 4381 3779 4439 incidisse

536 4485 667 4543 pum
706 4484 829 4524 esse
860 4467 1108 4522 homines
1139 4466 1204 4521 ad
1247 4464 1509 4535 agendam
1547 4474 1893 4533 peccatorum
1934 4466 2106 4534 poeui-
2138 4452 2183 4508 Ι)
2208 4463 2456 4517 haeresim
2492 4480 2508 4523 :
2546 4463 2789 4533 nullique
2820 4464 3026 4519 idcirco
3063 4466 3261 4520 mirum
3299 4484 3422 4524 esse
3468 4472 3698 4539 debere,
3730 4476 3776 4530 si

536 4564 786 4627 tentiam,
811 4563 875 4616 ad
900 4561 1225 4617 iude’fessam
1250 4556 1540 4612 virtutibus
1565 4557 1840 4624 omnibus,
1869 4573 2100 4627 quarum

534 4655 985 4725 praestantissima
1028 4670 1257 4724 quaeque
1302 4662 1569 4725 przecepta
1621 4652 1814 4719 tradit,
1869 4650 2102 4706 dandam

534 4730 781 4818 operam,
807 4747 874 4801 ad
907 4748 1311 4816 persecutiones
1344 4756 1725 4818 tyrannorum,
1746 4743 1972 4814 jamjam
2007 4745 2105 4799 im-

535 4840 803 4896 minentes
826 4880 841 4905 ,
876 4838 1169 4894 fortissime
1193 4847 1246 4892 et
1272 4839 1338 4894 ad
1368 4849 1597 4894 mortem
1624 4854 1794 4908 usque
1820 4837 2100 4907 patientis-

534 4931 673 4987 sime
740 4930 1119 4995 sustinendas,
1179 4914 1451 4985 adhortari
1480 4970 1496 4996 ,
1537 4931 1858 4997 incendere,
1900 4940 2091 4999 atque,

529 5024 582 5083 si
629 5024 711 5078 fas
756 5022 981 5090 fuisset,
1028 5023 1370 5093 compellere.
1418 5022 1550 5089 Quae
1590 5021 1836 5094 profecto
1875 5032 2094 5092 quanta:

527 5113 861 5175 Christianis
879 5114 1267 5180 sintutilitatis,
1291 5129 1455 5168 nemo
1469 5130 1575 5169 non
1603 5114 1768 5168 videt.

605 5204 990 5262 Verumtamen
1041 5205 1086 5261 si
1125 5206 1193 5261 de
1226 5206 1464 5261 auctoris
1496 5206 1669 5260 nostri
1701 5207 1841 5261 libro
1870 5216 2092 5263 senten-

532 5298 606 5353 tia
658 5314 723 5353 ex
772 5296 1130 5368 quorumdam
1190 5295 1417 5365 hujusce
1485 5296 1744 5365 temporis
1805 5297 2089 5353 hominum

532 5391 763 5445 acutiori
789 5389 930 5444 haud
955 5389 1115 5445 dubie
1142 5389 1356 5459 ingenio
1381 5387 1603 5444 ferenda
1641 5388 1732 5453 sit,
1764 5392 2091 5460 pronuntia-

602 5555 642 5633 ‘f
663 5554 761 5633 lib:
780 5554 855 5608 De
869 5553 1144 5633 intrarunt.
1175 5552 1325 5610 Vero.
1356 5555 1518 5633 paulo
1563 5562 1685 5633 post
1725 5554 1827 5633 iuit

536 5622 912 5690 Epist.Pascls.
989 5626 1301 5697 “Ioc.sup.
1342 5622 1490 5681 citat.
1564 5622 1732 5682 "loc.
1769 5628 1863 5682 cit.
1940 5628 2065 5684 “lib

533 5693 687 5747 “lib.
714 5706 850 5749 cont.
879 5696 1073 5750 Collot.
1117 5711 1235 5766 cap.
1269 5697 1374 5769 .50.
2062 5725 2065 5729 ·

1938 5558 1985 5589 ³²
2004 5556 2079 5612 De
2102 5560 2345 5627 scriptor.
2400 5555 2580 5610 eccles.
2659 5550 2948 5627 “ibidem.

1288 5624 1490 5700 Lcitat.
1568 5624 1732 5682 "loc.
1769 5628 1863 5682 cit.
1940 5628 2089 5684 “lib.
2134 5624 2217 5683 De
2259 5627 2481 5700 pudicit.
2506 5668 2521 5692 ,
2555 5639 2675 5695 cap.
2700 5624 2795 5677 ‘20.

2207 4563 2320 4609 tum
2346 4553 2437 4608 ille
2465 4552 2732 4623 objectam
2760 4552 3099 4611 aCatltolicis
3120 4552 3332 4611 Hermae
3364 4560 3773 4626 auctoritatem,

2205 4664 2346 4703 vano
2390 4655 2699 4717 contemptu
2752 4657 3064 4718 conatuque
3110 4648 3266 4703 irrito
3324 4650 3546 4707 eludere
3600 4664 3777 4711 tenta-

2202 4742 2361 4797 verit.

2272 4835 2444 4891 Porro
2485 4836 2531 4891 si
2560 4836 2856 4891 contendas
2905 4835 3037 4890 illud
3082 4852 3268 4891 verum
3312 4852 3454 4905 esse,
3485 4841 3630 4911 quod
3658 4842 3775 4912 ipse

2200 4932 2416 5001 adjecit,
2447 4930 2587 4985 hanc
2604 4932 2926 5000 scripturam
2950 4930 3017 4985 ab
3046 4929 3301 4986 Ecclesiis
3323 4932 3613 4989 catholicis
3632 4936 3772 4990 inter

2203 5022 2513 5093 apocrypha
2544 5030 2597 5076 et
2624 5020 2760 5075 falsa
2792 5021 3052 5092 judicari,
3092 5038 3413 5092 responsum
3443 5027 3685 5098 accipies
3707 5028 3770 5081 il-

2202 5114 2313 5169 lum
2345 5130 2409 5169 eo
2436 5124 2645 5169 tantum
2682 5128 2848 5168 sensu
2895 5113 2975 5170 sic
3015 5114 3288 5181 locutum,
3333 5128 3393 5174 ut
3436 5120 3768 5189 signiﬁcaret

2204 5205 2345 5261 hanc
2377 5203 2810 5260 lucubrationem
2860 5204 3002 5258 inter
3036 5220 3223 5260 sacros
3265 5204 3569 5277 Scriptura:
3602 5210 3768 5265 libros

2202 5313 2310 5351 non
2341 5297 2713 5362 annumerari,
2741 5296 2847 5363 vel,
2882 5306 2939 5351 ut
2970 5298 3149 5354 verbis
3183 5299 3305 5369 ejus
3353 5311 3596 5371 utamur,
3630 5304 3773 5357 divi-

2200 5393 2316 5447 vino
2346 5391 2692 5444 instrumento
2731 5405 2833 5443 non
2862 5388 3043 5443 incidi.
3084 5388 3269 5461 Neque
3304 5393 3449 5447 enim
3480 5396 3656 5465 potuit
3682 5394 3765 5449 af-

3027 5551 3136 5607 “in
3151 5551 3352 5624 ,Symb.
3384 5564 3557 5621 apost.
3632 5555 3675 5587 ⁸⁸
3700 5553 3754 5607 in

2879 5623 2921 5655 ³⁹
2940 5621 3033 5677 lib.
3073 5639 3088 5678 ι
3125 5621 3417 5682 Comment.
3461 5628 3515 5682 in
3545 5624 3749 5681 Habes.
