4040 6322
265 284 396 346 ω
480 276 486 283 .

1569 282 1874 343 PAS'I‘OR.
1915 313 1981 323 —
2016 280 2377 338 PROCEMIA.

3434 281 3541 338 διο

270 413 512 466 ﬂrmare
539 409 684 465 hunc
714 408 911 464 librant
938 409 1007 464 ab
1032 407 1299 477 Ecclesia,
1334 418 1395 464 ut
1418 405 1791 479 apocryphum
1816 422 1842 459 e

1939 448 1943 456 ,
1970 394 2176 465 oppleri
2207 412 2219 447 :
2252 394 2399 465 quod
2425 391 2649 463 quidem
2685 392 2843 448 nobis
2875 392 3054 451 fusius
3073 394 3410 465 probandum
3433 409 3537 453 est.

270 502 511 565 falsum,
528 502 579 555 id
597 511 677 557 est
695 519 1010 567 erroneum,
1037 504 1444 574 supposititium
1474 512 1527 560 et
1553 503 1862 561 fabulosum

272 596 463 666 rejici,
496 596 625 666 quin
656 598 917 652 continuo
959 598 1076 667 ipse
1115 597 1236 652 falsi
1271 599 1342 653 ab
1386 598 1455 653 iis
1498 599 1755 654 omnibus
1784 614 1865 653 ar-

274 700 569 759 gueretur,
593 705 826 759 quorum
854 692 1162 747 testimonia
1194 692 1259 747 ad
1284 691 1527 761 ejusdem
1569 692 1695 746 libri
1768 703 1864 744 ve-

272 786 504 839 ritatem
533 784 935 855 utilitatemque
977 784 1313 855 probandam
1351 800 1514 855 supra
1548 786 1856 840 retulimus.

356 875 635 943 Quantum
669 892 799 932 vero
825 878 888 931 ad
918 876 1309 948 Hieronymum
1330 919 1344 943 ,
1378 877 1493 947 ipse
1517 878 1763 933 eamdem
1792 878 1859 933 li-

272 969 367 1024 bri
418 971 577 1040 hujus
620 971 912 1025 utilitatem
961 969 1013 1024 in
1063 970 1184 1025 aliis
1222 969 1697 1025 lucubrationibus
1740 971 1859 1026 suis

274 1072 415 1119 ante
448 1073 501 1117 et
535 1072 655 1133 post
701 1080 861 1118 suum
918 1064 972 1117 in
1011 1062 1265 1118 Habacuc
1290 1063 1757 1117 Commentarium
1780 1063 1859 1115 di-

267 1157 539 1228 vulgatis,
564 1157 837 1226 prmdicat.
873 1155 989 1210 Non
1021 1166 1231 1226 poterat
1260 1156 1426 1225 igitur
1448 1171 1667 1210 omnem
1710 1157 1857 1210 hunc

267 1250 484 1305 librum
516 1250 759 1305 stultitia:
790 1248 1129 1304 insimulare.
1162 1248 1226 1303 Et
1260 1264 1319 1303 re
1356 1248 1577 1319 quidem
1602 1263 1726 1303 vera
1758 1247 1852 1302 uni

270 1353 495 1400 tantum
530 1345 676 1399 illius
711 1345 852 1411 loco,
886 1344 981 1398 ubi
1017 1343 1085 1398 de
1123 1342 1317 1414 angelo
1343 1342 1629 1413 reptilibus
1673 1341 1857 1413 praesi-

266 1438 465 1500 dente,
502 1452 809 1491 sermonem
844 1435 959 1490 ﬁeri
986 1434 1233 1504 putabat,
1268 1434 1528 1489 censoriae
1550 1436 1855 1489 severitatis

270 1539 468 1584 notam
499 1529 715 1585 inussit.
744 1524 940 1582 Verum
963 1544 1028 1581 ex
1048 1526 1189 1581 infra
1208 1527 1451 1582 dicendis
1480 1542 1587 1581 non
1619 1526 1853 1581 obscure

268 1621 688 1675 demonstratur
703 1627 951 1675 sanctum
970 1620 1247 1672 doctorem
1271 1616 1645 1686 incorruptum
1660 1632 1852 1687 quem-

268 1714 405 1766 dam
431 1712 695 1776 codicem,
720 1728 784 1765 ex
810 1727 919 1781 quo
946 1711 1190 1766 auctoris
1218 1719 1459 1765 mentem
1494 1708 1716 1779 assequi
1741 1723 1848 1763 non
1880 1741 1923 1798 Β

270 1805 539 1876 potuerit,
574 1804 798 1859 fortuito
830 1803 1107 1859 incidisse.

347 1898 429 1951 Ad
475 1896 726 1968 Prosperi
772 1897 1153 1952 auctoritatem
1189 1909 1517 1967 responsum
1556 1905 1661 1962 est,
1704 1895 1854 1951 hunc

268 1991 480 2046 librum
507 1990 621 2061 qui,
671 2000 807 2046 teste
836 1989 1171 2061 Hieronymo
1191 2030 1206 2056 ,
1240 1989 1382 2058 apud
1415 1987 1637 2043 Latinos
1658 2028 1675 2056 ,
1724 2004 1852 2058 pene

273 2086 492 2155 ignotus
522 2093 660 2149 erat,
693 2085 793 2154 ipsi
844 2098 1064 2154 quoque
1110 2081 1285 2137 fuisse
1326 2082 1688 2152 incognitum.
1739 2080 1852 2137 Nec

269 2178 514 2233 absurde
535 2177 697 2231 etiam
722 2176 1037 2247 responderi
1058 2184 1257 2246 potest,
1288 2176 1617 2246 Prosperum
1644 2174 1850 2231 dixisse

270 2273 655 2336 testimonium,
684 2286 788 2325 non
821 2287 951 2325 vero
982 2269 1182 2325 librum
1216 2270 1451 2334 Hermia,
1487 2268 1693 2324 nullius
1728 2281 1849 2325 esse

266 2362 637 2418 auctoritatis.
664 2360 783 2427 Quo
827 2361 1047 2431 quidem
1082 2362 1249 2417 verbo
1278 2361 1403 2416 data
1428 2376 1593 2430 opera
1624 2361 1716 2415 ille
1740 2360 1849 2415 for-

264 2466 420 2511 tasse
447 2470 581 2509 usus
622 2462 727 2519 est,
773 2462 834 2507 ut
858 2454 1231 2508 testimonium
1272 2467 1337 2508 ex
1383 2454 1568 2524 aliquo
1617 2452 1848 2523 hujusce

261 2550 396 2604 libri
426 2550 548 2604 loco
574 2564 603 2601 a
627 2546 897 2602 Collatore
919 2544 1214 2617 prolatum,
1240 2546 1378 2601 nihil
1403 2546 1470 2602 ad
1492 2543 1845 2604 asserendam

256 2642 392 2713 ejus
419 2640 732 2711 opinionem
756 2638 1064 2694 conducere
1097 2637 1429 2693 ostenderet.

763 2751 1163 2808 ARTICULUS
1209 2751 1347 2807 XIII.

344 2850 517 2917 Quam
544 2857 731 2903 tentere
753 2848 808 2900 lii
836 2847 958 2900 libri
991 2864 1022 2899 a
1051 2846 1367 2917 quibusdam
1392 2846 1771 2903 recentioribus

826 2927 1227 2971 contemnantur
1243 2918 1269 2971 2’
1311 2929 1319 2937 '

338 3014 475 3069 Cum
508 3029 637 3083 ergo
668 3020 749 3068 tot
780 3011 1035 3066 Ecclesia:
1063 3009 1274 3075 Patres,
1306 3020 1359 3066 et
1388 3010 1756 3082 antiquissimi
1787 3021 1842 3068 et

1968 487 2330 543 Bellarminus
2358 487 2558 542 etenim
2584 495 2640 542 et
2663 487 2754 541 alii
2787 486 3008 555 quidam
3042 486 3297 543 Hennam
3330 488 3539 548 idcirco

1965 579 2166 635 erroris
2194 578 2534 644 insimulant,
2572 578 2719 648 quod
2755 578 2831 633 ibi
2865 578 3098 634 disserat
3123 579 3197 645 δ’,
3229 582 3293 635 de
3332 583 3539 637 duobus

1964 671 2153 741 geniis,
2184 671 2287 723 sive
2310 669 2510 723 duobus
2539 669 2762 739 angelis.
2792 686 2896 724 uno
2938 669 3072 724 bona
3092 682 3143 725 et
3174 671 3342 727 altera
3372 674 3535 740 malo,

1963 762 2183 833 singulis
2200 762 2497 815 hominibus
2529 780 2560 815 a
2578 761 2687 816 Deo
2717 763 2997 818 tributis...
3024 762 3187 829 Quem
3215 781 3446 822 errorem
3465 782 3532 822 ex

1961 854 2067 908 hoc'
2087 863 2303 909 auctore
2318 854 2515 922 accepit
2538 852 2827 909 Cassianus
2848 855 2894 887 “
2919 895 2933 920 ,
2969 866 3017 909 et
3046 867 3167 910 ante
3195 874 3313 911 eum
3349 858 3535 929 Orige-
3591 903 3594 908 .

1962 966 2049 1004 nes
2068 950 2132 1004 “.
2167 948 2243 1003 De
2270 948 2374 1003 hac
2410 956 2589 1001 tamen
2634 946 2891 1016 opinione
2927 949 3007 1002 sic
3048 948 3292 1017 loquitur
3318 949 3540 1007 Cassia—

1961 1056 2065 1095 nus
2081 1039 2148 1106 ",
2173 1053 2237 1093 ac
2263 1037 2309 1093 si
2337 1052 2459 1092 eam
2491 1052 2600 1091 non
2631 1034 2865 1101 Hermae,
2902 1038 2994 1091 sed
3042 1035 3336 1108 Scriptura:
3361 1056 3537 1099 sacra

1958 1131 2281 1187 auctoritate
2310 1130 2578 1183 ﬁrmatam
2610 1143 2732 1184 esse
2766 1128 3106 1185 credidisset.
3139 1129 3342 1187 Deinde
3376 1132 3536 1189 Basi-

1959 1225 2065 1281 lius
2108 1233 2162 1279 et
2204 1222 2496 1294 Gregorius
2524 1220 2804 1293 Nysscnus
2867 1222 2920 1275 in
2984 1222 3170 1276 eadem
3219 1224 3285 1278 de
3321 1224 3536 1282 duobus

1960 1319 2186 1387 angelis,
2214 1334 2320 1371 non
2358 1331 2516 1372 secus
2554 1324 2716 1385 atque
2755 1312 2984 1370 Hermas
3011 1324 3065 1369 et
3103 1316 3384 1387 Origenes,
3408 1327 3538 1373 sunt

1956 1410 2233 1479 Opinione.
2268 1408 2528 1477 Magister
2550 1420 2681 1461 vero
2711 1408 3106 1461 sententiarum
3131 1408 3177 1438 “
3206 1407 3273 1462 de
3295 1408 3383 1463 illa
3408 1416 3529 1463 tan-

1956 1516 2119 1574 quam
2177 1501 2487 1555 nullomodo
2536 1499 2886 1569 improbabili
2934 1498 3198 1568 disputat.
3259 1498 3525 1561 Estius".

1956 1609 2121 1665 porro
2151 1594 2203 1649 id
2252 1594 2520 1648 incertum
2571 1608 2693 1647 esse
2731 1592 2950 1648 asserit.
2986 1591 3110 1647 Haec
3154 1593 3316 1663 igitur
3345 1592 3533 1663 opinio

1956 1686 2232 1741 immerito
2254 1684 2323 1738 ab
2360 1684 2482 1738 aliis
2514 1684 2792 1738 nonnullis
2823 1694 3080 1753 tanquam
3126 1668 3325 1739 nexilis
3368 1699 3526 1738 error

1954 1782 2224 1852 rejicitur.
2257 1779 2360 1845 Qui
2385 1779 2540 1849 plura
2564 1777 2630 1832 de
2660 1778 2761 1832 hac
2783 1778 3080 1847 quaestione
3108 1779 3250 1833 scire
3276 1776 3527 1843 voluerit,

1954 1874 2133 1938 adeat,
2168 1872 2213 1928 si
2237 1872 2407 1939 lubet,
2442 1869 2697 1926 Gazzeum
2728 1871 2781 1924 in
2810 1872 3032 1925 citatum
3060 1870 3308 1925 Cassiani
3327 1871 3529 1939 locum,

1952 1976 2007 2023 et
2033 1966 2085 2021 in
2113 1966 2356 2037 ejusdem
2377 1963 2576 2018 Collat.
2606 1963 2693 2029 I5,
2724 1978 2845 2033 cap.
2878 1961 2974 2028 12;
3004 1961 3296 2016 Maldonat.
3332 1963 3385 2016 in
3406 1978 3526 2033 cap.

1954 2062 2049 2129 I8;
2084 2061 2234 2117 Matt.
2261 2059 2420 2125 Huet,
2456 2058 2545 2113 lib.
2581 2074 2617 2113 ll
2657 2056 2990 2139 0rigenian.,
3013 2066 3205 2128 quaest.
3232 2057 3288 2124 5,
3316 2055 3345 2129 §
3379 2056 3449 2111 ὅθ
3475 2066 3532 2112 et

1950 2163 2199 2226 sequent.

2019 2248 2131 2305 Nec
2177 2248 2701 2320 praetermittendum
2759 2256 2844 2304 est
2891 2246 3156 2317 quosdam
3209 2253 3527 2301 autumasse

1951 2343 2093 2399 hanc
2130 2343 2482 2413 Opinionem,
2515 2341 2683 2411 magis
2732 2340 2799 2393 ad
2847 2339 3058 2409 fabulas
3099 2336 3361 2408 falsarum
3402 2338 3527 2393 reli-

1948 2436 2160 2507 gionum
2181 2435 2457 2505 pertinere,
2484 2449 2643 2503 quam
2669 2431 2897 2486 solidum
2921 2432 2974 2485 in
2998 2432 3240 2487 doctrina
3272 2431 3527 2487 Christia-

1946 2545 2017 2584 na
2040 2528 2229 2581 habere
2252 2524 2672 2596 fundamentum.
2706 2522 2811 2578 Sed
2857 2524 2945 2579 cui
2984 2524 3245 2579 credibile
3273 2525 3362 2579 [iet
3389 2522 3525 2579 Iler-

1946 2635 2093 2677 tnam
2121 2634 2151 2675 a
2184 2617 2409 2690 paganis
2456 2616 2639 2687 potius
2685 2619 2851 2685 quam
2900 2615 2970 2669 ab
3011 2616 3326 2686 apostolicis
3363 2615 3521 2685 viris,

1858 2748 1863 2753 ι
1946 2713 2051 2769 sibi
2073 2710 2290 2777 coaevis,
2323 2709 2471 2764 illam
2503 2709 2819 2778 accepisse?
2867 2707 2923 2761 Si
2958 2722 3025 2761 ex
3065 2705 3339 2761 Ambrosii
3377 2706 3520 2762 alio—

1944 2818 2199 2876 rumque,
2230 2804 2297 2859 de
2334 2802 2534 2873 quibus
2564 2802 2693 2856 alibi
2724 2799 3038 2870 disputandi
3088 2799 3241 2855 locus
3269 2798 3513 2867 dabitur,

1942 2895 2305 2967 quorumdam
2328 2893 2771 2949 doctissimorum
2797 2888 3021 2946 Patrum
3055 2891 3336 2961 principiis
3357 2906 3521 2961 argu-

1943 2994 2291 3052 mentemur,
2327 2984 2618 3041 dicendum
2651 2992 2735 3039 est
2773 2998 2803 3037 e
2848 2982 3125 3037 contrario
3162 2996 3402 3052 paganos
3445 2980 3517 3036 ab

258 3074 599 3170 doctissimi:
621 3105 903 3159 utilitatem
930 3102 1196 3158 librorum
1243 3074 1455 3157 Ilermee
1488 3074 1672 3172 aperte
1698 3117 1839 3172 pra!-
1865 3098 1909 3159 C
1942 3091 2223 3179 ³¹¹⁰¹⁰¹ξξ¹¹ξ¹
2245 3088 2555 3179 ηοξιτοηξηι
2582 3076 2823 3132 fontibus
2841 3076 3025 3132 omnia
3048 3074 3300 3131 δῧυείεεθ
3325 3074 3518 3146 huius‘

260 3198 453 3254 dicent
496 3197 859 3266 laudibusque
899 3196 1153 3250 maximis
1178 3195 1461 3257 extollant,
1493 3194 1617 3265 quis
1643 3209 1837 3249 recen-

256 3296 468 3351 tiorum
512 3293 869 3364 quorumdam
907 3292 1235 3361 scriptorum
1283 3290 1638 3345 temeritatem
1669 3288 1838 3347 casti-

258 3386 497 3457 gandam
528 3401 635 3440 non
658 3392 896 3450 censeat,
924 3400 953 3438 a
978 3383 1177 3454 quibus
1206 3382 1293 3437 hic
1321 3382 1455 3437 liber
1480 3396 1586 3436 non
1619 3395 1837 3437 summa

257 3490 477 3533 tantum
508 3478 839 3548 contemptui
867 3478 1115 3540 habetur,
1162 3491 1353 3530 verum
1384 3475 1546 3530 etiam
1578 3474 1838 3529 audacter

256 3572 601 3642 repudiatur,
618 3580 876 3640 tanquam
913 3568 1321 3637 supposititius',
1346 3575 1431 3635 et,
1459 3578 1515 3621 ut
1549 3564 1832 3621 verisimile

254 3675 357 3729 est,
394 3666 457 3719 ab
489 3665 750 3719 haereticis
777 3664 1111 3732 deprauatus,
1153 3673 1307 3733 atque
1347 3662 1633 3717 hwresibus
1664 3670 1712 3715 et
1744 3660 1832 3730 {a-

252 3759 399 3814 bulis
431 3758 702 3829 appletus.’
731 3756 931 3811 Verum
970 3757 1249 3811 enimvero
1297 3754 1629 3825 argumentis
1658 3754 1831 3809 neuti-

250 3868 424 3922 quam
456 3851 772 3920 spernendis
794 3850 905 3919 jam
934 3849 1285 3918 probavimus
1320 3848 1469 3902 illum
1500 3846 1713 3902 Hermze
1732 3862 1828 3902 ve-

253 3958 379 3996 rum
410 3940 811 4012 genuinumquc
837 3956 959 3995 esse
986 3938 1176 4012 fetum,
1204 3938 1539 4010 proindeque
1578 3936 1831 4009 supposi—

252 4032 422 4086 tionis
446 4039 646 4086 temere
668 4030 930 4086 accusari.
1167 4010 1175 4023 ’

328 4124 547 4179 Falsum
589 4133 768 4179 autem
816 4132 899 4179 est
947 4123 1098 4178 illum
1146 4123 1345 4181 fabulis
1371 4124 1643 4195 Oppletum
1683 4139 1824 4190 esse,

250 4218 454 4288 quippe
500 4218 593 4287 qui
624 4218 858 4275 visiones
895 4229 1105 4274 tantum
1153 4219 1449 4283 contineat,
1477 4235 1615 4290 quas
1659 4219 1824 4273 etiam

249 4328 361 4366 non
388 4312 658 4365 Immerito
678 4311 835 4381 plane
854 4312 976 4380 jure
996 4312 1064 4366 ab
1088 4320 1311 4366 auctore
1340 4320 1631 4379 usurpatas
1661 4311 1824 4381 paulo

1940 3171 2150 3230 cemodi
2177 3171 2441 3226 doctrinae
2466 3171 2744 3241 dogmata.

2442 3279 2842 3338 ARTICULUS
2888 3278 3007 3335 XV.

2214 3398 2328 3453 Hos
2356 3395 2515 3451 libros
2546 3412 2652 3450 non
2679 3396 2854 3466 favere
2884 3394 3221 3450 Narrationis.

2008 3491 2293 3548 Secundus
2329 3505 2487 3547 error
2535 3489 2694 3560 cujus
2738 3488 2966 3544 Hermas
3008 3489 3257 3559 arguitur
3282 3486 3509 3557 majoris

1933 3584 2177 3655 profecto
2204 3592 2288 3639 est
2314 3583 2597 3638 momenti.
2639 3581 2808 3635 Aiunt
2841 3580 2985 3636 enim
3016 3596 3141 3636 eum
3184 3580 3511 3635 disseruisse

1933 3678 1997 3733 de
2019 3678 2177 3733 unica
2203 3676 2511 3747 paenitentia
2533 3676 2819 3729 secundum
2838 3690 3042 3729 errores
3060 3672 3506 3735 Nouatianarum.

1932 3769 2122 3841 quibus
2148 3769 2232 3821 hic
2262 3768 2398 3821 liber
2425 3766 2637 3820 omnino
2666 3766 2844 3836 favere
2870 3766 3093 3819 videtur.
3126 3762 3231 3819 Sed
3273 3764 3362 3817 hic
3403 3762 3508 3817 mi-

1932 3864 2043 3919 rari
2068 3862 2215 3918 subit
2234 3876 2399 3931 quam
2422 3860 2695 3915 diversum
2730 3859 3060 3929 quandoque
3086 3856 3230 3911 docti
3258 3855 3505 3911 homines

1930 3956 1999 4011 de
2029 3970 2088 4009 rc
2126 3968 2232 4008 una
2272 3959 2435 4021 atque
2472 3950 2685 4015 eadem,
2743 3964 2844 4004 nec
2874 3948 3033 4017 plane
3064 3946 3319 4013 obscura,
3357 3944 3505 4017 judi-

1928 4044 2075 4104 cium
2107 4046 2303 4102 l‘erant.
2345 4043 2716 4099 Tertullianus
2756 4040 2901 4096 enim
2935 4038 3149 4093 Hermae
3187 4038 3502 4108 opinionem

1927 4139 2244 4195 Novatianis
2268 4154 2298 4194 e
2317 4136 2586 4193 diametro
2608 4134 2911 4206 oppositam
2936 4131 3200 4187 attribuit.
3227 4134 3277 4187 ls
3301 4132 3502 4202 quippe

1927 4250 2051 4292 cum
2069 4233 2547 4297 Montanistarum,
2570 4234 2757 4285 eadem
2776 4243 2901 4281 cum
2915 4224 3232 4281 Novatianis
3247 4225 3314 4280 de
3336 4225 3499 4280 unica

1926 4324 2245 4397 paenitentia
2259 4322 2633 4386 sentientium,
2655 4334 2894 4374 errorem
2924 4319 3263 4387 amplexatus
3284 4314 3497 4382 fuisset,

247 4415 378 4458 ante
395 4406 436 4435 δ’
465 4405 821 4460 ostendimus.
853 4404 1071 4460 Falsum
1098 4414 1182 4458 est
1210 4419 1426 4474 quoque
1455 4403 1601 4457 hunc
1624 4404 1821 4458 librum

1939 4414 2066 4469 nihil
2089 4413 2237 4468 aliud
2262 4411 2559 4468 Catholicls
2588 4408 2800 4464 Hermae
2823 4409 3199 4463 auctoritatem
3232 4406 3333 4477 ipsi
3362 4406 3498 4477 obji-

245 4498 321 4552 ab
352 4498 619 4553 limreticis
644 4498 996 4568 depravatum
1031 4497 1219 4565 fuisse,
1253 4508 1312 4553 ut
1332 4510 1518 4568 aperte
1539 4499 1818 4569 colligitur

246 4606 315 4644 ex
346 4590 515 4644 variis
542 4588 762 4644 Patrum
786 4590 1132 4657 testimoniis,
1157 4607 1223 4645 ex
1241 4591 1495 4645 omnibus
1527 4591 1673 4646 illius
1690 4608 1819 4661 par-

245 4679 396 4734 tibus
424 4679 742 4749 desumptis,
769 4695 890 4748 quae
921 4679 992 4733 ibi
1024 4688 1185 4750 prout
1215 4680 1283 4734 ab
1311 4681 1391 4735 eis
1418 4680 1629 4751 prolata
1667 4691 1818 4748 sunt,

244 4770 470 4826 totidem
496 4772 672 4826 verbis
698 4764 1060 4841 reperiuntur.
1092 4772 1278 4844 Neque
1309 4783 1487 4828 tamen
1521 4773 1682 4828 iidem
1712 4774 1817 4828 Pa-

245 4873 361 4917 tres
388 4863 455 4917 de
501 4862 874 4918 haereticorum
919 4864 1360 4933 corruptiooibus
1410 4879 1648 4935 unquam
1684 4880 1819 4921 con-

242 4956 423 5027 questi
448 4964 607 5021 sunt;
642 4972 740 5011 nec
764 4957 905 5010 ullus
947 4958 1145 5027 poterit
1168 4958 1462 5028 aliquando
1488 4959 1643 5017 locus
1669 4961 1811 5015 assi-

241 5048 424 5120 gnari,
454 5048 548 5118 qui
572 5050 640 5103 ab
669 5049 936 5104 haereticis
958 5051 1030 5105 sit
1056 5050 1402 5119 depravatus.

742 5162 1137 5219 ARTICULUS
1173 5163 1314 5220 XlV.

242 5252 354 5329 Hos
380 5254 542 5329 libros
569 5255 746 5324 plenos
772 5274 884 5329 Anon
914 5274 1026 5329 esse
1054 5258 1359 5323 Ineresibus,
1393 5266 1441 5312 et
1486 5259 1656 5328 primo
1684 5260 1804 5329 qni-

308 5326 598 5400 demucirca
630 5327 868 5400 angelum
910 5327 1099 5383 bonum
1133 5336 1183 5380 et
1211 5328 1414 5382 malum
1454 5326 1808 5400 singulisno-

286 5398 551 5451 nmnibus-
568 5399 846 5453 tributum.
1146 5400 1151 5405 ’

306 5513 527 5569 Falsum
575 5524 659 5570 est
702 5516 933 5588 denique
976 5515 1228 5573 eumdem
1259 5515 1459 5572 librum
1507 5516 1807 5575 heresibus

330 5695 531 5765 “suo,
568 5706 672 5751 art.
721 5698 805 5751 II.

1926 4507 2199 4564 cientibus
2230 4504 2542 4575 respondet,
2592 4518 2757 4573 quam
2799 4501 2951 4556 illum
2982 4500 3227 4569 ejusdem
3258 4516 3383 4554 cum
3414 4501 3496 4555 eis

1922 4595 2334 4665 indulgentioris
2360 4608 2481 4648 esse
2508 4592 2789 4649 sententia:
2812 4601 2865 4646 et
2887 4590 3162 4660 opinionis
3185 4608 3197 4643 :
3223 4590 3493 4654 Cederem,

1921 4688 2100 4758 inquit
2121 4686 2186 4751 ⁸⁸,
2220 4686 2339 4751 tibi,
2368 4686 2414 4739 si
2440 4686 2703 4755 scriptura
2744 4682 2987 4737 Pastoris
3012 4723 3028 4749 ,
3061 4698 3179 4752 qua
3220 4681 3337 4735 sola
3377 4698 3496 4735 ηιω-

1920 4780 2041 4835 chos
2066 4790 2233 4845 amat,
2263 4779 2603 4833 meruisset...
2646 4776 2889 4831 adultera
2927 4786 2977 4829 et
3017 4776 3155 4844 ipsa,
3185 4787 3234 4829 et
3256 4775 3376 4829 inde
3397 4792 3496 4846 pa-

1924 4882 2075 4928 trona
2105 4873 2392 4926 sociorum.
2418 4870 2806 4925 Verumtamen
2842 4868 3059 4939 utrique
3098 4884 3128 4923 a
3159 4869 3383 4923 veritate
3422 4884 3491 4923 ex

1922 4980 2080 5035 aequo
2106 4966 2385 5020 aberrant.
2420 4962 2485 5019 Et
2510 4961 2883 5017 Tertullianus
2913 4961 3155 5032 quidem,
3200 4960 3291 5031 qui
3323 4960 3491 5015 tradit

1922 5060 2199 5126 Ilermam,
2230 5074 2296 5113 eo
2324 5059 2472 5130 quod
2519 5073 2621 5113 nec
2650 5056 2981 5112 Montanista
3023 5071 3123 5111 nec
3152 5055 3489 5113 Novatianus

1920 5161 2086 5218 esset,
2115 5150 2341 5206 lenioris
2370 5149 2812 5219 remissiorisque
2838 5147 3011 5205 fuisse
3041 5146 3315 5218 opinionis
3346 5164 3360 5210 ;
3393 5147 3485 5202 alii

1916 5259 2045 5300 vero
2067 5243 2161 5313 qui
2189 5242 2337 5298 illum
2368 5241 2424 5295 in
2455 5241 2781 5296 severiorem
2818 5248 2873 5295 et
2910 5239 3261 5295 durissimam
3301 5236 3479 5293 Nova-

1914 5337 2185 5390 tianorum
2220 5334 2468 5389 haeresim
2498 5332 2726 5404 pedibus
2756 5332 2919 5387 ivisse
2944 5340 3216 5387 asserunt.
3242 5328 3353 5385 Hos
3384 5336 3471 5384 et-

1912 5428 2056 5482 enim
2082 5426 2240 5495 plane
2263 5425 2429 5480 falsos
2458 5440 2580 5480 esse
2602 5423 2726 5477 inde
2754 5422 2993 5492 profecto
3015 5422 3302 5488 evincitur,
3331 5423 3481 5491 quod

1912 5519 2141 5575 Hermas
2170 5518 2285 5574 suis
2316 5518 2371 5572 in
2402 5517 2557 5571 libris
2595 5532 2661 5572 eo
2692 5515 2959 5587 praecipue
2987 5514 3240 5569 collineet
3265 5522 3323 5569 ut
3353 5529 3481 5585 pecu

882 5700 925 5731 δ’
944 5698 1013 5754 De
1063 5699 1308 5768 scriptor.
1331 5700 1514 5756 eccles.
1594 5700 1744 5755 “lib.
1779 5717 1837 5767 tt,

1939 5700 2108 5754 undat.
2151 5700 2202 5753 6.
2284 5697 2654 5768 “Collat.vt,
2710 5713 2761 5768 c.
2804 5696 2893 5751 27.
2974 5693 3041 5749 1η
3084 5694 3197 5768 Is_a.
3256 5712 3352 5766 ιιι,
3384 5696 3474 5755 12»

232 5767 538 5822 “libroDe
580 5766 699 5823 γεω
728 5767 943 5840 Moysis.
1021 5766 1176 5827 “lib.
1204 5787 1243 5827 ιι
1273 5770 1412 5827 Sent.
1489 5772 1531 5804 ⁸⁷
1554 5771 1609 5828 in
1647 5766 1842 5829 eumde

1939 5769 2076 5827 Sent.
2114 5771 2208 5828 lib.
2237 5787 2296 5827 ιι.
2335 5770 2391 5838 ,⁸⁸
2409 5770 2502 5825 lib.
2534 5767 2610 5824 De
2652 5767 2905 5841 pudicit.,
2936 5782 3059 5842 cap.
3091 5766 3229 5845 1οη·
