4040 6322
590 296 710 375 im

2054 303 2106 361 S.
2143 304 2403 361 HERME

3690 316 3777 373 818

608 436 824 486 ratores
863 422 930 483 ad
961 425 1355 497 paenitentiam,
1382 422 1539 495 cujus
1561 437 1661 493 ope
1680 434 1872 477 omnes
1896 422 2173 475 remissio-
2203 427 2245 483 Α
2347 420 2404 476 Si
2431 423 2599 478 instes
2624 421 2876 479 llermam
2903 423 3034 479 alibi
3067 424 3349 496 scripsisse
3368 426 3415 460 ⁸³
3453 446 3465 482 :
3506 428 3573 486 lli
3597 438 3672 505 qui
3703 458 3772 495 ε..

609 530 732 576 nem
764 529 1108 590 peccatorum
1143 526 1491 573 assecuturos
1517 532 1641 572 esse
1666 515 1969 586 pollicetur,
2009 530 2174 584 agen-

609 612 733 667 dam
766 612 1025 682 impellat.
1066 609 1409 680 Quapr0pter
1444 608 1638 662 Pastor
1668 608 1872 676 ubique
1895 609 1964 683 ab
1985 622 2051 661 eo
2075 623 2174 661 vo-

608 715 793 767 catur,
828 702 1103 770 Nuntius,
1145 702 1457 772 praepositus
1502 700 1855 769 paenitentiae,
1896 690 2175 767 totamque

607 796 1119 851 commentationem
1146 808 1301 847 suam
1323 793 1407 847 his
1426 791 1603 846 verbis
1623 790 1953 845 concludit“
1977 805 1990 843 :
2014 789 2176 843 Cum-

606 905 704 958 que
735 888 945 942 vidisset
976 887 1225 940 Dominus
1268 885 1457 939 bottom
1506 894 1661 953 atque
1694 900 1883 951 puram
1922 884 2176 951 paeniten-

606 979 739 1033 tiam
776 993 976 1043 eorum,
1000 986 1050 1031 et
1075 991 1225 1045 posse
1253 966 1337 1028 eos
1370 974 1425 1027 in
1450 988 1512 1025 ea
1546 986 1868 1041 permanere.
1892 970 2058 1039 jussit
2083 986 2174 1023 eo-

606 1089 726 1127 rum
750 1079 962 1142 peccata
997 1068 1180 1122 deleri.
1212 1066 1421 1132 Quibus
1458 1080 1590 1119 sane
1620 1062 1803 1118 verbis
1839 1060 2173 1117 Novatiano-

607 1180 730 1220 rum
762 1178 918 1218 error
950 1161 1194 1216 lunditus
1220 1158 1500 1213 evertitur.

612 1278 613 1281 “
680 1278 944 1349 Objicitur
978 1284 1158 1330 tamen
1191 1272 1341 1327 illum
1380 1276 1564 1339 aperte
1597 1266 1802 1322 dixisse
1832 1285 1845 1321 :
1874 1264 2046 1321 Servis
2079 1264 2175 1318 Dei

608 1388 717 1425 una
740 1368 1157 1441 paenitentiaest.
1192 1363 1395 1419 Verum
1428 1362 1602 1416 sancti
1631 1360 1839 1425 Patres,
1872 1359 1965 1430 qui
1994 1358 2172 1428 plura,

610 1474 671 1521 ut
692 1463 942 1533 superius
971 1460 1177 1516 dictum
1209 1466 1312 1523 est,
1347 1472 1410 1510 ex
1447 1456 1549 1509 hoc
1574 1454 1718 1508 libro
1746 1453 2056 1509 testimonia
2081 1467 2177 1505 ex-

607 1557 965 1623 scripserunt,
1008 1550 1144 1606 nihil
1184 1550 1237 1604 in
1288 1564 1354 1603 eo
1393 1546 1676 1601 Novatiani
1715 1545 1905 1600 veneni
1952 1544 2177 1598 subesse

604 1644 868 1718 suspicati
899 1654 1045 1701 sunt.
1079 1642 1191 1698 Cur
1224 1657 1354 1713 ergo
1380 1639 1597 1695 unicam
1627 1638 1825 1693 dixerit
1857 1650 1979 1690 esse
2005 1635 2177 1705 pruni-

606 1742 854 1804 tentiam,
886 1737 1086 1793 clarius
1127 1732 1384 1804 explicari
1441 1746 1545 1785 non
1578 1737 1773 1800 potest,
1801 1736 1964 1798 qnam
1994 1726 2175 1781 verbis

608 1820 902 1897 Ambrosii,
925 1828 1190 1890 adversus
1214 1826 1472 1895 ipsosm'et
1498 1821 1831 1877 Novatianos
1866 1819 1947 1875 sic
1990 1817 2177 1887 dispu-

606 1926 773 1981 tantis
793 1924 837 1956 ⁵⁶
873 1939 885 1975 :
922 1919 1130 1985 Merito,
1166 1918 1362 1988 inquit,
1396 1916 1841 1986 reprehenduntur
1867 1914 1958 1984 qui
1982 1912 2177 1981 sapius

612 2015 873 2087 agendam
893 2010 1247 2084 paenitentiam
1277 2016 1541 2077 putant...
1568 2006 1694 2077 quia
1725 2006 1860 2058 sicut
1894 2019 2058 2057 unum
2079 2001 2177 2055 ba-

613 2110 832 2180 ptisma,
861 2107 943 2159 ita
994 2120 1101 2158 una
1142 2102 1446 2165 paenitentia
1472 2114 1590 2169 qua:
1630 2107 1803 2151 tamen
1829 2095 2033 2164 publice
2071 2094 2179 2164 agi.

612 2210 722 2264 tur,
760 2212 883 2251 nam
906 2192 1206 2266 quotidiani
1232 2208 1323 2245 nos
1353 2188 1499 2243 debet
1528 2189 1771 2259 paenitere
1798 2188 1995 2258 peccati
2026 2201 2045 2239 :
2088 2183 2177 2238 sed

611 2292 722 2346 hate
754 2288 1064 2343 delictorum
1106 2282 1495 2346 leviorum,illa
1521 2281 1844 2352 graviorum.
1890 2275 2179 2332 Ambrosio

613 2383 912 2438 concinunt
945 2389 999 2435 et
1027 2378 1115 2433 alii
1144 2378 1319 2432 sancti
1343 2374 1556 2437 Patres,
1585 2380 1646 2427 ut
1673 2387 1773 2427 nos
1796 2369 2090 2440 aliquando
2110 2367 2178 2423 ad

606 2472 761 2529 hunc
788 2471 1024 2528 doctoris
1063 2469 1234 2524 nostri
1278 2468 1455 2521 locum
1493 2464 1921 2521 observavimus.
1952 2460 2179 2535 Hermas

613 2568 776 2637 igitur
797 2566 980 2619 eodem
1013 2579 1077 2618 ac
1107 2563 1429 2617 Ambrosius
1458 2575 1619 2616 sensu
1664 2558 1803 2613 dixit
1828 2575 1842 2612 :
1871 2555 2049 2611 Servis
2082 2554 2179 2608 Dei

607 2669 722 2713 una
744 2654 1045 2727 pauitantia
1060 2662 1161 2722 est,
1183 2651 1463 2718 nimirum,
1497 2665 1615 2721 qua:
1641 2658 1818 2704 tamen
1833 2645 2039 2717 publice
2064 2645 2178 2715 agi-

606 2748 723 2805 tur.
828 2820 831 2823 _
1717 2748 1720 2757 ‘

688 2861 1052 2919 Verisimilius
1109 2857 1334 2913 forsitan
1382 2853 1512 2911 illud
1556 2851 1719 2923 obiici
1770 2860 1972 2923 posset,
2031 2849 2175 2921 quod

608 2932 754 3029 idem
781 2952 1008 3009 Hermas
1032 2952 1098 3009 de
1129 2947 1441 3017 transfugis,
1465 2945 1569 3000 hoc
1590 2953 1691 3009 est,
1714 2960 1744 2999 a
1769 2943 2074 2998 Christiana
2094 2958 2180 2997 re-

604 3036 816 3123 ligione
851 3045 1133 3118 aposmtis,
1178 3040 1439 3097 tradidit:
1472 3037 1800 3107 Transfuga,
1840 3054 1904 3090 ac
1949 3037 2177 3106 nefanda

614 3143 900 3213 loquentes,
928 3148 976 3192 et
1017 3123 1311 3205 praditores
1339 3146 1603 3186 servorum
1632 3129 1747 3197 Dei,
1776 3126 1886 3183 illis
1908 3129 2180 3200 proposita

615 3248 756 3288 mors
794 3239 893 3294 est,
928 3224 1233 3296 paenitentia
1257 3239 1360 3277 non
1401 3229 1497 3275 est.
1528 3221 1673 3274 idem
1705 3220 1850 3277 enim
1895 3219 1967 3273 ibi
1990 3218 2184 3275 docere

615 3320 828 3379 videtur
853 3319 996 3390 quod
1023 3319 1176 3371 imtto
1199 3315 1421 3370 haeresis
1443 3328 1557 3369 suae
1576 3308 1881 3376 Novatiani,
1911 3327 2181 3382 nusquam

620 3411 875 3469 Ecclesiae
898 3409 1128 3479 ejusque
1167 3404 1447 3461 ministris
1476 3417 1795 3458 concessam
1827 3417 1857 3456 a
1894 3400 2004 3456 Deo
2032 3410 2183 3471 pote-

612 3515 809 3562 statem
839 3499 1140 3557 dimittendi
1173 3505 1387 3569 peccata
1422 3494 1744 3559 libellaticis,
1770 3493 2105 3565 tlturiﬁcatis,
2132 3504 2181 3549 et

610 3598 873 3669 'apostatis
899 3593 1096 3648 Christi
1124 3606 1307 3645 nomen
1330 3588 1679 3657 ejurantibus.
1704 3587 1772 3640 At
1793 3586 2183 3656 respondemus

613 3693 672 3748 in
705 3706 772 3747 eo
789 3688 1022 3759 positum
1047 3700 1260 3753 semper
1285 3682 1454 3737 fuisse
1470 3695 1712 3736 errorem
1732 3678 2180 3744 Novatianorum,

618 3783 766 3856 quod
798 3780 1144 3853 pertinaciter
1185 3774 1593 3837 contenderent,
1625 3788 1963 3843 quaecunque
2004 3774 2179 3844 poeni-

619 3875 788 3931 tentia
822 3860 1018 3927 horum
1045 3867 1336 3923 criminum
1371 3874 1640 3935 ageretur,
1671 3864 1739 3917 ab
1774 3863 1842 3917 iis
1875 3872 2054 3918 tamen
2087 3863 2183 3916 ab»

558 3954 562 3959 ’
621 3966 865 4025 solvendi
909 3961 1178 4018 ministris
1204 3958 1467 4014 Ecclesiae
1502 3964 1750 4025 negatam
1789 3969 1910 4009 esse
1950 3953 2183 4010 faculta-

618 4070 751 4123 tem.
785 4057 982 4113 Verum
1012 4054 1064 4109 id
1094 4053 1402 4107 nullatenus
1442 4049 1656 4119 negavit
1695 4047 1955 4115 Hermas,
1998 4037 2183 4118 utpote

618 4155 712 4225 qui
745 4148 1124 4208 tantummodo
1146 4144 1379 4202 dixerit:
1402 4141 1593 4197 Illis...
1626 4141 1928 4208 pwnitentia
1950 4157 2051 4194 non
2080 4151 2180 4206 est,

616 4246 728 4299 hoc
757 4251 861 4307 est,
894 4240 1037 4295 Deus
1060 4238 1141 4293 eis
1166 4238 1333 4300 illam,
1366 4249 1474 4305 qua
1505 4234 1717 4287 veniam
1757 4232 2184 4293 absolutionem-

615 4350 724 4403 que
753 4342 1099 4404 peccatorum
1129 4336 1554 4397 consequantur,
1580 4324 1925 4379 occasionem
1952 4322 2183 4378 faculta-

621 4439 839 4495 temque
862 4428 969 4478 non
993 4421 1252 4478 concedet
1282 4438 1296 4474 :
1326 4418 1430 4484 vel,
1464 4427 1524 4473 ut
1554 4418 1670 4488 ipse
1699 4417 1938 4487 loquitur
1962 4417 2005 4449 ⁸¹
2040 4435 2055 4471 :
2081 4416 2199 4470 De—.

617 4518 696 4570 dit
720 4515 964 4584 spiritum
978 4514 1074 4578 eis,
1105 4512 1193 4582 qui
1215 4511 1364 4581 digni
1388 4518 1561 4574 erant,
1580 4525 1731 4579 agere
1752 4509 2179 4578 penitentiam...

621 4611 691 4665 At
720 4622 946 4679 quorum
975 4607 1178 4675 aspexit
1202 4605 1403 4669 dolum,
1430 4613 1482 4657 et
1506 4603 1879 4657 animadvertit
1906 4603 1974 4656 ad
1995 4620 2048 4657 se
2077 4602 2182 4672 [al-

616 4700 807 4756 laciter
826 4692 1166 4762 reversuros,
1183 4696 1385 4765 negavit
1418 4695 1493 4749 eis
1519 4696 1587 4748 ad
1608 4695 1965 4764 paenitentiam
1986 4711 2183 4765 regres-

616 4796 760 4848 sum.
785 4788 942 4857 Quod
962 4788 1127 4843 etiam
1147 4784 1490 4852 Ambrosius,
1525 4787 1617 4843 ubi
1642 4784 1976 4841 Novatianos
2000 4787 2182 4841 aerius

626 4884 952 4953 insequitur,
984 4890 1038 4935 et
1062 4881 1128 4935 de
1171 4878 1505 4949 blasphemia
1534 4880 1588 4934 in
1637 4879 1898 4951 Spiritum
1930 4888 2179 4937 sanctum

618 4976 881 5047 disputat,
914 4973 1079 5027 simili
1102 4972 1263 5027 modo
1287 4972 1419 5027 dicit
1442 4973 1487 5005 "
1519 4986 1534 5024 :
1578 4970 1689 5026 Hos
1724 4988 1844 5042 ergo
1874 4977 1965 5043 qui
1987 4974 2081 5026 ltoc
2109 4973 2182 5026 lo-

616 5075 871 5139 quuntur,
894 5072 1046 5134 negat
1069 5060 1312 5117 Christus
1329 5060 1397 5113 ad
1411 5061 1611 5114 veniam
1630 5062 1906 5131 pertinere.
1933 5061 1998 5117 Et
2021 5063 2182 5133 paulo

617 5174 743 5233 post
758 5157 849 5214 ubi
864 5157 931 5211 de
945 5154 1213 5211 haereticis
1232 5168 1296 5209 ac
1318 5148 1677 5207 schismaticis
1692 5155 1907 5209 disserit
1926 5172 1939 5208 :
1961 5154 2180 5223 Quibus,

621 5255 716 5317 ait,
743 5250 1125 5321 indulgentiam
1150 5259 1324 5318 negat.
1355 5243 1494 5312 Quid
1521 5247 1665 5300 enim
1697 5247 1842 5301 aliud
1869 5248 1983 5302 haec
2020 5248 2182 5301 verba

621 5353 841 5408 sonant,
871 5356 1035 5413 quam
1078 5340 1225 5413 quod
1264 5338 1340 5394 ait
1382 5335 1612 5393 Hermas
1648 5353 1664 5391 :
1713 5337 1832 5392 Illis
1879 5339 2182 5407 pmnitentia

620 5440 725 5492 non
745 5445 821 5490 est
840 5438 865 5491 2

698 5572 857 5627 “lib.
910 5590 1005 5641 ιιι,
1053 5589 1175 5643 cap.
1226 5573 1281 5627 9.
1360 5576 1404 5609 ³⁸
1434 5574 1529 5629 lib.
1562 5592 1599 5631 ιι
1645 5574 1721 5629 De
1772 5576 1976 5645 ptenit.,
2010 5590 2129 5644 cap.
2159 5574 2301 5645 10,§
2340 5577 2426 5633 l5.
2505 5578 2549 5612 ⁸¹
2571 5578 2663 5634 lib.
2700 5596 2779 5645 ιιι,
2803 5580 3012 5635 similit.
3046 5582 3099 5636 8.

630 5641 792 5696 Num.
834 5660 944 5699 χχιι
999 5656 1046 5698 et
1096 5641 1239 5698 sitv.
1316 5647 1470 5700 "lib.
1500 5663 1580 5713 ιιι,
1615 5641 1821 5700 similit.
1851 5646 1905 5699 8.
1980 5641 2139 5699 “lib.
2173 5662 2225 5700 Ix

624 5728 746 5782 cap.
784 5714 870 5766 12.
945 5714 991 5746 '°
1010 5713 1201 5771 Collat.
1241 5715 1329 5787 15,
1366 5734 1413 5772 c.
1465 5719 1549 5771 12.
1629 5718 1671 5749 ⁸⁷
1697 5718 1789 5771 lib.
1827 5732 1904 5784 ιι,
1947 5718 2185 5773 mandat.

2276 526 2559 586 gnoverunt
2604 515 2909 582 Dominum,
2949 528 3000 571 et
3042 517 3309 572 mirabilia
3357 520 3467 589 ejus
3497 525 3776 594 viderunt,si

2275 607 2510 677 nequiter
2533 608 2731 673 vivant,
2756 608 2918 678 duplo
2948 610 3178 678 amplius
3204 612 3498 679 punientur,
3519 625 3564 668 et
3584 618 3670 685 ipsi
3688 639 3776 676 nro-

2275 701 2475 755 rientur
2498 701 2552 754 in
2585 718 2771 768 meum,
2797 702 3111 772 responderi
3133 704 3347 773 quidem
3382 718 3555 774 posset
3574 706 3779 768 llermam

2277 791 2349 846 ibi
2388 792 2456 845 de
2484 792 2576 849 illo
2607 801 2826 862 peccato
2864 794 3036 863 loqui,
3086 795 3231 866 quod
3279 798 3519 851 nonnulli
3548 797 3724 868 Patres,
3746 804 3781 858 si

2275 882 2593 940 doctissimo
2623 883 2834 940 Morino
2851 886 2896 917 "
2918 886 3052 941 fides
3082 887 3328 943 habenda
3358 888 3447 953 sit,
3479 905 3693 960 unquam
3717 910 3784 947 re-

2276 975 2415 1030 mitti
2452 990 2613 1044 posse
2645 975 3047 1033 inliciabantur.
3077 976 3245 1033 Nobis
3272 987 3450 1033 autem
3480 996 3599 1035 vero
3619 982 3786 1041 videtur

2276 1066 2533 1129 similius.
2570 1067 2683 1122 illic
2712 1084 3016 1124 sermonem
3048 1070 3117 1125 de
3143 1070 3211 1125 iis
3255 1078 3463 1125 tantum
3498 1073 3686 1140 haberi,
3715 1075 3787 1147 qui

2276 1159 2331 1214 in
2359 1159 2473 1229 ipsa
2508 1158 2766 1229 peccandi
2799 1160 3074 1215 voluntate
3119 1178 3295 1233 usque
3336 1163 3403 1217 ad
3451 1173 3663 1219 mortem
3697 1183 3787 1238 per-

2277 1260 2593 1307 severantes
2619 1292 2633 1317 ,
2666 1251 2718 1305 in
2749 1252 2920 1318 finali,
2954 1262 3011 1333 ut
3046 1253 3242 1319 aiunt,
3294 1254 3673 1325 imptenitentia
3701 1274 3789 1312 mo-

2277 1343 2515 1397 riuntur.

2765 1460 3163 1533 AR‘PIGULUS
3222 1464 3361 1519 xw.

2278 1552 2504 1609 Eosdem
2521 1554 2684 1610 libros
2709 1556 2972 1639 immerito
2989 1558 3219 1640 aliqrum
3241 1559 3589 1643 quorumdam
3603 1576 3793 1614 errorum

2927 1644 3185 1683 incusari.

2350 1713 2576 1771 Rivetus
2601 1716 2803 1785 aliique
2830 1716 3079 1773 nonnulli
3102 1718 3435 1775 Calvinianaz
3476 1730 3626 1775 secta
3656 1721 3795 1774 hami-

2280 1824 2377 1863 nes
2394 1807 2647 1862 Hermam
2673 1810 2903 1864 aliorum
2922 1813 3287 1880 quorumdam
3308 1812 3793 1871 incusanterrorum,

2280 1898 2482 1969 quibus
2506 1896 2641 1955 satia
2661 1901 2841 1969 potius
2863 1900 3183 1971 integraque
3211 1901 3331 1971 ejus
3356 1901 3602 1957 doctrina
3624 1901 3793 1972 probari

2278 1992 2533 2047 omnibus
2556 1991 2732 2046 debet.
2768 1992 2823 2046 ld
2846 1993 2987 2046 enim
3014 1992 3102 2047 ille
3130 1994 3310 2065 arguit
3326 2003 3372 2035 ³·
3390 1995 3533 2064 quod
3562 1994 3627 2048 ab
3651 2002 3797 2048 aucto-

2279 2100 2337 2139 rc
2360 2092 2570 2149 nostro,
2602 2095 2786 2139 contra
2812 2085 3050 2155 Apostoli
3075 2103 3388 2140 consensum
3422 2088 3669 2141 astruitur
3703 2086 3798 2141 libe-

2280 2192 2395 2229 rum
2432 2176 2733 2244 arbitrium,
2780 2177 3013 2232 solitudo
3051 2180 3365 2246 monastica,
3404 2190 3453 2233 et
3490 2180 3796 2251 purgaton'tnn

2279 2274 2344 2325 ab
2370 2287 2476 2325 anu
2504 2270 2733 2341 quadam
2756 2273 2951 2326 visione
2979 2274 3139 2327 tertia
3179 2274 3488 2329 revelatum.
3527 2274 3624 2330 Sed
3644 2276 3797 2346 quibus

2279 2364 2334 2420 in
2373 2364 2507 2419 locis
2544 2364 2653 2420 duo
2695 2363 2910 2434 priora,
2942 2374 3001 2419 ut
3048 2364 3270 2421 Rivetus
3306 2366 3571 2437 loquitur,
3599 2381 3797 2422 errorum

2279 2457 2457 2527 capita
2481 2457 2730 2511 docuerit
2758 2454 3005 2525 Hermas,
3037 2458 3106 2512 ab
3136 2473 3203 2513 eo
3232 2458 3427 2513 nullibi
3460 2459 3727 2514 indicatum
3746 2458 3799 2513 Iec

2278 2544 2476 2618 gimus.
2524 2545 2663 2612 Quid
2708 2561 2841 2616 ergo
2891 2547 3040 2603 hisce
3079 2547 3133 2623 in
3176 2548 3329 2603 libris
3361 2556 3558 2605 contra
3604 2549 3798 2618 Apostoli

2278 2651 2605 2691 consensum
2638 2636 2706 2717 de
2759 2636 2933 2691 libero
2978 2638 3208 2695 arbitrio
3257 2649 3558 2707 astruatur,
3605 2639 3800 2696 divinare

2280 2746 2388 2784 non
2415 2745 2741 2801 possumus;
2773 2730 2877 2785 nisi
2922 2730 3061 2786 forte
3089 2733 3219 2786 illud
3262 2735 3351 2799 sit,
3382 2736 3532 2805 quod
3556 2734 3799 2790 Cassianus

2279 2821 2364 2876 his
2380 2822 2561 2877 verbis
2588 2821 2753 2877 refert
2774 2823 2821 2854 ⁸⁸
2846 2840 2860 2877 :
2884 2823 3141 2892 Adjecere
3161 2834 3336 2880 autem
3366 2827 3630 2882 hominiin
3654 2844 3800 2898 quain-

2278 2914 2404 2969 libet
2439 2924 2643 2983 partein
2672 2916 2837 2969 animi
2881 2914 3180 2972 libertatem
3219 2921 3384 2974 etiam
3432 2920 3563 2975 liber
3614 2920 3711 2986 ille,
3734 2923 3800 2991 qui

2280 3004 2754 3071 diciturPastoris,
2785 3008 3116 3075 apertissime
3145 3009 3315 3077 docet,
3344 3012 3401 3064 in
3429 3028 3529 3082 quo
3556 3012 3652 3065 duo
3671 3013 3802 3081 angeli

2285 3098 2566 3169 unicuique
2605 3108 2848 3152 nostrum
2872 3098 3141 3155 adhaerere
3168 3101 3444 3169 dicuntur,
3478 3104 3534 3157 id
3553 3113 3645 3168 est,
3678 3104 3802 3157 bow

2286 3208 2347 3246 ac
2370 3191 2579 3256 malus;
2610 3192 2665 3245 in
2696 3191 2923 3247 hominis
2946 3210 3062 3248 vero
3098 3196 3308 3264 optione
3330 3186 3643 3265 consistere,
3668 3207 3713 3250 ut
3732 3197 3803 3250 eli-

2285 3294 2397 3355 gat,
2420 3300 2574 3356 quem
2608 3296 2881 3355 sequatur.
2935 3285 3013 3340 Ex
3063 3286 3149 3341 his
3174 3286 3374 3358 quippe
3405 3287 3641 3344 Pastoris
3669 3288 3803 3345 verbis

2283 3377 2393 3430 duo
2418 3374 2584 3431 inlert
2612 3375 2909 3436 Cassianus
2929 3376 2996 3431 ".
3032 3377 3087 3430 ιο
3120 3375 3187 3430 Et
3217 3378 3420 3433 idcirco
3457 3391 3625 3434 manet
3656 3382 3703 3433 in
3734 3380 3803 3432 lto-

2282 3473 2422 3527 mine
2460 3489 2661 3543 semper
2690 3471 2914 3526 liberum
2962 3464 3295 3539 arbitrium,
3322 3474 3465 3545 quod
3493 3476 3701 3546 gratiam
3735 3472 3803 3527 Dei

2282 3565 2449 3635 possit
2496 3565 2573 3618 vel
2622 3563 2879 3633 negligere
2922 3563 3000 3618 vel
3048 3581 3260 3631 amare,
3311 3565 3364 3619 id
3417 3576 3503 3622 est
3530 3567 3677 3637 juxta
3717 3566 3805 3636 ejus

2283 3665 2544 3723 mentem,
2577 3656 2805 3728 gratiam
2845 3654 2938 3710 Dei
2972 3656 3181 3727 absque
3204 3658 3312 3713 ulla
3344 3662 3691 3728 praeveniente
3710 3673 3804 3729 gra-

2284 3749 2358 3803 tia
2382 3764 2585 3804 amare.
2613 3749 2667 3802 2'
2700 3747 2878 3804 [nesse
2906 3750 3105 3804 homini
3123 3752 3295 3806 omnia
3318 3755 3514 3809 anima:
3535 3754 3806 3809 naturaliter

2283 3842 2534 3897 virtutum
2555 3842 2776 3906 semina,
2803 3842 3049 3913 beneﬁcio
3073 3844 3341 3900 Creatoris
3366 3847 3585 3903 inserta.
3607 3847 3699 3903 Sed
3720 3847 3805 3900 hac

2285 3934 2621 3989 consectaria
2668 3933 2918 3988 Cassiani
2966 3944 3129 4002 sunt,
3168 3938 3396 3994 minime
3438 3954 3567 3995 vero
3613 3937 3804 3994 aucturis

2284 4027 2478 4093 nostri,
2505 4028 2597 4095 qui
2632 4042 2730 4081 nec
2756 4027 2922 4082 citato
2954 4027 3095 4092 loco,
3142 4043 3241 4085 nec
3287 4031 3416 4086 alibi
3451 4034 3725 4104 quidquam
3758 4030 3805 4083 de

2284 4118 2455 4173 libero
2485 4117 2712 4175 arbitrio
2734 4117 2908 4183 docet,
2941 4118 2995 4172 in
3027 4134 3137 4190 quo
3162 4121 3231 4175 ab
3276 4122 3544 4192 Apostolo
3567 4121 3803 4178 doctrina-

2283 4227 2389 4281 que
2406 4210 2711 4266 orthodoxa
2747 4220 3116 4266 transversum
3150 4229 3385 4284 unguem
3415 4214 3724 4271 discesserit.

2354 4302 2495 4370 Quid
2537 4318 2668 4358 vero
2714 4301 2937 4361 Rivetus
2980 4320 3076 4374 per
3103 4306 3454 4363 solitudinem
3485 4308 3798 4364 monasticam

2218 4447 2259 4502 Β
2286 4396 2390 4451 sibi
2416 4396 2563 4460 velit,
2596 4412 2702 4451 non
2750 4405 2925 4466 potest
2956 4396 3111 4451 facile
3134 4398 3372 4454 deliniri.
3408 4399 3472 4456 Et
3496 4416 3619 4455 vero
3646 4398 3685 4455 si
3712 4411 3803 4451 ιιιοο

2286 4492 2613 4559 uasterium,
2643 4493 2727 4547 vel
2775 4494 3138 4548 monasticum
3189 4492 3499 4549 institutum
3553 4494 3634 4549 his
3662 4488 3803 4545 verbis

2288 4585 2572 4656 intelligat,
2596 4601 2665 4640 ne
2700 4586 2871 4640 hilum
2910 4588 3129 4655 quidem
3157 4603 3220 4642 ea
3248 4588 3315 4643 de
3339 4603 3395 4644 re
3420 4589 3561 4659 apud
3592 4586 3799 4643 Hermann

2287 4677 2524 4745 reperire
2546 4684 2649 4732 est.
2678 4674 2734 4731 Si
2776 4686 2957 4733 autem
2990 4678 3059 4733 de
3081 4678 3377 4735 Christiani
3407 4697 3437 4735 a
3470 4680 3649 4735 mundi
3672 4690 3800 4748 nego-

2287 4767 2378 4821 tiis
2398 4777 2451 4823 et
2476 4769 2799 4824 tumultibus
2820 4785 3038 4825 secessu
3070 4769 3293 4827 Rivetus
3316 4773 3587 4845 loquatur,
3610 4774 3734 4826 hunc
3749 4768 3799 4822 ab

2287 4860 2548 4930 apostolis
2576 4862 2939 4932 omnibusque
2958 4860 3212 4919 Ecclesiae
3230 4865 3548 4924 doctoribus
3571 4877 3800 4923 commcn-

2287 4952 2429 5019 dari,
2465 4969 2661 5024 negare
2680 4955 2807 5025 quis
2835 4954 3068 5010 audeat?

2207 1765 2249 1822 Β

2208 3109 2254 3169 C

2358 5064 2603 5136 Denique
2631 5067 2674 5121 si
2702 5065 2936 5129 Hermas
2964 5071 3341 5140 purgatorium
3384 5073 3582 5130 alicubi
3609 5076 3796 5132 asserat,

2290 5154 2380 5210 ille
2406 5156 2539 5211 nihil
2584 5156 2827 5227 profecto
2856 5159 2961 5214 nisi
2990 5175 3185 5217 sanum
3213 5165 3437 5220 omnino
3476 5175 3531 5222 et
3564 5170 3705 5237 plane
3728 5176 3799 5215 or-

2291 5248 2588 5304 thodoxum
2616 5252 2874 5307 statuisse
2894 5252 3157 5309 dicendus
3190 5265 3293 5312 est.
3336 5256 3585 5313 Attamen
3626 5256 3795 5311 sincero

2288 5341 2533 5397 veritatis
2552 5358 2737 5399 amore
2762 5343 2933 5411 ducti,
2966 5345 3196 5403 libenter
3221 5347 3457 5405 fatemur
3481 5350 3535 5405 in
3564 5365 3643 5415 eo,
3668 5359 3791 5416 quem

2290 5430 2473 5486 laudat
2497 5431 2741 5499 Rivetus,
2766 5434 2978 5493 Hermae
3006 5437 3125 5493 loco
3154 5451 3259 5496 non
3289 5442 3356 5498 de
3385 5440 3695 5514 purgatorio,
3718 5433 3788 5490 sed

3181 5583 3225 5615 ⁸¹
3243 5582 3338 5640 lib.
3368 5600 3487 5654 sup.
3514 5585 3599 5640 cit.
3620 5593 3720 5654 cap.
3742 5574 3786 5634 4.

2222 5649 2342 5771 .GDe
2380 5649 2685 5706 administr.
2733 5653 2939 5719 posuit,
2968 5653 3199 5723 “p.28.
3276 5656 3320 5687 ⁸⁸
3341 5649 3474 5711 Crit.
3516 5670 3615 5709 suc.
3650 5652 3725 5713 lib.
3755 5661 3782 5707 ιι
