4040 6322
296 298 408 356 8‘9
1542 300 1834 357 PASTOR.
1863 333 1928 342 —-
1972 301 2331 358 ιιιιῡιΕιιιΑ.
3438 302 3549 360 850

302 433 376 470 oe
403 413 721 484 poenitentia
750 415 802 469 in
828 414 934 471 hoc
950 415 1075 471 vitae
1105 431 1268 472 cursu
1288 416 1515 486 agenda,
1537 425 1593 471 et
1616 416 1682 472 de
1704 416 1878 485 ptenis
1908 433 1949 490 Α
1984 430 2103 471 rum
2135 413 2489 472 constituitur
2512 421 2787 477 naturam,
2820 412 2909 468 hic
2928 414 3118 483 procul
3138 413 3312 473 dubio
3336 416 3551 474 increa-

300 524 433 578 quze
458 509 647 564 eodem
674 510 794 565 viue
821 520 1066 579 tempore
1096 510 1412 579 hominibus
1442 510 1513 565 ob
1542 525 1733 567 eorum
1756 526 1880 581 pce-
1981 519 2092 577 tus,
2119 517 2359 565 aeternus
2388 516 2443 567 et
2479 522 2730 563 summus
2753 522 3153 580 supremusque
3180 508 3326 573 Deus
3349 511 3550 566 asseri-

300 608 432 655 cata
466 599 806 671 inﬂiguntur,
835 600 1262 670 disputationem
1292 600 1525 658 institui.

799 692 1200 750 ARTICULUS
1221 693 1385 752 XVII.

452 784 529 842 De
561 788 723 843 variis
761 788 1081 845 editionibus
1102 799 1152 843 et
1181 790 1321 845 notis
1352 791 1406 843 in
1432 790 1526 844 Iros
1551 789 1735 844 libros.

382 878 647 946 Quamvis
683 880 735 935 hi
759 881 883 936 libri
913 881 1103 938 Graeco
1137 882 1396 937 idiomate
1422 880 1608 952 scripti
1632 881 1745 951 jam
1777 880 1879 935 du-

302 972 441 1027 dum
493 972 787 1043 perierint,
853 974 1069 1030 illorum
1126 984 1305 1031 tamen
1356 974 1573 1044 jactura
1626 974 1879 1030 resarciri

306 1073 590 1134 utcunque
619 1074 797 1135 potest
830 1066 995 1123 variis
1033 1066 1351 1122 eorumdem
1382 1066 1723 1137 fragmentis,
1759 1082 1881 1136 qua

309 1169 422 1208 non
455 1156 617 1211 modo
642 1155 695 1210 in
725 1156 1235 1226 antiquissimorum
1262 1156 1519 1213 Ecclesiae
1548 1160 1767 1215 Patrum
1800 1161 1883 1214 lu-

307 1244 747 1312 cubrationibus,
779 1262 967 1302 verum
994 1248 1158 1303 etiam
1197 1248 1251 1302 in
1276 1249 1750 1320 pseudepigrapho
1780 1266 1878 1320 po-

308 1338 587 1394 tissimum
629 1340 864 1409 quodam
902 1341 1108 1405 libello,
1156 1342 1211 1397 in
1260 1343 1555 1399 novissima
1594 1343 1881 1399 Athanasii

308 1428 554 1499 Operum
594 1432 835 1489 editione
863 1448 895 1487 a
927 1435 1131 1491 nostris
1171 1434 1434 1490 adornata
1466 1435 1534 1500 ”,
1587 1450 1761 1505 nuper
1799 1436 1882 1491 di-

308 1522 552 1593 vulgato,
569 1523 750 1580 Graece
770 1525 1065 1596 Latineque
1087 1527 1229 1583 edita
1252 1528 1540 1585 habemus.
1562 1529 1729 1600 Typis
1756 1545 1884 1586 vero

305 1615 578 1671 duntaxat
619 1615 827 1675 Latinis
877 1618 1038 1674 iidem
1081 1618 1292 1677 Hermae
1333 1621 1455 1676 libri
1502 1622 1634 1677 editi
1666 1632 1793 1678 sunt
1828 1622 1881 1678 in

310 1706 849 1782 Ortltodoazograpltia
873 1720 928 1767 et
959 1711 1371 1783 ereseologia,
1420 1724 1584 1783 atque
1612 1714 1664 1771 in
1698 1715 1880 1769 omni-

1980 610 2089 657 tur.
2120 600 2254 669 Quis
2279 615 2515 665 namque
2545 607 2788 655 creatum
2812 600 2953 655 inter
2974 609 3029 655 et
3059 601 3384 663 increatum,
3409 601 3552 657 inter

1979 693 2150 749 Deum
2165 702 2220 748 et
2243 703 2561 748 creaturam»
2580 692 2715 747 nihil
2736 693 2960 748 omnino
2988 694 3225 750 medium
3244 708 3366 750 esse
3392 694 3550 764 igno-

1982 786 2103 841 rat?
2132 785 2376 855 Denique
2420 785 2671 841 eumdem
2722 784 2818 840 Dei
2868 784 3067 840 Filium
3109 786 3179 841 ad
3211 786 3549 841 condendam

1977 888 2286 934 creaturam
2319 878 2463 933 Patri
2505 892 2608 933 suo
2638 886 2843 933 azterno
2870 875 3114 932 adfuisse
3143 877 3237 946 qui
3289 877 3473 942 tradit,
3503 876 3552 933 is

1980 972 2223 1044 profecto
2248 973 2397 1028 illum
2413 970 2561 1027 Patri
2588 987 2691 1027 suo
2717 980 3046 1027 coaeternum
3072 970 3384 1028 ﬁrmissime
3403 984 3555 1026 asse-

1982 1075 2154 1121 verat.

2054 1156 2257 1212 Eodem
2293 1156 2452 1225 plane
2493 1170 2658 1210 sensu
2696 1152 2925 1210 Hermas
2945 1154 3197 1222 superius
3219 1154 3430 1210 dixerat
3452 1154 3496 1185 "
3534 1171 3548 1209 :

1984 1244 2050 1301 In
2080 1246 2254 1301 servili
2296 1247 2590 1301 conditione
2620 1262 2721 1301 non
2750 1246 2964 1316 ponitur
3001 1244 3177 1303 Filius
3222 1245 3335 1311 Dei,
3380 1246 3470 1299 sed
3499 1245 3553 1299 in

1985 1354 2175 1408 magna
2205 1348 2459 1407 potestate
2485 1350 2535 1394 et
2566 1340 2805 1409 imperio.
2839 1338 3040 1394 Omnes
3070 1339 3269 1409 quippe
3290 1347 3555 1394 creaturae

1987 1427 2096 1483 Deo
2124 1430 2389 1496 serviunt,
2413 1431 2659 1500 quoniam
2691 1431 2890 1496 omnia,
2916 1430 2992 1485 uti
3014 1430 3081 1485 de
3114 1429 3223 1484 Deo
3250 1429 3555 1485 canitPsal-

1984 1520 2145 1575 mista
2170 1521 2236 1586 ",
2268 1522 2501 1577 serviunt
2531 1521 2644 1577 tibi.
2674 1520 2778 1587 Qui
2813 1536 2942 1592 ergo
2971 1522 3027 1576 in
3048 1521 3225 1577 servili
3253 1520 3553 1575 conditione

1985 1626 2089 1664 non
2109 1612 2324 1679 ponitur
2353 1611 2420 1677 ⁸³,
2448 1612 2536 1667 hic
2562 1622 2814 1667 creatura
2838 1628 2936 1665 nec
2954 1628 3075 1668 esse
3096 1629 3193 1668 nec
3222 1612 3328 1667 dici
3355 1622 3551 1683 potest.

1985 1702 2089 1769 Qui
2120 1713 2303 1758 autem
2347 1713 2598 1760 creatura
2628 1720 2753 1760 esse
2782 1714 2838 1760 et
2874 1705 2983 1760 dici
3015 1706 3225 1775 nequit,
3260 1706 3351 1761 ille
3398 1714 3550 1761 certe

311 1800 420 1855 bus
459 1810 773 1856 sanctorum
815 1800 1038 1857 Patrum
1067 1802 1440 1868 Bibliothecis,
1470 1819 1572 1859 nec
1597 1820 1705 1859 non
1737 1804 1880 1874 apud
1912 1795 1955 1851 Β
1986 1794 2130 1852 Deus
2154 1796 2268 1867 ipse
2301 1806 2404 1852 est.

307 1890 642 1957 Cotelerium
672 1894 813 1948 inter
838 1892 1013 1963 Opera
1043 1903 1354 1951 sanctorum
1381 1894 1604 1950 Patrum
1629 1897 1722 1967 qui
1751 1907 1884 1952 tem-

304 1983 527 2050 poribus
550 1985 855 2051 apostolicis
873 1986 1187 2053 ﬂoruerunt.
1204 1985 1465 2041 Privatim
1484 1996 1665 2043 autem
1694 1986 1883 2043 excusi

306 2084 465 2142 sunt,
496 2086 723 2131 curante
753 2076 951 2140 Fabro,
986 2077 1212 2134 Parisiis
1263 2079 1407 2148 apud
1437 2078 1730 2136 Henricum
1756 2078 1883 2135 Ste-

308 2166 557 2235 phanum
589 2182 737 2223 anno
768 2169 928 2234 1515,
960 2180 1125 2238 atque
1151 2187 1183 2225 a
1208 2167 1433 2227 Nicolao
1478 2169 1749 2234 Hcrbelio,
1780 2169 1882 2225 Ar-

302 2260 603 2328 gentorati,
646 2276 791 2316 anno
829 2261 1007 2327 l522;
1050 2262 1245 2318 deinde
1281 2262 1429 2319 curis
1468 2261 1727 2332 Casparis
1752 2261 1884 2315 Bar-

306 2352 445 2417 shii,
490 2352 750 2425 Cygneaa,
782 2370 928 2411 anno
957 2354 1093 2410 1655
1116 2395 1132 2421 ,
1173 2354 1448 2425 publicam
1482 2355 1805 2424 prodierunt
1829 2354 1883 2409 in

302 2444 516 2501 lucem.

390 2535 641 2593 Barthius
684 2555 814 2594 vero
858 2539 1372 2595 animadversiones
1404 2539 1457 2593 in
1502 2539 1647 2594 hunc
1683 2537 1881 2592 librum

305 2629 503 2692 edidit,
550 2632 645 2687 sed
687 2632 777 2687 ille
818 2648 925 2687 non
972 2632 1248 2687 immerito
1289 2648 1319 2687 a
1351 2630 1626 2687 Cotelerio
1664 2631 1882 2685 criticus

307 2724 579 2777 minorum
621 2726 849 2796 gentium
902 2734 1155 2780 vocatur.
1188 2724 1256 2780 Et
1290 2734 1437 2781 certe
1477 2724 1886 2782 observationes

303 2814 435 2883 ejus
483 2832 673 2885 parum
721 2817 898 2887 dignae
943 2826 1093 2881 sunt,
1135 2816 1337 2888 quibus
1384 2816 1628 2887 legendis
1670 2825 1885 2881 tempus

305 2913 513 2984 aliquis
536 2913 832 2982 impendat.
863 2912 966 2967 Sed
995 2913 1215 2968 lectoris
1247 2912 1542 2967 attentione
1559 2926 1683 2966 vere
1707 2912 1886 2982 dignae

305 3016 443 3064 sunt
470 3006 641 3076 ipsius
673 3005 928 3060 Cotelerii
963 3004 1363 3069 adnotationes,
1399 3004 1551 3059 varia
1580 3002 1885 3059 eruditione

302 3109 369 3157 et
405 3101 655 3157 doctrina
699 3096 929 3153 refertae.
968 3096 1227 3163 Quaedam
1269 3104 1450 3151 tamen
1495 3096 1725 3151 minoris
1756 3104 1885 3151 sunt

305 3192 585 3256 utilitatis,
608 3206 908 3262 parumque
938 3189 1005 3244 ad
1032 3188 1287 3244 Hermam
1318 3197 1590 3259 spectant,
1617 3203 1719 3243 nec
1742 3187 1884 3243 mul-

304 3292 435 3341 tum
464 3283 531 3339 ad
557 3282 705 3339 illius
735 3293 917 3338 textus
939 3282 1378 3352 explanationem
1408 3280 1741 3337 conducunt.

795 3397 1188 3453 ARTICULUS
1215 3397 1402 3453 XVIII.

355 3490 519 3547 Noote
544 3492 950 3555 observationes,
985 3509 1046 3545 ac
1075 3493 1246 3562 primo
1271 3492 1335 3545 de
1363 3492 1565 3547 Christi
1582 3492 1853 3562 sanctique

825 3562 1058 3632 Spiritus
1085 3564 1381 3617 divinitate.

385 3652 559 3719 Quam
593 3670 724 3711 sana
761 3663 814 3709 et
845 3655 914 3708 ab
952 3654 1100 3709 omni
1142 3655 1346 3710 erroris
1374 3655 1688 3726 suspicione
1714 3671 1883 3711 vacua

307 3755 369 3800 et
398 3762 530 3816 pura
568 3746 734 3801 fuerit
762 3745 972 3801 Hermae
999 3746 1066 3802 de
1096 3762 1346 3817 suprema
1378 3746 1579 3802 Christi
1603 3748 1887 3805 divinitate

312 3834 606 3899 sententia,
637 3835 722 3890 his
752 3834 1028 3900 Petavius,
1064 3836 1278 3907 tametsi
1310 3838 1447 3892 alias
1478 3837 1885 3895 Ante-Nicaenis

310 3926 570 3982 Patribus
594 3943 783 3997 parum
815 3927 1015 3983 lavisse
1036 3929 1302 3995 videatur,
1337 3930 1515 3986 verbis
1540 3931 1745 3987 diserte
1785 3947 1883 3986 ex-

314 4019 479 4087 plicat
505 4019 553 4051 ⁸⁹
588 4036 601 4072 :
641 4020 717 4073 Ab
741 4020 1130 4087 vetustissimis,
1159 4021 1353 4090 inquit,
1374 4022 1627 4077 laudatur
1662 4024 1886 4094 scripto.

314 4109 555 4165 ribus....
590 4126 681 4164 nec
703 4111 768 4164 ab
794 4110 904 4164 ullo
934 4111 1151 4167 ltwresis
1176 4112 1381 4183 falsioe,
1417 4117 1648 4169 maxime
1669 4116 1734 4169 de
1765 4114 1886 4170 Tri-

314 4205 485 4258 nitate
520 4203 1162 4273 dogmatis,insimulatus
1212 4214 1311 4259 est.
1367 4211 1448 4259 An
1509 4222 1639 4262 vero
1682 4207 1886 4263 nullius

312 4311 510 4366 reapse
534 4296 738 4349 erroris
766 4293 993 4352 Hermas
1020 4312 1050 4350 a
1071 4312 1347 4367 quoquam
1379 4308 1669 4355 accusatus
1689 4299 1780 4366 sit,
1818 4316 1883 4355 ex

316 4384 405 4440 his
434 4400 555 4454 quae
582 4400 611 4438 a
643 4384 802 4439 nobis
852 4385 1127 4455 disputata
1154 4395 1283 4442 sunt
1311 4387 1464 4450 nulli,
1502 4388 1577 4442 uti
1607 4397 1881 4457 putamus,

2040 1910 2167 1982 Age
2198 1925 2347 1976 vero,
2375 1912 2421 1967 si
2446 1911 2532 1967 his
2556 1911 2815 1966 omnibus
2840 1918 2896 1967 et
2926 1912 3032 1966 alia
3062 1912 3310 1981 adjicias,
3339 1928 3463 1984 qua!
3490 1912 3557 1969 de

1982 2003 2172 2058 eodem
2191 2002 2281 2058 Dei
2301 2004 2438 2060 Filio
2457 2006 2526 2060 ab
2549 2014 2771 2062 auctore
2794 2017 2983 2062 nostro
3002 2007 3203 2077 scripta
3228 2008 3456 2077 legimus
3473 2008 3553 2062 *δε

1988 2093 2053 2148 In
2077 2112 2289 2165 magna,
2317 2097 2601 2167 inquit,est
2630 2108 2887 2168 potestate
2903 2099 3186 2168 etimperio
3207 2116 3224 2163 ;
3246 2100 3373 2154 alibi
3401 2116 3552 2154 vero:

1987 2182 2191 2239 Nomen
2226 2184 2359 2240 Filii
2384 2187 2481 2242 Dei
2510 2205 2757 2259 magnum
2780 2200 2878 2251 est,
2901 2200 2949 2243 et
2978 2191 3312 2254 immensum,
3340 2199 3389 2245 et
3416 2200 3555 2245 totus

1985 2275 2051 2329 ab
2085 2290 2144 2331 eo
2194 2288 2525 2332 sustentatur
2566 2280 2741 2346 orbis;
2773 2296 2838 2337 ac
2883 2283 3142 2338 continuo
3179 2292 3338 2353 post:
3372 2284 3555 2339 Omnis

1984 2364 2082 2420 Dei
2111 2376 2356 2419 creatura
2385 2384 2476 2437 per
2503 2367 2709 2424 Filium
2738 2372 2851 2440 ejus
2881 2383 3227 2439 sustentatur,
3262 2375 3345 2430 his
3376 2376 3557 2429 verbis

1978 2471 2258 2513 summam
2294 2459 2439 2515 illius
2462 2460 2801 2517 divinitatem
2828 2473 3015 2533 aperte
3048 2466 3353 2520 renuntiari
3381 2468 3555 2520 fatea-

1986 2549 2083 2610 ris,
2112 2550 2337 2604 omnino
2371 2565 2592 2606 necesse
2636 2562 2740 2608 cst.
2786 2553 2886 2608 Cui
2940 2555 3108 2621 enim,
3144 2557 3341 2611 amabo
3379 2566 3450 2622 te,
3491 2572 3555 2611 ea

1985 2641 2171 2695 omnia
2200 2643 2493 2697 convenire
2542 2653 2791 2713 possunt,
2841 2646 2947 2701 nisi
2976 2662 3108 2701 vero
3143 2646 3232 2701 Dei
3269 2647 3424 2713 Filio,
3462 2648 3555 2718 qui

1984 2732 2227 2802 ejusdem
2279 2751 2403 2790 cum
2450 2735 2609 2792 Patre
2654 2738 2726 2793 sit
2773 2739 3180 2803 itnmensitatis,
3209 2740 3553 2807 aeternitatis,

1987 2827 2269 2895 potestatis
2291 2838 2341 2883 et
2377 2830 2627 2884 naturae?

2058 2916 2177 2973 Non
2227 2919 2533 2978 audiendus
2566 2923 2750 2993 itaque
2778 2921 2978 2992 impius
3009 2923 3195 2979 nescio
3232 2924 3358 2994 quis
3396 2923 3554 2981 Soci-

1985 3011 2206 3077 nianus,
2239 3012 2331 3082 qui
2365 3013 2524 3069 nobis
2549 3028 2830 3085 perperam
2853 3015 3075 3085 objiciat
3097 3014 3292 3070 Filium
3332 3015 3425 3072 Dei
3451 3017 3557 3072 ibi»

1985 3101 2108 3156 dem
2154 3102 2222 3156 ab
2253 3100 2700 3158 lierma'scrvum
2749 3105 3030 3175 appellari,
3072 3105 3165 3176 qui
3216 3116 3337 3177 post
3394 3123 3551 3163 suam

1988 3199 2198 3246 tantum
2229 3203 2456 3247 mortem
2487 3208 2517 3247 a
2541 3191 2700 3248 Patre
2728 3208 2893 3263 super
2914 3194 3171 3263 populum
3204 3209 3362 3248 suum
3396 3203 3552 3264 pote-

1986 3292 2181 3337 statem
2224 3298 2441 3337 omnem
2488 3284 2778 3353 acceperit.
2821 3282 3075 3354 Nunquid
3126 3285 3271 3339 enim
3324 3284 3556 3342 llcrmas

1988 3390 2113 3431 cum
2147 3375 2367 3442 ibidem,
2420 3375 2564 3431 sicut
2596 3376 2855 3441 vidimus,
2879 3376 3018 3453 dis-it
3051 3391 3065 3428 :
3110 3375 3175 3429 In
3219 3377 3395 3431 servili
3428 3393 3553 3432 con-

1984 3468 2185 3522 ditione
2207 3484 2310 3521 non
2339 3469 2553 3537 ponitur
2582 3467 2758 3522 Filius
2792 3468 2905 3533 Dei,
2932 3468 3035 3524 sibi
3064 3469 3165 3540 ipsi
3193 3470 3427 3526 absurde
3452 3485 3553 3539 pu—

1987 3560 2207 3631 tideque
2227 3561 2625 3617 contradixisse
2655 3562 3057 3617 existimandus
3089 3562 3210 3617 est?
3238 3560 3372 3628 Quis
3404 3577 3555 3617 sana:

1989 3653 2189 3708 mentis
2215 3654 2381 3707 homo
2416 3653 2465 3709 id
2520 3670 2761 3724 unquam
2790 3670 3058 3718 asserere,
3091 3655 3201 3709 imo
3227 3655 3554 3723 cogitatione

1988 3748 2281 3818 animoque
2349 3749 2552 3819 [ingere
2602 3750 2831 3803 audeat?
2871 3748 3005 3815 Quis
3029 3742 3157 3804 vero
3185 3750 3230 3804 si
3263 3749 3410 3803 hunc
3456 3764 3555 3803 au-

1985 3842 2154 3896 ctoris
2173 3842 2341 3895 nostri
2374 3842 2551 3895 locum
2582 3842 2753 3912 aequis
2782 3858 3018 3911 unquam
3047 3843 3233 3911 legerit
3257 3842 3452 3905 oculis,
3480 3842 3553 3895 ibi

1987 3934 2247 3987 continuo
2284 3947 2388 3988 non
2418 3932 2814 3989 animadvertat
2844 3943 3132 4004 utrumque
3154 3935 3221 3989 ab
3245 3935 3336 3989 illo
3363 3934 3429 3988 de
3453 3933 3554 3987 du-

1987 4024 2331 4095 pliciCbristi
2360 4034 2552 4081 natura
2577 4042 2699 4081 cum
2741 4029 2978 4084 humana
3030 4038 3143 4084 tum
3198 4028 3381 4083 divina
3410 4035 3555 4082 recte

1991 4117 2254 4172 traditum
2308 4128 2362 4174 et
2410 4121 2846 4189 pronuntiatum.
2902 4118 3373 4188 Quemadmodum
3405 4118 3551 4173 enim

1986 4208 2241 4267 Christus
2263 4213 2331 4266 ah
2358 4213 2475 4283 ipso
2501 4216 2800 4270 secundum
2824 4216 3061 4269 divinam
3090 4229 3245 4269 suam
3278 4222 3553 4278 naturam,

1986 4311 2131 4357 omnt
2151 4315 2397 4363 creatura
2423 4309 2711 4379 antiquior,
2744 4310 2797 4361 in
2815 4307 2991 4362 servili
3017 4307 3313 4361 conditione
3330 4322 3433 4359 non
3462 4320 3556 4372 po-

1989 4398 2153 4461 nitur,
2188 4397 2261 4451 ita
2292 4399 2591 4453 secundum
2630 4400 2928 4454 humanam
2974 4415 3151 4454 servus
3183 4398 3283 4452 Dei
3313 4396 3555 4467 appella-

316 4476 618 4531 obscurum
645 4492 766 4532 esse
796 4476 975 4532 debet.
1003 4476 1177 4543 Quam
1202 4486 1353 4534 recte
1377 4487 1558 4533 autem
1604 4479 1672 4535 de
1699 4480 1881 4534 divina
1914 4497 1958 4553 ι)
1988 4493 2075 4539 tus
2090 4497 2191 4540 est.
2208 4485 2273 4541 Et
2298 4488 2349 4542 id
2376 4490 2592 4558 quidem
2617 4490 2817 4546 clarius
2848 4507 3011 4561 quam
3039 4491 3323 4560 ipsiusmct
3346 4488 3557 4543 Hermae

314 4566 523 4622 Christi
552 4578 743 4623 natura
765 4568 855 4624 ille
882 4570 1132 4635 senserit,
1159 4585 1321 4625 nemo
1350 4572 1455 4626 nisi
1483 4571 1793 4627 Sociniana:
1820 4588 1886 4629 ac

316 4657 743 4713 dementissima:
774 4660 1093 4714 temeritatis
1119 4663 1284 4716 homo
1311 4677 1550 4731 unquam
1582 4664 1881 4733 negaverit.

315 4752 460 4821 Quid
486 4753 651 4819 enim,
682 4769 888 4823 quaso,
919 4754 986 4808 ad
1019 4770 1290 4810 summam
1314 4755 1515 4811 Christi
1545 4755 1883 4812 divinitatem

316 4847 478 4917 plane
495 4845 897 4911 declarandam,
916 4846 1003 4902 his
1018 4849 1259 4903 auctoris
1285 4850 1456 4903 nostri
1481 4850 1659 4906 verbis
1684 4849 1886 4907 clarius

313 4947 374 4995 et
398 4937 688 4993 dilucidius
710 4938 797 4993 “:
835 4936 1007 4994 Filius
1052 4941 1262 5010 quidem
1302 4939 1399 4993 Dei
1451 4944 1593 4995 omni
1638 4953 1885 4996 creatura

312 5031 588 5100 antiquior
615 5041 713 5095 est,
746 5032 824 5086 ita
863 5042 920 5086 ut
971 5032 1026 5086 in
1070 5033 1292 5086 consilio
1332 5032 1486 5087 Patri
1526 5050 1621 5087 suo
1649 5034 1881 5104 adfuerit

314 5124 389 5179 ad
431 5126 756 5179 condendam
789 5136 1112 5182 creaturam.
1169 5125 1273 5193 Qui
1329 5126 1527 5181 Filium
1580 5126 1673 5183 Dei
1731 5128 1881 5183 omni

312 5226 566 5291 creatura
589 5219 721 5273 dicit
747 5219 1129 5289 antiquiorem,
1172 5219 1218 5274 is
1242 5228 1386 5275 certe
1413 5236 1536 5275 eum
1561 5229 1711 5275 extra
1733 5236 1883 5277 crea-

316 5318 566 5364 turarum
597 5310 839 5365 omnium
870 5327 1180 5377 numerum,
1223 5326 1287 5367 ac
1320 5327 1482 5382 supra
1510 5313 1725 5369 illarum
1750 5329 1883 5369 con-

314 5402 581 5457 ditionem
623 5412 679 5459 et
723 5413 973 5459 naturam
1012 5418 1135 5460 esse
1181 5417 1367 5473 aperte
1410 5406 1747 5475 pronuntiat.
1779 5405 1883 5473 Qui

314 5506 498 5551 autem
531 5505 683 5551 extra
718 5506 1091 5553 creaturarum
1140 5512 1465 5565 numerum,
1491 5507 1545 5555 et
1575 5515 1739 5569 supra
1766 5500 1883 5555 illa-

1993 4576 2172 4631 verbis
2209 4579 2468 4650 explicari
2512 4598 2617 4637 non
2664 4592 2841 4653 potest
2874 4599 2888 4636 :
2926 4583 3039 4637 Hoc
3081 4600 3225 4654 ergo,
3263 4583 3437 4653 inquit
3466 4581 3553 4647 ⁵⁸,

1993 4668 2193 4723 Christi
2233 4689 2421 4741 corpus
2448 4674 2500 4727 in
2525 4677 2663 4746 quod
2684 4676 2928 4730 inductus
2959 4686 3035 4730 est
3063 4677 3297 4745 Spiritus
3340 4682 3552 4730 sanctus

1992 4763 2199 4816 servivit
2227 4763 2306 4816 illi
2345 4763 2595 4834 Spiritui,
2620 4776 2754 4821 recte
2786 4768 2841 4821 in
2881 4769 3138 4822 modestia
3178 4768 3475 4833 ambulans,
3505 4777 3555 4821 et

1989 4862 2153 4919 caste,
2195 4869 2354 4925 neque
2393 4858 2606 4912 omnino
2646 4860 2926 4914 maculavit
2968 4860 3231 4931 Spiritum
3259 4859 3551 4918 illum......

1990 4943 2275 5000 Advocavit
2305 4964 2426 5017 ergo
2451 4947 2670 5014 Filium,
2700 4961 2748 5005 et
2794 4955 3005 5006 nuntios
3044 4953 3235 5018 bonos;
3275 4963 3331 5005 ut
3356 4962 3404 5005 et
3431 4951 3554 5003 huic

1990 5035 2188 5090 scilicet
2230 5040 2458 5109 corpori,
2504 5042 2644 5111 quod
2681 5045 2891 5098 servivit
2938 5044 3167 5115 Spiritui
3214 5052 3397 5097 sancto
3440 5042 3554 5095 sine

1987 5128 2219 5200 querela,
2247 5129 2396 5187 locus
2420 5134 2612 5205 aliquis
2653 5138 2971 5191 consistendi
2994 5138 3230 5201 daretur,
3264 5150 3325 5188 ne
3350 5132 3542 5186 videre-

1991 5232 2080 5276 tur
2110 5225 2394 5281 mercedem
2422 5229 2688 5282 servitutis
2723 5246 2833 5283 sure
2858 5230 3169 5299 perdidisse.
3197 5225 3422 5295 Accepit
3448 5239 3549 5277 au-

1990 5325 2098 5373 tem
2120 5328 2174 5373 et
2201 5330 2325 5390 post
2351 5330 2581 5377 mortem
2615 5338 2771 5378 suam
2799 5323 2939 5378 idem
2966 5321 3170 5377 Christi
3199 5336 3419 5389 corpus.
3451 5320 3552 5374 Im-

1988 5426 2260 5482 manaque
2294 5413 2538 5484 ejusdem
2585 5424 2780 5470 natura
2821 5430 3039 5471 omnem
3084 5428 3250 5483 super
3288 5412 3548 5483 populum

1989 5514 2333 5573 potestatem,
2360 5508 2575 5563 tametsi
2597 5506 3111 5577 ipsemetChristus,
3126 5504 3222 5575 qui
3246 5505 3551 5561 secundum

391 5611 436 5643 ⁸⁸
454 5622 586 5665 ῑοιιι.
613 5610 659 5666 ιι
686 5610 1105 5697 Oper..Atltan.,.
1124 5630 1247 5699 pag.
1274 5614 1381 5670 252
1405 5628 1456 5669 et
1488 5631 1602 5684 seq.
1644 5614 1888 5671 “Petav.
1916 5628 2047 5678 tom.
2083 5619 2124 5673 ll
2168 5620 2342 5702 Tlteol.
2386 5623 2585 5703 degat...
2619 5619 2766 5689 praef.
2796 5636 2912 5687 cap.
2940 5619 3077 5744 2,3.
3098 5619 3145 5673 6.
3194 5619 3345 5700 “lib.
3376 5634 3434 5700 ιι.
3467 5621 3550 5673 si-

400 5682 438 5736 l.
463 5682 517 5744 9,
547 5688 575 5744 ᾗ
603 5683 691 5737 12.
768 5684 918 5742 “ltb.
949 5703 1030 5744 ιιι.
1062 5687 1226 5743 smul.
1262 5687 1313 5744 5.
1344 5685 1370 5744 §
1405 5686 1435 5738 7
1536 5688 1579 5719 "
1603 5686 1741 5741 Psal.
1775 5703 1961 5744 cxvtu.
1990 5692 2079 5744 9t.
2161 5692 2309 5744 "lib.
2341 5709 2419 5744 ιιι.
2456 5693 2615 5744 smul.
2651 5693 2705 5744 9.
2748 5690 2773 5744 8
2820 5691 2906 5744 Η.
2983 5694 3025 5723 ⁸⁸
3067 5691 3136 5744 ιι).
3168 5705 3258 5744 ιιι.
3282 5690 3448 5744 sumi.
3494 5690 3548 5744 7.

316 5682 438 5755 mil.
463 5682 517 5748 9,
547 5688 575 5753 ᾗ
603 5683 691 5755 12.
734 5682 739 5683 “
768 5684 808 5755 ξ’
827 5685 918 5742 lib.
949 5703 1030 5753 ιιι,
1062 5682 1226 5743 simil:
1262 5687 1313 5750 5,
1344 5685 1370 5755 §
1405 5686 1435 5738 7
1536 5682 1579 5719 ⁸⁵
1603 5686 1741 5741 Psal.
1775 5703 1961 5755 cxvur,
1990 5692 2079 5749 9i.

287 5754 352 5824 οξ
386 5753 465 5813 Η.
545 5750 587 5784 ⁶⁶
606 5754 712 5810 loc.
741 5751 833 5810 cit.

2161 5692 2309 5747 "lib.
2341 5709 2419 5757 tu,
2456 5690 2615 5747 Sinni.
2651 5693 2705 5757 9,
2748 5690 2773 5763 ᾖ
2820 5691 2906 5747 Η.
2983 5690 3136 5746 “lib.
3168 5690 3448 5761 ttt,si.mil.
3494 5690 3548 5755 7,
