4040 6322
599 315 696 374 851

2021 317 2079 377 s.
2116 314 2375 374 Henna:
2574 272 2579 281 ’
3695 314 3780 371 sse

601 432 838 487 divinam
888 447 1043 487 suam
1094 432 1459 489 substantiam
1510 429 1658 487 Patri
1700 429 1769 486 ad
1817 430 2159 487 condendam
2189 446 2238 504 Α
2265 440 2377 483 stus
2405 430 2565 484 semel
2593 445 2688 500 pro
2709 432 2935 500 peccatis
2966 437 3319 482 mortuas.....
3348 444 3404 481 in
3428 444 3522 499 quo
3549 439 3593 483 et
3620 431 3689 484 his
3710 437 3781 502 qui

596 533 904 581 creaturam
920 523 1188 589 adfuerat,
1212 524 1453 593 ejusdem
1481 539 1604 579 cum
1639 524 1757 594 ipso
1784 523 1926 578 sicut
1955 532 2163 577 natura:

599 617 675 673 Ita
701 627 754 671 et
783 618 1067 688 potestatis
1089 633 1303 689 semper
1326 618 1509 672 fuerit.

669 706 803 763 Cum
855 718 1001 763 sarta
1050 708 1232 778 igitur,
1276 716 1417 762 tecta
1466 707 1787 776 integraque
1833 706 1905 761 sit
1953 704 2165 760 Hermze

594 799 772 854 nostri
819 798 886 853 de
928 814 1141 853 summa
1183 798 1384 853 Christi
1416 795 1701 851 divinitate
1747 796 2016 861 doctrina,
2063 810 2163 849 nec

596 894 729 962 quid
771 893 996 948 omtrlno
1026 900 1212 946 contra
1242 891 1389 944 illam
1422 888 1527 945 nisi
1575 889 1845 944 insulsum
1891 889 2068 958 plane,
2109 893 2165 941 et

597 982 840 1052 ineptum
866 981 1079 1037 effutire
1110 980 1383 1051 potuerint
1422 980 1684 1045 hzeretici,
1708 996 1851 1035 unus
1882 990 2061 1034 tamen
2093 993 2160 1031 ex

594 1074 676 1128 eis
709 1088 879 1142 pauca
904 1072 1149 1142 quaedam
1177 1072 1349 1141 ipsius
1375 1072 1539 1127 verba
1568 1074 1791 1137 arrosit,
1818 1071 2018 1140 quibus
2042 1058 2164 1138 Spi-

596 1165 739 1220 ritus
796 1164 969 1219 sancti
1004 1163 1342 1218 divinitatem
1376 1165 1443 1217 ab
1467 1178 1532 1218 eo
1559 1173 1806 1233 negatam
1840 1162 2010 1217 fuisse
2034 1177 2161 1231 pro-

595 1256 725 1310 bare
745 1271 1031 1324 perperam
1047 1264 1278 1311 conatus
1299 1265 1401 1311 eSt.
1427 1255 1550 1311 Haec
1578 1272 1742 1326 porro
1769 1265 1914 1320 sunt,
1934 1270 2054 1324 qua:
2076 1254 2164 1309 ille

595 1347 754 1401 nobis
776 1345 963 1415 objicit
990 1364 1003 1400 :
1036 1344 1217 1417 Neque
1244 1363 1363 1400 cum
1385 1346 1514 1412 vult,
1552 1348 1751 1400 homini
1776 1346 2010 1416 loquitur
2042 1343 2163 1413 Spi-

594 1449 730 1493 ritus
765 1446 1011 1503 sanctus,
1052 1437 1141 1492 sed
1182 1447 1305 1492 tunc
1336 1439 1577 1508 loquitur
1619 1455 1736 1493 cum
1776 1438 1887 1493 vult
1920 1436 2057 1491 Deus
2091 1436 2159 1492 “.

598 1528 701 1583 Sed
721 1528 765 1582 si
794 1529 939 1583 hunc
973 1527 1329 1583 Socinianum
1355 1529 1631 1584 hominem
1664 1529 1906 1584 nefarius
1931 1529 2164 1584 errantis

596 1629 757 1675 se‘cttn
793 1638 950 1677 amor
991 1625 1208 1694 penitus
1248 1638 1355 1677 non
1392 1624 1754 1687 obcaecasset,
1807 1620 2165 1675 intellexisset

600 1712 787 1781 utique
818 1714 959 1769 hanc
983 1730 1105 1770 esse
1130 1714 1343 1769 Hermaz
1368 1714 1538 1768 nostri
1564 1723 1821 1776 mentem,
1856 1722 1910 1767 et
1939 1728 2160 1768 sensum

2263 524 2316 575 in
2338 539 2489 575 carne
2511 532 2665 576 erant
2690 522 2969 592 spiritibus
2995 522 3197 575 veniens
3218 521 3631 590 prtedicavit,qui
3646 523 3784 579 incre-

2263 613 2379 667 duli
2411 615 2702 683 fuerant",
2729 624 2834 669 etc.
2866 612 2987 681 Quo
3011 613 3174 682 igitur
3204 613 3365 666 modo
3397 610 3616 667 Hermas
3640 614 3786 671 dicere

2264 715 2477 777 poterat
2517 725 2529 759 :
2564 707 2809 776 Apostoli
2840 716 2888 760 et
2935 707 3176 759 doctores
3203 705 3611 774 praedicaverunt
3637 724 3786 761 neutra

2263 796 2398 851 Filii
2434 798 2624 853 Dei....
2662 798 2744 852 his
2777 799 2867 868 qui
2891 806 3012 851 ante
3043 796 3374 851 obierunt....
3411 807 3460 851 et
3490 810 3790 867 cognoverunt

2266 888 2469 943 Filium
2506 890 2597 944 Dei
2619 892 2645 945 ?

2336 983 2590 1037 Clemens
2619 981 3024 1038 Alexandrinus
3055 982 3273 1037 videtur
3300 981 3521 1052 quidem
3545 981 3793 1040 difficuluo

2265 1073 2335 1129 tis
2382 1074 2581 1128 nodum
2631 1089 2841 1141 secare,
2899 1075 2992 1129 ubi
3024 1074 3098 1140 ⁷ο,
3146 1074 3325 1128 citatis
3376 1074 3612 1127 auctoris
3653 1072 3792 1130 nostri

2262 1172 2465 1238 verbis,
2500 1172 2873 1226 aitChristum
2907 1172 3046 1241 apud
3080 1170 3286 1225 inferos
3316 1169 3560 1225 Hebraeis
3586 1170 3793 1240 Evange-

2264 1265 2394 1318 lium
2419 1265 2798 1328 annnntiasse,
2831 1264 3106 1334 apostolos
3137 1278 3265 1317 vero
3290 1264 3357 1316 iis
3379 1264 3472 1333 qui
3493 1279 3559 1317 ex
3595 1264 3794 1333 gentibus

2263 1354 2376 1422 apti
2403 1362 2553 1407 erant
2587 1354 2655 1407 ad
2683 1356 3090 1408 conversionem.
3134 1353 3201 1407 Et
3229 1364 3370 1408 recte
3408 1355 3609 1407 dictum
3648 1371 3677 1407 α
3712 1355 3795 1408 Pa-

2265 1454 2406 1498 store
2426 1461 2445 1499 :
2477 1464 2496 1499 t
2530 1443 2917 1499 Descenderunt
2948 1428 3073 1516 ergit
3094 1446 3150 1498 in
3189 1462 3407 1515 aquam,
3442 1464 3462 1497 ι
3496 1453 3598 1500 etc.
3628 1442 3794 1499 Verum

2263 1533 2311 1589 si
2342 1535 2446 1589 hac
2466 1536 2828 1605 explicatione
2865 1535 3118 1591 Clemens
3153 1536 3355 1591 nodum
3381 1537 3649 1592 difﬁcilem
3664 1554 3796 1606 expe~

2262 1628 2381 1684 dire
2429 1628 2665 1691 videtur,
2714 1628 2770 1681 in
2801 1627 2967 1681 alium
3009 1626 3252 1697 profecto
3282 1628 3445 1698 longe
3476 1628 3793 1683 difﬁciliorem

2266 1718 2479 1773 incidit.
2520 1717 2611 1773 llle
2656 1720 2857 1789 quippe
2886 1719 3046 1773 docet
3093 1718 3346 1773 Hermam
3379 1720 3653 1789 opinatum
3696 1735 3797 1773 esse

595 1805 851 1859 omnibus
896 1804 1054 1860 facile
1096 1806 1363 1861 obvium:
1412 1804 1595 1876 Neque
1638 1821 1757 1858 cum
1806 1805 1969 1860 homo
2013 1805 2158 1868 vult,
2194 1818 2236 1873 Β
2267 1812 2450 1880 plures
2476 1826 2544 1864 ex
2606 1810 2840 1865 ethnicis
2866 1811 3381 1880 hominibusjustis,
3411 1826 3536 1864 cum
3554 1811 3793 1865 Christum

592 1896 792 1951 homini
826 1898 1064 1970 loquitur
1087 1899 1319 1971 Spiritus
1348 1908 1585 1963 sanctus,
1617 1900 1706 1954 sed
1730 1916 1846 1953 cum
1870 1902 1978 1953 vult
2001 1899 2157 1954 Deus.

593 1990 663 2043 At
705 1992 873 2060 quid,
918 1993 1147 2049 obsecro
1173 2034 1189 2059 ,
1233 2009 1301 2048 ex
1346 1995 1429 2048 his
1468 1992 1650 2048 verbis
1690 2000 1880 2048 contra
1923 1992 2161 2062 Spiritus

594 2084 769 2137 sancti
802 2084 1142 2138 divinitatem
1171 2101 1184 2140 ;
1221 2084 1331 2141 imo
1365 2099 1493 2138 vero
1520 2083 1651 2153 quid
1681 2099 1744 2138 ex
1778 2082 2028 2148 illis,nisi
2060 2099 2158 2153 pro

592 2175 887 2233 asserenda
918 2175 1104 2231 divina
1140 2177 1285 2232 illius
1310 2184 1511 2230 natura
1538 2175 1791 2230 concludi
1820 2176 2033 2244 potest?
2083 2173 2158 2229 lbi

590 2247 737 2319 enini
757 2264 985 2321 Hermas
1008 2281 1165 2321 veros
1188 2266 1477 2336 prophetas
1495 2266 1683 2321 divino
1700 2264 1927 2334 Spiritu,
1943 2265 2161 2333 quando

592 2358 829 2426 ipsemet
856 2358 1051 2424 voluit,
1096 2358 1305 2414 afflatos
1352 2357 1523 2412 fuisse
1571 2366 1869 2413 asseverat.
1916 2358 1985 2411 At
2035 2358 2160 2426 quis

592 2449 1068 2505 nesciatstrenuos
1085 2449 1315 2505 Nicaeum
1339 2450 1461 2504 fidei
1488 2449 1808 2506 defensores
1843 2450 1946 2505 hoc
1976 2449 2043 2503 ad
2066 2450 2161 2503 dc-

592 2541 877 2598 bellandos
907 2543 1161 2610 Arianos,
1212 2551 1266 2597 et
1319 2541 1559 2612 Spiritus
1605 2542 1783 2597 sancti
1816 2540 2156 2595 divinitatem

590 2635 857 2693 adversus
886 2635 1305 2691 Macedonianos
1350 2636 1551 2690 invicte
1575 2631 2021 2703 propugnandam
2043 2632 2159 2689 em-

591 2725 902 2792 cacissimo,
949 2726 1024 2781 uti
1066 2726 1225 2796 plane
1254 2742 1360 2784 non
1404 2725 1680 2781 immerito
1707 2718 1991 2793 putabant,
2029 2738 2160 2778 usos

588 2831 709 2872 esse
731 2825 1073 2887 argumento.

1080 2924 1475 2981 ARTICULUS
1517 2923 1662 2981 XIX.

592 3018 786 3075 Utrum
816 3019 1044 3089 apostoli
1064 3021 1259 3072 mortui
1276 3019 1674 3089 pradicaverint
1695 3033 1883 3073 nomen
1911 3013 2157 3069 Filii'Dei

976 3092 1043 3145 iis
1068 3091 1158 3159 qui
1190 3090 1330 3158 apud
1363 3088 1557 3157 inferos
1580 3097 1750 3143 erant.

2264 1903 2374 1958 illis
2391 1901 2622 1971 apostoli
2648 1901 3051 1970 przedicassent,
3071 1903 3140 1955 ab
3160 1902 3349 1955 inferis
3374 1902 3649 1966 liberatos,
3667 1912 3796 1971 atque

2262 2010 2295 2049 a
2326 1994 2546 2050 Christo
2592 2004 2791 2050 aeterna
2841 1994 3074 2047 donatos
3104 1992 3389 2048 felicitate.
3438 1993 3573 2060 Qua:
3613 1995 3795 2064 quidem

2262 2086 2446 2156 Opinio
2486 2087 2555 2140 ab
2597 2086 2904 2155 Augustino
2940 2086 2983 2116 "‘
3026 2094 3284 2155 tanquam
3323 2086 3557 2139 omnino
3603 2102 3796 2141 errones
3885 2124 3888 2130 λ

2261 2175 2598 2243 repudiatur.
2636 2174 2838 2229 Deinde
2878 2172 3107 2230 Hermas
3142 2174 3351 2229 nullum
3404 2174 3658 2230 Hebraeos
3685 2178 3797 2231 inter

2260 2273 2315 2319 et
2340 2266 2590 2319 ethnicos
2616 2267 2769 2335 ponit
2790 2266 3119 2333 discrimen;
3152 2267 3261 2320 imo
3284 2276 3480 2337 aperte
3510 2268 3795 2337 loquiturde

2263 2354 2501 2409 chmis
2530 2371 2625 2424 per
2654 2356 2859 2424 lapides
2886 2372 2939 2421 χ,
2970 2372 3074 2410 xxv
3103 2366 3157 2410 et
3186 2372 3289 2410 xxx
3317 2357 3675 2413 adumbratis.
3699 2356 3798 2425 quis

2260 2449 2490 2505 buscum
2520 2448 2769 2518 apostoli,
2799 2448 3220 2517 quadragesimo
3250 2449 3435 2517 lapide
3468 2449 3694 2515 figurati,
3722 2448 3796 2502 de-

2260 2540 2605 2604 scenderunt,
2639 2540 2827 2609 eisque
2855 2538 2973 2593 Filii
3013 2539 3105 2593 Dei
3141 2542 3576 2609 praedicaverunt
3610 2554 3793 2593 nomen.

2330 2630 2665 2703 Quapropter
2682 2642 2954 2701 putamus,
2970 2632 3117 2685 salva
3146 2640 3325 2685 tamen
3349 2632 3538 2686 debita
3568 2630 3794 2685 Clementi

2260 2726 2587 2792 reverentia,
2619 2725 2802 2779 locum
2836 2724 3047 2778 Henna:
3077 2725 3186 2778 alio
3210 2740 3374 2779 sensu
3413 2724 3791 2794 exponendum,

2257 2833 2326 2873 eo
2346 2817 2550 2872 scilicet
2565 2832 2674 2886 quo
2687 2815 3026 2887 Augustinus
3046 2817 3299 2885 superius
3321 2816 3491 2870 allata
3505 2816 3641 2871 Petri
3663 2816 3791 2870 verba

2258 2910 2645 2978 interpretatus
2674 2916 2776 2963 est.
2828 2907 3119 2962 Enimvero
3158 2924 3281 2961 cum
3332 2907 3600 2973 Evodius,
3648 2908 3707 2961 ab
3741 2923 3791 2960 co

2258 3003 2349 3057 illa
2370 3001 2473 3056 sibi
2496 3000 2753 3068 explicari
2786 3000 3147 3070 poposcisset,
3172 3001 3519 3070 Augustinus
3546 3002 3591 3032 ⁷²
3611 3009 3793 3070 quanta

2258 3094 2367 3148 sint
2392 3093 2461 3146 ibi
2480 3092 2822 3148 dlflicultates
2854 3093 3086 3161 primum
3105 3094 3343 3162 exponit.
3369 3092 3579 3149 Deinde
3607 3106 3795 3161 respon-

662 3183 761 3239 His
790 3183 973 3253 itaque
1002 3184 1159 3251 longe
1201 3182 1470 3237 difﬁcilior
1518 3194 1571 3236 et
1623 3181 1911 3235 obscurior
1942 3180 2154 3235 Hermae
2181 3162 2227 3218 θ
2256 3184 2471 3243 ὼιὶιιίε
2492 3183 2638 3239 Petri
2659 3186 2838 3240 verbis
2870 3204 2883 3239 :
2916 3184 3015 3238 His
3032 3185 3120 3254 qui
3150 3185 3203 3237 in
3225 3202 3383 3239 carne
3432 3196 3604 3251 erant,
3624 3183 3794 3255 spiriti-

589 3277 763 3341 locus,
796 3291 826 3329 a
858 3274 1135 3329 Clemente
1164 3285 1343 3328 tamen
1372 3274 1744 3329 Alexandrino
1794 3274 1963 3330 semel
1991 3283 2155 3344 atque

590 3368 787 3421 iterum
821 3366 1042 3431 citatus,
1070 3366 1149 3420 sic
1174 3366 1404 3422 habetur
1433 3366 1475 3397 ⁸⁷
1500 3385 1514 3420 :
1545 3367 1783 3436 Apostoli
1811 3376 1859 3420 et
1890 3372 2151 3433 doctores,

588 3458 679 3529 qui
719 3458 1137 3528 pradicaverunt
1188 3475 1373 3512 nomen
1411 3458 1543 3513 Filii
1575 3460 1693 3527 Dei,
1744 3477 1862 3513 cum
1909 3459 2154 3513 habentes

590 3550 749 3619 ﬁdem
777 3551 892 3620 ejus
920 3560 969 3603 et
999 3559 1308 3620 potestatem
1334 3551 1574 3620 defuncti
1613 3564 1805 3616 essent,
1835 3552 2156 3623 praedicare—

591 3648 715 3693 rant
760 3640 841 3693 his
879 3641 969 3705 qui
1005 3650 1125 3695 ante
1154 3642 1392 3695 obierunt
1422 3652 1471 3697 et
1512 3643 1614 3712 ipsi
1644 3643 1896 3697 dederunt
1924 3644 1998 3696 eis
2019 3643 2156 3697 illud

585 3734 819 3804 signum.
854 3732 1240 3789 Descenderunt
1271 3736 1436 3805 igitur
1478 3737 1533 3788 in
1562 3753 1751 3806 aquam
1785 3753 1903 3790 cum
1933 3736 2064 3800 illis,
2104 3747 2156 3791 et

590 3825 782 3879 iterum
809 3825 1151 3880 ascenderunt
1182 3841 1201 3879 :
1228 3828 1317 3880 sed
1366 3828 1419 3879 hi
1449 3828 1547 3880 vivi
1586 3830 1952 3891 ascenderunt,
1990 3838 2045 3881 at
2075 3827 2156 3882 illi

591 3918 682 3987 qui
714 3916 925 3985 fuerunt
959 3930 1081 3972 ante.
1108 3919 1364 3988 defuncti,
1390 3920 1587 3973 mortui
1616 3921 1828 3989 quidem
1876 3922 2155 3975 descende-

591 4021 738 4078 runt,
762 4013 851 4065 sed
878 4012 979 4065 vivi
998 4010 1363 4063 ascenderunt.
1402 4008 1501 4062 Per
1527 4009 1617 4088 hos
1643 4011 1806 4080 igitur
1828 4011 1988 4063 vitam
2007 4027 2157 4065 acce-

590 4113 799 4171 perunt,
822 4113 870 4157 et
896 4112 1240 4173 cognoverunt
1274 4100 1475 4154 Filium
1505 4101 1633 4167 Dei;
1668 4102 1883 4172 ideoque
1912 4102 2157 4156 ascende--

592 4205 717 4248 runt
738 4212 856 4248 cum
886 4195 1017 4250 illis.
1046 4194 1170 4249 Haec
1195 4210 1301 4248 vox
1325 4196 1533 4265 signum
1562 4194 1635 4248 ibi
1666 4194 1798 4247 nihil
1829 4205 1986 4249 sonat
2007 4195 2156 4250 aliud

593 4303 761 4356 quam
796 4288 1154 4357 baptismum,
1204 4286 1645 4358 quandoquidem
1699 4285 1928 4341 Hermas
1976 4288 2155 4342 conti-

594 4388 784 4434 nenter
812 4379 1112 4450 subiungit,
1143 4380 1519 4433 descenderunt
1559 4379 1615 4432 in
1642 4395 1853 4447 aquam.
1889 4378 1993 4431 Sed
2029 4394 2155 4432 cum

592 4470 775 4525 nullus
802 4471 903 4526 nisi
934 4473 985 4525 in
1005 4473 1105 4528 hac
1128 4474 1256 4537 vita,
1274 4486 1373 4525 nec
1400 4470 1504 4525 nisi
1537 4470 1605 4524 ah
1631 4469 1946 4524 hominibus
1968 4470 2155 4523 viven-

594 4561 740 4616 tibus
784 4562 1054 4631 baptismo
1079 4564 1250 4633 possit
1282 4564 1450 4627 ablui,
1500 4562 1611 4617 illic
1641 4578 1769 4616 vero
1816 4562 2155 4633 baptizantes

592 4652 852 4722 apostoli,
885 4662 1047 4721 atque
1077 4656 1145 4708 ab
1184 4655 1266 4708 eis
1315 4653 1573 4724 haptizati
1605 4653 1804 4713 mortui
1835 4663 1890 4708 et
1924 4669 2156 4725 corpore

592 4745 759 4799 soluti
792 4744 1163 4812 dicantur;ibi
1194 4745 1437 4815 profecto
1467 4746 1533 4800 de
1579 4746 1697 4801 solo
1726 4746 1955 4815 spiritali
1981 4747 2155 4816 bapti-

592 4844 774 4892 smate
818 4844 1011 4904 agatur
1062 4851 1284 4891 necesse
1332 4846 1434 4891 est.
1470 4836 1626 4902 Quod
1682 4846 1825 4902 certe
1853 4836 1955 4891 loci
1986 4837 2152 4908 hujus

591 4929 959 4986 difﬁcultatem
991 4944 1098 4982 non
1150 4929 1364 4993 minuit,
1392 4929 1483 4983 sed
1509 4937 1670 4999 auget
1702 4928 2048 4999 plurimumu

660 5043 884 5100 Certum
906 5052 990 5099 est
1017 5043 1161 5099 enim
1189 5041 1463 5098 Christum
1495 5052 1617 5113 post
1640 5054 1867 5099 mortem
1900 5059 2054 5099 suam
2086 5044 2153 5098 ad

591 5136 798 5194 inferos
818 5136 1187 5193 descendisse.
1222 5133 1374 5189 Unde
1396 5135 1734 5204 Augustinus
1772 5135 1819 5166 ⁸⁸
1848 5152 1861 5186 :
1897 5136 2027 5200 Quis
2052 5138 2154 5191 nisi

587 5230 824 5302 inﬁdelis
846 5229 1105 5301 negaverit
1124 5230 1288 5299 fuisse
1314 5227 1453 5298 apud
1477 5227 1673 5295 inferos
1690 5226 1959 5281 Christum
1980 5226 2165 5281 νοου-

591 5332 705 5379 stat
747 5324 910 5378 etiam
937 5321 1216 5376 Christum
1256 5328 1384 5374 tunc
1409 5318 1737 5387 patriarchis
1754 5317 2030 5387 justisque
2056 5318 2155 5371 ho-

592 5412 921 5469 minibusibi
961 5411 1280 5483 degentibus
1307 5424 1427 5464 sese
1458 5394 1805 5461 manifestum
1835 5406 2152 5476 praebuisse,

593 5505 672 5559 uti
701 5521 768 5560 ex
801 5506 887 5561 his
916 5504 1062 5561 Petri
1094 5502 1324 5574 apostoli
1373 5499 1555 5555 verbis
1600 5498 1923 5569 intelligitur
1952 5517 1965 5552 :
1998 5498 2156 5555 Chri-

2258 3278 2374 3343 bus,
2425 3292 2519 3330 eos
2554 3276 2778 3345 intelligi
2821 3293 3001 3346 posse,
3047 3278 3139 3347 qui
3175 3288 3298 3331 tunc
3342 3290 3500 3333 erant
3545 3282 3792 3341 income,

2255 3379 2410 3439 atque
2435 3370 2751 3436 ignorantia!
2776 3368 2997 3422 tenebris
3017 3370 3153 3423 velut
3178 3387 3385 3424 carcere
3421 3370 3776 3424 claudebantur

2255 3456 2439 3527 Neque
2475 3467 2656 3512 tamen
2690 3458 2792 3512 hoc
2822 3458 2930 3512 sibi
2956 3458 3159 3513 idcirco
3183 3459 3347 3529 objici
3379 3477 3547 3529 posse
3578 3460 3791 3530 putabat,

2255 3550 2400 3620 quod
2443 3549 2688 3603 Christus
2712 3550 2944 3601 nondum
2976 3560 3181 3602 venerat
3212 3552 3267 3603 in
3299 3567 3478 3605 carne.
3535 3551 3789 3617 Quoniam,

2255 3641 2431 3711 inquit
2466 3652 2690 3697 sanctus
2710 3642 2903 3696 doctor
2928 3659 2943 3695 :
2976 3640 3093 3711 Ipse
3114 3644 3290 3713 utique
3320 3659 3426 3697 non
3456 3646 3698 3708 income,
3720 3640 3791 3695 sed

2254 3734 2309 3787 in
2331 3734 2521 3803 spiritu
2550 3732 2780 3786 veniebat
2798 3735 2919 3787 visis
2942 3736 3207 3804 congruis,
3248 3736 3557 3806 colloquens
3582 3752 3699 3805 quos
3722 3749 3793 3787 vo-

2255 3826 2416 3890 lebat,
2447 3826 2583 3877 sicut
2611 3824 2834 3879 volebat.
2873 3824 3074 3880 Eodem
3106 3827 3269 3896 igitur
3298 3837 3465 3896 atque
3489 3826 3793 3897 Augustinus

2262 3934 2429 3974 sensu
2468 3918 2695 3973 Hermas
2743 3918 2925 3974 dicere
2954 3929 3184 3988 poterat,
3225 3921 3368 3989 quod
3397 3921 3623 3989 apostoli
3644 3927 3688 3971 et
3714 3930 3792 3968 αυ-

2257 4020 2542 4063 ctores.....
2571 4019 2990 4076 prwatcaverunt
3020 4010 3101 4062 his
3138 4010 3226 4062 oui
3261 4020 3381 4063 ante
3419 4011 3676 4070 obierunt,
3708 4008 3793 4059 hoc

2256 4109 2357 4167 est,
2384 4101 2583 4154 mortui
2614 4109 2743 4154 sunt
2766 4100 3025 4166 tenebris,
3053 4100 3382 4172 ignorantia,
3417 4100 3721 4155 infidelitate
3749 4105 3793 4150 et

2257 4190 2654 4246 incredulitate.

2329 4304 2417 4370 At,
2453 4304 2688 4373 inquies,
2731 4320 2831 4359 cur
2857 4320 2987 4376 ergo
3025 4304 3091 4359 de
3136 4306 3398 4376 apostolis
3438 4305 3660 4361 Hermas
3685 4304 3790 4359 sub-

2255 4393 2473 4464 jungit:
2507 4393 2937 4449 Prwdicaverunt
2978 4413 3161 4451 nomen
3190 4397 3327 4451 Filii
3366 4398 3558 4454 Dei....
3584 4416 3691 4452 cum
3715 4400 3787 4449 de-

2189 4506 2230 4558 ι)
2264 4485 2432 4554 {uncti
2454 4488 2667 4540 essent?
2704 4487 2926 4553 Quidni,
2954 4488 3264 4558 inquiemus
3290 4502 3343 4545 et
3374 4506 3507 4558 nos,
3550 4492 3657 4545 lucc
3678 4504 3787 4557 apo-

2264 4576 2527 4630 stolorum
2565 4592 2715 4632 mors
2740 4578 3009 4648 spirituali
3032 4595 3250 4650 quoque
3279 4597 3440 4636 sensu
3467 4580 3784 4651 intelligatur!

2265 4666 2403 4732 Quia
2427 4668 2682 4722 nimirum
2708 4678 2865 4723 vetus
2893 4685 3080 4725 eorum
3113 4672 3276 4727 homo
3300 4689 3421 4727 cum
3456 4673 3667 4729 Christo
3686 4687 3788 4727 cru-

2262 4758 2461 4815 ciﬁxus
2514 4771 2566 4814 et
2612 4770 2862 4818 mortuus
2894 4762 3099 4827 fuerat,
3131 4780 3196 4819 ac
3241 4765 3576 4822 destructum
3617 4777 3786 4834 corpus

2262 4854 2491 4923 peccati,
2528 4864 2587 4909 ut
2610 4854 2932 4924 loquebatur
2960 4855 3161 4912 Paulus
3184 4858 3249 4911 ⁷⁸.
3278 4856 3343 4912 Ει
3370 4868 3519 4915 certe
3548 4861 3655 4915 haec
3684 4874 3786 4912 ver—

2260 4945 2460 4999 borum
2484 4944 2694 5001 Hermae
2726 4947 3100 5018 interpretatio
3132 4949 3254 5004 inde
3281 4950 3645 5018 confirmatur,
3666 4949 3785 5021 quod

2263 5037 2355 5092 ille
2384 5040 2649 5093 continuo
2675 5040 2875 5095 addat:
2913 5040 3016 5095 Sed
3051 5044 3103 5096 hi
3137 5045 3233 5098 vivi
3257 5046 3619 5100 ascenderunt.
3656 5041 3801 5110 Quod

2259 5132 2474 5201 quidem
2493 5132 2558 5186 de
2588 5133 2692 5186 vita
2718 5134 2983 5203 spirituali
3014 5135 3239 5204 ipsemet
3261 5138 3655 5209 interpretatus,
3678 5136 3783 5191 sub-

2271 5224 2350 5278 dit
2379 5240 2392 5276 :
2439 5223 2610 5277 Vitam
2642 5235 2973 5293 receperunt;
3011 5237 3061 5280 et
3091 5242 3441 5299 cognoverunt
3472 5231 3660 5285 Filium
3685 5226 3777 5281 Dei.

2266 5315 2507 5386 Denique
2537 5331 2601 5370 ex
2632 5317 2743 5386 jam
2774 5318 2934 5373 dictis
2965 5328 3171 5375 certum
3216 5331 3299 5376 est
3323 5321 3572 5378 Hennam
3600 5334 3778 5377 seran

2267 5422 2388 5462 nem
2424 5407 2497 5460 ibi
2530 5406 2710 5462 facere
2730 5408 2797 5463 de
2828 5410 3107 5479 spirituali
3132 5412 3424 5482 baptismo,
3454 5415 3505 5469 id
3528 5425 3606 5469 est
3623 5410 3778 5481 cogni-

2268 5500 2417 5554 tione
2448 5498 2572 5554 Filii
2604 5498 2718 5555 Dei.
2744 5500 2857 5555 Cur
2898 5496 3025 5573 ergo
3053 5512 3201 5560 totus
3236 5505 3336 5561 iste
3366 5508 3520 5563 locus
3548 5499 3773 5577 spirituali

687 5661 943 5736 f‘lib._n.
974 5665 1214 5719 mandat.
1253 5666 1335 5721 l2.
1412 5663 1566 5736 ﬁ’lib.
1593 5661 1914 5736 tn,_similit.
1939 5663 1992 5736 9.
2069 5664 2113 5697 ⁸⁸
2142 5663 2312 5735 Epist.
2348 5665 2469 5729 l64,
2510 5648 2771 5724 ast-Evod.
2852 5667 3087 5725 "lPetr.
3115 5685 3193 5736 ιιι,
3219 5670 3298 5726 18.
3340 5674 3385 5706 ⁷ο
3404 5672 3495 5727 lib.
3519 5688 3569 5727 vt
3588 5668 3768 5729 Stromv,

602 5730 719 5804 55.

799 5731 836 5762 ⁷¹
865 5733 968 5787 loc.
1010 5750 1129 5804 sup.
1168 5738 1258 5791 cit.

1344 5738 1386 5769 τ’
1408 5734 1577 5807 Epist.
1600 5734 1720 5802 164,
1759 5735 1824 5788 ad
1854 5731 2011 5789 Evod.
2093 5737 2136 5767 ⁷³
2158 5731 2314 5792 Rom.
2336 5754 2410 5800 νι.
2432 5736 2487 5795 6.
