4040 6322
294 295 404 363 855
1520 306 1811 363 PAS'I'OR.

1958 306 2314 366 PROlEIM.
3420 310 3545 371 ’³834

290 430 467 472 sensu
500 431 608 473 non
641 417 995 490 intelligatur,
1020 435 1179 492 cuius
1203 424 1392 477 saltem
1422 424 1667 493 quaedam
1692 434 1873 494 partes
1901 428 1946 483 A
1977 434 2213 479 uentura:
2260 424 2487 496 ﬁguram
2536 438 2656 480 esse
2700 424 2956 480 declarat.
3001 418 3367 489 Quamobrem
3416 443 3543 485 cum

288 507 589 563 aliosensu
613 510 875 581 explicari
902 526 1012 565 non
1038 517 1305 582 possunt?
1337 516 1417 570 An
1443 529 1570 571 vero
1603 520 1873 586 genuinus
1976 516 2086 569 illic
2131 516 2360 585 adjecit,
2404 517 2655 586 angelum
2699 532 2821 573 esse
2862 534 3023 588 super
3068 521 3317 587 bestiam,
3364 520 3414 574 id
3461 529 3546 577 est

291 598 392 654 hic
417 600 489 655 sit
517 602 800 657 verborum
825 602 1037 660 llermze
1067 621 1283 671 sensus,
1309 606 1449 663 sicut
1476 625 1719 665 asserere
1754 625 1874 665 om-
1974 621 2137 675 super
2158 622 2460 675 pressura"!
2482 619 2932 678 superventuram.
2967 611 3101 665 Nihil
3133 611 3278 666 διίιιά
3313 611 3415 668 Sibi
3446 627 3544 666 νοο

291 689 436 745 nino
466 707 573 747 non
607 694 895 760 audemus,
921 697 993 751 ita
1023 698 1286 754 necillius
1318 700 1563 769 profecto
1594 717 1871 773 repugna-
1972 697 2074 751 Ιιιίι
2095 698 2161 763 ⁷⁸,
2192 698 2295 753 ηίδὶ
2339 700 2590 755 eumdem
2630 702 2882 773 angelum
2915 718 2945 756 ³
2974 702 3085 759 Deo
3117 718 3238 759 esse
3275 703 3542 775 PViPPOSi‘

286 782 482 840 bimus
511 786 890 855 explicationi,
916 790 1011 861 qui
1034 806 1098 846 ea
1122 790 1342 846 litterali
1382 808 1570 861 sensu,
1613 795 1682 850 ab
1718 794 1867 850 omni

282 892 486 937 errore
516 882 716 950 alieno,
750 886 949 956 poterit
974 886 1339 957 interpretari.

805 996 1205 1054 ARTICULUS
1241 998 1359 1055 XX.

601 1087 791 1145 Utrum
820 1088 1019 1160 Hegrin
1052 1092 1121 1146 sit
1159 1109 1345 1147 nomen
1370 1094 1563 1165 angeli.

360 1181 519 1238 Alius
557 1183 798 1239 auctoris
827 1186 1004 1239 nostri
1046 1186 1201 1244 locus
1243 1188 1512 1245 obscurus
1543 1197 1599 1243 et
1629 1188 1864 1246 diﬂicilis

278 1274 360 1329 ibi
412 1276 671 1340 occurrit,
720 1276 814 1332 ubi
858 1277 946 1332 ille
999 1287 1188 1334 narrat
1229 1295 1310 1346 se,
1358 1297 1484 1337 cum
1525 1282 1577 1336 in
1626 1282 1861 1341 helluam

275 1365 589 1422 immanem
638 1367 937 1437 incidisset,
984 1370 1053 1425 ab
1102 1387 1212 1426 una
1253 1372 1481 1445 virgine,
1528 1391 1649 1446 qua:
1690 1378 1861 1449 tigura

275 1456 547 1515 Ecclesiae
589 1470 726 1527 erat,
755 1462 1031 1517 audivisse
1065 1480 1080 1518 :
1114 1462 1263 1519 Misit
1312 1465 1569 1524 Dominus
1618 1471 1861 1541 angelum

271 1567 441 1606 suum
477 1569 636 1623 super
666 1552 883 1619 bestias,
918 1557 1002 1610 cui
1044 1573 1229 1614 nomen
1260 1570 1338 1613 est
1366 1558 1591 1631 Hegrin,
1616 1570 1667 1616 et
1703 1563 1859 1617 obtu-

276 1643 428 1695 ravit
453 1659 509 1696 os
538 1642 674 1713 ejus,
702 1662 765 1701 ne
798 1647 1083 1703 dilaniaret
1113 1660 1182 1705 te.
1214 1652 1513 1708 Autumant
1540 1654 1687 1709 enim
1717 1671 1859 1710 non-

236 1748 243 1751 ’
272 1734 422 1790 nulli
452 1734 839 1809 Hieronymum
870 1740 974 1797 sibi
1006 1740 1060 1796 in
1088 1744 1333 1799 animum
1372 1745 1717 1804 induxisse"
1746 1747 1856 1804 He-

268 1828 407 1898 grin
446 1844 643 1885 nomen
684 1846 806 1888 esse
853 1834 1054 1905 angeli,
1096 1836 1243 1907 quod
1294 1840 1509 1908 quidem
1570 1841 1670 1911 ipsi
1722 1844 1857 1898 adeo

272 1921 575 1976 ridiculum
617 1922 935 1994 fatuumque
973 1925 1149 1981 visum
1183 1939 1286 1995 est,
1324 1941 1382 1985 ut
1413 1931 1515 1987 hoc
1547 1933 1724 2004 elogio
1754 1950 1853 1990 an-

268 2012 450 2067 ctoris
476 2014 645 2069 nostri
678 2013 877 2069 librum
904 2019 1175 2073 notaverit
1199 2038 1211 2073 :
1232 2018 1389 2074 Liber
1418 2021 1507 2076 ille
1528 2026 1855 2095 apocryphus

268 2106 531 2161 stultitia:
588 2110 1012 2165 condemnandus
1062 2123 1160 2177 est,
1208 2115 1264 2168 in
1314 2132 1416 2186 quo
1467 2118 1724 2188 scriptum
1777 2134 1855 2175 est

267 2198 559 2266 quemdam
601 2200 842 2270 angelum
877 2204 1085 2259 nomine
1127 2204 1252 2276 Tyri
1291 2223 1512 2276 prteesse
1556 2211 1850 2279 reptilibus.

268 2288 387 2343 Alii
412 2298 591 2344 tamen
623 2289 754 2347 illud
786 2292 855 2346 ab
893 2292 1206 2367 Hieronymi
1242 2305 1421 2353 mente
1454 2299 1526 2354 ita
1560 2300 1855 2355 abhorrere

267 2390 628 2451 putaverunt,
670 2390 729 2437 ut
781 2383 931 2440 illum
968 2386 1037 2441 de
1079 2389 1316 2457 quodam
1361 2389 1501 2445 libro
1542 2394 1853 2463 apocrypho

246 2466 343 2528 ~ac
375 2472 653 2544 deperdito
683 2476 785 2533 ista
821 2478 1108 2547 scripsisse
1146 2480 1490 2537 tradiderint.
1538 2481 1604 2538 Et
1634 2499 1692 2539 re
1726 2485 1853 2555 qui—

265 2566 400 2620 dem
454 2567 568 2636 ipsa
609 2569 741 2639 quid
779 2570 832 2624 in
883 2571 969 2627 his
1015 2573 1198 2628 verbis
1243 2573 1850 2653 deprehenditur’quod

265 2658 526 2713 stultitim
552 2661 707 2729 argui
750 2661 963 2731 possit?
1003 2661 1143 2718 Num
1185 2664 1306 2721 ideo
1344 2666 1472 2736 quia
1502 2683 1567 2723 eo
1594 2668 1851 2740 loquendi

266 2749 443 2803 modo
483 2752 732 2822 angelum
782 2755 1066 2824 reptilibus
1101 2772 1336 2825 praeesse
1378 2757 1715 2815 afﬁrmatur?
1748 2760 1853 2816 Ve-

265 2834 401 2897 rum
441 2843 494 2899 id
536 2845 735 2900 docent
774 2862 898 2902 cum
950 2848 1157 2919 antiqui
1204 2848 1430 2916 Patres,
1496 2853 1852 2925 inprimisque

264 2932 539 3006 Origenes
580 2939 831 3008 pluribus
872 2941 924 2995 iu
970 2941 1104 2997 locis
1132 2943 1200 3006 ⁷⁸,
1236 2952 1349 2997 tum
1391 2945 1645 3003 doctores
1685 2948 1850 3004 scho-

265 3026 454 3083 lastici
494 3037 616 3097 post
652 3029 837 3084 divum
868 3029 1133 3086 Thomam
1156 3032 1223 3099 ",
1250 3034 1342 3103 qui
1372 3034 1448 3089 ait
1474 3054 1488 3089 :
1518 3034 1851 3109 Unaquaeque

1970 796 2108 855 tum,
2140 798 2202 843 ut
2224 789 2565 847 Christianos
2594 792 2856 848 adversus
2878 793 3251 849 imminentem
3277 803 3541 867 tyranno-

1971 895 2091 935 rum
2124 882 2556 952 persecutionem
2582 883 2895 939 defenderet
2920 900 2984 942 ac
3009 895 3263 945 tueretur.

2459 995 2858 1055 ARTICULUS
2902 999 3043 1056 XXI.

2287 1085 2431 1142 Num
2468 1089 2641 1161 angeli
2684 1092 2861 1145 omnia
2890 1096 3197 1150 creaverint.

2039 1178 2255 1237 Tertius
2284 1180 2495 1237 Hermae
2523 1184 2677 1240 locus
2716 1184 2811 1255 qui
2837 1186 3160 1243 enodatione
3183 1190 3366 1260 aliqua
3396 1191 3535 1249 indic

1964 1282 2073 1344 get,
2091 1274 2156 1328 ad
2190 1290 2381 1330 omnes
2412 1276 2630 1344 angelos
2659 1285 2885 1347 spectat.
2917 1277 3053 1333 Cum
3077 1280 3220 1336 enim
3252 1283 3339 1339 ille
3366 1286 3535 1343 dixis-

1964 1374 2047 1419 set
2075 1364 2298 1435 angelos
2336 1365 2475 1419 inter
2504 1374 2789 1421 creaturas
2817 1369 3023 1437 primos
3059 1387 3181 1427 esse
3210 1390 3349 1444 quos
3390 1376 3535 1434 Deus

1964 1455 2265 1522 creaverit,
2320 1464 2432 1510 tum
2478 1457 2756 1527 subjungit
2787 1459 2878 1514 πε
2937 1458 3008 1514 Hi
3049 1471 3171 1516 sunt
3222 1469 3395 1536 angeli
3445 1470 3536 1539 qui

1962 1545 2133 1614 primo
2164 1547 2442 1601 constituti
2478 1557 2622 1615 sunt,
2650 1548 2838 1619 quibus
2869 1553 3090 1607 tradidit
3126 1555 3381 1613 Dominus
3416 1563 3535 1614 uni-

1962 1654 2163 1693 versam
2201 1648 2501 1694 creaturam
2544 1657 2698 1695 suam
2734 1646 2992 1712 struendi,
3025 1648 3326 1717 wdiﬁcandi
3350 1662 3399 1706 et
3436 1654 3535 1707 do-

1960 1729 2201 1782 minandi
2232 1739 2491 1785 creatnrte
2519 1730 2683 1786 illius.
2723 1729 2830 1789 Pro
2858 1736 3027 1790 verbo
3057 1748 3235 1793 autem
3270 1743 3530 1809 struendi,

1961 1821 2014 1875 in
2058 1819 2248 1876 codice
2286 1820 2469 1878 Sancti
2520 1822 2839 1881 Germania
2872 1824 3079 1893 Pratis,
3113 1830 3182 1885 ab
3224 1833 3385 1887 annis
3426 1832 3533 1890 800

1957 1913 2254 1984 descripto,
2292 1932 2393 1971 nec
2433 1932 2538 1973 non
2573 1918 2627 1973 in
2659 1917 2971 1976 Colbertino
3014 1926 3179 1994 ‘supra
3219 1926 3385 1981 citato
3422 1943 3528 1985 vos

1957 2008 2173 2063 creandi
2204 2009 2512 2067 exhibetur.
2552 2011 2685 2079 Quae
2718 2014 2935 2085 quidem
2973 2016 3155 2084 lectio,
3184 2018 3231 2075 si
3274 2036 3401 2075 vera
3432 2021 3527 2085 sit.

1956 2099 2168 2155 videtur
2209 2099 2437 2157 Hermas
2479 2102 2531 2157 in
2576 2120 2699 2160 eum
2743 2105 3043 2178 impingere
3072 2125 3337 2178 errorem,
3365 2128 3527 2182 quem

1956 2195 2323 2265 antiquissimi
2367 2195 2605 2252 haeretici
2637 2213 2666 2251 a
2700 2197 2925 2255 Platone
2954 2208 3118 2273 atque
3159 2201 3387 2260 Philone
3426 2204 3493 2260 Iu
3514 2236 3527 2246 -

1954 2287 2071 2342 dam
2095 2289 2414 2356 hauserunt,
2441 2290 2659 2360 angelos
2684 2291 2891 2361 primos
2914 2295 3158 2348 omnium
3184 2310 3214 2350 a
3239 2294 3350 2361 Deo
3373 2312 3529 2352 crea-

1956 2389 2071 2445 tos,
2120 2381 2189 2436 ab
2246 2394 2421 2452 eoque
2469 2382 2744 2451 accepisse
2790 2394 2984 2440 caetera
3041 2386 3222 2441 omnia
3272 2386 3528 2460 deinceps

1953 2473 2173 2529 creandi
2218 2481 2560 2542 potestatem.
2594 2472 2793 2529 Verum
2836 2474 3064 2532 Hermas
3093 2479 3162 2533 ab
3196 2479 3301 2536 hoc
3342 2496 3530 2539 errore

1954 2578 2063 2619 non
2087 2562 2371 2619 dilllculter
2399 2562 2617 2633 quidem
2653 2563 2930 2619 eximitur.
2964 2564 3150 2620 Primo
3184 2567 3330 2621 enim
3374 2569 3529 2623 codi-

1951 2669 2044 2709 ces
2065 2652 2159 2724 qui
2189 2654 2412 2708 verbum
2444 2654 2658 2707 creandi
2682 2664 3090 2724 repraesentant,
3119 2656 3286 2720 aliud,
3319 2657 3529 2712 scilicet

1950 2754 2281 2815 potestatem,
2318 2746 2402 2800 vel
2425 2745 2643 2817 aliquod
2674 2747 2853 2802 simile
2883 2748 3210 2803 omiserunt.
3247 2750 3363 2816 Qua
3396 2766 3526 2823 ergo

1951 2838 2242 2894 oscitantia
2290 2853 2652 2894 amanuenses
2702 2839 2833 2893 illud
2884 2840 3110 2895 verbum
3161 2843 3525 2911 praetermise-

1952 2938 2109 2994 runt,
2155 2930 2344 2985 eadem
2409 2931 2574 2989 etiam
2637 2930 2782 2985 aliud
2852 2940 3149 3001 potuerunt
3209 2933 3519 2988 immutare.

1953 3022 2155 3079 Deinde
2176 3016 2307 3079 vero
2336 3023 2553 3079 etiamsi
2593 3021 2820 3078 Hermas
2849 3040 2981 3080 voce
3012 3026 3228 3080 creandi
3260 3041 3392 3082 usus
3428 3027 3519 3094 sit,

265 3136 358 3174 res
389 3119 609 3174 visibilis
651 3121 705 3175 in
736 3124 832 3176 hoc
877 3126 1070 3178 mundo
1112 3125 1263 3180 habet
1294 3136 1607 3196 potestatem
1646 3132 1840 3203 angeli-

1954 3131 2072 3170 eam
2114 3125 2292 3171 tamen
2325 3132 2433 3171 non
2462 3116 2721 3171 strictiori
2763 3117 3080 3186 acceptione
3108 3133 3206 3188 pro
3235 3127 3520 3183 creaturae,

263 3228 395 3266 eam
432 3211 534 3265 sibi
576 3216 936 3283 prepositam.
971 3216 1107 3273 Num
1152 3230 1332 3275 autem
1373 3222 1495 3279 ideo
1525 3225 1651 3295 quia
1687 3242 1851 3297 auge-

262 3302 387 3357 lum
419 3304 639 3360 nomine
668 3303 792 3375 Tyri
820 3309 1208 3377 appellaverit?
1235 3311 1292 3365 Si
1326 3329 1412 3368 res
1443 3314 1515 3369 ita
1548 3332 1607 3371 se
1632 3316 1847 3384 habeat,

263 3394 359 3448 vel
398 3405 637 3450 erratum
677 3397 844 3453 estin
882 3415 1106 3471 operum
1151 3398 1466 3475 Hieronymi
1492 3406 1845 3475 editionibus,

260 3485 357 3538 Vel
404 3486 521 3555 ipsc
560 3492 935 3560 manuscripto
967 3492 1152 3548 codice
1192 3503 1452 3564 corrupto
1484 3512 1616 3552 usus
1642 3507 1751 3554 est:
1787 3499 1845 3554 in

260 3576 397 3632 aliis
424 3578 692 3648 siquidem
722 3582 979 3639 omnibus
1007 3598 1072 3638 ac
1096 3584 1149 3639 in
1172 3585 1332 3640 editis
1365 3587 1592 3658 legimus
1618 3589 1840 3662 Ilegrin.

259 3668 575 3727 Cotelerius
618 3672 800 3743 itaque
835 3690 1026 3733 omnes
1066 3677 1232 3732 animi
1278 3694 1474 3735 nervos
1516 3681 1568 3735 in
1615 3698 1681 3738 eo
1711 3699 1844 3740 con-

262 3760 463 3829 tendit,
510 3772 571 3819 ut
614 3764 903 3836 investiget
944 3776 999 3822 et
1045 3780 1421 3838 perscrutatur
1471 3788 1570 3828 cur
1616 3777 1842 3847 angelus

262 3852 471 3925 Hegrin
514 3866 759 3911 vocetur.
804 3858 908 3913 Sed
945 3869 1232 3930 postquam
1273 3863 1365 3918 diu
1397 3865 1734 3936 multumque
1762 3869 1842 3923 la-

260 3946 503 4013 boravit,
534 3948 751 4003 tandem
792 3950 1023 4021 ingenue
1054 3954 1273 4019 fatetur,
1299 3954 1494 4026 absque
1534 3959 1839 4016 melioribus

260 4038 536 4093 codicibus
566 4040 653 4093 vix
680 4040 887 4112 aliquid
922 4044 1051 4098 certi
1087 4061 1239 4114 posse
1265 4047 1513 4116 proferri.
1559 4048 1837 4108 Ditissima

258 4135 399 4185 vero
450 4129 806 4185 illustrissimi
851 4130 1089 4188 Colberti
1146 4135 1469 4193 bibliotheca
1516 4156 1682 4196 unum
1727 4158 1835 4198 non

258 4230 495 4275 vetustae
525 4221 744 4291 quidem
778 4237 1006 4288 manus,
1033 4224 1233 4296 quippe
1265 4229 1357 4297 qui
1385 4229 1489 4284 300
1516 4247 1688 4288 annos
1726 4251 1836 4290 non

257 4318 516 4381 superet,
561 4310 925 4381 suppeditavit
984 4314 1139 4369 nobis
1193 4317 1470 4382 codicem,
1514 4321 1606 4391 qui
1651 4337 1834 4378 veram

256 4418 432 4474 quam
462 4400 763 4457 Cotelerius
792 4402 994 4459 frustra
1022 4406 1314 4475 quaesierat
1343 4408 1652 4478 lectionem,
1672 4414 1834 4468 unius

258 4493 516 4550 litterulae
536 4492 914 4549 immutatione
943 4496 1201 4551 exhibere
1226 4498 1456 4554 videtur.
1491 4499 1584 4557 Sic
1610 4504 1753 4557 enim
1778 4505 1832 4558 in

255 4601 329 4641 eo
382 4584 653 4655 legimus:
682 4584 829 4641 Misit
875 4585 1133 4642 Dominus
1191 4590 1432 4661 angelum
1473 4611 1627 4649 suum
1677 4612 1833 4667 super

257 4677 509 4744 bestiam,
538 4680 685 4749 cujus
714 4695 900 4734 nomen
928 4690 1006 4735 cst
1046 4681 1266 4755 Hegrin.
1297 4683 1433 4740 Hinc
1456 4689 1600 4741 enim
1626 4688 1826 4759 IIegrin

258 4784 375 4823 non
407 4769 603 4838 angeli,
641 4768 737 4824 sed
764 4770 949 4826 bestia
975 4788 1171 4828 nomen
1205 4790 1325 4830 esse
1349 4777 1676 4848 colligimus.
1720 4780 1832 4837 Cur

259 4868 448 4916 autem
488 4859 715 4918 Hermas
754 4863 900 4918 illam
942 4864 1014 4920 ita
1056 4869 1363 4932 vocaverit,
1410 4879 1556 4926 recte
1596 4870 1825 4929 forsitan

257 4952 545 5023 conjicies,
574 4954 621 5010 si
658 4958 904 5012 attendas
946 4972 1130 5013 vocem
1178 4958 1378 5030 Hegrin
1416 4961 1557 5017 idem
1598 4980 1721 5020 esse
1761 4982 1826 5022 ac

256 5044 449 5101 Graece
488 5045 698 5119 ἄγριος,
738 5049 791 5104 id
832 5058 914 5106 est
962 5050 1212 5119 immitis,
1255 5053 1428 5121 ferox,
1468 5058 1555 5111 vel
1606 5057 1739 5126 fera,
1772 5071 1827 5116 et

254 5139 462 5206 bestia;
500 5155 564 5195 ac
602 5143 880 5211 probabile
910 5144 1136 5214 proinde
1173 5145 1342 5201 videri
1391 5146 1643 5204 Hermam
1684 5152 1825 5209 allu-

256 5232 400 5287 sisse
446 5234 514 5288 ad
562 5234 675 5290 haec
721 5233 1022 5292 Psalmista:
1074 5238 1235 5293 verba
1276 5257 1289 5293 :
1333 5238 1635 5311 Singularis
1681 5245 1825 5314 ferus

255 5323 467 5399 (μονιδς
496 5329 706 5403 ἄγριος)
735 5329 979 5401 depastus
1009 5339 1086 5386 est
1116 5348 1234 5386 eam
1254 5333 1324 5401 τ’,
1356 5335 1565 5392 scilicet
1590 5337 1821 5393 vineam.

256 5416 353 5476 Ille
382 5420 586 5492 quippe
630 5421 829 5477 ibidem
875 5423 1018 5478 hanc
1064 5422 1293 5480 bestiam
1336 5442 1598 5484 pressura:
1636 5446 1825 5501 super-

1954 3218 2013 3263 ut
2042 3208 2338 3279 loquuntur
2364 3208 2696 3274 scholastici,
2728 3225 2793 3263 ex
2826 3209 2995 3263 nihilo
3025 3210 3401 3278 productione,
3425 3211 3518 3265 sed

1949 3302 2129 3356 latiori
2164 3310 2331 3372 atque
2365 3300 2576 3355 Latinis
2613 3301 2930 3356 auctoribus
2963 3301 3135 3373 magis
3173 3302 3392 3369 usitata,
3418 3318 3521 3374 pro

1947 3393 2180 3463 simplici
2224 3392 2579 3463 productione
2620 3400 2675 3447 et
2709 3392 3069 3459 institutione,
3110 3393 3180 3447 ab
3222 3394 3314 3448 illo
3352 3411 3515 3450 usur-

1946 3496 2125 3557 palam
2173 3485 2345 3541 fuisse
2384 3484 2674 3541 dicendum
2723 3496 2823 3540 est.
2871 3484 2982 3540 Nec
3024 3486 3118 3539 ulli
3171 3487 3273 3542 hoc
3317 3487 3514 3542 mirum

1943 3578 2113 3633 videri
2154 3577 2333 3644 debet,
2367 3593 2491 3634 cum
2538 3578 2728 3633 eodem
2775 3594 2940 3634 sensu
2980 3578 3307 3637 Ambrosius
3356 3580 3514 3635 dixe-

1946 3670 2014 3725 rit
2038 3670 2084 3703 ⁶⁰
2113 3689 2127 3726 :
2159 3670 2311 3736 Quod
2354 3680 2531 3726 autem
2559 3679 2608 3725 et
2642 3670 2847 3740 factum
2875 3679 2983 3736 est,
3015 3671 3155 3725 idem
3184 3682 3263 3726 est
3289 3682 3340 3726 et
3368 3688 3515 3727 crea-

1943 3774 2077 3818 tum.
2111 3763 2267 3830 Quod
2308 3778 2441 3819 sane
2470 3763 2657 3818 multis
2685 3763 2807 3818 aliis
2835 3763 3098 3832 exemplis
3145 3762 3303 3819 facile
3332 3774 3514 3834 posset

1942 3845 2183 3928 probari.

2416 3946 2813 4004 ARTICULUS
2853 3947 3019 4002 XXII.

1990 4043 2097 4110 Qui
2124 4042 2361 4097 doctores
2385 4051 2433 4096 et
2460 4042 2710 4112 prwsides
2743 4040 3158 4095 ministeriorum
3187 4039 3462 4094 dicantur.

2006 4136 2125 4191 Non
2153 4136 2381 4192 deerunt
2405 4134 2633 4189 fortasse
2660 4133 2861 4204 quibus
2883 4132 3157 4189 salebrosa
3183 4132 3511 4188 videbuntur

1937 4225 2006 4282 de
2049 4224 2223 4280 sacris
2259 4222 2513 4279 Ecclesia!
2548 4222 2814 4278 ministris
2860 4224 2975 4277 haec
3013 4224 3297 4294 scriptoris
3334 4225 3508 4279 nostri

1936 4317 2101 4373 verba
2128 4315 2171 4347 ⁸³
2204 4337 2214 4371 :
2242 4314 2511 4384 Episcopi,
2544 4324 2593 4367 et
2622 4313 2881 4381 doctores,
2905 4324 2954 4368 et
2981 4316 3280 4371 ministri...
3307 4318 3509 4386 episco-

1935 4419 2117 4479 patum
2144 4418 2433 4479 gesserunt,
2456 4407 2742 4460 docuerunt
2773 4418 2822 4460 et
2855 4408 3308 4462 ministraverunt.
3343 4407 3509 4466 Libro

1866 4484 1913 4543 Ῐ)
1941 4511 2121 4556 autem
2165 4502 2323 4556 tertio
2351 4501 2397 4532 ⁸¹
2426 4519 2439 4555 :
2469 4500 2622 4555 Tales
2658 4513 2777 4555 sunt
2803 4502 2894 4572 qui
2923 4502 3259 4556 crediderunt
3287 4505 3507 4573 quidam

1936 4592 2187 4661 episcopi,
2224 4591 2279 4645 id
2322 4604 2401 4646 est
2439 4592 2689 4661 praesides
2728 4592 3157 4651 Ecclesiarum...
3204 4595 3274 4649 Et
3319 4597 3507 4651 deinde

1936 4684 2028 4754 qui
2053 4684 2301 4753 praesides
2331 4695 2452 4737 sunt
2475 4684 2908 4753 ministeriorum,
2930 4688 3019 4756 qui
3047 4687 3225 4757 inopes
3246 4698 3295 4742 et
3322 4689 3505 4743 viduas

1934 4782 2295 4844 protexerunt,
2327 4784 2376 4828 et
2412 4782 2613 4827 castam
2647 4785 2892 4844 perpetuo
2929 4779 3373 4834 conversationem
3403 4780 3502 4834 Ita-

1934 4869 2177 4923 buerunt.
2208 4866 2312 4935 Qui
2345 4868 2488 4922 enim
2531 4866 2641 4923 sint
2674 4867 2750 4922 illi
2786 4868 3024 4923 doctores
3049 4880 3098 4923 et
3126 4872 3375 4940 prwsides
3403 4874 3505 4927 mi-

1931 4962 2292 5026 nisteriorum,
2321 4976 2429 5015 non
2457 4960 2631 5016 cuivis
2659 4961 2840 5016 statim
2864 4972 3132 5018 occurret.
3164 4962 3359 5019 Verum
3386 4965 3501 5020 haec

1934 5051 2179 5123 planiora
2214 5053 2365 5118 ﬁent,
2397 5052 2442 5107 si
2481 5051 2535 5106 id
2568 5053 2715 5122 quod
2745 5069 2775 5107 a
2808 5054 3025 5109 nemine
3052 5065 3280 5110 vocatur
3313 5055 3367 5109 in
3395 5056 3498 5110 du-

1930 5146 2105 5209 bium,
2130 5145 2469 5211 observetur,
2502 5144 2763 5201 diaconos
2792 5161 2820 5200 a
2846 5147 3051 5202 sanctis
3087 5146 3341 5202 Patrmus
3378 5149 3498 5203 solo

1929 5240 2307 5296 ministrorum
2336 5238 2557 5293 nomine
2582 5240 2786 5309 passim
2812 5239 3091 5309 appellari.
3132 5238 3269 5293 Hinc
3296 5242 3497 5312 quippe

1928 5332 2201 5405 colligitur
2236 5332 2495 5397 doctores,
2528 5332 2622 5402 qui
2649 5331 2936 5402 episcopos
2963 5332 3104 5387 inter
3130 5344 3182 5387 et
3213 5332 3495 5391 ministros

1929 5426 2093 5482 medii
2141 5424 2509 5487 collocantur,
2558 5438 2669 5478 nou
2723 5424 2861 5477 alios
2918 5422 3109 5492 procul
3155 5422 3323 5479 dubio
3372 5440 3495 5481 esse

327 5618 487 5675 "lib.
510 5636 527 5676 ι
552 5621 929 5704 Comment._in
954 5580 1160 5683 Habdc.
1234 5631 1278 5661 ⁷⁸
1298 5631 1487 5704 homil.
1512 5633 1573 5688 ιι
1613 5636 1664 5688 in
1695 5635 1913 5690 Numer.
1932 5650 2052 5704 cap.
2079 5647 2211 5687 ιιιιι
2236 5631 2417 5704 ;hom.
2442 5631 2582 5704 25in
2605 5629 2784 5704 Iosue,
2813 5644 2933 5704 cap.
2967 5645 3099 5704 svnt
3124 5629 3350 5704 illiilli“.
3374 5630 3407 5686 6
3428 5634 3493 5704 in

256 5684 453 5763 lerant.
482 5708 617 5763 cap.
654 5709 751 5747 xu.

846 5698 969 5770 "_|t
1002 5709 1162 5767 ραι-1.,
1200 5717 1254 5770 q.
1292 5702 1411 5761 120,
1445 5714 1551 5758 art.
1586 5706 1602 5758 l
1635 5707 1699 5760 :ttl
1729 5708 1779 5762 5.

1861 5709 1903 5738 '”
1920 5702 2065 5759 Psal.
2095 5718 2278 5765 unus,
2314 5702 2397 5756 M.

2495 5702 2539 5733 ⁷⁸
2577 5702 2968 5760 lib.m,visi0n.
3002 5702 3055 5756 3.
3134 5703 3177 5731 τ’
3200 5701 3294 5756 lib.
3340 5703 3487 5768 0011.,

259 5760 852 5825 vision.3.5”lib.tu
889 5760 1516 5845 Deﬁd.cap.'at,§s~z.
1594 5775 1632 5807 εί
1657 5760 1838 5843 nihil,
1872 5776 2036 5834 simil.
2087 5774 2137 5831 δ.
2216 5760 2374 5828 “lib.
2417 5772 2704 5839 m,simil.
2732 5773 2785 5828 9.
