4040 6322
612 285 732 344 δειι

2034 284 2095 339 S.
2134 284 2393 341 ΗΕΒΜᾸΞ

3719 292 3803 349 856

624 414 790 473 quam
818 397 1163 472 presbyteros
1186 414 1281 456 seu
1306 400 1634 458 sacerdotes.
1670 403 1781 460 Cur
1812 419 1945 459 vero.
1968 404 2193 474 presby-
2216 412 2266 466 Ἀ
2296 420 2407 457 nent
2430 445 2445 470 ,
2488 404 2650 458 salem
2698 410 2748 458 et
2792 417 2990 473 aquam
3036 402 3386 457 adhibendum
3438 402 3706 470 deﬁniunt?
3744 406 3805 461 lbi

626 491 728 546 terl
770 490 1025 547 doctores
1069 490 1454 553 nominentur,
1505 492 1550 547 si
1595 495 1893 560 rogaveris.
1939 495 2119 551 disces
2158 512 2190 550 a

629 584 887 656 Dionysio
908 583 1300 646 Alexandrino,
1339 583 1432 652 qui
1468 583 1656 639 eodem
1690 586 1847 655 plane
1870 602 1933 641 ac
1966 585 2193 642 Hermas

623 693 794 735 sensu
838 677 982 747 apud
1032 676 1325 732 Eusebium
1383 677 1521 731 dixit
1543 678 1625 732 ⁸³ε
1666 679 2011 747 Συγκαλέσας
2069 679 2197 742 τοὺς

624 766 1028 840 πρεσϐυτέρους
1058 767 1151 820 καὶ
1193 767 1541 832 διδασκάλους
1571 769 1678 824 τῶν
1729 770 1786 822 ἐν
1825 774 1947 834 ταῖς
1982 768 2195 841 κώμαις

625 858 888 930 ἀδελφῶντ
936 858 1248 915 Convocatis
1288 860 1603 930 presbyteris
1645 877 1708 914 ac
1749 862 2072 927 doctoribus,
2099 862 2190 932 qui

624 967 717 1020 per
740 949 973 1022 singulas
1008 967 1145 1005 vicos
1172 952 1427 1022 fratribus
1457 952 1839 1022 praedicabant.
1872 953 2012 1021 Quid
2041 954 2189 1008 enim

625 1041 771 1096 aliud
812 1044 927 1097 haec
956 1042 1116 1098 verba
1150 1053 1376 1109 sonant,
1412 1044 1515 1099 nisi
1559 1046 1902 1117 presbyteros
1940 1062 2036 1116 per
2074 1046 2193 1100 siu—

626 1132 782 1202 gulos
836 1133 1005 1199 vicos,
1038 1134 1090 1188 id
1139 1143 1220 1189 est
1270 1136 1514 1190 vicorum
1569 1137 1843 1205 parocltiis
1888 1136 2192 1206 praefuisse,

626 1234 786 1295 atque
814 1225 883 1279 ibi
916 1241 1039 1280 cum
1062 1225 1320 1283 fratribus
1349 1228 1724 1297 praedicarent,
1744 1229 1997 1284 doctores
2024 1228 2194 1284 fuisse

625 1318 943 1388 appellatos.
976 1316 1131 1385 Quod
1168 1319 1383 1389 quidem
1416 1319 1843 1391 Chrysostomus
1874 1321 2045 1375 multo
2079 1320 2192 1374 cla-

626 1411 744 1466 tius
786 1411 1114 1482 breviusque
1156 1413 1410 1470 edisserit
1454 1414 1499 1445 “
1539 1434 1552 1469 :
1596 1412 1737 1466 Nam
1793 1422 1842 1468 et
1880 1411 2194 1483 presbyteris

627 1503 898 1567 Ecclesiae,
935 1504 1130 1574 inquit,
1160 1523 1289 1559 cura
1333 1507 1589 1575 permissa
1620 1516 1697 1560 est
1738 1516 1787 1561 et
1831 1507 2191 1577 magisterium

627 1594 1001 1666 (διδασκαλία).
1034 1594 1188 1662 Quod
1225 1597 1290 1650 ad
1325 1596 1582 1666 praesides
1605 1597 2033 1653 ministeriorum
2068 1598 2195 1653 alti-

626 1697 738 1753 net,
766 1688 803 1743 ii
826 1689 1053 1745 forsitan
1086 1688 1379 1760 presbyteri
1401 1704 1619 1759 quoque
1640 1700 1815 1745 erant.
1844 1688 1919 1745 De
1945 1690 2194 1746 diaeonis

2296 506 2437 550 certe
2468 505 2697 565 utraque
2720 494 2929 566 jejuuia
2973 504 3027 549 et
3068 503 3276 564 quartae
3302 504 3572 564 sexusque
3604 493 3745 561 ierim,
3766 507 3807 552 et

2294 601 2389 640 sex
2418 586 2629 641 dierum
2666 584 2949 641 Paschalis
2978 585 3170 640 eadem
3209 586 3341 655 lege,
3376 595 3540 656 atque
3562 590 3807 655 apostolica

2294 678 2680 732 constitutione
2729 678 2939 732 sancita
2990 693 3113 732 esse
3156 678 3545 752 pronuntiavit.
3602 680 3806 734 Attamen

2295 768 2387 823 ubi
2425 769 2563 823 idem
2603 767 2938 839 Epiphanius
2963 780 3153 823 contra
3180 768 3473 836 Aerianos,
3493 769 3681 839 jejunis
3704 781 3810 825 stata

2294 858 2633 924 damnantes,
2666 858 2939 928 disputat,
2971 874 3094 913 cum
3130 860 3231 914 hoc
3262 868 3587 928 praeceptum
3624 862 3812 935 maxime

2280 965 2488 1021 aurgere
2527 950 2764 1016 deberet,
2802 950 2930 1005 illud
2976 950 3027 1004 in
3072 950 3245 1005 solam
3291 951 3724 1005 consuetudinem
3758 952 3812 1005 ita

2295 1041 2535 1096 refundit
2557 1044 2637 1097 ’σε
2664 1042 2830 1097 Porro
2877 1042 3059 1097 diebus
3113 1045 3242 1114 ipsis
3291 1042 3639 1099 Paschatis...
3676 1046 3811 1099 arido-

2295 1152 2414 1190 rum
2455 1135 2688 1191 ciborum
2721 1154 2840 1203 usu,
2870 1137 3131 1207 precibus,
3162 1137 3382 1208 vigiliis,
3408 1136 3688 1206 jejuniis...
3715 1142 3811 1191 cete.

2296 1226 2446 1281 brare
2482 1227 2727 1305 solemus.
2770 1227 2847 1282 Ex
2878 1245 2988 1299 quo
3028 1245 3132 1283 non
3174 1230 3415 1286 absurde
3447 1230 3664 1283 forsitan
3698 1232 3813 1285 colli-

2295 1338 2411 1393 gas,
2436 1321 2658 1375 verbum
2682 1321 3132 1392 παραγγέλλουσι,
3153 1323 3433 1390 deﬁniunt,
3459 1322 3599 1392 quod
3616 1324 3817 1392 superius

2296 1412 2568 1473 adhibuit,
2608 1428 2715 1465 non
2749 1412 2896 1466 aliud
2925 1413 3233 1483 signiﬁcare
3258 1430 3427 1485 quam
3460 1400 3732 1469 admonent
3757 1415 3816 1470 vel

2296 1504 2605 1572 hortantur,
2628 1520 2735 1559 non
2764 1514 2941 1559 autem
2966 1506 3307 1577 praecipiunt,
3328 1507 3548 1576 jubent,
3574 1510 3812 1575 imperant.

2297 1596 2355 1651 In
2409 1598 2572 1668 hujus
2634 1607 2815 1651 autem
2869 1599 3250 1669 explicationis
3304 1599 3698 1663 [irritamentum
3738 1614 3814 1652 non

2300 1692 2430 1746 illud
2466 1692 2648 1746 solum
2697 1694 2890 1747 adduci
2945 1701 3150 1763 potest,
3193 1692 3339 1763 quod
3396 1692 3640 1748 historici
3681 1693 3817 1748 varias

623 1782 825 1836 etenim
872 1780 1101 1838 Hermas
1148 1782 1311 1851 paulo
1341 1792 1466 1836 ante
1508 1782 1757 1836 dixerat:
1784 1782 2016 1836 Ministri
2060 1784 2196 1838 male
2229 1768 2272 1829 Β
2301 1782 2665 1840 Ecclesiarum
2701 1786 2768 1841 de
2808 1786 2958 1841 hisce
2990 1786 3210 1856 jejuniis
3246 1785 3419 1841 fuisse
3451 1786 3817 1840 consuetudines

623 1874 1073 1929 ministraveruut.
1106 1875 1188 1929 Ab
1218 1874 1285 1929 iis
1316 1883 1497 1928 autem
1528 1874 1675 1928 venit
1715 1873 1783 1927 ad
1826 1874 2192 1945 presbyteros,

624 1966 718 2035 qui
772 1981 895 2021 cum
945 1966 1191 2022 diaconis
1235 1982 1383 2036 supet
1401 1966 1541 2020 iores
1580 1974 1781 2030 essent,
1810 1980 1906 2020 eos
1944 1966 2192 2035 prwsides

626 2060 1043 2114 ministeriorum
1066 2060 1398 2130 nuncupavit
1426 2060 1491 2113 ⁸⁸.
1524 2057 1579 2112 Si
1604 2059 1728 2129 quis
1758 2068 1936 2113 tamen
1965 2069 2193 2114 conten-

625 2152 719 2207 dat
752 2153 969 2207 eosdem
1014 2152 1264 2223 praesides
1308 2152 1719 2205 ministeriorum
1759 2165 1867 2203 non
1910 2149 2046 2203 alios
2074 2163 2197 2204 esse

625 2257 790 2313 quant
821 2243 1104 2309 diaconos,
1136 2244 1261 2314 quia
1290 2252 1342 2296 et
1382 2242 1484 2313 ipsi
1521 2238 1756 2295 ministri
1796 2250 1971 2304 erant,
2009 2248 2063 2294 et
2092 2239 2195 2293 mi-

628 2335 867 2391 nisteriis
891 2336 1108 2407 inopum
1135 2346 1187 2391 et
1206 2335 1491 2391 viduarum
1518 2349 1748 2404 praeesse
1770 2332 2059 2396 debebant,
2087 2349 2195 2388 non

626 2430 853 2486 omnino
884 2430 1325 2501 repugnabimns.

1096 2538 1495 2596 AIlTlCULUS
1530 2538 1720 2594 XXIII.

1176 2634 1248 2688 De
1284 2634 1643 2704 xerophagiis.

697 2725 950 2793 Quaerent
990 2724 1084 2780 alii
1128 2740 1226 2780 cur
1262 2734 1447 2794 pastor
1483 2734 1593 2779 tam
1637 2739 1885 2780 severum
1926 2720 2193 2792 jejunium

626 2817 838 2874 Hermae
864 2818 1121 2873 indixerit
1147 2836 1159 2871 :
1187 2816 1296 2870 Illa
1330 2818 1432 2883 die,
1467 2817 1643 2887 inquit
1672 2818 1740 2883 ⁸⁸,
1763 2834 1867 2887 qua
1897 2814 2193 2885 jejunabis,

625 2913 758 2967 nihil
793 2913 1003 2966 omnino
1033 2911 1290 2982 gustabis.
1320 2911 1421 2964 nisi
1450 2926 1634 2980 panem
1670 2919 1718 2963 et
1745 2925 1960 2979 aquam.
1998 2906 2196 2961 Hiero-

625 3022 823 3078 nymus
864 3006 1082 3076 quidem
1126 3005 1167 3037 ³⁷
1213 3004 1344 3058 illud
1387 3004 1598 3058 caeteris
1652 3003 1911 3057 omnibus
1954 3000 2193 3056 fortissi-

2297 1882 2538 1937 narrent,
2570 1889 2759 1928 verum
2789 1875 2951 1929 etiam
2974 1874 3117 1946 quod
3154 1875 3343 1930 iisdem
3383 1875 3630 1940 testibus,
3659 1876 3815 1945 aliquid

2296 1961 2363 2017 de
2392 1964 2678 2019 severitate
2706 1965 2883 2035 ‘hujus
2908 1966 3104 2037 jejunil
3135 1965 3187 2020 in
3220 1966 3500 2036 aliquibus
3545 1968 3717 2021 saltem
3744 1966 3815 2021 Ec-

2295 2054 2476 2110 clesiis
2511 2058 2671 2126 paulo
2701 2068 2822 2127 post
2851 2059 3139 2113 remissum
3171 2059 3261 2114 sit.
3295 2057 3508 2113 Auctor
3536 2059 3671 2111 enim
3712 2042 3811 2107 Con-

2294 2151 2626 2213 stitutionum
2655 2152 3064 2221 apostolicarttm
3113 2150 3239 2218 pani
3260 2157 3313 2203 et
3335 2164 3498 2218 aquae
3528 2149 3603 2203 sal
3628 2158 3675 2200 et
3700 2146 3810 2198 olera

2297 2240 2583 2309 superaddi
2618 2239 2809 2296 lubens
2846 2240 3097 2295 concedit
3129 2259 3140 2295 :
3171 2238 3235 2294 In
3269 2240 3459 2294 diebus
3498 2255 3616 2309 ergo
3646 2235 3815 2289 Pascite

2290 2332 2533 2403 jejunare
2581 2334 2886 2401 incipientes
2916 2349 2947 2386 α
2976 2333 3111 2399 feria
3154 2332 3391 2385 secunda
3434 2347 3593 2400 usque
3638 2329 3698 2381 ad
3738 2325 3816 2379 Pa-

2298 2439 2538 2477 rasceven
2566 2434 2615 2477 et
2642 2423 2933 2479 Sabbatum
2950 2468 2964 2490 ,
2993 2441 3084 2491 per
3105 2441 3196 2477 sea:
3218 2425 3328 2478 dies
3349 2424 3468 2478 solo
3493 2432 3678 2477 utentes
3702 2435 3814 2495 pauc,

2297 2515 2429 2581 sale,
2458 2515 2684 2570 oleribus
2710 2526 2759 2571 et
2788 2534 2940 2587 aqum
2969 2526 3116 2586 potu.

2767 2627 3164 2684 AliTlCULUS
3200 2627 3394 2683 XXIV.

2439 2717 2515 2774 De
2554 2721 2879 2773 matrimonii
2914 2721 3121 2775 vinculo
3152 2737 3423 2791 nunquam
3466 2719 3711 2774 solvendo.

2371 2810 2447 2866 Ex
2495 2813 2747 2868 obscuris
2792 2810 3002 2867 lierma:
3047 2813 3182 2867 locis
3226 2813 3291 2866 ad
3339 2828 3408 2868 ea
3458 2811 3812 2882 progrediantur

2296 2920 2418 2975 quae
2441 2905 2561 2959 luce
2590 2905 2946 2975 claritateque
2977 2920 3076 2959 sua
3108 2904 3474 2975 quaestionem
3500 2904 3565 2957 de
3593 2916 3815 2972 nunquam

2298 2995 2554 3052 solvendo
2585 2997 2840 3051 connubii
2877 3013 3039 3061 nexu,
3069 3012 3232 3067 quam
3264 2994 3719 3057 obscurissimam,
3743 2995 3815 3047 im-

625 3116 775 3155 ntunt
810 3096 1078 3168 jejunium
1108 3112 1230 3151 esse
1262 3097 1559 3165 prolitetur.
1596 3093 1815 3149 Solebat
1852 3102 2031 3148 tanten
2066 3093 2193 3147 olim
2222 3109 2264 3167 ο
2297 3086 2701 3158 plicatissintam
2740 3096 2793 3140 et
2832 3085 3197 3141 dimcillimam
3243 3087 3383 3141 dixit
3431 3086 3741 3159 Augustinus
3767 3086 3816 3149 ’⁸ο

626 3212 657 3249 a
709 3192 1035 3248 Christianis
1096 3191 1287 3245 ultima
1342 3189 1785 3258 Quatlragesimze
1853 3187 2193 3242 hebdomada

627 3283 928 3339 observari.
964 3281 1071 3338 Nec
1112 3283 1309 3337 desunt
1348 3282 1439 3351 qui
1481 3281 1621 3335 hanc
1659 3280 2043 3350 xerophagiam
2077 3281 2197 3348 lege

628 3377 809 3447 aliqua
839 3375 1205 3445 przescriptam
1235 3382 1520 3439 censeant;
1556 3385 1609 3427 et
1636 3372 1689 3427 id
1713 3371 1935 3441 quidem
1964 3370 2196 3440 probare

624 3470 877 3524 nituntur
916 3482 983 3523 ex
1014 3465 1349 3521 Tcrtulliauo
1390 3464 1505 3534 qui,
1536 3462 1993 3518 Montanistarunt
2026 3462 2196 3515 haere-

628 3563 730 3618 sim
756 3562 1115 3631 amplexatus,
1133 3558 1505 3619 deCatholieis
1527 3557 1744 3613 dicebat
1768 3575 1780 3610 :
1808 3557 2049 3627 Arguunt
2079 3571 2193 3619 nos,

627 3654 766 3725 quod
802 3652 963 3708 etiam
1002 3651 1347 3721 xerophagias
1392 3649 1741 3714 observemus,
1772 3658 1876 3704 etc.
1908 3647 2014 3703 Sed
2052 3647 2192 3702 idem

630 3750 747 3821 ipse
821 3745 1187 3801 Tertulliauus
1254 3744 1461 3799 addidit
1508 3762 1521 3798 :
1568 3743 1801 3813 Denique
1867 3742 2191 3812 respondetis

630 3846 847 3913 (nempe
874 3839 1161 3909 Catholici)
1194 3840 1303 3892 hinc
1348 3853 1412 3892 es
1450 3836 1673 3891 arbitrio
1712 3836 2059 3901 observanda,
2090 3853 2194 3891 non

627 3949 695 3988 ea:
722 3932 959 4002 imperio.
990 3928 1147 3984 Nulla
1183 3929 1346 3999 igitur
1370 3929 1485 3999 lege
1507 3927 1773 3996 ejusmodi
1806 3927 2037 3997 jejunia,
2061 3935 2197 3981 teste

630 4023 985 4085 Tcrtulliauo,
1016 4021 1217 4076 indicta
1253 4029 1427 4083 erant,
1458 4019 1551 4075 sed
1577 4035 1644 4073 ex
1677 4019 1943 4089 cujusque
1967 4018 2197 4074 arbitrio

606 4117 1079 4172 'ohsen'ahantur.
1132 4112 1471 4183 Quapropter
1518 4111 1857 4181 Epiphanius
1895 4111 2082 4167 isthaec
2130 4111 2197 4165 ad

630 4209 1112 4272 consuetudinem,
1157 4222 1263 4260 non
1315 4205 1382 4259 ad
1431 4212 1756 4273 pratceptutn
1798 4204 1878 4257 sic
1918 4202 2192 4258 refert”:

632 4303 897 4357 Prwterea
941 4315 1032 4353 sea:
1075 4298 1195 4353 illos
1244 4297 1355 4351 dies
1400 4295 1878 4366 xerophagiis,hoc
1918 4304 1995 4348 est
2041 4296 2196 4349 arido

630 4393 790 4453 uictu,
811 4392 1037 4444 transire
1065 4389 1289 4459 populus
1321 4389 1488 4441 ontnis
1516 4387 1764 4450 assuevit,
1785 4387 1880 4439 hoc
1911 4394 1986 4439 est
2008 4402 2196 4455 panem

2299 3180 2576 3233 illustrare
2626 3188 2879 3249 possunt.
2928 3177 3091 3233 Docet
3136 3178 3281 3232 enim
3344 3179 3574 3243 Hermas
3617 3180 3718 3232 viro
3749 3174 3813 3246 qui

2298 3285 2522 3325 uxorem
2559 3284 2713 3324 suam
2760 3270 3061 3325 adulteram
3111 3271 3403 3339 dimiserit,
3434 3289 3498 3328 ea
3531 3274 3738 3335 vivente,
3762 3268 3817 3325 al-

2297 3370 2468 3417 teram
2514 3362 2711 3416 ducere
2755 3362 2809 3415 in
2855 3362 3267 3417 matrimonium
3320 3363 3405 3419 fas
3460 3381 3567 3420 non
3610 3356 3814 3419 ρεςεεεὶ

2295 3455 2663 3525 permanserit,
2691 3454 2865 3525 inquit
2898 3456 2963 3520 θ’,
2999 3456 3051 3508 in
3095 3457 3218 3508 vitio
3260 3473 3355 3509 suo
3392 3458 3598 3522 mulier,
3628 3456 3812 3508 dimittat

2298 3545 2448 3599 illam
2494 3546 2600 3610 vir,
2639 3556 2686 3599 et
2715 3560 2806 3614 per
2834 3562 2887 3599 se
2918 3557 3150 3600 maneat.
3198 3546 3351 3611 Quod
3378 3548 3428 3600 si
3459 3547 3700 3600 dimiserit
3732 3558 3813 3595 nnt-

2297 3635 2472 3690 lierem
2496 3653 2668 3701 suam,
2698 3646 2745 3689 et
2776 3636 2938 3689 aliam
2963 3637 3199 3703 duxerit,
3221 3648 3267 3690 et
3292 3638 3402 3706 ipse
3433 3640 3717 3697 moechatur.
3745 3633 3812 3686 llis

2298 3738 2479 3783 autem
2524 3727 2731 3783 Ilertnte
2768 3729 2946 3783 verbis
2990 3728 3211 3799 quidam
3257 3729 3600 3796 refelluntur,
3630 3726 3811 3782 maxime

2296 3837 2425 3877 vero
2469 3819 2830 3886 Chemnitius,
2876 3820 2967 3890 qui
3020 3822 3281 3875 audacter
3321 3826 3521 3878 asserit
3542 3823 3585 3854 ³³
3613 3818 3813 3891 quastio-

2298 3929 2421 3967 nem
2454 3911 2594 3966 hanc
2625 3922 2747 3982 post
2777 3912 3066 3983 Augustini
3097 3922 3341 3983 tempora
3373 3913 3638 3967 horridius
3672 3910 3810 3977 dispu-

2300 4006 2423 4059 tari.
2473 4003 2660 4059 Patres
2720 4019 2848 4058 vero
2915 4005 3104 4058 eodem
3161 4004 3469 4075 Augustino
3538 4002 3812 4071 antiquiores

2298 4112 2401 4148 non
2442 4094 2605 4160 adeo,
2641 4094 2848 4165 inquit,
2885 4096 3097 4165 fuerunt
3148 4096 3343 4165 asperi,
3387 4095 3536 4163 duri,
3572 4091 3746 4147 horridi
3776 4099 3809 4141 et

2296 4188 2570 4251 immanes,
2590 4195 2648 4239 ut
2676 4186 2892 4256 conjugi
2924 4186 3197 4240 innocenti
3225 4188 3459 4241 alterum
3494 4183 3694 4239 ineundi
3713 4194 3809 4238 con.-

2298 4280 2526 4335 nubium
2562 4281 2873 4353 facultatem
2913 4281 3266 4351 negaverint;
3304 4280 3395 4334 sed
3429 4282 3713 4343 docuerunt,
3741 4274 3809 4329 ait.

2298 4374 2510 4437 rectius,
2538 4374 2900 4442 praestantius,
2930 4383 2979 4427 et
3023 4373 3304 4444 perfectius
3343 4389 3475 4439 esse,
3499 4374 3544 4428 si
3575 4372 3711 4426 etiam
3742 4364 3807 4418 ille

632 4452 897 4535 duntaxat
927 4497 1046 4535 cum
1065 4452 1209 4551 aqua
1244 4480 1338 4533 sub
1382 4493 1647 4547 vesperam
1687 4477 1953 4531 adhibere.
1993 4452 2050 4531 Si
2082 4476 2193 4547 lege

2299 4466 2389 4536 qui
2430 4465 2494 4518 ab
2535 4464 2780 4519 adultera
2822 4477 3096 4534 separatus
3128 4476 3227 4533 est,
3258 4465 3335 4519 t-el
3371 4474 3577 4520 maneat
3607 4464 3703 4516 sine
3725 4474 3810 4511 cou-

631 4576 755 4629 data
796 4574 1137 4644 xerophagiae
1180 4573 1487 4627 constitutte
1525 4570 1774 4634 fuissent,
1806 4571 1873 4625 de
1905 4570 1972 4625 iis
2005 4569 2197 4624 eodem

630 4681 697 4720 ac
734 4664 803 4719 de
849 4673 1057 4734 quarta:
1094 4673 1148 4719 et
1188 4673 1354 4718 sextae
1403 4662 1550 4718 ferite
1586 4662 1798 4732 jejunio
1836 4662 2191 4732 scripsisset:

632 4755 768 4812 Item
797 4766 990 4828 quarta
1020 4765 1068 4810 et
1102 4766 1250 4810 sexta
1282 4756 1417 4829 feria
1432 4756 1695 4825 jejunium
1724 4755 1792 4809 ad
1819 4754 2003 4807 harant
2032 4771 2194 4825 usque

520 4840 521 4845 “
612 4865 823 4904 nonum
865 4847 1188 4902 indictum...
1232 4846 1357 4901 Ideo
1397 4865 1487 4917 per
1527 4849 1650 4902 illos
1701 4848 1812 4901 dies
1842 4846 2199 4917 jejunandum

629 4959 740 4997 esse
779 4942 1114 4995 decreverant
1166 4940 1410 5010 apostoli.
1454 4940 1544 5005 At,
1572 4941 1804 5010 inquies,
1840 4941 2009 5011 legem
2053 4941 2194 4994 hanc

631 5037 722 5093 ille
764 5034 892 5092 alibi
929 5046 1321 5089 commemorat
1343 5035 1387 5066 ”
1414 5050 1430 5087 :
1458 5033 1596 5097 Quid
1640 5033 1709 5099 si,
1735 5033 1934 5099 aiebat,
1959 5049 2023 5088 ex
2062 5049 2192 5103 apo-

629 5131 887 5185 stolarum
935 5127 1308 5181 constitutione
1364 5124 1639 5191 repetenda
1696 5125 1843 5179 nobis
1898 5126 2193 5179 auctoritas

627 5232 741 5288 est;
771 5238 867 5277 cur
909 5220 1017 5275 illis
1056 5230 1261 5291 quarta:
1301 5229 1562 5285 sextreque
1591 5217 1738 5285 feria:
1776 5215 2041 5284 jejunium
2076 5233 2195 5284 per-

629 5326 787 5388 petua
832 5314 939 5386 lege
985 5313 1255 5377 sancitur,
1290 5318 1507 5379 excepta
1557 5308 1896 5362 Pentecoste?
1940 5307 2052 5362 Cur
2100 5323 2193 5361 sea:

632 5405 910 5461 Paschalis
945 5406 1127 5459 diebus
1170 5403 1301 5457 nihil
1339 5401 1548 5456 omnino
1578 5401 1646 5453 ad
1675 5400 1847 5454 cibum
1880 5408 2072 5468 prater
2098 5415 2193 5468 pa-

716 5522 1003 5587 “Euseb,
1057 5523 1260 5576 Hister.
1310 5525 1403 5579 lib.
1448 5540 1545 5588 vn,
1578 5539 1696 5594 cap.
1733 5522 1825 5576 ει.
1906 5521 2158 5594 “ltomil.
2209 5520 2264 5574 in
2287 5518 2485 5594 _Epist._
2505 5514 2624 5594 [qu
2662 5487 2889 5594 Timoth.

1782 5594 1826 5625 ⁸⁸
1855 5594 1907 5648 in
1964 5591 2205 5656 Exposit.
2265 5580 2408 5660 ﬁdei,
2461 5587 2489 5661 §
2524 5586 2736 5661 εἰη-⁸⁸
2773 5587 2962 5661 haeres.
2986 5580 3093 5648 '75,
3151 5584 3255 5661 ξιξ.
3288 5660 3293 5661 7
3331 5581 3583 5661 flueres:

704 5594 802 5666 lib.
862 5611 942 5666 m_,
993 5594 1157 5666 simil.
1197 5596 1251 5650 5.
1326 5597 1370 5628 ⁸⁷
1411 5596 1584 5666 Epist,
1646 5592 1711 5650 ’2,

2290 4557 2465 4627 jugio,
2495 4556 2572 4610 vel
2608 4557 2998 4610 reconciliatam
3029 4573 3246 4611 uxorem
3278 4574 3461 4613 rursus
3493 4555 3704 4625 recipiat.
3728 4545 3803 4601 Sed

2301 4664 2466 4719 quant
2496 4647 2669 4701 falsus
2709 4649 2777 4703 sit
2802 4646 3166 4719 Chcmnitius,
3195 4665 3261 4704 ex
3292 4660 3479 4703 nostro
3506 4642 3805 4719 perspicimus

2300 4718 2520 4806 llerma,
2550 4740 2666 4811 qui,
2693 4740 2795 4795 etsi
2824 4718 3129 4811 Augusiino
3160 4742 3317 4813 longe
3346 4718 3633 4811 antiquior,
3656 4732 3799 4789 eodem

2307 4843 2486 4889 tamen
2536 4850 2602 4888 ac
2644 4834 2735 4887 ille
2774 4834 2936 4888 modo
2978 4834 3248 4904 ejusmodi
3298 4834 3552 4905 conjugia
3595 4821 3801 4885 adulteria

2301 4944 2424 4984 esse
2470 4927 2730 4983 deﬁnivit.
2788 4926 2931 4981 Idem
2975 4926 3348 4998 Athenagoras
3384 4934 3439 4980 et
3477 4922 3725 4982 Justinus,
3759 4920 3800 4969 υι

2302 5020 2420 5076 suis
2462 5020 2598 5075 locis
2631 5018 2952 5084 videbimus,
2985 5035 3083 5074 nec
3124 5036 3232 5074 non
3262 5028 3315 5073 et
3343 5017 3587 5072 Clemens
3617 5013 3801 5066 Alexan-

2284 5114 2494 5188 drinus
2534 5112 2580 5143 ’⁸
2620 5121 2957 5167 asseverant.
3020 5110 3263 5182 Denique
3310 5110 3361 5164 id
3405 5110 3721 5165 conﬁrmatur
3746 5110 3794 5151 ex

2303 5209 2535 5281 Origene
2570 5208 2710 5278 ipso,
2738 5218 2901 5277 atque
2943 5205 3289 5276 Hieronymo,
3323 5221 3463 5275 quos
3493 5206 3542 5259 in
3580 5190 3793 5269 opinionis

2298 5319 2411 5361 sua:
2432 5300 2896 5356 continuationem
2926 5298 3266 5354 Cltemnitius
3291 5300 3536 5369 protulit.

2368 5393 2566 5463 Ohjicit
2592 5393 2737 5448 enim
2769 5392 2883 5448 haec
2908 5390 3152 5462 Origenis
3181 5392 3339 5445 verba
3365 5390 3411 5424 "
3432 5410 3444 5446 :
3464 5390 3575 5446 Scio
3595 5378 3788 5453 quosdam

2993 5513 3037 5545 ηδ
3070 5513 3164 5568 lib.
3224 5527 3307 5575 ιιι,
3337 5509 3499 5565 simil.
3530 5507 3586 5569 5,
3614 5487 3783 5575 epse}

3653 5556 3781 5625 5.57%

632 5662 676 5695 ἰ
700 5645 800 5719 ns;
845 5645 976 5738 ίξῦε
994 5645 1249 5738 sane;
1269 5645 1588 5738 εωῄιιῖιῖῖὲξ
1622 5645 1714 5738 ἳέζ
1744 5665 1771 5737 §
1800 5645 1979 5738 sign
2006 5645 2097 5717 lib.
2130 5679 2186 5738 u_

2295 5645 2506 5738 racia};
2534 5656 2715 5738 c_._57..
2782 5656 2826 5689 ⁹²
2851 5654 2943 5710 lib.
2974 5670 3037 5723 ll,
3080 5645 3318 5711 mandat.
3345 5652 3397 5707 4.
3475 5650 3519 5682 ’³
3564 5645 3762 5699 inculto“

635 5749 729 5801 vn,
754 5734 993 5795 scssion.
1024 5735 1114 5799 24,
1151 5750 1303 5793 conc.
1333 5727 1577 5795 Trideat.
1598 5804 1619 5816 α
1655 5727 1810 5793 "lib.
1838 5727 2093 5793 uStrom.
2169 5732 2390 5788 “tract.
2421 5730 2450 5785 7
2471 5731 2523 5783 in
2558 5727 2745 5781 Matth.
