4040 6322
284 324 393 382 857

1548 280 1855 368 rssron‘.
1894 294 1975 350 -Τ
2001 303 2353 365 parum”.

3425 297 3532 365 ιςῑε

286 442 382 513 qui
415 447 649 503 present
698 435 971 501 Eeclesiis,
1017 442 1169 488 extra
1195 429 1525 501 Scripturam
1569 425 1873 497 permisisse
1898 428 1939 485 Α
1970 421 2229 493 phaniutn
2261 418 2371 473 illic
2394 416 2462 471 de
2482 414 2684 485 nuptiis
2713 423 2836 484 post
2870 412 3115 499 conjugis
3144 420 3371 467 mortem
3396 426 3496 463 t'tm

285 536 342 585 al
352 536 523 601 iquam
550 529 761 589 nubere.
782 526 953 595 priori
976 525 1085 579 viro
1108 523 1326 579 vivente.
1360 520 1430 574 At
1466 520 1696 589 ipsemet
1726 530 1860 571 con-

287 624 469 677 festim
518 621 743 676 subdit:
771 617 837 672 Et
882 627 1065 671 contra
1104 613 1432 685 Scripturam
1483 608 1693 681 quidem
1734 606 1863 677 fece-

288 723 435 778 runt,
466 714 761 766 dicentem:
790 741 809 763 .
836 708 1029 763 Mulier
1062 706 1229 778 ligata
1257 715 1357 765 est.
1382 723 1401 755 ι
1435 711 1542 758 etc.
1567 698 1685 755 Non
1717 698 1859 754 dilIi-

287 816 468 861 tetnur
518 805 735 876 quidem
794 803 917 857 illos
955 802 1139 871 aliqua
1178 816 1247 854 ex
1287 807 1438 869 parte
1482 794 1739 852 excusari
1790 792 1859 847 ab

285 886 693 968 Origetie,‘qui
743 895 1032 965 subjunxit
1074 892 1412 947 continenter
1461 907 1474 943 :
1518 886 1642 943 Non
1686 897 1865 940 tamen

284 993 502 1045 omnino
530 991 642 1044 sine
677 1005 839 1042 causa
876 988 986 1042 haec
1026 986 1408 1055 permiserunt;
1455 981 1683 1051 forsitan
1721 979 1861 1032 enim

282 1091 500 1149 propter
537 1079 839 1149 hujusmodi
886 1077 1251 1147 inﬁmitatem
1286 1072 1727 1129 incontinentiam
1767 1071 1862 1123 Ito-

283 1172 524 1231 minum.
575 1169 813 1239 pejorum
871 1167 1292 1238 comparatione,
1334 1181 1451 1235 qua:
1504 1161 1648 1217 mala
1704 1170 1858 1228 sunt,

283 1264 631 1333 permiserunt
665 1262 912 1315 adversus
942 1277 1025 1326 ea,
1057 1275 1172 1330 qua:
1203 1258 1266 1311 ab
1292 1259 1446 1312 initio
1478 1258 1691 1327 fuerunt
1718 1255 1856 1310 scri-

283 1364 399 1418 pta.
459 1354 554 1409 Vir
606 1364 785 1409 autem
831 1354 919 1408 ille
958 1352 1311 1407 doctissimus
1341 1366 1371 1404 a
1402 1351 1562 1419 culpa
1610 1364 1740 1413 eos,
1781 1346 1857 1400 uti

282 1448 462 1513 vides,
498 1464 603 1502 non
654 1447 864 1501 liberat.
906 1445 976 1499 At
1027 1445 1082 1498 in
1131 1434 1461 1513 eotantum
1513 1438 1859 1495 excusandus

282 1557 411 1596 esse
448 1551 652 1604 censet,
687 1539 832 1609 quod
868 1538 1049 1592 minus
1082 1536 1308 1599 malum,
1342 1544 1401 1590 ut
1442 1533 1621 1602 maius
1657 1532 1861 1587 devita-

282 1638 472 1698 retur,
512 1632 893 1701 permiserunt.
950 1628 1101 1684 Hanc
1155 1638 1335 1683 tamen
1388 1617 1856 1697 permissionem,
1908 1627 1913 1631 ’

281 1725 639 1795 quantumvis
671 1724 817 1794 justa
863 1723 1147 1787 videatur,
1192 1718 1508 1776 auctoritati
1559 1717 1871 1787 Scripturae

281 1829 460 1869 sacra:
489 1829 787 1883 repugnare
816 1814 1040 1879 asserit;
1074 1812 1407 1883 proindeque
1432 1810 1703 1879 ejusmodi
1732 1824 1860 1863 eon-

281 1908 455 1961 nubia
482 1906 548 1960 ab
568 1907 753 1960 eadem
787 1906 1065 1976 Scriptura
1097 1904 1360 1975 proscribi
1387 1912 1441 1958 et
1467 1901 1716 1956 damnari
1750 1917 1856 1955 non

281 1998 521 2053 obscure
548 1997 841 2068 signiﬁcat.
1166 2018 1170 2022 ·
1330 1994 1331 1997 “
1600 1980 1601 1983 “

359 2089 720 2181 Hieronymus
756 2127 904 2177 vero,
938 2125 1096 2182 quem
1126 2108 1291 2164 etiam
1324 2107 1668 2165 Cliemnitius
1695 2108 1856 2164 nobis

277 2202 497 2272 objicit,
520 2202 622 2272 ipsi
654 2202 833 2257 adhuc
861 2204 1139 2272 multoque
1166 2200 1380 2271 planius
1409 2216 1573 2270 quam
1596 2197 1859 2270 Origenes

279 2294 630 2349 adversatur.
667 2291 763 2348 Ubi
796 2295 993 2365 quippe
1041 2293 1104 2348 ad
1151 2290 1424 2348 Oceanum
1454 2290 1640 2347 scribit
1664 2291 1711 2323 ’°
1760 2289 1860 2344 Fa-

281 2387 492 2442 biolam
541 2387 684 2453 ideo,
734 2386 913 2457 priore
960 2388 1076 2439 viro
1122 2400 1223 2441 suo
1267 2384 1499 2443 vivente.
1547 2381 1701 2436 alteri
1752 2396 1858 2436 nu-

279 2480 487 2552 psisse,
520 2480 645 2549 quia
679 2486 1011 2548 persuaserat
1040 2478 1161 2540 sibi,
1190 2485 1237 2529 et
1281 2474 1501 2547 putabat
1542 2477 1709 2528 virum
1740 2492 1771 2528 a
1805 2490 1860 2528 se

282 2571 409 2626 iure
439 2572 740 2636 dimissum,
780 2571 1044 2624 continuo
1074 2568 1355 2637 subjungit
1382 2586 1395 2620 :
1428 2564 1538 2620 Nec
1585 2566 1860 2638 Evangelii

282 2664 513 2733 rigorem
549 2669 781 2722 noverat,
820 2661 875 2713 in
911 2674 1011 2728 quo
1041 2656 1267 2711 nubendi
1309 2655 1552 2709 universa
1594 2654 1856 2719 causatio,

281 2751 575 2806 viventibus
622 2751 770 2817 viris,
810 2750 1018 2818 feminis
1064 2758 1392 2817 amputatur.
1430 2745 1625 2801 Narrat
1666 2746 1860 2801 deinde

281 2844 563 2916 quomodo
588 2841 808 2896 Fabiola
843 2841 1113 2912 publicam
1149 2838 1380 2909 hujusce
1415 2837 1637 2893 secundi
1670 2836 1861 2907 conju-

282 2937 389 3008 gii,
420 2952 526 2989 non
560 2950 719 2989 secus
750 2949 811 2987 ac
842 2934 885 2988 si
912 2932 1236 2987 adulterium
1264 2929 1652 2993 commisisset,
1684 2929 1860 2999 pmni—

286 3025 520 3079 t'entiatn
554 3024 747 3094 egerit.
786 3021 903 3075 Non
938 3021 1113 3077 solum
1158 3030 1337 3075 autem
1386 3019 1458 3073 ibi
1501 3018 1861 3089 Hieronymus

1967 512 2248 567 trahendis
2283 511 2592 581 disputare;
2624 509 2705 564 vel
2735 508 2869 562 nihil
2898 506 3031 562 certi
3063 522 3129 560 ex
3158 505 3327 576 ipsius
3356 512 3528 565 textu,

1961 605 2134 660 donec
2169 606 2509 670 emendetur,
2538 619 2699 674 posse
2724 600 2955 656 deliniri.

2033 697 2251 753 Certum
2280 708 2363 752 est
2390 698 2552 767 igitur
2589 698 2729 752 hanc
2759 695 2929 749 fuisse
2957 692 3179 749 Patrum
3207 691 3367 747 etiam
3403 698 3529 745 ante

1961 791 2249 860 Augustini
2287 799 2499 845 (etatem
2528 788 2873 850 sententiam,
2899 786 3212 855 conjugium
3246 783 3388 838 nulla
3425 797 3530 837 tuo

1960 902 2125 957 quam
2148 886 2214 941 de
2240 900 2406 941 causa
2435 900 2465 941 a
2491 898 2765 952 quoquam
2799 880 2935 935 solvi
2959 894 3136 948 posse.
3165 877 3217 932 Si
3247 877 3374 946 quid
3399 888 3529 933 vero

1961 988 2146 1034 contra
2184 978 2267 1031 vel
2291 978 2552 1046 scriptum
2587 975 2669 1029 vel
2699 973 2899 1028 factum
2930 971 3255 1042 proferatur.
3286 969 3414 1024 illud
3446 967 3531 1023 vel

1960 1073 2190 1126 minoris
2228 1068 2459 1139 alicujus
2497 1067 2644 1126 mali.
2682 1082 2793 1135 quo
2824 1064 2971 1119 aliud
3017 1062 3195 1132 majus
3244 1070 3525 1131 peccatum

1961 1165 2277 1226 evitaretur,
2309 1161 2593 1217 tolerantia
2631 1158 2754 1221 fuit,
2794 1158 2875 1210 vel
2905 1165 3049 1211 certe
3075 1156 3283 1209 abusus
3309 1151 3526 1220 aliquis,

1961 1273 1991 1311 a
2020 1256 2230 1312 czeteris
2260 1253 2516 1308 omnibus
2543 1252 2904 1320 improbatus.

2030 1369 2370 1439 Quapropter
2399 1372 2698 1438 provocant
2727 1378 2826 1417 nos
2859 1360 3157 1415 adversarii
3190 1358 3256 1412 ad
3286 1357 3527 1412 divinam

1959 1462 2195 1517 Matthxi
2242 1460 2645 1524 auctoritatem,
2669 1456 2760 1526 qui
2792 1453 3063 1524 expressis
3098 1452 3276 1507 verbis
3305 1451 3526 1506 statuit;

1963 1555 2145 1610 Omnis
2175 1554 2265 1617 qui
2304 1552 2564 1605 dimiserit
2623 1564 2838 1602 umorem
2878 1562 3063 1610 suam,
3092 1553 3307 1611 excepta
3363 1541 3533 1611 forni-

1960 1647 2181 1702 cationis
2228 1662 2409 1709 causa,
2468 1643 2608 1714 facit.
2658 1657 2773 1696 eam
2833 1639 3114 1701 innec/tari;
3148 1645 3200 1690 et
3242 1654 3256 1690 :
3304 1634 3532 1688 Moechu-

1961 1751 2082 1803 tur;
2106 1748 2155 1794 et
2178 1739 2267 1809 qui
2297 1738 2573 1792 dimissam
2601 1735 2838 1795 duxerit,
2862 1730 3128 1784 adulterat
3157 1731 3224 1781 ’9.
3261 1728 3319 1781 Si
3345 1733 3527 1779 autem

1938 1818 2162 1888 dixeris
2206 1847 2305 1887 nec
2350 1829 2589 1883 Marcum
2622 1824 2713 1891 ¹⁰⁰,
2752 1839 2851 1878 nec
2905 1821 3107 1875 Lucam
3150 1821 3190 1883 ί,
3244 1833 3343 1871 nec
3390 1814 3533 1882 Paq-

1960 1926 2070 1979 lum
2108 1926 2150 1989 ³,
2182 1924 2273 1994 qui
2309 1922 2376 1976 de
2399 1922 2502 1975 hac
2524 1919 2711 1973 uxoris
2732 1916 3051 1971 dimissione
3082 1913 3399 1981 loquuntur,
3432 1908 3532 1961 hn-

1955 2021 2047 2090 jus
2082 2016 2422 2086 exceptionis
2454 2014 2603 2069 ullihi
2648 2011 2845 2067 fecisse
2886 2007 3239 2067 mentionem,
3272 2004 3532 2071 illamque

1959 2113 2097 2168 tanti
2142 2126 2265 2167 esse
2306 2106 2589 2169 momenti,
2622 2118 2682 2159 ut
2719 2104 2763 2158 si
2792 2102 3010 2172 quando
3040 2117 3071 2154 a
3108 2097 3324 2153 Christo
3357 2096 3532 2165 posita

1957 2214 2121 2269 esset,
2148 2204 2216 2259 ab
2245 2204 2311 2258 iis
2340 2214 2617 2269 nunquam
2661 2197 2854 2250 fuisset
2893 2192 3289 2262 praetermissa;
3328 2188 3461 2242 illud
3495 2187 3529 2239 ii

1960 2298 2105 2352 illico
2150 2301 2431 2364 reponent,
2474 2291 2578 2345 nisi
2622 2306 2651 2348 a
2684 2288 2904 2343 Christo
2945 2291 3093 2339 esset
3141 2280 3345 2345 addita,
3390 2293 3533 2364 nun-

1959 2404 2125 2458 quam
2169 2362 2314 2441 illam
2373 2381 2657 2437 Matthaeus
2712 2392 2820 2435 tam
2875 2391 3133 2445 expresse
3189 2362 3522 2427 tradidisset.

1961 2472 2161 2555 Verum
2221 2476 2483 2549 quidquid
2532 2474 2598 2528 de
2650 2487 2809 2528 sacro
2855 2485 3044 2524 eorum
3094 2475 3241 2521 textu
3292 2464 3530 2533 dicatur,

1960 2582 2165 2627 certum
2213 2576 2298 2625 est
2342 2567 2546 2621 nullam
2596 2563 2717 2617 illos
2763 2562 2903 2615 inter
2956 2557 3170 2612 divinos
3219 2556 3517 2624 scriptores

1958 2682 2081 2723 esse
2125 2676 2387 2735 pugnam,
2422 2658 2739 2727 nullumque
2775 2668 3005 2722 prorsus
3043 2648 3351 2705 dissidium.
3387 2647 3525 2701 Cum

1959 2774 2089 2830 ergo
2117 2771 2257 2811 unus
2289 2752 2534 2809 omnium
2568 2751 2639 2804 sit
2667 2761 2990 2810 consensus,
3015 2743 3096 2798 sic
3122 2756 3217 2795 eos
3248 2739 3530 2794 conciliari

1962 2865 2124 2922 posse
2168 2855 2444 2919 putamus,
2479 2850 2536 2896 ut
2577 2840 2693 2894 haec
2733 2834 2979 2906 exceptio
3022 2832 3282 2895 Matth-mi,
3312 2841 3527 2899 excepta

1963 2939 2331 3013 fornicationis
2372 2951 2556 3000 causa,
2598 2948 2704 2986 non
2753 2929 2818 2984 ad
2859 2926 3081 2981 verbum
3122 2922 3409 2987 dimiserit,
3438 2922 3532 2977 sed

1962 3036 2030 3090 ad
2074 3034 2236 3089 uliam
2281 3029 2515 3093 duxerit,
2547 3023 2829 3080 referenda
2876 3020 2966 3075 sit.
3026 3017 3369 3101 Quapropter
3425 3029 3537 3067 non

284 3118 394 3173 has
421 3115 637 3186 ""Pllas
660 3132 689 3169 3
715 3114 997 3185 scril’lura
1022 3130 1175 3167 530m
1212 3112 1513 3182 Nouimus
1538 3126 1659 3165 esse
1684 3111 1862 3175 δοεθίν
1893 3113 1935 3169 C
1968 3124 2110 3178 alius
2155 3121 2259 3177 erit
2306 3117 2597 3173 verborum
2658 3110 2891 3166 Matthzei
2946 3124 3163 3170 sensus,
3206 3122 3368 3175 quam
3418 3104 3539 3157 viro

283 3209 386 3264 sed
419 3208 469 3261 in
495 3213 609 3263 suis
636 3208 797 3261 etiam
826 3206 891 3261 ad
918 3190 1153 3260 Matthiei
1182 3202 1532 3273 Evangelium
1564 3200 1856 3260 Commen-

288 3301 452 3356 tariis
481 3301 524 3333 ⁸⁷
558 3301 610 3355 id
646 3301 821 3371 palam
854 3309 1145 3370 aperteque
1175 3296 1514 3367 pronuntiat.

363 3430 535 3500 llajor
587 3446 742 3493 sane,
773 3446 841 3484 ne
876 3428 1005 3499 quid
1049 3427 1484 3500 dissimulemus,
1516 3427 1692 3481 oritur
1728 3426 1864 3481 ditii-

285 3522 473 3578 cultas
509 3538 572 3576 ex
616 3522 701 3576 his
739 3519 1026 3590 Epiphanii
1073 3517 1255 3573 verbis
1281 3519 1326 3550 ’⁸
1358 3536 1371 3571 :
1400 3516 1504 3571 Sed
1542 3519 1625 3571 cui
1657 3528 1869 3571 mortua

286 3633 399 3670 una
430 3631 533 3668 non
558 3614 765 3683 sufficit,
791 3629 932 3675 cum,
958 3612 1228 3666 occasione
1254 3610 1434 3680 aliqua
1460 3612 1632 3678 stupri
1661 3610 1872 3664 adulte-

290 3710 465 3779 riique
494 3715 587 3761 aut
625 3705 846 3759 alterius
889 3704 1086 3774 ﬂagitii
1115 3702 1170 3774 (ἢ
1205 3704 1380 3774 κακῆς
1412 3703 1637 3772 αἰτίας),
1662 3719 1784 3756 cum
1806 3720 1869 3758 ea

288 3801 583 3856 divortium
620 3798 830 3868 fecerit,
867 3797 913 3849 is
943 3797 991 3849 si
1020 3794 1244 3849 alteram
1275 3810 1492 3848 uxorem
1515 3794 1748 3860 duxerit,
1776 3804 1869 3849 aut

289 3892 455 3950 alteri
480 3893 592 3947 viro
618 3889 809 3944 mulier
844 3890 1105 3958 nupserit,
1135 3903 1411 3942 sacrarum
1443 3885 1743 3944 litterarum
1774 3904 1872 3941 ακρ-

287 3985 516 4041 ctoritas
540 3984 603 4038 ab
628 3983 771 4037 omni
802 3980 957 4050 culpa
979 3981 1100 4035 illos
1127 3980 1392 4045 absolvit;
1428 3997 1588 4050 neque
1609 3980 1672 4034 ab
1699 3979 1874 4034 Eccle-

290 4079 378 4134 sia
400 4088 494 4130 aut
526 4086 723 4131 (eterna
746 4076 853 4128 vita
879 4073 1072 4142 rejicit,
1101 4074 1190 4128 sed
1220 4084 1431 4144 prapter
1455 4073 1872 4128 imbecillitatem

295 4170 599 4224 tolerandos
634 4169 925 4221 existimat.
960 4165 1382 4223 Eruditissimus
1412 4169 1593 4235 itaque
1619 4164 1873 4219 Petavius

293 4270 450 4331 putat
476 4260 621 4314 hunc
650 4257 937 4328 Epiphanii
960 4259 1141 4312 locum
1167 4273 1291 4313 esse
1311 4259 1667 4327 depravatum
1691 4275 1707 4323 ;
1737 4255 1872 4310 fate-

295 4362 387 4407 tur
428 4362 605 4406 tamen
647 4352 895 4405 eumdem
943 4349 1304 4422 Epiphaniutn
1349 4351 1422 4405 ibi
1473 4350 1867 4419 subscripsisse

1970 3206 2067 3281 illi,
2113 3212 2273 3281 cujus
2310 3224 2448 3263 uxor
2486 3215 2568 3261 est
2614 3203 2881 3264 adultera,
2913 3216 3031 3254 eam
3069 3193 3395 3257 dimittendi,
3429 3209 3537 3246 non
3610 3210 3615 3222 ι

1969 3308 2129 3362 aliam
2178 3300 2449 3366 ducendi,
2492 3299 2672 3356 datam
2710 3311 2739 3349 a
2780 3294 2999 3348 Christo
3035 3298 3376 3361 potestatem.
3421 3284 3541 3353 Quo

1968 3398 2186 3467 quidem
2227 3408 2391 3449 sensu
2440 3389 2530 3443 ille
2577 3403 2682 3441 non
2734 3386 3060 3453 discrepata
3092 3380 3262 3433 Paulo
3305 3386 3357 3433 et
3395 3376 3538 3440 aliis,

1970 3491 2062 3562 qui
2101 3489 2285 3559 plures
2315 3483 2553 3538 fatentur
2579 3493 2699 3533 esse
2728 3492 2925 3532 causas
2951 3483 3170 3544 propter
3192 3487 3330 3542 quas
3355 3468 3543 3538 conju-

1971 3600 2064 3658 ges
2089 3598 2121 3638 a
2149 3597 2207 3636 se
2237 3578 2467 3633 invicem
2504 3571 2746 3642 separari
2779 3564 3029 3639 possunt.

2042 3692 2277 3753 lnstabis
2317 3700 2519 3749 tamen.
2553 3686 2599 3742 si
2629 3682 2876 3752 exceptio
2910 3680 2976 3734 ad
3015 3678 3238 3733 verbum
3279 3672 3540 3729 dimiserit

1972 3787 2262 3851 referatur,
2291 3780 2438 3836 nulla
2482 3778 2587 3832 alia
2628 3772 2925 3829 secundum
2966 3769 3275 3824 Matthzeum
3316 3766 3419 3821 erit
3458 3764 3542 3818 di-

1974 3878 2131 3935 vortii
2171 3889 2356 3937 causa,
2389 3870 2495 3926 nisi
2532 3864 2820 3922 fornicatio
2851 3878 2944 3918 seu
2978 3860 3324 3915 adulterium.
3376 3856 3541 3924 Atqui

1971 3988 2038 4028 ex
2069 3968 2259 4033 Paulo,
2285 3975 2449 4036 atque
2470 3963 2637 4017 etiam
2664 3974 2732 4013 ex
2762 3966 2949 4011 nostro
2976 3953 3194 4016 llernta,
3222 3949 3541 4017 caeterisque

1972 4058 2241 4123 Patribus,
2280 4055 2405 4109 aliae
2450 4062 2504 4107 et
2551 4050 2770 4121 quidem
2814 4046 2997 4115 plures
3046 4050 3178 4097 sunt
3220 4056 3419 4103 causae,
3467 4039 3541 4121 ob

1974 4168 2108 4225 quas
2135 4150 2397 4220 conjuges
2426 4161 2455 4199 a
2495 4160 2553 4200 se
2579 4143 2810 4197 invicem
2845 4135 3057 4206 scjuogi
3091 4140 3339 4203 possunt.
3377 4128 3542 4182 Exce-

1974 4216 2085 4315 ptio
2114 4216 2278 4312 igitur
2302 4216 2537 4292 llattlnci
2566 4250 2673 4289 non
2702 4232 2767 4286 ad
2800 4228 3023 4284 verbum
3047 4222 3331 4283 dimiserit,
3359 4217 3450 4274 sed
3472 4216 3540 4272 ad

1974 4308 2159 4387 aliam.
2181 4330 2425 4394 duxerit,
2467 4326 2628 4381 debet
2671 4318 2978 4377 necessario
3025 4313 3234 4370 referri.
3275 4308 3411 4365 Tota
3456 4310 3539 4361 vis

294 4444 543 4515 opinioni
585 4442 946 4513 quorumdam
989 4400 1239 4497 rverterum
1282 4442 1634 4513 scriptorum,
1665 4400 1865 4511 qltibus

1976 4427 2137 4497 hujus
2165 4423 2471 4497 argumenti
2497 4422 2550 4475 in
2574 4435 2640 4475 eo
2663 4418 2764 4473 sita
2787 4424 2872 4470 est
2901 4410 3045 4482 quod
3072 4404 3352 4461 Mattbaeus
3377 4400 3538 4456 unius

296 4544 423 4607 post
469 4536 770 4607 legitimum
820 4535 1113 4590 divortium
1165 4536 1428 4605 permissa
1460 4533 1870 4589 innocentibus

299 4630 628 4700 conjugibus
656 4628 967 4699 hujusmodi
1000 4627 1347 4683 matrimonia
1384 4625 1730 4680 videbantur.
1770 4623 1872 4680 Ve-

299 4738 425 4776 rum
452 4723 498 4776 si
522 4731 814 4791 corruptus
836 4729 921 4775 est
950 4719 1237 4791 Epiphanii
1267 4719 1442 4783 locus,
1474 4717 1605 4787 quid
1642 4716 1775 4772 certi
1800 4732 1870 4771 ex-

297 4831 366 4869 eo
396 4813 588 4869 conﬁci
612 4815 834 4884 poterit!
866 4812 1035 4867 Porro
1056 4811 1393 4882 Epiphanius
1414 4809 1482 4865 de
1513 4810 1582 4863 iis
1612 4807 1871 4864 secundis

298 4909 506 4978 nuptiis
534 4908 795 4978 disputat,
833 4922 973 4977 quas
1000 4922 1106 4960 non
1141 4905 1316 4974 stupri
1364 4903 1726 4971 adulteriique
1758 4911 1872 4955 tan-

300 5014 440 5069 tum,
470 5001 565 5058 sed
606 5001 898 5072 cujuslibet
940 4999 1131 5070 flagitii
1173 5013 1344 5053 causa
1374 4997 1428 5069 (ἢ
1462 4997 1637 5067 κακῆς
1667 4996 1864 5065 αἰτίας)

299 5093 598 5165 permissas
623 5108 746 5147 esse
783 5092 1036 5145 afﬁrmat.
1067 5091 1135 5144 At
1162 5097 1309 5144 certe
1343 5088 1704 5159 Epiphanium
1732 5102 1870 5141 cono

292 5185 416 5261 jugi
434 5186 726 5252 innocenti,
744 5185 812 5239 ob
824 5183 1069 5253 cujusvis
1083 5182 1306 5237 alterius
1320 5180 1569 5250 conjugis
1583 5179 1866 5250 ﬂagitium,

298 5289 497 5337 contra
540 5278 837 5347 Scriptura:
884 5274 1284 5339 auctoritatem,
1314 5273 1462 5329 aliud
1503 5273 1642 5328 inire
1683 5282 1873 5325 matr.-

300 5371 549 5427 monium
592 5370 906 5439 permisisse
952 5367 1154 5422 nemini
1199 5382 1477 5437 unquam,
1512 5377 1569 5421 ut
1611 5366 1870 5429 arbitror,

302 5464 642 5537 probabitur.
680 5461 821 5518 Vero
850 5463 1014 5535 igitur
1052 5469 1136 5517 est
1178 5460 1413 5516 similius
1453 5459 1706 5515 eumdem
1751 5456 1873 5526 Epi-

1975 4534 2183 4579 tantum
2209 4516 2548 4589 exceptionis
2581 4511 2910 4569 mentionem
2939 4506 3146 4561 fecerit.
3183 4500 3287 4558 Sed
3315 4515 3541 4569 respon-

1972 4618 2166 4673 demus
2216 4613 2367 4667 illum
2413 4609 2536 4664 ideo
2584 4605 2745 4661 unius
2786 4598 3160 4655 tantummodo
3207 4593 3538 4657 meminisse,

1976 4724 2084 4763 non
2130 4715 2188 4762 ut
2226 4705 2384 4769 alias,
2427 4716 2565 4772 quas
2607 4697 2805 4752 Paulus
2848 4694 3048 4762 aliique
3088 4692 3540 4749 commemorant,

1975 4802 2199 4860 omnino
2245 4796 2581 4857 excluderet,
2617 4790 2710 4847 sed
2750 4788 2876 4858 quia
2913 4787 2999 4839 illa
3032 4783 3269 4837 maxima
3296 4779 3539 4835 omnium

1976 4904 2093 4954 erat
2136 4903 2191 4948 et
2232 4889 2581 4961 gravissima.
2614 4885 2763 4939 Alias
2806 4884 2987 4951 itaque
3028 4877 3374 4947 exceptiones
3415 4890 3541 4944 pru-

1975 4986 2123 5042 denti
2154 4984 2373 5039 silentio
2403 4979 2767 5051 praetermisit,
2797 4976 2925 5046 quia
2956 4973 3189 5027 leviores
3211 4974 3387 5033 erant,
3413 4964 3538 5035 quia

1976 5079 2239 5136 brevioris
2282 5078 2543 5146 temporis
2588 5070 2988 5143 separationem
3050 5065 3366 5136 poscebant,
3410 5060 3538 5134 quia

1971 5172 2207 5242 denique
2237 5186 2391 5225 mens
2421 5168 2495 5223 illi
2526 5176 2642 5221 erat
2665 5164 2829 5220 unius
2852 5161 3242 5232 praecipuaeque
3262 5153 3539 5224 exceptio-

1972 5267 2059 5321 nis
2106 5262 2627 5321 commemoratione
2676 5256 3066 5317 arctissimum,
3112 5262 3275 5320 atque
3315 5265 3343 5301 a
3388 5247 3539 5305 nullo

1976 5375 2218 5431 unquam
2248 5356 2467 5412 homine
2496 5351 2819 5409 solvendum
2861 5343 3193 5402 matrimonii
3240 5340 3539 5405 vinculum,

1976 5454 2231 5510 omnibus
2262 5448 2433 5520 magis
2467 5446 2747 5516 magisque
2772 5436 3177 5497 commendare.

379 5688 424 5717 ’⁸
457 5687 609 5755 epist.
646 5685 737 5740 30.
811 5685 927 5738 “In
952 5699 1071 5755 cap.
1104 5699 1133 5737 ι
1167 5680 1359 5755 Matth.
1422 5680 1467 5711 ⁸⁸
1487 5677 1685 5734 Haeres.
1723 5674 1812 5741 59,
1847 5675 1865 5745 ἓ

2028 5671 2274 5729 “Matth.
2308 5688 2359 5735 ι’,
2393 5670 2483 5734 52,
2518 5678 2571 5724 et
2609 5681 2719 5731 ιιι,
2753 5666 2806 5718 9.
2850 5663 2916 5695 m
2938 5658 3103 5717 ﬂare.
3134 5676 3189 5729 ι,
3214 5657 3301 5715 ll.
3369 5656 3538 5715 ’Lttc.

308 5771 421 5823 nt,
450 5750 531 5813 18.
608 5761 627 5790 ¹
651 5755 830 5822 Paul.,
862 5755 880 5809 Ι
908 5750 1034 5811 Cor:
1069 5761 1166 5811 tet
1190 5753 1258 5808 ad
1280 5750 1439 5806 Rom.
1466 5766 1555 5806 ιιι.
