4040 6322
593 303 697 359 859

1067 442 1465 504 ARTICULUS
1501 446 1668 502 XXV.

752 555 830 610 De
857 556 993 611 libro
1022 561 1317 631 apocrypha
1344 562 1408 615 de
1443 561 1670 617 Heldam
1697 573 1748 624 et
1786 563 1988 620 Modal.

664 687 961 759 Antequam
988 708 1208 748 manum
1234 694 1300 748 de
1324 696 1508 750 tabula
1534 696 1794 765 levemus,
1819 700 2009 770 paucis
2039 717 2159 757 mo-

593 779 842 835 nebirnns
890 781 1100 835 laudari
1140 784 1208 837 ab
1256 784 1451 840 Herma
1494 787 1692 842 librum
1734 788 1801 844 de
1851 789 2077 845 Heldam
2104 799 2161 846 et

594 869 912 942 Modal,qui
940 873 1050 929 duo
1079 875 1181 929 viri
1216 884 1373 931 erant
1402 893 1637 948 quorum
1667 882 1871 937 mentio
1898 883 1951 937 in
1984 883 2159 939 sacris

1390 1077 3419 1104 ~———-———————_—____—__—_

1990 316 2049 372 s.
2089 317 2347 375 nanum
2554 308 2563 315 '
3677 330 3758 387 suo

2183 451 2231 507 Α
2257 434 2620 494 Numerorum
2670 441 2824 497 libris
2855 434 3106 499 habetur.
3142 444 3248 501 Sed
3284 446 3427 501 hunc
3462 447 3684 502 eumdem
3706 451 3763 503 li-

2253 533 2409 587 brum
2454 534 2521 589 ad
2572 537 2879 608 apocrypha
2918 540 3213 596 amandant
3267 539 3515 610 Synopsis
3561 542 3767 601 Athana-

2253 625 2405 681 siana
2447 635 2501 681 et
2552 630 2939 704 Styclrometria
2964 672 2980 697 ,
3041 630 3485 702 Chronographioz
3517 631 3765 704 Nioephori

2255 718 2621 787 superaddita.
2654 719 2823 775 Porro
2854 721 2968 776 haec
3006 723 3355 790 adnotamus,
3392 733 3450 780 ut
3481 726 3633 796 hujus
3666 728 3771 784 libri

2257 810 2573 879 antiquitas,
2602 826 2725 881 qua:
2755 813 2995 868 auctoris
3033 815 3203 869 nostri
3232 824 3446 873 tetatem
3477 828 3696 890 superat,
3719 822 3775 876 ab

2258 903 2512 959 omnibus
2538 904 2879 959 observetur.

3424 1094 3758 1113 -α-

1215 1203 1324 1315 J.
1422 1201 1545 1313 Β.
1637 1193 2395 1320 COTELERII
2492 1209 3171 1327 JUDICIUM

1460 1416 1607 1504 DE
1685 1418 1779 1506 S.
1848 1418 2304 1507 HERM/E
2377 1418 2952 1515 PASTORE.

1362 1597 1574 1669 (Patres
1600 1600 1898 1670 apostolici,
1926 1597 2055 1655 edit.
2094 1599 2517 1667 Amstazlodami,
2544 1606 2704 1675 i724,
2730 1619 2769 1664 t.
2795 1609 2835 1675 i,
2863 1625 2918 1681 p.
2947 1610 3061 1683 75.)

668 1748 822 1817 Quod
863 1754 915 1807 in
955 1755 1235 1812 hominum
1260 1760 1503 1829 -judiciis
1547 1762 1683 1817 solet
1712 1764 2045 1834 contingere,
2088 1771 2148 1818 ut
2180 1763 2222 1819 Β
2249 1761 2501 1821 hmretico
2542 1771 2615 1822 De
2643 1772 2903 1840 pudicitia
2940 1776 3230 1845 suggillat,
3264 1776 3549 1849 appellans
3594 1792 3785 1849 apocrys

591 1844 679 1895 ahi
720 1845 841 1913 plus
871 1863 1032 1915 quam
1067 1866 1162 1918 par
1190 1860 1292 1916 est,
1338 1855 1427 1907 alii
1471 1857 1649 1912 minus
1681 1857 1952 1923 tribuant,
2003 1858 2150 1913 tertii

592 1934 812 1988 modum
858 1949 1073 1993 servent
1109 1956 1172 1996 ac
1211 1944 1559 2013 mquitatem;
1621 1948 1673 2002 id
1718 1948 1762 2003 si
1808 1965 1971 2020 super
2012 1950 2151 2007 libro

592 2023 803 2080 llerma:
849 2026 1048 2084 factum
1096 2032 1265 2089 fuisse
1305 2040 1749 2107 pronuntiavero,
1780 2058 1887 2096 non
1923 2044 2152 2097 verebor

591 2134 660 2173 ne
694 2134 724 2173 a
756 2121 997 2179 veritatis
1045 2127 1259 2182 tramite
1299 2145 1527 2185 censear
1560 2132 1862 2189 aberrasse.
1909 2134 2147 2200 Scilicet,

589 2225 941 2269 excesserunt
993 2218 1123 2272 recti
1170 2219 1340 2289 lines,
1382 2234 1648 2294 quotquot
1691 2227 1967 2282 Pastorem
2006 2229 2150 2284 inse-

590 2318 818 2364 ruerunt
871 2313 1114 2383 catalogo
1159 2315 1920 2389 divinarum’Scripturarum
1962 2342 1974 2378 :
2022 2338 2147 2378 cum

590 2404 752 2459 hodie
777 2405 845 2460 ab
873 2407 1122 2463 universa
1152 2409 1390 2466 Ecclesia
1424 2423 1576 2469 extra
1606 2415 1881 2472 Canonem
1914 2417 2143 2488 legatur.

588 2491 715 2551 Fuit
746 2508 925 2553 autem
960 2517 1021 2556 ea
1054 2505 1321 2559 sententia
1370 2508 1731 2576 quarumdam
1780 2509 2145 2565 Ecclesiarnm

587 2604 652 2641 ex
688 2589 1060 2660 illistGracciae,
1090 2596 1230 2664 apud
1268 2614 1426 2666 qnas,
1458 2608 1613 2664 teste,
1643 2609 1763 2669 post
1795 2599 2007 2656 Eusebii
2044 2600 2149 2655 Hi-

587 2684 829 2741 storiam.
858 2683 951 2739 lib.
984 2703 1064 2753 Ill,
1110 2704 1230 2759 cap.
1259 2690 1313 2753 ’5,
1350 2690 1680 2763 Hieronymo
1729 2692 1781 2746 in
1812 2700 2041 2746 tractatu
2071 2692 2147 2747 De

585 2775 712 2829 viris
787 2778 1116 2846 illustribus,
1172 2783 1387 2850 publice
1462 2786 1811 2839 recitabatur.
1876 2784 2149 2840 Credibile

586 2882 820 2936 namque
864 2869 921 2923 ﬁt
971 2881 1177 2940 partem
1227 2888 1365 2941 opus
1414 2873 1669 2929 habuisse
1707 2887 1813 2946 pro
1860 2876 2144 2943 canonico,

584 2968 790 3026 partem
836 2976 932 3028 pro
969 2962 1381 3019 ecclesiastico:
1410 2982 1518 3035 quo
1551 2967 1617 3021 de
1666 2969 1858 3022 ultimo
1900 2969 2147 3025 dubitare

2252 1856 2439 1925 pham,
2482 1857 2697 1929 falsam,
2744 1864 3075 1935 adulteram;
3138 1870 3486 1933 amatricem,
3536 1881 3781 1939 patronam

2258 1959 2312 2003 et
2348 1952 2553 2006 sociam
2586 1956 2967 2018 moechorum;
3001 1974 3383 2032 asserensque,
3415 1962 3485 2017 ab
3514 1964 3655 2017 omni
3684 1980 3787 2019 con.

2252 2040 2377 2095 cilio
2404 2043 2789 2115 Ecclesiarum,
2831 2050 2993 2105 etiam
3046 2062 3357 2109 nostrarum
3390 2055 3778 2120 Catholicarum,

2249 2148 2279 2187 e
2332 2134 2517 2189 divino
2570 2136 2937 2195 Instrumenta
2994 2145 3209 2213 expelli.
3275 2144 3383 2200 Ubi
3434 2146 3687 2215 jocularis
3721 2156 3783 2201 est

2250 2241 2406 2281 error
2435 2228 2720 2297 cujusdam
2752 2233 2817 2286 ad
2844 2232 3119 2300 Nonnum,
3152 2238 3308 2306 quasi
3340 2240 3514 2309 egerit
3537 2239 3783 2294 Tertullia-

2250 2331 2353 2371 nns
2389 2317 2455 2371 de
2493 2320 2717 2375 muliere
2742 2323 2983 2385 adultera
3020 2342 3113 2395 per
3134 2325 3399 2382 Joannem
3438 2330 3782 2400 evangelistam

2250 2407 2402 2463 initio
2428 2412 2621 2480 capitis
2650 2429 2746 2468 vnt
2786 2426 3101 2471 memorata.
3127 2418 3208 2471 Ab
3237 2419 3345 2475 illis
3376 2436 3595 2491 quoque
3638 2421 3783 2477 minus

2248 2517 2410 2571 quam
2440 2504 2571 2557 satis
2600 2505 2701 2572 sit,
2743 2507 3040 2563 honoriﬁce
3071 2511 3324 2578 sentitur,
3368 2513 3464 2582 qui
3513 2510 3565 2566 in
3591 2512 3785 2579 Origene

2248 2593 2489 2649 Pastoris
2544 2598 2741 2653 librum
2782 2602 3112 2671 contemptui
3170 2604 3391 2667 habent.
3458 2600 3653 2658 Omitto
3675 2602 3783 2655 Pro-

2246 2704 2465 2759 sperum
2490 2732 2505 2755 ,
2539 2691 2667 2761 quia
2713 2693 2912 2748 mirum
2962 2710 3067 2751 non
3107 2704 3189 2751 est
3241 2697 3385 2767 quod
3429 2697 3592 2751 homo
3628 2697 3782 2749 vivens

2248 2781 2388 2835 inter
2427 2781 2648 2839 Latinos
2704 2799 2865 2852 suos,
2922 2786 3123 2856 quibus
3166 2803 3302 2859 pene
3358 2790 3602 2860 ignotum
3646 2788 3782 2843 fuisse

2245 2873 2522 2929 Pastorem
2556 2876 2717 2933 refert
2762 2876 3159 2950 Hieronymus,
3193 2881 3397 2936 trullam
3442 2882 3781 2937 auctoritatem

2252 2968 2400 3037 operi
2433 2969 2684 3039 ignorato
2706 2971 2976 3026 tribuerit.
3014 2971 3307 3027 Eusebium
3341 2974 3509 3029 etiam
3536 2984 3781 3044 praetereo,

585 3066 688 3105 nos
744 3066 854 3104 non
899 3052 1085 3107 sinunt
1131 3054 1441 3110 testimonia
1482 3057 1766 3112 Athanasii
1811 3058 1863 3112 in
1905 3058 2143 3129 Epistola
2172 3104 2215 3162 ο
2248 3059 2657 3132 Hieronymum,
2693 3060 2989 3130 Gelasium,
3020 3064 3386 3136 Nicephorum
3418 3067 3656 3137 CP.,qui
3684 3082 3781 3122 cum

586 3140 832 3162 n__‘,d,.
917 3154 959 3162 __
1007 3143 1047 3162 η
1098 3146 1185 3162 ,,.
1286 3146 1375 3162 ,η
1472 3153 1482 3162 ,
1539 3150 1550 3162 .
1754 3151 1765 3162 .
1979 3154 1989 3162 .
2792 3154 2844 3162 -.
3246 3157 3267 3162 -
3407 3159 3419 3162 -
3492 3160 3519 3162 μ
3707 3159 3733 3162 -.

584 3140 869 3206 Paschali,
909 3154 963 3198 et
1007 3143 1186 3199 Rufini
1228 3148 1297 3200 ad
1336 3146 1678 3218 Symbolum;
1723 3151 1865 3207 sicut
1911 3154 2144 3222 primum

583 3236 940 3292 conﬁrmatur
976 3248 1088 3293 tum
1118 3256 1213 3310 per
1236 3255 1487 3298 auctores
1517 3244 1609 3314 qui
1644 3243 1855 3302 Hermae
1886 3247 2147 3317 scriptum

585 3326 725 3381 inter
774 3329 935 3384 dubia
986 3332 1296 3400 volumina,
1351 3345 1404 3390 et
1453 3335 1522 3390 ab
1571 3337 1847 3408 aliquibus
1889 3340 2146 3408 admissa,

584 3416 782 3485 rejecta
820 3420 888 3473 ab
932 3422 1054 3478 aliis
1099 3436 1414 3493 recensent;
1470 3438 1582 3483 tum
1634 3445 1732 3500 per
1775 3433 2027 3503 antiquos
2059 3433 2149 3488 Bi-

582 3509 815 3566 bliorum
853 3515 1071 3571 codices
1107 3533 1270 3571 manu
1303 3531 1575 3587 exaratos,
1619 3540 1855 3591 quorum
1898 3526 2147 3582 nonnulli

587 3602 859 3658 Pastorem
883 3623 1101 3678 quoque
1128 3610 1581 3679 complectuntur,
1603 3622 1663 3667 ut
1691 3615 1776 3669 ille
1803 3616 2148 3674 bibliothecae

585 3693 773 3750 Sancti
807 3696 1101 3767 Germani;
1157 3710 1269 3755 tum
1312 3718 1408 3772 per
1452 3720 1615 3758 mann
1662 3707 1896 3777 scriptas
1936 3715 2147 3765 veteres

585 3786 1033 3857 Slicbometrias,
1074 3807 1195 3861 quae
1238 3793 1490 3850 similiter
1526 3794 1779 3852 Ilermam
1835 3800 2143 3868 continent;

580 3876 759 3944 qualis
802 3889 978 3934 exstat
1017 3881 1068 3934 in
1094 3882 1281 3937 eadem
1322 3884 1748 3954 locupletissima
1796 3887 2144 3957 bibliotheca,

580 3977 636 4021 et
683 3968 735 4022 in
777 3970 1037 4027 thesauro
1078 3974 1304 4029 librario
1336 3974 1497 4047 Regis
1529 3976 2006 4047 Christianissimi,
2053 3998 2145 4037 su-

579 4063 765 4129 perius
793 4064 937 4118 edita
985 4067 1037 4120 in
1084 4068 1289 4138 proleg.
1328 4069 1394 4123 ad
1438 4068 1494 4124 S.
1528 4070 1862 4139 Barnabam;
1894 4080 2009 4128 tum
2050 4075 2145 4129 de-

581 4152 746 4223 nique
776 4171 870 4225 per
892 4155 1153 4214 Ecclesia:
1201 4161 1495 4232 magistros
1541 4164 1607 4217 ad
1638 4166 1883 4220 eamdem
1931 4168 2146 4237 opinio-

580 4263 701 4302 nem
733 4251 1070 4307 accedentes.
1104 4252 1237 4308 Nam
1266 4254 1499 4313 lrenaeus
1542 4268 1597 4313 ut
1625 4257 1965 4328 Scripturam
1994 4262 2169 4317 νίας-⁸

581 4348 669 4392 tur
708 4341 896 4397 citare.
976 4345 1225 4402 Clemens
1272 4347 1674 4405 Alexandrinus
1729 4352 1966 4407 divinam
2021 4368 2142 4410 esse

586 4430 967 4491 revelationem
996 4438 1189 4494 innuit.
1230 4439 1616 4508 Tertullianus,
1650 4444 1745 4498 lib.
1772 4438 1848 4499 De
1878 4447 2136 4511 oratione,
2169 4470 2217 4525 ι)

578 4527 825 4595 cap.l2,
871 4532 1271 4587 venerationem
1306 4534 1451 4590 illius
1497 4552 1605 4589 non
1646 4528 1951 4607 improbat,
1999 4538 2142 4594 absit

578 4618 741 4673 modo
769 4621 1105 4689 superstitio.
1153 4625 1416 4683 Catholici
1448 4628 1588 4698 apud
1619 4629 1873 4684 eumdem
1917 4629 2138 4685 Tertul-

577 4711 805 4773 lianum,
862 4712 1002 4768 libro
1031 4717 1103 4769 De
1126 4717 1408 4786 pudicitia,
1437 4719 1777 4776 Montanistis
1834 4731 2135 4792 opponunt,

577 4803 645 4858 ad
685 4806 1063 4862 auctoritatem
1100 4808 1222 4865 fidei
1269 4811 1692 4867 conﬁrmandam
1724 4829 1739 4868 :
1784 4813 2137 4883 quemadmo-

575 4897 725 4963 dum,
750 4898 890 4966 apud
914 4899 1292 4958 Athanasium.
1324 4902 1509 4957 Ariani
1533 4903 1848 4960 Catholicis.
1879 4906 2137 4976 Origenes

575 4986 913 5059 Scripturam
954 4989 1214 5045 divinitus
1254 4991 1573 5062 inspiratam
1608 5003 1780 5065 putat,
1823 4996 1947 5051 licet
1978 4996 2137 5051 aliter

573 5080 936 5138 sentientibus
967 5080 1103 5136 nolit
1124 5080 1236 5135 ﬁeri
1272 5083 1669 5152 praejudicium.
1711 5086 2007 5143 Cassianus
2040 5089 2135 5143 de-

574 5172 739 5242 nique
764 5173 1073 5229 testimonia
1102 5173 1224 5229 inde
1244 5175 1526 5246 desumpta
1554 5194 1678 5233 cum
1702 5179 1938 5234 textibus
1963 5182 2134 5237 sacris

574 5263 783 5320 miscet.

642 5353 711 5407 At
745 5369 813 5408 ex
848 5362 1001 5425 parte
1032 5355 1259 5411 adversa
1303 5356 1535 5411 multum
1579 5356 1646 5413 de
1674 5359 1881 5415 honore
1920 5358 2133 5416 Hermae

573 5441 789 5499 Pastori
818 5447 1004 5503 debito
1030 5447 1333 5503 detrahitur
1362 5466 1392 5503 a
1415 5448 1750 5505 Tertulliano
1778 5467 1845 5507 ex
1869 5454 2128 5524 antiquis.

572 5535 665 5591 Ille
710 5539 911 5594 mirum
958 5551 1221 5611 quantum
1271 5552 1513 5599 mutatus
1555 5559 1651 5613 per
1676 5542 2126 5603 Montanistarum

574 5630 874 5700 prarstigias
922 5648 954 5687 a
991 5632 1325 5689 Tertulliano
1375 5634 1488 5693 illo.
1543 5635 1667 5723 libri
1732 5637 2021 5695 orthodoxi
2054 5640 2130 5696 De

572 5720 808 5776 oratione
839 5725 1227 5795 conscriptore,
1257 5725 1498 5782 Pastoris
1527 5720 1849 5801 Scripturam
1884 5730 1937 5787 in
1969 5748 2129 5804 opere

2252 3152 2434 3207 notbis
2461 3165 2515 3207 et
2553 3154 2875 3226 apocrypbis
2902 3167 3213 3213 numerant.
3238 3157 3360 3214 Jam
3389 3159 3458 3215 de
3489 3160 3555 3215 iis
3581 3159 3773 3230 appella-

2250 3242 2490 3301 tionibus
2523 3246 2652 3316 quid
2692 3246 3017 3318 signiﬁcent,
3057 3251 3379 3305 sententiam
3415 3268 3590 3306 meam
3616 3250 3782 3322 protuli

2250 3336 2304 3391 in
2346 3338 2491 3392 notis
2522 3338 2587 3393 ad
2620 3337 2945 3395 Barnabam.
3027 3340 3163 3395 Addi
3209 3350 3391 3396 tamen
3462 3343 3595 3398 inibi
3651 3340 3782 3397 dictis

2249 3445 2396 3484 nunc
2428 3430 2612 3496 velim,
2645 3432 2711 3484 de
2749 3431 2839 3486 illa
2873 3432 3141 3486 divisione
3179 3432 3477 3503 Scriptura:
3510 3435 3561 3488 in
3592 3433 3779 3490 canoni-

2248 3533 2400 3583 cam,
2444 3519 2663 3574 dubiam
2703 3530 2756 3576 et
2799 3523 3204 3594 apocrypham;
3260 3540 3401 3596 opus
3450 3526 3659 3597 aliquod
3702 3539 3787 3579 nec

2248 3611 2369 3666 falsi
2405 3612 2661 3679 nominis,
2694 3628 2794 3668 nec
2821 3614 3084 3669 doctrina:
3115 3616 3324 3681 noxiae,
3356 3620 3613 3689 appellari
3646 3632 3778 3689 posse

2247 3703 2640 3774 apocryphum,
2691 3704 2836 3774 quod
2896 3716 3050 3760 extra
3112 3706 3392 3763 Canonetn
3444 3710 3513 3764 ab
3558 3709 3777 3764 omnibus

2246 3792 2503 3849 Ecclesiis
2553 3794 2868 3850 collocetur.
2918 3795 3097 3866 Atque
3140 3812 3201 3851 ea
3232 3798 3644 3869 signiﬁcatione,
3683 3800 3777 3868 opi-

2246 3902 2367 3951 nor,
2404 3886 2615 3942 Hermae
2642 3887 2841 3942 Pastor
2862 3887 3168 3960 Nicephoro
3193 3890 3300 3947 CP.
3331 3895 3667 3966 apocryphus
3692 3903 3777 3949 est.

2253 3974 2420 4031 Venio
2450 3978 2516 4032 ad
2561 3978 2929 4046 recentiores;
2984 3981 3252 4045 homines,
3281 3991 3343 4038 ut
3380 3987 3626 4055 equidem
3665 3986 3777 4040 mihi

2245 4064 2482 4133 videtur,
2532 4067 2687 4122 dura:
2747 4066 2963 4124 frontis.
3020 4068 3154 4136 Quis
3199 4071 3378 4136 enim,
3425 4088 3640 4143 quaaso.
3683 4086 3774 4125 non

2243 4157 2612 4229 Obstupescat,
2662 4175 2785 4214 cum
2824 4161 3013 4230 legerit
3058 4164 3443 4218 nonnullorum
3491 4164 3683 4237 judicia
3720 4161 3773 4216 de

2244 4252 2518 4306 volumine
2547 4266 2577 4305 a
2615 4261 2692 4306 tot
2725 4253 2997 4323 tantisque
3023 4255 3155 4309 viris
3192 4265 3473 4327 tant0pere
3501 4254 3777 4313 celebrato?

2248 4341 2314 4396 Ili
2355 4342 2553 4397 librum
2580 4345 2845 4412 optimum
2874 4344 3336 4417 utilissimumque
3368 4349 3672 4417 praedicant.
3709 4343 3770 4398 illi

2244 4451 2373 4491 vero
2418 4435 2685 4492 infamant
2734 4448 2897 4507 atque
2937 4438 3244 4509 exagitant,
3296 4440 3769 4496 utNovatianornm

2241 4538 2293 4582 et
2322 4526 2735 4598 Pelagianorum
2774 4529 3012 4596 fontem,
3057 4530 3565 4588 Montanisticarum
3608 4545 3771 4600 super-

2240 4620 2519 4676 stitionum
2561 4623 2822 4692 gurgitem
2845 4664 2861 4687 ,
2900 4623 3229 4694 insupcrque
3264 4624 3531 4681 fautorem
3568 4625 3769 4679 Ariano-

2240 4731 2391 4781 rum,
2432 4723 2491 4769 ut
2540 4714 2881 4782 fabulosum;
2930 4726 2990 4772 ut
3042 4718 3201 4787 (proh
3253 4734 3448 4789 magna
3496 4715 3765 4782 crimina!)

2237 4806 2394 4861 liberi
2425 4807 2657 4872 arbitrii,
2700 4809 3012 4865 solitudinis
3044 4811 3361 4865 monasticae
3381 4851 3395 4875 ,
3431 4824 3634 4865 necnon
3658 4822 3765 4878 pur-

2238 4898 2428 4966 gatorii
2469 4907 2863 4968 astructorem;
2902 4908 2961 4955 ut
2994 4900 3227 4955 ruditate
3279 4898 3668 4956 Christianismi
3711 4908 3763 4948 ac

2238 4989 2485 5060 reliquiis
2518 4991 2837 5061 gentilitatis
2879 4991 3239 5061 conspicuum
3268 5011 3282 5060 ;
3324 5002 3385 5047 ut
3414 4988 3761 5063 pseudepigra-

2236 5088 2430 5157 phum,
2473 5085 2913 5155 supposititium;
2966 5096 3023 5141 ut
3067 5087 3230 5141 alium
3261 5086 3329 5141 ab
3358 5102 3423 5142 eo
3452 5100 3609 5157 quem
3652 5080 3757 5136 olim

2234 5180 2490 5235 manibus
2534 5180 2778 5234 terebant
2824 5178 2924 5233 SS.
2950 5177 3170 5245 Patres;
3217 5177 3449 5248 denique
3495 5185 3553 5233 ut
3593 5170 3758 5229 barba‘

2233 5288 2391 5340 rum,
2443 5278 2605 5342 atque
2648 5286 2745 5342 per
2784 5270 3069 5325 hzereticos
3122 5270 3523 5339 interpolatum,
3571 5260 3754 5320 insertis

2232 5365 2510 5421 erroribus
2553 5379 2617 5419 ac
2646 5363 2887 5419 fabellis.
2918 5362 3066 5430 Quas
3106 5363 3485 5418 accusationes
3518 5370 3572 5415 et
3598 5353 3750 5412 consi-

2232 5462 2409 5527 miles,
2434 5460 2626 5514 frivolo
2656 5469 2743 5515 aut
2769 5459 2917 5514 nullo
2948 5458 3304 5512 fundamento
3344 5456 3617 5545 subnixas,
3648 5458 3746 5545 cuin

2232 5551 2300 5605 ad
2356 5550 2473 5605 loca
2513 5549 2952 5620 pervenerimus,
2999 5546 3047 5601 si
3105 5560 3329 5615 necesse
3380 5544 3547 5599 visum
3594 5539 3745 5595 fuerit,

2231 5641 2342 5697 Deo
2370 5641 2565 5708 dante,
2604 5640 2811 5710 absque
2851 5638 3224 5695 confutatione
3264 5652 3372 5693 non
3398 5637 3742 5704 relinquemus-

2303 5734 2533 5791 Medium
2586 5734 2770 5805 itaque
2821 5731 2964 5807 beati
3014 5740 3257 5800 tenuere,
3304 5745 3429 5789 cum
3472 5726 3740 5805 οιίιιιιμ⁸⁸1³
