4040 6322
241 321 339 377 8¹ἲ1

1484 323 1774 381 PASTOR.
1810 353 1883 367 --
1914 323 2277 381 PROCEMIA.

3388 325 3494 380 86‘!

241 459 441 514 nuper,
478 444 790 515 quicunque
813 442 1024 499 Hermae
1046 442 1318 498 Pastorem
1343 442 1664 512 jndicavere
1692 443 1816 497 σύν-
1845 448 1891 506 Α
1916 444 2076 498 Certe
2110 446 2283 499 multo
2316 442 2467 514 plura
2508 445 2649 515 apud
2678 447 2980 505 Barnabam
3023 457 3075 505 et
3126 449 3179 504 in
3210 452 3488 507 Constitu-

236 551 428 605 ταγμα
457 551 567 589 non
594 536 811 605 quidem
848 536 1199 600 canonicum,
1227 532 1321 590 sed
1352 534 1810 600 ecclesiasticum,

238 641 304 680 ac
335 626 557 697 optima:
596 636 759 692 noue,
786 636 840 682 et
870 625 1336 698 propugnaculum
1371 625 1493 680 ﬁdei
1535 628 1816 682 catholicae

239 719 510 774 adversus
536 718 776 773 Montani
804 720 1095 786 duritiam;
1134 719 1201 773 ad
1234 720 1348 773 haec
1382 717 1548 773 fetum
1580 719 1813 787 Hermae,

237 812 532 881 apostolici
564 811 714 866 illius
744 812 845 865 viri
875 812 1045 882 (nulla
1071 812 1271 881 quippe
1306 810 1445 864 ratio
1480 814 1812 868 contrarium

234 904 491 974 evincit),
520 919 681 972 quem
711 902 915 959 Paulus
950 904 1005 957 in
1038 903 1145 958 ﬁne
1167 902 1422 973 Epistola:
1446 903 1512 958 ad
1541 904 1815 962 Romanos

234 996 471 1050 salutari
499 996 673 1065 jubet.
710 993 845 1050 Nam
878 997 972 1067 qui
1006 995 1311 1051 Hermctem
1356 1012 1450 1051 seu
1475 997 1727 1053 Hermem
1758 999 1814 1052 in

234 1091 393 1145 illius
445 1090 624 1144 locum
677 1090 1051 1157 substituunt,
1097 1100 1192 1146 aut
1240 1104 1536 1165 utrumque
1581 1092 1813 1148 confun-

231 1179 409 1244 dunt,
448 1180 655 1249 decepti
705 1180 958 1235 videntur
1002 1197 1030 1235 a
1061 1182 1244 1240 fabula
1274 1185 1421 1240 Libri
1465 1185 1810 1256 pontiﬁcalis,

231 1268 333 1321 ubi
377 1269 444 1323 ad
482 1269 894 1324 similitudinem
928 1269 1138 1328 Hermae
1167 1275 1389 1346 ﬁngitur
1417 1277 1638 1346 quidam
1675 1274 1813 1330 Her-

232 1374 393 1425 mes,
444 1358 525 1413 Pii
574 1375 726 1430 papae
772 1361 934 1429 primi
987 1360 1173 1424 frater,
1233 1364 1470 1433 scriptor
1530 1364 1655 1438 libri
1705 1379 1815 1433 quo

233 1452 628 1506 continebatur
671 1451 981 1506 Mandatum
1016 1455 1215 1523 angeli,
1247 1456 1347 1510 visi
1387 1456 1441 1510 in
1474 1456 1662 1510 habitu
1712 1470 1814 1524 pa-

234 1544 432 1608 storis,
473 1544 540 1598 de
565 1542 831 1599 Paschate
864 1544 951 1599 die
974 1544 1253 1600 Dominica
1285 1547 1630 1601 celebrando.
1655 1545 1813 1613 Quod

232 1644 610 1691 commentum
656 1637 811 1691 multi
851 1638 1083 1708 amplexi
1125 1646 1284 1705 sunt,
1314 1640 1691 1710 praecipueque
1714 1655 1811 1695 ne-

234 1730 360 1784 scio
413 1730 540 1798 quis
585 1737 743 1798 poeta
803 1731 907 1783 sub
952 1730 1183 1785 honesto
1221 1730 1539 1787 Tertulliani
1592 1733 1814 1787 nomine

1919 536 2159 589 tionibus
2191 520 2586 605 apostolorum,
2615 539 2719 593 hoc
2750 539 3206 596 denominationis
3241 543 3311 598 its
3344 545 3485 597 scri-

1917 627 2024 697 ptis
2058 641 2163 680 non
2193 626 2409 682 dedere.
2445 628 2499 682 4.
2533 628 2732 697 Aperte
2762 629 2822 683 Β.
2850 628 3213 701 Hieronymus
3251 633 3304 687 in
3336 644 3488 687 cata-

1915 719 2038 789 logo
2067 718 2343 774 Iudicium
2381 720 2528 775 Petri
2564 721 2851 792 diStinguit
2885 724 2953 777 ab
2983 723 3192 780 Hermae
3225 726 3485 784 Panare:

1915 810 1983 863 de
2028 810 2204 878 primo
2255 811 2398 864 enim
2448 811 2667 864 disserit
2724 811 2777 864 in
2824 810 3003 877 Petro,
3038 815 3103 869 de
3137 817 3377 870 secundo
3428 818 3483 872 in

1918 897 2137 955 Herma.
2160 900 2339 970 Atque
2371 902 2484 955 haec
2518 902 2584 956 ad
2609 901 2887 958 Ruﬁnum.

1988 988 2065 1044 Ex
2115 990 2369 1061 Origenis
2404 1001 2584 1045 autem
2616 993 2815 1054 verbis,
2869 994 2965 1049 lib.
2996 1011 3049 1049 tv
3084 996 3484 1070 Deprincipiis,

1914 1098 2035 1152 cap.
2059 1082 2114 1149 2,
2165 1084 2218 1137 in
2264 1082 2578 1137 Pliilocalite
2636 1101 2755 1154 cap.
2812 1085 2863 1151 l,
2912 1103 2966 1156 p.
3013 1086 3125 1141 εἰς
3179 1092 3281 1145 Διὰ
3327 1092 3503 1151 τοῦτοί

1913 1174 2072 1244 ἡμεῖς
2103 1176 2197 1228 καὶ
2226 1177 2287 1229 τὸ
2317 1178 2374 1231 ἐν
2407 1177 2484 1249 τῷ
2524 1177 2627 1230 ὑπό
2658 1195 2819 1231 τινων
2869 1182 3363 1255 καταφρονουμένῳ
3404 1185 3503 1255 βι-ι

1914 1264 2046 1334 suo
2081 1265 2159 1336 τῷ
2180 1267 2425 1337 Ποιμένι,
2476 1269 2602 1338 περὶ
2640 1266 2734 1320 τοῦ
2769 1271 3204 1340 προστάσσεσθαι
3244 1274 3335 1329 τὸν
3362 1278 3486 1349 Ἐρ-

1917 1356 2023 1425 μᾶν
2051 1356 2143 1408 δύο
2174 1357 2379 1427 γράψαι
2411 1358 2608 1428 βιϐλία,
2633 1360 2728 1412 καὶ
2762 1360 2900 1430 μετὰ
2928 1361 3098 1416 ταῦτα
3131 1366 3289 1420 αὐτὸν
3314 1369 3484 1438 ἀναγ-

1913 1447 2120 1515 γέλλειν
2152 1454 2266 1513 τοῖς
2290 1451 2676 1522 πρεσϐυτέροις
2701 1452 3139 1524 τῆςῈκκλησίας
3169 1458 3205 1511 ἆ
3240 1460 3486 1531 μεμάθη-

1914 1557 2008 1593 κεν
2034 1541 2140 1593 ὑπὸ
2166 1541 2258 1594 τοῦ
2285 1542 2618 1613 Πνεύματος,
2644 1545 2785 1599 οὕτω
2832 1548 3182 1619 διηγούμεθα.
3225 1548 3337 1605 Hoc
3376 1558 3497 1615 est,

1915 1629 2043 1686 Ideo
2078 1649 2171 1686 nos
2201 1642 2251 1687 et
2285 1634 2422 1688 illud
2457 1636 2513 1689 in
2532 1633 2780 1702 Pastore,
2811 1638 2947 1693 libro
2976 1641 3067 1709 qui
3107 1658 3138 1693 a
3168 1642 3485 1711 quibusdam

1915 1725 2295 1792 contemnitur,
2340 1743 2458 1779 cum
2478 1727 2697 1796 jubetur
2725 1727 2949 1782 Hermas
2977 1731 3107 1783 duos
3149 1730 3309 1785 libros
3353 1734 3487 1786 scri—

232 1821 417 1875 latens
448 1821 483 1875 1,
519 1836 579 1875 ιιι
625 1822 872 1875 adversus
906 1822 1251 1890 Μανείοηεηι,
1278 1825 1331 1879 in
1363 1825 1505 1891 ﬁne;
1543 1825 1669 1879 item
1695 1824 1812 1893 cpi-
1845 1791 1887 1845 Β
1916 1814 2053 1880 bere,
2097 1815 2306 1885 ipseque
2341 1827 2523 1886 postea
2562 1819 2880 1872 annuntiare
2915 1821 3208 1874 senioribus
3240 1822 3487 1877 Ecclesia:

233 1914 502 1968 stolarum
537 1929 689 1982 papm
718 1913 798 1967 Pii
827 1914 1140 1980 fabricator,
1173 1916 1329 1986 epist.
1367 1918 1391 1971 l
1423 1934 1437 1983 ;
1478 1915 1642 1981 Beda,
1674 1916 1812 1981 Ado,

236 2006 360 2070 alii,
389 2005 443 2058 in
475 2004 790 2069 Chronicis,
823 2006 875 2059 in
908 2004 1341 2077 Martyrologiis;
1372 2022 1472 2060 nec
1497 2021 1603 2060 non
1628 2015 1816 2060 auctor

222 2091 479 2162 Catalogi
521 2095 833 2166 pontiﬁcum
873 2112 1245 2162 romanorum,
1275 2098 1342 2151 ah
1368 2096 1587 2168 Egidio
1605 2096 1815 2152 Buchew

234 2187 322 2241 rio
351 2187 403 2240 in
432 2186 840 2241 Commentario
863 2188 931 2241 ad
962 2176 1804 2243 VictoriiCanonemPascltanlem

232 2279 439 2341 editus,
455 2281 544 2348 qui
564 2279 747 2335 forsan
764 2295 829 2335 ex
853 2280 1323 2350 pseudo-Damaso
1341 2280 1499 2334 debet
1513 2279 1810 2334 emendari.

238 2370 419 2426 Sedet
447 2371 605 2427 facile
634 2373 735 2428 fuit
764 2373 1021 2439 librariis,
1062 2372 1315 2427 Hermum
1339 2382 1549 2427 mutare
1586 2372 1639 2426 in
1672 2371 1813 2425 Her-

234 2474 455 2527 mem,et
468 2463 712 2519 Hermem
730 2466 848 2520 vice
865 2480 1015 2520 versa
1036 2465 1087 2518 in
1110 2464 1385 2519 Hermum.
1406 2464 1602 2533 Sicque
1625 2462 1817 2518 fortas-

238 2556 320 2611 sis
351 2558 491 2631 apud
510 2556 827 2628 Magistrum
853 2557 1283 2621 Sententiarum,
1332 2556 1426 2610 lib.
1462 2572 1535 2619 tv,
1562 2556 1692 2610 dist.
1722 2556 1813 2621 55,

235 2664 297 2704 n.
321 2646 378 2713 5,
414 2663 479 2702 ex
508 2646 704 2702 Herma
743 2648 919 2705 lactus
956 2648 1120 2704 fuerit
1149 2648 1368 2703 Hermes
1398 2664 1414 2701 :
1456 2648 1817 2717 similiterque

234 2740 294 2795 in
352 2738 640 2794 Ruﬁniana
680 2739 928 2810 Origenis
995 2741 1476 2813 interpretatione,
1527 2740 1621 2794 lib.
1666 2757 1683 2795 ι
1738 2736 1829 2819 βεΔ

232 2832 537 2901 principiis,
570 2847 690 2902 cap.
720 2833 774 2898 5,
808 2842 861 2886 et
894 2833 988 2887 lib.
1019 2848 1094 2897 tv,
1129 2848 1249 2902 cap.
1282 2832 1337 2887 2.
1373 2831 1656 2887 Postremo
1687 2847 1817 2888 sane
1858 2869 1863 2879 ς

235 2925 360 2980 loco
393 2934 558 2994 caput
601 2926 836 2994 primum
868 2926 1201 3009 .Pltilocalice
1250 2925 1505 2981 Hermam
1557 2925 1812 2981 ostendit.

234 3017 305 3072 Et
332 3027 526 3073 contra
560 3017 699 3073 forte
726 3020 1016 3089 przedictus
1038 3029 1195 3090 poeta
1246 3018 1466 3074 Hermes
1498 3022 1813 3090 scripserat,

233 3122 345 3162 non
370 3107 635 3175 Hermas;
668 3110 770 3165 nisi
800 3110 868 3175 si,
896 3126 1057 3181 quem
1091 3127 1335 3189 errorem
1364 3126 1578 3167 errasse
1605 3110 1814 3165 videtur
1842 3141 1883 3198 ο

238 3199 628 3271 pseudo-Pius,
666 3200 919 3256 Hermem
955 3212 1008 3257 et
1029 3201 1285 3257 Hennam
1319 3219 1417 3274 pro
1449 3219 1559 3259 uno
1588 3204 1809 3259 eodem-

234 3305 347 3358 que
382 3290 652 3346 habuerit.
696 3290 806 3346 Ncc
846 3291 1136 3358 dissimili,
1178 3294 1429 3363 quamvis
1464 3294 1568 3348 alia
1614 3294 1812 3364 depra-

234 3380 461 3435 vatione
492 3382 759 3438 editiones
800 3382 857 3436 S.
888 3380 1202 3454 Hieronymi
1247 3385 1387 3438 libro
1412 3383 1488 3437 De
1516 3386 1811 3440 nominibus

238 3471 519 3529 Hebraicis
543 3515 558 3537 ,
607 3475 785 3545 capite
832 3476 898 3531 de
927 3475 1168 3546 Epistola
1208 3477 1275 3531 ad
1308 3475 1614 3541 Romanos,
1660 3478 1814 3533 exhi-

235 3563 388 3630 bent,
429 3563 642 3628 Ermon,
688 3566 1198 3620 anathematizantes
1249 3583 1554 3631 maerorem;
1601 3583 1725 3621 cum
1761 3578 1814 3622 et

235 3670 327 3707 res
359 3656 500 3726 ipsa,
536 3664 592 3710 et
628 3656 807 3726 capita
850 3656 917 3712 de
940 3655 1217 3722 Numeris,
1250 3657 1317 3711 de
1343 3656 1494 3712 Actis
1536 3657 1813 3726 apostolo~

232 3764 385 3812 rum,
419 3746 611 3801 Ermen
639 3750 1008 3817 reponendum
1040 3748 1431 3818 persuadeant;
1466 3749 1677 3804 tametsi
1708 3748 1813 3801 Er-

233 3860 363 3898 rnon
402 3860 620 3915 quoque
665 3846 856 3900 eodem
900 3860 1065 3900 sensu
1100 3853 1406 3913 exponatnr
1444 3843 1500 3897 in
1543 3844 1813 3913 capitibus

233 3935 311 3991 de
354 3934 798 4001 Deuteronomio,
851 3935 918 3990 de
969 3934 1097 3989 Jesu
1153 3933 1300 3991 Nave
1361 3934 1476 4005 (ubi
1526 3950 1812 4007 perperam

236 4020 414 4077 Binan
443 4024 692 4094 apparet)
731 4035 784 4078 et
806 4024 873 4078 de
896 4022 1184 4078 Psalterio.

306 4112 430 4169 Jam
458 4130 588 4171 vero
610 4132 674 4169 ex
702 4115 880 4169 Ruﬁni
906 4115 975 4169 ad
999 4114 1301 4184 Symbolum
1328 4114 1508 4170 verbis
1531 4113 1816 4170 obscurio-

235 4208 393 4264 ribus
436 4209 683 4263 nascitur
720 4209 972 4277 quaestio.
1018 4207 1151 4274 Quae
1194 4208 1241 4263 si
1282 4208 1355 4262 ita
1389 4207 1814 4277 distinguantur,

233 4298 477 4353 Libellus
517 4301 609 4370 qui
634 4301 833 4354 dicitur
858 4301 1101 4356 Pastoris
1140 4303 1248 4357 sive
1277 4298 1571 4365 Hermatis,
1597 4300 1686 4369 qui
1719 4316 1817 4370 ap-

230 4392 471 4461 pellatur
523 4392 655 4447 Dua:
688 4392 796 4446 Via:
853 4394 931 4448 vel
986 4393 1261 4449 Iudicium
1308 4392 1491 4456 Petri;
1541 4408 1682 4447 unus
1721 4408 1819 4446 no-

1915 1924 1976 1961 ea
2007 1924 2124 1978 qua:
2159 1925 2190 1961 a
2215 1908 2418 1977 Spiritu
2455 1910 2736 1973 didicerat,
2771 1912 2847 1964 sic
2881 1912 3214 1980 exponimus.
3251 1912 3324 1966 Ex
3358 1914 3484 1980 hor,

1916 2000 2164 2069 inquam,
2210 2016 2463 2055 sermone
2498 2002 2849 2070 conjccernnt
2886 2002 2988 2056 viri
3030 2003 3174 2057 docti
3210 2003 3488 2059 Pastorem

1915 2093 2325 2147 commentariis
2360 2093 2427 2147 ab
2452 2091 2683 2164 Origene
2708 2092 2876 2149 fuisse
2910 2095 3259 2151 illustratum.
3302 2097 3488 2164 Quan-

1914 2199 2077 2254 quam
2129 2184 2369 2252 loquitur
2411 2184 2680 2239 duntaxat
2716 2187 2783 2241 de
2825 2188 3077 2257 praesenti
3121 2189 3485 2259 expositione,

1916 2290 2083 2345 quam
2134 2290 2327 2345 nempe
2360 2275 2549 2330 eodem
2583 2278 2688 2331 loci
2722 2287 2845 2347 post
2870 2277 3080 2334 Hermae
3114 2280 3483 2336 testimonium

1915 2369 2094 2424 statim
2135 2368 2433 2439 subjungit.
2488 2368 2583 2423 Est
2626 2379 2680 2424 et
2718 2370 2857 2424 alius
2900 2386 3054 2424 error
3100 2374 3483 2428 nonnullorum

1922 2459 2058 2512 adeo
2085 2475 2308 2513 crassus
2331 2500 2345 2524 ,
2385 2466 2445 2512 ut
2478 2475 2577 2513 nec
2610 2458 2954 2517 refutationis
2996 2463 3143 2533 indig
3177 2473 3249 2519 at.
3290 2464 3486 2520 Dicunt

1915 2550 1981 2604 ab
2017 2549 2365 2620 Hieronymo,
2416 2550 2469 2604 in
2510 2549 2743 2622 Prologo
2791 2554 3021 2621 galeato,
3067 2570 3162 2624 per
3209 2554 3487 2611 Pastorem

1916 2658 2025 2696 non
2075 2643 2299 2712 intelligi
2347 2643 2547 2697 librum
2597 2642 2837 2709 Hermae,
2886 2646 2980 2701 scd
3018 2647 3234 2701 tertium
3268 2647 3488 2703 Macha—

1914 2734 2189 2801 bzeorum,
2236 2742 2484 2789 cantorta
2535 2743 2589 2787 et
2632 2734 2789 2804 longe
2839 2735 3005 2804 petita
3054 2744 3268 2791 utentes
3314 2738 3485 2791 dedu-

1917 2826 2095 2880 ctione
2150 2825 2257 2878 ἀπὸ
2301 2826 2402 2896 τῆς
2444 2826 2713 2889 παστάδος
2760 2826 2874 2880 sive
2916 2827 3187 2890 παστίδος.
3236 2828 3372 2882 Cum
3416 2843 3487 2884 ex

1917 2919 2039 2973 aliis
2084 2917 2398 2989 Hieronymi
2448 2928 2882 2989 ceterorumque
2933 2920 3067 2975 locis
3122 2936 3210 2976 res
3251 2919 3484 2977 manife-

1918 3012 2157 3069 stissime
2185 3021 2386 3082 pateat.

1990 3105 2250 3175 Denique,
2282 3106 2441 3175 cujus
2466 3105 2730 3160 habemus
2765 3103 3265 3161 animadversiones
3286 3107 3486 3162 multas

1916 3198 1982 3254 ad
2012 3208 2259 3253 nostrum
2294 3208 2602 3262 auctorem,
2637 3196 2912 3262 Barthius,
2940 3213 3065 3251 cum
3107 3200 3306 3266 passim
3339 3199 3483 3255 labi-

1913 3299 2025 3357 tur,
2053 3300 2166 3343 tum
2210 3298 2400 3344 contra
2443 3290 2723 3359 antiquam
2758 3304 2874 3343 eam
2909 3290 3217 3345 versionem
3245 3300 3487 3361 quatuor

1915 3381 2226 3437 committit.
2256 3370 2440 3445 Prius,
2479 3381 2799 3449 appellando
2838 3382 3123 3447 rusticam,
3154 3382 3488 3436 semibarba-

1912 3488 2053 3538 ram,
2091 3472 2464 3526 semiveterem
2497 3489 2509 3524 :
2538 3474 2680 3540 quod
2724 3474 3037 3543 neutiquam
3079 3483 3181 3528 cst.
3219 3474 3485 3541 Alterum,

1915 3572 2113 3619 temere
2145 3572 2198 3619 et
2229 3565 2434 3634 absque
2470 3566 2578 3620 ulla
2619 3567 2850 3633 ratione,
2885 3570 2995 3624 imo
3041 3579 3230 3623 contra
3267 3585 3490 3631 omnem

1914 3656 2180 3711 rationem
2202 3697 2216 3721 ,
2250 3656 2586 3718 aﬁirmando,
2620 3658 2889 3726 epitomen
2945 3661 3118 3730 magis
3162 3676 3284 3715 esse
3318 3676 3484 3729 quam

1914 3748 2431 3818 interpretationem.
2500 3752 2570 3801 At
2608 3750 2762 3804 aliter
2804 3767 2915 3805 rem
2961 3769 3020 3807 se
3068 3752 3267 3807 habere
3321 3754 3488 3823 liquet

1914 3858 1981 3897 ex
2023 3841 2400 3895 convenientia
2454 3848 2697 3895 textuum
2737 3859 2767 3896 a
2815 3842 3088 3897 veteribus
3129 3844 3482 3913 prolaturum.

1914 3930 2178 4001 Equidem
2215 3930 2467 3984 videntur
2497 3932 2598 3985 ista
2628 3931 2785 3986 citari
2816 3948 2881 3986 ex
2907 3931 3130 3987 Pastore
3160 3949 3189 3986 a
3209 3934 3486 3989 Clemente

1917 4022 2116 4079 Strom.
2150 4039 2208 4089 ll,
2236 4039 2358 4093 pag.
2408 4023 2550 4077 584:
2586 4024 2913 4094 Προηγεῖται
2964 4024 3062 4096 μὲν
3096 4026 3297 4090 πίστις,
3326 4025 3486 4095 φόϐος

1915 4117 1973 4171 δὲ
2001 4115 2290 4186 οἰκοδομεῖ,
2323 4115 2518 4168 τελειοῖ
2545 4116 2601 4169 δὲ
2651 4118 2683 4186 ἡ
2717 4117 2921 4188 ἀγάπη.
2978 4117 3237 4173 Prwcedit
3273 4119 3485 4192 quidem

1917 4212 2069 4281 ﬁdes,
2110 4212 2268 4264 timor
2311 4227 2429 4265 vero
2474 4212 2732 4279 wdiﬁcat.
2770 4211 2972 4280 perﬁcit
3005 4221 3178 4265 autem
3213 4213 3483 4276 rharitas;

1918 4321 2038 4375 qua:
2085 4305 2155 4357 ibi
2192 4319 2298 4357 non
2340 4303 2725 4368 inveniuntur;
2766 4319 2951 4356 verum
2996 4304 3290 4360 Clementis
3332 4316 3482 4371 sunt,

1920 4412 2019 4452 sua
2053 4395 2356 4450 Hermaicis
2394 4394 2790 4449 interserentis.
2825 4393 3065 4448 Tertium
3102 4397 3483 4461 commissum,

231 4495 352 4536 ster
387 4481 524 4540 liber
564 4496 800 4552 quatuor
836 4494 986 4555 geret
1032 4484 1274 4549 nomina,
1312 4481 1533 4550 Pastor,
1567 4482 1814 4551 Hermas,
1848 4485 1893 4540 D
1919 4490 2138 4562 quando
2181 4488 2430 4544 futilibus
2485 4487 2815 4555 conjectnris
2859 4488 3179 4555 hariolatur,
3222 4489 3483 4559 scriptam

232 4574 376 4634 Duo:
408 4573 549 4640 Vite,
583 4572 858 4628 Iudicium
888 4575 1059 4629 Petri.
1101 4575 1196 4629 Sin
1241 4582 1421 4627 autem
1466 4574 1557 4628 ubi
1604 4575 1813 4646 virgula

230 4667 597 4736 conspicitur,
635 4668 812 4737 major
845 4668 1123 4722 distinctio
1164 4682 1419 4738 ponatur,
1467 4668 1578 4722 duo
1608 4679 1810 4739 puncta

232 4756 321 4811 vel
351 4766 611 4827 punctum
649 4774 772 4811 cum
810 4759 1019 4830 virgula
1042 4800 1058 4826 ,
1099 4760 1209 4814 duo
1247 4760 1649 4815 constituentur
1688 4760 1811 4814 libri

232 4849 571 4915 binomines,
606 4852 740 4905 alter
773 4851 1036 4920 Pastoris,
1068 4854 1173 4908 sive
1202 4853 1491 4919 Hermatis,
1522 4854 1659 4908 alter
1682 4853 1814 4909 Dure

242 4941 393 5008 l'ica,
443 4941 520 4995 vel
557 4941 833 4996 Iudicium
862 4942 1028 4997 Petri.
1091 4944 1351 5014 Equidem
1386 4945 1569 5000 nullus
1602 4943 1809 5010 dubito,

231 5032 373 5104 quin
410 5032 629 5088 diversa
660 5034 940 5089 volumina
973 5036 1319 5091 exstiterint:
1357 5036 1604 5106 suspicor
1640 5036 1812 5107 magis

230 5140 263 5179 ι
288 5121 491 5179 Rufino
518 5125 806 5197 scriptum,
839 5126 1074 5182 Libellus
1104 5131 1194 5198 qui
1218 5128 1416 5181 dicitur
1433 5128 1676 5182 Pastoris
1705 5128 1812 5183 sive

235 5212 550 5279 Humatis;
580 5219 772 5288 quique
808 5218 1110 5289 appellatur
1130 5219 1262 5274 Duo:
1298 5218 1408 5274 Via:
1436 5219 1514 5273 vel
1537 5218 1811 5274 Iudicium

232 5304 411 5361 Petri.
460 5306 740 5376 Rationes,
788 5326 888 5365 cur
930 5326 1091 5381 opera
1144 5327 1253 5365 non
1304 5310 1657 5378 confundam,
1696 5312 1811 5367 ha'c

232 5407 396 5454 sunt:
429 5400 480 5453 l.
511 5399 586 5455 De
618 5417 727 5455 uno
748 5402 930 5457 libello
964 5404 1043 5457 sic
1078 5403 1292 5459 locutus
1327 5404 1561 5459 fuisset:
1596 5403 1701 5469 Qui
1725 5405 1811 5458 di-

232 5491 378 5544 citur
407 5489 679 5554 Pastoris,
708 5494 813 5548 sive
840 5492 1133 5564 Hermatis,
1166 5496 1271 5550 sive
1298 5496 1431 5550 Duce
1456 5494 1587 5560 Vite,
1612 5496 1690 5551 vel
1708 5496 1809 5549 Iu-

228 5582 431 5649 dicium
453 5582 622 5637 Petri.
683 5584 739 5638 2.
769 5582 825 5639 in
856 5593 968 5641 toto
993 5585 1217 5642 Pastore
1243 5602 1310 5643 ne
1338 5588 1562 5642 verbum
1590 5588 1805 5658 quidem

232 5673 300 5729 de
325 5673 509 5731 Petro.
554 5676 606 5730 5.
635 5674 902 5733 Pauciora
934 5679 1001 5734 de
1035 5679 1248 5735 duabus
1270 5679 1375 5734 viis
1405 5678 1613 5750 profert
1646 5666 1863 5736 initio

232 5769 478 5829 mandati
526 5770 703 5839 sexti,
759 5785 924 5841 quam
981 5782 1039 5828 ut
1087 5771 1210 5829 inde
1263 5787 1461 5830 nomen
1488 5760 1798 5842 'acciperct.

1917 4578 2090 4633 fuisse
2138 4586 2261 4647 post
2310 4574 2629 4649 Hieronymi
2681 4587 2950 4645 tempora,
3000 4587 3053 4632 et.
3102 4579 3171 4632 ab
3196 4582 3485 4636 Anastasio

1914 4666 2353 4723 Bibliothecario.
2406 4666 2569 4730 Esto,
2620 4667 2993 4725 concedamus
3023 4670 3331 4723 barbariem
3366 4670 3487 4724 nbi-

1913 4778 2020 4831 que
2048 4761 2292 4816 redolere
2319 4778 2331 4815 :
2358 4777 2487 4816 num
2519 4761 2705 4816 eadem
2736 4762 2803 4816 de
2837 4777 3003 4817 causa
3040 4762 3484 4831 antiquissimam

1916 4855 2099 4910 Irenaei
2174 4856 2674 4925 interpretationem
2742 4853 3037 4933 Anastasio
3109 4854 3487 4910 ascribemus?

1915 4944 2017 4999 Sed
2076 4944 2437 5017 Hieronymus
2497 4954 2725 5000 testatur
2772 4944 3047 5015 plerisque
3093 4944 3177 5000 sui
3220 4946 3485 5014 temporis

1913 5040 2121 5094 Latinis
2156 5022 2368 5094 Hermae
2405 5040 2660 5093 volumen
2696 5038 2972 5107 ignorari!
3020 5038 3159 5104 Quid
3204 5037 3377 5091 inde?
3418 5036 3487 5090 At

1911 5133 2083 5187 multo
2124 5142 2282 5186 antea
2322 5132 2465 5202 plebi
2515 5132 2788 5187 Africana:
2831 5131 3180 5186 notissimum
3233 5128 3480 5193 exstitit;

1915 5234 2102 5294 utpote
2133 5241 2197 5279 ex
2231 5224 2388 5294 cujus
2452 5224 2685 5279 lectione
2721 5239 2840 5278 mos
2879 5222 3181 5276 invaluerat
3209 5221 3485 5290 assignato

1910 5315 2151 5370 oratione
2200 5314 2508 5380 assidendi,
2545 5302 2605 5368 ut
2643 5315 2822 5368 verbis
2869 5322 2992 5366 utar
3030 5308 3371 5365 Tertulliani.
3416 5309 3485 5363 At

1910 5422 1938 5461 a
1968 5406 2171 5462 Latinis
2201 5406 2505 5469 catholicis,
2538 5417 2780 5475 tempore
2820 5402 3111 5475 Zephyrini
3144 5417 3208 5455 ac
3237 5400 3480 5470 ejusdem

1910 5496 2336 5563 Tertulliani,ad
2374 5497 2734 5569 jugulaudam
2766 5494 3007 5549 Montani
3034 5493 3362 5563 impietatem
3388 5492 3485 5546 ad-

1908 5587 2218 5643 hibebatur.
2273 5590 2414 5645 Sane
2459 5596 2586 5644 ante
2627 5587 2975 5643 Anastasium
3012 5586 3081 5640 ab
3123 5583 3479 5654 Hieronymo.

1907 5676 2127 5747 Ruﬁno,
2151 5679 2437 5747 Cassiano,
2464 5680 2701 5745 Gelasio,
2726 5678 2864 5731 Beda
2894 5685 2949 5732 et
2969 5674 3237 5731 Walfrido
3257 5673 3480 5738 Strabo,

1907 5770 2114 5828 Latinis
2163 5773 2551 5845 scriptoribus,
2598 5782 2953 5828 memoratur.
3004 5767 3085 5825 Au
3130 5784 3355 5826 necesse
3397 5776 3482 5823 est
