4040 6322
238 334 371 391 -865

1501 325 1794 383 PASTOR.
1836 342 1905 365 ‘--
1938 328 2303 387 Ριιοοειιιι.

3401 333 3505 393 836

260 470 424 511 soror
479 462 587 510 ata
616 452 720 509 tori
750 468 855 508 usu
882 453 1197 518 dissociata,
1222 468 1351 508 non.
1373 453 1610 523 amplius
1644 454 1831 507 uxoris
1858 458 1903 514 Α
1936 456 2147 511 nasiani
2180 458 2354 528 pretio
2383 458 2453 515 el.
2485 458 2752 515 editorem
2794 454 2985 509 audire
3011 453 3212 524 juverit
3251 452 3318 507 ⁸³.
3347 470 3367 503 ι
3397 450 3511 507 Do-

264 563 494 605 inunere
526 547 865 618 fungeretur,
903 556 1138 601 testatur
1185 547 1414 617 ipsemet
1453 555 1666 601 auctor.
1726 546 1830 601 Sed

238 640 413 710 quod
462 641 541 695 rei
583 647 747 708 caput
790 646 896 701 est,
948 637 1205 694 Ecclesiae
1249 638 1510 693 Romana:
1556 640 1834 711 presbyter

260 742 387 787 erat
412 742 596 787 noster
619 729 870 793 Hermas,
898 744 963 785 eo
988 740 1229 799 tempore
1261 745 1375 800 quo
1403 745 1563 784 suum
1592 729 1832 785 Pastoris

262 839 407 894 opus
436 823 751 878 scribebat:
793 823 937 892 quod
956 821 1175 890 quidem
1199 822 1321 891 jure
1357 822 1646 890 collegisse
1686 824 1835 877 vide-

259 925 356 969 tur
394 913 705 968 Dodwellus
736 912 756 945 ⁸
785 952 800 965 .
840 930 859 963 ι
886 911 1116 967 Jubetur
1146 913 1291 967 enim
1319 913 1435 983 ipse
1456 955 1471 979 ,
1515 913 1689 983 inquit
1751 914 1835 968 vir

262 1007 511 1069 criticus,
548 1006 658 1059 duo
682 1002 1095 1058 Revelationum
1127 1018 1353 1059 suarum
1377 1003 1706 1073 exemplaria
1734 1005 1832 1059 de-

262 1100 509 1154 scribere
541 1097 618 1149 ":
660 1096 927 1151 Clementi
959 1098 1191 1152 alterum
1218 1096 1285 1151 ad
1333 1106 1552 1152 exteras
1584 1096 1833 1153 civitates

260 1190 749 1246 transmittendum
773 1206 788 1241 :
813 1190 1047 1243 alterum
1076 1188 1311 1259 Craptaa,
1336 1189 1519 1245 viduis
1544 1189 1829 1260 legendum

262 1282 639 1351 orphanisque
693 1282 798 1336 sub
830 1282 1116 1335 viduarum
1148 1297 1278 1336 cura
1322 1280 1623 1337 institutis:
1669 1299 1830 1337 suum

262 1390 399 1430 vero
421 1374 638 1428 tertium
667 1373 964 1443 exemplar,
992 1372 1248 1429 Ecclesia:
1290 1372 1554 1429 Romana:
1602 1375 1834 1429 seniori-

232 1467 374 1522 'bus
403 1481 496 1520 seu
541 1465 896 1536 presbyteris,
924 1466 1100 1534 ipsum
1148 1466 1326 1537 legere
1362 1469 1648 1537 oportebat
1693 1466 1831 1522 Hen-

236 1572 434 1611 -suam.
460 1556 616 1611 Sicut
642 1572 773 1625 ergo
801 1554 1101 1613 Clementis
1137 1556 1393 1613 Ecclesia:
1422 1558 1681 1615 Romana:
1719 1561 1835 1630 epi-

260 1650 420 1719 scopi
454 1664 658 1703 munus
686 1656 805 1703 erat
834 1649 901 1703 ad
932 1650 1173 1721 reliquos
1216 1661 1526 1707 exterarum
1564 1652 1835 1710 Ecclesia-

265 1754 390 1793 rum
424 1738 717 1808 episcopos
740 1740 986 1794 mittendi
1017 1740 1258 1796 libellum
1284 1759 1299 1807 ;
1328 1753 1381 1797 et
1403 1742 1617 1814 Craptae
1639 1744 1831 1809 viduae,

262 1830 477 1899 legendi
526 1830 750 1900 collegis
803 1830 989 1886 viduis
1036 1842 1093 1887 et
1120 1834 1417 1903 orphanis:
1455 1836 1535 1891 sic
1562 1852 1695 1890 sane
1738 1838 1831 1907 qui

264 1920 524 1977 Ecclesia:
563 1921 824 1977 Romana:
851 1925 1204 1996 .presbjteris
1252 1928 1667 1985 renuntiaturus
1715 1940 1837 1985 erat

262 2011 497 2069 Hermas
524 2049 540 2076 ,
593 2012 838 2083 ejusdem
877 2015 1079 2084 pariter
1133 2014 1390 2072 Ecclesia:
1426 2020 1607 2088 ipsum
1666 2019 1836 2077 fuisse

264 2104 645 2175 presbyterum
698 2115 818 2160 erat
857 2117 1308 2163 consentaneum.
1346 2128 1364 2163 ι
1429 2109 1703 2167 Hactenus
1754 2114 1837 2168 vir

262 2198 361 2252 ille
379 2197 647 2253 eruditus.
666 2197 787 2252 Alia
812 2200 1035 2270 insuper
1057 2202 1319 2255 nonnulla
1336 2203 1402 2258 de
1425 2213 1612 2259 nastro
1636 2203 1836 2262 Her-ma

262 2291 428 2347 libuit
448 2294 708 2352 adnotare
737 2294 1045 2351 Moshemio
1068 2297 1137 2360 ’°,
1168 2312 1290 2369 quae
1315 2308 1496 2354 tamen
1540 2299 1683 2354 haud
1721 2315 1839 2356 ma-

263 2383 363 2453 gni
386 2384 551 2439 refert
579 2401 888 2443 recensere.

258 2517 396 2603 Cn.
437 2517 501 2603 ll.
544 2522 946 2603 Opusﬂernue,
971 2525 1538 2603 Pssroniuscriptum.
1571 2530 1648 2585 De
1689 2526 1842 2589 om.

341 2594 420 2645 cis
450 2594 563 2661 ejus
600 2594 834 2663 laciniis,
868 2594 1030 2669 deque
1056 2608 1220 2654 vetere
1248 2594 1444 2654 Latina
1473 2606 1731 2658 versione.

340 2683 478 2739 Illud
500 2687 681 2756 potius
703 2696 892 2743 notatu
917 2690 1139 2762 dignum
1156 2694 1418 2759 occurrit,
1444 2695 1590 2765 quod
1616 2694 1843 2753 Hermas

266 2774 328 2829 in
351 2776 468 2833 suis
499 2778 805 2835 visionibus
836 2781 1212 2836 dcscribeudis
1251 2782 1573 2838 Zachariam
1608 2787 1844 2856 prophe-

264 2882 382 2926 tam
412 2871 659 2928 imitatus
686 2872 968 2942 videatur;
994 2876 1125 2946 quin
1151 2883 1205 2930 et
1237 2894 1254 2927 ι
1283 2891 1422 2945 opus
1446 2893 1607 2932 suum
1634 2894 1699 2934 eo
1732 2888 1843 2935 tam

264 2961 536 3032 singulari
562 2979 821 3020 exarasse
849 2966 990 3037 stylo
1010 2966 1376 3032 existimatur,
1410 2970 1557 3038 quod
1589 2970 1745 3027 illum
1774 2974 1843 3029 ad

267 3046 1029 3127 alliciendos‘moveudosque
1055 3058 1339 3113 hominum
1390 3061 1630 3131 animos,
1679 3073 1844 3136 atque

1933 550 2129 613 ctrina,
2156 550 2353 620 inquit,
2378 551 2449 604 ad
2474 551 2793 604 Antiochum
2825 548 3031 611 ducent,
3062 546 3226 600 otiosi
3270 543 3511 599 hominis

1933 649 2329 708 commentum,
2368 657 2437 697 eo
2487 652 2670 697 tamen
2725 639 2948 695 nomine
2989 637 3320 708 pretiosaet
3357 648 3512 691 eom-

1932 733 2240 789 mendanda
2295 744 2399 799 est,
2441 736 2585 806 quod
2629 749 2884 805 magnam
2926 732 3048 787 libri
3091 730 3333 785 Pastoris
3384 742 3515 799 par-

1934 830 2066 888 tem,
2111 824 2270 895 cujus
2315 825 2501 882 Graeca
2544 826 2755 896 jamdiu
2805 825 3081 889 interiere,
3126 822 3314 877 Graece
3352 820 3510 875 nobis

1933 916 2222 985 exhibeat;
2252 928 2307 973 et
2333 920 2554 988 quidem
2586 920 2660 973 ita
2692 933 2910 989 puram,
2950 917 3025 971 ita
3059 916 3268 970 Latinis
3300 914 3514 968 fierine

1934 1006 2179 1063 Pastoris
2210 1024 2533 1077 consonam,
2572 1020 2633 1066 ut
2670 1012 2735 1066 ad
2771 1012 2996 1065 verbum
3025 1024 3087 1064 ex
3126 1023 3193 1063 eo
3236 1017 3295 1062 ut
3338 1008 3511 1076 pluria-

1934 1116 2085 1155 mum
2110 1104 2441 1172 descriptam
2477 1117 2600 1159 esse
2631 1104 2987 1173 conspicuum
3024 1101 3114 1157 sit.
3144 1098 3331 1153 Primo
3355 1113 3514 1152 nam-

1924 1207 2040 1261 .que
2095 1194 2328 1263 scriptor
2388 1194 2492 1249 iste
2552 1195 2884 1250 Antiochum
2948 1192 3108 1247 nobis
3159 1198 3510 1260 reprtescntat

1934 1287 2227 1341 adeuntem
2292 1286 2350 1342 S.
2405 1288 2797 1352 Athanasium,
2856 1284 3191 1340 inﬁrmitatis
3239 1296 3514 1351 corporeae

1933 1391 2132 1444 causa;
2163 1386 2223 1432 ut
2267 1394 2375 1433 una
2419 1380 2675 1449 precibus
2704 1380 2820 1433 suis
2845 1379 2985 1433 levet
3022 1374 3423 1445 agritudinem,
3459 1380 3513 1427 et

1936 1466 2161 1521 monitis
2193 1469 2336 1521 viain
2374 1478 2531 1537 paret
2565 1467 2634 1522 ad
2666 1468 3067 1539 paenitentiam.
3103 1464 3241 1520 Huic
3269 1464 3515 1518 Athana-

1935 1558 2053 1613 sius
2102 1558 2322 1613 sanitati
2370 1560 2647 1624 restituto,
2698 1560 2988 1615 duodecim
3033 1557 3285 1613 Mandata
3319 1556 3517 1627 tradit,

1935 1664 2060 1719 qua:
2084 1650 2220 1705 nihil
2267 1651 2415 1705 aliud
2448 1660 2578 1706 sunt
2616 1668 2781 1722 quam
2832 1652 3120 1707 duodecim
3162 1651 3254 1705 illa
3302 1648 3517 1703 Hei-ma:

1938 1741 2181 1797 Pastoris
2216 1742 2500 1809 Mandata,
2550 1744 2750 1814 qui-bus
2777 1753 2993 1798 constat
3039 1742 3177 1797 liber
3213 1740 3513 1805 secundus,

1935 1833 2011 1888 ita
2040 1841 2221 1889 tamen
2259 1843 2319 1888 ut
2347 1850 2455 1888 non
2505 1835 2711 1905 integra
2754 1850 3000 1905 semper,
3041 1833 3136 1888 sed
3185 1832 3513 1902 quibusdam

1938 1925 2206 1996 ademptis
2243 1926 2451 1980 all'erat.
2486 1923 2690 1981 Deinde
2718 1926 2888 1980 multa
2920 1926 3027 1979 alia
3057 1941 3121 1979 ex
3153 1924 3348 1980 eodem
3373 1923 3516 1978 libro

1938 2016 2069 2073 hinc
2096 2018 2223 2072 inde
2241 2029 2609 2083 consuuutur,
2633 2034 2699 2073 ac
2727 2029 3004 2089 p'istremo
3036 2032 3287 2087 magnam
3310 2025 3364 2071 et
3389 2032 3519 2087 pro-

1937 2110 2105 2165 lixam
2167 2120 2353 2164 narrat
2412 2110 2666 2165 Antiochi
2722 2111 3010 2173 visionem,
3061 2108 3402 2178 quamvitem
3445 2123 3517 2165 ex

1938 2204 2103 2258 tertio
2132 2202 2373 2258 Pastoris
2404 2202 2545 2256 libro
2584 2212 2865 2257 mutuatus
2896 2211 3001 2255 est.
3036 2200 3150 2255 Hoc
3171 2201 3356 2271 itaque
3378 2216 3516 2270 opu-

1940 2295 2152 2350 sculum
2184 2295 2310 2350 licet
2339 2296 2514 2364 prima
2546 2292 2725 2348 fronte
2766 2294 2917 2348 flocci
2949 2294 3169 2363 quidem
3204 2292 3515 2349 faciendum

1926 2390 2213 2454 .videatur,
2247 2388 2473 2443 maximi
2501 2398 2682 2443 tamen
2705 2398 2789 2442 est
2818 2388 3077 2443 momenti
3101 2406 3116 2454 ;
3156 2388 3358 2459 quippe
3387 2403 3515 2442 cum

1941 2482 2065 2538 libri
2095 2482 2241 2536 illius
2272 2481 2645 2549 apostolorum
2677 2496 2794 2535 arvo
2828 2479 2981 2544 editi,
3004 2491 3055 2535 et
3083 2496 3115 2535 a
3147 2489 3228 2535 tot
3264 2478 3518 2536 Patribus

1942 2589 2047 2631 nec
2096 2574 2215 2630 sine
2268 2574 2430 2629 laude
2475 2572 2783 2637 memorati,
2825 2572 2996 2627 multa
3027 2582 3080 2627 et
3108 2573 3319 2643 prolixa
3354 2574 3519 2630 nobis

1943 2666 2243 2739 fragmenta
2272 2666 2597 2737 suppeditet.
2641 2684 2659 2717 ι
2692 2664 2965 2719 Hactenus
3002 2663 3066 2719 V.
3087 2664 3152 2720 C.

2015 2759 2279 2826 Quamvis
2306 2773 2436 2814 vero
2467 2767 2649 2813 textus
2673 2757 3133 2814 HermaeGrzecus
3157 2757 3517 2822 interciderit,

1947 2850 2155 2921 integra
2197 2859 2379 2904 tamen
2428 2857 2608 2904 exstat
2662 2849 3036 2920 interpretatio
3093 2849 3309 2916 Latina,
3356 2850 3521 2920 cujus

1946 2952 2140 2997 auctor
2184 2943 2405 3012 penitus
2454 2941 2848 3012 incompertus.
2879 2940 2986 2996 Sed
3017 2941 3270 3012 quisquis
3294 2941 3517 2997 demum

1946 3034 2038 3089 ille
2078 3033 2273 3097 fuerit,
2334 3034 2455 3104 ejus
2499 3045 2680 3088 tamen
2728 3033 3037 3089 versionem
3089 3034 3517 3089 vetustissimam

268 3144 341 3199 ad
369 3145 682 3201 tradendam
716 3124 1025 3203 doctrinam
1062 3164 1216 3205 suam
1256 3124 1700 3220 aptissimum'et
1735 3124 1849 3213 elli—
1873 3140 1916 3202 (δ
1947 3142 2069 3220 ei?”
2109 3136 2343 3220 conftai’
2386 3135 2596 3220 -mp9?
2622 3141 2743 3197 qum
2784 3124 3105 3220 “imula”
3146 3134 3303 3220 an“?
3347 3127 3518 3182 misse

269 3239 630 3293 cacissimum
656 3240 954 3309 judicaret,
996 3260 1016 3293 ›
1050 3250 1109 3296 ut
1161 3244 1385 3313 conjicit
1431 3246 1516 3300 vir
1545 3247 1742 3303 doetus
1776 3250 1846 3309 “.

267 3329 445 3384 Aliter
477 3340 656 3386 tamen
684 3332 861 3386 visum
879 3334 1092 3388 erudito
1125 3332 1480 3392 Dodwello".
1513 3338 1645 3411 Ejus
1662 3351 1845 3398 autem

268 3420 412 3475 liber
446 3423 690 3492 antiquis
736 3422 990 3480 Patribus
1044 3425 1158 3481 sive
1189 3426 1396 3484 Graecis
1451 3430 1566 3487 sive
1609 3431 1843 3502 Latinis,

268 3513 470 3568 Pastor
503 3526 598 3570 aut
625 3515 758 3570 liber
781 3515 1025 3572 Pastoris
1059 3520 1261 3589 passim
1305 3524 1608 3593 appellatur
1632 3519 1653 3595 ’;
1696 3529 1848 3586 inde-

268 3622 377 3679 que
410 3608 646 3665 fortasse
669 3609 911 3665 derivata
940 3610 1313 3668 denominatio
1336 3616 1674 3685 hujusmodi,
1698 3623 1845 3692 quod

267 3700 327 3755 in
364 3708 482 3756 toto
509 3702 678 3756 ferme
704 3719 870 3774 opere
898 3699 1092 3758 Pastor
1114 3705 1392 3761 inducitur
1426 3707 1681 3767 Hermam
1707 3716 1846 3771 allo-

266 3809 447 3863 quens
480 3802 536 3849 et
580 3793 903 3851 informans.
934 3794 1090 3851 Nunc
1118 3812 1251 3853 vero
1276 3800 1455 3855 tribus
1488 3802 1849 3877 distinguitur

266 3888 451 3953 libris,
481 3904 717 3959 quorum
744 3890 955 3961 primus
1000 3888 1239 3947 Visiones
1273 3910 1349 3959 iv,
1381 3897 1656 3954 secundus
1682 3898 1847 3954 Man-

226 3996 235 4007 "
264 3981 402 4036 data
436 3998 537 4049 xu,
561 3982 753 4040 tertius
787 3981 1178 4038 Similitudines
1205 4002 1238 4040 x
1274 3989 1675 4059 complectitur.
1722 3990 1848 4051 Haec

267 4086 453 4131 tamen
485 4076 685 4133 divisio
716 4078 1119 4148 posterioribus
1142 4080 1444 4140 editoribus
1485 4086 1845 4157 ascribcnda;

269 4168 545 4239 siquidem
584 4170 731 4223 illam
772 4184 949 4238 neque
998 4182 1132 4225 mss.
1172 4173 1723 4248 cxemplaria,neque
1753 4196 1846 4235 ve-

270 4261 402 4316 tusti
434 4262 729 4331 scriptores
752 4271 1100 4333 agnoscunt;
1130 4263 1263 4332 quin
1287 4272 1342 4319 et
1379 4283 1408 4320 ιι
1445 4268 1726 4325 codicibus
1750 4270 1845 4341 qui

271 4365 535 4426 superant
556 4357 747 4411 abesse
767 4355 1008 4427 capitum
1027 4356 1306 4424 lemmata,
1323 4357 1628 4417 Cotelerius
1645 4363 1847 4435 aliique

268 4448 692 4505 observarunt.‘
930 4454 933 4459 '

1948 3217 2163 3272 videtur
2191 3216 2449 3273 Ecclesia:
2483 3216 2755 3273 Africanae
2784 3218 3103 3285 notissima;
3147 3218 3293 3287 quod
3328 3220 3521 3289 utique

1949 3320 2135 3379 aperte
2164 3310 2440 3379 colligitur
2458 3326 2526 3364 ex
2550 3312 2671 3379 ejus
2699 3310 2841 3365 libro
2874 3309 2948 3365 De
2969 3312 3228 3379 oratione,
3261 3312 3403 3366 unde
3445 3313 3522 3368 lu-

1947 3414 2073 3455 cum
2115 3399 2465 3469 desuinptum
2522 3400 2664 3454 inter
2709 3409 2949 3455 veterum
2989 3402 3297 3457 testimonia
3330 3403 3521 3457 retuli-

1948 3509 2092 3550 mus.
2124 3490 2316 3548 Herito
2348 3494 2512 3563 igitur
2553 3508 2584 3547 a
2616 3492 2748 3548 viris
2788 3494 3017 3549 eruditis
3061 3497 3282 3566 explosa
3310 3495 3519 3551 Barthii

1948 3585 2239 3651 sententia,
2268 3585 2510 3639 Pastoris
2552 3584 2854 3640 versionem
2884 3587 3175 3643 Anastasio
3221 3586 3521 3644 Bibliothe-

1947 3678 2099 3733 cario
2126 3678 2448 3733 ascribentis
2472 3678 2516 3708 ”
2542 3694 2558 3732 :
2591 3691 2712 3747 qua!
2738 3677 2949 3733 scilicet
2982 3679 3139 3749 longe
3165 3688 3291 3734 ante
3324 3678 3519 3735 Hieru-

1948 3786 2135 3841 i.ymo,
2182 3770 2401 3836 Rufino,
2449 3770 2716 3825 Cassiano
2756 3770 2989 3840 aliisque
3032 3772 3326 3828 Anastasio
3373 3773 3522 3827 auti-

1947 3864 2240 3933 quioribus
2296 3864 2552 3919 Patribus
2604 3872 2887 3933 comperta
2940 3862 3111 3919 fuisse
3169 3865 3520 3934 perhibetur;

1946 3964 2164 4023 quaque
2210 3953 2435 4023 insuper
2481 3968 2613 4007 usus
2656 3954 2988 4024 comperitur
3027 3964 3276 4009 vetustus
3323 3964 3517 4011 auctor

1949 4045 2188 4099 bomiliaa
2243 4045 2321 4099 De
2359 4046 2683 4101 aleatoribus
2733 4048 2875 4102 inter
2910 4063 3074 4117 opera
3125 4046 3412 4118 Cypriani,
3458 4059 3518 4104 ut

1947 4138 2086 4193 alios
2130 4146 2537 4208 prietereamus.
2581 4139 2713 4206 Quae
2756 4154 2886 4193 vero
2937 4139 3120 4194 subdit
3145 4140 3286 4195 idem
3316 4156 3516 4196 censor

1946 4230 2014 4284 de
2060 4230 2163 4282 hac
2217 4229 2442 4299 antiqua
2496 4232 2990 4301 versiouequibus
3026 4232 3173 4286 illam
3211 4232 3515 4302 deprimere

1947 4330 2200 4389 conatur,
2244 4321 2463 4378 levioris
2499 4334 2629 4378 sunt
2668 4323 2929 4378 momenti
2960 4339 3125 4394 quam
3158 4324 3299 4379 utin
3330 4324 3399 4380 iis
3425 4343 3513 4381 rc-

1948 4414 2194 4473 iellendis
2215 4424 2429 4486 tempus
2449 4418 2813 4472 insumamus.

343 4541 463 4598 Hoc
493 4551 671 4598 autem
703 4558 842 4615 opus
872 4541 1058 4599 Grece
1100 4545 1336 4615 primum
1386 4545 1556 4603 fuisse
1584 4548 1845 4619 scriptum
1882 4502 1926 4557 Β
1950 4526 2906 4619 (δῦτε,Ριξχρξιφξιολη,ηνεέελαρμιά
2951 4529 3175 4619 Ρξιέιξιξηι
3216 4533 3515 4619 Ρεωετξξξί·

271 4650 440 4689 nemo
488 4637 663 4691 nescit
717 4653 730 4690 :
771 4636 1062 4691 dolendum
1098 4647 1280 4692 tamen
1309 4638 1456 4709 quod
1495 4648 1672 4696 textus
1707 4640 1853 4712 jam-

224 4719 231 4724 ’
270 4729 480 4783 dudum
510 4736 813 4798 temporum
842 4729 1040 4799 injuria
1074 4731 1153 4786 sic
1178 4732 1460 4798 exciderit,
1498 4740 1557 4786 ut
1588 4735 1848 4789 nonnulla

274 4830 488 4876 tantum
521 4822 640 4876 loca
694 4823 993 4891 supersint,
1039 4825 1396 4879 vetustiorum
1443 4824 1665 4879 Patrum
1697 4826 1841 4882 Grae-

269 4929 466 4970 corum
498 4915 754 4985 operibus
798 4917 1025 4971 intexta.
1078 4916 1292 4983 Quibus
1344 4918 1563 4987 quidem
1605 4918 1843 4985 laciniis,

272 5005 332 5062 in
372 5006 564 5077 primis
603 5023 729 5062 vero
775 5006 1096 5078 fragmentis
1133 5009 1198 5063 iis
1230 5025 1352 5078 qua:
1386 5011 1520 5065 satis
1556 5010 1722 5064 multa
1749 5026 1843 5066 oc-

270 5108 505 5155 currunt
561 5098 616 5154 iu
674 5100 925 5154 Doctrina
972 5102 1041 5153 ad
1090 5100 1406 5154 Antiochum
1448 5102 1652 5169 ducem,
1701 5102 1843 5157 inter

274 5190 563 5246 Athanasii
594 5192 936 5261 supposititia
984 5191 1220 5262 primum
1256 5207 1286 5245 a
1325 5191 1642 5247 doctissimo
1668 5191 1845 5248 Mont-

274 5282 532 5338 fauconio
558 5285 828 5353 evulgata,
857 5284 1069 5355 jactura
1084 5282 1397 5353 hujusmodi
1423 5292 1701 5354 utcunque
1725 5298 1844 5338 sar-

274 5377 377 5436 ciri
425 5384 620 5448 potest.
672 5375 873 5431 Verum
917 5377 984 5431 de
1016 5375 1178 5445 hujus
1216 5374 1395 5445 operis
1430 5374 1845 5448 pseudo-Atha-

2013 4615 2127 4671 ntos
2158 4601 2417 4654 habitant.
2468 4600 2631 4655 Valde
2661 4602 2791 4655 utile
2811 4602 2935 4671 jure
2957 4604 3341 4659 existimatum.
3378 4604 3519 4658 Hinc

2020 4669 2281 4743 immerito
2328 4688 2360 4743 a
2401 4671 2667 4743 nonnullis
2712 4669 3038 4743 reprobatur.
3097 4672 3387 4728 Solvuntur
3418 4677 3518 4729 uli-

2017 4739 2499 4822 quotobjectiones,
2540 4742 2602 4795 ab
2629 4739 2963 4813 antiquorum
3008 4743 3233 4798 Patrum
3282 4748 3516 4799 auctori-

2020 4819 2128 4863 tate
2150 4819 2348 4880 petitis.

2016 4900 2236 4958 Patrum
2267 4904 2688 4974 antiquissimis,
2714 4905 2917 4962 Crazcis
2952 4907 3004 4960 in
3036 4907 3251 4977 primis,
3281 4918 3431 4963 tanto
3458 4909 3510 4962 in

1946 5004 2122 5072 pretio
2174 5001 2275 5056 fuit
2319 4999 2530 5057 Hermae
2578 4999 2793 5065 Pastor,
2843 5008 3163 5069 tantumque
3195 4999 3334 5066 apud
3365 5001 3513 5069 ipsos

1947 5096 2269 5150 auctoritate
2308 5095 2498 5161 valuit,
2534 5103 2593 5149 ut
2624 5094 2693 5149 ab
2732 5080 2921 5149 eorum
2968 5093 3265 5155 nonnullis,
3297 5103 3353 5145 ut
3385 5102 3511 5162 puta

1950 5185 2173 5255 lrenaao,
2209 5188 2487 5243 Clemente
2538 5186 2907 5241 Alexandrino
2952 5194 3117 5255 atque
3161 5183 3394 5255 Origene
3440 5184 3509 5247 ⁸⁸,

1949 5268 2113 5337 fuerit
2145 5283 2285 5336 inter
2311 5278 2604 5336 canonicas
2634 5280 2947 5349 Scripturas
2972 5278 3273 5333 recensitus
3309 5294 3321 5330 :
3349 5275 3513 5331 adeo-

1950 5389 2057 5444 que
2082 5373 2217 5428 nihil
2246 5373 2465 5437 mirum,
2505 5372 2552 5427 si
2588 5387 2726 5442 opus
2754 5370 2885 5425 illud
2944 5370 2998 5423 in
3044 5368 3285 5439 antiquis
3314 5369 3512 5421 biblio-

349 5515 395 5548 "
421 5514 609 5571 Dodvr.
644 5514 699 5568 in
743 5514 909 5570 addit.
933 5512 998 5568 ad
1033 5512 1218 5584 Pears.
1241 5513 1397 5584 0pp._
1427 5521 1567 5583 post.
1600 5528 1721 5584 pag.
1756 5512 1880 5584 17796.
1905 5504 1961 5569 et
1987 5513 2041 5568 in
2070 5512 2299 5584 Dissert.
2332 5510 2497 5584 sing.,
2527 5510 2832 5584 ibid.,_pag.
2868 5508 2987 5584 158.
3069 5509 3110 5540 ¹⁹
3131 5506 3318 5584 Herm.
3352 5506 3502 5584 Ιξαξι.

274 5587 371 5643 lib.
412 5602 461 5656 ι,
493 5586 596 5641 vis.
636 5600 840 5656 il,_cap.
869 5588 924 5656 4.
998 5582 1337 5656 ξοωᾳειιεηιζ
1368 5582 1554 5656 Ιιιιιὶι.

274 5670 415 5713 tom.
438 5655 478 5719 Ι,
527 5672 647 5725 pag.
671 5654 757 5709 57.
788 5652 805 5656 ⁷
836 5658 880 5689 ’⁸
898 5654 1081 5711 Dodw.
1114 5654 1335 5725 Dissert.
1362 5671 1398 5709 ιι
1427 5655 1483 5707 in
1522 5652 1688 5725 Iren.,

1723 5652 1880 5725 §va,

1645 5577 1734 5639 ist.
1768 5583 1969 5639 Christ.
2009 5583 2351 5653 major..pag.
2394 5577 2521 5636 225.
2598 5577 3065 5653 "Niiurerpar.
3096 5579 3165 5633 ad
3188 5577 3326 5632 Bibl.
3368 5577 3507 5653 lfP_.,

1934 5672 1986 5724 p.
2024 5652 2148 5722 £20,
2181 5652 2248 5724 et;
2274 5654 2327 5707 in
2369 5654 2537 5708 addit.
2582 5652 2889 5724 aduPears.

2978 5664 3066 5719 pp.
3095 5658 3259 5718 pust.,
3288 5664 3341 5719 p.
3378 5649 3509 5704 I97.

273 5729 321 5763 ³³
361 5719 551 5783 Moutf.
584 5719 781 5780 Athan.
828 5725 962 5796 Opp.
1015 5735 1147 5796 tom.
1197 5724 1261 5785 ll,
1323 5741 1376 5795 p.
1408 5726 1545 5790 25L
1594 5719 1818 5791 lenit”

1940 5719 2073 5779 "lli.
2134 5719 2198 5759 1‘
2219 5723 2409 5779 Barth.
2441 5734 2535 5777 not
2574 5724 2629 5777 iu
2667 5721 2851 5777 Herm.
2877 5735 2998 5793 pag.
3031 5719 3156 5777 855.
3236 5721 3281 5753 "
3303 5720 3511 5776 vidcsis

240 5780 243 5781 ν
276 5780 460 5854 Veter.
486 5780 763 5875 ,testimon.
796 5780 1016 5865 ,ιιέι-ἱυω
1044 5780 1259 5858 Pastori
1284 5780 1583 5867 pimiuissa.
