4040 6322
601 289 703 347 887

2049 286 2108 338 δ.
2147 284 2411 337 ΗΕΙιΜΔΞι
3707 290 3791 343 868

604 425 728 466 rum
782 408 1065 465 codicibus
1118 413 1283 477 atque
1346 407 1403 463 in
1457 415 1703 464 veterum
1756 406 2181 474 Stichometriis,
2214 410 2257 465 Α
2283 414 2494 476 ptorum
2524 412 2753 459 veterum
2781 417 3065 473 usurpasse
3094 402 3391 457 testimonia
3426 401 3661 457 declarat.
3700 402 3798 462 "me

590 503 741 558 Novi
784 501 1031 557 Foederis
1082 501 1241 555 libris
1278 500 1588 571 subjectum
1646 502 1969 570 reperiatur.
2013 499 2187 554 Atha-

607 594 796 650 nasius
838 607 990 653 vero.
1052 589 1416 663 Hieronymus
1449 606 1515 645 ac
1556 588 1787 644 Ruﬁnus
1826 588 2078 642 eumdem
2113 588 2187 641 lo-

607 701 733 741 cum
786 684 890 754 ipsi
945 682 1272 747 attribuunt,
1326 696 1490 751 quem
1542 676 1835 747 Sapientiae
1877 676 2185 733 Salomonis

608 777 830 832 nomine
875 774 1171 842 inscriptae,
1205 782 1260 827 et
1313 770 1604 842 Sapientia:
1662 768 1872 835 Sirach,
1927 785 2026 825 nec
2075 785 2185 823 non

608 867 766 921 libris
799 864 1017 929 Esther,
1045 861 1258 925 Iudith,
1290 859 1477 915 Tobiae
1524 867 1688 930 atque
1746 857 2182 912 Maehabaeornm

609 957 911 1027 assignant.
949 953 1070 1009 Uno
1103 954 1290 1017 verbo,
1343 950 1558 1007 Hermae
1590 951 1789 1005 Pastor
1821 950 2050 1005 vetustis
2081 948 2185 1004 Pa-

608 1050 783 1106 tribus
844 1048 1046 1117 passim
1111 1044 1349 1108 habitus,
1415 1060 1524 1098 non
1577 1043 1798 1113 quidem
1830 1042 1999 1097 veluti
2050 1042 2186 1097 liber

609 1143 931 1205 eanonicus,
957 1140 1051 1196 sed
1075 1139 1243 1194 veluti
1265 1138 1673 1193 ecclesiasticus
1704 1146 1757 1192 et
1778 1137 1999 1207 optimae
2020 1143 2181 1194 notae.

608 1238 743 1309 quin
775 1246 829 1292 et
869 1236 1097 1290 maxime
1125 1232 1449 1288 necessarius
1484 1246 1550 1285 ac
1582 1230 1919 1296 utilissimus,
1952 1228 2020 1283 ad
2062 1225 2185 1281 ﬁdei

607 1331 862 1399 dogmata
900 1326 1293 1398 propugnanda
1325 1330 1677 1392 comparatus
1702 1363 1717 1386 ,
1753 1330 1915 1390 atque
1958 1318 2027 1373 ad
2072 1318 2187 1388 ple,-

608 1423 694 1477 bis
728 1420 1125 1476 institutionem
1164 1414 1570 1487 quammaxime
1603 1414 1851 1468 idoneus.

679 1513 903 1576 Verum,
970 1512 1015 1568 si
1067 1510 1332 1581 quosdam
1391 1508 1602 1574 audias,
1656 1503 2083 1559 Novatianorum
2133 1511 2187 1557 et

607 1605 1029 1676 Pelagianorum
1083 1601 1206 1656 fons
1257 1601 1325 1666 “,
1377 1598 1895 1653 Montanisticarum
1930 1593 2187 1665 supersti-

607 1700 817 1754 tionum
845 1710 1041 1767 gurges
1071 1693 1357 1763 fautorque
1381 1692 1708 1747 Arianorum
1744 1688 2029 1769 habendus
2049 1685 2185 1740 Her-

607 1808 729 1847 mas
781 1809 796 1845 :
850 1790 1100 1858 impurus
1144 1787 1368 1856 insuper
1408 1783 1785 1855 dogmatistes,
1830 1778 1926 1851 qui
1979 1780 2189 1836 scilicet

608 1887 837 1943 liberum
887 1881 1176 1936 arbitrium
1218 1880 1288 1945 ⁸⁷,
1336 1876 1712 1950 purgatorium
1742 1884 1796 1929 et
1824 1873 2185 1929 monasticam

607 1978 953 2035 solitudinem
985 1982 1196 2030 astruat
1229 1992 1242 2028 :
1276 1972 1513 2042 denique
1544 1979 1809 2039 tanquam
1842 1966 2034 2022 larvati
2069 1979 2189 2036 pro-

609 2071 786 2141 phetae
841 2068 1077 2135 somnia,
1133 2066 1253 2137 ejus
1307 2064 1510 2133 scripta
1556 2060 1879 2132 reputanda,
1940 2059 2188 2127 adeoque

610 2163 754 2217 inter
784 2158 1133 2230 supposititia
1166 2165 1221 2211 et
1265 2156 1560 2211 haeresibus
1616 2153 1925 2222 labulisque
1971 2150 2186 2219 oppleta

610 2251 928 2321 rejicienda.
986 2247 1079 2303 Sic
1133 2246 1393 2301 nimirum
1442 2245 1772 2317 scriptorem
1820 2241 2185 2313 apostolicum

609 2357 865 2398 censores
908 2340 1001 2396 isti
1028 2339 1235 2394 morosi
1269 2337 1568 2407 exagitant,
1618 2336 1850 2406 ejusque
1881 2331 2185 2398 Pastorem,

612 2437 924 2506 praestantia
972 2442 1026 2489 et
1081 2433 1318 2488 utilitate
1362 2430 1881 2495 commendandum,
1942 2435 2106 2497 atque
2154 2438 2187 2478 a

613 2528 1001 2584 vetustioribus
1042 2525 1301 2580 Patribus
1350 2532 1632 2592 tantopere
1671 2506 2008 2576 celebratum
2045 2516 2189 2572 infa-

614 2631 783 2677 mant.
840 2620 1098 2675 Attamen
1156 2633 1346 2672 eorum
1411 2614 1824 2672 criminationes
1884 2611 2189 2666 levissimas

613 2730 735 2770 esse
766 2714 1080 2783 nulliusque
1112 2710 1392 2782 ponderis,
1418 2707 1729 2777 complures
1750 2705 1853 2760 viri
1878 2703 2188 2761 doctissimi

614 2804 992 2877 prodiderunt.

683 2898 874 2968 Agesis
912 2911 1081 2961 nunc,
1106 2910 1176 2950 ne
1208 2892 1546 2963 objectiones
1570 2886 1638 2943 ad
1672 2900 1838 2941 uuam
1869 2899 2064 2939 omnes
2105 2892 2190 2937 ta-

614 2991 710 3045 citi
738 2989 1069 3060 przeteriisse
1110 2988 1379 3050 dicamur,
1413 2998 1507 3037 eas
1540 2980 1730 3035 saltem
1755 2994 1877 3049 quae
1908 2993 1939 3032 a
1965 2977 2190 3031 Patrum

2284 507 2465 551 autem
2496 493 2861 566 Hieronymus
2894 504 3018 565 post
3068 495 3358 557 scribebat,
3406 510 3561 563 quam
3587 511 3719 550 suum
3758 498 3797 553 in

2285 585 2539 641 Habacuc
2566 585 3033 642 Commentarium
3063 585 3359 652 edidisset;
3396 585 3554 654 hujus
3574 587 3697 640 enim
3715 605 3799 643 me-

2286 677 2447 732 minit
2485 677 2542 730 in
2591 676 2781 731 eodem
2822 675 2965 729 libro
2993 675 3059 739 ³⁸,
3093 675 3184 729 ubi
3220 690 3319 729 sua
3349 674 3544 743 scripta
3566 688 3802 729 recenset:

2286 779 2347 824 nt
2378 777 2664 840 propterea
2702 767 2748 823 si
2782 767 2910 837 quid
2941 768 2993 821 in
3029 765 3284 821 Hermam
3318 765 3511 820 durius
3532 765 3701 820 litteris
3718 782 3794 819 an-

2287 871 2371 918 tea
2396 862 2716 926 tradiderat,
2753 860 2881 915 illud
2911 875 3039 914 vero
3066 860 3297 931 ipsemet
3327 868 3519 929 postea
3547 858 3799 914 correxisse

2286 970 2351 1009 ac
2374 953 2698 1008 emendasse
2728 952 2997 1007 videatur.

2354 1043 2541 1115 Neque
2572 1045 2792 1099 demum
2826 1060 2916 1100 res
2952 1054 3037 1099 est
3072 1044 3208 1099 adeo
3238 1043 3541 1113 explorata,
3575 1051 3630 1095 ut
3663 1042 3804 1099 locum

2286 1135 2774 1208 Hieronymianum
2801 1135 3074 1204 objectum
3105 1136 3355 1205 accipere
3379 1133 3448 1187 de
3473 1148 3628 1202 opere
3658 1130 3807 1186 Pasto-

2286 1230 2361 1283 ris
2389 1244 2685 1299 cogamur:
2719 1244 2826 1282 non
2847 1227 2992 1283 enim
3032 1225 3178 1295 Tyri,
3210 1226 3304 1280 sed
3337 1222 3538 1294 Hegrin
3565 1225 3691 1293 apud
3714 1222 3809 1278 Her-

2287 1336 2431 1375 mam
2466 1320 2629 1375 hodie
2659 1320 2913 1390 legimus.
2932 1316 3063 1383 Quae
3091 1317 3309 1387 quidem
3348 1331 3453 1370 vox
3472 1315 3591 1370 inde
3612 1315 3808 1372 fortassis

2292 1420 2475 1479 enata,
2505 1422 2567 1466 ut
2595 1410 2809 1467 erudite
2838 1411 2972 1466 satis
3004 1409 3228 1479 conjicit
3261 1408 3331 1464 cl.
3367 1408 3680 1471 Cotelerius,
3701 1409 3809 1477 quod

2286 1504 2341 1558 in
2399 1502 2611 1558 Hermae
2659 1513 2806 1559 textu
2879 1504 3261 1574 compendiosa
3309 1502 3575 1569 scriptura
3615 1508 3806 1555 exstaret

2286 1612 2497 1667 εγρηγ;
2528 1596 2689 1666 cujus
2708 1605 3000 1666 postrema:
3016 1596 3209 1649 littera:
3230 1593 3491 1648 inferiore
3513 1602 3653 1661 parte
3664 1606 3809 1656 exesa,

2288 1689 2498 1758 putarit
2529 1698 2685 1743 vetus
2718 1688 2988 1757 interpres
3012 1687 3295 1756 legendum
3333 1700 3538 1757 εγρηνς
3590 1682 3811 1752 hujnsque

2299 1778 2551 1833 lectionis
2584 1779 2692 1833 vim
2730 1778 3149 1849 haudquaquam
3192 1786 3505 1840 assecutus,
3536 1775 3710 1829 litteris
3739 1772 3813 1827 La-

2286 1869 2417 1924 tinis
2454 1884 2643 1924 vocem
2686 1867 2931 1923 Graecam
2981 1867 3275 1923 reddiderit
3315 1865 3521 1935 Hegrin
3547 1882 3565 1917 :
3608 1879 3715 1919 cum
3750 1872 3811 1917 ιι-

2287 1977 2410 2017 men
2473 1961 2759 2031 legcndum
2824 1960 3019 2016 fuisset
3061 1959 3386 2031 ὲγρήγορος,
3439 1972 3503 2013 ac
3549 1954 3810 2010 vertendum

2303 2051 2444 2122 Vigil
2477 2067 2544 2107 ex
2596 2050 2836 2106 Danielis
2867 2067 2985 2122 cap.
3025 2067 3101 2116 tv,
3148 2050 3241 2104 ubi
3269 2048 3597 2121 ὲγρηγόρου,
3628 2062 3709 2101 seu
3749 2043 3813 2099 Vi-

2286 2146 2409 2217 gilis
2442 2145 2746 2201 ministerio
2796 2144 3090 2216 Babylonis
3122 2159 3215 2197 rex
3260 2142 3327 2197 ad
3376 2142 3579 2196 bestias
3610 2138 3814 2194 amanda-

2291 2237 2606 2308 tuslegitur
2635 2256 2653 2293 :
2696 2252 2808 2307 quo
2850 2237 2991 2292 forte
3031 2234 3368 2305 apostolicus
3413 2233 3645 2303 scriptor
3680 2245 3817 2301 respe-

2288 2334 2451 2389 xerit.
2511 2331 2619 2385 Alii
2672 2331 2898 2397 vero",
2944 2345 3011 2384 ex
3050 2327 3352 2383 Colbertini
3412 2326 3616 2382 codicis
3658 2323 3816 2378 msic-

2290 2426 2469 2481 ctione
2496 2439 2619 2495 quae
2653 2423 2731 2478 sic
2757 2437 2818 2476 se
2858 2420 3015 2475 habet
3059 2437 3074 2475 :
3134 2418 3283 2473 Misit
3328 2418 3590 2472 Dominus
3628 2414 3815 2485 angelum

2270 2508 2443 2572 suum
2484 2531 2641 2584 super
2680 2512 2901 2567 bestiam
2940 2510 3092 2581 cujus
3128 2526 3313 2564 nomen
3342 2519 3424 2563 est
3469 2507 3678 2579 Hegrin,
3706 2504 3817 2560 colli~

2289 2617 2423 2678 gunt
2456 2606 2658 2677 Ilegrin
2704 2620 2811 2658 non
2848 2603 3046 2674 angeli,
3082 2602 3174 2657 sed
3229 2602 3425 2656 bestiae
3478 2592 3815 2655 nomenesse.

2296 2700 2485 2754 Graece
2540 2696 2799 2752 nimirum
2839 2696 3120 2764 scripserit
3170 2692 3406 2748 Hermas
3454 2691 3675 2761 ἄγριος,
3720 2685 3817 2741 illud

2287 2792 2601 2849 Psalmistae
2670 2797 2926 2860 spectans
2963 2787 3007 2818 ³³
3042 2804 3056 2841 :
3124 2784 3462 2855 Ἐλυμῄνατο
3514 2782 3669 2853 αὐτὴν
3700 2773 3818 2841 licia

2288 2882 2496 2957 δρυμοῦ
2516 2921 2531 2946 ,
2580 2881 2673 2934 καὶ
2727 2879 2909 2951 μονιὸς
2972 2877 3163 2950 ἄγριος
3208 2876 3616 2947 κατενεμήσατο
3670 2872 3815 2941 αὐτήν.

2293 2974 2682 3030 Exterminacit
2708 2988 2825 3026 eam
2850 2971 3109 3041 (vineam)
3137 2987 3263 3040 aper
3290 2969 3351 3023 de
3379 2968 3539 3034 silva,
3562 2976 3607 3021 et
3632 2963 3818 3036 singula-

616 3058 940 3140 auctoritate
987 3088 1330 3150 repetuntur,
1365 3076 1457 3129 hic
1499 3072 1754 3127 ducimus
1793 3058 2187 3125 discutiendae.
2217 3095 2262 3158 ο
2294 3071 2367 3124 ris
2404 3069 2547 3139 ferus
2577 3067 2830 3136 depastus
2869 3073 2946 3117 est
2974 3079 3112 3117 eam.
3146 3062 3247 3117 Cui
3278 3063 3505 3132 quidem
3548 3060 3820 3130 conjectura

618 3173 763 3228 Inter
796 3173 918 3227 illas
945 3185 1077 3225 vero
1108 3167 1380 3239 praecipua
1413 3179 1445 3219 e
1488 3162 1547 3218 S.
1596 3160 1928 3231 Hieronymo
1969 3159 2192 3215 desum-

620 3274 711 3336 pta
734 3264 996 3328 occurrit,
1022 3262 1180 3330 cujus
1213 3260 1330 3313 haec
1367 3263 1496 3311 sunt
1526 3254 1691 3309 verba
1718 3271 1731 3308 :
1758 3252 1913 3306 Liber
1937 3251 2027 3306 ille
2060 3267 2191 3321 apo--

619 3359 869 3429 cryphus,
904 3356 1083 3425 inquit
1123 3354 1190 3419 ’⁸,
1234 3351 1477 3406 stultitia:
1528 3345 1953 3402 condemnandus
1998 3354 2096 3411 est,
2136 3345 2192 3398 in

620 3468 721 3524 quo
767 3452 1025 3520 scriptum
1072 3456 1153 3501 est
1189 3445 1468 3517 quemdam
1519 3442 1761 3513 angelum
1811 3440 2017 3494 nomine
2069 3437 2194 3509 Tyri

621 3563 843 3619 prwesse
888 3544 1184 3614 reptilibus.
1230 3541 1351 3607 Quo
1412 3540 1532 3593 loco
1576 3535 1854 3591 nonnullis
1905 3533 2057 3589 visus
2111 3538 2197 3587 est

602 3648 851 3696 sanctus
897 3640 1087 3692 doctor
1120 3634 1332 3690 Hermae
1363 3630 1581 3685 Pastori
1614 3627 1908 3684 severioris
1950 3639 2197 3682 censurae

621 3743 807 3788 notam
859 3729 1147 3793 inussisse,
1203 3726 1334 3781 illud
1388 3738 1581 3793 nempe
1624 3721 1726 3775 viri
1776 3718 2062 3790 apostolici
2109 3716 2197 3770 di-

622 3837 770 3880 ctum
795 3818 1093 3893 respiciens
1123 3820 1167 3851 "
1219 3837 1233 3872 :
1293 3816 1441 3871 Misit
1484 3814 1740 3868 Dominus
1776 3810 2019 3881 angelum
2041 3823 2198 3863 suum

622 3916 713 3985 qui
748 3922 826 3967 est
873 3927 1031 3981 super
1058 3909 1271 3974 bestias,
1315 3907 1401 3960 cui
1433 3922 1619 3959 nomen
1663 3914 1739 3959 est
1774 3902 1995 3973 Hegrin,
2022 3911 2071 3955 et
2103 3902 2199 3953 ob-

626 4004 822 4062 turavit
880 4020 937 4057 os
990 4002 1104 4072 ejus
1156 4017 1220 4054 ne
1268 4009 1316 4053 te
1364 3997 1673 4051 dilaniaret.
1727 3994 1885 4060 Hinc,
1922 3992 2195 4064 inquiunt,

626 4094 840 4149 Hermae
886 4091 1167 4147 Pastorem
1230 4105 1336 4143 non
1413 4088 1592 4143 solum
1646 4086 1947 4143 contemnit
2006 4083 2200 4139 doctor

629 4187 925 4251 maximus,
969 4198 1158 4239 verum
1191 4183 1353 4236 etiam
1387 4180 1612 4235 stultum
1644 4193 1766 4234 esse
1796 4177 2056 4232 decernit.
2084 4174 2198 4234 Nae.

628 4296 661 4335 a
696 4294 824 4333 vero
869 4278 1030 4348 longe
1074 4276 1328 4330 aberrare
1372 4272 1643 4338 videntur,
1699 4271 1791 4341 qui
1842 4270 1922 4326 sic
1964 4270 2201 4325 rationes

628 4382 842 4443 putant.
877 4370 986 4425 Fac
1015 4371 1234 4425 demum
1270 4367 1569 4438 respexerit
1600 4368 1746 4422 hunc
1779 4364 1993 4421 Hermae
2020 4365 2201 4419 locum

2295 3170 2588 3219 contextus
2636 3156 2820 3213 lavere
2873 3156 3107 3211 videtur.
3139 3153 3427 3224 SLquidem
3466 3154 3605 3208 hanc
3632 3151 3814 3207 bestiam

2274 3250 2553 3326 pressum
2606 3257 2991 3320 superuentura:
3040 3248 3270 3317 ﬁguram
3315 3262 3463 3312 esse,
3498 3262 3625 3300 mox
3662 3242 3816 3297 ibidem

2294 3347 2435 3418 stylo
2466 3341 2842 3414 apocalyptico
2890 3340 3133 3396 declarat
3168 3337 3415 3394 Hermas
3463 3356 3487 3394 ετ
3538 3346 3597 3392 ut
3642 3333 3819 3408 proinde

2295 3453 2419 3493 cum
2457 3435 2623 3507 paulo
2657 3443 2783 3489 ante
2811 3432 3097 3502 scripserit
3134 3447 3167 3491 a
3190 3429 3426 3485 Domino
3459 3444 3618 3500 super
3640 3427 3817 3483 bestiam

2296 3530 2548 3600 angelum
2573 3527 2803 3582 missum
2852 3524 3044 3591 fuisse,
3087 3523 3261 3594 ipsius
3303 3523 3571 3578 sententia
3595 3521 3655 3599 de
3674 3517 3818 3590 angelo

2296 3638 2328 3677 a
2360 3621 2472 3676 Deo
2506 3621 2559 3675 in
2594 3618 2861 3673 auxilium
2891 3615 3333 3670 Christianorum
3371 3613 3622 3668 immisso
3646 3598 3724 3665 dsit
3756 3622 3820 3662 ac-

2297 3711 2570 3784 cipienda;
2600 3711 2694 3781 qui
2722 3725 2817 3765 eos
2848 3711 2903 3763 in
2940 3725 3192 3778 pressura
3219 3716 3616 3777 superuentura,
3646 3718 3726 3758 seu
3753 3700 3821 3754 im-

2298 3808 2538 3863 minente
2570 3805 2950 3877 persecutione
2979 3802 3250 3858 solaretur
3289 3811 3457 3871 atque
3486 3801 3694 3856 foveret.

2368 3898 2677 3971 Opponitur
2706 3898 2930 3967 insuper
2963 3911 3028 3952 ex
3050 3895 3460 3966 antiquioribus
3491 3892 3819 3949 Tertullianus,

2300 3993 2395 4064 qui
2418 3992 2695 4046 Pastorem
2729 3990 2865 4045 dure
2906 3989 3281 4060 perstringens
3316 3988 3381 4054 “,
3420 3988 3725 4057 scripturam
3752 3994 3823 4033 v0-

2300 4095 2389 4142 cat
2436 4084 2830 4157 apocrypham,
2885 4077 3101 4150 falsam,
3142 4082 3469 4146 adulteram,
3521 4081 3739 4147 adeoque
3773 4072 3822 4125 ab

2301 4179 2556 4235 omnibus
2623 4175 3009 4232 ecclesiasticis
3077 4175 3441 4230 conventibus
3513 4170 3820 4243 reprobatam.

2304 4272 2409 4329 Sed
2444 4273 2559 4326 haec
2609 4278 2736 4326 sunt
2784 4267 3129 4335 Tertulliani,
3178 4268 3508 4339 jampridem
3566 4266 3618 4320 in
3662 4261 3824 4315 llonta-

2302 4364 2573 4419 nistarum
2616 4362 2867 4417 haeresim
2900 4360 3140 4431 prolapsi
3174 4377 3188 4414 :
3233 4360 3377 4430 quod
3411 4374 3545 4426 sane
3572 4358 3621 4411 in
3658 4353 3822 4407 Herum

631 4463 691 4520 S.
728 4462 1122 4532 Hieronymus,
1188 4477 1321 4516 num
1372 4478 1501 4518 vero
1544 4467 1829 4530 eapropler
1884 4458 2198 4512 universum
2232 4447 2276 4501 D
2306 4457 2520 4512 laudem
2551 4455 2637 4510 vel
2671 4455 2969 4526 plurimum
3013 4453 3178 4509 cedit.
3216 4452 3387 4508 Secus
3415 4452 3559 4507 enim
3588 4443 3823 4502 Tertullia-

628 4552 873 4611 Pastoris
906 4552 1103 4606 librum
1140 4552 1231 4606 ille
1263 4551 1521 4621 rejecisse
1548 4550 1844 4606 dicendus?
1875 4549 2030 4616 Quod
2053 4549 2199 4604 enim

631 4646 819 4714 aliquo
867 4645 920 4697 in
952 4659 1113 4713 opere
1159 4644 1438 4714 quidpiam
1494 4644 1677 4698 minus
1707 4652 1852 4698 recte
1880 4654 1976 4697 aut
2007 4656 2201 4712 parum

633 4749 793 4796 caute
820 4737 1079 4807 scriptum
1110 4738 1233 4807 quis
1269 4738 1483 4808 detegat
1532 4736 1937 4807 pronuntietve,
1972 4736 2027 4791 id
2073 4751 2204 4790 vero

635 4833 802 4888 totius
834 4830 1015 4900 operis
1045 4830 1357 4884 auctoritati
1402 4831 1562 4900 plane
1594 4830 1827 4894 ollicere,
1880 4845 2041 4884 nemo
2078 4829 2204 4900 jure

633 4923 851 4981 dixerit.
906 4921 1151 4989 Deinde,
1201 4922 1295 4992 qui
1348 4921 1463 4976 ﬁeri
1518 4932 1715 4993 potest,
1766 4930 1827 4976 ut
1859 4929 2082 4977 sanctus
2116 4920 2205 4974 ille

636 5018 827 5073 doctor
870 5013 1069 5068 acriter
1101 5014 1236 5067 adeo
1280 5013 1335 5066 in
1393 5012 1671 5067 Pastorem
1714 5014 1958 5068 invectus
2018 5011 2203 5077 fuerit,

635 5125 796 5181 quem
852 5106 928 5160 De
953 5106 1076 5161 viris
1108 5104 1400 5158 illustribus
1436 5105 1679 5160 scribens
1707 5105 1773 5172 ³ο,
1825 5121 1999 5159 revera
2023 5103 2207 5158 utilem

636 5199 830 5254 librum
856 5198 1116 5269 appellat,
1172 5213 1444 5267 quemque
1492 5197 1631 5267 apud
1680 5197 1939 5266 quasdam
1989 5196 2207 5251 erciw

638 5291 903 5347 Ecclesias
942 5290 1147 5361 publice
1176 5288 1277 5360 legi
1306 5296 1556 5355 testatur,
1586 5287 1879 5357 multosque
1906 5287 1968 5340 de
1989 5302 2047 5340 eo
2075 5286 2210 5341 scri-

2307 4564 2411 4605 nus
2438 4544 2777 4602 orthodoxus
2805 4544 2933 4598 alibi
2960 4542 3200 4599 sensisse
3229 4544 3444 4597 videtur
3476 4541 3540 4593 ³⁸.

2378 4640 2483 4694 Alii
2513 4640 2678 4695 etiam
2730 4637 3026 4706 scriptorcs
3054 4635 3289 4707 Origene
3321 4634 3635 4689 \‘etustiores
3670 4625 3740 4682 vel
3766 4622 3821 4677 ei-

2272 4724 2277 4731 ⁸
2308 4732 2431 4789 dem
2456 4746 2741 4803 suppares,
2779 4728 3019 4783 Pastoris
3053 4728 3296 4782 libellum
3326 4727 3378 4780 in
3420 4722 3819 4791 contemptionem

2310 4824 2604 4879 adduxisse
2630 4820 3012 4892 perhibentur,
3042 4834 3277 4888 quorum
3312 4818 3477 4873 tacito
3514 4815 3713 4872 nomine
3742 4819 3821 4862 me-

2310 4915 2470 4971 minit
2508 4915 2624 4984 ipse
2655 4910 3021 4966 Adamantius
3054 4909 3119 4962 ³⁸.
3159 4908 3360 4963 Verum
3408 4925 3529 4964 cum
3563 4906 3688 4962 idem
3730 4895 3819 4953 Ori-

2312 5023 2475 5080 genes
2503 5005 2632 5062 alibi
2663 5004 2880 5072 ;scribat
2909 5002 2975 5069 ³⁷,
3015 5017 3154 5072 opus
3198 4999 3409 5056 Hermm
3443 5000 3587 5057 valde
3612 4994 3700 5051 sibi
3726 4988 3820 5043 utile

2307 5102 2511 5167 visum,
2541 5098 2829 5167 tradatque
2865 5096 2909 5128 ³⁸
2939 5094 3105 5151 simul
3138 5094 3270 5149 illud
3297 5094 3513 5165 quidem
3542 5092 3601 5146 ab
3630 5082 3816 5145 omnim

2309 5209 2401 5263 pro
2423 5191 2600 5245 divino
2640 5205 2743 5243 non
2786 5186 3045 5253 habitum,
3093 5194 3467 5240 verumtamen
3512 5186 3564 5238 in
3608 5174 3816 5235 Ecclesia!

2311 5282 2684 5340 circumlatum
2709 5296 2727 5335 :
2758 5280 2887 5335 hinc
2904 5279 3028 5350 jure
3050 5278 3173 5348 quis
3195 5288 3411 5350 arguat,
3427 5277 3630 5332 Patrem
3657 5264 3812 5326 doctis-

709 5468 755 5538 ?!
785 5466 1051 5530 Blondel.,
1076 5466 1295 5537 Apolog.
1329 5482 1451 5538 pag.
1492 5466 1579 5522 17.
1621 5467 1664 5538 ²ξ¹
1684 5464 1860 5538 Rivet.
1892 5465 2029 5521 Crit.
2051 5482 2186 5532 sac.,
2213 5466 2308 5538 lib.
2337 5483 2377 5533 ι,
2402 5482 2522 5535 cap.
2555 5466 2639 5519 η.
2717 5465 2763 5498 ’⁸
2781 5460 3355 5538 Ηίίθῖοῃτη-(Ιοηυηεηζ.
3389 5481 3454 5538 zn_
3474 5447 3805 5538 [laboranti

638 5539 682 5571 ι’
702 5537 882 5591 Herm.
914 5526 1063 5592 Post.
1086 5526 1177 5593 lib.
1208 5526 1370 5603 rivis.
1396 5526 1467 5604 ii.
1489 5554 1608 5607 cap.
1635 5536 1690 5589 2.
1731 5538 1775 5607 ει)
1797 5535 2040 5601 Hieron.,
2074 5526 2270 5607 tibine
2300 5526 2397 5591 vir.
2427 5526 2653 5607 illatum,
2677 5552 2799 5606 cap.
2835 5526 3274 5607 lO.A’_‘Hi_er‘on.,
3298 5537 3389 5590 nn.
3418 5534 3491 5607 De
3517 5533 3605 5607 vir.
3636 5526 3807 5607 unus.

640 5623 759 5677 cap.
786 5608 905 5662 135.
946 5610 989 5641 ³²
1012 5607 1231 5673 Nourr.,
1254 5610 1452 5679 Appar.
1482 5606 1721 5662 ad’Bibl.
1744 5606 1886 5673 PP.,
1917 5617 2048 5661 tom.
2074 5606 2117 5674 l,
2144 5624 2207 5676 pa
2259 5648 2267 5655 .

640 5694 759 5731 can.
803 5678 888 5730 10.
966 5680 1009 5711 ³⁸
1027 5678 1104 5731 ld.
1134 5681 1229 5731 lib.
1259 5679 1336 5731 De
1355 5689 1516 5731 orat..
1550 5694 1668 5731 can.
1699 5678 1786 5731 12.
1865 5680 1910 5711 ³⁸
1932 5676 2174 5731 0riaen..
2206 5625 2267 5731 Bc

2250 5695 2275 5732 ε

640 5694 766 5749 cap.
803 5678 888 5730 10.
966 5678 1104 5733 "Id.
1134 5681 1229 5734 lib.
1259 5676 1516 5746 Deerat"
1550 5694 1668 5749 cap.
1699 5678 1786 5732 12.
1865 5680 1910 5711 ³⁸
1932 5676 2174 5749 0rigen.,

2298 5608 2384 5663 65.
2430 5608 2474 5638 ³⁸
2493 5592 2694 5662 Psalm.
2721 5592 2909 5670 L'xxrx,
2930 5604 3018 5658 M.
3061 5603 3105 5634 "
3128 5592 3381 5670 Tertull”
3405 5605 3498 5659 lib.
3528 5602 3597 5657 De
3614 5592 3807 5670 ρειάὶςὶιον

2314 5661 2563 5748 ρὶίηείρ..
2598 5678 2692 5732 nn.
2733 5694 2806 5736 IV.
2840 5661 2959 5746 ca’p.
2986 5673 3055 5740 2,
3099 5671 3299 5748 §8.__"
3332 5661 3538 5748 lane.
3573 5661 3804 5735 ιἘπριιιο

640 5742 892 5818 ἱηἘρίετι.
919 5750 987 5802 ad
1019 5749 1169 5804 Rom.
1196 5766 1307 5819 xvr,
1336 5751 1422 5806 14.
1500 5742 1543 5783 ³⁸
1564 5742 1639 5806 ld'.
1666 5750 1957 5807 Comment.
1993 5742 2058 5805 in'
2076 5742 2292 5815 Matt/1.,
2314 5742 2445 5820 cap.
2481 5742 2593 5819 xiv,
2625 5750 2755 5805 edit.
2777 5742 3010 5811 noviss.,
3038 5742 3174 5803 tota.
3207 5742 3275 5817 Il,
3303 5762 3360 5819 p.
3402 5744 3522 5802 646.
