4040 6322
280 309 386 365 869

1518 305 1814 364 PASTOB.
1847 338 1915 354 ι-
1948 304 2302 363 PROGIMIA.

3403 319 3508 375 870

279 430 485 484 simum
514 443 609 485 eos
649 429 944 509 scriptores
986 434 1208 504 insuper
1263 434 1554 500 habuisse;
1603 431 1847 503 adeoque
1875 435 1921 491 Δ
1946 433 2120 503 psisse
2165 432 2480 503 perhibetur
2522 432 2749 489 Hermas
2797 435 2901 488 sub
2949 435 3245 492 Clementis
3291 440 3509 507 pontiu-

281 519 432 574 haud
486 521 809 577 nominatim
864 524 1134 592 laudasse,
1165 526 1309 595 quod
1350 526 1435 581 vel
1476 525 1599 580 illos
1638 524 1845 578 nullius

277 626 404 666 esse
432 612 774 667 auctoritatis
812 615 1107 679 censuerit,
1146 616 1228 670 vel
1270 616 1540 672 immerito
1588 615 1846 685 nulloque

280 703 556 757 rationum
589 705 826 773 pondere
856 706 925 760 ab
954 706 1145 761 iisdem
1173 705 1343 763 fuisse
1370 708 1629 777 rejectum
1669 707 1845 762 eccle-

278 796 562 849 siasticum
607 797 804 851 librum
852 800 1152 868 agnoverit.
1196 797 1311 853 Nisi
1348 799 1506 854 malis
1549 798 1841 868 conjicere,

280 889 591 957 hujusmodi
622 890 915 959 scriptores
951 889 1167 960 Origeni
1198 900 1528 945 memoratos
1560 902 1845 962 eapropter

278 978 557 1034 Pastorem
593 981 925 1050 contemptui
962 981 1239 1047 habuisse,
1287 982 1432 1051 quod
1468 993 1656 1038 contra
1702 999 1843 1039 non-

279 1074 465 1129 nullos
514 1074 902 1143 disceptarent,
955 1076 1046 1145 qui
1090 1092 1157 1130 ex
1209 1090 1277 1129 eo
1317 1075 1462 1128 velut
1498 1076 1551 1128 in
1581 1090 1841 1147 canonem

280 1165 686 1235 Scripturarum
714 1168 939 1235 recepto'
954 1167 1260 1221 testimonia
1295 1167 1690 1237 depromerent,
1715 1166 1842 1239 qui-

277 1256 388 1313 bus
412 1257 541 1312 lides
571 1257 733 1311 fuerit
765 1259 988 1311 omnino
1017 1259 1345 1313 adhibenda.

354 1349 475 1415 Quo
503 1350 664 1404 etiam
705 1366 864 1404 sensu
905 1349 1137 1406 fortasse
1193 1350 1542 1421 accipiendos
1586 1347 1841 1420 Prosper,

276 1440 543 1497 Collatori
588 1440 800 1496 Hermas
844 1443 1221 1497 auctoritatem
1268 1444 1566 1512 objicienti,
1594 1444 1713 1513 ejus
1762 1454 1843 1497 te-

275 1535 587 1587 stimonium
635 1534 830 1588 nullius
877 1551 987 1588 esse
1037 1535 1373 1589 auctoritatis
1405 1536 1737 1605 respondens
1774 1535 1838 1589 ³⁸.

280 1625 382 1682 Vel
417 1628 596 1697 potius
616 1628 903 1683 dicendum
929 1644 1050 1682 cum
1083 1629 1222 1694 aliis,
1245 1626 1569 1699 Prosperum
1600 1638 1845 1699 propter-

273 1734 346 1774 ea
390 1718 634 1773 Pastoris
680 1719 1053 1774 auctoritatem
1116 1721 1464 1785 detrectasse,
1500 1719 1645 1791 quod
1687 1719 1838 1773 illum

273 1811 499 1880 penitus
551 1811 813 1880 ignorarit
854 1828 867 1863 :
913 1811 1199 1880 siquidem,
1244 1810 1573 1882 Hieronymo
1610 1817 1745 1865 teste
1771 1811 1837 1876 ⁸⁸,

274 1894 419 1949 liber
440 1894 648 1951 Henna:
684 1898 823 1966 apud
842 1896 1061 1952 Latinos
1091 1915 1217 1967 pene
1248 1899 1455 1969 ignotus
1490 1908 1626 1954 erat.
1658 1898 1841 1969 Neque

273 1999 414 2040 vero
458 1988 526 2040 ab
574 2002 631 2041 re
685 1987 1016 2056 conjecerint
1062 1988 1154 2057 qui
1197 1989 1459 2057 putarint,
1511 1988 1850 2060 Prosperum-

272 2078 623 2133 considerate
654 2079 855 2133 dixisse
893 2077 1087 2132 nullius
1134 2095 1254 2134 esse
1300 2081 1634 2137 auctoritatis
1687 2084 1838 2138 testi-

272 2170 515 2223 monium
562 2172 700 2239 quod
748 2171 1095 2240 disputationi
1129 2188 1240 2226 sure
1269 2173 1332 2226 de
1372 2172 1550 2249 libello
1593 2173 1837 2229 Pastoris

269 2254 522 2315 Collator
550 2261 801 2326 inseruit;
835 2277 940 2315 non
972 2263 1115 2331 quod
1141 2261 1197 2316 S.
1230 2261 1388 2317 Pater
1409 2261 1617 2318 Hermae
1645 2264 1839 2319 librum

272 2370 506 2425 prorsus
550 2354 817 2423 reiecerit,
860 2354 955 2410 sed
988 2356 1133 2425 quod
1163 2358 1515 2410 testimonium
1544 2372 1609 2411 ex
1646 2358 1835 2414 eodem

274 2447 474 2502 libroa
510 2446 780 2502 Collatore
802 2447 855 2502 in
885 2448 1118 2503 medium
1143 2449 1433 2519 prolatum,
1466 2449 1597 2504 nihil
1630 2451 1695 2506 ad
1719 2452 1838 2521 ejus

270 2541 587 2612 Opinionem
617 2541 962 2595 astruendam
988 2540 1228 2597 conferre
1256 2543 1607 2613 perspexerit.
1647 2541 1836 2599 Virum

271 2634 658 2689 doctissimum
687 2635 912 2690 consule
939 2636 1004 2689 ⁸⁸.

348 2726 614 2782 Caeterum
658 2744 782 2783 cum
825 2727 1113 2794 Eusebius,
1164 2725 1545 2799 Hieronymus,
1588 2724 1835 2787 Gelasius

273 2819 335 2875 in
367 2820 603 2885 Decreto,
631 2828 820 2874 auctor
848 2818 1256 2884 Stichometriaa,
1278 2817 1582 2889 Nicephoro
1617 2821 1721 2877 (ΣΡ.
1755 2832 1838 2878 at-

268 2911 520 2978 tributae,
550 2911 749 2980 aliique
770 2908 1024 2964 Ecclesize
1050 2911 1362 2980 scriptores,
1389 2913 1728 2984 apocryphos
1752 2915 1838 2968 in-

267 3011 363 3058 ter
404 3013 460 3058 et
505 3001 702 3055 nothos
742 3000 909 3055 libros
955 3000 1228 3055 Pastorem
1271 3012 1588 3071 recensent,
1643 3020 1833 3059 eorum

1945 534 2066 579 eatu
2091 526 2172 593 “;
2218 540 2402 595 quem,
2436 535 2613 579 stante
2636 528 2813 581 adhuc
2841 530 3056 598 templo,
3093 546 3247 584 suam
3295 533 3510 587 misisse

1943 617 2176 687 priorem
2214 618 2280 671 ad
2320 616 2633 672 Corinthios
2670 617 2967 687 Epistulam
3013 622 3265 690 superius
3318 634 3508 677 osten-

1944 708 2128 763 dimus
2155 706 2219 761 “.
2275 706 2477 762 Deinde
2529 710 2961 778 persecutionem
3009 709 3371 766 Neronianam
3425 728 3509 766 re-

1943 802 2155 870 Spicere
2200 800 2412 854 videtur
2450 810 2660 863 auctor,
2685 802 2812 855 dum
2852 816 3040 855 eorum
3072 803 3317 857 meminit
3342 803 3385 834 “
3416 802 3506 872 qui

1932 891 2051 961 jam
2088 900 2385 944 meruerunt
2430 890 2617 957 Deum,
2655 901 2703 944 et
2751 892 2895 961 passi
2930 901 3048 945 sunt
3082 909 3241 945 causa
3279 894 3506 948 nominis

1940 982 2054 1051 ejus
2092 982 2231 1050 feras
2268 983 2479 1047 bestias,
2531 983 2763 1052 ﬂagella,
2806 1000 3060 1050 carceres,
3107 1001 3306 1040 cruces.
3340 984 3505 1041 Eatu-

1941 1074 2174 1144 demque
2216 1074 2647 1143 persecutionem
2691 1075 2885 1130 iterum
2940 1086 3223 1142 memorat,
3275 1079 3401 1133 dum
3447 1096 3506 1135 se

1942 1164 2087 1220 illam
2122 1166 2376 1235 effugisse
2425 1166 2584 1236 paulo
2615 1176 2733 1235 post
2774 1166 3056 1236 proﬁtetur
3085 1169 3171 1223 his
3204 1170 3382 1225 verbis
3409 1170 3454 1201 "°
3488 1210 3503 1224 .

1946 1258 2189 1314 Occurrit
2221 1258 2350 1312 mihi
2382 1259 2504 1313 talis
2533 1258 2720 1325 bestia,
2752 1276 2867 1330 quin
2894 1260 3059 1329 possit
3097 1260 3343 1330 populum
3380 1278 3508 1315 con-

1942 1367 2175 1415 sumere;
2197 1346 2500 1416 sed,virtute
2521 1350 2616 1404 Dei
2638 1361 2686 1405 et
2710 1352 2966 1422 singulari
2991 1353 3102 1421 ejus
3122 1354 3502 1420 misericordia,

1940 1443 2080 1496 evasi
2106 1442 2277 1494 illam.
2304 1441 2369 1496 Et
2393 1458 2585 1496 rursus
2622 1460 2635 1496 :
2664 1441 2933 1511 Magnam,
2972 1442 3167 1513 inquit,
3200 1444 3505 1499 tribulatio-

1943 1547 2057 1585 nem
2081 1531 2315 1601 effugisti
2356 1544 2564 1601 propter
2608 1532 2763 1600 ﬁdem
2805 1542 2970 1598 tuam,
3008 1543 3057 1587 et
3100 1534 3188 1604 qui
3225 1535 3384 1589 talem
3417 1535 3504 1591 be—

1941 1622 2098 1677 stiam
2133 1639 2234 1675 non
2275 1622 2553 1676 dubitasti.
2601 1621 2869 1678 Neronem
2902 1624 3108 1679 scilicet
3149 1626 3367 1679 bestiam
3403 1641 3500 1680 vo-

1943 1722 2053 1779 cat,
2083 1715 2153 1768 ab
2175 1714 2435 1783 Apostolo
2460 1714 2711 1776 edoctus,
2747 1714 2833 1768 cui
2879 1714 2957 1768 leo
2998 1716 3196 1770 dicitur
3230 1717 3369 1771 idem
3415 1728 3501 1789 ty-

1942 1821 2170 1870 rannus,
2202 1806 2289 1859 ubi
2321 1806 2397 1860 ait
2420 1806 2464 1836 ⁸¹
2501 1824 2514 1860 :
2563 1804 2817 1859 Dominus
2855 1818 3025 1859 autem
3066 1806 3195 1860 mihi
3231 1808 3421 1874 astitit,
3451 1815 3499 1861 et

1941 1899 2255 1967 confortavit
2292 1915 2370 1951 me
2413 1914 2433 1953 :
2476 1907 2525 1951 et
2562 1898 2813 1952 liberatus
2847 1914 2962 1951 sum
2997 1898 3060 1951 de
3086 1914 3173 1952 ore
3209 1900 3392 1954 leonis.
3422 1899 3499 1955 lta

1940 1991 2127 2045 Patres
2167 2002 2221 2046 et
2256 1992 2579 2062 interpretes
2613 1993 2838 2062 passim.
2866 1991 2938 2046 De
2969 1992 3068 2046 hac
3097 2002 3275 2048 autem
3318 2010 3501 2065 perse-

1939 2081 2158 2137 cutione
2207 2081 2377 2136 fuisse
2442 2082 2683 2137 locutum
2737 2081 2991 2136 Hcrmam
3057 2092 3169 2136 tum
3222 2084 3331 2149 hic,
3384 2095 3496 2141 tum

1938 2174 2101 2228 etiam
2146 2172 2273 2229 alibi
2305 2174 2374 2241 ⁸³,
2410 2175 2499 2228 vix
2530 2190 2591 2229 ea
2617 2174 2865 2228 dubitare
2899 2174 3085 2229 sinunt
3111 2190 3229 2244 qua:
3251 2178 3500 2244 superius

1940 2266 1995 2319 in
2047 2265 2291 2321 eamdem
2333 2266 2653 2321 sententiam
2700 2265 3094 2320 edisseruimus
3138 2266 3205 2321 ⁸³.
3261 2266 3501 2338 Denique

1936 2374 2195 2427 pressura:
2218 2366 2600 2426 superuentura:
2625 2355 2950 2411 mentionem
2975 2356 3147 2426 injicit
3176 2356 3259 2410 vir
3285 2367 3501 2426 aposto-

1939 2451 2077 2505 licus
2099 2448 2145 2481 “
2177 2468 2191 2503 :
2226 2464 2333 2519 qua
2372 2448 2559 2517 phrasi
2599 2446 2774 2516 ολιψιν
2806 2448 2951 2501 illam
2991 2448 3226 2519 μεγάλην
3253 2458 3304 2504 et
3333 2449 3499 2521 ὀργὴν

1941 2542 2255 2614 μέλλουσαν,
2305 2540 2465 2595 toties
2524 2540 2576 2593 in
2607 2537 2760 2592 Novo
2803 2537 3148 2594 Testamento
3187 2541 3494 2611 pradictas,

1937 2634 2212 2689 excidium
2273 2633 2527 2687 nimirum
2586 2630 3126 2705 Hierosolymorum,
3177 2636 3495 2703 respexerit.

1937 2727 2054 2794 Qua
2086 2729 2152 2782 de
2183 2742 2240 2782 re
2273 2726 2522 2796 pluribus
2552 2725 2672 2780 loco
2708 2726 2873 2779 modo
2907 2725 3072 2780 citato
3109 2724 3243 2780 satis
3287 2727 3500 2783 erudite

1937 2821 2265 2877 Dodwellus.

1936 2932 2065 2989 Csr.
2108 2931 2174 2987 V.
2216 2932 2359 2999 Quid
2402 2949 2570 3001 opera:
2594 2934 2645 2986 in
2677 2932 2790 3002 ejus
2838 2932 3108 2987 Pastorem
3154 2950 3290 2988 nunc
3328 2935 3496 2989 denuo

2373 3003 2694 3073 evulgatum,
2724 3006 3034 3073 impensum.

266 3094 545 3151 sententia
576 3110 682 3149 non
707 3094 779 3148 ita
807 3105 889 3149 est
914 3095 1248 3164 accipienda,
1276 3096 1498 3166 perinde
1519 3112 1583 3152 ac
1612 3096 1658 3151 si
1689 3106 1830 3152 esset
1857 3096 1900 3156 (Ξ
2001 3092 2292 3149 Permulta:
2324 3081 2542 3164 quidem
2591 3094 3047 3149 circumferuntur
3094 3094 3334 3151 Pastoris
3381 3096 3497 3150 edi-

265 3185 455 3241 noxia
486 3184 746 3239 doctrinae
774 3184 857 3238 vel
899 3182 1019 3239 falsi
1062 3186 1299 3240 nominis
1335 3201 1504 3255 opus;
1549 3187 1642 3242 sed
1685 3188 1830 3256 quod

260 3278 345 3333 ab
385 3275 627 3331 Ecclesia
658 3285 810 3329 extra
840 3275 1111 3330 Canonem
1145 3278 1382 3346 positum
1423 3288 1828 3347 agnosceretur,

263 3378 336 3424 ut
359 3368 464 3423 viri
500 3368 644 3423 docti
681 3368 999 3437 jamdudum
1032 3356 1378 3436 monuerunt,
1420 3386 1628 3441 nosque
1672 3387 1832 3441 supe-

260 3462 389 3516 rius
417 3459 715 3530 attigimus.
747 3460 815 3513 At
849 3459 916 3514 de
948 3459 1032 3515 bis
1062 3460 1322 3516 hactenus
1361 3478 1375 3515 :
1408 3476 1552 3516 nunc
1582 3462 1693 3516 alio
1732 3477 1829 3517 ex-

257 3564 461 3611 currat
488 3553 684 3608 oratio.

254 3670 403 3727 Car.
442 3668 535 3724 IV.
577 3670 691 3737 Quo
746 3676 970 3738 tempore
1007 3666 1274 3749 scripserit
1308 3664 1535 3722 Hermas
1558 3707 1576 3736 ,
1627 3668 1832 3740 disqui-

974 3749 1131 3793 Ttluf.

339 3830 461 3885 Jam
495 3844 645 3895 vero,
678 3838 738 3883 nt
775 3828 840 3883 ad
878 3837 1091 3897 tempus
1132 3827 1515 3897 inquirendum
1551 3844 1662 3900 quo
1691 3830 1831 3885 scri-

257 3920 443 3992 pserit
468 3918 694 3973 Hermas
723 3918 964 3972 animum
993 3927 1399 3986 convertemus,
1438 3918 1569 3973 illud
1610 3919 1829 3991 quidem

259 4034 385 4073 non
430 4015 564 4070 adeo
612 4014 953 4083 exploratum
992 4011 1287 4080 habemus,
1353 4022 1412 4067 ut
1461 4022 1663 4069 certam
1711 4011 1831 4081 ejus

236 4120 454 4173 notam
502 4115 661 4183 ﬁgere
709 4111 782 4166 sit
828 4110 880 4164 in
914 4119 1185 4180 promptu.
1214 4108 1593 4164 Verumtamen
1627 4109 1671 4164 si
1708 4109 1831 4179 quis

256 4211 392 4281 ejus
426 4206 704 4261 Pastorem
734 4203 961 4257 rimetur
994 4200 1275 4265 attentius,
1304 4200 1564 4254 nonnulla
1600 4199 1832 4256 fortasse

164 4340 167 4353 .
260 4300 416 4358 haud
450 4294 748 4368 spernenda
790 4292 987 4348 indicia
1016 4290 1397 4361 deprehendet,
1430 4291 1573 4345 unde
1599 4306 1832 4361 opuscu-

259 4394 384 4448 lum
422 4390 565 4445 istud
614 4384 808 4441 litteris
852 4384 1230 4454 Consignatum
1275 4389 1399 4434 ante
1434 4378 1833 4451 Hierosolymo-

1933 3186 2128 3251 tiones,
2156 3201 2222 3241 ex
2252 3200 2360 3255 quo
2403 3186 2635 3254 primum
2667 3200 2803 3255 Opus
2829 3187 2959 3240 illud
2989 3204 3132 3242 anno
3165 3188 3301 3243 15Ιὸ
3339 3186 3494 3241 Pari-

1931 3279 2031 3334 siis
2068 3278 2343 3349 evolgavit
2382 3276 2619 3332 lacubus
2651 3277 2843 3332 Faber.
2874 3277 2983 3333 Nos
3022 3294 3149 3332 vero
3174 3295 3237 3333 ex
3267 3280 3374 3336 illis
3399 3294 3496 3350 po.

1930 3372 2201 3428 tissimum
2247 3384 2368 3439 quae
2407 3370 2724 3439 prodierunt
2764 3370 2832 3424 ab
2876 3385 3020 3425 anno
3067 3370 3204 3425 1672
3254 3372 3492 3427 subsidia

1931 3460 2091 3514 nobis
2130 3460 2595 3527 comparavimus,
2633 3460 2834 3530 quibus
2860 3456 3105 3515 exactior
3145 3462 3491 3533 nitidiorque,

1931 3561 1990 3606 ut
2018 3566 2114 3620 par
2144 3558 2281 3616 erat,
2322 3563 2506 3604 nostra
2554 3551 2815 3619 prodiret.
2872 3550 2937 3605 Et
2982 3554 3215 3621 primum
3275 3554 3491 3624 quidem

1931 3642 2116 3698 Graeca
2162 3652 2581 3712 quantacunque
2625 3653 2936 3712 supersunt,
2976 3644 3028 3699 in
3072 3660 3190 3699 eam
3241 3662 3495 3716 compor-

1930 3733 2094 3787 tanda
2148 3731 2603 3797 existimavimus,
2652 3732 2776 3786 licet
2831 3748 2988 3789 secus
3040 3736 3269 3789 senserit
3315 3738 3491 3790 editor

1931 3821 2278 3878 Oxoniensis.
2307 3820 2439 3887 Quae
2474 3837 2602 3876 vero
2642 3820 2811 3876 Graeci
2855 3830 3035 3877 textus
3076 3823 3285 3877 lacinia:
3334 3824 3491 3893 longe

1930 3913 2253 3984 prolixiores
2287 3913 2353 3967 ad
2386 3913 2554 3967 libros
2585 3911 2795 3967 Hermas
2827 3928 2863 3966 ιι
2893 3922 2946 3966 et
2976 3929 3031 3966 ιιι
3067 3914 3357 3983 pertinent,
3396 3929 3489 3969 eas

1930 4004 2149 4059 demum
2176 4018 2241 4058 ex
2270 4003 2521 4057 Doctrina
2557 4004 2626 4056 ad
2653 4004 2967 4057 Antiochum
3001 4004 3183 4057 ducem
3222 4014 3487 4074 prazstan-

1932 4098 2002 4150 tis
2027 4094 2521 4150 Athanasianorum
2553 4095 2807 4150 editionis
2842 4094 3332 4149 Montfauconianzc
3365 4112 3486 4150 mu-

1931 4190 2067 4245 tuati
2121 4205 2345 4257 sumus,
2394 4190 2539 4244 haud
2580 4190 2683 4243 rati
2729 4205 2853 4244 cum
2901 4188 3111 4244 Clerico
3150 4199 3203 4244 et
3236 4189 3487 4250 ltusseliu

1931 4282 2236 4337 Fabricium
2295 4282 2449 4353 sequi
2500 4302 2511 4337 :
2556 4297 2618 4336 ea
2668 4297 2901 4352 namque
2949 4282 3073 4338 inde
3122 4283 3331 4353 primus
3374 4287 3489 4357 ipse

1930 4374 2266 4439 describens,
2307 4373 2379 4427 ita
2427 4372 2581 4427 duxit
2624 4371 2820 4425 alicubi
2866 4371 3276 4438 conformanda,
3310 4384 3367 4428 ut
3396 4392 3488 4431 vc-

258 4499 395 4542 rum
418 4482 708 4545 excidium,
745 4476 860 4531 sive
891 4476 1036 4531 circa
1076 4472 1277 4528 Christi
1306 4487 1510 4527 annum
1548 4471 1615 4525 70
1640 4472 1830 4525 merito
1863 4462 1905 4517 Ι)
1937 4466 2036 4519 teri
2084 4464 2360 4533 interpreti
2399 4465 2569 4533 magis
2601 4464 2965 4531 cohaererent;
3004 4466 3148 4535 quod
3195 4467 3311 4521 suis
3350 4468 3486 4548 locis

256 4575 564 4634 existimet.
598 4571 746 4625 Hanc
778 4581 910 4622 sane
949 4563 1268 4621 sententiam
1306 4570 1434 4617 sunt
1470 4562 1641 4617 secuti
1667 4577 1820 4617 com-

241 4668 454 4742 plures
471 4663 569 4718 viri
590 4658 805 4723 eruditi,
823 4653 1126 4709 Dodwcllus
1148 4653 1191 4684 δ’
1220 4652 1271 4705 in
1298 4652 1509 4721 primis,
1532 4650 1731 4706 Millius
1753 4650 1821 4716 “,

256 4760 482 4817 Caveus
504 4754 569 4821 “,
616 4750 927 4806 Baraterius
962 4748 1033 4811 ",
1074 4755 1236 4815 atque
1262 4753 1319 4797 ut
1358 4744 1495 4799 alios
1537 4754 1824 4816 praeterea-

242 4842 416 4910 ‘mus,
441 4843 505 4900 V.
537 4842 600 4897 C.
634 4840 969 4896 Fontaninus
996 4838 1081 4903 “;
1109 4835 1203 4905 qui
1235 4844 1435 4897 tamen,
1476 4834 1559 4888 sui
1603 4834 1823 4900 oblitus,

258 4940 522 5006 deinceps
559 4934 810 4988 Hermam
847 4928 1274 4985 ecclesiasticum
1304 4925 1483 4980 saeculi
1518 4941 1557 4979 ιι
1595 4925 1824 4994 scripto-

258 5046 385 5087 rem
455 5027 704 5099 appellat.
758 5023 915 5090 Quod
974 5022 1192 5092 quidem
1236 5018 1496 5089 judicium
1547 5018 1696 5072 hisce
1737 5025 1825 5073 ra-

260 5123 481 5178 tionum
521 5118 812 5175 momentis
849 5114 1099 5170 innititur
1132 5130 1146 5166 :
1177 5111 1417 5167 Primum
1456 5124 1647 5179 nempe
1681 5110 1823 5164 seri-

338 5302 383 5335 ³ο
416 5298 631 5368 Prosp.,
664 5296 761 5368 lib:
786 5305 956 5368 contr.
999 5292 1359 5368 Collat.,_c_ap.
1393 5293 1482 5348 30.

1928 4556 2294 4611 adnotandum
2342 4554 2673 4610 curavimus.
2721 4553 2942 4623 Aliquot
2978 4556 3198 4627 insuper
3242 4557 3485 4614 Pastoris

1930 4648 2233 4717 fragmenta
2281 4646 2335 4699 in
2382 4646 2571 4700 eodem
2625 4646 3137 4719 pseudo-Athanasii
3184 4665 3345 4720 opere
3392 4651 3486 4707 de—

1930 4740 2183 4806 teximus,
2224 4753 2345 4807 qua:
2385 4745 2500 4792 tum
2544 4738 2616 4793 cl.
2660 4740 2944 4807 editorem,
2999 4749 3110 4795 tum
3142 4742 3277 4799 alios
3320 4746 3483 4803 etiam

1928 4833 2105 4903 ipsum
2131 4842 2375 4901 secutos,
2408 4830 2684 4903 fugerunt,
2718 4842 2779 4886 ut
2808 4831 2863 4886 in
2898 4832 3043 4889 notis
3074 4834 3333 4905 subjectis
3367 4853 3485 4894 mo-

1927 4925 2168 4979 animus.

1997 5015 2148 5071 [laud
2190 5014 2386 5070 minori
2422 5015 2603 5070 studio
2643 5016 2919 5086 antiquam
2959 5018 3264 5074 versionem
3297 5033 3481 5074 recen-

1924 5109 2157 5173 suimus,
2180 5108 2367 5164 sedqu
2403 5108 2614 5164 collatis
2655 5108 2818 5164 variis
2845 5108 3188 5177 lectionibus,
3211 5126 3346 5181 quas
3368 5108 3479 5164 Co-

1541 5291 1843 5357 ‘°llieron.,
1875 5291 1969 5346 lib.
2007 5288 2080 5345 De
2101 5291 2198 5345 oir.
2229 5290 2451 5353 illustr.,
2476 5306 2595 5360 cap.
2633 5289 2718 5345 l0.
2764 5290 2805 5323 ι’
2826 5289 3027 5345 Farlat.
3050 5332 3066 5357 ,
3100 5289 3302 5360 Illyric.
3334 5306 3473 5348 sacr.

260 5385 379 5427 nom
424 5368 469 5434 ι,
503 5360 790 5439 ρᾶς-400.
844 5364 1091 5439 “Dodvv:
1120 5363 1174 5416 in
1198 5360 1685 5439 Dissertzsingul”
1712 5377 1831 5439 cap.
1855 5363 1945 5439 _l_l,
1979 5362 2090 5439 §_5,
2122 5362 2187 5417 ad
2225 5360 2409 5439 Pears.
2452 5370 2689 5439 postem.
2717 5377 2848 5439 pag.
2884 5361 3030 5439 Δ158,
3066 5363 3197 5415 etin
3240 5361 3472 5439 addent].

261 5443 334 5495 ad
371 5431 600 5494 Dissert:
639 5437 776 5491 lren.
796 5476 812 5501 ,
842 5450 964 5504 pag.
997 5434 1117 5487 l58.
1194 5432 1239 5504 ξ’
1261 5432 1392 5504 Mill.
1430 5431 1730 5504 Prolegom.
1751 5431 1820 5504 ad
1846 5431 2174 5504 Novaestq
2204 5450 2259 5487 n.
2288 5433 2410 5487 M5.
2454 5431 2673 5504 ’“Cav.

2762 5429 2847 5483 ist.
2876 5432 3060 5495 litter.,
3091 5441 3221 5483 tom.
3246 5429 3285 5489 I.
3312 5431 3471 5500 p.5l.

263 5492 513 5563 ‘VBarat.
538 5508 767 5579 Disquis.
799 5492 1012 5584 chron.”
1040 5518 1159 5572 cap.
1190 5502 1245 5568 ὅ,
1273 5502 1301 5575 §
1325 5504 1377 5567 5,
1402 5519 1522 5572 pag.
1542 5492 1642 5583 .3'9'.
1719 5502 2009 5557 “Fontan.
2039 5492 2182 5557 Ilist’.
2218 5504 2381 5557 litter.
2412 5504 2612 5573 Aquil.,
2637 5503 2729 5555 lib.
2762 5517 2820 5566 ιι,
2851 5517 2970 5583 (διιρο
3000 5492 3055 5564 1,⁷
3090 5516 3211 5622 pag.
3247 5492 3333 5563 64',
3380 5502 3470 5583 9.5.

263 5578 514 5622 "Herm-
561 5579 704 5622 Ρηιι-
738 5577 832 5622 lib-
855 5591 891 5622 ι-
921 5589 1024 5622 ws.
1054 5589 1123 5622 ιι.
1150 5588 1268 5622 can.
1297 5573 1350 5622 4.
1429 5574 1471 5604 ’⁸⁸
1494 5572 1625 5622 Vide
1649 5573 1855 5622 Prolea.
1900 5574 1964 5622 ad
2026 5573 2081 5622 S.
2121 5574 2451 5622 Clementem
2501 5571 2803 5622 Romanum
2826 5612 2840 5622 .
2882 5573 3105 5622 huiusce
3195 5572 3470 5622 atro‘loam

261 5580 313 5612 ⁸⁷
332 5578 515 5633 Herm.
559 5571 705 5633 Pait.
737 5577 832 5630 lib.
855 5591 891 5636 ι.
921 5575 1024 5629 vis.
1054 5571 1350 5642 1|,capf4.
1407 5571 1471 5604 λδ
1494 5572 1625 5628 Vide
1648 5573 1855 5643 Proleg.
1898 5574 1965 5643 ad
2026 5573 2081 5627 S.
2121 5571 2803 5643 Clementem'Romannm
2826 5612 2868 5643 ._
2878 5571 3105 5643 hujusce

3231 5570 3474 5641 trgogia

261 5657 307 5705 ι.
341 5648 380 5704 Ι.
458 5650 501 5681 ⁸⁸
529 5647 710 5704 Herm.
757 5647 931 5712 Past.,
966 5644 1059 5697 lib.
1093 5660 1130 5708 ι,
1154 5638 1253 5697 vis.
1288 5659 1367 5704 ιιι,
1399 5658 1520 5712 cap.
1563 5643 1585 5698 1
1619 5652 1672 5697 et
1698 5643 1750 5696 2.
1806 5638 1835 5674 Ἴ

1936 5644 1971 5696 Ι.
1997 5644 2147 5706 ibid.,
2177 5645 2280 5696 vis.
2316 5660 2388 5705 ιν,
2422 5658 2540 5712 cap.
2561 5642 2617 5695 2.
2694 5638 2801 5712 fill
2828 5638 2966 5712 Tim.
2994 5656 3066 5705 tv,
3095 5640 3182 5695 l7.
3226 5638 3467 5712 "Herm.

262 5721 449 5789 Past.,
469 5720 564 5778 lib.
597 5735 678 5788 ιιι,
708 5718 871 5775 simil.
904 5710 1022 5783 vnt,
1049 5729 1169 5784 cap.
1197 5714 1251 5769 5.
1327 5710 1692 5785 “Prolegom.
1721 5728 1840 5784 cap.
1874 5714 1925 5781 l,
1950 5723 2082 5768 sect.
2118 5714 2169 5783 l,
2199 5712 2228 5785 ᾗ
2258 5714 2323 5769 9.’
2389 5714 2435 5747 ⁸³
2460 5710 2621 5768 Herm
2671 5710 2801 5766 ibid.
2830 5710 2921 5766 Ilb.
2952 5727 2990 5779 ι,
3034 5712 3113 5766 vis
3160 5726 3234 5780 iv,
3256 5726 3379 5784 cap.
3410 5710 3466 5766 2.
