  <div class='ocr_page' id='page_1' title='image "/cluster/home/n/w/nwhite01/storage/ocr_20150623/2/hvd.32044073501249/442.png"; bbox 0 0 3868 6308; ppageno 0'>
   <div class='ocr_carea' id='block_1_1' title="bbox 201 210 2186 306">
    <p class='ocr_par' dir='ltr' id='par_1_1' title="bbox 201 210 2186 306">
     <span class='ocr_line' id='line_1_1' title="bbox 201 210 2186 306; baseline 0 -3"><span class='ocrx_word' id='word_1_1' title='bbox 201 252 283 306; x_wconf 77' lang='lat' dir='ltr'><strong>tm</strong></span> <span class='ocrx_word' id='word_1_2' title='bbox 1314 210 1317 213; x_wconf 22' lang='grc' dir='ltr'><strong>λ</strong></span> <span class='ocrx_word' id='word_1_3' title='bbox 1386 246 1679 305; x_wconf 70' lang='lat' dir='ltr'><strong>PASTOR.</strong></span> <span class='ocrx_word' id='word_1_4' title='bbox 1722 276 1782 288; x_wconf 77' lang='lat'><em>—</em></span> <span class='ocrx_word' id='word_1_5' title='bbox 1823 248 2186 303; x_wconf 68' lang='lat' dir='ltr'><strong>PROCEMIA.</strong></span> 
     </span>
    </p>
   </div>
   <div class='ocr_carea' id='block_1_2' title="bbox 3275 254 3379 309">
    <p class='ocr_par' dir='ltr' id='par_1_2' title="bbox 3275 254 3379 309">
     <span class='ocr_line' id='line_1_2' title="bbox 3275 254 3379 309; baseline 0.058 -6"><span class='ocrx_word' id='word_1_6' title='bbox 3275 254 3379 309; x_wconf 61' lang='lat'><strong>87$</strong></span> 
     </span>
    </p>
   </div>
   <div class='ocr_carea' id='block_1_3' title="bbox 204 360 3381 439">
    <p class='ocr_par' dir='ltr' id='par_1_3' title="bbox 204 360 3381 439">
     <span class='ocr_line' id='line_1_3' title="bbox 204 360 3381 439; baseline 0.002 -21"><span class='ocrx_word' id='word_1_7' title='bbox 204 367 435 437; x_wconf 75' lang='lat' dir='ltr'><strong>spirantes</strong></span> <span class='ocrx_word' id='word_1_8' title='bbox 460 360 797 415; x_wconf 83' lang='lat' dir='ltr'><strong>adnotamns.</strong></span> <span class='ocrx_word' id='word_1_9' title='bbox 847 363 1060 419; x_wconf 80' lang='lat' dir='ltr'><strong>Primus</strong></span> <span class='ocrx_word' id='word_1_10' title='bbox 1112 368 1343 422; x_wconf 81' lang='lat' dir='ltr'><strong>habetur</strong></span> <span class='ocrx_word' id='word_1_11' title='bbox 1394 372 1533 439; x_wconf 88' lang='lat' dir='ltr'><strong>apud</strong></span> <span class='ocrx_word' id='word_1_12' title='bbox 1582 369 1712 422; x_wconf 82' lang='lat' dir='ltr'><strong>tlcr-</strong></span> <span class='ocrx_word' id='word_1_13' title='bbox 1742 376 1786 431; x_wconf 83' lang='grc' dir='ltr'>Α</span> <span class='ocrx_word' id='word_1_14' title='bbox 1815 371 2022 424; x_wconf 89' lang='lat' dir='ltr'><strong>ratione</strong></span> <span class='ocrx_word' id='word_1_15' title='bbox 2063 368 2324 439; x_wconf 80' lang='lat' dir='ltr'><strong>Spiritum</strong></span> <span class='ocrx_word' id='word_1_16' title='bbox 2366 376 2616 425; x_wconf 77' lang='lat' dir='ltr'><strong>sanetum</strong></span> <span class='ocrx_word' id='word_1_17' title='bbox 2661 370 2804 425; x_wconf 80' lang='lat' dir='ltr'><strong>dicat</strong></span> <span class='ocrx_word' id='word_1_18' title='bbox 2850 369 3087 424; x_wconf 80' lang='lat' dir='ltr'><strong>Filium?</strong></span> <span class='ocrx_word' id='word_1_19' title='bbox 3126 372 3381 424; x_wconf 83' lang='lat' dir='ltr'><strong>nimirum</strong></span> 
     </span>
    </p>
   </div>
   <div class='ocr_carea' id='block_1_4' title="bbox 198 452 1720 530">
    <p class='ocr_par' dir='ltr' id='par_1_4' title="bbox 198 452 1720 530">
     <span class='ocr_line' id='line_1_4' title="bbox 198 452 1720 530; baseline 0.003 -21"><span class='ocrx_word' id='word_1_20' title='bbox 198 470 321 511; x_wconf 81' lang='lat' dir='ltr'><strong>mam</strong></span> <span class='ocrx_word' id='word_1_21' title='bbox 347 452 540 506; x_wconf 78' lang='lat' dir='ltr'><strong>visione</strong></span> <span class='ocrx_word' id='word_1_22' title='bbox 567 466 626 515; x_wconf 88' lang='lat' dir='ltr'><strong>tt,</strong></span> <span class='ocrx_word' id='word_1_23' title='bbox 653 468 700 506; x_wconf 91' lang='lat' dir='ltr'><strong>c.</strong></span> <span class='ocrx_word' id='word_1_24' title='bbox 739 454 771 507; x_wconf 67' lang='grc'>4</span> <span class='ocrx_word' id='word_1_25' title='bbox 804 473 817 508; x_wconf 90' lang='lat'><strong>:</strong></span> <span class='ocrx_word' id='word_1_26' title='bbox 863 456 1035 509; x_wconf 73' lang='lat' dir='ltr'><strong>Anum</strong></span> <span class='ocrx_word' id='word_1_27' title='bbox 1066 458 1215 510; x_wconf 83' lang='lat' dir='ltr'><strong>illaut</strong></span> <span class='ocrx_word' id='word_1_28' title='bbox 1255 500 1268 513; x_wconf 93' lang='lat'><strong>.</strong></span> <span class='ocrx_word' id='word_1_29' title='bbox 1314 499 1325 511; x_wconf 95' lang='lat'><strong>.</strong></span> <span class='ocrx_word' id='word_1_30' title='bbox 1378 500 1389 511; x_wconf 95' lang='lat'><strong>.</strong></span> <span class='ocrx_word' id='word_1_31' title='bbox 1432 477 1587 530; x_wconf 86' lang='lat' dir='ltr'><strong>quam</strong></span> <span class='ocrx_word' id='word_1_32' title='bbox 1622 476 1720 528; x_wconf 86' lang='lat' dir='ltr'><strong>pu—</strong></span> 
     </span>
    </p>
   </div>
   <div class='ocr_carea' id='block_1_5' title="bbox 200 544 1714 623">
    <p class='ocr_par' dir='ltr' id='par_1_5' title="bbox 200 544 1714 623">
     <span class='ocr_line' id='line_1_5' title="bbox 200 544 1714 623; baseline 0.003 -20"><span class='ocrx_word' id='word_1_33' title='bbox 200 562 266 604; x_wconf 82' lang='lat' dir='ltr'><strong>tas</strong></span> <span class='ocrx_word' id='word_1_34' title='bbox 287 546 423 601; x_wconf 74' lang='lat' dir='ltr'><strong>esse!</strong></span> <span class='ocrx_word' id='word_1_35' title='bbox 449 584 463 599; x_wconf 93' lang='lat'><strong>.</strong></span> <span class='ocrx_word' id='word_1_36' title='bbox 504 583 519 598; x_wconf 95' lang='lat'><strong>.</strong></span> <span class='ocrx_word' id='word_1_37' title='bbox 562 583 576 598; x_wconf 95' lang='lat'><strong>.</strong></span> <span class='ocrx_word' id='word_1_38' title='bbox 620 544 715 598; x_wconf 87' lang='lat' dir='ltr'><strong>Est</strong></span> <span class='ocrx_word' id='word_1_39' title='bbox 750 546 990 602; x_wconf 80' lang='lat' dir='ltr'><strong>Ecclesia</strong></span> <span class='ocrx_word' id='word_1_40' title='bbox 1022 550 1137 603; x_wconf 88' lang='lat' dir='ltr'><strong>Dei.</strong></span> <span class='ocrx_word' id='word_1_41' title='bbox 1172 550 1373 605; x_wconf 84' lang='lat' dir='ltr'><strong>Confer</strong></span> <span class='ocrx_word' id='word_1_42' title='bbox 1402 552 1714 623; x_wconf 64' lang='lat' dir='ltr'><strong>Apocalyps.</strong></span> 
     </span>
    </p>
   </div>
   <div class='ocr_carea' id='block_1_6' title="bbox 198 636 1720 713">
    <p class='ocr_par' dir='ltr' id='par_1_6' title="bbox 198 636 1720 713">
     <span class='ocr_line' id='line_1_6' title="bbox 198 636 1720 713; baseline 0.001 -18"><span class='ocrx_word' id='word_1_43' title='bbox 198 656 223 695; x_wconf 88' lang='lat' dir='ltr'><strong>c</strong></span> <span class='ocrx_word' id='word_1_44' title='bbox 270 654 351 693; x_wconf 70' lang='grc' dir='ltr'><strong>ιιι.</strong></span> <span class='ocrx_word' id='word_1_45' title='bbox 381 636 510 690; x_wconf 89' lang='lat' dir='ltr'><strong>Idem</strong></span> <span class='ocrx_word' id='word_1_46' title='bbox 549 636 747 691; x_wconf 85' lang='lat' dir='ltr'><strong>vision.</strong></span> <span class='ocrx_word' id='word_1_47' title='bbox 780 654 851 701; x_wconf 89' lang='lat' dir='ltr'><strong>tv,</strong></span> <span class='ocrx_word' id='word_1_48' title='bbox 877 656 925 693; x_wconf 91' lang='lat' dir='ltr'><strong>c.</strong></span> <span class='ocrx_word' id='word_1_49' title='bbox 952 640 986 693; x_wconf 99' lang='lat'><strong>2</strong></span> <span class='ocrx_word' id='word_1_50' title='bbox 1014 659 1024 692; x_wconf 90' lang='lat'>:</span> <span class='ocrx_word' id='word_1_51' title='bbox 1068 640 1244 694; x_wconf 86' lang='lat' dir='ltr'><strong>Bestia</strong></span> <span class='ocrx_word' id='word_1_52' title='bbox 1276 642 1384 696; x_wconf 77' lang='lat' dir='ltr'><strong>lucc</strong></span> <span class='ocrx_word' id='word_1_53' title='bbox 1427 644 1597 713; x_wconf 83' lang='lat' dir='ltr'><strong>ﬁgura</strong></span> <span class='ocrx_word' id='word_1_54' title='bbox 1644 654 1720 697; x_wconf 90' lang='lat' dir='ltr'><strong>est</strong></span> 
     </span>
    </p>
   </div>
   <div class='ocr_carea' id='block_1_7' title="bbox 199 732 1716 805">
    <p class='ocr_par' dir='ltr' id='par_1_7' title="bbox 199 732 1716 805">
     <span class='ocr_line' id='line_1_7' title="bbox 199 732 1716 805; baseline 0.005 -22"><span class='ocrx_word' id='word_1_55' title='bbox 199 744 419 802; x_wconf 71' lang='lat' dir='ltr'><strong>pressura</strong></span> <span class='ocrx_word' id='word_1_56' title='bbox 445 732 865 796; x_wconf 81' lang='lat' dir='ltr'><strong>supercenientis.</strong></span> <span class='ocrx_word' id='word_1_57' title='bbox 899 733 1089 788; x_wconf 88' lang='lat' dir='ltr'><strong>Collat.</strong></span> <span class='ocrx_word' id='word_1_58' title='bbox 1131 734 1299 805; x_wconf 81' lang='lat' dir='ltr'><strong>Apoc.</strong></span> <span class='ocrx_word' id='word_1_59' title='bbox 1332 752 1380 791; x_wconf 93' lang='lat' dir='ltr'><strong>c.</strong></span> <span class='ocrx_word' id='word_1_60' title='bbox 1415 753 1510 791; x_wconf 77' lang='grc' dir='ltr'><strong>χιι.</strong></span> <span class='ocrx_word' id='word_1_61' title='bbox 1552 736 1716 798; x_wconf 84' lang='lat' dir='ltr'><strong>Idem,</strong></span> 
     </span>
    </p>
   </div>
   <div class='ocr_carea' id='block_1_8' title="bbox 197 822 1717 898">
    <p class='ocr_par' dir='ltr' id='par_1_8' title="bbox 197 822 1717 898">
     <span class='ocr_line' id='line_1_8' title="bbox 197 822 1717 898; baseline 0.003 -18"><span class='ocrx_word' id='word_1_62' title='bbox 197 825 363 881; x_wconf 85' lang='lat' dir='ltr'><strong>ibidem</strong></span> <span class='ocrx_word' id='word_1_63' title='bbox 388 840 401 875; x_wconf 86' lang='lat'><strong><em>:</em></strong></span> <span class='ocrx_word' id='word_1_64' title='bbox 430 822 577 887; x_wconf 82' lang='lat' dir='ltr'><strong>Ecce,</strong></span> <span class='ocrx_word' id='word_1_65' title='bbox 607 827 833 879; x_wconf 88' lang='lat' dir='ltr'><strong>occurrit</strong></span> <span class='ocrx_word' id='word_1_66' title='bbox 860 827 988 880; x_wconf 81' lang='lat' dir='ltr'><strong>mihi</strong></span> <span class='ocrx_word' id='word_1_67' title='bbox 1014 828 1153 896; x_wconf 87' lang='lat' dir='ltr'><strong>virgo</strong></span> <span class='ocrx_word' id='word_1_68' title='bbox 1179 829 1415 898; x_wconf 78' lang='lat' dir='ltr'><strong>quwdam</strong></span> <span class='ocrx_word' id='word_1_69' title='bbox 1442 840 1717 898; x_wconf 69' lang='lat' dir='ltr'><strong>exornata,</strong></span> 
     </span>
    </p>
   </div>
   <div class='ocr_carea' id='block_1_9' title="bbox 197 916 1716 988">
    <p class='ocr_par' dir='ltr' id='par_1_9' title="bbox 197 916 1716 988">
     <span class='ocr_line' id='line_1_9' title="bbox 197 916 1716 988; baseline 0.005 -17"><span class='ocrx_word' id='word_1_70' title='bbox 197 930 411 987; x_wconf 86' lang='lat' dir='ltr'><strong>tanquam</strong></span> <span class='ocrx_word' id='word_1_71' title='bbox 444 932 505 970; x_wconf 78' lang='lat' dir='ltr'><strong>ea:</strong></span> <span class='ocrx_word' id='word_1_72' title='bbox 544 916 773 971; x_wconf 87' lang='lat' dir='ltr'><strong>thalamo</strong></span> <span class='ocrx_word' id='word_1_73' title='bbox 811 920 1053 988; x_wconf 86' lang='lat' dir='ltr'><strong>prodiens</strong></span> <span class='ocrx_word' id='word_1_74' title='bbox 1086 931 1197 977; x_wconf 85' lang='lat' dir='ltr'><strong>tota</strong></span> <span class='ocrx_word' id='word_1_75' title='bbox 1236 924 1291 977; x_wconf 87' lang='lat' dir='ltr'><strong>in</strong></span> <span class='ocrx_word' id='word_1_76' title='bbox 1332 923 1487 978; x_wconf 80' lang='lat' dir='ltr'><strong>albis.</strong></span> <span class='ocrx_word' id='word_1_77' title='bbox 1522 924 1716 980; x_wconf 86' lang='lat' dir='ltr'><strong>Collat.</strong></span> 
     </span>
    </p>
   </div>
   <div class='ocr_carea' id='block_1_10' title="bbox 192 1010 1718 1080">
    <p class='ocr_par' dir='ltr' id='par_1_10' title="bbox 192 1010 1718 1080">
     <span class='ocr_line' id='line_1_10' title="bbox 192 1010 1718 1080; baseline 0.003 -15"><span class='ocrx_word' id='word_1_78' title='bbox 192 1012 332 1080; x_wconf 86' lang='lat' dir='ltr'><strong>Apoc.</strong></span> <span class='ocrx_word' id='word_1_79' title='bbox 371 1025 415 1063; x_wconf 94' lang='lat' dir='ltr'><strong>c.</strong></span> <span class='ocrx_word' id='word_1_80' title='bbox 452 1025 563 1074; x_wconf 74' lang='lat' dir='ltr'><strong>ut,</strong></span> <span class='ocrx_word' id='word_1_81' title='bbox 599 1027 647 1065; x_wconf 88' lang='lat' dir='ltr'><strong>v.</strong></span> <span class='ocrx_word' id='word_1_82' title='bbox 676 1011 730 1065; x_wconf 88' lang='lat'><strong>2.</strong></span> <span class='ocrx_word' id='word_1_83' title='bbox 757 1010 899 1066; x_wconf 88' lang='lat' dir='ltr'><strong>Idem</strong></span> <span class='ocrx_word' id='word_1_84' title='bbox 931 1013 1033 1068; x_wconf 90' lang='lat' dir='ltr'><strong>vis.</strong></span> <span class='ocrx_word' id='word_1_85' title='bbox 1067 1030 1146 1078; x_wconf 89' lang='lat' dir='ltr'><strong>tn,</strong></span> <span class='ocrx_word' id='word_1_86' title='bbox 1172 1030 1221 1069; x_wconf 92' lang='lat' dir='ltr'><strong>c.</strong></span> <span class='ocrx_word' id='word_1_87' title='bbox 1253 1015 1288 1068; x_wconf 89' lang='lat'><strong>2</strong></span> <span class='ocrx_word' id='word_1_88' title='bbox 1316 1031 1327 1067; x_wconf 87' lang='lat'><strong>:</strong></span> <span class='ocrx_word' id='word_1_89' title='bbox 1363 1014 1549 1069; x_wconf 83' lang='lat' dir='ltr'><strong><em>Nonne</em></strong></span> <span class='ocrx_word' id='word_1_90' title='bbox 1578 1018 1718 1070; x_wconf 81' lang='lat' dir='ltr'><strong>vides</strong></span> 
     </span>
    </p>
   </div>
   <div class='ocr_carea' id='block_1_11' title="bbox 190 1103 1721 1177">
    <p class='ocr_par' dir='ltr' id='par_1_11' title="bbox 190 1103 1721 1177">
     <span class='ocr_line' id='line_1_11' title="bbox 190 1103 1721 1177; baseline 0.005 -24"><span class='ocrx_word' id='word_1_91' title='bbox 190 1110 343 1153; x_wconf 85' lang='lat' dir='ltr'><strong>contra</strong></span> <span class='ocrx_word' id='word_1_92' title='bbox 385 1109 429 1153; x_wconf 89' lang='lat' dir='ltr'><strong>le</strong></span> <span class='ocrx_word' id='word_1_93' title='bbox 484 1103 673 1154; x_wconf 86' lang='lat' dir='ltr'><strong>turrim</strong></span> <span class='ocrx_word' id='word_1_94' title='bbox 723 1120 999 1174; x_wconf 86' lang='lat' dir='ltr'><strong>magnam,</strong></span> <span class='ocrx_word' id='word_1_95' title='bbox 1045 1123 1161 1175; x_wconf 70' lang='lat' dir='ltr'><strong><em>qua:</em></strong></span> <span class='ocrx_word' id='word_1_96' title='bbox 1210 1108 1508 1177; x_wconf 68' lang='lat' dir='ltr'><strong>mdiﬁcatur</strong></span> <span class='ocrx_word' id='word_1_97' title='bbox 1566 1124 1721 1177; x_wconf 80' lang='lat' dir='ltr'><strong>super</strong></span> 
     </span>
    </p>
   </div>
   <div class='ocr_carea' id='block_1_12' title="bbox 187 1191 1716 1270">
    <p class='ocr_par' dir='ltr' id='par_1_12' title="bbox 187 1191 1716 1270">
     <span class='ocr_line' id='line_1_12' title="bbox 187 1191 1716 1270; baseline 0.007 -27"><span class='ocrx_word' id='word_1_98' title='bbox 187 1208 326 1261; x_wconf 82' lang='lat' dir='ltr'><strong>aquas</strong></span> <span class='ocrx_word' id='word_1_99' title='bbox 349 1191 606 1259; x_wconf 87' lang='lat' dir='ltr'><strong>lapidibus</strong></span> <span class='ocrx_word' id='word_1_100' title='bbox 630 1195 906 1263; x_wconf 87' lang='lat' dir='ltr'><strong>quadratis</strong></span> <span class='ocrx_word' id='word_1_101' title='bbox 952 1198 1259 1266; x_wconf 78' lang='lat' dir='ltr'><strong>splendidis.</strong></span> <span class='ocrx_word' id='word_1_102' title='bbox 1304 1199 1438 1253; x_wconf 87' lang='lat' dir='ltr'><strong>Coll.</strong></span> <span class='ocrx_word' id='word_1_103' title='bbox 1466 1201 1631 1270; x_wconf 79' lang='lat' dir='ltr'><strong>Apoc.</strong></span> <span class='ocrx_word' id='word_1_104' title='bbox 1665 1216 1716 1255; x_wconf 89' lang='lat' dir='ltr'><strong>c.</strong></span> 
     </span>
    </p>
   </div>
   <div class='ocr_carea' id='block_1_13' title="bbox 188 1284 1717 1360">
    <p class='ocr_par' dir='ltr' id='par_1_13' title="bbox 188 1284 1717 1360">
     <span class='ocr_line' id='line_1_13' title="bbox 188 1284 1717 1360; baseline 0.005 -22"><span class='ocrx_word' id='word_1_105' title='bbox 188 1299 279 1344; x_wconf 77' lang='lat' dir='ltr'><strong>nt.</strong></span> <span class='ocrx_word' id='word_1_106' title='bbox 304 1302 348 1337; x_wconf 90' lang='lat' dir='ltr'><strong>v.</strong></span> <span class='ocrx_word' id='word_1_107' title='bbox 382 1284 463 1338; x_wconf 82' lang='grc'><strong>19.</strong></span> <span class='ocrx_word' id='word_1_108' title='bbox 495 1286 660 1351; x_wconf 89' lang='lat' dir='ltr'><strong>Idem,</strong></span> <span class='ocrx_word' id='word_1_109' title='bbox 688 1287 885 1341; x_wconf 89' lang='lat' dir='ltr'><strong>ibidem</strong></span> <span class='ocrx_word' id='word_1_110' title='bbox 917 1304 929 1340; x_wconf 89' lang='lat'><strong>:</strong></span> <span class='ocrx_word' id='word_1_111' title='bbox 963 1288 1027 1342; x_wconf 87' lang='lat' dir='ltr'><strong>In</strong></span> <span class='ocrx_word' id='word_1_112' title='bbox 1071 1291 1331 1359; x_wconf 83' lang='lat' dir='ltr'><strong>quadrato</strong></span> <span class='ocrx_word' id='word_1_113' title='bbox 1378 1294 1514 1345; x_wconf 83' lang='lat' dir='ltr'><strong>enim</strong></span> <span class='ocrx_word' id='word_1_114' title='bbox 1543 1292 1717 1360; x_wconf 80' lang='lat' dir='ltr'><strong>wdiﬁ-</strong></span> 
     </span>
    </p>
   </div>
   <div class='ocr_carea' id='block_1_14' title="bbox 184 1376 1714 1449">
    <p class='ocr_par' dir='ltr' id='par_1_14' title="bbox 184 1376 1714 1449">
     <span class='ocr_line' id='line_1_14' title="bbox 184 1376 1714 1449; baseline 0.007 -21"><span class='ocrx_word' id='word_1_115' title='bbox 184 1377 362 1429; x_wconf 76' lang='lat' dir='ltr'><strong>rabitur</strong></span> <span class='ocrx_word' id='word_1_116' title='bbox 405 1378 587 1430; x_wconf 86' lang='lat' dir='ltr'><strong>turris.</strong></span> <span class='ocrx_word' id='word_1_117' title='bbox 626 1376 820 1432; x_wconf 79' lang='lat' dir='ltr'><strong>Collat.</strong></span> <span class='ocrx_word' id='word_1_118' title='bbox 867 1380 1037 1449; x_wconf 84' lang='lat' dir='ltr'><strong>Apoc.</strong></span> <span class='ocrx_word' id='word_1_119' title='bbox 1071 1396 1185 1447; x_wconf 70' lang='lat' dir='ltr'><strong>IS],</strong></span> <span class='ocrx_word' id='word_1_120' title='bbox 1215 1398 1267 1435; x_wconf 88' lang='lat' dir='ltr'><strong>v.</strong></span> <span class='ocrx_word' id='word_1_121' title='bbox 1309 1382 1565 1437; x_wconf 70' lang='grc' dir='ltr'><strong>16.1ι1οιιι</strong></span> <span class='ocrx_word' id='word_1_122' title='bbox 1613 1384 1714 1439; x_wconf 91' lang='lat' dir='ltr'><strong>vis.</strong></span> 
     </span>
    </p>
   </div>
   <div class='ocr_carea' id='block_1_15' title="bbox 185 1467 1720 1540">
    <p class='ocr_par' dir='ltr' id='par_1_15' title="bbox 185 1467 1720 1540">
     <span class='ocr_line' id='line_1_15' title="bbox 185 1467 1720 1540; baseline 0.005 -21"><span class='ocrx_word' id='word_1_123' title='bbox 185 1481 374 1537; x_wconf 86' lang='lat' dir='ltr'><strong>tn.cap.</strong></span> <span class='ocrx_word' id='word_1_124' title='bbox 402 1468 433 1522; x_wconf 84' lang='lat'><strong>5</strong></span> <span class='ocrx_word' id='word_1_125' title='bbox 463 1484 475 1521; x_wconf 92' lang='lat'><strong>:</strong></span> <span class='ocrx_word' id='word_1_126' title='bbox 504 1467 731 1537; x_wconf 89' lang='lat' dir='ltr'><strong>Lapides</strong></span> <span class='ocrx_word' id='word_1_127' title='bbox 758 1472 967 1539; x_wconf 77' lang='lat' dir='ltr'><strong>quidem</strong></span> <span class='ocrx_word' id='word_1_128' title='bbox 991 1471 1073 1525; x_wconf 87' lang='lat' dir='ltr'><strong>illi</strong></span> <span class='ocrx_word' id='word_1_129' title='bbox 1098 1473 1368 1540; x_wconf 84' lang='lat' dir='ltr'><strong>quadrati,</strong></span> <span class='ocrx_word' id='word_1_130' title='bbox 1390 1481 1438 1527; x_wconf 89' lang='lat' dir='ltr'><strong>et</strong></span> <span class='ocrx_word' id='word_1_131' title='bbox 1465 1474 1573 1527; x_wconf 85' lang='lat' dir='ltr'><strong>albi</strong></span> <span class='ocrx_word' id='word_1_132' title='bbox 1597 1490 1720 1526; x_wconf 91' lang='lat' dir='ltr'><strong>con-</strong></span> 
     </span>
    </p>
   </div>
   <div class='ocr_carea' id='block_1_16' title="bbox 180 1560 1718 1633">
    <p class='ocr_par' dir='ltr' id='par_1_16' title="bbox 180 1560 1718 1633">
     <span class='ocr_line' id='line_1_16' title="bbox 180 1560 1718 1633; baseline 0.004 -20"><span class='ocrx_word' id='word_1_133' title='bbox 180 1562 405 1613; x_wconf 73' lang='lat' dir='ltr'><strong>uenientes</strong></span> <span class='ocrx_word' id='word_1_134' title='bbox 440 1560 497 1613; x_wconf 86' lang='lat' dir='ltr'><strong>in</strong></span> <span class='ocrx_word' id='word_1_135' title='bbox 538 1562 896 1615; x_wconf 80' lang='lat' dir='ltr'><strong>commissuris</strong></span> <span class='ocrx_word' id='word_1_136' title='bbox 947 1565 1087 1630; x_wconf 89' lang='lat' dir='ltr'><strong>suis,</strong></span> <span class='ocrx_word' id='word_1_137' title='bbox 1133 1566 1171 1618; x_wconf 90' lang='lat' dir='ltr'><strong>ii</strong></span> <span class='ocrx_word' id='word_1_138' title='bbox 1208 1575 1330 1618; x_wconf 87' lang='lat' dir='ltr'><strong>sunt</strong></span> <span class='ocrx_word' id='word_1_139' title='bbox 1378 1565 1624 1633; x_wconf 83' lang='lat' dir='ltr'><strong>apostoli,</strong></span> <span class='ocrx_word' id='word_1_140' title='bbox 1669 1574 1718 1619; x_wconf 87' lang='lat' dir='ltr'><strong>et</strong></span> 
     </span>
    </p>
   </div>
   <div class='ocr_carea' id='block_1_17' title="bbox 179 1654 1717 1727">
    <p class='ocr_par' dir='ltr' id='par_1_17' title="bbox 179 1654 1717 1727">
     <span class='ocr_line' id='line_1_17' title="bbox 179 1654 1717 1727; baseline 0.005 -23"><span class='ocrx_word' id='word_1_141' title='bbox 179 1654 393 1721; x_wconf 79' lang='lat' dir='ltr'><strong>episcopi,</strong></span> <span class='ocrx_word' id='word_1_142' title='bbox 429 1656 477 1706; x_wconf 80' lang='lat' dir='ltr'><strong>et</strong></span> <span class='ocrx_word' id='word_1_143' title='bbox 510 1655 770 1719; x_wconf 89' lang='lat' dir='ltr'><strong>doctores,</strong></span> <span class='ocrx_word' id='word_1_144' title='bbox 804 1668 851 1710; x_wconf 90' lang='lat' dir='ltr'><strong>et</strong></span> <span class='ocrx_word' id='word_1_145' title='bbox 890 1657 1140 1711; x_wconf 76' lang='lat' dir='ltr'><strong>ministri.</strong></span> <span class='ocrx_word' id='word_1_146' title='bbox 1173 1656 1373 1713; x_wconf 82' lang='lat' dir='ltr'><strong>Confer</strong></span> <span class='ocrx_word' id='word_1_147' title='bbox 1406 1656 1573 1727; x_wconf 85' lang='lat' dir='ltr'><strong>Apoc.</strong></span> <span class='ocrx_word' id='word_1_148' title='bbox 1604 1673 1717 1723; x_wconf 77' lang='lat' dir='ltr'><strong>XXI,</strong></span> 
     </span>
    </p>
   </div>
   <div class='ocr_carea' id='block_1_18' title="bbox 1820 460 3384 532">
    <p class='ocr_par' dir='ltr' id='par_1_18' title="bbox 1820 460 3384 532">
     <span class='ocr_line' id='line_1_18' title="bbox 1820 460 3384 532; baseline 0.004 -20"><span class='ocrx_word' id='word_1_149' title='bbox 1820 462 1918 529; x_wconf 81' lang='grc' dir='ltr'><strong>τῆς</strong></span> <span class='ocrx_word' id='word_1_150' title='bbox 1966 460 2116 523; x_wconf 73' lang='grc' dir='ltr'>Θείας</span> <span class='ocrx_word' id='word_1_151' title='bbox 2162 461 2403 529; x_wconf 76' lang='grc' dir='ltr'>φύσεως,</span> <span class='ocrx_word' id='word_1_152' title='bbox 2432 476 2525 516; x_wconf 85' lang='lat' dir='ltr'><strong>seu</strong></span> <span class='ocrx_word' id='word_1_153' title='bbox 2570 462 2873 517; x_wconf 72' lang='lat' dir='ltr'><strong>divinitatis</strong></span> <span class='ocrx_word' id='word_1_154' title='bbox 2915 472 3195 532; x_wconf 85' lang='lat' dir='ltr'><strong>respectu,</strong></span> <span class='ocrx_word' id='word_1_155' title='bbox 3238 466 3384 532; x_wconf 82' lang='lat' dir='ltr'><strong>quod</strong></span> 
     </span>
    </p>
   </div>
   <div class='ocr_carea' id='block_1_19' title="bbox 1823 551 3381 623">
    <p class='ocr_par' dir='ltr' id='par_1_19' title="bbox 1823 551 3381 623">
     <span class='ocr_line' id='line_1_19' title="bbox 1823 551 3381 623; baseline 0.003 -17"><span class='ocrx_word' id='word_1_156' title='bbox 1823 552 2029 606; x_wconf 72' lang='lat' dir='ltr'><strong>scilicet</strong></span> <span class='ocrx_word' id='word_1_157' title='bbox 2058 569 2120 605; x_wconf 79' lang='lat' dir='ltr'><strong>ex</strong></span> <span class='ocrx_word' id='word_1_158' title='bbox 2155 552 2264 607; x_wconf 89' lang='lat' dir='ltr'><strong>Deo</strong></span> <span class='ocrx_word' id='word_1_159' title='bbox 2288 551 2445 606; x_wconf 81' lang='lat' dir='ltr'><strong><em>Patre</em></strong></span> <span class='ocrx_word' id='word_1_160' title='bbox 2476 553 2685 622; x_wconf 77' lang='lat' dir='ltr'><strong>Spiritu</strong></span> <span class='ocrx_word' id='word_1_161' title='bbox 2736 554 3110 615; x_wconf 84' lang='lat' dir='ltr'><strong>sanctissimo,</strong></span> <span class='ocrx_word' id='word_1_162' title='bbox 3147 554 3381 623; x_wconf 83' lang='lat' dir='ltr'><strong>Spiritus</strong></span> 
     </span>
    </p>
   </div>
   <div class='ocr_carea' id='block_1_20' title="bbox 1821 644 3386 714">
    <p class='ocr_par' dir='ltr' id='par_1_20' title="bbox 1821 644 3386 714">
     <span class='ocr_line' id='line_1_20' title="bbox 1821 644 3386 714; baseline 0.003 -17"><span class='ocrx_word' id='word_1_163' title='bbox 1821 644 1937 713; x_wconf 89' lang='lat' dir='ltr'><strong>ipse</strong></span> <span class='ocrx_word' id='word_1_164' title='bbox 1981 645 2359 699; x_wconf 86' lang='lat' dir='ltr'><strong>sanctissimus</strong></span> <span class='ocrx_word' id='word_1_165' title='bbox 2404 645 2638 709; x_wconf 79' lang='lat' dir='ltr'><strong>existat,</strong></span> <span class='ocrx_word' id='word_1_166' title='bbox 2681 646 2970 714; x_wconf 87' lang='lat' dir='ltr'><strong>respondet</strong></span> <span class='ocrx_word' id='word_1_167' title='bbox 3010 645 3073 700; x_wconf 88' lang='lat' dir='ltr'><strong>V.</strong></span> <span class='ocrx_word' id='word_1_168' title='bbox 3102 647 3164 701; x_wconf 86' lang='lat' dir='ltr'><strong>C.</strong></span> <span class='ocrx_word' id='word_1_169' title='bbox 3200 646 3386 702; x_wconf 84' lang='lat' dir='ltr'><strong>Bullus</strong></span> 
     </span>
    </p>
   </div>
   <div class='ocr_carea' id='block_1_21' title="bbox 1823 734 3386 804">
    <p class='ocr_par' dir='ltr' id='par_1_21' title="bbox 1823 734 3386 804">
     <span class='ocr_line' id='line_1_21' title="bbox 1823 734 3386 804; baseline 0.004 -18"><span class='ocrx_word' id='word_1_170' title='bbox 1823 734 1958 804; x_wconf 84' lang='grc'><strong>(16).</strong></span> <span class='ocrx_word' id='word_1_171' title='bbox 1995 734 2070 788; x_wconf 69' lang='lat' dir='ltr'><strong>Eo</strong></span> <span class='ocrx_word' id='word_1_172' title='bbox 2095 735 2362 804; x_wconf 80' lang='lat' dir='ltr'><strong>siquidem</strong></span> <span class='ocrx_word' id='word_1_173' title='bbox 2404 750 2565 789; x_wconf 88' lang='lat' dir='ltr'><strong>sensu</strong></span> <span class='ocrx_word' id='word_1_174' title='bbox 2595 734 2789 789; x_wconf 82' lang='lat' dir='ltr'><strong>titulus</strong></span> <span class='ocrx_word' id='word_1_175' title='bbox 2809 734 3044 804; x_wconf 88' lang='lat' dir='ltr'><strong>Spiritus</strong></span> <span class='ocrx_word' id='word_1_176' title='bbox 3073 738 3247 797; x_wconf 80' lang='lat' dir='ltr'><strong>sancti</strong></span> <span class='ocrx_word' id='word_1_177' title='bbox 3279 738 3386 793; x_wconf 88' lang='lat' dir='ltr'><strong>sin-</strong></span> 
     </span>
    </p>
   </div>
   <div class='ocr_carea' id='block_1_22' title="bbox 1819 802 3380 895">
    <p class='ocr_par' dir='ltr' id='par_1_22' title="bbox 1819 802 3380 895">
     <span class='ocr_line' id='line_1_22' title="bbox 1819 802 3380 895; baseline 0.002 -17"><span class='ocrx_word' id='word_1_178' title='bbox 1819 802 1961 895; x_wconf 59' lang='lat' dir='ltr'><strong>gulis</strong></span> <span class='ocrx_word' id='word_1_179' title='bbox 1992 802 2235 894; x_wconf 83' lang='lat' dir='ltr'><strong>personis</strong></span> <span class='ocrx_word' id='word_1_180' title='bbox 2261 802 2371 879; x_wconf 42' lang='lat' dir='ltr'><strong>SS;</strong></span> <span class='ocrx_word' id='word_1_181' title='bbox 2389 823 2673 878; x_wconf 82' lang='lat' dir='ltr'><strong>Trinitatis</strong></span> <span class='ocrx_word' id='word_1_182' title='bbox 2696 802 2862 880; x_wconf 81' lang='lat' dir='ltr'><strong>tribui</strong></span> <span class='ocrx_word' id='word_1_183' title='bbox 2889 835 3084 894; x_wconf 86' lang='lat' dir='ltr'><strong>potest.</strong></span> <span class='ocrx_word' id='word_1_184' title='bbox 3115 824 3380 881; x_wconf 81' lang='lat' dir='ltr'><strong>Nimirum</strong></span> 
     </span>
    </p>
   </div>
   <div class='ocr_carea' id='block_1_23' title="bbox 1820 915 3385 988">
    <p class='ocr_par' dir='ltr' id='par_1_23' title="bbox 1820 915 3385 988">
     <span class='ocr_line' id='line_1_23' title="bbox 1820 915 3385 988; baseline 0.001 -17"><span class='ocrx_word' id='word_1_185' title='bbox 1820 918 1992 971; x_wconf 64' lang='lat' dir='ltr'><strong>tertias</strong></span> <span class='ocrx_word' id='word_1_186' title='bbox 2035 916 2334 971; x_wconf 73' lang='lat' dir='ltr'><strong>divinitatis</strong></span> <span class='ocrx_word' id='word_1_187' title='bbox 2384 915 2676 969; x_wconf 78' lang='grc' dir='ltr'>ὑποστάσει</span> <span class='ocrx_word' id='word_1_188' title='bbox 2718 915 2953 984; x_wconf 81' lang='lat' dir='ltr'><strong>Spiritus</strong></span> <span class='ocrx_word' id='word_1_189' title='bbox 2998 919 3171 972; x_wconf 82' lang='lat' dir='ltr'><strong>sancti</strong></span> <span class='ocrx_word' id='word_1_190' title='bbox 3203 919 3385 988; x_wconf 80' lang='lat' dir='ltr'><strong>appel-</strong></span> 
     </span>
    </p>
   </div>
   <div class='ocr_carea' id='block_1_24' title="bbox 1820 1004 3385 1075">
    <p class='ocr_par' dir='ltr' id='par_1_24' title="bbox 1820 1004 3385 1075">
     <span class='ocr_line' id='line_1_24' title="bbox 1820 1004 3385 1075; baseline 0.004 -17"><span class='ocrx_word' id='word_1_191' title='bbox 1820 1004 1950 1061; x_wconf 82' lang='lat' dir='ltr'><strong>latio</strong></span> <span class='ocrx_word' id='word_1_192' title='bbox 1974 1006 2228 1060; x_wconf 86' lang='lat' dir='ltr'><strong>tribuitur</strong></span> <span class='ocrx_word' id='word_1_193' title='bbox 2265 1005 2482 1075; x_wconf 83' lang='lat' dir='ltr'><strong>proprie</strong></span> <span class='ocrx_word' id='word_1_194' title='bbox 2503 1046 2517 1071; x_wconf 92' lang='lat'><strong>,</strong></span> <span class='ocrx_word' id='word_1_195' title='bbox 2545 1020 2653 1060; x_wconf 91' lang='lat' dir='ltr'><strong>non</strong></span> <span class='ocrx_word' id='word_1_196' title='bbox 2682 1005 2893 1074; x_wconf 71' lang='grc' dir='ltr'><strong>φύσεως</strong></span> <span class='ocrx_word' id='word_1_197' title='bbox 2912 1021 3018 1061; x_wconf 83' lang='lat' dir='ltr'><strong>seu</strong></span> <span class='ocrx_word' id='word_1_198' title='bbox 3059 1018 3267 1063; x_wconf 77' lang='lat' dir='ltr'><strong>natura:</strong></span> <span class='ocrx_word' id='word_1_199' title='bbox 3298 1025 3385 1065; x_wconf 83' lang='lat' dir='ltr'><strong>re-</strong></span> 
     </span>
    </p>
   </div>
   <div class='ocr_carea' id='block_1_25' title="bbox 1822 1097 3385 1170">
    <p class='ocr_par' dir='ltr' id='par_1_25' title="bbox 1822 1097 3385 1170">
     <span class='ocr_line' id='line_1_25' title="bbox 1822 1097 3385 1170; baseline 0.004 -17"><span class='ocrx_word' id='word_1_200' title='bbox 1822 1109 2043 1167; x_wconf 90' lang='lat' dir='ltr'><strong>spectu;</strong></span> <span class='ocrx_word' id='word_1_201' title='bbox 2080 1114 2205 1153; x_wconf 90' lang='lat' dir='ltr'><strong>nam</strong></span> <span class='ocrx_word' id='word_1_202' title='bbox 2244 1099 2325 1153; x_wconf 82' lang='lat' dir='ltr'><strong>sic</strong></span> <span class='ocrx_word' id='word_1_203' title='bbox 2361 1109 2418 1152; x_wconf 90' lang='lat' dir='ltr'><strong>et</strong></span> <span class='ocrx_word' id='word_1_204' title='bbox 2462 1098 2624 1153; x_wconf 85' lang='lat' dir='ltr'><strong>Pater</strong></span> <span class='ocrx_word' id='word_1_205' title='bbox 2668 1097 2905 1168; x_wconf 88' lang='lat' dir='ltr'><strong>Spiritus</strong></span> <span class='ocrx_word' id='word_1_206' title='bbox 2935 1111 3158 1157; x_wconf 89' lang='lat' dir='ltr'><strong>sanctus</strong></span> <span class='ocrx_word' id='word_1_207' title='bbox 3197 1112 3299 1170; x_wconf 87' lang='lat' dir='ltr'><strong>est,</strong></span> <span class='ocrx_word' id='word_1_208' title='bbox 3329 1111 3385 1160; x_wconf 83' lang='lat' dir='ltr'><strong>et</strong></span> 
     </span>
    </p>
   </div>
   <div class='ocr_carea' id='block_1_26' title="bbox 1819 1187 3385 1262">
    <p class='ocr_par' dir='ltr' id='par_1_26' title="bbox 1819 1187 3385 1262">
     <span class='ocr_line' id='line_1_26' title="bbox 1819 1187 3385 1262; baseline 0.004 -21"><span class='ocrx_word' id='word_1_209' title='bbox 1819 1187 1991 1243; x_wconf 86' lang='lat' dir='ltr'><strong>Filius</strong></span> <span class='ocrx_word' id='word_1_210' title='bbox 2020 1204 2240 1258; x_wconf 86' lang='lat' dir='ltr'><strong>quoque</strong></span> <span class='ocrx_word' id='word_1_211' title='bbox 2264 1188 2375 1258; x_wconf 82' lang='grc'><strong>(17)</strong></span> <span class='ocrx_word' id='word_1_212' title='bbox 2401 1205 2415 1253; x_wconf 92' lang='lat'><strong>;</strong></span> <span class='ocrx_word' id='word_1_213' title='bbox 2448 1187 2541 1242; x_wconf 90' lang='lat' dir='ltr'><strong>sed</strong></span> <span class='ocrx_word' id='word_1_214' title='bbox 2566 1187 2776 1242; x_wconf 78' lang='lat' dir='ltr'><strong>ratione</strong></span> <span class='ocrx_word' id='word_1_215' title='bbox 2818 1191 3105 1247; x_wconf 78' lang='lat' dir='ltr'><strong>ineﬂ&#39;abilis</strong></span> <span class='ocrx_word' id='word_1_216' title='bbox 3128 1193 3385 1262; x_wconf 86' lang='lat' dir='ltr'><strong>spiratio-</strong></span> 
     </span>
    </p>
   </div>
   <div class='ocr_carea' id='block_1_27' title="bbox 1821 1278 3385 1354">
    <p class='ocr_par' dir='ltr' id='par_1_27' title="bbox 1821 1278 3385 1354">
     <span class='ocr_line' id='line_1_27' title="bbox 1821 1278 3385 1354; baseline 0.003 -19"><span class='ocrx_word' id='word_1_217' title='bbox 1821 1282 1927 1347; x_wconf 90' lang='lat' dir='ltr'><strong>nis,</strong></span> <span class='ocrx_word' id='word_1_218' title='bbox 1960 1297 2066 1353; x_wconf 90' lang='lat' dir='ltr'><strong>qua</strong></span> <span class='ocrx_word' id='word_1_219' title='bbox 2111 1297 2175 1336; x_wconf 79' lang='lat' dir='ltr'><strong>ex</strong></span> <span class='ocrx_word' id='word_1_220' title='bbox 2223 1281 2384 1335; x_wconf 86' lang='lat' dir='ltr'><strong>Patre</strong></span> <span class='ocrx_word' id='word_1_221' title='bbox 2428 1295 2523 1350; x_wconf 90' lang='lat' dir='ltr'><strong>per</strong></span> <span class='ocrx_word' id='word_1_222' title='bbox 2570 1278 2766 1334; x_wconf 85' lang='lat' dir='ltr'><strong>Filium</strong></span> <span class='ocrx_word' id='word_1_223' title='bbox 2806 1283 2920 1353; x_wconf 89' lang='lat' dir='ltr'><strong>ipse</strong></span> <span class='ocrx_word' id='word_1_224' title='bbox 2961 1286 3226 1354; x_wconf 85' lang='lat' dir='ltr'><strong>procedit.</strong></span> <span class='ocrx_word' id='word_1_225' title='bbox 3261 1284 3385 1341; x_wconf 59' lang='lat' dir='ltr'><strong>Haec</strong></span> 
     </span>
    </p>
   </div>
   <div class='ocr_carea' id='block_1_28' title="bbox 1821 1374 3384 1448">
    <p class='ocr_par' dir='ltr' id='par_1_28' title="bbox 1821 1374 3384 1448">
     <span class='ocr_line' id='line_1_28' title="bbox 1821 1374 3384 1448; baseline 0.004 -21"><span class='ocrx_word' id='word_1_226' title='bbox 1821 1384 1999 1428; x_wconf 90' lang='lat' dir='ltr'><strong>autem</strong></span> <span class='ocrx_word' id='word_1_227' title='bbox 2032 1375 2105 1429; x_wconf 87' lang='lat' dir='ltr'><strong>ita</strong></span> <span class='ocrx_word' id='word_1_228' title='bbox 2144 1389 2203 1428; x_wconf 86' lang='lat' dir='ltr'><strong>se</strong></span> <span class='ocrx_word' id='word_1_229' title='bbox 2243 1374 2465 1442; x_wconf 84' lang='lat' dir='ltr'><strong>habere,</strong></span> <span class='ocrx_word' id='word_1_230' title='bbox 2500 1377 2679 1433; x_wconf 86' lang='lat' dir='ltr'><strong>locum</strong></span> <span class='ocrx_word' id='word_1_231' title='bbox 2719 1378 3024 1448; x_wconf 85' lang='lat' dir='ltr'><strong>inspicienti</strong></span> <span class='ocrx_word' id='word_1_232' title='bbox 3056 1377 3215 1433; x_wconf 81' lang='lat' dir='ltr'><strong>facile</strong></span> <span class='ocrx_word' id='word_1_233' title='bbox 3232 1388 3384 1447; x_wconf 81' lang='lat' dir='ltr'><strong>pate-</strong></span> 
     </span>
    </p>
   </div>
   <div class='ocr_carea' id='block_1_29' title="bbox 1820 1464 3383 1525">
    <p class='ocr_par' dir='ltr' id='par_1_29' title="bbox 1820 1464 3383 1525">
     <span class='ocr_line' id='line_1_29' title="bbox 1820 1464 3383 1525; baseline 0.004 -6"><span class='ocrx_word' id='word_1_234' title='bbox 1820 1464 1942 1519; x_wconf 87' lang='lat' dir='ltr'><strong>bit:</strong></span> <span class='ocrx_word' id='word_1_235' title='bbox 1977 1465 2184 1520; x_wconf 84' lang='lat' dir='ltr'><strong>scilicet</strong></span> <span class='ocrx_word' id='word_1_236' title='bbox 2231 1474 2377 1521; x_wconf 89' lang='lat' dir='ltr'><strong>totus</strong></span> <span class='ocrx_word' id='word_1_237' title='bbox 2428 1468 2502 1521; x_wconf 89' lang='lat' dir='ltr'><strong>ibi</strong></span> <span class='ocrx_word' id='word_1_238' title='bbox 2550 1467 2761 1524; x_wconf 71' lang='lat' dir='ltr'><strong>Hermae</strong></span> <span class='ocrx_word' id='word_1_239' title='bbox 2803 1484 2984 1524; x_wconf 88' lang='lat' dir='ltr'><strong>sermo</strong></span> <span class='ocrx_word' id='word_1_240' title='bbox 3016 1479 3102 1523; x_wconf 87' lang='lat' dir='ltr'><strong>est</strong></span> <span class='ocrx_word' id='word_1_241' title='bbox 3138 1469 3206 1522; x_wconf 91' lang='lat' dir='ltr'><strong>de</strong></span> <span class='ocrx_word' id='word_1_242' title='bbox 3245 1469 3383 1525; x_wconf 86' lang='lat' dir='ltr'><strong>Filio</strong></span> 
     </span>
    </p>
   </div>
   <div class='ocr_carea' id='block_1_30' title="bbox 1822 1555 3381 1629">
    <p class='ocr_par' dir='ltr' id='par_1_30' title="bbox 1822 1555 3381 1629">
     <span class='ocr_line' id='line_1_30' title="bbox 1822 1555 3381 1629; baseline 0.003 -21"><span class='ocrx_word' id='word_1_243' title='bbox 1822 1555 1949 1621; x_wconf 90' lang='lat' dir='ltr'><strong>Dei,</strong></span> <span class='ocrx_word' id='word_1_244' title='bbox 1980 1556 2074 1623; x_wconf 87' lang='lat' dir='ltr'><strong>qui</strong></span> <span class='ocrx_word' id='word_1_245' title='bbox 2102 1557 2172 1610; x_wconf 92' lang='lat' dir='ltr'><strong>ob</strong></span> <span class='ocrx_word' id='word_1_246' title='bbox 2202 1568 2436 1610; x_wconf 86' lang='lat' dir='ltr'><strong>nostram</strong></span> <span class='ocrx_word' id='word_1_247' title='bbox 2479 1559 2703 1613; x_wconf 83' lang='lat' dir='ltr'><strong>salutem</strong></span> <span class='ocrx_word' id='word_1_248' title='bbox 2736 1576 2911 1613; x_wconf 86' lang='lat' dir='ltr'><strong>servus</strong></span> <span class='ocrx_word' id='word_1_249' title='bbox 2944 1560 3128 1629; x_wconf 71' lang='lat' dir='ltr'><strong>factus</strong></span> <span class='ocrx_word' id='word_1_250' title='bbox 3178 1569 3293 1623; x_wconf 89' lang='lat' dir='ltr'><strong>est,</strong></span> <span class='ocrx_word' id='word_1_251' title='bbox 3334 1572 3381 1614; x_wconf 84' lang='lat' dir='ltr'><strong>et</strong></span> 
     </span>
    </p>
   </div>
   <div class='ocr_carea' id='block_1_31' title="bbox 1822 1648 3378 1721">
    <p class='ocr_par' dir='ltr' id='par_1_31' title="bbox 1822 1648 3378 1721">
     <span class='ocr_line' id='line_1_31' title="bbox 1822 1648 3378 1721; baseline 0.003 -22"><span class='ocrx_word' id='word_1_252' title='bbox 1822 1662 2029 1715; x_wconf 88' lang='lat' dir='ltr'><strong>corpus,</strong></span> <span class='ocrx_word' id='word_1_253' title='bbox 2058 1649 2194 1717; x_wconf 90' lang='lat' dir='ltr'><strong>quod</strong></span> <span class='ocrx_word' id='word_1_254' title='bbox 2220 1648 2479 1703; x_wconf 85' lang='lat' dir='ltr'><strong>serviliter</strong></span> <span class='ocrx_word' id='word_1_255' title='bbox 2502 1660 2864 1704; x_wconf 82' lang='lat' dir='ltr'><strong>conservatum</strong></span> <span class='ocrx_word' id='word_1_256' title='bbox 2905 1652 3027 1719; x_wconf 82' lang='lat' dir='ltr'><strong>fuit,</strong></span> <span class='ocrx_word' id='word_1_257' title='bbox 3061 1654 3378 1721; x_wconf 85' lang='lat' dir='ltr'><strong>assumpsit.</strong></span> 
     </span>
    </p>
   </div>
   <div class='ocr_carea' id='block_1_32' title="bbox 177 1717 3378 1815">
    <p class='ocr_par' dir='ltr' id='par_1_32' title="bbox 177 1717 3378 1815">
     <span class='ocr_line' id='line_1_32' title="bbox 177 1717 3378 1815; baseline 0.001 -21"><span class='ocrx_word' id='word_1_258' title='bbox 177 1717 218 1795; x_wconf 76' lang='lat' dir='ltr'><strong>v.</strong></span> <span class='ocrx_word' id='word_1_259' title='bbox 246 1717 333 1796; x_wconf 34' lang='lat' dir='ltr'><strong>H.-</strong></span> <span class='ocrx_word' id='word_1_260' title='bbox 364 1741 507 1797; x_wconf 90' lang='lat' dir='ltr'><strong>ldcm</strong></span> <span class='ocrx_word' id='word_1_261' title='bbox 544 1743 642 1799; x_wconf 87' lang='lat' dir='ltr'><strong>vis.</strong></span> <span class='ocrx_word' id='word_1_262' title='bbox 677 1717 768 1809; x_wconf 83' lang='lat' dir='ltr'><strong>ttt,</strong></span> <span class='ocrx_word' id='word_1_263' title='bbox 814 1762 863 1800; x_wconf 92' lang='lat' dir='ltr'><strong>c.</strong></span> <span class='ocrx_word' id='word_1_264' title='bbox 897 1746 929 1799; x_wconf 73' lang='grc'><strong>4</strong></span> <span class='ocrx_word' id='word_1_265' title='bbox 962 1761 975 1797; x_wconf 90' lang='lat'><strong>:</strong></span> <span class='ocrx_word' id='word_1_266' title='bbox 1017 1745 1149 1799; x_wconf 88' lang='lat' dir='ltr'><strong>Cum</strong></span> <span class='ocrx_word' id='word_1_267' title='bbox 1195 1760 1315 1815; x_wconf 88' lang='lat' dir='ltr'><strong>ergo</strong></span> <span class='ocrx_word' id='word_1_268' title='bbox 1361 1717 1720 1799; x_wconf 71' lang='lat' dir='ltr'><strong>consummata</strong></span> <span class='ocrx_word' id='word_1_269' title='bbox 1752 1717 1795 1773; x_wconf 75' lang='grc' dir='ltr'><strong><em>Β</em></strong></span> <span class='ocrx_word' id='word_1_270' title='bbox 1824 1737 2331 1795; x_wconf 83' lang='lat' dir='ltr'><strong>Hactenus-Bullus.</strong></span> <span class='ocrx_word' id='word_1_271' title='bbox 2362 1742 2531 1797; x_wconf 84' lang='lat' dir='ltr'><strong>Aliter</strong></span> <span class='ocrx_word' id='word_1_272' title='bbox 2553 1754 2665 1797; x_wconf 86' lang='lat' dir='ltr'><strong>rem</strong></span> <span class='ocrx_word' id='word_1_273' title='bbox 2689 1717 2913 1812; x_wconf 82' lang='lat' dir='ltr'><strong>exponit</strong></span> <span class='ocrx_word' id='word_1_274' title='bbox 2939 1742 3021 1797; x_wconf 87' lang='lat' dir='ltr'><strong>Cl.</strong></span> <span class='ocrx_word' id='word_1_275' title='bbox 3054 1717 3298 1800; x_wconf 62' lang='grc' dir='ltr'><strong>ι).Μὸςῄ</strong></span> <span class='ocrx_word' id='word_1_276' title='bbox 3328 1745 3378 1797; x_wconf 88' lang='lat' dir='ltr'><strong>itt</strong></span> 
     </span>
    </p>
   </div>
   <div class='ocr_carea' id='block_1_33' title="bbox 178 1832 1721 1905">
    <p class='ocr_par' dir='ltr' id='par_1_33' title="bbox 178 1832 1721 1905">
     <span class='ocr_line' id='line_1_33' title="bbox 178 1832 1721 1905; baseline 0.004 -23"><span class='ocrx_word' id='word_1_277' title='bbox 178 1832 315 1898; x_wconf 76' lang='lat' dir='ltr'><strong>fuerit</strong></span> <span class='ocrx_word' id='word_1_278' title='bbox 368 1840 640 1886; x_wconf 81' lang='lat' dir='ltr'><strong>structura</strong></span> <span class='ocrx_word' id='word_1_279' title='bbox 692 1836 889 1901; x_wconf 86' lang='lat' dir='ltr'><strong>turris,</strong></span> <span class='ocrx_word' id='word_1_280' title='bbox 940 1851 1113 1889; x_wconf 84' lang='lat' dir='ltr'><strong>omnes</strong></span> <span class='ocrx_word' id='word_1_281' title='bbox 1163 1836 1320 1888; x_wconf 84' lang='lat' dir='ltr'><strong>simul</strong></span> <span class='ocrx_word' id='word_1_282' title='bbox 1373 1834 1721 1905; x_wconf 67' lang='lat' dir='ltr'><strong>epulabantur</strong></span> 
     </span>
    </p>
   </div>
   <div class='ocr_carea' id='block_1_34' title="bbox 174 1921 1717 1993">
    <p class='ocr_par' dir='ltr' id='par_1_34' title="bbox 174 1921 1717 1993">
     <span class='ocr_line' id='line_1_34' title="bbox 174 1921 1717 1993; baseline 0.004 -22"><span class='ocrx_word' id='word_1_283' title='bbox 174 1931 304 1987; x_wconf 54' lang='lat' dir='ltr'><strong>iuxta</strong></span> <span class='ocrx_word' id='word_1_284' title='bbox 332 1921 544 1987; x_wconf 84' lang='lat' dir='ltr'><strong>turrim,</strong></span> <span class='ocrx_word' id='word_1_285' title='bbox 573 1932 622 1975; x_wconf 91' lang='lat' dir='ltr'><strong>et</strong></span> <span class='ocrx_word' id='word_1_286' title='bbox 644 1924 1061 1993; x_wconf 81' lang='lat' dir='ltr'><strong>honoriﬁcabunt</strong></span> <span class='ocrx_word' id='word_1_287' title='bbox 1087 1923 1251 1977; x_wconf 86' lang='lat' dir='ltr'><strong>Deum</strong></span> <span class='ocrx_word' id='word_1_288' title='bbox 1286 1964 1299 1978; x_wconf 96' lang='lat'><strong>.</strong></span> <span class='ocrx_word' id='word_1_289' title='bbox 1334 1964 1349 1978; x_wconf 92' lang='lat'><strong>.</strong></span> <span class='ocrx_word' id='word_1_290' title='bbox 1398 1963 1411 1978; x_wconf 94' lang='lat'><strong>.</strong></span> <span class='ocrx_word' id='word_1_291' title='bbox 1454 1923 1552 1976; x_wconf 87' lang='lat' dir='ltr'><strong>Dic</strong></span> <span class='ocrx_word' id='word_1_292' title='bbox 1588 1923 1717 1989; x_wconf 86' lang='lat' dir='ltr'><strong>illis,</strong></span> 
     </span>
    </p>
   </div>
   <div class='ocr_carea' id='block_1_35' title="bbox 172 2011 1720 2081">
    <p class='ocr_par' dir='ltr' id='par_1_35' title="bbox 172 2011 1720 2081">
     <span class='ocr_line' id='line_1_35' title="bbox 172 2011 1720 2081; baseline 0.003 -19"><span class='ocrx_word' id='word_1_293' title='bbox 172 2011 290 2079; x_wconf 87' lang='lat' dir='ltr'><strong>quod</strong></span> <span class='ocrx_word' id='word_1_294' title='bbox 321 2012 426 2072; x_wconf 63' lang='lat' dir='ltr'><strong>Iure</strong></span> <span class='ocrx_word' id='word_1_295' title='bbox 463 2014 646 2066; x_wconf 82' lang='lat' dir='ltr'><strong>omnia</strong></span> <span class='ocrx_word' id='word_1_296' title='bbox 690 2015 971 2081; x_wconf 70' lang='lat' dir='ltr'><strong>sint&#39;vera,</strong></span> <span class='ocrx_word' id='word_1_297' title='bbox 1000 2024 1049 2067; x_wconf 90' lang='lat' dir='ltr'><strong>et</strong></span> <span class='ocrx_word' id='word_1_298' title='bbox 1087 2014 1224 2069; x_wconf 72' lang='lat' dir='ltr'><strong>nihil</strong></span> <span class='ocrx_word' id='word_1_299' title='bbox 1262 2024 1413 2068; x_wconf 75' lang='lat' dir='ltr'><strong>extra</strong></span> <span class='ocrx_word' id='word_1_300' title='bbox 1449 2014 1720 2068; x_wconf 86' lang='lat' dir='ltr'><strong>veritatem</strong></span> 
     </span>
    </p>
   </div>
   <div class='ocr_carea' id='block_1_36' title="bbox 172 2103 1720 2177">
    <p class='ocr_par' dir='ltr' id='par_1_36' title="bbox 172 2103 1720 2177">
     <span class='ocr_line' id='line_1_36' title="bbox 172 2103 1720 2177; baseline 0.003 -21"><span class='ocrx_word' id='word_1_301' title='bbox 172 2114 252 2157; x_wconf 76' lang='lat' dir='ltr'><strong>est.</strong></span> <span class='ocrx_word' id='word_1_302' title='bbox 278 2103 402 2159; x_wconf 87' lang='lat' dir='ltr'><strong>Vide</strong></span> <span class='ocrx_word' id='word_1_303' title='bbox 442 2106 803 2177; x_wconf 79' lang='lat' dir='ltr'><strong>Apocalypsis</strong></span> <span class='ocrx_word' id='word_1_304' title='bbox 832 2117 993 2177; x_wconf 87' lang='lat' dir='ltr'><strong>caput</strong></span> <span class='ocrx_word' id='word_1_305' title='bbox 1023 2123 1134 2169; x_wconf 74' lang='lat' dir='ltr'><strong>XIX,</strong></span> <span class='ocrx_word' id='word_1_306' title='bbox 1168 2123 1221 2159; x_wconf 91' lang='lat' dir='ltr'><strong>v.</strong></span> <span class='ocrx_word' id='word_1_307' title='bbox 1260 2106 1313 2161; x_wconf 89' lang='lat'><strong>9.</strong></span> <span class='ocrx_word' id='word_1_308' title='bbox 1343 2106 1486 2160; x_wconf 87' lang='lat' dir='ltr'><strong>idem</strong></span> <span class='ocrx_word' id='word_1_309' title='bbox 1522 2106 1720 2161; x_wconf 88' lang='lat' dir='ltr'><strong>simili-</strong></span> 
     </span>
    </p>
   </div>
   <div class='ocr_carea' id='block_1_37' title="bbox 174 2195 1719 2264">
    <p class='ocr_par' dir='ltr' id='par_1_37' title="bbox 174 2195 1719 2264">
     <span class='ocr_line' id='line_1_37' title="bbox 174 2195 1719 2264; baseline 0 -17"><span class='ocrx_word' id='word_1_310' title='bbox 174 2198 269 2249; x_wconf 84' lang='lat' dir='ltr'><strong>tnl.</strong></span> <span class='ocrx_word' id='word_1_311' title='bbox 296 2211 409 2260; x_wconf 85' lang='lat' dir='ltr'><strong>vttt,</strong></span> <span class='ocrx_word' id='word_1_312' title='bbox 441 2212 491 2250; x_wconf 87' lang='lat' dir='ltr'><strong>c.</strong></span> <span class='ocrx_word' id='word_1_313' title='bbox 521 2196 558 2249; x_wconf 82' lang='lat'><strong>2</strong></span> <span class='ocrx_word' id='word_1_314' title='bbox 588 2212 601 2248; x_wconf 89' lang='lat'>:</span> <span class='ocrx_word' id='word_1_315' title='bbox 635 2195 779 2251; x_wconf 89' lang='lat' dir='ltr'><strong>Tunc</strong></span> <span class='ocrx_word' id='word_1_316' title='bbox 816 2198 1029 2251; x_wconf 85' lang='lat' dir='ltr'><strong>nuntius</strong></span> <span class='ocrx_word' id='word_1_317' title='bbox 1054 2197 1264 2251; x_wconf 82' lang='lat' dir='ltr'><strong>Domini</strong></span> <span class='ocrx_word' id='word_1_318' title='bbox 1288 2212 1506 2249; x_wconf 85' lang='lat' dir='ltr'><strong>coronas</strong></span> <span class='ocrx_word' id='word_1_319' title='bbox 1538 2195 1719 2264; x_wconf 80' lang='lat' dir='ltr'><strong>a/ferri</strong></span> 
     </span>
    </p>
   </div>
   <div class='ocr_carea' id='block_1_38' title="bbox 166 2286 1719 2358">
    <p class='ocr_par' dir='ltr' id='par_1_38' title="bbox 166 2286 1719 2358">
     <span class='ocr_line' id='line_1_38' title="bbox 166 2286 1719 2358; baseline 0.002 -20"><span class='ocrx_word' id='word_1_320' title='bbox 166 2286 323 2354; x_wconf 69' lang='lat' dir='ltr'><strong>jussit.</strong></span> <span class='ocrx_word' id='word_1_321' title='bbox 354 2288 771 2343; x_wconf 61' lang='lat' dir='ltr'><strong>Allatae‘autem</strong></span> <span class='ocrx_word' id='word_1_322' title='bbox 822 2298 940 2343; x_wconf 72' lang='lat' dir='ltr'><strong>sunt</strong></span> <span class='ocrx_word' id='word_1_323' title='bbox 985 2304 1209 2353; x_wconf 75' lang='lat' dir='ltr'><strong>coronw,</strong></span> <span class='ocrx_word' id='word_1_324' title='bbox 1248 2288 1383 2342; x_wconf 81' lang='lat' dir='ltr'><strong>velut</strong></span> <span class='ocrx_word' id='word_1_325' title='bbox 1421 2304 1484 2342; x_wconf 72' lang='lat' dir='ltr'><strong>ea:</strong></span> <span class='ocrx_word' id='word_1_326' title='bbox 1527 2290 1719 2358; x_wconf 83' lang='lat' dir='ltr'><strong>palmis</strong></span> 
     </span>
    </p>
   </div>
   <div class='ocr_carea' id='block_1_39' title="bbox 174 2376 1719 2445">
    <p class='ocr_par' dir='ltr' id='par_1_39' title="bbox 174 2376 1719 2445">
     <span class='ocr_line' id='line_1_39' title="bbox 174 2376 1719 2445; baseline 0.003 -19"><span class='ocrx_word' id='word_1_327' title='bbox 174 2376 329 2442; x_wconf 75' lang='lat' dir='ltr'><strong>factm,</strong></span> <span class='ocrx_word' id='word_1_328' title='bbox 376 2386 424 2431; x_wconf 92' lang='lat' dir='ltr'><strong>et</strong></span> <span class='ocrx_word' id='word_1_329' title='bbox 453 2380 727 2432; x_wconf 81' lang='lat' dir='ltr'><strong>coronavit</strong></span> <span class='ocrx_word' id='word_1_330' title='bbox 769 2391 855 2432; x_wconf 87' lang='lat' dir='ltr'><strong>eos</strong></span> <span class='ocrx_word' id='word_1_331' title='bbox 898 2380 1035 2432; x_wconf 86' lang='lat' dir='ltr'><strong>viros</strong></span> <span class='ocrx_word' id='word_1_332' title='bbox 1074 2378 1289 2432; x_wconf 87' lang='lat' dir='ltr'><strong>nuntius</strong></span> <span class='ocrx_word' id='word_1_333' title='bbox 1321 2417 1333 2431; x_wconf 96' lang='lat'><strong>.</strong></span> <span class='ocrx_word' id='word_1_334' title='bbox 1370 2418 1383 2431; x_wconf 95' lang='lat'><strong>.</strong></span> <span class='ocrx_word' id='word_1_335' title='bbox 1418 2418 1430 2431; x_wconf 92' lang='lat'><strong>.</strong></span> <span class='ocrx_word' id='word_1_336' title='bbox 1467 2376 1534 2432; x_wconf 67' lang='lat' dir='ltr'><strong>lit</strong></span> <span class='ocrx_word' id='word_1_337' title='bbox 1562 2377 1719 2445; x_wconf 81' lang='lat' dir='ltr'><strong>iussit</strong></span> 
     </span>
    </p>
   </div>
   <div class='ocr_carea' id='block_1_40' title="bbox 170 2456 1717 2541">
    <p class='ocr_par' dir='ltr' id='par_1_40' title="bbox 170 2456 1717 2541">
     <span class='ocr_line' id='line_1_40' title="bbox 170 2456 1717 2541; baseline 0.003 -21"><span class='ocrx_word' id='word_1_338' title='bbox 170 2483 242 2521; x_wconf 86' lang='lat' dir='ltr'><strong>eos</strong></span> <span class='ocrx_word' id='word_1_339' title='bbox 264 2470 334 2523; x_wconf 87' lang='lat' dir='ltr'><strong>ire</strong></span> <span class='ocrx_word' id='word_1_340' title='bbox 366 2471 419 2523; x_wconf 85' lang='lat' dir='ltr'><strong>in</strong></span> <span class='ocrx_word' id='word_1_341' title='bbox 450 2473 669 2526; x_wconf 88' lang='lat' dir='ltr'><strong>turrim.</strong></span> <span class='ocrx_word' id='word_1_342' title='bbox 701 2470 893 2526; x_wconf 86' lang='lat' dir='ltr'><strong>Collat.</strong></span> <span class='ocrx_word' id='word_1_343' title='bbox 915 2471 1084 2541; x_wconf 86' lang='lat' dir='ltr'><strong>Apoc.</strong></span> <span class='ocrx_word' id='word_1_344' title='bbox 1117 2485 1167 2525; x_wconf 92' lang='lat' dir='ltr'><strong>c.</strong></span> <span class='ocrx_word' id='word_1_345' title='bbox 1192 2486 1289 2533; x_wconf 86' lang='lat' dir='ltr'><strong>vn,</strong></span> <span class='ocrx_word' id='word_1_346' title='bbox 1310 2456 1438 2525; x_wconf 83' lang='lat' dir='ltr'><strong>v.9.</strong></span> <span class='ocrx_word' id='word_1_347' title='bbox 1475 2471 1615 2525; x_wconf 89' lang='lat' dir='ltr'><strong>Idem</strong></span> <span class='ocrx_word' id='word_1_348' title='bbox 1641 2471 1717 2526; x_wconf 78' lang='lat' dir='ltr'><strong>si—</strong></span> 
     </span>
    </p>
   </div>
   <div class='ocr_carea' id='block_1_41' title="bbox 171 2560 1718 2631">
    <p class='ocr_par' dir='ltr' id='par_1_41' title="bbox 171 2560 1718 2631">
     <span class='ocr_line' id='line_1_41' title="bbox 171 2560 1718 2631; baseline 0.003 -21"><span class='ocrx_word' id='word_1_349' title='bbox 171 2560 267 2612; x_wconf 82' lang='lat' dir='ltr'><strong>mil.</strong></span> <span class='ocrx_word' id='word_1_350' title='bbox 303 2576 371 2624; x_wconf 85' lang='lat' dir='ltr'><strong>tv,</strong></span> <span class='ocrx_word' id='word_1_351' title='bbox 402 2577 453 2615; x_wconf 92' lang='lat' dir='ltr'><strong>c.</strong></span> <span class='ocrx_word' id='word_1_352' title='bbox 488 2562 563 2615; x_wconf 79' lang='lat' dir='ltr'><strong>l2</strong></span> <span class='ocrx_word' id='word_1_353' title='bbox 598 2580 610 2615; x_wconf 91' lang='lat'><strong>:</strong></span> <span class='ocrx_word' id='word_1_354' title='bbox 641 2561 809 2616; x_wconf 89' lang='lat' dir='ltr'><strong>Nemo</strong></span> <span class='ocrx_word' id='word_1_355' title='bbox 839 2562 1060 2616; x_wconf 81' lang='lat' dir='ltr'><strong>intrabit</strong></span> <span class='ocrx_word' id='word_1_356' title='bbox 1121 2565 1175 2615; x_wconf 88' lang='lat' dir='ltr'><strong>in</strong></span> <span class='ocrx_word' id='word_1_357' title='bbox 1221 2578 1433 2631; x_wconf 80' lang='lat' dir='ltr'><strong>regnum</strong></span> <span class='ocrx_word' id='word_1_358' title='bbox 1470 2562 1585 2625; x_wconf 87' lang='lat' dir='ltr'><strong>Dei,</strong></span> <span class='ocrx_word' id='word_1_359' title='bbox 1616 2563 1718 2615; x_wconf 84' lang='lat' dir='ltr'><strong>nisi</strong></span> 
     </span>
    </p>
   </div>
   <div class='ocr_carea' id='block_1_42' title="bbox 169 2651 1715 2722">
    <p class='ocr_par' dir='ltr' id='par_1_42' title="bbox 169 2651 1715 2722">
     <span class='ocr_line' id='line_1_42' title="bbox 169 2651 1715 2722; baseline 0.003 -22"><span class='ocrx_word' id='word_1_360' title='bbox 169 2651 723 2721; x_wconf 30' lang='lat' dir='ltr'><strong>quiacceperit&#39;nomen</strong></span> <span class='ocrx_word' id='word_1_361' title='bbox 763 2652 895 2707; x_wconf 85' lang='lat' dir='ltr'><strong>Filii</strong></span> <span class='ocrx_word' id='word_1_362' title='bbox 925 2652 1041 2707; x_wconf 87' lang='lat' dir='ltr'><strong>Dei.</strong></span> <span class='ocrx_word' id='word_1_363' title='bbox 1070 2652 1268 2707; x_wconf 82' lang='lat' dir='ltr'><strong>Collat.</strong></span> <span class='ocrx_word' id='word_1_364' title='bbox 1310 2652 1476 2722; x_wconf 85' lang='lat' dir='ltr'><strong>Apoc.</strong></span> <span class='ocrx_word' id='word_1_365' title='bbox 1505 2668 1553 2707; x_wconf 92' lang='lat' dir='ltr'><strong>c.</strong></span> <span class='ocrx_word' id='word_1_366' title='bbox 1580 2669 1715 2717; x_wconf 78' lang='lat' dir='ltr'><strong>xx&quot;,</strong></span> 
     </span>
    </p>
   </div>
   <div class='ocr_carea' id='block_1_43' title="bbox 150 2742 283 2797">
    <p class='ocr_par' dir='ltr' id='par_1_43' title="bbox 150 2742 283 2797">
     <span class='ocr_line' id='line_1_43' title="bbox 150 2742 283 2797; baseline 0.03 -4"><span class='ocrx_word' id='word_1_367' title='bbox 150 2754 209 2793; x_wconf 77' lang='lat' dir='ltr'><strong>‘v.</strong></span> <span class='ocrx_word' id='word_1_368' title='bbox 236 2742 283 2797; x_wconf 75' lang='grc' dir='ltr'><strong>ι.</strong></span> 
     </span>
    </p>
   </div>
   <div class='ocr_carea' id='block_1_44' title="bbox 228 2834 1715 2907">
    <p class='ocr_par' dir='ltr' id='par_1_44' title="bbox 228 2834 1715 2907">
     <span class='ocr_line' id='line_1_44' title="bbox 228 2834 1715 2907; baseline 0.001 -20"><span class='ocrx_word' id='word_1_369' title='bbox 228 2834 420 2891; x_wconf 76' lang='lat' dir='ltr'><strong>Elibro</strong></span> <span class='ocrx_word' id='word_1_370' title='bbox 446 2838 677 2907; x_wconf 85' lang='lat' dir='ltr'><strong>insuper</strong></span> <span class='ocrx_word' id='word_1_371' title='bbox 703 2837 1071 2894; x_wconf 82' lang='lat' dir='ltr'><strong>Ecclesiastici</strong></span> <span class='ocrx_word' id='word_1_372' title='bbox 1113 2852 1254 2893; x_wconf 91' lang='lat' dir='ltr'><strong>unus</strong></span> <span class='ocrx_word' id='word_1_373' title='bbox 1280 2837 1422 2906; x_wconf 85' lang='lat' dir='ltr'><strong>apud</strong></span> <span class='ocrx_word' id='word_1_374' title='bbox 1466 2835 1715 2891; x_wconf 85' lang='lat' dir='ltr'><strong>llermam</strong></span> 
     </span>
    </p>
   </div>
   <div class='ocr_carea' id='block_1_45' title="bbox 164 2928 1718 3003">
    <p class='ocr_par' dir='ltr' id='par_1_45' title="bbox 164 2928 1718 3003">
     <span class='ocr_line' id='line_1_45' title="bbox 164 2928 1718 3003; baseline 0.003 -22"><span class='ocrx_word' id='word_1_375' title='bbox 164 2929 384 2983; x_wconf 80' lang='lat' dir='ltr'><strong>occurrit</strong></span> <span class='ocrx_word' id='word_1_376' title='bbox 410 2930 574 3003; x_wconf 81' lang='lat' dir='ltr'><strong>lpcus</strong></span> <span class='ocrx_word' id='word_1_377' title='bbox 604 2928 737 3000; x_wconf 74' lang='lat' dir='ltr'><strong>(l3).</strong></span> <span class='ocrx_word' id='word_1_378' title='bbox 769 2930 1036 2986; x_wconf 61' lang='lat' dir='ltr'><strong>Caeterum</strong></span> <span class='ocrx_word' id='word_1_379' title='bbox 1064 2945 1166 2985; x_wconf 90' lang='lat' dir='ltr'><strong>nos</strong></span> <span class='ocrx_word' id='word_1_380' title='bbox 1192 2945 1222 2985; x_wconf 91' lang='lat' dir='ltr'><strong>e</strong></span> <span class='ocrx_word' id='word_1_381' title='bbox 1251 2929 1405 2984; x_wconf 86' lang='lat' dir='ltr'><strong>libris</strong></span> <span class='ocrx_word' id='word_1_382' title='bbox 1439 2930 1718 2985; x_wconf 81' lang='lat' dir='ltr'><strong>canonicis</strong></span> 
     </span>
    </p>
   </div>
   <div class='ocr_carea' id='block_1_46' title="bbox 1800 2378 2064 2446">
    <p class='ocr_par' dir='ltr' id='par_1_46' title="bbox 1800 2378 2064 2446">
     <span class='ocr_line' id='line_1_46' title="bbox 1800 2378 2064 2446; baseline 0 -16"><span class='ocrx_word' id='word_1_383' title='bbox 1800 2378 1998 2446; x_wconf 82' lang='lat' dir='ltr'><strong>-gimus</strong></span> <span class='ocrx_word' id='word_1_384' title='bbox 2053 2397 2064 2430; x_wconf 87' lang='lat'><strong>:</strong></span> 
     </span>
    </p>
   </div>
   <div class='ocr_carea' id='block_1_47' title="bbox 1823 1829 3382 1903">
    <p class='ocr_par' dir='ltr' id='par_1_47' title="bbox 1823 1829 3382 1903">
     <span class='ocr_line' id='line_1_47' title="bbox 1823 1829 3382 1903; baseline 0.003 -22"><span class='ocrx_word' id='word_1_385' title='bbox 1823 1829 1966 1883; x_wconf 89' lang='lat' dir='ltr'><strong>notis</strong></span> <span class='ocrx_word' id='word_1_386' title='bbox 1993 1831 2226 1885; x_wconf 85' lang='lat' dir='ltr'><strong>adhunc</strong></span> <span class='ocrx_word' id='word_1_387' title='bbox 2245 1832 2446 1895; x_wconf 91' lang='lat' dir='ltr'><strong>locum,</strong></span> <span class='ocrx_word' id='word_1_388' title='bbox 2472 1841 2527 1887; x_wconf 90' lang='lat' dir='ltr'><strong>et</strong></span> <span class='ocrx_word' id='word_1_389' title='bbox 2551 1849 2668 1887; x_wconf 88' lang='lat' dir='ltr'><strong>mea</strong></span> <span class='ocrx_word' id='word_1_390' title='bbox 2689 1834 2905 1903; x_wconf 84' lang='lat' dir='ltr'><strong>quidem</strong></span> <span class='ocrx_word' id='word_1_391' title='bbox 2930 1835 3186 1902; x_wconf 85' lang='lat' dir='ltr'><strong>opinione</strong></span> <span class='ocrx_word' id='word_1_392' title='bbox 3214 1836 3382 1888; x_wconf 89' lang='lat' dir='ltr'><strong>tnulto</strong></span> 
     </span>
    </p>
   </div>
   <div class='ocr_carea' id='block_1_48' title="bbox 1822 1921 3378 1997">
    <p class='ocr_par' dir='ltr' id='par_1_48' title="bbox 1822 1921 3378 1997">
     <span class='ocr_line' id='line_1_48' title="bbox 1822 1921 3378 1997; baseline 0.004 -23"><span class='ocrx_word' id='word_1_393' title='bbox 1822 1921 2022 1976; x_wconf 87' lang='lat' dir='ltr'><strong>clarius</strong></span> <span class='ocrx_word' id='word_1_394' title='bbox 2046 1937 2109 1976; x_wconf 89' lang='lat' dir='ltr'><strong>ac</strong></span> <span class='ocrx_word' id='word_1_395' title='bbox 2138 1922 2369 1989; x_wconf 79' lang='lat' dir='ltr'><strong>felicius,</strong></span> <span class='ocrx_word' id='word_1_396' title='bbox 2388 1925 2515 1979; x_wconf 90' lang='lat' dir='ltr'><strong>dum</strong></span> <span class='ocrx_word' id='word_1_397' title='bbox 2540 1927 2644 1979; x_wconf 87' lang='lat' dir='ltr'><strong>ait:</strong></span> <span class='ocrx_word' id='word_1_398' title='bbox 2671 1945 2689 1978; x_wconf 85' lang='grc'><strong>‹</strong></span> <span class='ocrx_word' id='word_1_399' title='bbox 2718 1924 2867 1980; x_wconf 91' lang='lat' dir='ltr'><strong>Haud</strong></span> <span class='ocrx_word' id='word_1_400' title='bbox 2892 1927 3217 1991; x_wconf 87' lang='lat' dir='ltr'><strong>mirandum,</strong></span> <span class='ocrx_word' id='word_1_401' title='bbox 3234 1928 3378 1997; x_wconf 83' lang='lat' dir='ltr'><strong>quod</strong></span> 
     </span>
    </p>
   </div>
   <div class='ocr_carea' id='block_1_49' title="bbox 1824 2007 3380 2087">
    <p class='ocr_par' dir='ltr' id='par_1_49' title="bbox 1824 2007 3380 2087">
     <span class='ocr_line' id='line_1_49' title="bbox 1824 2007 3380 2087; baseline 0.007 -26"><span class='ocrx_word' id='word_1_402' title='bbox 1824 2007 2058 2080; x_wconf 84' lang='lat' dir='ltr'><strong>Spiritus</strong></span> <span class='ocrx_word' id='word_1_403' title='bbox 2083 2021 2306 2068; x_wconf 84' lang='lat' dir='ltr'><strong>sanctus</strong></span> <span class='ocrx_word' id='word_1_404' title='bbox 2324 2027 2449 2067; x_wconf 81' lang='lat' dir='ltr'><strong>cum</strong></span> <span class='ocrx_word' id='word_1_405' title='bbox 2489 2014 2629 2069; x_wconf 89' lang='lat' dir='ltr'><strong>Filio</strong></span> <span class='ocrx_word' id='word_1_406' title='bbox 2658 2015 2875 2069; x_wconf 87' lang='lat' dir='ltr'><strong>Domini</strong></span> <span class='ocrx_word' id='word_1_407' title='bbox 2905 2014 3057 2070; x_wconf 80' lang='lat' dir='ltr'><strong>fundi</strong></span> <span class='ocrx_word' id='word_1_408' title='bbox 3103 2032 3380 2087; x_wconf 84' lang='lat' dir='ltr'><strong>compare-</strong></span> 
     </span>
    </p>
   </div>
   <div class='ocr_carea' id='block_1_50' title="bbox 1823 2105 3378 2179">
    <p class='ocr_par' dir='ltr' id='par_1_50' title="bbox 1823 2105 3378 2179">
     <span class='ocr_line' id='line_1_50' title="bbox 1823 2105 3378 2179; baseline 0.004 -22"><span class='ocrx_word' id='word_1_409' title='bbox 1823 2112 1929 2169; x_wconf 90' lang='lat' dir='ltr'><strong>tur,</strong></span> <span class='ocrx_word' id='word_1_410' title='bbox 1960 2106 2086 2173; x_wconf 87' lang='lat' dir='ltr'><strong>quia</strong></span> <span class='ocrx_word' id='word_1_411' title='bbox 2119 2106 2234 2175; x_wconf 89' lang='lat' dir='ltr'><strong>ipsa</strong></span> <span class='ocrx_word' id='word_1_412' title='bbox 2276 2122 2491 2176; x_wconf 87' lang='lat' dir='ltr'><strong>quoque</strong></span> <span class='ocrx_word' id='word_1_413' title='bbox 2531 2105 2813 2177; x_wconf 89' lang='lat' dir='ltr'><strong>Scriptura</strong></span> <span class='ocrx_word' id='word_1_414' title='bbox 2856 2116 2964 2162; x_wconf 91' lang='lat' dir='ltr'><strong>tam</strong></span> <span class='ocrx_word' id='word_1_415' title='bbox 3011 2107 3179 2175; x_wconf 84' lang='lat' dir='ltr'><strong>Filio,</strong></span> <span class='ocrx_word' id='word_1_416' title='bbox 3215 2125 3378 2179; x_wconf 88' lang='lat' dir='ltr'><strong>quam</strong></span> 
     </span>
    </p>
   </div>
   <div class='ocr_carea' id='block_1_51' title="bbox 1800 2193 3382 2270">
    <p class='ocr_par' dir='ltr' id='par_1_51' title="bbox 1800 2193 3382 2270">
     <span class='ocr_line' id='line_1_51' title="bbox 1800 2193 3382 2270; baseline 0.005 -23"><span class='ocrx_word' id='word_1_417' title='bbox 1800 2193 2047 2263; x_wconf 83' lang='lat' dir='ltr'><strong>Spiritui</strong></span> <span class='ocrx_word' id='word_1_418' title='bbox 2078 2206 2289 2251; x_wconf 83' lang='lat' dir='ltr'><strong>sancto</strong></span> <span class='ocrx_word' id='word_1_419' title='bbox 2337 2197 2664 2266; x_wconf 82' lang='lat' dir='ltr'><strong>peculiarem</strong></span> <span class='ocrx_word' id='word_1_420' title='bbox 2698 2198 2954 2255; x_wconf 83' lang='lat' dir='ltr'><strong>Ecclesiae</strong></span> <span class='ocrx_word' id='word_1_421' title='bbox 2984 2214 3170 2254; x_wconf 87' lang='lat' dir='ltr'><strong>curam</strong></span> <span class='ocrx_word' id='word_1_422' title='bbox 3218 2209 3382 2270; x_wconf 87' lang='lat' dir='ltr'><strong>atque</strong></span> 
     </span>
    </p>
   </div>
   <div class='ocr_carea' id='block_1_52' title="bbox 1822 2286 3382 2359">
    <p class='ocr_par' dir='ltr' id='par_1_52' title="bbox 1822 2286 3382 2359">
     <span class='ocr_line' id='line_1_52' title="bbox 1822 2286 3382 2359; baseline 0.006 -23"><span class='ocrx_word' id='word_1_423' title='bbox 1822 2286 2268 2355; x_wconf 81' lang='lat' dir='ltr'><strong>gubernationem</strong></span> <span class='ocrx_word' id='word_1_424' title='bbox 2316 2288 2557 2341; x_wconf 82' lang='lat' dir='ltr'><strong>ascribit.</strong></span> <span class='ocrx_word' id='word_1_425' title='bbox 2610 2308 2627 2339; x_wconf 76' lang='grc' dir='ltr'><strong>ι</strong></span> <span class='ocrx_word' id='word_1_426' title='bbox 2667 2287 2759 2343; x_wconf 92' lang='lat' dir='ltr'><strong>Sic</strong></span> <span class='ocrx_word' id='word_1_427' title='bbox 2788 2290 2931 2359; x_wconf 86' lang='lat' dir='ltr'><strong>apud</strong></span> <span class='ocrx_word' id='word_1_428' title='bbox 2960 2288 3269 2345; x_wconf 72' lang='lat' dir='ltr'><strong>Matthteum</strong></span> <span class='ocrx_word' id='word_1_429' title='bbox 3306 2292 3382 2346; x_wconf 86' lang='lat' dir='ltr'><strong>le-</strong></span> 
     </span>
    </p>
   </div>
   <div class='ocr_carea' id='block_1_53' title="bbox 2124 2377 3380 2450">
    <p class='ocr_par' dir='ltr' id='par_1_53' title="bbox 2124 2377 3380 2450">
     <span class='ocr_line' id='line_1_53' title="bbox 2124 2377 3380 2450; baseline 0.004 -19"><span class='ocrx_word' id='word_1_430' title='bbox 2124 2377 2253 2432; x_wconf 85' lang='lat' dir='ltr'><strong>Ecce</strong></span> <span class='ocrx_word' id='word_1_431' title='bbox 2300 2395 2391 2448; x_wconf 88' lang='lat' dir='ltr'><strong>ego</strong></span> <span class='ocrx_word' id='word_1_432' title='bbox 2446 2379 2706 2433; x_wconf 81' lang='lat' dir='ltr'><strong>vobiscum</strong></span> <span class='ocrx_word' id='word_1_433' title='bbox 2742 2396 2858 2433; x_wconf 89' lang='lat' dir='ltr'><strong>sum</strong></span> <span class='ocrx_word' id='word_1_434' title='bbox 2902 2383 3139 2435; x_wconf 82' lang='lat' dir='ltr'><strong>omnibus</strong></span> <span class='ocrx_word' id='word_1_435' title='bbox 3176 2382 3380 2450; x_wconf 80' lang='lat' dir='ltr'><strong>diebus,</strong></span> 
     </span>
    </p>
   </div>
   <div class='ocr_carea' id='block_1_54' title="bbox 1820 2471 3381 2543">
    <p class='ocr_par' dir='ltr' id='par_1_54' title="bbox 1820 2471 3381 2543">
     <span class='ocr_line' id='line_1_54' title="bbox 1820 2471 3381 2543; baseline 0.005 -21"><span class='ocrx_word' id='word_1_436' title='bbox 1820 2485 1981 2539; x_wconf 85' lang='lat' dir='ltr'><strong>usque</strong></span> <span class='ocrx_word' id='word_1_437' title='bbox 2004 2471 2072 2523; x_wconf 87' lang='lat' dir='ltr'><strong>ad</strong></span> <span class='ocrx_word' id='word_1_438' title='bbox 2094 2472 2592 2525; x_wconf 80' lang='lat' dir='ltr'><strong>consummationem</strong></span> <span class='ocrx_word' id='word_1_439' title='bbox 2614 2472 2795 2525; x_wconf 66' lang='lat' dir='ltr'><strong>seaculi</strong></span> <span class='ocrx_word' id='word_1_440' title='bbox 2812 2474 2943 2527; x_wconf 80' lang='grc'><strong>⁸⁸-⁸⁹.</strong></span> <span class='ocrx_word' id='word_1_441' title='bbox 2957 2472 3022 2527; x_wconf 84' lang='grc' dir='ltr'><strong>Ει</strong></span> <span class='ocrx_word' id='word_1_442' title='bbox 3040 2474 3191 2543; x_wconf 70' lang='lat' dir='ltr'><strong>apud</strong></span> <span class='ocrx_word' id='word_1_443' title='bbox 3210 2472 3381 2530; x_wconf 81' lang='lat' dir='ltr'><strong>Joan-</strong></span> 
     </span>
    </p>
   </div>
   <div class='ocr_carea' id='block_1_55' title="bbox 1796 2562 3381 2633">
    <p class='ocr_par' dir='ltr' id='par_1_55' title="bbox 1796 2562 3381 2633">
     <span class='ocr_line' id='line_1_55' title="bbox 1796 2562 3381 2633; baseline 0.003 -17"><span class='ocrx_word' id='word_1_444' title='bbox 1796 2578 1943 2617; x_wconf 61' lang='lat' dir='ltr'><strong>‘nem</strong></span> <span class='ocrx_word' id='word_1_445' title='bbox 1987 2580 1997 2615; x_wconf 90' lang='lat'>:</span> <span class='ocrx_word' id='word_1_446' title='bbox 2034 2562 2099 2614; x_wconf 84' lang='lat' dir='ltr'><strong>Et</strong></span> <span class='ocrx_word' id='word_1_447' title='bbox 2134 2580 2225 2633; x_wconf 88' lang='lat' dir='ltr'><strong>ego</strong></span> <span class='ocrx_word' id='word_1_448' title='bbox 2259 2563 2451 2633; x_wconf 88' lang='lat' dir='ltr'><strong>rogabo</strong></span> <span class='ocrx_word' id='word_1_449' title='bbox 2485 2562 2717 2629; x_wconf 85' lang='lat' dir='ltr'><strong>Patrem,</strong></span> <span class='ocrx_word' id='word_1_450' title='bbox 2760 2574 2809 2617; x_wconf 89' lang='lat' dir='ltr'><strong>et</strong></span> <span class='ocrx_word' id='word_1_451' title='bbox 2840 2564 3006 2618; x_wconf 88' lang='lat' dir='ltr'><strong>alium</strong></span> <span class='ocrx_word' id='word_1_452' title='bbox 3046 2565 3381 2620; x_wconf 79' lang='lat' dir='ltr'><strong>Paracletutn</strong></span> 
     </span>
    </p>
   </div>
   <div class='ocr_carea' id='block_1_56' title="bbox 1820 2653 3381 2727">
    <p class='ocr_par' dir='ltr' id='par_1_56' title="bbox 1820 2653 3381 2727">
     <span class='ocr_line' id='line_1_56' title="bbox 1820 2653 3381 2727; baseline 0.004 -21"><span class='ocrx_word' id='word_1_453' title='bbox 1820 2653 1963 2706; x_wconf 83' lang='lat' dir='ltr'><strong>dabit</strong></span> <span class='ocrx_word' id='word_1_454' title='bbox 1987 2654 2148 2714; x_wconf 72' lang='lat' dir='ltr'><strong>vobis.</strong></span> <span class='ocrx_word' id='word_1_455' title='bbox 2181 2665 2237 2707; x_wconf 78' lang='lat' dir='ltr'><strong>ut</strong></span> <span class='ocrx_word' id='word_1_456' title='bbox 2275 2666 2481 2710; x_wconf 85' lang='lat' dir='ltr'><strong>maneat</strong></span> <span class='ocrx_word' id='word_1_457' title='bbox 2522 2656 2872 2710; x_wconf 82' lang='lat' dir='ltr'><strong>vobiscum-in</strong></span> <span class='ocrx_word' id='word_1_458' title='bbox 2910 2665 3188 2723; x_wconf 64' lang='lat' dir='ltr'><strong>internum,</strong></span> <span class='ocrx_word' id='word_1_459' title='bbox 3217 2657 3381 2727; x_wconf 85' lang='lat' dir='ltr'><strong>Spiri-</strong></span> 
     </span>
    </p>
   </div>
   <div class='ocr_carea' id='block_1_57' title="bbox 1822 2745 3382 2818">
    <p class='ocr_par' dir='ltr' id='par_1_57' title="bbox 1822 2745 3382 2818">
     <span class='ocr_line' id='line_1_57' title="bbox 1822 2745 3382 2818; baseline 0.004 -20"><span class='ocrx_word' id='word_1_460' title='bbox 1822 2756 1932 2799; x_wconf 87' lang='lat' dir='ltr'><strong>tum</strong></span> <span class='ocrx_word' id='word_1_461' title='bbox 1955 2748 2189 2800; x_wconf 83' lang='lat' dir='ltr'><strong>ueritatis</strong></span> <span class='ocrx_word' id='word_1_462' title='bbox 2221 2748 2283 2799; x_wconf 76' lang='grc' dir='ltr'><strong>⁸ο.</strong></span> <span class='ocrx_word' id='word_1_463' title='bbox 2313 2745 2482 2803; x_wconf 90' lang='lat' dir='ltr'><strong>Vocat</strong></span> <span class='ocrx_word' id='word_1_464' title='bbox 2513 2750 2695 2818; x_wconf 85' lang='lat' dir='ltr'><strong>itaque</strong></span> <span class='ocrx_word' id='word_1_465' title='bbox 2728 2746 2954 2803; x_wconf 78' lang='lat' dir='ltr'><strong>Hermas</strong></span> <span class='ocrx_word' id='word_1_466' title='bbox 2974 2746 3236 2817; x_wconf 87' lang='lat' dir='ltr'><strong>Spiritum</strong></span> <span class='ocrx_word' id='word_1_467' title='bbox 3258 2766 3382 2805; x_wconf 68' lang='lat' dir='ltr'><strong>ean-</strong></span> 
     </span>
    </p>
   </div>
   <div class='ocr_carea' id='block_1_58' title="bbox 1820 2836 3382 2910">
    <p class='ocr_par' dir='ltr' id='par_1_58' title="bbox 1820 2836 3382 2910">
     <span class='ocr_line' id='line_1_58' title="bbox 1820 2836 3382 2910; baseline 0.003 -21"><span class='ocrx_word' id='word_1_468' title='bbox 1820 2846 1963 2890; x_wconf 82' lang='lat' dir='ltr'><strong>ctum</strong></span> <span class='ocrx_word' id='word_1_469' title='bbox 1990 2836 2193 2890; x_wconf 84' lang='lat' dir='ltr'><strong>Filium</strong></span> <span class='ocrx_word' id='word_1_470' title='bbox 2219 2837 2641 2907; x_wconf 77' lang='lat' dir='ltr'><strong>Patrisfamilias</strong></span> <span class='ocrx_word' id='word_1_471' title='bbox 2664 2882 2677 2903; x_wconf 91' lang='lat'><strong>,</strong></span> <span class='ocrx_word' id='word_1_472' title='bbox 2704 2839 2851 2910; x_wconf 89' lang='lat' dir='ltr'><strong>quod</strong></span> <span class='ocrx_word' id='word_1_473' title='bbox 2893 2840 2983 2894; x_wconf 83' lang='lat' dir='ltr'><strong>ille</strong></span> <span class='ocrx_word' id='word_1_474' title='bbox 3027 2841 3382 2909; x_wconf 56' lang='lat' dir='ltr'><strong>quemadmoo</strong></span> 
     </span>
    </p>
   </div>
   <div class='ocr_carea' id='block_1_59' title="bbox 1821 2928 3379 3000">
    <p class='ocr_par' dir='ltr' id='par_1_59' title="bbox 1821 2928 3379 3000">
     <span class='ocr_line' id='line_1_59' title="bbox 1821 2928 3379 3000; baseline 0.001 -18"><span class='ocrx_word' id='word_1_475' title='bbox 1821 2928 1950 2983; x_wconf 89' lang='lat' dir='ltr'><strong>dum</strong></span> <span class='ocrx_word' id='word_1_476' title='bbox 1983 2928 2229 2985; x_wconf 84' lang='lat' dir='ltr'><strong>etFiiius</strong></span> <span class='ocrx_word' id='word_1_477' title='bbox 2259 2928 2349 2984; x_wconf 90' lang='lat' dir='ltr'><strong>Dei</strong></span> <span class='ocrx_word' id='word_1_478' title='bbox 2390 2929 2643 2985; x_wconf 64' lang='lat' dir='ltr'><strong>Ecclesiae</strong></span> <span class='ocrx_word' id='word_1_479' title='bbox 2680 2946 2866 2984; x_wconf 83' lang='lat' dir='ltr'><strong>curam</strong></span> <span class='ocrx_word' id='word_1_480' title='bbox 2902 2939 3051 3000; x_wconf 73' lang='lat' dir='ltr'><strong>gerat</strong></span> <span class='ocrx_word' id='word_1_481' title='bbox 3079 2930 3379 2986; x_wconf 74' lang='lat' dir='ltr'><strong>assiduam.</strong></span> 
     </span>
    </p>
   </div>
   <div class='ocr_carea' id='block_1_60' title="bbox 165 3018 3378 3107">
    <p class='ocr_par' dir='ltr' id='par_1_60' title="bbox 165 3018 3378 3107">
     <span class='ocr_line' id='line_1_60' title="bbox 165 3018 3378 3107; baseline 0.002 -35"><span class='ocrx_word' id='word_1_482' title='bbox 165 3028 352 3075; x_wconf 85' lang='lat' dir='ltr'><strong>tantum</strong></span> <span class='ocrx_word' id='word_1_483' title='bbox 383 3023 517 3088; x_wconf 87' lang='lat' dir='ltr'><strong>illis,</strong></span> <span class='ocrx_word' id='word_1_484' title='bbox 566 3024 659 3093; x_wconf 90' lang='lat' dir='ltr'><strong>qui</strong></span> <span class='ocrx_word' id='word_1_485' title='bbox 704 3024 1001 3093; x_wconf 71' lang='lat' dir='ltr'><strong>aliquando</strong></span> <span class='ocrx_word' id='word_1_486' title='bbox 1052 3024 1441 3079; x_wconf 79' lang='lat' dir='ltr'><strong>controversiis</strong></span> <span class='ocrx_word' id='word_1_487' title='bbox 1486 3023 1714 3093; x_wconf 77' lang='lat' dir='ltr'><strong>subjecti</strong></span> <span class='ocrx_word' id='word_1_488' title='bbox 1745 3045 1790 3107; x_wconf 68' lang='grc' dir='ltr'>ο</span> <span class='ocrx_word' id='word_1_489' title='bbox 1892 3018 2067 3087; x_wconf 86' lang='lat' dir='ltr'><strong>Quam</strong></span> <span class='ocrx_word' id='word_1_490' title='bbox 2107 3037 2237 3077; x_wconf 89' lang='lat' dir='ltr'><strong>sana</strong></span> <span class='ocrx_word' id='word_1_491' title='bbox 2270 3031 2324 3077; x_wconf 89' lang='lat' dir='ltr'><strong>et</strong></span> <span class='ocrx_word' id='word_1_492' title='bbox 2352 3022 2421 3075; x_wconf 88' lang='lat' dir='ltr'><strong>ab</strong></span> <span class='ocrx_word' id='word_1_493' title='bbox 2443 3022 2592 3076; x_wconf 91' lang='lat' dir='ltr'><strong>omni</strong></span> <span class='ocrx_word' id='word_1_494' title='bbox 2622 3022 2823 3077; x_wconf 89' lang='lat' dir='ltr'><strong>erroris</strong></span> <span class='ocrx_word' id='word_1_495' title='bbox 2847 3023 3162 3092; x_wconf 84' lang='lat' dir='ltr'><strong>suspicione</strong></span> <span class='ocrx_word' id='word_1_496' title='bbox 3188 3038 3378 3085; x_wconf 65' lang='lat' dir='ltr'><strong>vacua,</strong></span> 
     </span>
    </p>
   </div>
   <div class='ocr_carea' id='block_1_61' title="bbox 162 3110 1715 3187">
    <p class='ocr_par' dir='ltr' id='par_1_61' title="bbox 162 3110 1715 3187">
     <span class='ocr_line' id='line_1_61' title="bbox 162 3110 1715 3187; baseline 0.005 -24"><span class='ocrx_word' id='word_1_497' title='bbox 162 3110 400 3181; x_wconf 82' lang='lat' dir='ltr'><strong>luerunt,</strong></span> <span class='ocrx_word' id='word_1_498' title='bbox 450 3117 578 3170; x_wconf 83' lang='lat' dir='ltr'><strong>loca</strong></span> <span class='ocrx_word' id='word_1_499' title='bbox 627 3116 717 3171; x_wconf 88' lang='lat' dir='ltr'><strong>hic</strong></span> <span class='ocrx_word' id='word_1_500' title='bbox 774 3116 1148 3187; x_wconf 88' lang='lat' dir='ltr'><strong>ascripsimus.</strong></span> <span class='ocrx_word' id='word_1_501' title='bbox 1196 3115 1424 3186; x_wconf 82' lang='lat' dir='ltr'><strong>Reliqua</strong></span> <span class='ocrx_word' id='word_1_502' title='bbox 1480 3115 1715 3172; x_wconf 80' lang='lat' dir='ltr'><strong>conferri</strong></span> 
     </span>
    </p>
   </div>
   <div class='ocr_carea' id='block_1_62' title="bbox 163 3203 1716 3277">
    <p class='ocr_par' dir='ltr' id='par_1_62' title="bbox 163 3203 1716 3277">
     <span class='ocr_line' id='line_1_62' title="bbox 163 3203 1716 3277; baseline 0.003 -20"><span class='ocrx_word' id='word_1_503' title='bbox 163 3215 373 3269; x_wconf 70' lang='lat' dir='ltr'><strong>possunt</strong></span> <span class='ocrx_word' id='word_1_504' title='bbox 399 3207 553 3277; x_wconf 84' lang='lat' dir='ltr'><strong>apud</strong></span> <span class='ocrx_word' id='word_1_505' title='bbox 607 3207 941 3262; x_wconf 77' lang='lat' dir='ltr'><strong>Lardnerum</strong></span> <span class='ocrx_word' id='word_1_506' title='bbox 972 3208 1105 3277; x_wconf 76' lang='grc'><strong>(14).</strong></span> <span class='ocrx_word' id='word_1_507' title='bbox 1152 3203 1258 3261; x_wconf 88' lang='lat' dir='ltr'><strong>Pro</strong></span> <span class='ocrx_word' id='word_1_508' title='bbox 1294 3207 1552 3261; x_wconf 85' lang='lat' dir='ltr'><strong>coronide</strong></span> <span class='ocrx_word' id='word_1_509' title='bbox 1575 3208 1716 3262; x_wconf 74' lang='lat' dir='ltr'><strong>dun—</strong></span> 
     </span>
    </p>
   </div>
   <div class='ocr_carea' id='block_1_63' title="bbox 160 3297 1717 3368">
    <p class='ocr_par' dir='ltr' id='par_1_63' title="bbox 160 3297 1717 3368">
     <span class='ocr_line' id='line_1_63' title="bbox 160 3297 1717 3368; baseline 0.003 -21"><span class='ocrx_word' id='word_1_510' title='bbox 160 3304 291 3349; x_wconf 72' lang='lat' dir='ltr'><strong>taxat</strong></span> <span class='ocrx_word' id='word_1_511' title='bbox 314 3297 655 3354; x_wconf 82' lang='lat' dir='ltr'><strong>adaotamus</strong></span> <span class='ocrx_word' id='word_1_512' title='bbox 684 3298 955 3353; x_wconf 81' lang='lat' dir='ltr'><strong>&#39;Hermam</strong></span> <span class='ocrx_word' id='word_1_513' title='bbox 979 3308 1225 3353; x_wconf 89' lang='lat' dir='ltr'><strong>nostrum</strong></span> <span class='ocrx_word' id='word_1_514' title='bbox 1253 3298 1373 3366; x_wconf 89' lang='lat' dir='ltr'><strong>jure</strong></span> <span class='ocrx_word' id='word_1_515' title='bbox 1399 3298 1609 3368; x_wconf 87' lang='lat' dir='ltr'><strong>optimo</strong></span> <span class='ocrx_word' id='word_1_516' title='bbox 1641 3298 1717 3352; x_wconf 87' lang='lat' dir='ltr'><strong>in-</strong></span> 
     </span>
    </p>
   </div>
   <div class='ocr_carea' id='block_1_64' title="bbox 162 3388 1714 3462">
    <p class='ocr_par' dir='ltr' id='par_1_64' title="bbox 162 3388 1714 3462">
     <span class='ocr_line' id='line_1_64' title="bbox 162 3388 1714 3462; baseline 0.003 -24"><span class='ocrx_word' id='word_1_517' title='bbox 162 3394 234 3440; x_wconf 87' lang='lat' dir='ltr'><strong>ter</strong></span> <span class='ocrx_word' id='word_1_518' title='bbox 257 3397 417 3445; x_wconf 86' lang='lat' dir='ltr'><strong>testes</strong></span> <span class='ocrx_word' id='word_1_519' title='bbox 451 3391 815 3462; x_wconf 76' lang='lat' dir='ltr'><strong>gravissimos</strong></span> <span class='ocrx_word' id='word_1_520' title='bbox 844 3390 911 3445; x_wconf 88' lang='lat' dir='ltr'><strong>de</strong></span> <span class='ocrx_word' id='word_1_521' title='bbox 958 3390 1233 3445; x_wconf 85' lang='lat' dir='ltr'><strong>authentia</strong></span> <span class='ocrx_word' id='word_1_522' title='bbox 1265 3388 1364 3444; x_wconf 88' lang='lat' dir='ltr'><strong>SS.</strong></span> <span class='ocrx_word' id='word_1_523' title='bbox 1394 3388 1714 3460; x_wconf 74' lang='lat' dir='ltr'><strong>Evangelio~</strong></span> 
     </span>
    </p>
   </div>
   <div class='ocr_carea' id='block_1_65' title="bbox 157 3481 1712 3551">
    <p class='ocr_par' dir='ltr' id='par_1_65' title="bbox 157 3481 1712 3551">
     <span class='ocr_line' id='line_1_65' title="bbox 157 3481 1712 3551; baseline -0.001 -16"><span class='ocrx_word' id='word_1_524' title='bbox 157 3496 262 3536; x_wconf 91' lang='lat' dir='ltr'><strong>rum</strong></span> <span class='ocrx_word' id='word_1_525' title='bbox 312 3500 339 3537; x_wconf 86' lang='lat' dir='ltr'><strong>a</strong></span> <span class='ocrx_word' id='word_1_526' title='bbox 382 3484 683 3550; x_wconf 66' lang='lat' dir='ltr'><strong>Matthaeo,</strong></span> <span class='ocrx_word' id='word_1_527' title='bbox 714 3483 909 3538; x_wconf 63' lang='lat' dir='ltr'><strong>‘Marco</strong></span> <span class='ocrx_word' id='word_1_528' title='bbox 952 3484 1211 3538; x_wconf 78' lang='lat' dir='ltr'><strong>ac&#39;Luca</strong></span> <span class='ocrx_word' id='word_1_529' title='bbox 1259 3481 1712 3551; x_wconf 81' lang='lat' dir='ltr'><strong>conscriptorum,</strong></span> 
     </span>
    </p>
   </div>
   <div class='ocr_carea' id='block_1_66' title="bbox 155 3574 1714 3645">
    <p class='ocr_par' dir='ltr' id='par_1_66' title="bbox 155 3574 1714 3645">
     <span class='ocr_line' id='line_1_66' title="bbox 155 3574 1714 3645; baseline -0.001 -20"><span class='ocrx_word' id='word_1_530' title='bbox 155 3576 479 3645; x_wconf 60' lang='lat' dir='ltr'><strong>praecipuum</strong></span> <span class='ocrx_word' id='word_1_531' title='bbox 520 3574 953 3639; x_wconf 88' lang='lat' dir='ltr'><strong>locummereri,</strong></span> <span class='ocrx_word' id='word_1_532' title='bbox 981 3583 1166 3645; x_wconf 90' lang='lat' dir='ltr'><strong>utpote</strong></span> <span class='ocrx_word' id='word_1_533' title='bbox 1193 3574 1287 3644; x_wconf 88' lang='lat' dir='ltr'><strong>qui</strong></span> <span class='ocrx_word' id='word_1_534' title='bbox 1322 3574 1526 3627; x_wconf 87' lang='lat' dir='ltr'><strong>horum</strong></span> <span class='ocrx_word' id='word_1_535' title='bbox 1546 3588 1714 3626; x_wconf 85' lang='lat' dir='ltr'><strong>evan-</strong></span> 
     </span>
    </p>
   </div>
   <div class='ocr_carea' id='block_1_67' title="bbox 153 3663 1717 3742">
    <p class='ocr_par' dir='ltr' id='par_1_67' title="bbox 153 3663 1717 3742">
     <span class='ocr_line' id='line_1_67' title="bbox 153 3663 1717 3742; baseline -0.001 -25"><span class='ocrx_word' id='word_1_536' title='bbox 153 3666 457 3732; x_wconf 75' lang='lat' dir='ltr'><strong>gt-Iistarum</strong></span> <span class='ocrx_word' id='word_1_537' title='bbox 489 3668 808 3730; x_wconf 87' lang='lat' dir='ltr'><strong>sententias,</strong></span> <span class='ocrx_word' id='word_1_538' title='bbox 836 3668 998 3742; x_wconf 73' lang='lat' dir='ltr'><strong>verba</strong></span> <span class='ocrx_word' id='word_1_539' title='bbox 1052 3666 1385 3736; x_wconf 87' lang='lat' dir='ltr'><strong>phrasesque</strong></span> <span class='ocrx_word' id='word_1_540' title='bbox 1426 3664 1541 3718; x_wconf 87' lang='lat' dir='ltr'><strong>suis</strong></span> <span class='ocrx_word' id='word_1_541' title='bbox 1568 3663 1620 3717; x_wconf 90' lang='lat' dir='ltr'><strong>in</strong></span> <span class='ocrx_word' id='word_1_542' title='bbox 1652 3664 1717 3716; x_wconf 79' lang='lat' dir='ltr'><strong>li-</strong></span> 
     </span>
    </p>
   </div>
   <div class='ocr_carea' id='block_1_68' title="bbox 157 3755 1717 3829">
    <p class='ocr_par' dir='ltr' id='par_1_68' title="bbox 157 3755 1717 3829">
     <span class='ocr_line' id='line_1_68' title="bbox 157 3755 1717 3829; baseline 0.003 -24"><span class='ocrx_word' id='word_1_543' title='bbox 157 3755 256 3810; x_wconf 91' lang='lat' dir='ltr'><strong>bris</strong></span> <span class='ocrx_word' id='word_1_544' title='bbox 284 3774 539 3829; x_wconf 61' lang='lat' dir='ltr'><strong>persmpe</strong></span> <span class='ocrx_word' id='word_1_545' title='bbox 577 3758 847 3828; x_wconf 77' lang='lat' dir='ltr'><strong>expressit</strong></span> <span class='ocrx_word' id='word_1_546' title='bbox 887 3767 1050 3827; x_wconf 82' lang='lat' dir='ltr'><strong>atque</strong></span> <span class='ocrx_word' id='word_1_547' title='bbox 1082 3757 1325 3811; x_wconf 86' lang='lat' dir='ltr'><strong>imitatus</strong></span> <span class='ocrx_word' id='word_1_548' title='bbox 1348 3756 1490 3821; x_wconf 84' lang='lat' dir='ltr'><strong>luit;</strong></span> <span class='ocrx_word' id='word_1_549' title='bbox 1525 3770 1717 3824; x_wconf 85' lang='lat' dir='ltr'><strong>quem-</strong></span> 
     </span>
    </p>
   </div>
   <div class='ocr_carea' id='block_1_69' title="bbox 152 3846 1717 3905">
    <p class='ocr_par' dir='ltr' id='par_1_69' title="bbox 152 3846 1717 3905">
     <span class='ocr_line' id='line_1_69' title="bbox 152 3846 1717 3905; baseline 0.003 -7"><span class='ocrx_word' id='word_1_550' title='bbox 152 3847 439 3905; x_wconf 79' lang='lat' dir='ltr'><strong>admodum</strong></span> <span class='ocrx_word' id='word_1_551' title='bbox 479 3851 537 3904; x_wconf 89' lang='lat' dir='ltr'><strong>id</strong></span> <span class='ocrx_word' id='word_1_552' title='bbox 566 3850 648 3903; x_wconf 90' lang='lat' dir='ltr'><strong>vir</strong></span> <span class='ocrx_word' id='word_1_553' title='bbox 680 3849 1086 3905; x_wconf 85' lang='lat' dir='ltr'><strong>eruditissimus</strong></span> <span class='ocrx_word' id='word_1_554' title='bbox 1113 3847 1392 3902; x_wconf 84' lang='lat' dir='ltr'><strong>Fassinius</strong></span> <span class='ocrx_word' id='word_1_555' title='bbox 1418 3863 1483 3901; x_wconf 82' lang='lat' dir='ltr'><strong>ex</strong></span> <span class='ocrx_word' id='word_1_556' title='bbox 1528 3846 1717 3902; x_wconf 85' lang='lat' dir='ltr'><strong>ordine</strong></span> 
     </span>
    </p>
   </div>
   <div class='ocr_carea' id='block_1_70' title="bbox 155 3935 1717 4009">
    <p class='ocr_par' dir='ltr' id='par_1_70' title="bbox 155 3935 1717 4009">
     <span class='ocr_line' id='line_1_70' title="bbox 155 3935 1717 4009; baseline 0.001 -20"><span class='ocrx_word' id='word_1_557' title='bbox 155 3935 210 3989; x_wconf 89' lang='lat' dir='ltr'><strong>D.</strong></span> <span class='ocrx_word' id='word_1_558' title='bbox 242 3936 514 3995; x_wconf 74' lang='lat' dir='ltr'><strong>Dcminici</strong></span> <span class='ocrx_word' id='word_1_559' title='bbox 556 3955 657 3995; x_wconf 88' lang='lat' dir='ltr'><strong>suo</strong></span> <span class='ocrx_word' id='word_1_560' title='bbox 706 3940 758 3993; x_wconf 88' lang='lat' dir='ltr'><strong>in</strong></span> <span class='ocrx_word' id='word_1_561' title='bbox 791 3940 1243 4009; x_wconf 61' lang='lat' dir='ltr'><strong>praestantissimo</strong></span> <span class='ocrx_word' id='word_1_562' title='bbox 1285 3953 1447 4008; x_wconf 88' lang='lat' dir='ltr'><strong>opere</strong></span> <span class='ocrx_word' id='word_1_563' title='bbox 1486 3937 1560 3991; x_wconf 88' lang='lat' dir='ltr'><strong>De</strong></span> <span class='ocrx_word' id='word_1_564' title='bbox 1589 3954 1717 4005; x_wconf 88' lang='lat' dir='ltr'><strong>apo-</strong></span> 
     </span>
    </p>
   </div>
   <div class='ocr_carea' id='block_1_71' title="bbox 147 4029 1713 4101">
    <p class='ocr_par' dir='ltr' id='par_1_71' title="bbox 147 4029 1713 4101">
     <span class='ocr_line' id='line_1_71' title="bbox 147 4029 1713 4101; baseline 0.002 -22"><span class='ocrx_word' id='word_1_565' title='bbox 147 4029 325 4083; x_wconf 81' lang='lat' dir='ltr'><strong>stolica</strong></span> <span class='ocrx_word' id='word_1_566' title='bbox 356 4029 772 4101; x_wconf 79' lang='lat' dir='ltr'><strong>Evangeliorum</strong></span> <span class='ocrx_word' id='word_1_567' title='bbox 800 4031 1000 4100; x_wconf 86' lang='lat' dir='ltr'><strong>origine</strong></span> <span class='ocrx_word' id='word_1_568' title='bbox 1029 4031 1457 4085; x_wconf 89' lang='lat' dir='ltr'><strong>luculentissime</strong></span> <span class='ocrx_word' id='word_1_569' title='bbox 1487 4029 1713 4084; x_wconf 85' lang='lat' dir='ltr'><strong>demon-</strong></span> 
     </span>
    </p>
   </div>
   <div class='ocr_carea' id='block_1_72' title="bbox 149 4122 349 4177">
    <p class='ocr_par' dir='ltr' id='par_1_72' title="bbox 149 4122 349 4177">
     <span class='ocr_line' id='line_1_72' title="bbox 149 4122 349 4177; baseline 0.025 -5"><span class='ocrx_word' id='word_1_570' title='bbox 149 4122 349 4177; x_wconf 78' lang='lat' dir='ltr'><strong>stravit.</strong></span> 
     </span>
    </p>
   </div>
   <div class='ocr_carea' id='block_1_73' title="bbox 200 4212 1420 4288">
    <p class='ocr_par' dir='ltr' id='par_1_73' title="bbox 200 4212 1420 4288">
     <span class='ocr_line' id='line_1_73' title="bbox 200 4212 1420 4288; baseline -0.004 -19"><span class='ocrx_word' id='word_1_571' title='bbox 200 4220 201 4223; x_wconf 64' lang='grc'><em>“</em></span> <span class='ocrx_word' id='word_1_572' title='bbox 430 4214 463 4288; x_wconf 79' lang='lat'><strong>§</strong></span> <span class='ocrx_word' id='word_1_573' title='bbox 498 4213 565 4268; x_wconf 87' lang='lat' dir='ltr'><strong>ll.</strong></span> <span class='ocrx_word' id='word_1_574' title='bbox 591 4213 667 4268; x_wconf 86' lang='lat' dir='ltr'><strong>De</strong></span> <span class='ocrx_word' id='word_1_575' title='bbox 695 4212 797 4269; x_wconf 89' lang='lat' dir='ltr'><strong>SS.</strong></span> <span class='ocrx_word' id='word_1_576' title='bbox 843 4212 1122 4267; x_wconf 85' lang='lat' dir='ltr'><strong>Trinitatis</strong></span> <span class='ocrx_word' id='word_1_577' title='bbox 1153 4213 1420 4280; x_wconf 80' lang='lat' dir='ltr'><strong>mysterio.</strong></span> 
     </span>
    </p>
   </div>
   <div class='ocr_carea' id='block_1_74' title="bbox 207 4297 1710 4371">
    <p class='ocr_par' dir='ltr' id='par_1_74' title="bbox 207 4297 1710 4371">
     <span class='ocr_line' id='line_1_74' title="bbox 207 4297 1710 4371; baseline -0.004 -14"><span class='ocrx_word' id='word_1_578' title='bbox 207 4302 641 4361; x_wconf 82' lang='lat' dir='ltr'><strong>Sanctissimum</strong></span> <span class='ocrx_word' id='word_1_579' title='bbox 667 4303 954 4358; x_wconf 84' lang='lat' dir='ltr'><strong>Trinitatis</strong></span> <span class='ocrx_word' id='word_1_580' title='bbox 996 4301 1312 4371; x_wconf 82' lang='lat' dir='ltr'><strong>mysterium</strong></span> <span class='ocrx_word' id='word_1_581' title='bbox 1339 4299 1442 4354; x_wconf 90' lang='lat' dir='ltr'><strong>sub</strong></span> <span class='ocrx_word' id='word_1_582' title='bbox 1475 4297 1710 4366; x_wconf 80' lang='lat' dir='ltr'><strong>quadam</strong></span> 
     </span>
    </p>
   </div>
   <div class='ocr_carea' id='block_1_75' title="bbox 1818 3111 3382 3199">
    <p class='ocr_par' dir='ltr' id='par_1_75' title="bbox 1818 3111 3382 3199">
     <span class='ocr_line' id='line_1_75' title="bbox 1818 3111 3382 3199; baseline 0.001 -30"><span class='ocrx_word' id='word_1_583' title='bbox 1818 3121 1876 3169; x_wconf 85' lang='lat' dir='ltr'><strong>et</strong></span> <span class='ocrx_word' id='word_1_584' title='bbox 1896 3127 2030 3183; x_wconf 86' lang='lat' dir='ltr'><strong>pura</strong></span> <span class='ocrx_word' id='word_1_585' title='bbox 2066 3111 2227 3167; x_wconf 83' lang='lat' dir='ltr'><strong>luerit</strong></span> <span class='ocrx_word' id='word_1_586' title='bbox 2258 3112 2467 3169; x_wconf 64' lang='lat' dir='ltr'><strong>Hermia</strong></span> <span class='ocrx_word' id='word_1_587' title='bbox 2493 3115 2560 3169; x_wconf 90' lang='lat' dir='ltr'><strong>de</strong></span> <span class='ocrx_word' id='word_1_588' title='bbox 2585 3129 2834 3183; x_wconf 84' lang='lat' dir='ltr'><strong>suprema</strong></span> <span class='ocrx_word' id='word_1_589' title='bbox 2867 3114 3073 3199; x_wconf 78' lang='lat' dir='ltr'><strong>Cbristi</strong></span> <span class='ocrx_word' id='word_1_590' title='bbox 3102 3117 3382 3171; x_wconf 72' lang='lat' dir='ltr'><strong>divinitate</strong></span> 
     </span>
    </p>
   </div>
   <div class='ocr_carea' id='block_1_76' title="bbox 1820 3205 3381 3269">
    <p class='ocr_par' dir='ltr' id='par_1_76' title="bbox 1820 3205 3381 3269">
     <span class='ocr_line' id='line_1_76' title="bbox 1820 3205 3381 3269; baseline 0.003 -10"><span class='ocrx_word' id='word_1_591' title='bbox 1820 3206 2086 3260; x_wconf 85' lang='lat' dir='ltr'><strong>sententia</strong></span> <span class='ocrx_word' id='word_1_592' title='bbox 2107 3246 2121 3267; x_wconf 87' lang='lat'><strong>.</strong></span> <span class='ocrx_word' id='word_1_593' title='bbox 2148 3206 2232 3259; x_wconf 90' lang='lat' dir='ltr'><strong>bis</strong></span> <span class='ocrx_word' id='word_1_594' title='bbox 2267 3206 2350 3259; x_wconf 88' lang='lat' dir='ltr'><strong>vir</strong></span> <span class='ocrx_word' id='word_1_595' title='bbox 2387 3206 2455 3260; x_wconf 83' lang='lat' dir='ltr'><strong>cl.</strong></span> <span class='ocrx_word' id='word_1_596' title='bbox 2486 3205 2759 3269; x_wconf 85' lang='lat' dir='ltr'><strong>Petavius.</strong></span> <span class='ocrx_word' id='word_1_597' title='bbox 2788 3208 3000 3261; x_wconf 85' lang='lat' dir='ltr'><strong>tametsi</strong></span> <span class='ocrx_word' id='word_1_598' title='bbox 3047 3209 3183 3263; x_wconf 83' lang='lat' dir='ltr'><strong>alias</strong></span> <span class='ocrx_word' id='word_1_599' title='bbox 3229 3218 3381 3263; x_wconf 76' lang='lat' dir='ltr'><strong>ante-</strong></span> 
     </span>
    </p>
   </div>
   <div class='ocr_carea' id='block_1_77' title="bbox 1818 3292 3383 3364">
    <p class='ocr_par' dir='ltr' id='par_1_77' title="bbox 1818 3292 3383 3364">
     <span class='ocr_line' id='line_1_77' title="bbox 1818 3292 3383 3364; baseline 0.004 -17"><span class='ocrx_word' id='word_1_600' title='bbox 1818 3294 2054 3351; x_wconf 74' lang='lat' dir='ltr'><strong>Niczenis</strong></span> <span class='ocrx_word' id='word_1_601' title='bbox 2076 3292 2329 3350; x_wconf 83' lang='lat' dir='ltr'><strong>Patribus</strong></span> <span class='ocrx_word' id='word_1_602' title='bbox 2353 3309 2544 3364; x_wconf 88' lang='lat' dir='ltr'><strong>parum</strong></span> <span class='ocrx_word' id='word_1_603' title='bbox 2581 3295 2782 3352; x_wconf 76' lang='lat' dir='ltr'><strong>lavisse</strong></span> <span class='ocrx_word' id='word_1_604' title='bbox 2800 3297 3069 3364; x_wconf 88' lang='lat' dir='ltr'><strong>videatur,</strong></span> <span class='ocrx_word' id='word_1_605' title='bbox 3097 3297 3277 3353; x_wconf 80' lang='lat' dir='ltr'><strong>verbis</strong></span> <span class='ocrx_word' id='word_1_606' title='bbox 3300 3298 3383 3353; x_wconf 87' lang='lat' dir='ltr'><strong>di-</strong></span> 
     </span>
    </p>
   </div>
   <div class='ocr_carea' id='block_1_78' title="bbox 1802 3388 3383 3460">
    <p class='ocr_par' dir='ltr' id='par_1_78' title="bbox 1802 3388 3383 3460">
     <span class='ocr_line' id='line_1_78' title="bbox 1802 3388 3383 3460; baseline 0.002 -19"><span class='ocrx_word' id='word_1_607' title='bbox 1802 3396 1962 3441; x_wconf 85' lang='lat' dir='ltr'><strong>serte</strong></span> <span class='ocrx_word' id='word_1_608' title='bbox 1986 3388 2218 3457; x_wconf 80' lang='lat' dir='ltr'><strong>explicat</strong></span> <span class='ocrx_word' id='word_1_609' title='bbox 2246 3388 2359 3458; x_wconf 90' lang='grc'><strong>(18)</strong></span> <span class='ocrx_word' id='word_1_610' title='bbox 2390 3407 2404 3443; x_wconf 87' lang='lat'><strong>:</strong></span> <span class='ocrx_word' id='word_1_611' title='bbox 2438 3406 2457 3441; x_wconf 74' lang='grc' dir='ltr'><strong>ι</strong></span> <span class='ocrx_word' id='word_1_612' title='bbox 2493 3389 2577 3444; x_wconf 82' lang='grc' dir='ltr'><strong>ΑΙ)</strong></span> <span class='ocrx_word' id='word_1_613' title='bbox 2598 3388 3001 3457; x_wconf 81' lang='lat' dir='ltr'><strong>vetustissimis,</strong></span> <span class='ocrx_word' id='word_1_614' title='bbox 3035 3390 3229 3460; x_wconf 89' lang='lat' dir='ltr'><strong>inquit,</strong></span> <span class='ocrx_word' id='word_1_615' title='bbox 3254 3390 3383 3445; x_wconf 85' lang='lat' dir='ltr'><strong>scri-</strong></span> 
     </span>
    </p>
   </div>
   <div class='ocr_carea' id='block_1_79' title="bbox 1796 3478 2192 3546">
    <p class='ocr_par' dir='ltr' id='par_1_79' title="bbox 1796 3478 2192 3546">
     <span class='ocr_line' id='line_1_79' title="bbox 1796 3478 2192 3546; baseline 0.005 -17"><span class='ocrx_word' id='word_1_616' title='bbox 1796 3478 2065 3546; x_wconf 81' lang='lat' dir='ltr'><strong>ptoribus</strong></span> <span class='ocrx_word' id='word_1_617' title='bbox 2090 3517 2103 3530; x_wconf 92' lang='lat'><strong>.</strong></span> <span class='ocrx_word' id='word_1_618' title='bbox 2133 3518 2147 3530; x_wconf 94' lang='lat'><strong>.</strong></span> <span class='ocrx_word' id='word_1_619' title='bbox 2177 3517 2192 3532; x_wconf 95' lang='lat'><strong>.</strong></span> 
     </span>
    </p>
   </div>
   <div class='ocr_carea' id='block_1_80' title="bbox 1800 3567 3383 3639">
    <p class='ocr_par' dir='ltr' id='par_1_80' title="bbox 1800 3567 3383 3639">
     <span class='ocr_line' id='line_1_80' title="bbox 1800 3567 3383 3639; baseline 0.004 -18"><span class='ocrx_word' id='word_1_620' title='bbox 1800 3569 1884 3622; x_wconf 33' lang='lat' dir='ltr'><strong>‘de</strong></span> <span class='ocrx_word' id='word_1_621' title='bbox 1905 3567 2174 3624; x_wconf 84' lang='lat' dir='ltr'><strong>Trinitate</strong></span> <span class='ocrx_word' id='word_1_622' title='bbox 2195 3570 2462 3639; x_wconf 79' lang='lat' dir='ltr'><strong>dogmatis</strong></span> <span class='ocrx_word' id='word_1_623' title='bbox 2492 3570 2838 3626; x_wconf 87' lang='lat' dir='ltr'><strong>insimulatus</strong></span> <span class='ocrx_word' id='word_1_624' title='bbox 2863 3582 2981 3626; x_wconf 74' lang='lat' dir='ltr'><strong>est.</strong></span> <span class='ocrx_word' id='word_1_625' title='bbox 2997 3590 3015 3622; x_wconf 76' lang='grc' dir='ltr'><strong>ι</strong></span> <span class='ocrx_word' id='word_1_626' title='bbox 3043 3571 3216 3637; x_wconf 89' lang='lat' dir='ltr'><strong>Quam</strong></span> <span class='ocrx_word' id='word_1_627' title='bbox 3240 3582 3383 3627; x_wconf 80' lang='lat' dir='ltr'><strong>recte</strong></span> 
     </span>
    </p>
   </div>
   <div class='ocr_carea' id='block_1_81' title="bbox 2236 3478 3383 3551">
    <p class='ocr_par' dir='ltr' id='par_1_81' title="bbox 2236 3478 3383 3551">
     <span class='ocr_line' id='line_1_81' title="bbox 2236 3478 3383 3551; baseline 0.003 -19"><span class='ocrx_word' id='word_1_628' title='bbox 2236 3492 2337 3533; x_wconf 89' lang='lat' dir='ltr'><strong>nec</strong></span> <span class='ocrx_word' id='word_1_629' title='bbox 2363 3478 2433 3532; x_wconf 87' lang='lat' dir='ltr'><strong>ab</strong></span> <span class='ocrx_word' id='word_1_630' title='bbox 2467 3479 2582 3534; x_wconf 91' lang='lat' dir='ltr'><strong>ullo</strong></span> <span class='ocrx_word' id='word_1_631' title='bbox 2611 3480 2857 3547; x_wconf 64' lang='lat' dir='ltr'><strong>haeresis,</strong></span> <span class='ocrx_word' id='word_1_632' title='bbox 2890 3479 3120 3551; x_wconf 76' lang='lat' dir='ltr'><strong>falsique</strong></span> <span class='ocrx_word' id='word_1_633' title='bbox 3149 3480 3383 3535; x_wconf 77' lang='lat' dir='ltr'><strong>maxime</strong></span> 
     </span>
    </p>
   </div>
   <div class='ocr_carea' id='block_1_82' title="bbox 1819 3659 3380 3726">
    <p class='ocr_par' dir='ltr' id='par_1_82' title="bbox 1819 3659 3380 3726">
     <span class='ocr_line' id='line_1_82' title="bbox 1819 3659 3380 3726; baseline 0.001 -14"><span class='ocrx_word' id='word_1_634' title='bbox 1819 3674 1949 3713; x_wconf 87' lang='lat' dir='ltr'><strong>vero</strong></span> <span class='ocrx_word' id='word_1_635' title='bbox 1973 3659 2237 3714; x_wconf 83' lang='lat' dir='ltr'><strong>dedivina</strong></span> <span class='ocrx_word' id='word_1_636' title='bbox 2268 3659 2429 3713; x_wconf 82' lang='lat' dir='ltr'><strong>Verbi</strong></span> <span class='ocrx_word' id='word_1_637' title='bbox 2461 3671 2651 3714; x_wconf 84' lang='lat' dir='ltr'><strong>natura</strong></span> <span class='ocrx_word' id='word_1_638' title='bbox 2686 3662 2773 3714; x_wconf 88' lang='lat' dir='ltr'><strong>ille</strong></span> <span class='ocrx_word' id='word_1_639' title='bbox 2801 3661 3056 3726; x_wconf 86' lang='lat' dir='ltr'><strong>senserit,</strong></span> <span class='ocrx_word' id='word_1_640' title='bbox 3087 3676 3247 3714; x_wconf 85' lang='lat' dir='ltr'><strong>nemo</strong></span> <span class='ocrx_word' id='word_1_641' title='bbox 3276 3662 3380 3716; x_wconf 89' lang='lat' dir='ltr'><strong>nisi</strong></span> 
     </span>
    </p>
   </div>
   <div class='ocr_carea' id='block_1_83' title="bbox 1820 3748 3382 3803">
    <p class='ocr_par' dir='ltr' id='par_1_83' title="bbox 1820 3748 3382 3803">
     <span class='ocr_line' id='line_1_83' title="bbox 1820 3748 3382 3803; baseline -0.001 -2"><span class='ocrx_word' id='word_1_642' title='bbox 1820 3748 2129 3803; x_wconf 65' lang='lat' dir='ltr'><strong>Sucinianaa</strong></span> <span class='ocrx_word' id='word_1_643' title='bbox 2170 3763 2233 3802; x_wconf 87' lang='lat' dir='ltr'><strong>ac</strong></span> <span class='ocrx_word' id='word_1_644' title='bbox 2272 3748 2693 3803; x_wconf 73' lang='lat' dir='ltr'><strong>dementissima:</strong></span> <span class='ocrx_word' id='word_1_645' title='bbox 2734 3750 3054 3803; x_wconf 83' lang='lat' dir='ltr'><strong>temeritatis</strong></span> <span class='ocrx_word' id='word_1_646' title='bbox 3082 3750 3244 3803; x_wconf 87' lang='lat' dir='ltr'><strong>homo</strong></span> <span class='ocrx_word' id='word_1_647' title='bbox 3283 3765 3382 3801; x_wconf 86' lang='lat' dir='ltr'><strong>ttu-</strong></span> 
     </span>
    </p>
   </div>
   <div class='ocr_carea' id='block_1_84' title="bbox 1817 3838 3379 3909">
    <p class='ocr_par' dir='ltr' id='par_1_84' title="bbox 1817 3838 3379 3909">
     <span class='ocr_line' id='line_1_84' title="bbox 1817 3838 3379 3909; baseline -0.001 -16"><span class='ocrx_word' id='word_1_648' title='bbox 1817 3856 1980 3909; x_wconf 86' lang='lat' dir='ltr'><strong>quam</strong></span> <span class='ocrx_word' id='word_1_649' title='bbox 2037 3839 2330 3909; x_wconf 76' lang='lat' dir='ltr'><strong>negaverit.</strong></span> <span class='ocrx_word' id='word_1_650' title='bbox 2372 3838 2510 3904; x_wconf 86' lang='lat' dir='ltr'><strong>Quid</strong></span> <span class='ocrx_word' id='word_1_651' title='bbox 2560 3840 2705 3894; x_wconf 86' lang='lat' dir='ltr'><strong>enim</strong></span> <span class='ocrx_word' id='word_1_652' title='bbox 2762 3842 2947 3909; x_wconf 70' lang='lat' dir='ltr'><strong>Quaeso</strong></span> <span class='ocrx_word' id='word_1_653' title='bbox 2992 3840 3062 3893; x_wconf 87' lang='lat' dir='ltr'><strong>ad</strong></span> <span class='ocrx_word' id='word_1_654' title='bbox 3110 3854 3379 3894; x_wconf 87' lang='lat' dir='ltr'><strong>summam</strong></span> 
     </span>
    </p>
   </div>
   <div class='ocr_carea' id='block_1_85' title="bbox 1824 3931 3379 4001">
    <p class='ocr_par' dir='ltr' id='par_1_85' title="bbox 1824 3931 3379 4001">
     <span class='ocr_line' id='line_1_85' title="bbox 1824 3931 3379 4001; baseline 0.001 -18"><span class='ocrx_word' id='word_1_655' title='bbox 1824 3931 1980 3985; x_wconf 85' lang='lat' dir='ltr'><strong>Verbi</strong></span> <span class='ocrx_word' id='word_1_656' title='bbox 2006 3932 2343 3986; x_wconf 82' lang='lat' dir='ltr'><strong>divinitatem</strong></span> <span class='ocrx_word' id='word_1_657' title='bbox 2389 3932 2547 4001; x_wconf 86' lang='lat' dir='ltr'><strong>plane</strong></span> <span class='ocrx_word' id='word_1_658' title='bbox 2588 3932 2969 3986; x_wconf 85' lang='lat' dir='ltr'><strong>declarandam</strong></span> <span class='ocrx_word' id='word_1_659' title='bbox 3011 3932 3095 3986; x_wconf 87' lang='lat' dir='ltr'><strong>his</strong></span> <span class='ocrx_word' id='word_1_660' title='bbox 3138 3932 3379 3985; x_wconf 87' lang='lat' dir='ltr'><strong>auctoris</strong></span> 
     </span>
    </p>
   </div>
   <div class='ocr_carea' id='block_1_86' title="bbox 1817 4018 3379 4088">
    <p class='ocr_par' dir='ltr' id='par_1_86' title="bbox 1817 4018 3379 4088">
     <span class='ocr_line' id='line_1_86' title="bbox 1817 4018 3379 4088; baseline -0.003 -13"><span class='ocrx_word' id='word_1_661' title='bbox 1817 4021 1988 4075; x_wconf 87' lang='lat' dir='ltr'><strong>nostri</strong></span> <span class='ocrx_word' id='word_1_662' title='bbox 2036 4020 2214 4075; x_wconf 85' lang='lat' dir='ltr'><strong>verbis</strong></span> <span class='ocrx_word' id='word_1_663' title='bbox 2260 4020 2465 4075; x_wconf 89' lang='lat' dir='ltr'><strong>clarius</strong></span> <span class='ocrx_word' id='word_1_664' title='bbox 2500 4029 2554 4074; x_wconf 91' lang='lat' dir='ltr'><strong>et</strong></span> <span class='ocrx_word' id='word_1_665' title='bbox 2598 4019 2924 4073; x_wconf 82' lang='lat' dir='ltr'><strong>dilucidius?</strong></span> <span class='ocrx_word' id='word_1_666' title='bbox 2954 4018 3129 4073; x_wconf 82' lang='lat' dir='ltr'><strong>Filius</strong></span> <span class='ocrx_word' id='word_1_667' title='bbox 3166 4020 3379 4088; x_wconf 84' lang='lat' dir='ltr'><strong>quidem</strong></span> 
     </span>
    </p>
   </div>
   <div class='ocr_carea' id='block_1_87' title="bbox 1812 4111 3378 4181">
    <p class='ocr_par' dir='ltr' id='par_1_87' title="bbox 1812 4111 3378 4181">
     <span class='ocr_line' id='line_1_87' title="bbox 1812 4111 3378 4181; baseline -0.002 -15"><span class='ocrx_word' id='word_1_668' title='bbox 1812 4114 1912 4167; x_wconf 88' lang='lat' dir='ltr'><strong>Dei</strong></span> <span class='ocrx_word' id='word_1_669' title='bbox 1948 4114 2090 4166; x_wconf 86' lang='lat' dir='ltr'><strong>omni</strong></span> <span class='ocrx_word' id='word_1_670' title='bbox 2134 4122 2375 4166; x_wconf 84' lang='lat' dir='ltr'><strong>creatura</strong></span> <span class='ocrx_word' id='word_1_671' title='bbox 2411 4112 2679 4181; x_wconf 83' lang='lat' dir='ltr'><strong>antiquior</strong></span> <span class='ocrx_word' id='word_1_672' title='bbox 2720 4123 2828 4175; x_wconf 89' lang='lat' dir='ltr'><strong>est,</strong></span> <span class='ocrx_word' id='word_1_673' title='bbox 2860 4113 2961 4177; x_wconf 84' lang='lat' dir='ltr'><strong>ita,</strong></span> <span class='ocrx_word' id='word_1_674' title='bbox 2990 4120 3043 4164; x_wconf 91' lang='lat' dir='ltr'><strong>ut</strong></span> <span class='ocrx_word' id='word_1_675' title='bbox 3074 4112 3130 4164; x_wconf 85' lang='lat' dir='ltr'><strong>in</strong></span> <span class='ocrx_word' id='word_1_676' title='bbox 3158 4111 3378 4165; x_wconf 86' lang='lat' dir='ltr'><strong>consilio</strong></span> 
     </span>
    </p>
   </div>
   <div class='ocr_carea' id='block_1_88' title="bbox 1819 4201 3376 4274">
    <p class='ocr_par' dir='ltr' id='par_1_88' title="bbox 1819 4201 3376 4274">
     <span class='ocr_line' id='line_1_88' title="bbox 1819 4201 3376 4274; baseline -0.001 -16"><span class='ocrx_word' id='word_1_677' title='bbox 1819 4206 1971 4259; x_wconf 84' lang='lat' dir='ltr'><strong>Patri</strong></span> <span class='ocrx_word' id='word_1_678' title='bbox 2019 4222 2113 4259; x_wconf 88' lang='lat' dir='ltr'><strong>suo</strong></span> <span class='ocrx_word' id='word_1_679' title='bbox 2143 4206 2374 4274; x_wconf 76' lang='lat' dir='ltr'><strong>adfuerit</strong></span> <span class='ocrx_word' id='word_1_680' title='bbox 2421 4206 2489 4257; x_wconf 89' lang='lat' dir='ltr'><strong>ad</strong></span> <span class='ocrx_word' id='word_1_681' title='bbox 2534 4204 2858 4257; x_wconf 79' lang='lat' dir='ltr'><strong>condendam</strong></span> <span class='ocrx_word' id='word_1_682' title='bbox 2902 4214 3198 4257; x_wconf 80' lang='lat' dir='ltr'><strong>creaturam</strong></span> <span class='ocrx_word' id='word_1_683' title='bbox 3243 4201 3376 4271; x_wconf 66' lang='lat' dir='ltr'><strong>(l9).</strong></span> 
     </span>
    </p>
   </div>
   <div class='ocr_carea' id='block_1_89' title="bbox 1818 4296 3376 4366">
    <p class='ocr_par' dir='ltr' id='par_1_89' title="bbox 1818 4296 3376 4366">
     <span class='ocr_line' id='line_1_89' title="bbox 1818 4296 3376 4366; baseline -0.001 -15"><span class='ocrx_word' id='word_1_684' title='bbox 1818 4298 1920 4364; x_wconf 85' lang='lat' dir='ltr'><strong>Qui</strong></span> <span class='ocrx_word' id='word_1_685' title='bbox 1953 4296 2149 4352; x_wconf 83' lang='lat' dir='ltr'><strong>F.1ium</strong></span> <span class='ocrx_word' id='word_1_686' title='bbox 2189 4297 2285 4351; x_wconf 86' lang='lat' dir='ltr'><strong>Dei</strong></span> <span class='ocrx_word' id='word_1_687' title='bbox 2330 4297 2478 4351; x_wconf 91' lang='lat' dir='ltr'><strong>omni</strong></span> <span class='ocrx_word' id='word_1_688' title='bbox 2521 4310 2770 4351; x_wconf 84' lang='lat' dir='ltr'><strong>creatura</strong></span> <span class='ocrx_word' id='word_1_689' title='bbox 2815 4297 2947 4352; x_wconf 89' lang='lat' dir='ltr'><strong>dicit</strong></span> <span class='ocrx_word' id='word_1_690' title='bbox 2987 4297 3376 4366; x_wconf 83' lang='lat' dir='ltr'><strong>antiquiorem,</strong></span> 
     </span>
    </p>
   </div>
   <div class='ocr_carea' id='block_1_90' title="bbox 141 4383 3375 4462">
    <p class='ocr_par' dir='ltr' id='par_1_90' title="bbox 141 4383 3375 4462">
     <span class='ocr_line' id='line_1_90' title="bbox 141 4383 3375 4462; baseline -0.003 -14"><span class='ocrx_word' id='word_1_691' title='bbox 141 4394 502 4451; x_wconf 78' lang='lat' dir='ltr'><strong>similitudine</strong></span> <span class='ocrx_word' id='word_1_692' title='bbox 532 4394 744 4450; x_wconf 64' lang='lat' dir='ltr'><strong>Hermas</strong></span> <span class='ocrx_word' id='word_1_693' title='bbox 784 4395 839 4448; x_wconf 87' lang='lat' dir='ltr'><strong>in</strong></span> <span class='ocrx_word' id='word_1_694' title='bbox 871 4394 972 4447; x_wconf 85' lang='lat' dir='ltr'><strong>hoc</strong></span> <span class='ocrx_word' id='word_1_695' title='bbox 1013 4407 1176 4462; x_wconf 89' lang='lat' dir='ltr'><strong>opere</strong></span> <span class='ocrx_word' id='word_1_696' title='bbox 1231 4391 1455 4460; x_wconf 74' lang='lat' dir='ltr'><strong>exponit</strong></span> <span class='ocrx_word' id='word_1_697' title='bbox 1495 4388 1704 4443; x_wconf 78' lang='lat' dir='ltr'><strong>Pastor.</strong></span> <span class='ocrx_word' id='word_1_698' title='bbox 1740 4383 1785 4439; x_wconf 77' lang='grc' dir='ltr'><strong>Ι)</strong></span> <span class='ocrx_word' id='word_1_699' title='bbox 1814 4392 1862 4446; x_wconf 87' lang='lat' dir='ltr'><strong>is</strong></span> <span class='ocrx_word' id='word_1_700' title='bbox 1884 4401 2031 4445; x_wconf 83' lang='lat' dir='ltr'><strong>certe</strong></span> <span class='ocrx_word' id='word_1_701' title='bbox 2056 4406 2180 4445; x_wconf 85' lang='lat' dir='ltr'><strong>eum</strong></span> <span class='ocrx_word' id='word_1_702' title='bbox 2220 4399 2374 4445; x_wconf 76' lang='lat' dir='ltr'><strong>extra</strong></span> <span class='ocrx_word' id='word_1_703' title='bbox 2405 4398 2779 4445; x_wconf 80' lang='lat' dir='ltr'><strong>creaturarum</strong></span> <span class='ocrx_word' id='word_1_704' title='bbox 2811 4390 3058 4444; x_wconf 85' lang='lat' dir='ltr'><strong>omnium</strong></span> <span class='ocrx_word' id='word_1_705' title='bbox 3085 4404 3375 4444; x_wconf 81' lang='lat' dir='ltr'><strong>numerum</strong></span> 
     </span>
    </p>
   </div>
   <div class='ocr_carea' id='block_1_91' title="bbox 144 4482 1702 4557">
    <p class='ocr_par' dir='ltr' id='par_1_91' title="bbox 144 4482 1702 4557">
     <span class='ocr_line' id='line_1_91' title="bbox 144 4482 1702 4557; baseline 0 -23"><span class='ocrx_word' id='word_1_706' title='bbox 144 4483 390 4541; x_wconf 81' lang='lat' dir='ltr'><strong>Dominus</strong></span> <span class='ocrx_word' id='word_1_707' title='bbox 432 4487 632 4557; x_wconf 79' lang='lat' dir='ltr'><strong>fundi,</strong></span> <span class='ocrx_word' id='word_1_708' title='bbox 674 4485 852 4555; x_wconf 88' lang='lat' dir='ltr'><strong>inquit</strong></span> <span class='ocrx_word' id='word_1_709' title='bbox 891 4484 1038 4555; x_wconf 85' lang='grc'><strong>(15),</strong></span> <span class='ocrx_word' id='word_1_710' title='bbox 1069 4483 1464 4536; x_wconf 83' lang='lat' dir='ltr'><strong>demonstratur</strong></span> <span class='ocrx_word' id='word_1_711' title='bbox 1492 4497 1604 4535; x_wconf 84' lang='lat' dir='ltr'><strong>esse</strong></span> <span class='ocrx_word' id='word_1_712' title='bbox 1626 4482 1702 4546; x_wconf 84' lang='lat' dir='ltr'><strong>is,</strong></span> 
     </span>
    </p>
   </div>
   <div class='ocr_carea' id='block_1_92' title="bbox 137 4572 1708 4644">
    <p class='ocr_par' dir='ltr' id='par_1_92' title="bbox 137 4572 1708 4644">
     <span class='ocr_line' id='line_1_92' title="bbox 137 4572 1708 4644; baseline 0 -17"><span class='ocrx_word' id='word_1_713' title='bbox 137 4578 221 4644; x_wconf 85' lang='lat' dir='ltr'><strong>qui</strong></span> <span class='ocrx_word' id='word_1_714' title='bbox 245 4581 447 4633; x_wconf 83' lang='lat' dir='ltr'><strong>creavit</strong></span> <span class='ocrx_word' id='word_1_715' title='bbox 474 4588 685 4641; x_wconf 80' lang='lat' dir='ltr'><strong>cuncta,</strong></span> <span class='ocrx_word' id='word_1_716' title='bbox 710 4586 761 4631; x_wconf 87' lang='lat' dir='ltr'><strong>et</strong></span> <span class='ocrx_word' id='word_1_717' title='bbox 785 4577 928 4630; x_wconf 80' lang='lat' dir='ltr'><strong>dedit</strong></span> <span class='ocrx_word' id='word_1_718' title='bbox 964 4575 1072 4629; x_wconf 88' lang='lat' dir='ltr'><strong>illis</strong></span> <span class='ocrx_word' id='word_1_719' title='bbox 1105 4576 1369 4629; x_wconf 77' lang='lat' dir='ltr'><strong>uirtutem.</strong></span> <span class='ocrx_word' id='word_1_720' title='bbox 1404 4572 1581 4627; x_wconf 83' lang='lat' dir='ltr'><strong>Filius</strong></span> <span class='ocrx_word' id='word_1_721' title='bbox 1607 4590 1708 4627; x_wconf 82' lang='lat' dir='ltr'><strong>au-</strong></span> 
     </span>
    </p>
   </div>
   <div class='ocr_carea' id='block_1_93' title="bbox 140 4665 1709 4741">
    <p class='ocr_par' dir='ltr' id='par_1_93' title="bbox 140 4665 1709 4741">
     <span class='ocr_line' id='line_1_93' title="bbox 140 4665 1709 4741; baseline -0.003 -20"><span class='ocrx_word' id='word_1_722' title='bbox 140 4681 235 4722; x_wconf 86' lang='lat' dir='ltr'><strong>tem</strong></span> <span class='ocrx_word' id='word_1_723' title='bbox 264 4672 510 4741; x_wconf 87' lang='lat' dir='ltr'><strong>Spiritus</strong></span> <span class='ocrx_word' id='word_1_724' title='bbox 542 4680 754 4725; x_wconf 85' lang='lat' dir='ltr'><strong>sanctus</strong></span> <span class='ocrx_word' id='word_1_725' title='bbox 787 4679 884 4724; x_wconf 87' lang='lat' dir='ltr'><strong>est.</strong></span> <span class='ocrx_word' id='word_1_726' title='bbox 920 4668 1108 4723; x_wconf 81' lang='lat' dir='ltr'><strong>Seruus</strong></span> <span class='ocrx_word' id='word_1_727' title='bbox 1145 4684 1260 4721; x_wconf 82' lang='lat' dir='ltr'><strong>vero</strong></span> <span class='ocrx_word' id='word_1_728' title='bbox 1289 4667 1379 4720; x_wconf 86' lang='lat' dir='ltr'><strong>ille</strong></span> <span class='ocrx_word' id='word_1_729' title='bbox 1410 4666 1580 4720; x_wconf 82' lang='lat' dir='ltr'><strong>Filius</strong></span> <span class='ocrx_word' id='word_1_730' title='bbox 1617 4665 1709 4718; x_wconf 88' lang='lat' dir='ltr'><strong>Dei</strong></span> 
     </span>
    </p>
   </div>
   <div class='ocr_carea' id='block_1_94' title="bbox 133 4758 1715 4820">
    <p class='ocr_par' dir='ltr' id='par_1_94' title="bbox 133 4758 1715 4820">
     <span class='ocr_line' id='line_1_94' title="bbox 133 4758 1715 4820; baseline -0.003 -5"><span class='ocrx_word' id='word_1_731' title='bbox 133 4773 228 4817; x_wconf 87' lang='lat' dir='ltr'><strong>est.</strong></span> <span class='ocrx_word' id='word_1_732' title='bbox 256 4764 373 4819; x_wconf 86' lang='lat' dir='ltr'><strong>Cur</strong></span> <span class='ocrx_word' id='word_1_733' title='bbox 411 4775 604 4820; x_wconf 80' lang='lat' dir='ltr'><strong>autem</strong></span> <span class='ocrx_word' id='word_1_734' title='bbox 635 4762 860 4818; x_wconf 84' lang='lat' dir='ltr'><strong>Hermas</strong></span> <span class='ocrx_word' id='word_1_735' title='bbox 904 4762 1005 4817; x_wconf 87' lang='lat' dir='ltr'><strong>hoc</strong></span> <span class='ocrx_word' id='word_1_736' title='bbox 1047 4762 1168 4816; x_wconf 87' lang='lat' dir='ltr'><strong>loco</strong></span> <span class='ocrx_word' id='word_1_737' title='bbox 1198 4760 1395 4813; x_wconf 84' lang='lat' dir='ltr'><strong>Filium</strong></span> <span class='ocrx_word' id='word_1_738' title='bbox 1441 4759 1535 4812; x_wconf 85' lang='lat' dir='ltr'><strong>Dei</strong></span> <span class='ocrx_word' id='word_1_739' title='bbox 1569 4758 1715 4811; x_wconf 81' lang='lat' dir='ltr'><strong>dicat</strong></span> 
     </span>
    </p>
   </div>
   <div class='ocr_carea' id='block_1_95' title="bbox 136 4850 1709 4928">
    <p class='ocr_par' dir='ltr' id='par_1_95' title="bbox 136 4850 1709 4928">
     <span class='ocr_line' id='line_1_95' title="bbox 136 4850 1709 4928; baseline -0.004 -18"><span class='ocrx_word' id='word_1_740' title='bbox 136 4868 348 4911; x_wconf 79' lang='lat' dir='ltr'><strong>servum</strong></span> <span class='ocrx_word' id='word_1_741' title='bbox 367 4858 397 4910; x_wconf 30' lang='lat'><strong>?‘</strong></span> <span class='ocrx_word' id='word_1_742' title='bbox 416 4872 619 4928; x_wconf 83' lang='lat' dir='ltr'><strong>nempe</strong></span> <span class='ocrx_word' id='word_1_743' title='bbox 640 4855 855 4909; x_wconf 80' lang='lat' dir='ltr'><strong>ratione</strong></span> <span class='ocrx_word' id='word_1_744' title='bbox 875 4859 1124 4909; x_wconf 71' lang='lat' dir='ltr'><strong>humanae</strong></span> <span class='ocrx_word' id='word_1_745' title='bbox 1146 4861 1379 4917; x_wconf 61' lang='lat' dir='ltr'><strong>naturae;</strong></span> <span class='ocrx_word' id='word_1_746' title='bbox 1404 4861 1457 4906; x_wconf 86' lang='lat' dir='ltr'><strong>et</strong></span> <span class='ocrx_word' id='word_1_747' title='bbox 1482 4850 1584 4905; x_wconf 92' lang='lat' dir='ltr'><strong>sub</strong></span> <span class='ocrx_word' id='word_1_748' title='bbox 1606 4864 1709 4919; x_wconf 90' lang='lat' dir='ltr'><strong>qua</strong></span> 
     </span>
    </p>
   </div>
   <div class='ocr_carea' id='block_1_96' title="bbox 198 4966 1460 5034">
    <p class='ocr_par' dir='ltr' id='par_1_96' title="bbox 198 4966 1460 5034">
     <span class='ocr_line' id='line_1_96' title="bbox 198 4966 1460 5034; baseline -0.007 -7"><span class='ocrx_word' id='word_1_749' title='bbox 198 4971 317 5027; x_wconf 60' lang='lat'><strong>&#39;3.&quot;</strong></span> <span class='ocrx_word' id='word_1_750' title='bbox 353 4972 557 5026; x_wconf 76' lang='lat' dir='ltr'><strong>Matth.</strong></span> <span class='ocrx_word' id='word_1_751' title='bbox 588 4985 781 5034; x_wconf 81' lang='lat' dir='ltr'><strong>xxvttt,</strong></span> <span class='ocrx_word' id='word_1_752' title='bbox 813 4967 904 5023; x_wconf 81' lang='lat'><strong>20.</strong></span> <span class='ocrx_word' id='word_1_753' title='bbox 968 4968 1015 4999; x_wconf 82' lang='lat'><strong><em>“</em></strong></span> <span class='ocrx_word' id='word_1_754' title='bbox 1040 4967 1197 5022; x_wconf 83' lang='lat' dir='ltr'><strong>Joan.</strong></span> <span class='ocrx_word' id='word_1_755' title='bbox 1227 4982 1339 5031; x_wconf 79' lang='lat' dir='ltr'><strong>xw,</strong></span> <span class='ocrx_word' id='word_1_756' title='bbox 1374 4966 1460 5019; x_wconf 84' lang='grc'><strong>16.</strong></span> 
     </span>
    </p>
   </div>
   <div class='ocr_carea' id='block_1_97' title="bbox 201 5141 1705 5215">
    <p class='ocr_par' dir='ltr' id='par_1_97' title="bbox 201 5141 1705 5215">
     <span class='ocr_line' id='line_1_97' title="bbox 201 5141 1705 5215; baseline -0.005 -14"><span class='ocrx_word' id='word_1_757' title='bbox 201 5149 316 5215; x_wconf 79' lang='grc'><strong>(15)</strong></span> <span class='ocrx_word' id='word_1_758' title='bbox 346 5148 619 5213; x_wconf 78' lang='lat' dir='ltr'><strong>Hermas,</strong></span> <span class='ocrx_word' id='word_1_759' title='bbox 669 5146 953 5203; x_wconf 87' lang='lat' dir='ltr'><strong>similitud.</strong></span> <span class='ocrx_word' id='word_1_760' title='bbox 1008 5164 1091 5207; x_wconf 77' lang='lat' dir='ltr'><strong>Ix,</strong></span> <span class='ocrx_word' id='word_1_761' title='bbox 1131 5160 1182 5199; x_wconf 93' lang='lat' dir='ltr'><strong>c.</strong></span> <span class='ocrx_word' id='word_1_762' title='bbox 1218 5143 1291 5197; x_wconf 79' lang='lat'><strong>25</strong></span> <span class='ocrx_word' id='word_1_763' title='bbox 1323 5158 1337 5195; x_wconf 90' lang='lat'><strong>:</strong></span> <span class='ocrx_word' id='word_1_764' title='bbox 1376 5141 1543 5215; x_wconf 64' lang='lat' dir='ltr'><strong>Hanno</strong></span> <span class='ocrx_word' id='word_1_765' title='bbox 1588 5156 1705 5194; x_wconf 69' lang='lat' dir='ltr'><strong>vero</strong></span> 
     </span>
    </p>
   </div>
   <div class='ocr_carea' id='block_1_98' title="bbox 133 5213 1707 5287">
    <p class='ocr_par' dir='ltr' id='par_1_98' title="bbox 133 5213 1707 5287">
     <span class='ocr_line' id='line_1_98' title="bbox 133 5213 1707 5287; baseline -0.003 -18"><span class='ocrx_word' id='word_1_766' title='bbox 133 5213 251 5269; x_wconf 76' lang='lat' dir='ltr'><strong>cum</strong></span> <span class='ocrx_word' id='word_1_767' title='bbox 274 5221 348 5271; x_wconf 85' lang='lat' dir='ltr'><strong>sit</strong></span> <span class='ocrx_word' id='word_1_768' title='bbox 385 5220 695 5287; x_wconf 67' lang='lat' dir='ltr'><strong>lastguidtss,</strong></span> <span class='ocrx_word' id='word_1_769' title='bbox 714 5217 973 5278; x_wconf 84' lang='lat' dir='ltr'><strong>mortalis,</strong></span> <span class='ocrx_word' id='word_1_770' title='bbox 1001 5217 1329 5287; x_wconf 70' lang='lat' dir='ltr'><strong>inﬁrmus,et</strong></span> <span class='ocrx_word' id='word_1_771' title='bbox 1354 5213 1575 5287; x_wconf 80' lang='lat' dir='ltr'><strong>repletus</strong></span> <span class='ocrx_word' id='word_1_772' title='bbox 1596 5228 1707 5279; x_wconf 85' lang='lat' dir='ltr'><strong>pec-</strong></span> 
     </span>
    </p>
   </div>
   <div class='ocr_carea' id='block_1_99' title="bbox 130 5283 1703 5358">
    <p class='ocr_par' dir='ltr' id='par_1_99' title="bbox 130 5283 1703 5358">
     <span class='ocr_line' id='line_1_99' title="bbox 130 5283 1703 5358; baseline -0.004 -18"><span class='ocrx_word' id='word_1_773' title='bbox 130 5292 286 5358; x_wconf 56' lang='lat' dir='ltr'><strong>catis,</strong></span> <span class='ocrx_word' id='word_1_774' title='bbox 314 5283 528 5343; x_wconf 75' lang='lat' dir='ltr'><strong>homini</strong></span> <span class='ocrx_word' id='word_1_775' title='bbox 555 5296 937 5358; x_wconf 83' lang='lat' dir='ltr'><strong>perseveranter</strong></span> <span class='ocrx_word' id='word_1_776' title='bbox 964 5283 1232 5341; x_wconf 76' lang='lat' dir='ltr'><strong>irascitur.</strong></span> <span class='ocrx_word' id='word_1_777' title='bbox 1257 5283 1457 5337; x_wconf 80' lang='lat' dir='ltr'><strong>Confer</strong></span> <span class='ocrx_word' id='word_1_778' title='bbox 1478 5299 1527 5336; x_wconf 89' lang='lat' dir='ltr'><strong>c.</strong></span> <span class='ocrx_word' id='word_1_779' title='bbox 1575 5297 1703 5335; x_wconf 76' lang='lat' dir='ltr'><strong>xvttt</strong></span> 
     </span>
    </p>
   </div>
   <div class='ocr_carea' id='block_1_100' title="bbox 132 5355 825 5421">
    <p class='ocr_par' dir='ltr' id='par_1_100' title="bbox 132 5355 825 5421">
     <span class='ocr_line' id='line_1_100' title="bbox 132 5355 825 5421; baseline -0.001 -10"><span class='ocrx_word' id='word_1_780' title='bbox 132 5355 538 5421; x_wconf 75' lang='lat' dir='ltr'><strong>Eoclesiastici,</strong></span> <span class='ocrx_word' id='word_1_781' title='bbox 556 5355 704 5413; x_wconf 41' lang='lat' dir='ltr'><strong>&#39;vcrs.</strong></span> <span class='ocrx_word' id='word_1_782' title='bbox 733 5358 825 5411; x_wconf 61' lang='lat'><strong>24.</strong></span> 
     </span>
    </p>
   </div>
   <div class='ocr_carea' id='block_1_101' title="bbox 201 5423 1737 5497">
    <p class='ocr_par' dir='ltr' id='par_1_101' title="bbox 201 5423 1737 5497">
     <span class='ocr_line' id='line_1_101' title="bbox 201 5423 1737 5497; baseline -0.007 -12"><span class='ocrx_word' id='word_1_783' title='bbox 201 5429 317 5497; x_wconf 71' lang='grc' dir='ltr'><strong>(ιι)</strong></span> <span class='ocrx_word' id='word_1_784' title='bbox 347 5428 427 5481; x_wconf 83' lang='lat' dir='ltr'><strong>La</strong></span> <span class='ocrx_word' id='word_1_785' title='bbox 442 5429 609 5482; x_wconf 87' lang='lat' dir='ltr'><strong>rdner</strong></span> <span class='ocrx_word' id='word_1_786' title='bbox 639 5427 705 5481; x_wconf 87' lang='lat' dir='ltr'><strong>In</strong></span> <span class='ocrx_word' id='word_1_787' title='bbox 749 5429 841 5480; x_wconf 88' lang='lat' dir='ltr'><strong>der</strong></span> <span class='ocrx_word' id='word_1_788' title='bbox 880 5423 1359 5497; x_wconf 70' lang='lat' dir='ltr'><strong>Glaubtct&#39;trdiglteit</strong></span> <span class='ocrx_word' id='word_1_789' title='bbox 1372 5423 1464 5497; x_wconf 82' lang='lat' dir='ltr'><strong>der</strong></span> <span class='ocrx_word' id='word_1_790' title='bbox 1488 5437 1704 5490; x_wconf 84' lang='lat' dir='ltr'><strong>evange-</strong></span> <span class='ocrx_word' id='word_1_791' title='bbox 1734 5426 1737 5429; x_wconf 86' lang='grc'><em>’</em></span> 
     </span>
    </p>
   </div>
   <div class='ocr_carea' id='block_1_102' title="bbox 127 5481 1423 5566">
    <p class='ocr_par' dir='ltr' id='par_1_102' title="bbox 127 5481 1423 5566">
     <span class='ocr_line' id='line_1_102' title="bbox 127 5481 1423 5566; baseline 0.001 -19"><span class='ocrx_word' id='word_1_792' title='bbox 127 5481 325 5551; x_wconf 73' lang='lat' dir='ltr'><strong>lisclten</strong></span> <span class='ocrx_word' id='word_1_793' title='bbox 352 5481 681 5561; x_wconf 75' lang='lat' dir='ltr'><strong>Geschichte,</strong></span> <span class='ocrx_word' id='word_1_794' title='bbox 714 5514 764 5566; x_wconf 92' lang='lat' dir='ltr'><strong>p.</strong></span> <span class='ocrx_word' id='word_1_795' title='bbox 796 5513 855 5561; x_wconf 87' lang='lat' dir='ltr'><strong>tt,</strong></span> <span class='ocrx_word' id='word_1_796' title='bbox 889 5507 1018 5549; x_wconf 87' lang='lat' dir='ltr'><strong>tom.</strong></span> <span class='ocrx_word' id='word_1_797' title='bbox 1048 5496 1087 5558; x_wconf 89' lang='grc'><strong>1,</strong></span> <span class='ocrx_word' id='word_1_798' title='bbox 1119 5511 1173 5565; x_wconf 89' lang='lat' dir='ltr'><strong>p.</strong></span> <span class='ocrx_word' id='word_1_799' title='bbox 1198 5481 1423 5566; x_wconf 12' lang='lat'><strong>8.04701.</strong></span> 
     </span>
    </p>
   </div>
   <div class='ocr_carea' id='block_1_103' title="bbox 200 5565 1352 5633">
    <p class='ocr_par' dir='ltr' id='par_1_103' title="bbox 200 5565 1352 5633">
     <span class='ocr_line' id='line_1_103' title="bbox 200 5565 1352 5633; baseline -0.003 -13"><span class='ocrx_word' id='word_1_800' title='bbox 200 5570 316 5633; x_wconf 78' lang='grc'><strong>(15)</strong></span> <span class='ocrx_word' id='word_1_801' title='bbox 350 5566 570 5621; x_wconf 62' lang='lat' dir='ltr'><strong>Hermas</strong></span> <span class='ocrx_word' id='word_1_802' title='bbox 596 5565 807 5630; x_wconf 81' lang='lat' dir='ltr'><strong>Pastor,</strong></span> <span class='ocrx_word' id='word_1_803' title='bbox 834 5567 1115 5621; x_wconf 87' lang='lat' dir='ltr'><strong>similitttd.</strong></span> <span class='ocrx_word' id='word_1_804' title='bbox 1145 5582 1195 5629; x_wconf 79' lang='grc' dir='ltr'><strong>ν,</strong></span> <span class='ocrx_word' id='word_1_805' title='bbox 1220 5581 1268 5619; x_wconf 91' lang='lat' dir='ltr'><strong>c.</strong></span> <span class='ocrx_word' id='word_1_806' title='bbox 1300 5565 1352 5618; x_wconf 77' lang='grc'><strong>5.</strong></span> 
     </span>
    </p>
   </div>
   <div class='ocr_carea' id='block_1_104' title="bbox 196 5632 1703 5709">
    <p class='ocr_par' dir='ltr' id='par_1_104' title="bbox 196 5632 1703 5709">
     <span class='ocr_line' id='line_1_104' title="bbox 196 5632 1703 5709; baseline -0.003 -18"><span class='ocrx_word' id='word_1_807' title='bbox 196 5638 315 5709; x_wconf 70' lang='grc'><strong>(16)</strong></span> <span class='ocrx_word' id='word_1_808' title='bbox 351 5638 603 5706; x_wconf 79' lang='lat' dir='ltr'><strong>Defensio</strong></span> <span class='ocrx_word' id='word_1_809' title='bbox 632 5638 755 5707; x_wconf 74' lang='lat' dir='ltr'><strong>[idet</strong></span> <span class='ocrx_word' id='word_1_810' title='bbox 787 5636 1039 5702; x_wconf 71' lang='lat' dir='ltr'><strong>Nica&#39;naz,</strong></span> <span class='ocrx_word' id='word_1_811' title='bbox 1072 5644 1203 5691; x_wconf 80' lang='lat' dir='ltr'><strong>sect.</strong></span> <span class='ocrx_word' id='word_1_812' title='bbox 1237 5652 1273 5699; x_wconf 90' lang='lat' dir='ltr'><strong>I,</strong></span> <span class='ocrx_word' id='word_1_813' title='bbox 1309 5650 1356 5687; x_wconf 88' lang='lat' dir='ltr'><strong>c.</strong></span> <span class='ocrx_word' id='word_1_814' title='bbox 1380 5635 1436 5697; x_wconf 86' lang='lat'><strong>2,</strong></span> <span class='ocrx_word' id='word_1_815' title='bbox 1469 5650 1589 5703; x_wconf 83' lang='lat' dir='ltr'><strong>pag.</strong></span> <span class='ocrx_word' id='word_1_816' title='bbox 1617 5632 1703 5686; x_wconf 84' lang='lat' dir='ltr'><strong>l8.</strong></span> 
     </span>
    </p>
   </div>
   <div class='ocr_carea' id='block_1_105' title="bbox 466 5729 976 5791">
    <p class='ocr_par' dir='ltr' id='par_1_105' title="bbox 466 5729 976 5791">
     <span class='ocr_line' id='line_1_105' title="bbox 466 5729 976 5791; baseline -0.008 0"><span class='ocrx_word' id='word_1_817' title='bbox 466 5732 735 5791; x_wconf 70' lang='grc' dir='ltr'><strong>Ριλτιιοι..</strong></span> <span class='ocrx_word' id='word_1_818' title='bbox 770 5729 883 5789; x_wconf 36' lang='lat' dir='ltr'><strong>Gn.</strong></span> <span class='ocrx_word' id='word_1_819' title='bbox 922 5729 976 5788; x_wconf 88' lang='lat' dir='ltr'><strong>ll</strong></span> 
     </span>
    </p>
   </div>
   <div class='ocr_carea' id='block_1_106' title="bbox 1794 5214 2329 5283">
    <p class='ocr_par' dir='ltr' id='par_1_106' title="bbox 1794 5214 2329 5283">
     <span class='ocr_line' id='line_1_106' title="bbox 1794 5214 2329 5283; baseline -0.002 -16"><span class='ocrx_word' id='word_1_820' title='bbox 1794 5214 2123 5283; x_wconf 81' lang='grc' dir='ltr'><strong>Πνεύματος</strong></span> <span class='ocrx_word' id='word_1_821' title='bbox 2142 5254 2154 5273; x_wconf 85' lang='grc'>,</span> <span class='ocrx_word' id='word_1_822' title='bbox 2178 5215 2272 5267; x_wconf 76' lang='grc' dir='ltr'><strong>καὶ</strong></span> <span class='ocrx_word' id='word_1_823' title='bbox 2297 5215 2329 5283; x_wconf 82' lang='grc' dir='ltr'>ὴ</span> 
     </span>
    </p>
   </div>
   <div class='ocr_carea' id='block_1_107' title="bbox 1814 4482 3377 4553">
    <p class='ocr_par' dir='ltr' id='par_1_107' title="bbox 1814 4482 3377 4553">
     <span class='ocr_line' id='line_1_107' title="bbox 1814 4482 3377 4553; baseline 0.001 -16"><span class='ocrx_word' id='word_1_824' title='bbox 1814 4498 1880 4537; x_wconf 89' lang='lat' dir='ltr'><strong>ac</strong></span> <span class='ocrx_word' id='word_1_825' title='bbox 1924 4498 2087 4553; x_wconf 88' lang='lat' dir='ltr'><strong>supra</strong></span> <span class='ocrx_word' id='word_1_826' title='bbox 2132 4482 2346 4536; x_wconf 82' lang='lat' dir='ltr'><strong>illarum</strong></span> <span class='ocrx_word' id='word_1_827' title='bbox 2406 4482 2772 4536; x_wconf 86' lang='lat' dir='ltr'><strong>conditionem</strong></span> <span class='ocrx_word' id='word_1_828' title='bbox 2828 4489 2884 4536; x_wconf 89' lang='lat' dir='ltr'><strong>et</strong></span> <span class='ocrx_word' id='word_1_829' title='bbox 2940 4490 3188 4536; x_wconf 84' lang='lat' dir='ltr'><strong>naturam</strong></span> <span class='ocrx_word' id='word_1_830' title='bbox 3254 4496 3377 4538; x_wconf 79' lang='lat' dir='ltr'><strong>esse</strong></span> 
     </span>
    </p>
   </div>
   <div class='ocr_carea' id='block_1_108' title="bbox 1792 4573 3371 4644">
    <p class='ocr_par' dir='ltr' id='par_1_108' title="bbox 1792 4573 3371 4644">
     <span class='ocr_line' id='line_1_108' title="bbox 1792 4573 3371 4644; baseline -0.001 -16"><span class='ocrx_word' id='word_1_831' title='bbox 1792 4583 2000 4644; x_wconf 81' lang='lat' dir='ltr'><strong>aperte</strong></span> <span class='ocrx_word' id='word_1_832' title='bbox 2034 4574 2372 4643; x_wconf 78' lang='lat' dir='ltr'><strong>pronuntiat.</strong></span> <span class='ocrx_word' id='word_1_833' title='bbox 2423 4573 2525 4638; x_wconf 86' lang='lat' dir='ltr'><strong>Qui</strong></span> <span class='ocrx_word' id='word_1_834' title='bbox 2582 4582 2761 4627; x_wconf 84' lang='lat' dir='ltr'><strong>autem</strong></span> <span class='ocrx_word' id='word_1_835' title='bbox 2805 4582 2956 4627; x_wconf 73' lang='lat' dir='ltr'><strong>extra</strong></span> <span class='ocrx_word' id='word_1_836' title='bbox 2997 4583 3371 4628; x_wconf 87' lang='lat' dir='ltr'><strong>creaturarum</strong></span> 
     </span>
    </p>
   </div>
   <div class='ocr_carea' id='block_1_109' title="bbox 1814 4664 3369 4733">
    <p class='ocr_par' dir='ltr' id='par_1_109' title="bbox 1814 4664 3369 4733">
     <span class='ocr_line' id='line_1_109' title="bbox 1814 4664 3369 4733; baseline 0.003 -15"><span class='ocrx_word' id='word_1_837' title='bbox 1814 4679 2125 4728; x_wconf 84' lang='lat' dir='ltr'><strong>numerum,</strong></span> <span class='ocrx_word' id='word_1_838' title='bbox 2172 4676 2224 4718; x_wconf 89' lang='lat' dir='ltr'><strong>et</strong></span> <span class='ocrx_word' id='word_1_839' title='bbox 2255 4680 2417 4733; x_wconf 88' lang='lat' dir='ltr'><strong>supra</strong></span> <span class='ocrx_word' id='word_1_840' title='bbox 2450 4665 2665 4719; x_wconf 84' lang='lat' dir='ltr'><strong>illarum</strong></span> <span class='ocrx_word' id='word_1_841' title='bbox 2708 4674 2958 4719; x_wconf 85' lang='lat' dir='ltr'><strong>naturam</strong></span> <span class='ocrx_word' id='word_1_842' title='bbox 2998 4664 3369 4723; x_wconf 70' lang='lat' dir='ltr'><strong>constituitur.</strong></span> 
     </span>
    </p>
   </div>
   <div class='ocr_carea' id='block_1_110' title="bbox 1816 4754 3372 4823">
    <p class='ocr_par' dir='ltr' id='par_1_110' title="bbox 1816 4754 3372 4823">
     <span class='ocr_line' id='line_1_110' title="bbox 1816 4754 3372 4823; baseline 0.003 -15"><span class='ocrx_word' id='word_1_843' title='bbox 1816 4756 1905 4809; x_wconf 85' lang='lat' dir='ltr'><strong>hic</strong></span> <span class='ocrx_word' id='word_1_844' title='bbox 1937 4754 2125 4823; x_wconf 90' lang='lat' dir='ltr'><strong>procul</strong></span> <span class='ocrx_word' id='word_1_845' title='bbox 2172 4754 2340 4808; x_wconf 90' lang='lat' dir='ltr'><strong>dubio</strong></span> <span class='ocrx_word' id='word_1_846' title='bbox 2388 4755 2693 4816; x_wconf 79' lang='lat' dir='ltr'><strong>increatus,</strong></span> <span class='ocrx_word' id='word_1_847' title='bbox 2731 4765 2987 4820; x_wconf 76' lang='lat' dir='ltr'><strong>aeternus,</strong></span> <span class='ocrx_word' id='word_1_848' title='bbox 3032 4764 3088 4809; x_wconf 91' lang='lat' dir='ltr'><strong>et</strong></span> <span class='ocrx_word' id='word_1_849' title='bbox 3121 4769 3372 4813; x_wconf 76' lang='lat' dir='ltr'><strong>summus</strong></span> 
     </span>
    </p>
   </div>
   <div class='ocr_carea' id='block_1_111' title="bbox 1813 4846 3373 4918">
    <p class='ocr_par' dir='ltr' id='par_1_111' title="bbox 1813 4846 3373 4918">
     <span class='ocr_line' id='line_1_111' title="bbox 1813 4846 3373 4918; baseline -0.003 -15"><span class='ocrx_word' id='word_1_850' title='bbox 1813 4862 2210 4918; x_wconf 67' lang='lat' dir='ltr'><strong>supremusque</strong></span> <span class='ocrx_word' id='word_1_851' title='bbox 2236 4846 2380 4902; x_wconf 88' lang='lat' dir='ltr'><strong>Deus</strong></span> <span class='ocrx_word' id='word_1_852' title='bbox 2406 4848 2848 4912; x_wconf 79' lang='lat' dir='ltr'><strong>asse‘ritur.-Quis</strong></span> <span class='ocrx_word' id='word_1_853' title='bbox 2876 4862 3112 4917; x_wconf 79' lang='lat' dir='ltr'><strong>namque</strong></span> <span class='ocrx_word' id='word_1_854' title='bbox 3132 4856 3373 4903; x_wconf 78' lang='lat' dir='ltr'><strong>creatum</strong></span> 
     </span>
    </p>
   </div>
   <div class='ocr_carea' id='block_1_112' title="bbox 1886 5136 3367 5214">
    <p class='ocr_par' dir='ltr' id='par_1_112' title="bbox 1886 5136 3367 5214">
     <span class='ocr_line' id='line_1_112' title="bbox 1886 5136 3367 5214; baseline -0.007 -18"><span class='ocrx_word' id='word_1_855' title='bbox 1886 5142 2090 5213; x_wconf 69' lang='lat' dir='ltr'><strong>(t7)th</strong></span> <span class='ocrx_word' id='word_1_856' title='bbox 2115 5143 2287 5214; x_wconf 70' lang='grc' dir='ltr'><strong>Πατρ).</strong></span> <span class='ocrx_word' id='word_1_857' title='bbox 2316 5143 2410 5195; x_wconf 74' lang='grc' dir='ltr'><strong>καὶ</strong></span> <span class='ocrx_word' id='word_1_858' title='bbox 2680 5140 2821 5214; x_wconf 47' lang='lat' dir='ltr'><strong>aqua</strong></span> <span class='ocrx_word' id='word_1_859' title='bbox 2850 5140 2911 5192; x_wconf 83' lang='grc' dir='ltr'><strong>τὸ</strong></span> <span class='ocrx_word' id='word_1_860' title='bbox 2959 5140 3072 5214; x_wconf 66' lang='grc' dir='ltr'><strong>τσογ</strong></span> <span class='ocrx_word' id='word_1_861' title='bbox 3100 5136 3367 5214; x_wconf 43' lang='grc' dir='ltr'><strong>ἦρε-τοῦ</strong></span> 
     </span>
    </p>
   </div>
   <div class='ocr_carea' id='block_1_113' title="bbox 2361 5205 3366 5291">
    <p class='ocr_par' dir='ltr' id='par_1_113' title="bbox 2361 5205 3366 5291">
     <span class='ocr_line' id='line_1_113' title="bbox 2361 5205 3366 5291; baseline -0.002 1"><span class='ocrx_word' id='word_1_862' title='bbox 2361 5211 2454 5291; x_wconf 63' lang='grc' dir='ltr'><strong>τεῦ</strong></span> <span class='ocrx_word' id='word_1_863' title='bbox 2484 5205 3079 5291; x_wconf 39' lang='lat' dir='ltr'><strong>&quot;iniseriam?</strong></span> <span class='ocrx_word' id='word_1_864' title='bbox 3103 5205 3199 5291; x_wconf 68' lang='grc' dir='ltr'><strong>ῑζῆς</strong></span> <span class='ocrx_word' id='word_1_865' title='bbox 3231 5205 3366 5291; x_wconf 44' lang='lat' dir='ltr'><strong>ire</strong></span> 
     </span>
    </p>
   </div>
   <div class='ocr_carea' id='block_1_114' title="bbox 1812 5274 3365 5364">
    <p class='ocr_par' dir='ltr' id='par_1_114' title="bbox 1812 5274 3365 5364">
     <span class='ocr_line' id='line_1_114' title="bbox 1812 5274 3365 5364; baseline -0.006 -27"><span class='ocrx_word' id='word_1_866' title='bbox 1812 5274 2329 5364; x_wconf 49' lang='grc' dir='ltr'><strong>φῆςηὲὶραρμόζεταιξ</strong></span> <span class='ocrx_word' id='word_1_867' title='bbox 2353 5274 2605 5364; x_wconf 45' lang='lat' dir='ltr'><strong>t_Pa‘.ri_‘et</strong></span> <span class='ocrx_word' id='word_1_868' title='bbox 2618 5281 2752 5364; x_wconf 50' lang='lat' dir='ltr'><strong>[filio</strong></span> <span class='ocrx_word' id='word_1_869' title='bbox 2767 5274 3085 5364; x_wconf 3' lang='lat' dir='ltr'><strong>similiter-pet</strong></span> <span class='ocrx_word' id='word_1_870' title='bbox 3110 5274 3365 5364; x_wconf 65' lang='lat' dir='ltr'><strong>Spiritus,</strong></span> 
     </span>
    </p>
   </div>
   <div class='ocr_carea' id='block_1_115' title="bbox 1808 5347 3360 5425">
    <p class='ocr_par' dir='ltr' id='par_1_115' title="bbox 1808 5347 3360 5425">
     <span class='ocr_line' id='line_1_115' title="bbox 1808 5347 3360 5425; baseline -0.009 -17"><span class='ocrx_word' id='word_1_871' title='bbox 1808 5347 1886 5425; x_wconf 41' lang='lat' dir='ltr'><strong>et&quot;</strong></span> <span class='ocrx_word' id='word_1_872' title='bbox 1909 5347 2094 5425; x_wconf 78' lang='lat' dir='ltr'><strong>Sancti</strong></span> <span class='ocrx_word' id='word_1_873' title='bbox 2151 5353 2437 5425; x_wconf 77' lang='lat' dir='ltr'><strong>appellatio</strong></span> <span class='ocrx_word' id='word_1_874' title='bbox 2471 5369 2502 5406; x_wconf 86' lang='lat' dir='ltr'><strong>a</strong></span> <span class='ocrx_word' id='word_1_875' title='bbox 2530 5350 2805 5425; x_wconf 85' lang='lat' dir='ltr'><strong>Scriptura</strong></span> <span class='ocrx_word' id='word_1_876' title='bbox 2848 5347 3312 5425; x_wconf 74' lang='lat' dir='ltr'><strong>accommodatur.</strong></span> <span class='ocrx_word' id='word_1_877' title='bbox 3344 5364 3360 5393; x_wconf 70' lang='grc' dir='ltr'><strong>ο</strong></span> 
     </span>
    </p>
   </div>
   <div class='ocr_carea' id='block_1_116' title="bbox 1812 5416 3361 5494">
    <p class='ocr_par' dir='ltr' id='par_1_116' title="bbox 1812 5416 3361 5494">
     <span class='ocr_line' id='line_1_116' title="bbox 1812 5416 3361 5494; baseline -0.008 -17"><span class='ocrx_word' id='word_1_878' title='bbox 1812 5423 1869 5478; x_wconf 89' lang='lat' dir='ltr'><strong>S.</strong></span> <span class='ocrx_word' id='word_1_879' title='bbox 1898 5416 2726 5494; x_wconf 40' lang='lat' dir='ltr'><strong>GregoriusNysszenusmtlatio.</strong></span> <span class='ocrx_word' id='word_1_880' title='bbox 2750 5436 2788 5483; x_wconf 95' lang='lat' dir='ltr'><strong>t,</strong></span> <span class='ocrx_word' id='word_1_881' title='bbox 2820 5428 3002 5494; x_wconf 78' lang='lat' dir='ltr'><strong>contra</strong></span> <span class='ocrx_word' id='word_1_882' title='bbox 3026 5416 3361 5494; x_wconf 71' lang='lat' dir='ltr'><strong>Eunomium.</strong></span> 
     </span>
    </p>
   </div>
   <div class='ocr_carea' id='block_1_117' title="bbox 1881 5486 3365 5615">
    <p class='ocr_par' dir='ltr' id='par_1_117' title="bbox 1881 5486 3365 5615">
     <span class='ocr_line' id='line_1_117' title="bbox 1881 5486 3365 5615; baseline 0 -70"><span class='ocrx_word' id='word_1_883' title='bbox 1881 5486 2291 5615; x_wconf 47' lang='grc' dir='ltr'><strong>(ιὸὲρὲξὲινίιιὲ,</strong></span> <span class='ocrx_word' id='word_1_884' title='bbox 2326 5503 2456 5546; x_wconf 91' lang='lat' dir='ltr'><strong>tom.</strong></span> <span class='ocrx_word' id='word_1_885' title='bbox 2481 5490 2543 5555; x_wconf 89' lang='lat' dir='ltr'><strong>Il,</strong></span> <span class='ocrx_word' id='word_1_886' title='bbox 2572 5489 2811 5558; x_wconf 73' lang='lat' dir='ltr'><strong>Theolog.</strong></span> <span class='ocrx_word' id='word_1_887' title='bbox 2842 5486 3099 5556; x_wconf 83' lang='lat' dir='ltr'><strong>dogmat.,</strong></span> <span class='ocrx_word' id='word_1_888' title='bbox 3132 5488 3365 5554; x_wconf 40' lang='lat' dir='ltr'><strong>praelatis.</strong></span> 
     </span>
     <span class='ocr_line' id='line_1_118' title="bbox 1881 5580 2156 5615; baseline 0 0"><span class='ocrx_word' id='word_1_889' title='bbox 1881 5580 1929 5615; x_wconf 82' lang='grc' dir='ltr'><strong>ι).</strong></span> <span class='ocrx_word' id='word_1_890' title='bbox 2001 5604 2014 5615; x_wconf 93' lang='grc'><strong>.</strong></span> <span class='ocrx_word' id='word_1_891' title='bbox 2143 5605 2156 5615; x_wconf 92' lang='grc'><strong>.</strong></span> 
     </span>
    </p>
   </div>
   <div class='ocr_carea' id='block_1_118' title="bbox 1812 5565 2156 5626">
    <p class='ocr_par' dir='ltr' id='par_1_118' title="bbox 1812 5565 2156 5626">
     <span class='ocr_line' id='line_1_119' title="bbox 1812 5565 2156 5626; baseline -0.003 -7"><span class='ocrx_word' id='word_1_892' title='bbox 1812 5580 1929 5626; x_wconf 85' lang='lat' dir='ltr'><strong>cap.</strong></span> <span class='ocrx_word' id='word_1_893' title='bbox 1960 5565 2014 5625; x_wconf 85' lang='lat'><strong>2,</strong></span> <span class='ocrx_word' id='word_1_894' title='bbox 2051 5565 2077 5626; x_wconf 82' lang='lat'><strong>§</strong></span> <span class='ocrx_word' id='word_1_895' title='bbox 2104 5565 2156 5618; x_wconf 85' lang='lat'><strong>6.</strong></span> 
     </span>
    </p>
   </div>
   <div class='ocr_carea' id='block_1_119' title="bbox 1885 5626 3115 5703">
    <p class='ocr_par' dir='ltr' id='par_1_119' title="bbox 1885 5626 3115 5703">
     <span class='ocr_line' id='line_1_120' title="bbox 1885 5626 3115 5703; baseline -0.005 -15"><span class='ocrx_word' id='word_1_896' title='bbox 1885 5634 1995 5703; x_wconf 83' lang='grc'><strong>(19)</strong></span> <span class='ocrx_word' id='word_1_897' title='bbox 2022 5626 2267 5696; x_wconf 73' lang='lat' dir='ltr'><strong>Hermas,</strong></span> <span class='ocrx_word' id='word_1_898' title='bbox 2302 5633 2506 5687; x_wconf 87' lang='lat' dir='ltr'><strong>sitnilit.</strong></span> <span class='ocrx_word' id='word_1_899' title='bbox 2540 5648 2614 5695; x_wconf 75' lang='grc' dir='ltr'><strong>ιιι,</strong></span> <span class='ocrx_word' id='word_1_900' title='bbox 2638 5630 2733 5683; x_wconf 80' lang='lat' dir='ltr'><strong>lib.</strong></span> <span class='ocrx_word' id='word_1_901' title='bbox 2770 5643 2851 5692; x_wconf 83' lang='grc' dir='ltr'><strong>ιιι,</strong></span> <span class='ocrx_word' id='word_1_902' title='bbox 2878 5641 2999 5695; x_wconf 85' lang='lat' dir='ltr'><strong>cap.</strong></span> <span class='ocrx_word' id='word_1_903' title='bbox 3030 5626 3115 5682; x_wconf 73' lang='grc'><strong>12.</strong></span> 
     </span>
    </p>
   </div>
   <div class='ocr_carea' id='block_1_120' title="bbox 2977 5718 3055 5780">
    <p class='ocr_par' dir='ltr' id='par_1_120' title="bbox 2977 5718 3055 5780">
     <span class='ocr_line' id='line_1_121' title="bbox 2977 5718 3055 5780; baseline 0 -5"><span class='ocrx_word' id='word_1_904' title='bbox 2977 5718 3055 5780; x_wconf 79' lang='lat'><strong>&#39;28</strong></span> 
     </span>
    </p>
   </div>
  </div>
