4040 6322
611 242 717 297 876

2019 235 2092 293 »8.
2137 235 2399 293 ΗΕΚΜΑΕ
3701 256 3783 310 κῖϐ

608 358 1346 423 intere‘t’inereatmn,-inter
1372 358 1542 413 Deum
1596 364 1651 412 et
1690 362 1996 411 creaturam
2044 356 2180 409 nihil
2209 362 2257 417 Α
2284 355 2554 425 adfuerat,
2577 354 2824 428 ejusdem
2861 374 2989 415 cum
3018 359 3137 430 ipso
3167 361 3310 417 sicut
3332 375 3531 423 naturae
3554 370 3620 426 ita
3643 385 3688 429 et
3708 394 3783 446 po.

609 456 838 513 omuino
874 452 1110 508 medium
1155 467 1274 508 esse
1322 450 1571 522 ignorat?
1629 449 1871 519 Denique
1926 448 2178 504 eumdem

610 548 706 603 Dei
750 546 946 601 Filium
1002 543 1070 598 ad
1108 541 1447 597 condendam
1508 550 1814 596 creaturam
1867 538 2015 594 Patri
2078 554 2180 594 suo

608 648 815 692 aeterno
865 633 1106 689 admisse
1142 632 1237 701 qui
1270 632 1451 697 tradit,
1499 633 1545 686 is
1568 632 1809 701 profecto
1850 631 1999 684 illum
2031 629 2177 685 Patri

607 744 713 784 suo
743 736 1075 783 coaeternnm
1121 724 1762 780 ﬁrmissime-asseverat.
1798 724 1995 779 Eodem
2022 724 2181 793 plane

602 836 772 875 sensu
816 818 1043 873 Hermas
1086 818 1255 888 paulo
1294 818 1545 886 superius
1579 817 1794 871 dixerat
1832 834 1844 869 :
1897 816 1963 870 In
2001 817 2179 871 servili

606 912 903 965 conditione
942 927 1045 962 non
1080 910 1292 978 ponitur
1321 907 1495 961 Filius
1527 908 1641 973 Dei,
1670 909 1758 962 sed
1788 909 1842 961 in
1872 925 2060 978 magna
2086 926 2180 977 po-

610 1012 796 1057 testate
825 1012 873 1056 et
898 1003 1117 1070 imperio
1149 1000 1283 1069 (20).
1316 997 1517 1054 Omnes
1551 1000 1749 1068 quippe
1777 1010 2041 1055 creatura:
2074 999 2180 1054 Deo

609 1092 882 1156 serviunt;
925 1091 1171 1160 quoniam
1216 1089 1393 1143 omnia
1413 1128 1426 1151 ,
1460 1088 1536 1142 uti
1566 1090 1631 1143 de
1660 1087 1770 1142 Deo
1798 1090 1946 1142 eanit
1969 1088 2178 1144 Psaltes

610 1184 793 1251 regius
821 1183 890 1249 “,
918 1184 1148 1235 serviunt
1174 1181 1288 1234 tibi.
1308 1179 1421 1246 ‘Qui
1448 1196 1578 1250 ergo
1604 1180 1658 1233 in
1683 1180 1858 1233 servili
1881 1181 2180 1234 conditione

608 1290 709 1329 non
741 1275 975 1343 ponitur,
1011 1274 1101 1328 hie
1137 1282 1386 1327 creatura
1421 1287 1519 1325 nec
1544 1287 1791 1326 essenec
1821 1272 1929 1325 dici
1967 1281 2175 1341 potest;

607 1366 700 1434 qui
745 1374 926 1420 autem
975 1372 1224 1418 creatura
1269 1378 1391 1418 esse
1434 1372 1489 1416 et
1532 1362 1638 1416 dici
1678 1372 1888 1432 nequit,
1914 1362 2004 1417 ille
2034 1372 2179 1418 certe

604 1458 749 1517 Dens
780 1460 895 1529 ipse
922 1467 1027 1514 est.

674 1555 785 1621 Age
814 1565 965 1615 vero,
997 1550 1044 1605 si
1076 1550 1162 1605 his
1185 1548 1439 1604 omnibus
1465 1558 1518 1603 et
1546 1548 1651 1602 alia
1688 1547 1933 1615 adiicias,
1964 1562 2086 1615 quae
2109 1544 2177 1599 de

604 1647 792 1700 eodem
824 1644 918 1699 Dei
944 1643 1082 1699 Filio
1114 1646 1182 1698 ab
1210 1654 1431 1699 auctore
1454 1653 1641 1697 uestro
1669 1641 1870 1709 scripta
1906 1641 2173 1710 legimus:

2282 449 2493 503 testatis
2523 465 2737 519 semper
2760 450 2943 507 fuerit.
2975 451 3112 507 Cum
3137 465 3283 509 sarta
3314 456 3500 527 igitur,
3519 470 3661 528 tecta,
3682 469 3788 523 inte-

2280 554 2483 608 graque
2508 541 2579 595 sit
2599 540 2811 597 Hermae
2833 544 3006 599 nostri
3036 544 3102 598 de
3128 546 3785 621 summaChristidoctrina.

2280 647 2381 685 nec
2410 632 2543 700 quid
2572 635 2800 688 omnino
2826 645 3019 690 contra
3049 637 3195 691 illam
3242 640 3349 693 nisi
3386 641 3637 698 insulsum
3664 648 3791 716 plane

2279 732 2333 776 et
2367 723 2609 793 ineptum
2636 725 2851 781 elTutire
2872 729 3155 797 potuerint
3183 730 3419 787 haeretici
3442 751 3457 798 ;
3488 750 3621 790 unus
3647 746 3791 796 tamen

2280 829 2343 868 ex
2370 814 2477 869 illis
2501 832 2673 885 pauca
2696 818 2944 886 quaedam
2974 819 3146 888 ipsius
3188 821 3351 875 verba
3383 825 3604 890 arrosit,
3634 830 3795 895 quibus

2282 904 2518 975 Spiritus
2570 910 2744 963 sancti
2790 910 3131 966 divinitatem
3171 914 3239 966 ab
3285 930 3349 967 eo
3380 927 3619 986 negatam
3663 920 3797 978 fuisse

2279 1000 2510 1067 probare
2533 1015 2816 1068 perperam
2842 1012 3070 1057 conatus
3093 1014 3199 1058 est.
3222 998 3344 1059 Haec
3369 1023 3531 1077 porro
3554 1022 3685 1073 sunt,
3705 1031 3798 1083 qua:

2281 1090 2369 1143 ille
2400 1092 2559 1145 nobis
2588 1093 2778 1162 objicit
2808 1112 2820 1147 :
2857 1093 3037 1165 Neque
3071 1114 3187 1151 cum
3234 1098 3380 1164 vult,
3429 1102 3619 1156 homini
3661 1106 3799 1176 loqui.

2281 1192 2368 1234 tur
2417 1181 2647 1251 Spiritus
2698 1196 2909 1239 sanctus
2934 1226 2950 1251 ,
2996 1189 3086 1240 sed
3116 1198 3240 1244 tunc
3270 1191 3539 1263 loquitur,
3577 1214 3682 1249 cum
3715 1200 3800 1254 vult

2281 1273 2417 1327 Deus
2448 1276 2584 1346 (‘25).
2621 1275 2727 1330 Sed
2760 1278 2804 1331 si
2839 1279 2982 1334 hunc
3005 1278 3360 1338 Socinianum
3374 1285 3639 1341 hominem
3685 1290 3801 1345 nefa-

2278 1366 2392 1420 rius
2437 1370 2676 1423 errantis
2724 1380 2886 1424 secta:
2933 1388 3087 1427 amor
3119 1390 3225 1427 non
3255 1377 3470 1444 penitus
3498 1380 3801 1445 obeumset,

2279 1457 2637 1515 intellexisset
2668 1463 2854 1532 utique
2907 1465 3045 1520 hanc
3085 1482 3207 1521 esse
3250 1466 3461 1523 Herma:
3489 1471 3648 1524 nostri
3686 1490 3801 1527 men-

2278 1558 2407 1615 tem,
2436 1560 2488 1603 et
2513 1567 2735 1606 sensum
2767 1555 3023 1610 omnibus
3050 1556 3206 1611 facile
3235 1559 3456 1613 obvium
3488 1579 3501 1614 :
3528 1559 3693 1631 Neque
3712 1581 3803 1616 cunt

2280 1640 2432 1693 homo
2485 1642 2591 1694 rult
2620 1683 2635 1702 ,
2676 1644 2879 1697 homini
2911 1646 3148 1715 loquitur
3181 1647 3417 1718 Spiritus
3465 1664 3666 1705 sanctus
3689 1694 3701 1718 ,
3735 1655 3802 1707 sed

606 1738 673 1791 In
703 1754 925 1807 magna,
958 1736 1133 1805 inquit
1157 1737 1286 1806 (2|),
1303 1745 1377 1790 est
1413 1744 1669 1804 potestate
1700 1741 1746 1786 et
1778 1707 2019 1801 imperio;
2049 1731 2178 1785 alibi
2208 1707 2401 1781 ID'cunt
2432 1731 2539 1785 vult
2572 1731 2733 1786 Deus.
2766 1734 2835 1788 At
2858 1735 3012 1804 quid,
3045 1739 3295 1804 obsecro,
3320 1755 3387 1792 ex
3413 1740 3498 1794 bis
3524 1743 3688 1796 verbis
3708 1760 3804 1798 cou-

612 1844 739 1881 vero
765 1829 841 1881 ait
870 1846 882 1879 :
914 1825 1119 1879 Nomen
1166 1823 1297 1877 Filii
1330 1822 1428 1876 Dei
1463 1837 1709 1891 magnum
1746 1829 1857 1883 est,
1887 1829 1936 1873 et
1966 1819 2185 1871 immen-

606 1935 747 1982 sum,
774 1930 822 1970 et
846 1927 989 1971 totus
1019 1917 1084 1969 ab
1128 1932 1187 1968 eo
1216 1924 1546 1970 sustentatur
1578 1912 1718 1966 orbis
1743 1912 1887 1981 (22);
1918 1926 1981 1966 ac
2010 1911 2185 1966 conti-

605 2026 713 2065 nno
739 2019 861 2080 post
890 2028 903 2064 ε
944 2009 1129 2064 Omnis
1160 2008 1255 2062 Dei
1282 2018 1528 2062 creatura
1579 2024 1671 2075 per
1706 2005 1907 2059 Filium
1929 2005 2043 2075 ejus
2065 2022 2185 2059 sus-

601 2112 856 2156 tentatur.
874 2100 968 2156 His
984 2100 1165 2154 verbis
1178 2114 1449 2153 summam
1473 2098 1617 2151 illius
1639 2097 1979 2151 divinitatem
1995 2104 2182 2165 aperte

607 2193 908 2248 renuntiari
956 2191 1200 2254 fatearis,
1225 2190 1450 2243 omnino
1495 2203 1717 2243 necesse
1749 2196 1851 2242 est.
1883 2188 1984 2242 Cui
2009 2186 2177 2251 enim,

601 2286 798 2340 amabo
825 2293 877 2338 te
902 2324 917 2349 ,
943 2298 1005 2336 ea
1034 2283 1219 2336 omnia
1270 2280 1565 2335 convenire
1610 2287 1844 2350 possunt
1871 2319 1886 2343 ,
1918 2280 2021 2333 nisi
2052 2294 2180 2333 vero

604 2375 698 2429 Dei
730 2373 891 2433 Filio,
928 2372 1024 2442 qui
1067 2371 1310 2441 ejusdem
1335 2385 1458 2424 cum
1485 2367 1644 2424 Patre
1670 2369 1741 2423 sit
1772 2369 2174 2434 immensitatis,

599 2465 919 2521 aeternitatis
945 2502 961 2527 ,
998 2462 1283 2533 potestatis
1323 2473 1379 2515 et
1422 2470 1649 2517 naturae.
1704 2459 1823 2516 Non
1872 2462 2176 2517 audiendus

598 2561 784 2629 itaque
809 2557 1009 2626 impius
1057 2555 1242 2609 nescio
1290 2553 1416 2623 quis
1462 2553 1829 2618 Socinianus,
1878 2554 1969 2623 qui
2016 2554 2175 2609 nobis

597 2666 881 2722 perperam
919 2648 1110 2719 objicit
1137 2646 1334 2700 Filium
1362 2645 1455 2699 Dei
1496 2645 1695 2699 ibidem
1728 2645 1796 2698 ab
1831 2644 2026 2699 lierma
2058 2662 2171 2700 ser-

594 2757 723 2801 vum
750 2741 1032 2813 appellari,
1058 2740 1300 2810 quipost
1330 2753 1487 2792 suam
1517 2745 1723 2791 tantum
1751 2746 1978 2791 mortem
2010 2753 2041 2791 a
2070 2736 2172 2790 Pa-

597 2849 679 2893 tre
706 2853 872 2909 super
899 2836 1161 2907 populum
1211 2848 1374 2888 snum
1409 2838 1733 2900 potestatem
1761 2845 1979 2884 omnem
2015 2845 2171 2885 acce-

598 2930 755 2997 perit.
804 2926 1061 2997 Nunquid
1097 2926 1242 2979 enim
1297 2923 1694 2985 llermas.cum
1750 2920 1970 2986 ibidem,
2024 2921 2167 2976 sicut

2287 1831 2367 1877 tra
2404 1823 2640 1893 Spiritus
2674 1828 2846 1881 sancti
2876 1830 3263 1885 divinitatem?
3310 1832 3424 1886 imo
3472 1849 3596 1889 vero
3622 1836 3731 1904 quid
3754 1852 3802 1890 ex

2285 1914 2414 1979 illis,
2450 1917 2554 1971 nisi
2578 1933 2676 1986 pro
2706 1921 3000 1974 asserenda
3017 1921 3198 1975 divina
3224 1923 3370 1978 illius
3394 1934 3605 1990 natura,
3622 1927 3803 1980 conclu-

2282 2007 2337 2061 di
2370 2010 2584 2077 potest?
2607 2009 2681 2064 lbi
2706 2011 2849 2065 enim
2884 2011 3112 2069 Hermas
3142 2031 3304 2071 veros
3334 2019 3630 2087 prophetas
3654 2020 3801 2085 divine

2284 2098 2511 2168 Spiritu,
2537 2105 2758 2170 quando
2782 2106 3011 2174 ipsemet
3042 2108 3233 2173 voluit,
3263 2110 3475 2165 adlatos
3507 2112 3663 2168 fuisse
3686 2129 3802 2169 asse-

2280 2202 2453 2247 verat.
2488 2198 2557 2247 At
2578 2195 2702 2263 quis
2730 2199 2959 2264 nesciat,
2986 2200 3494 2257 strenuosNicainaz
3519 2205 3634 2259 ﬁdei
3654 2204 3802 2259 defen-

2278 2301 2432 2341 sores
2476 2289 2580 2343 hoc
2631 2291 2700 2344 ad
2756 2292 3112 2351 debellandos
3162 2297 3446 2365 Arianos,
3502 2309 3554 2354 et
3608 2300 3801 2369 Spiritus

2277 2384 2453 2437 sancti
2501 2383 2839 2440 divinitatem
2886 2389 3158 2446 adversus
3188 2391 3615 2449 Macedonianos
3641 2395 3803 2449 invicte

2276 2476 2722 2543 propugnandam
2757 2478 3155 2547 ellieacissimo,
3207 2492 3265 2537 ut
3307 2484 3471 2552 plane
3502 2500 3605 2538 non
3650 2486 3801 2540 imme-

2275 2565 2380 2620 rito
2414 2569 2698 2636 putabant,
2732 2586 2863 2625 usos
2895 2587 3017 2628 esse
3051 2585 3399 2645 argumento.
3652 2642 3653 2645 η

2342 2655 2555 2713 Hermae
2601 2659 2797 2715 Pastor
2839 2663 2977 2719 duas
3024 2664 3249 2734 insuper
3278 2666 3331 2719 in
3366 2666 3592 2722 Christo
3614 2675 3802 2723 naturas

2273 2749 2618 2817 apertissime
2669 2752 2991 2823 distinguit:
3033 2756 3273 2812 divinam
3306 2774 3500 2824 unam,
3544 2759 3801 2813 secundum

2270 2854 2432 2907 quam
2459 2840 2549 2895 Dei
2574 2841 2742 2898 Filius
2767 2856 2893 2900 ante
2908 2862 3125 2902 omnem
3156 2858 3464 2904 creaturam
3497 2852 3714 2917 exsistit,
3739 2852 3799 2903 ite

2270 2943 2326 2985 ut
2357 2933 2413 2985 in
2439 2935 2660 2988 consilio
2690 2934 2844 2991 Patri
2866 2955 2962 2992 suo
2991 2939 3224 3009 adfuerit
3252 2942 3319 2995 ad
3345 2944 3662 3021 condendam
3685 2960 3799 2997 crea-

595 3020 851 3082 vidimus,
879 3017 1016 3072 dixit
1044 3034 1057 3070 :
1088 3013 1154 3069 In
1183 3014 1359 3068 sere-ili
1378 3013 1673 3066 conditione
1695 3028 1795 3065 non
1824 3012 2040 3080 ponitur
2072 3010 2166 3064 Fi-
2190 3046 2234 3104 α
2270 3032 2466 3076 turam.
2504 3023 2581 3077 En
2615 3026 2884 3096 integrum
2928 3037 3132 3085 textum
3160 3030 3222 3086 D.
3254 3032 3470 3090 llerma:
3510 3010 3613 3105 .pro
3652 3036 3798 3090 divina

585 3111 697 3164 itus
727 3110 846 3172 Dei,
876 3109 980 3163 sibi
1012 3108 1110 3176 ipsi
1135 3105 1369 3161 absurde
1392 3144 1409 3169 ,
1446 3104 1738 3174 putideque
1769 3103 2166 3159 contradixisse

590 3203 990 3258 existimandus
1020 3200 1144 3254 est?
1171 3198 1306 3264 Quis
1338 3214 1486 3253 sana:
1518 3196 1714 3251 mentis
1743 3197 1908 3250 homo
1955 3197 2007 3251 id
2066 3213 2165 3252 un-

594 3306 758 3357 quam
801 3303 1047 3343 asserere
1073 3328 1088 3353 ,
1128 3288 1238 3342 imo
1267 3286 1596 3357 cogitatione
1630 3288 1921 3357 animoque
1965 3288 2165 3355 lingere

592 3381 829 3436 audeat?
857 3379 990 3445 Quis
1017 3394 1167 3443 vero,
1222 3379 1266 3433 si
1309 3378 1454 3433 hunc
1501 3378 1739 3433 auctoris
1784 3377 1953 3433 nostri
1984 3378 2163 3433 locum

593 3467 773 3535 sequis
823 3482 1062 3535 unquam
1128 3466 1321 3537 legerit
1371 3466 1585 3532 oculis,
1639 3467 1711 3521 ibi
1744 3468 2007 3523 continuo
2055 3485 2161 3523 non

588 3559 1031 3625 animadvertat,
1066 3565 1357 3629 utrumque
1386 3560 1456 3613 ab
1490 3560 1582 3613 illo
1610 3559 1678 3614 de
1707 3560 1908 3628 duplici
1956 3559 2161 3617 Christi

588 3661 807 3715 natura,
839 3666 963 3705 cum
990 3650 1252 3717 humana,
1289 3660 1401 3705 tum
1430 3650 1615 3705 divina
1646 3663 1793 3708 recte
1824 3655 2082 3709 traditum
2109 3664 2163 3710 et

586 3742 1022 3813 pronuntiatum.
1087 3741 1562 3808 Quemadmodum
1610 3744 1756 3798 enim
1811 3745 2062 3803 Christus
2092 3748 2162 3802 ab

587 3834 709 3902 ipso
737 3834 1036 3889 secundum
1058 3834 1298 3889 divinam
1322 3851 1476 3890 suam
1498 3846 1750 3892 naturam
1781 3840 1925 3892 omni
1953 3849 2161 3893 creatu-

588 3943 650 3979 ra
682 3926 953 3997 antiquior
978 3964 994 3990 ,
1022 3926 1081 3978 in
1114 3925 1295 3979 servili
1353 3927 1648 3982 conditione
1676 3945 1779 3982 non
1805 3932 2019 3998 ponitur
2041 3947 2061 3995 ;
2086 3930 2158 3985 ita

589 4019 890 4073 secundum
918 4018 1212 4072 humanam
1244 4035 1421 4073 seruus
1469 4018 1568 4073 Dei
1606 4022 1903 4091 appellatus
1945 4032 2047 4079 est.
2094 4024 2159 4079 Et

587 4109 642 4163 id
665 4110 885 4179 quidem
910 4109 1154 4171 clarius,
1189 4125 1356 4179 quam
1407 4111 1693 4179 ipsiusmet
1723 4112 1933 4168 Hermae
1978 4116 2157 4171 verbis

585 4201 847 4269 explicari
882 4214 991 4254 non
1019 4210 1198 4270 potest
1229 4218 1241 4253 :
1272 4199 1387 4253 Hoc
1405 4218 1553 4271 ergo.
1591 4203 1787 4273 inquit,
1815 4204 2013 4260 Christi
2039 4224 2159 4261 cor-

587 4308 706 4362 pus,
740 4295 795 4348 in
831 4294 970 4364 quod
996 4295 1242 4349 inductus
1273 4307 1349 4349 est
1377 4294 1610 4365 Spiritus
1652 4310 1901 4366 sanctus,
1943 4304 2152 4358 servit-it

2270 3120 2465 3167 natura
2490 3132 2502 3166 :
2524 3113 2766 3169 Primum
2788 3120 3043 3185 omnium,
3071 3120 3297 3189 domine,
3324 3124 3574 3195 inquam,
3596 3127 3683 3179 hac
3701 3126 3802 3179 mihi

2267 3210 2588 3261 dentonstra.
2634 3206 2796 3263 Petra
2829 3212 2940 3265 han:
2976 3222 3027 3265 et
3072 3225 3229 3282 porta
3273 3217 3402 3285 quid
3458 3220 3618 3273 sunt?
3657 3217 3796 3281 Audi,

2269 3297 2445 3367 inquit
2470 3340 2485 3364 ,
2517 3310 2667 3369 petra
2691 3302 2801 3356 [nec
2844 3314 2893 3357 et
2926 3316 3080 3373 porta
3110 3304 3158 3358 F
3162 3307 3286 3361 ilius
3323 3309 3425 3363 Dei
3453 3321 3550 3365 est.
3598 3310 3798 3375 Quonam

2265 3399 2442 3457 pacto,
2473 3392 2716 3462 inquam,
2749 3396 2980 3461 domine,
3010 3407 3156 3467 petra
3184 3409 3326 3453 vetus
3349 3412 3451 3465 est,
3480 3413 3630 3471 porta
3658 3412 3798 3455 autem

2267 3483 2438 3535 noua?
2461 3482 2622 3547 Audi,
2651 3485 2849 3554 inquit,
2878 3488 3129 3558 insipiens
3150 3500 3199 3543 et
3227 3491 3464 3563 intellige
3481 3510 3498 3545 :
3523 3493 3687 3547 Filius
3708 3496 3798 3563 qui-

2264 3572 2382 3626 dem
2416 3574 2512 3628 Dei
2534 3578 2676 3630 omni
2703 3588 2945 3634 creatura
2980 3583 3255 3650 antiquior
3281 3596 3384 3651 est,
3420 3587 3520 3651 ita,
3546 3596 3599 3639 ut
3630 3588 3676 3638 in
3701 3602 3797 3639 ros-

2263 3664 2385 3718 silio
2427 3664 2586 3720 Patri
2635 3686 2731 3722 suo
2770 3671 3004 3746 adfuerit
3039 3674 3108 3728 ad
3136 3677 3462 3731 condendam
3496 3689 3794 3737 creaturam;

2263 3768 2415 3826 porta
2438 3769 2613 3813 autem
2655 3778 2931 3831 propterea
2960 3746 3093 3820 nova
3117 3776 3215 3832 est,
3253 3771 3379 3839 quia
3423 3771 3479 3823 in
3507 3784 3797 3823 consumme-

2263 3850 2403 3904 tiorte
2426 3851 2483 3903 in
2510 3852 2804 3907 novissimis
2844 3855 3026 3909 diebus
3071 3861 3341 3926 apparebit
3369 3900 3383 3923 ,
3419 3872 3474 3913 ut
3505 3861 3594 3931 qui
3617 3875 3795 3915 assecu-

2264 3942 2371 3995 turi
2388 3952 2511 3996 sunt
2525 3944 2773 4011 salutem,
2794 3963 2887 4015 per
2904 3965 3021 4000 eam
3046 3950 3243 4003 intrent
3266 3951 3321 4003 in
3340 3967 3555 4021 regnum
3580 3951 3669 4005 Dei
3683 3949 3790 4020 (25}.

2262 4031 2376 4089 Hoc
2426 4036 2611 4105 itaque
2655 4038 2709 4093 in
2760 4039 2880 4093 loco
2922 4038 3114 4095 Pastor
3153 4041 3434 4119 Christum
3479 4045 3684 4098 exhibet
3714 4040 3794 4097 sub

2261 4125 2497 4197 imagine
2524 4136 2636 4181 tum
2663 4139 2829 4198 petrae
2858 4134 3054 4187 veteris
3075 4174 3092 4197 ,
3125 4144 3397 4203 quatenus
3439 4135 3530 4191 Dei
3557 4135 3713 4190 Filius
3729 4142 3792 4186 est

2268 4225 2395 4271 ante
2422 4233 2642 4273 omnem
2672 4231 2977 4276 creaturam
3006 4239 3113 4278 una
3141 4240 3264 4280 cum
3298 4224 3461 4281 Patre
3522 4227 3788 4285 exsistens;

2258 4319 2373 4364 tum
2403 4318 2573 4381 porta:
2618 4327 2809 4380 novas,
2846 4324 3117 4384 quatenus
3161 4317 3301 4372 idem
3354 4319 3519 4374 homo
3568 4318 3725 4372 lactus
3748 4315 3789 4368 in

587 4384 672 4437 illi
704 4384 969 4453 Spiritui,
1019 4399 1153 4441 recte
1203 4388 1257 4440 in
1289 4389 1546 4443 modestia
1594 4390 1870 4446 ambulem
1906 4404 1956 4446 et
1996 4406 2159 4459 caste,
2194 4384 2240 4438 ο
2268 4401 2584 4458 novissimis
2620 4403 2815 4459 diebus
2850 4408 3120 4476 apparuit.
3152 4407 3277 4464 Hzec
3329 4419 3508 4464 autem
3541 4427 3655 4464 cum
3685 4408 3791 4462 Her-

587 4489 749 4543 neque
768 4476 978 4528 omnino
1010 4478 1294 4531 maculavit
1321 4477 1580 4547 Spiritum
1604 4480 1848 4535 illum...
1873 4482 2159 4537 Advocavit

586 4582 711 4634 ergo
752 4565 956 4619 Filium
1010 4578 1057 4622 et
1108 4572 1322 4624 nuntios
1370 4570 1527 4625 bonos
1556 4612 1571 4637 ,
1622 4581 1678 4624 ut
1705 4582 1753 4625 et
1791 4573 1912 4627 huic
1959 4574 2158 4630 scilicet

587 4660 795 4727 corpori
822 4697 837 4720 ,
866 4658 1004 4729 quod
1038 4662 1245 4715 servivit
1291 4660 1521 4731 Spiritui
1563 4674 1745 4717 sancto
1775 4666 1888 4719 sine
1921 4668 2159 4736 querela,

587 4753 735 4807 locus
764 4753 960 4822 aliquis
988 4756 1307 4809 consistendi
1337 4759 1557 4812 daretur
1581 4800 1598 4823 ,
1632 4776 1694 4814 ne
1723 4761 1986 4816 videretur
2020 4780 2160 4818 mer-

586 4847 764 4899 cedem
821 4846 1090 4900 servitutis
1137 4864 1247 4902 sua:
1296 4851 1607 4918 perdidisse.
1643 4854 1856 4925 Accepit
1896 4865 2072 4924 autem
2107 4865 2159 4910 et

584 4947 701 5011 post
725 4947 944 4991 mortem
984 4954 1137 4992 suam
1177 4940 1314 4994 idem
1343 4941 1541 4997 Christi
1570 4961 1786 5013 corpus,
1828 4947 2156 5017 humanaque

586 5028 820 5093 eiusdem
869 5037 1065 5081 natura
1111 5044 1316 5093 omnem
1348 5048 1505 5109 super
1532 5035 1778 5102 populum
1806 5045 2154 5104 potestatem;

589 5121 806 5178 tametsi
836 5120 1067 5191 ipsemet
1091 5121 1345 5179 Christus
1373 5164 1387 5187 ,
1435 5125 1529 5191 qui
1572 5128 1877 5182 secundum
1914 5129 2153 5185 divinam

587 5231 745 5274 suam
796 5219 1159 5275 substantiam
1200 5217 1345 5273 Patri
1378 5219 1444 5273 ad
1474 5221 1811 5276 condendam
1844 5233 2150 5281 creaturam

659 5332 701 5363 “
732 5331 876 5386 Psal.
903 5348 1091 5399 cxvnt,
1125 5331 1215 5387 9i.
1294 5384 1297 5387 γ

658 5486 771 5559 (se)
813 5486 1063 5559 llermas.
1094 5489 1258 5544 simil.
1294 5505 1347 5553 v,
1374 5504 1496 5559 cap.
1527 5490 1583 5543 6.

656 5556 769 5631 (2!)
812 5556 979 5631 idem,
1009 5559 1112 5631 lib.
1144 5576 1200 5613 ιιι
1227 5603 1242 5625 ,
1277 5556 1563 5616 similitud.
1597 5578 1647 5626 ν,
1680 5578 1799 5631 cap.
1828 5564 1863 5619 5
1886 5575 1935 5619 et
1965 5565 2019 5619 (ἰ.

658 5625 771 5696 (‘22)
812 5626 976 5694 Idem,
1007 5628 1100 5683 lib.
1128 5646 1220 5695 ιιι,
1249 5631 1529 5686 similitud.
1566 5625 1642 5699 ix,
1669 5625 1785 5704 cap.
1832 5636 1913 5689 li.

2269 4506 2387 4546 mas
2416 4493 2656 4547 nondum
2688 4495 3038 4565 intelligeret,
3088 4514 3264 4569 neque
3315 4516 3508 4571 capere
3540 4501 3786 4569 potuisset,

2266 4600 2373 4653 qua
2407 4586 2614 4640 ratione
2641 4628 2655 4653 ,
2694 4590 2787 4657 qui
2812 4587 2982 4645 Filius
3012 4589 3106 4645 Dei
3134 4602 3235 4657 est,
3262 4593 3403 4648 idem
3436 4603 3488 4648 et
3518 4594 3605 4648 Dei
3632 4605 3787 4647 servus

2264 4677 2354 4742 sit,
2386 4675 2664 4733 Pastorem
2697 4695 2855 4734 suum
2892 4681 3215 4753 interrogat;
3253 4701 3422 4755 quare
3449 4686 3612 4740 Filius
3640 4683 3719 4738 Dei
3743 4682 3786 4735 in

2263 4768 2623 4826 similitudine
2653 4772 2755 4826 hac
2779 4814 2794 4839 ,
2828 4774 3012 4828 servili
3066 4776 3185 4831 loco
3230 4779 3482 4847 ponitur?
3510 4778 3641 4833 lluic
3666 4790 3785 4847 qua:-

2263 4861 2424 4916 Stioni
2481 4864 2773 4934 respondet
2810 4865 3026 4935 quidem
3072 4867 3301 4924 Pastor:
3336 4868 3401 4923 In
3435 4872 3611 4926 servili
3631 4867 3782 4923 condi-

2261 4956 2398 5009 tione
2413 4973 2514 5010 non
2535 4960 2747 5027 ponitur
2762 4957 2810 5011 F
2814 4959 2938 5012 ilius
2957 4959 3074 5026 Dei,
3096 4962 3189 5016 sed
3214 4979 3267 5017 tn
3287 4979 3481 5034 magna
3498 4972 3732 5035 potestate
3743 4968 3780 5011 ct

2257 5048 2499 5118 imperio.
2533 5050 2636 5105 Sed
2669 5050 2783 5106 haec
2823 5053 2987 5107 verba
3021 5054 3288 5125 integrum
3320 5054 3558 5112 Pastoris
3592 5068 3780 5124 respon-

2259 5156 2380 5196 sum
2442 5157 2549 5196 non
2591 5142 2914 5210 absolvunt;
2963 5144 3230 5214 siquidem
3279 5157 3332 5203 et
3373 5149 3479 5204 alia
3506 5151 3571 5204 ab
3597 5163 3655 5202 eo
3677 5156 3775 5198 niox

2259 5232 2657 5303 subjiciuntur,
2690 5250 2811 5304 quae
2846 5238 3138 5306 propositae
3181 5240 3499 5308 quaestionis
3522 5240 3774 5311 pleniorem

2329 5500 2440 5569 (225)
2479 5499 2645 5571 idem,
2679 5499 2916 5556 mandat.
2952 5518 3045 5561 xu.
3076 5517 3196 5571 cap.
3234 5503 3317 5559 1‘2.

2278 5606 2283 5611 ι
2335 5571 2441 5641 εει)
2482 5570 2647 5637 Idem,
2681 5571 2847 5626 simil:
2875 5587 2949 5637 ix,
2980 5587 3101 5643 cap.
3135 5570 3220 5628 i2.
