4040 6322
294 218 395 273 877

1527 206 1821 262 PASTOR.
1857 237 1928 247 -—
1956 205 2317 263 ΡΒΟαΣΜΙΛ.

3415 206 3516 258 878

290 344 343 388 et
372 332 545 399 magis
569 330 881 386 distinctam
909 331 1234 386 solutionem
1261 329 1559 383 continent.
1586 325 1853 380 Nimirum
1886 335 1930 389 Α
1960 336 2176 396 peccata
2238 326 2505 395 expianda
2551 328 2789 398 pertulit.
2832 326 2950 395 Ipse
2996 326 3141 381 enim
3185 324 3322 378 viam
3377 326 3518 388 vine,

288 423 581 491 distinguit
604 438 794 477 rursus
812 421 1008 478 Pastor
1037 424 1177 476 inter
1201 420 1461 490 Spiritum
1485 429 1735 473 sanctum
1761 433 1858 472 seu

289 516 392 586 τὴν
420 513 570 567 Θείαν
598 513 652 565 in
690 511 913 567 Christo
957 514 1117 581 φύσιν
1140 554 1155 577 ,
1185 522 1238 567 et
1264 510 1466 565 Christi
1516 524 1718 578 corpus
1763 522 1859 562 seu

292 614 548 662 naturam
606 605 938 671 humanam;
991 620 1053 659 ac
1083 604 1337 659 servilem
1365 602 1733 658 conditionem
1759 642 1771 661 .
1804 600 1859 654 iu

290 714 403 768 qua
429 698 623 751 Filium
650 696 744 752 Dei
767 697 820 751 in
844 697 1197 752 similitudine
1220 705 1495 766 posuerat,
1521 695 1587 748 ad
1616 709 1859 759 carnem,

291 806 391 843 seu
426 798 677 843 naturam
716 789 878 843 istam
905 788 1199 842 humanam
1227 788 1495 841 duntaxat
1524 784 1859 840 referendam

288 895 437 942 esse,
471 880 687 933 disertis
718 880 894 933 verbis
924 880 1099 933 docet.
1132 878 1423 947 Postquam
1453 878 1599 932 enim
1642 877 1708 931 de
1737 876 1861 947 Spi-

290 974 405 1026 ritu
437 972 543 1026 isto
576 972 791 1026 locutus
821 972 1016 1036 fuerat,
1044 973 1134 1042 qui
1163 972 1370 1041 infusus
1391 981 1468 1024 est
1497 972 1730 1024 omnium
1751 972 1861 1040 pri-

288 1078 413 1114 mus
449 1062 501 1114 in
535 1078 779 1130 corpore,
812 1063 867 1115 in
914 1079 1015 1131 quo
1048 1061 1363 1114 inltabitaret
1396 1059 1560 1125 Deus,
1594 1075 1718 1114 mox
1748 1060 1861 1114 haec

289 1151 578 1221 snlijungit
607 1171 619 1205 :
653 1150 765 1204 Hoc
794 1168 915 1221 ergo
938 1167 1122 1221 corpus
1149 1152 1204 1203 in
1230 1166 1331 1216 quo
1354 1150 1602 1202 inductus
1631 1158 1707 1203 est
1737 1147 1861 1218 Spi-

287 1242 431 1294 ritus
459 1252 694 1302 sanctus,
727 1242 932 1295 servivit
973 1241 1054 1294 illi
1094 1240 1340 1310 Spiritui,
1368 1248 1501 1293 recte
1530 1240 1585 1293 in
1611 1238 1864 1291 modestia

283 1332 575 1387 ambulans
612 1342 661 1385 et
682 1343 844 1397 caste,
874 1349 1034 1402 neque
1057 1334 1268 1387 omnino
1290 1331 1575 1385 maculavit
1604 1331 1864 1399 Spiritum

287 1423 468 1476 illum.
490 1422 621 1477 Cum
643 1424 806 1493 igitur
826 1439 1013 1491 corpus
1032 1422 1165 1475 illud
1182 1423 1439 1491 paruisset
1470 1422 1612 1474 omni
1642 1432 1866 1490 tempore

254 1560 255 1563 η
288 1513 526 1583 Spiritui
548 1526 729 1568 sancto
748 1524 881 1569 recte
905 1526 1062 1584 atque
1083 1527 1246 1577 caste,
1262 1531 1325 1568 ac
1348 1513 1635 1568 laborasset
1650 1530 1766 1566 cum
1782 1530 1862 1579 eo,

286 1623 390 1660 nec
412 1607 765 1661 succubuisset
806 1607 861 1660 in
900 1608 1042 1660 onmi
1070 1618 1297 1676 tempore
1317 1648 1332 1671 ,
1361 1607 1646 1675 fatigatum
1674 1621 1860 1673 corpus

1961 418 2088 471 data
2115 418 2242 489 lege,
2265 435 2423 487 quam
2456 436 2488 472 a
2519 418 2681 473 Patre
2720 426 3010 483 acceperat,
3054 416 3205 469 nobis
3255 415 3517 477 ostendit;

1961 519 2114 579 atque
2136 510 2251 562 ideo
2293 510 2349 562 in
2394 508 2682 577 redemptos
2726 525 2900 563 omnes
2938 517 3140 579 regnat,
3187 506 3519 576 potestatein

1960 614 2045 651 eos
2075 614 2107 650 a
2132 597 2291 651 Patre
2328 600 2429 651 sibi
2459 614 2723 655 concessa.

2035 686 2277 743 Validius
2306 690 2441 743 nihil
2482 690 2622 744 tradi
2653 698 2831 759 potest
2860 689 2949 752 iis,
2975 705 3095 758 quze
3122 688 3313 745 Pastor
3346 687 3400 741 in
3429 702 3516 741 eo-

1961 779 2083 834 dem
2130 780 2553 836 Similitudinum
2601 783 2741 836 libro
2793 770 2963 837 docet'
2995 783 3173 852 quoad
3215 782 3522 836 absolutam

1964 875 2365 937 necessitatem,
2401 874 2455 928 in
2508 890 2615 944 qua
2642 888 2947 939 versamur,
2998 872 3341 927 mediationis
3394 870 3525 926 Jesu

1962 965 2165 1020 Christi
2194 967 2259 1020 ad
2282 976 2536 1020 aeternam
2564 966 2793 1020 salutem
2822 965 3282 1034 consequendam.
3306 962 3527 1034 Perspi~

1964 1072 2065 1111 ene
2120 1059 2377 1123 declarat,
2445 1058 2717 1112 neminem
2768 1058 2969 1110 intrare
3000 1070 3156 1125 posse
3189 1056 3242 1109 in
3300 1071 3524 1124 regnum

1965 1147 2081 1213 Dei,
2114 1149 2217 1202 nisi
2267 1149 2539 1217 acceperit
2590 1163 2790 1203 nomen
2817 1147 2938 1202 Filii
2987 1147 3079 1202 Dei
3112 1147 3246 1217 (26).
3284 1145 3528 1216 Evplicat

1965 1239 2341 1309 gravissimam
2373 1238 2516 1292 hanc
2547 1239 2828 1293 veritatem
2862 1238 3092 1306 paritate
3116 1236 3349 1305 alicujus
3374 1236 3527 1289 urbis

1966 1347 2125 1386 muro
2153 1332 2365 1396 cinctae,
2397 1346 2517 1399 quae
2546 1331 2704 1384 unica
2745 1331 2980 1385 donatur
3006 1338 3184 1399 porta,
3228 1343 3323 1398 per
3364 1344 3529 1398 quam

1967 1424 2278 1479 necessario
2307 1424 2395 1477 ille
2426 1431 2668 1477 transeat
2721 1432 2952 1492 oportet,
3010 1422 3101 1491 qui
3152 1421 3281 1475 velit
3335 1422 3526 1476 urbem

1968 1517 2196 1586 ingredi.
2236 1515 2403 1570 Porta
2440 1532 2579 1580 vero,
2609 1515 2757 1569 addit
2803 1514 2997 1568 Pastor
3018 1522 3141 1583 post
3165 1524 3400 1583 quatuor
3447 1514 3529 1567 vel

1967 1611 2208 1681 quinque
2233 1612 2423 1674 lineas,
2460 1609 2634 1665 Filius
2661 1609 2753 1663 Dei
2790 1619 2887 1675 est,
2912 1611 3000 1679 qui
3025 1609 3168 1662 solus
3188 1618 3263 1663 est
3292 1626 3530 1663 accessus

289 1698 434 1751 illud
460 1699 720 1753 serviliter
751 1709 1112 1753 conversatum
1142 1709 1239 1763 cst,
1267 1699 1355 1751 sed
1378 1700 1586 1767 fortiter
1606 1714 1723 1751 cum
1749 1696 1867 1766 Spi-

1971 1704 2039 1757 ad
2063 1703 2251 1757 Deum.
2279 1704 2448 1756 Aliter
2475 1718 2595 1772 ergo
2626 1718 2775 1755 nemo
2806 1702 3025 1756 intrabit
3069 1702 3137 1755 ad
3198 1701 3382 1766 Deum,
3428 1703 3531 1755 nisi

288 1790 407 1841 ritu
431 1800 613 1843 sancto
635 1789 1053 1858 comprobatum,
1084 1788 1191 1842 Deo
1220 1798 1477 1857 receptum
1498 1798 1575 1841 est
1601 1788 1861 1857 (alludere

290 1881 1224 1937 videturadverbaPaulilTimoth.
1268 1897 1386 1950 cap.
1410 1897 1505 1944 ιιι,
1531 1897 1583 1933 v.
1620 1881 1721 1946 l6,
1758 1879 1864 1932 ὲδισ

286 1977 507 2046 καιώθη
520 1978 579 2029 ὲν
604 1975 886 2045 πνεύματι,
910 1976 1003 2026 καὶ
1022 1973 1291 2045 ἀνελήφθη
1308 1976 1363 2025 ὲν
1376 1972 1502 2045 δόξῃ
1528 1973 1571 2043 ),
1590 1974 1643 2026 in
1665 1973 1864 2041 quibus

292 2071 482 2125 verbis
524 2069 732 2137 liquido
787 2076 1029 2137 apparet,
1060 2065 1342 2120 Pastorem
1376 2064 1523 2133 loqui
1550 2065 1617 2118 de
1640 2080 1866 2132 corpore

290 2178 400 2219 seu
422 2172 614 2216 natura
637 2161 840 2215 Christi
857 2163 1112 2224 humana,
1134 2160 1307 2229 deque
1326 2174 1392 2213 eo
1416 2168 1623 2213 tantum
1640 2174 1867 2229 corpore

286 2254 590 2319 aﬂirmare,
615 2253 751 2322 quod
775 2252 1035 2306 serviliter
1061 2260 1422 2305 conuersatam
1466 2252 1657 2320 fuerit;
1694 2253 1868 2321 quod-

286 2362 409 2416 que
432 2354 593 2415 post,
628 2359 691 2399 ac
738 2353 957 2413 propter
980 2352 1253 2413 peractam
1284 2344 1337 2397 in
1363 2344 1524 2398 terris
1551 2344 1864 2399 servitutem

290 2439 462 2491 istam
494 2452 617 2490 cum
672 2434 876 2505 Spiritu
930 2445 1121 2490 sancto
1168 2450 1261 2490 seu
1300 2434 1378 2505 τῷ
1411 2436 1600 2506 Λόγῳ,
1653 2436 1706 2489 in
1756 2453 1867 2506 quo

289 2527 659 2592 subsisteret,
686 2528 1080 2596 comprobatum
1115 2526 1218 2581 Deo
1238 2568 1253 2593 ,
1285 2530 1441 2597 fuerit
1469 2540 1749 2598 receptum,
1770 2530 1869 2581 hoc

288 2631 406 2686 est,
426 2620 493 2673 ad
523 2621 768 2674 dextram
800 2620 995 2673 divinze
1021 2619 1319 2689 majestatis
1344 2630 1588 2677 evectum
1620 2625 1675 2675 in
1700 2624 1868 2677 excel-

288 2712 551 2767 sissimis.
582 2710 719 2765 Hinc
748 2710 941 2766 Pastor
970 2710 1174 2766 Christi
1207 2713 1446 2767 hominis
1483 2716 1865 2769 exaltationetn

290 2804 725 2858 adumbraverat
776 2802 828 2857 in
880 2803 1233 2858 similitudine
1270 2819 1366 2873 per
1400 2820 1652 2869 servum,
1706 2822 1865 2875 quem

292 2895 570 2951 Dominus
594 2895 743 2950 fundi
767 2934 782 2959 ,
814 2896 917 2949 hoc
961 2904 1043 2949 est
1089 2893 1229 2950 Deus
1273 2894 1453 2962 Pater,
1488 2906 1702 2967 propter
1732 2913 1869 2966 opus

294 2991 514 3043 bonum
558 2988 702 3059 quod
729 2988 1069 3057 przestiterat,
1102 2986 1236 3041 Filio
1280 3004 1378 3043 suo
1411 2987 1745 3042 colnrredem
1777 3003 1869 3041 vo-

1967 1813 2058 1866 per
2085 1795 2288 1849 Filium
2310 1796 2444 1864 ejus.
2478 1794 2701 1848 Alterna
2728 1796 2889 1863 igitur
2917 1794 3063 1849 salus
3088 1794 3319 1849 obtineri
3346 1797 3531 1865 nequit

1969 1894 2172 1963 absque
2205 1892 2306 1946 fide
2335 1893 2387 1945 in
2412 1889 2596 1945 Iesum
2620 1889 2920 1945 Christum.

1972 1984 1998 2053 §
2020 1981 2105 2035 Ill.
2137 1982 2211 2035 De
2228 1982 2507 2050 baptismo,
2533 1980 2852 2044 ptenitentia,
2870 1980 3053 2033 ordine
3092 1995 3154 2031 ac
3172 1980 3527 2041 matrimonio.

2040 2072 2115 2126 Ex
2148 2072 2401 2129 absoluta
2450 2070 2776 2125 necessitate
2843 2069 3189 2124 mediationis
3234 2067 3531 2123 Salvatoris

1968 2167 2032 2220 ad
2057 2173 2311 2218 :eternam
2338 2162 2565 2215 salutem
2591 2162 3057 2231 consequendam,
3087 2161 3249 2215 aliam
3287 2161 3407 2214 ﬁdei
3435 2177 3527 2214 νο·-

1969 2254 2182 2307 ritatem
2201 2252 2421 2307 deducit
2444 2251 2660 2316 Pastor,
2684 2266 2806 2320 qua:
2828 2252 2897 2306 ab
2928 2252 3017 2306 illa
3045 2252 3365 2306 naturaliter
3388 2250 3526 2313 tlnit,

1971 2345 2176 2400 scilicet
2203 2344 2579 2399 necessitatem
2624 2345 2898 2415 baptismi,
2936 2345 3165 2413 ejusque
3198 2346 3389 2399 miram
3418 2344 3531 2398 elli-

1970 2435 2273 2491 cacitatem.
2332 2437 2622 2504 Antequam
2665 2435 2825 2499 enim,
2861 2435 2937 2489 ait
3005 2436 3093 2489 ille
3125 2435 3259 2505 (27),
3305 2436 3531 2504 accipiat

1970 2528 2122 2582 homo
2160 2543 2343 2580 nomen
2384 2526 2482 2594 ﬁlii
2509 2526 2639 2589 Dei,
2686 2527 2844 2579 morti
2879 2527 3173 2581 destinatus
3218 2538 3335 2582 est:
3359 2537 3415 2580 at
3443 2527 3531 2580 ubi

1972 2621 2168 2689 accepit
2202 2619 2334 2672 illud
2360 2618 2621 2688 sigillum,
2654 2618 2912 2673 liberatur
2939 2636 2970 2671 a
3012 2628 3196 2685 morte,
3228 2630 3275 2673 et
3300 2620 3536 2673 traditur

1972 2713 2111 2765 vitae.
2139 2709 2284 2762 Illud
2313 2718 2489 2762 autem
2513 2709 2748 2778 sigillum
2776 2726 2913 2781 aqua
2935 2720 3033 2776 est,
3066 2712 3121 2763 in
3143 2727 3299 2781 quam
3321 2710 3531 2766 descen-

1970 2805 2102 2858 dunt
2138 2803 2370 2857 homines
2399 2803 2557 2855 morti
2586 2801 2826 2872 obligati,
2855 2804 3139 2856 ascendunt
3160 2821 3276 2857 vero
3302 2805 3422 2858 vita:
3446 2821 3532 2857 as-

1971 2894 2167 2964 signati
2228 2894 2362 2964 (28).
2414 2892 2700 2947 Pulchrior
2754 2892 2984 2949 fortasse
3028 2910 3135 2947 non
3190 2895 3533 2950 adinvenitm-

1972 2996 2154 3042 textus
2176 2987 2240 3041 ad
2272 2987 2649 3042 necessitatem
2678 2984 2953 3056 baptismi,
2973 2988 3199 3058 ejusque
3223 2989 3418 3045 miram
3451 2991 3533 3044 ef-

293 3082 405 3139 luit
432 3082 634 3136 facere.
660 3079 861 3149 Nempe
890 3096 986 3149 per
1017 3095 1233 3134 servant
1261 3079 1511 3147 intelligit
1534 3095 1752 3147 corpus,
1774 3094 1865 3133 seu
1896 3063 1938 3119 Ο
1975 3080 2216 3134 licaeiam
2258 3080 2745 3148 comprobandum.
2784 3078 2976 3133 Pastor
3026 3088 3133 3134 tam
3187 3082 3535 3137 vehementer

292 3174 600 3226 humanam
647 3170 849 3223 Christi
898 3180 1186 3234 naturam;
1224 3185 1318 3238 per
1362 3168 1558 3223 Filium
1613 3184 1741 3224 vero
1773 3169 1871 3240 τὴν

293 3262 454 3317 θείαν
493 3262 546 3316 in
572 3261 793 3316 Christo
824 3260 983 3328 φύσιν
1012 3261 1251 3315 divinant
1281 3271 1531 3315 naturam
1558 3300 1573 3324 ,
1606 3270 1665 3315 ut
1707 3263 1873 3316 lecto-

295 3368 418 3407 rem
439 3350 554 3420 jam
587 3350 710 3421 plus
738 3351 905 3405 semel
939 3350 1270 3405 monuimus.
1302 3349 1457 3404 Tunc
1495 3349 1660 3419 igitur
1682 3364 1873 3405 servus

295 3444 444 3499 Filio
474 3443 715 3499 coheres
740 3442 916 3496 factus
939 3450 1041 3502 est.
1079 3457 1202 3495 cum
1236 3457 1436 3510 corpus
1488 3455 1582 3494 seu
1636 3441 1871 3495 humana

298 3545 501 3590 natura
549 3532 677 3588 Jesu
737 3532 941 3587 Christi
978 3541 1100 3602 post
1157 3533 1611 3587 resurrectionem
1646 3533 1711 3586 ad
1743 3533 1873 3589 dex-

298 3636 449 3679 tram
483 3624 577 3678 Dei
618 3624 885 3677 collocata
904 3664 919 3689 ,
946 3623 1184 3692 ejusdem
1212 3624 1396 3693 gloria:
1436 3632 1598 3692 atque
1627 3624 1871 3688 honoris,

297 3734 404 3788 pro
432 3726 591 3787 captu
620 3732 722 3769 suo
744 3717 892 3769 socia
917 3715 1098 3781 fuerit,
1127 3715 1499 3784 particepsque
1524 3714 1686 3780 facta,
1712 3732 1871 3785 quem

302 3810 570 3862 honorem
615 3806 785 3861 Filius
819 3805 910 3861 Dei
940 3822 1033 3861 seu
1064 3810 1091 3859 ὁ
1122 3807 1290 3874 Λόγος
1314 3845 1328 3869 ,
1362 3806 1522 3860 etiam
1559 3818 1684 3859 ante
1731 3806 1874 3858 lmuc

299 3896 573 3950 mundum
626 3895 950 3960 conditum,
1009 3896 1152 3964 apud
1206 3895 1424 3950 Patrem
1476 3911 1637 3951 suum
1697 3896 1875 3965 possi-

298 3988 476 4042 deret.

381 4075 684 4131 Genuinam
714 4076 800 4135 hic
824 4093 910 4131 me
929 4076 1169 4132 Pastoris
1191 4081 1516 4133 sententiam
1536 4078 1870 4151 exhibuisse,

304 4167 471 4222 facile
490 4168 799 4237 perspiciet,
825 4170 1077 4239 quisquis
1103 4170 1516 4224 similitudinem
1544 4170 1688 4223 illam
1715 4170 1875 4239 quin-

303 4272 420 4316 tam
457 4258 667 4315 Hennae
698 4277 820 4315 cum
854 4277 983 4315 cura
1027 4262 1211 4331 aliqua
1254 4261 1462 4332 legerit.
1506 4261 1580 4315 Ex
1623 4262 1707 4316 his
1748 4278 1874 4315 vero

303 4348 566 4403 omnibus
592 4348 803 4401 tandem
834 4347 1338 4404 manifestissimum
1363 4358 1467 4412 est,
1496 4350 1751 4405 docuisse
1774 4347 1873 4402 Pa-

304 4450 515 4494 storem
550 4437 747 4492 Filium
774 4437 890 4504 Dei,
908 4455 1016 4509 qua
1043 4438 1138 4493 Dei
1168 4439 1339 4494 Filius
1360 4449 1411 4493 et
1442 4438 1583 4495 Deus
1605 4450 1709 4506 est,
1731 4440 1871 4493 servi

306 4531 581 4585 rationem
607 4531 771 4584 etiam
803 4540 1051 4600 respectu
1085 4530 1177 4584 Dei
1198 4530 1386 4585 Patris
1418 4533 1732 4601 neutiquam
1770 4532 1870 4584 has

308 4623 461 4685 bere,
479 4637 649 4690 neque
674 4621 929 4675 habuisse
954 4638 1227 4691 unquam;
1263 4638 1435 4690 neque
1460 4623 1615 4677 aliter
1655 4637 1870 4677 servum

310 4713 409 4766 Dei
441 4711 734 4780 aliquando
760 4710 966 4775 fuisse,
1012 4727 1175 4781 quam
1225 4722 1445 4781 pr0pter
1483 4712 1875 4766 incarnationis

308 4805 809 4874 dispensationem,
843 4820 1003 4874 quam
1048 4806 1192 4858 ultro
1217 4804 1473 4874 suscepit.
1500 4803 1771 4859 llactenus
1808 4805 1875 4857 de

309 4896 439 4952 Jesu
470 4897 673 4951 Christi
714 4906 907 4951 natura
935 4896 1136 4950 divina.
1186 4894 1290 4950 Sed
1316 4896 1610 4950 humanam
1654 4897 1875 4965 insuper

312 4988 511 5044 Pastor
568 4989 621 5042 in
670 4988 889 5042 Christo
947 4988 1169 5042 tradidit
1218 4998 1512 5052 naturam,
1574 4989 1873 5044 secundum

314 5098 478 5152 quam
510 5098 653 5134 servo
683 5090 1018 5150 comparatus
1045 5080 1156 5149 (25)
1181 5079 1351 5134 Filius
1385 5078 1475 5133 Dei
1524 5088 1578 5133 et
1617 5080 1877 5134 terutunis

315 5173 502 5228 multis
531 5172 799 5226 obnoxius
827 5172 947 5236 fuit,
976 5154 1225 5239 malaque
1242 5170 1474 5240 plurima
1505 5172 1569 5223 ad
1592 5171 1872 5225 hominum

386 5350 499 5429 (25)
540 5357 787 5417 llermas.
823 5358 916 5410 lib.
948 5373 1028 5429 ιιι,
1063 5356 1226 5410 simil.
1252 5372 1311 5429 _v,
1352 5372 1400 5429 c.
1435 5356 1466 5409 5
1489 5364 1543 5410 et
1574 5357 1624 5409 6.

398 5426 499 5495 {26)
542 5428 706 5490 Idem,
732 5430 919 5481 eodem
952 5428 1109 5490 libro,
1142 5426 1423 5480 similitud.
1457 5443 1531 5490 ix,
1565 5443 1682 5495 cap.
1720 5426 1799 5480 l2.

410 5498 502 5565 27)
542 5498 712 5562 Idem,
745 5498 902 5560 ibid.,
928 5514 1046 5565 cap.
1094 5498 1175 5550 lli.

410 5553 799 5639 28577Agnoscit
825 5553 1110 5639 sintul'hic
1148 5567 1341 5622 Pastor
1377 5577 1658 5639 peccatum
1709 5566 1874 5639 origio

322 5637 462 5693 nale.
484 5637 761 5693 Nonnulla
800 5653 976 5692 tamen
1008 5637 1240 5692 dillieilia
1282 5648 1333 5692 et
1365 5638 1599 5691 obscura
1634 5646 1746 5690 tum
1784 5638 1869 5691 hic

1973 3188 2085 3227 suae
2118 3171 2399 3227 sententiae
2444 3172 2664 3235 insistit,
2714 3180 2769 3224 ut
2803 3173 3092 3226 contendat
3140 3173 3319 3243 justos
3370 3175 3532 3228 etiam

1973 3262 2065 3333 qui
2100 3270 2225 3316 ante
2263 3260 2689 3315 incarnationem
2734 3260 3106 3327 decesserunt,
3137 3277 3245 3316 non
3291 3265 3536 3333 potuisse

1973 3353 2029 3406 in
2062 3368 2284 3421 regnum
2315 3351 2406 3405 Dei
2435 3351 2658 3417 intrare,
2689 3352 2794 3407 nisi
2820 3352 3005 3408 divino
3046 3353 3151 3409 hoc
3191 3368 3536 3411 sacramento

1973 3443 2168 3514 signati
2205 3452 2406 3497 essent.
2458 3441 2679 3496 Necesse
2716 3452 2814 3508 est,
2841 3444 2919 3497 ait
2939 3443 3047 3509 ille,
3075 3444 3305 3513 loquens
3332 3447 3401 3501 de
3436 3462 3532 3515 pa-

1976 3531 2259 3593 triarchis,
2280 3531 2559 3600 prophetis
2580 3546 2644 3585 ac
2657 3531 2821 3601 justis
2842 3542 2969 3589 ante
3010 3531 3311 3589 Salvatoris
3333 3536 3536 3590 adven-

1960 3632 2095 3677 .tum
2125 3622 2451 3688 viventibus,
2476 3632 2532 3676 ut
2571 3639 2663 3692 per
2694 3640 2887 3693 aquam
2911 3624 3135 3677 habeant
3157 3626 3452 3691 ascendere,
3480 3639 3534 3679 ut

1976 3716 2299 3786 requiescant
2336 3734 2353 3775 ε
2388 3733 2490 3769 non
2537 3725 2779 3785 poterant
2827 3718 2964 3770 enim
3015 3718 3175 3771 aliter
3229 3726 3283 3771 tn
3322 3735 3535 3788 regnum

1976 3808 2071 3861 Dei
2094 3809 2316 3873 intrare,
2339 3824 2496 3877 quam
2529 3816 2587 3861 ut
2612 3808 2922 3876 deponerent
2950 3809 3322 3863 mortalitatem
3344 3812 3537 3878 prioris

1976 3901 2112 3952 vita.
2145 3897 2311 3952 Addit
2340 3897 2583 3967 insuper,
2632 3906 2843 3953 veteres
2887 3897 3023 3953 istos
3075 3898 3254 3968 sigillo
3292 3897 3409 3951 Filii
3446 3898 3535 3952 Dei

1974 3991 2218 4059 signatos
2248 3986 2438 4054 fuisse,
2461 3996 2516 4043 et
2556 3989 2628 4043 ita
2650 3988 2886 4044 intrasse
2915 4004 3144 4059 regnum
3170 3988 3295 4044 Dei:
3326 3989 3407 4043 illi
3439 3992 3539 4059 igi-

1976 4093 2065 4134 tur
2097 4081 2332 4149 defuncti
2353 4080 2530 4149 sigillo
2559 4078 2691 4133 Filii
2713 4080 2806 4134 Dei
2833 4081 3031 4151 signati
3060 4090 3203 4142 sunt,
3232 4091 3280 4134 et
3311 4084 3539 4136 intrave-

1976 4184 2097 4226 runt
2125 4174 2179 4226 in
2212 4189 2426 4241 regnum
2455 4174 2590 4236 Det;
2630 4172 2845 4239 deinde,
2894 4172 3168 4242 apostolos
3201 4181 3255 4226 et
3291 4174 3540 4227 doctores

1975 4263 2251 4323 Ecclesiae,
2278 4272 2399 4331 post
2419 4276 2606 4315 eorum
2636 4272 2866 4316 mortem
2896 4261 2981 4315 his
3015 4263 3340 4331 praeJieasse
3365 4261 3541 4315 Evan-

1978 4354 2173 4425 geliqu
2200 4352 2327 4407 Jesu
2361 4354 2587 4415 Christi,
2620 4361 2676 4407 et
2716 4353 2931 4407 dedisse
2958 4353 3039 4407 eis
3067 4353 3419 4422 baptismum,
3445 4354 3541 4421 qui

1978 4444 2128 4499 solus
2152 4444 2375 4508 deerat,
2409 4452 2468 4496 ut
2495 4452 2680 4497 essent
2722 4443 2892 4498 beati:
2929 4442 3188 4507 Quoniam
3232 4443 3286 4496 lii
3315 4446 3542 4513 apostoli

2067 4576 2079 4590 .
2109 4575 2123 4589 .
2166 4551 2282 4589 cum
2328 4535 2565 4604 defuncti
2619 4546 2808 4598 essent,
2861 4534 3279 4604 praedicaverunt
3327 4535 3408 4588 his
3451 4537 3539 4605 qui

1977 4638 2095 4680 ante
2133 4626 2392 4692 obierant,
2418 4636 2467 4679 et
2499 4626 2600 4694 ipsi
2629 4626 2882 4679 dederunt
2899 4626 2973 4680 eis
2996 4625 3204 4695 signum
3231 4626 3364 4679 illud
3390 4667 3403 4681 .
3439 4666 3454 4680 .
3483 4667 3495 4679 .
3524 4666 3536 4680 .

1978 4717 2338 4771 tantummodo
2387 4716 2486 4769 Itoc
2530 4716 2767 4784 sigillum
2808 4717 3051 4781 defuerat
3081 4718 3178 4771 eis.
3235 4716 3540 4789 Singularis

1970 4821 2110 4867 sane
2144 4807 2258 4861 haec
2287 4817 2431 4861 esset
2463 4807 2669 4876 opinio,
2709 4808 2753 4861 si
2786 4805 2980 4861 Pastor
3012 4808 3167 4863 vellet
3196 4809 3281 4862 hic
3314 4808 3538 4880 intelligi

1976 4899 2043 4953 de
2065 4898 2335 4967 baptismo
2365 4914 2549 4968 aquae,
2580 4908 2712 4968 puto
2746 4908 2925 4953 autem
2957 4916 3057 4970 ego
3096 4916 3221 4954 cum
3246 4900 3327 4954 Cl.
3377 4900 3538 4955 Flen-

1974 4993 2057 5047 rio
2090 4990 2225 5061 (29),
2256 5006 2563 5047 sermonem
2616 4993 2703 5047 hic
2738 4993 2853 5047 fieri
2907 4992 2975 5047 de
3025 4994 3197 5062 gratia
3249 4991 3534 5055 baptismi,

1975 5084 2086 5138 imo
2112 5083 2295 5153 potius
2325 5084 2485 5139 sicuti
2508 5085 2713 5153 optime
2735 5084 2966 5139 advertit
2987 5083 3068 5138 Cl.
3103 5082 3400 5137 Cotelerius
3424 5081 3535 5149 (50)

1975 5175 2041 5229 de
2070 5175 2337 5244 baptismo
2368 5176 2763 5245 metaphorico,
2797 5185 2851 5230 et
2871 5176 3094 5229 omnino
3126 5172 3373 5243 spiritali,
3408 5187 3533 5241 pro-

1916 5374 1923 5377 ‘
1980 5367 2093 5413 tum
2122 5359 2247 5414 alibi
2272 5360 2555 5430 inspergit,
2582 5375 2703 5429 qua:
2732 5359 3014 5426 benignam
3035 5354 3533 5425 interpretationem

1981 5431 2279 5499 postulant,
2316 5441 2376 5483 ut
2401 5433 2469 5483 ab
2496 5446 2681 5485 errore
2708 5430 3069 5484 vindicentur.

2048 5500 2161 5569 (29)
2200 5499 2344 5556 llist.
2376 5502 2581 5565 eccles.,
2614 5509 2745 5555 tom.
2770 5501 2817 5569 Vl,
2849 5500 2940 5569 lib.
2970 5514 3030 5563 ιι,
3057 5499 3085 5569 ς
3113 5498 3201 5552 46.
3424 5566 3453 5569 ᾗ
3547 5556 3556 5566 ι

2046 5566 2159 5642 (50)
2198 5570 2397 5626 Tom.l
2445 5571 2680 5640 Operam
2715 5568 2811 5625 SS.
2843 5568 2947 5625 PP.
2975 5566 3233 5639 apostol.,
3262 5584 3315 5649 ιι.
3354 5566 3476 5624 H7.
