4040 6322
596 258 699 317 8⁸⁷9

2008 247 2064 299 S.
2107 241 2366 299 "ERMzE
3679 233 3761 287 880

593 374 666 426 nti
710 365 1057 425 conveniebat
1110 366 1396 419 animabus
1450 379 1481 416 a
1540 360 1771 431 prepriis
1826 356 2148 427 corporibus
2180 359 2223 413 Α
2254 353 2508 421 peccatis.
2539 360 2590 403 ct
2628 346 3067 404 confessionibus
3099 344 3203 400 sibi
3235 344 3462 399 invicem
3507 344 3762 398 succeden-

594 461 880 532 separ‘atis.
905 460 1171 514 Cmtemm
1200 474 1305 510 non
1332 456 1481 510 solus
1515 454 1738 507 Hermas
1764 453 1905 506 hanc
1931 448 2147 518 Opinio-

598 567 718 606 nem
754 550 1036 619 amplexus
1064 557 1174 611 est;
1207 562 1304 615 pro
1346 561 1408 598 ea
1442 544 1498 597 S.
1533 544 1783 597 Clemens
1825 535 2145 593 Alexandri-

594 660 699 698 nus
753 644 864 713 (51)
904 655 1121 710 quoque
1154 638 1429 708 ptignavit,
1484 635 1575 705 qui
1633 632 1851 686 adducit
1891 632 1944 684 in
1986 627 2152 697 hujus

592 734 1161 806 causat‘patrocinium
1207 740 1385 783 textus
1419 727 1579 796 paulo
1620 740 1782 793 supra
1829 720 2149 776 recensitos.

592 828 747 893 Quod
773 841 901 880 vero
929 824 1117 879 scribit
1153 820 1343 875 Pastor
1373 819 1438 872 de
1466 815 1844 886 praedicatione
1878 811 2154 880 apostolo-

593 932 713 971 rum
750 915 889 969 facta
913 912 1201 966 animabus
1220 910 1519 978 iustorum,
1547 904 1639 975 qui
1663 913 1787 958 ante
1817 899 2154 955 lncarnatio—

594 1027 714 1064 nem
754 1012 1140 1071 decesserunt,
1185 1004 1533 1059 vehementer
1574 998 1785 1053 obtinet
1814 995 1956 1065 apud
2009 1001 2156 1046 vete-

593 1119 679 1155 res
706 1102 838 1168 (ss).

664 1194 832 1249 Valde
859 1192 1103 1246 terribile
1132 1200 1236 1254 est,
1263 1189 1409 1260 quod
1434 1186 1598 1241 tradit
1634 1184 1826 1239 Pastor
1865 1184 2009 1237 circa
2042 1196 2151 1250 pa:-

597 1287 881 1339 nitentiam
918 1284 1054 1351 (55).
1085 1282 1323 1345 Domine,
1366 1280 1498 1334 dicit
1540 1279 1586 1332 ei
1635 1275 1879 1337 Hermas,
1904 1274 2083 1325 audivi
2126 1289 2156 1324 a

591 1377 905 1447 quibusdam
936 1374 1239 1428 doctoribus
1274 1372 1412 1441 quod
1449 1370 1560 1423 alia
1607 1368 1909 1439 patuitentia
1935 1381 2035 1418 non
2056 1372 2155 1423 est,

594 1471 699 1522 nisi
726 1468 845 1530 illa,
879 1482 999 1520 cum
1044 1467 1098 1520 in
1142 1480 1331 1534 aquam
1374 1462 1756 1524 descendimus,
1788 1470 1835 1512 et
1876 1458 2159 1527 accipimus

596 1561 955 1615 remissionem
977 1568 1306 1627 peccatorum
1332 1563 1668 1615 nostrorum;
1694 1552 1795 1612 ita,
1837 1561 1892 1603 ut
1935 1566 2027 1602 nos
2059 1565 2161 1602 non

594 1655 869 1708 debeamus
899 1651 1123 1705 ulterius
1170 1665 1383 1719 peccare
1411 1649 1554 1716 (post
1582 1644 1945 1712 receptionem
2000 1641 2163 1709 hujus

596 1744 969 1812 sacramenti).
998 1741 1111 1795 Hoc
1134 1756 1308 1795 verum
1341 1740 1520 1807 utique
1545 1745 1643 1797 est,
1670 1734 1960 1803 respondet
1987 1734 2035 1787 ei
2060 1731 2158 1785 Pa-

601 1847 715 1893 stor
737 1854 750 1890 :
772 1846 906 1889 recte
922 1834 1155 1897 audisti;
1185 1831 1275 1886 sed
1304 1840 1487 1900 postea
1520 1829 1567 1883 ei
1596 1828 1951 1889 demonstrat,
1982 1825 2163 1895 bapti-

598 1944 777 1983 smum
806 1942 912 1981 non
938 1940 1059 1979 esse
1084 1920 1299 1993 preprie
1328 1920 1724 1991 paenitentiam,
1759 1918 1851 1971 sed
1881 1917 2163 1971 remissio-

597 2036 744 2085 nem,
774 2029 829 2074 et
865 2018 1238 2089 ptenitcntiam
1281 2031 1387 2068 non
1440 2029 1578 2077 esse,
1632 2015 1732 2068 nisi
1789 2028 1888 2083 pro
1923 2010 2013 2075 iis,
2068 2010 2161 2079 qui

598 2122 886 2183 postquam
916 2110 1093 2164 vocati
1140 2116 1288 2168 sunt,
1327 2115 1379 2159 et
1412 2106 1550 2159 inter
1584 2106 1767 2159 tideles
1817 2102 2078 2170 coaptati,
2132 2117 2162 2155 a

597 2204 815 2259 diabolo
849 2202 1038 2257 tentati
1072 2209 1450 2270 peccaverunt.
1505 2196 1570 2249 Et
1609 2198 1726 2250 ideo
1750 2197 1868 2249 dico
1893 2195 2008 2259 tibi,
2034 2209 2161 2265 pro-

598 2297 844 2368 sequitur
888 2293 1079 2349 Pastor
1111 2294 1248 2363 (Mi,
1291 2296 1425 2361 quod
1478 2299 1593 2359 post
1640 2289 1961 2342 vocationem
2012 2288 2162 2341 illam

599 2402 863 2457 magnam,
915 2394 963 2438 et
990 2394 1248 2445 sanctam,
1296 2383 1341 2435 si
1365 2383 1480 2451 quis
1529 2390 1759 2434 tentatus
1794 2381 1952 2449 fuerit
1985 2397 2016 2433 a
2043 2380 2165 2433 dia-

600 2481 738 2542 bolo,
762 2488 813 2531 et
836 2476 1145 2547 peccaverit,
1194 2491 1353 2528 unam
1382 2474 1742 2543 pmnitentiam
1776 2470 1963 2533 habet;
1987 2470 2035 2524 si
2062 2487 2163 2524 au-

600 2579 701 2624 tem
744 2568 960 2623 subinde
1014 2577 1183 2635 peccet
1227 2575 1276 2618 et
1314 2563 1675 2633 paenitentiam
1714 2572 1863 2632 agat,
1893 2577 1993 2613 non
2042 2576 2165 2630 pro-

596 2661 734 2714 derit
778 2659 977 2712 homini
1020 2657 1152 2710 talia
1176 2657 1379 2725 agenti:
1414 2653 1623 2723 di/ﬁcilc
1654 2653 1795 2706 enim
1841 2653 1969 2705 vivet
2016 2650 2163 2714 Deo;

599 2762 709 2808 una
744 2753 911 2814 enim,
947 2750 1023 2805 ait
1048 2750 1123 2803 illi
1156 2748 1449 2817 aliquando
1476 2746 1749 2816 superius,
1788 2745 2017 2798 habetur
2041 2752 2163 2797 tan-

598 2846 883 2900 tummodo
936 2842 1252 2914 paenitentia
1295 2858 1393 2912 pro
1428 2842 1602 2895 servis
1635 2839 1761 2894 Dei:
1812 2838 1984 2892 Servis
2027 2840 2164 2893 enim

604 2937 695 2990 Dei
721 2937 1027 3006 paenitentia
1060 2951 1165 2987 una
1191 2944 1288 2987 est.
1329 2931 1542 2986 Nullam
1573 2930 1940 2986 dillicultatem
1982 2930 2166 3000 quoad

2259 445 2422 498 tibus.
2451 441 2509 497 Si
2531 451 2645 510 post
2670 438 3047 509 paenitentiam,
3081 435 3257 504 inquit
3286 433 3374 488 ille
3396 473 3412 497 ,
3448 433 3645 485 subinde
3669 449 3767 499 pec-

2255 546 2353 596 cet,
2386 546 2435 589 et
2466 535 2817 601 paenitentiam
2846 541 2989 601 agat,
3043 545 3147 583 non
3191 528 3423 597 proderit
3442 527 3623 579 homini
3665 527 3770 580 talia

2256 630 2466 699 agenti;
2494 626 2700 696 difﬁcile
2746 626 2882 679 enim
2918 625 3047 677 vivet
3070 622 3199 675 Deo.
3229 618 3531 674 Notandum
3569 620 3646 674 hic
3686 628 3770 681 est,

2257 722 2535 775 Pastorem
2557 719 2804 773 absolute
2825 732 2932 770 non
2954 727 3217 776 asserere,
3242 712 3514 765 hominem
3534 726 3630 765 non
3645 726 3776 779 posse

2256 813 2501 885 quolibet
2552 812 2676 863 vitze
2727 824 2838 863 suae
2900 815 3144 874 tempore
3192 816 3373 855 veram
3443 800 3777 868 paenitentiam

2260 920 2438 975 agere,
2466 903 2595 956 etin
2626 898 2988 953 amaritudine
3022 895 3206 950 cordis
3248 894 3353 955 sui,
3408 900 3463 944 et
3486 890 3636 943 corde
3671 905 3777 943 con-

2259 1000 2390 1054 trito
2429 1006 2482 1051 et
2538 995 2820 1049 humiliato
2856 992 2922 1045 ad
2958 991 3125 1044 Deum
3170 1003 3290 1043 sese
3324 994 3654 1048 convertere;
3704 985 3781 1040 sed

2259 1091 2436 1147 solum
2472 1087 2766 1142 maximam
2800 1083 3057 1153 praedicat
3081 1078 3449 1134 dillicultatem
3501 1074 3653 1143 hujus
3672 1090 3782 1127 con-

2258 1180 2595 1238 versionisin
2621 1176 3018 1247 peccatoribus,
3043 1172 3110 1226 de
3138 1171 3339 1240 quibus
3370 1178 3454 1221 est
3484 1167 3785 1233 sermo;di[-

2260 1276 2399 1345 ficile
2446 1277 2572 1329 vivet
2604 1273 2729 1337 Deo,
2764 1270 2907 1340 quod
2957 1268 3241 1322 indubium
3292 1273 3398 1318 est.
3449 1260 3669 1315 Phrasos
3720 1259 3789 1313 his

2262 1368 2591 1430 simillimas,
2637 1365 2748 1417 imo
2800 1361 3104 1430 asperiores
3153 1357 3316 1411 etiam
3352 1353 3714 1408 adinvenimus
3742 1351 3785 1403 in

2261 1460 2533 1530 aliquibus
2557 1458 2677 1511 aliis
2712 1455 2966 1510 Ecclesize
2986 1450 3261 1513 Patribus,
3294 1455 3427 1517 puto
3454 1444 3590 1513 apud
3622 1441 3788 1496 S.Cle-

2264 1560 2500 1606 mentem
2531 1545 2984 1607 Alexandrinum,
3019 1541 3080 1596 D.
3107 1540 3464 1610 Cyprianum,
3505 1545 3558 1590 et
3595 1536 3647 1588 S.
3683 1534 3787 1585 Am-

2269 1645 2510 1700 brosium
2567 1641 2702 1711 (55),
2753 1639 2898 1710 quod
2931 1652 3062 1693 sane
3120 1644 3363 1689 veterum
3396 1633 3669 1686 horrorem
3710 1645 3787 1699 pro

2197 1713 2535 1806 Bfrequenti
2590 1734 2802 1802 relapsu
2855 1728 3112 1785 ostendit.
3174 1725 3392 1782 Utinam
3450 1724 3641 1778 nostris
3666 1723 3788 1776 hisee

2266 1826 2622 1897 temporibus,
2656 1824 2749 1893 qui
2778 1822 2844 1876 ad
2868 1821 2919 1875 id
2953 1825 3509 1883 tenentur,sanetum
3542 1814 3789 1868 hunchor-

2266 1934 2443 1974 rorem
2468 1916 2795 1972 Christianis
2816 1912 3153 1982 ingererent!
3188 1908 3399 1962 utinam
3433 1904 3787 1960 inconsiderata

2268 2012 2501 2067 facilitas
2551 2008 2961 2065 absolutionum
3019 2003 3364 2058 occasionem
3421 2016 3528 2056 non
3568 1998 3791 2069 prteberet

2266 2104 2639 2175 peccatoribus
2672 2100 2883 2155 facilius
2914 2094 3232 2168 prolabendi
3264 2096 3316 2148 in
3349 2092 3597 2163 peccata!
3621 2091 3788 2144 Obser-

2266 2208 2354 2252 vat
2384 2206 2642 2267 praeterea
2674 2192 2739 2247 ν.
2765 2193 2827 2247 C.
2860 2190 3163 2246 Cotelerius
3192 2187 3305 2259 (56)
3354 2185 3501 2255 quod
3526 2183 3675 2253 primi
3711 2179 3791 2233 Pa-

2266 2301 2377 2345 tres
2404 2291 2531 2343 dum
2568 2302 2731 2341 unam
2760 2284 3085 2355 promittunt
3115 2281 3384 2335 duntaxat
3432 2276 3788 2346 paenitentiam,

2268 2384 2319 2438 id
2352 2380 2670 2437 (nconomiaa
2698 2393 2861 2434 causa
2894 2373 3249 2443 scripserint;
3273 2380 3331 2423 ut
3356 2369 3618 2422 ‘nimirum
3641 2365 3791 2418 fideles

2266 2491 2332 2531 eo
2360 2476 2534 2545 magis
2582 2472 2853 2527 efﬁcerent
2888 2476 3077 2522 cautos
3101 2506 3117 2531 ,
3167 2462 3457 2525 sollicitos,
3513 2456 3791 2513 innocentiae

2266 2564 2611 2637 baptismatis
2652 2560 2932 2617 servanda:
2959 2559 3235 2613 studiosos
3269 2575 3283 2609 :
3323 2554 3421 2608 ubi
3454 2562 3628 2606 autem
3663 2564 3792 2604 casus

2266 2655 2572 2719 emerserit,
2603 2650 2880 2721 expressis
2915 2648 3096 2702 verbis
3144 2646 3394 2700 iteratam
3451 2644 3610 2697 etiam
3649 2638 3792 2709 pretii-

2266 2750 2489 2803 tentiam
2525 2744 2996 2801 commendarunt.
3033 2738 3197 2794 Forte
3224 2738 3390 2792 etiam
3424 2744 3483 2789 ut
3508 2733 3717 2787 advertit
3741 2729 3791 2783 ι.

2264 2840 2327 2896 C.
2357 2838 2658 2895 Scholliner
2677 2836 2813 2905 (37),
2839 2832 3155 2902 poenitentia
3177 2828 3462 2892 solemnis,
3488 2836 3642 2897 atque
3662 2838 3793 2878 cano-

2266 2932 2411 2995 nica,
2441 2944 2506 2983 ex
2530 2926 2782 2982 Ecclesia:
2821 2923 3019 2979 veteris
3045 2920 3351 2990 disciplina,
3398 2918 3567 2974 semel
3618 2923 3792 2968 tantum

599 3029 794 3098 dogma
822 3028 875 3082 in
900 3028 986 3083 his
1013 3026 1251 3081 testibus
1275 3018 1596 3089 adinvenio;
1629 3032 1685 3077 at
1721 3023 1935 3077 timoris
1972 3032 2025 3076 et
2055 3032 2161 3075 tre-0
2192 3056 2233 3113 C
2267 3020 2695 3083 concedebatur;
2749 3017 2956 3083 privata
3001 3022 3178 3068 autem
3209 3020 3263 3065 et
3301 3007 3703 3065 sacranicntalis
3726 3013 3793 3057 to—

601 3118 902 3188 pidationis
927 3124 1309 3187 argumentum
1344 3115 1468 3169 inde
1497 3123 1717 3169 sumant
1738 3122 1949 3183 oportet
1980 3112 2016 3165 ii
2045 3128 2166 3168 om.

602 3226 719 3275 nes,
749 3210 843 3279 qui
866 3210 937 3263 ob
971 3208 1282 3276 frequentes
1316 3207 1563 3276 relapsus
1594 3206 1749 3260 valde
1791 3205 2012 3259 dubiam
2046 3204 2167 3258 red-

602 3300 739 3351 dunt
772 3296 1167 3367 paenitentiam.
1204 3295 1324 3349 Dixi
1358 3297 1537 3366 primo
1562 3295 1701 3359 loco,
1756 3295 1961 3348 nullam
1990 3294 2045 3348 in
2082 3293 2168 3349 his

603 3389 838 3443 testibus
872 3388 1057 3443 haberi
1089 3388 1457 3442 dilllcultatem
1487 3387 1666 3457 quoad
1695 3386 1925 3456 dogma;
1953 3387 2081 3455 quia
2112 3386 2166 3439 in

606 3490 880 3550 postremo
901 3495 1088 3534 eorum
1125 3494 1305 3535 sermo
1339 3487 1423 3534 est
1464 3479 1533 3533 de
1572 3477 1890 3548 ptenitentia
1925 3477 2165 3545 publica,

607 3584 661 3628 ut
693 3572 841 3626 nullo
882 3573 1098 3643 negotio
1120 3574 1331 3626 eruitur
1362 3586 1428 3625 ex
1460 3586 1645 3633 causa,
1680 3571 1750 3623 ob
1775 3585 1940 3639 quam
1978 3568 2170 3623 Pastor

604 3667 751 3721 illam
784 3667 1007 3736 phrasin
1038 3666 1297 3731 adhibet;
1336 3665 1577 3732 loquitur
1614 3664 1757 3718 enim
1800 3663 1871 3717 ibi
1910 3662 1977 3717 de
2012 3660 2169 3715 adul-

606 3760 724 3814 terii
755 3759 1007 3823 crimine,
1034 3774 1143 3827 quo
1164 3758 1365 3825 aliquis
1388 3770 1529 3824 smpe
1553 3756 1960 3824 inquinaretur;
1987 3762 2038 3807 at
2065 3752 2169 3807 Ec-

602 3852 767 3905 clesia
804 3849 1106 3902 mulctabat
1143 3848 1274 3901 olim
1308 3848 1513 3900 crimen
1550 3846 1653 3900 hoc
1700 3844 2017 3914 pmnitentia
2066 3859 2170 3913 pu-

608 3945 776 4006 blica,
815 3958 937 4012 qua:
976 3956 1162 3994 revera
1207 3955 1310 3992 una
1345 3948 1555 3992 tantum
1592 3940 1708 3991 vice
1747 3936 2167 3992 concedebatur.

607 4036 794 4101 Quoad
817 4036 981 4089 alium
1015 4049 1141 4087 vero
1174 4042 1400 4095 textum,
1434 4031 1580 4084 nulla
1619 4046 1716 4084 nec
1756 4032 1809 4083 in
1878 4030 1996 4099 ipso
2035 4028 2171 4084 difﬁ-

609 4127 783 4181 cultas
824 4125 1188 4187 adinveuitur,
1228 4121 1441 4176 etiamsi
1471 4136 1657 4175 verum
1685 4130 1858 4187 esset,
1889 4119 2171 4175 Pastorem

610 4221 682 4273 ibi
714 4219 860 4288 loqui
906 4218 974 4272 de
1001 4216 1318 4287 pmnitentia
1363 4213 1715 4282 particulari;
1762 4228 1888 4268 nam
1915 4213 1961 4267 si
1989 4228 2075 4267 res
2106 4212 2173 4266 ad

610 4324 836 4363 examen
887 4308 1130 4378 rigorose
1180 4313 1487 4368 revocetur,
1526 4312 1718 4357 auctor
1764 4302 1816 4357 id
1856 4303 2030 4357 solum
2064 4309 2174 4355 tra-

2269 3115 2369 3169 ties
2416 3112 2631 3183 quoties
2673 3118 2929 3179 peccator
2989 3106 3134 3161 serio
3173 3104 3463 3158 videbatur
3512 3098 3790 3169 dispositus.

2266 3207 2532 3261 Caeterum
2552 3202 2778 3269 Hermas
2800 3199 3177 3256 remissionem
3206 3204 3557 3265 peccatorum
3586 3190 3791 3244 omnium

2266 3313 2362 3368 per
2392 3311 2576 3351 veram
2629 3293 3005 3363 paenitentiam
3059 3297 3172 3343 toto
3217 3286 3329 3342 fere
3377 3300 3544 3355 opere
3572 3298 3665 3338 suo
3706 3290 3791 3333 tam

2268 3388 2434 3453 clare,
2452 3399 2505 3441 et
2527 3402 2591 3441 ex
2630 3386 2881 3439 instituto
2912 3381 3165 3436 docuisse
3200 3379 3421 3432 videtur
3450 3375 3565 3447 (58)
3596 3383 3651 3428 ut
3692 3386 3790 3426 eum

2268 3480 2635 3535 Tertullianus
2659 3476 2942 3547 propterea
2968 3473 3241 3527 Pastorem
3270 3470 3589 3524 mtechorum
3618 3481 3702 3538 per
3723 3479 3793 3518 ca-

2271 3570 2534 3625 lumniam
2558 3566 2926 3638 appellaverit.

2322 3666 2527 3720 Multis
2575 3678 2794 3734 quoque
2844 3662 2897 3716 in
2951 3660 3086 3716 locis
3133 3659 3291 3714 docet
3339 3656 3558 3723 Pastor,
3598 3652 3790 3708 dimissa

2271 3758 2427 3827 culpa
2460 3771 2803 3825 nequaquam
2827 3770 2893 3809 eo
2917 3754 3035 3823 ipso
3058 3752 3257 3806 dimitti
3285 3767 3315 3805 a
3345 3750 3455 3805 Deo
3478 3764 3681 3803 omnem
3703 3759 3791 3815 pa?-

2271 3865 2396 3903 nam
2433 3867 2445 3901 :
2485 3849 2564 3902 sic
2596 3847 2739 3900 enim
2784 3845 2851 3899 de
2882 3843 3169 3898 laboriosis
3200 3842 3559 3912 poenitentiae,
3606 3853 3691 3893 seu
3720 3850 3790 3889 sa-

2272 3938 2597 3995 tisfactionis
2629 3937 2904 4006 operibus,
2938 3944 2991 3991 et
3032 3935 3211 4005 poenis
3256 3933 3640 4002 temporalibus
3682 3925 3791 3982 seri-

2273 4031 2350 4085 hit
2378 4028 2602 4083 Hermas
2634 4048 2646 4082 :
2682 4028 2907 4080 Rursum
2935 4026 3194 4095 progressi
3236 4041 3416 4077 sumus
3452 4022 3726 4093 paululum,
3749 4024 3789 4069 et

2272 4122 2498 4175 ostendit
2534 4121 2661 4173 mihi
2707 4129 2966 4188 pastorem
3013 4133 3278 4187 magnum,
3317 4126 3365 4171 et
3397 4117 3531 4170 velut
3572 4121 3787 4183 agrestem

2272 4214 2497 4283 figuram
2525 4212 2816 4276 habentem,
2849 4211 3095 4263 amictum
3128 4207 3258 4277 pelle
3301 4208 3423 4260 alba
3461 4206 3684 4276 caprina,
3720 4216 3789 4269 pc-

2274 4322 2388 4359 ram
2415 4313 2702 4374 gestantem
2732 4304 2784 4357 in
2810 4304 3043 4363 humero,
3068 4311 3116 4354 et
3151 4317 3308 4355 manu
3331 4300 3529 4371 virgam
3575 4296 3787 4351 nodosam

611 4400 738 4454 dere
763 4399 1012 4464 intendit,
1046 4397 1355 4467 frequentes
1380 4395 1587 4449 scilicet
1609 4394 1854 4463 relapsus
1882 4409 2002 4449 esse
2028 4394 2168 4448 haud
2201 4406 2246 4465 ι)
2271 4409 2319 4453 et
2352 4398 2501 4452 valde
2531 4398 2810 4460 duram,et
2837 4396 3103 4465 flagellum
3139 4396 3193 4448 in
3229 4408 3420 4455 manu;
3444 4400 3691 4463 aspectum
3710 4400 3787 4438 au-

611 4492 772 4546 dubia
802 4490 997 4545 indicia
1014 4492 1275 4545 adversus
1297 4488 1486 4544 falsam
1512 4488 1919 4544 conversionem
1952 4486 2166 4541 illorum

614 4592 979 4656 peccatorum,
1024 4592 1260 4650 quorum
1320 4590 1430 4634 tota
1476 4581 1585 4634 vita
1640 4578 1913 4633 continuis
1970 4578 2169 4632 texitur

686 4782 796 4852 (5|)
838 4781 957 4852 μη).
986 4796 1023 4834 ιι
1086 4779 1365 4842 Stromat.,
1394 4778 1561 4852 e_t_lib.
1598 4792 1673 4852 v_t.

684 4846 796 4922 (32)
840 4850 970 4904 Vide
1010 4852 1109 4922 hac
1140 4865 1301 4919 super
1327 4864 1382 4901 re
1412 4846 1476 4901 γ.
1506 4848 1567 4903 C.
1602 4846 1931 4903 Cotelerium
1964 4847 2019 4901 in
2053 4846 2169 4901 suis

616 4921 757 4979 notis
788 4924 839 4975 in
874 4923 1016 4974 hunc
1040 4921 1240 4975 locum.

687 4995 799 5064 (55)
840 4990 1049 5064 llcrmte
1081 4988 1269 5064 Past._._
1296 4989 1534 5042 mandat.
1573 5004 1644 5053 tv,
1679 5002 1727 5041 c.
1751 4987 1804 5053 5,
1852 4987 1994 5056 apud
2040 4986 2170 5042 Gal-

616 5060 789 5135 una.
820 5070 953 5135 tgna1
993 5060 1031 5124 Ι,
1057 5075 1178 5129 pag.
1215 5060 1297 5135 7_l.
1447 5128 1459 5135 _
1500 5127 1530 5135 Α
1574 5128 1605 5135 η
1702 5074 1798 5135 .‘J.

683 5134 795 5201 (54)
834 5126 1203 5201 Ιὸἱιιειιιζεεὶρ.
1232 5131 1295 5201 _l,
1321 5128 1469 5201 apud
1493 5126 1825 5201 Gallandq't.
1851 5126 1898 5201 pl,
1925 5145 2045 5201 pag.
2070 5129 2155 5201 7Q.

684 5198 797 5271 (55)
836 5200 1157 5271 Cyprianus,
1189 5199 1282 5252 lib.
1312 5199 1384 5271 De
1416 5198 1648 5271 discipl._
1678 5207 1727 5250 et
1770 5198 1959 5271 habitu
2002 5198 2165 5271 virgi-

616 5266 759 5338 nnin,
782 5266 1257 5341 pag—{162;Cletn.
1290 5270 1467 5341 Alcx.,
1488 5269 1518 5341 l_.
1551 5284 1587 5321 ll
1611 5266 1841 5341 Strom.:
1878 5268 2013 5341 idem
2034 5266 2162 5335 legi-

616 5356 703 5395 tur
963 5312 1330 5410 Anihrosium,
1361 5340 1392 5390 l.
1423 5312 1467 5391 ιι,
1485 5338 1556 5390 De
1574 5312 1793 5410 pinnit.._
1811 5352 1859 5391 c.

620 5417 740 5476 rito,
762 5405 966 5480 inquit.
1019 5408 1506 5477 reprehetuluntur,
1533 5408 1626 5475 qui
1669 5405 1866 5480 saepius
1897 5408 2159 5480 pinniten-

620 5475 745 5535 tiani
772 5475 1033 5550 agendam
1066 5475 1256 5549 putant
1287 5519 1299 5531 .
1334 5518 1345 5531 .
1385 5518 1397 5530 .
1425 5519 1446 5550 ,ν
1481 5480 1604 5546 quia
1659 5478 1799 5531 sicut
1854 5492 2039 5550 unum
2066 5475 2161 5550 ba-

622 5546 836 5619 ptisma,
891 5551 961 5603 ita
1027 5546 1134 5602 una
1164 5549 1508 5616 "postiitentia,
1559 5560 1679 5617 quin
1732 5556 1909 5619 tamen
1954 5546 2167 5619 publice

622 5616 814 5687 agitur,
837 5634 961 5672 nam
989 5621 1287 5687 quotidiani
1326 5636 1423 5674 nos
1447 5622 1602 5671 debet
1630 5618 1888 5676 uiriliterc
1922 5616 2161 5682 ueccati;

2276 4499 2379 4543 tem
2405 4499 2623 4554 trucem,
2653 4502 2703 4541 et
2727 4504 2919 4540 samum
2949 4485 3191 4549 habebat,
3226 4497 3278 4539 ut
3314 4495 3486 4554 posset
3516 4494 3692 4537 terrere
3712 4475 3789 4529 ali-

2274 4595 2439 4648 quos;
2470 4579 2594 4632 talis
2620 4589 2732 4633 crat
2762 4587 2996 4646 aspectus
3022 4577 3152 4638 eius.
3184 4576 3285 4630 Hic
3308 4593 3428 4646 ergo
3450 4572 3713 4643 accipiebat
3736 4563 3784 4618 ab

2283 4776 2378 4833 sed
2398 4777 2512 4832 hanc
2542 4777 2859 4832 delictorum
2885 4777 3171 4839 leviorum,
3192 4777 3280 4831 illa
3323 4778 3641 4847 graviorum.

2349 4850 2462 4919 (56)
2500 4847 2803 4919 Cotelerius
2830 4848 2887 4919 in
2909 4847 3053 4901 notis
3083 4848 3149 4899 ad
3174 4844 3518 4919 citatflocum
3560 4844 3755 4919 Hermia.

2348 4911 2462 4989 (57)
2502 4918 2557 4989 ln
2589 4916 2973 4989 Hist.theolog.
3012 4918 3411 4989 swculipttpag.
3450 4916 3535 4989 96,
3560 4931 3614 4989 _n.

2350 4979 2462 5059 (58)
2491 4988 2574 5044 Cf.
2607 4988 2872 5059 visionem
2917 4979 2998 5051 iu,
3029 5002 3149 5059 cap.
3189 4987 3239 5041 7.
3268 4979 3569 5059 Fuere‘viri
3596 4979 3777 5059 quidam

2274 5050 2558 5127 docti,'qui
2588 5062 2728 5127 hunc
2760 5058 2937 5111 locum
2976 5050 3041 5110 ad
3070 5050 3441 5127 purgatorium
3474 5050 3777 5127 astru‘eadum

2264 5122 2657 5200 produxerunt.
2680 5126 2808 5192 Sed,
2828 5130 2969 5200 quod
2996 5122 3332 5200 paee_horum
3359 5128 3590 5200 virorum
3613 5122 3774 5200 dictum

2271 5191 2363 5266 sit,
2395 5200 2620 5253 multum
2645 5214 2775 5252 sane
2797 5191 3082 5252 falluntur.
3116 5196 3336 5251 Certum
3364 5197 3617 5266 siquidem
3642 5191 3779 5266 habeo

2267 5260 2390 5324 cuin
2424 5268 2487 5323 V.
2520 5270 2581 5322 C.
2613 5268 2916 5335 Cotelerio,
2965 5269 3053 5322 hic
3095 5282 3202 5321 non
3233 5267 3319 5336 agi
3364 5260 3445 5321 de'
3472 5260 3775 5336 purgawrio‘.

2268 5340 2362 5419 sed
2380 5341 2451 5419 _de
2475 5328 2913 5419 pmuitcntiakac'
2937 5338 3110 5408 pinnis
3134 5328 3551 5419 purg‘atricibus,
3574 5328 3675 5386 sive
3709 5328 3774 5380 af-

2264 5408 2616 5489 ﬂictionibus,
2645 5424 2781 5478 quas
2814 5408 2954 5464 Deus
2987 5408 3463 5489 ex_misericordia_
3488 5420 3582 5460 sua
3608 5414 3770 5489 _pccga-

2264 5479 2470 5533 toribus
2507 5480 2559 5532 in
2592 5468 2833 5547 ipsorum
2881 5479 3313 5536 emendationem
3364 5480 3418 5532 in
3451 5478 3548 5532 hac
3576 5468 3664 5528 vita
3695 5468 3773 5525 illl‘

2267 5550 2479 5605 mittere
2508 5548 2664 5604 solet.
