4040 6322
322 316 422 372 881

1552 322 1908 376 PASTOR.—
1955 321 2313 382 PROQSMIA.

3434 331 3539 394 833.

323 431 423 485 illo
455 431 645 500 juvene
684 444 893 502 pastore
939 452 998 489 ea
1027 451 1232 503 pecora,
1263 451 1380 502 quae
1416 436 1634 490 delicias
1674 435 1885 506 quidem
1911 438 1958 495 Δ
1987 454 2086 508 que
2131 451 2220 495 tuo
2247 442 2360 507 loco
2392 446 2683 499 restitueris
2720 462 2738 498 :
2769 447 3130 500 tantummodo
3163 449 3215 500 in
3242 448 3541 513 humilitate

324 525 573 593 agebant,
623 541 712 579 sea
745 542 846 579 non
892 527 1263 592 exsultabant;
1292 536 1341 581 et
1372 527 1710 596 compellebat
1741 545 1803 581 ea
1830 529 1886 582 in

322 616 648 684 prtecipitem
677 617 849 672 locum
873 619 1150 688 quemdam
1175 635 1238 672 ac
1260 620 1551 689 spinosum,
1578 617 1910 690 tribulisque'

323 709 642 778 confertum,
674 726 836 780 usque
879 711 1030 775 adeo,
1085 713 1236 765 utde
1265 712 1452 780 spinis,
1483 721 1534 765 et
1585 711 1794 764 tribulis
1831 728 1885 765 se

322 816 430 853 non
453 809 661 869 possent
683 803 972 869 explicare;
1001 803 1098 856 sed.
1129 802 1389 872 implicita
1418 803 1491 856 ibi
1535 801 1886 871 pascebantur

320 892 516 958 spinis,
543 900 592 944 et
624 891 832 944 tribulis
857 908 875 944 :
903 902 952 946 et
985 908 1164 962 graves
1193 893 1459 946 cruciatus
1487 891 1887 958 experiebantur

319 997 389 1034 ea:
415 981 580 1034 verbis
604 981 755 1050 ejus;
786 982 970 1052 agebat
994 984 1134 1037 enim
1159 1000 1242 1050 ea,
1267 993 1318 1038 et
1349 999 1440 1037 nec
1469 981 1789 1036 consistendi
1809 980 1883 1034 eis

322 1073 497 1128 locant
519 1085 640 1129 ante
655 1087 857 1146 tempus
878 1075 1281 1145 permittebat...
1309 1075 1430 1142 Hic,
1463 1076 1654 1146 inquit,
1679 1085 1882 1145 pastor,

320 1181 418 1232 pro
437 1167 600 1234 justis
626 1166 836 1236 quidem
859 1168 1073 1220 nuntius
1098 1176 1198 1230 est,
1228 1167 1319 1220 sed
1345 1166 1656 1235 prtepositus
1679 1181 1842 1234 paenae
1863 1181 1882 1219 :

331 1256 468 1310 lluic
513 1275 632 1327 ergo
665 1259 969 1322 traduntur,
1014 1259 1106 1328 qui
1153 1275 1185 1311 a
1218 1257 1326 1314 Deo
1355 1262 1750 1324 aberraverunt,
1793 1257 1882 1310 sed

321 1351 612 1403 servierunt
660 1349 937 1406 desideriis
968 1366 1030 1404 ac
1077 1349 1433 1420 voluptatibus
1475 1349 1656 1404 saeculi
1703 1350 1881 1419 hujus.

322 1438 489 1494 Puuit
518 1457 638 1508 erqo
660 1457 766 1506 eos,
794 1443 930 1495 sicut
962 1442 1151 1496 meruit
1181 1443 1536 1511 unusquisque
1563 1457 1765 1506 eorum,
1785 1457 1880 1494 sa:-

321 1532 399 1585 vis
450 1533 708 1606 variisque
736 1536 968 1602 panis...
1019 1535 1182 1589 varia:
1215 1550 1378 1604 paena:
1413 1543 1571 1604 atque
1624 1543 1884 1588 tormenta

320 1626 434 1679 Iure
463 1637 604 1690 sunt,
635 1643 751 1696 quin
795 1628 1029 1681 homines
1057 1626 1290 1695 quotidie
1321 1626 1377 1678 in
1404 1641 1501 1678 sua
1549 1626 1657 1678 vita
1683 1625 1886 1694 patien-

325 1727 454 1778 tur;
493 1717 587 1770 alii
628 1717 764 1770 enim
795 1718 1107 1771 detrimenta
1152 1717 1449 1786 patiuntur,
1487 1715 1583 1770 alii
1627 1717 1880 1786 inopiam,

1986 535 2150 588 animi
2171 552 2437 604 persevera
2463 539 2600 609 (41).

2061 626 2274 682 Utinam
2301 630 2415 685 haec
2442 632 2774 700 perpendant
2801 648 2908 687 non
2937 644 3296 703 protestantes
3337 635 3536 704 solum,

1985 721 2076 789 qui
2107 737 2269 789 opera
2299 721 2665 778 satisfactoria
2695 724 3008 795 explodunt,
3033 725 3124 780 sed
3149 735 3203 781 ct
3227 726 3540 781 clementis-

1985 812 2109 867 simi
2143 812 2217 865 illi
2251 813 2595 878 confessarii,
2628 815 2720 884 qui
2769 831 2865 885 pro
2907 817 3143 885 peccatis
3201 815 3541 887 gravissimis

1984 907 2146 968 atque
2187 901 2482 968 diuturnis,
2529 904 2834 959 levissimas
2873 905 3130 976 nullaque
3174 907 3384 962 ratione
3411 920 3540 977 pro-

1983 991 2318 1058 portionatas
2357 993 2648 1065 injungunt
2673 997 3036 1065 puenitentias,
3065 1006 3118 1052 et
3150 997 3251 1052 hac
3275 1013 3374 1052 sua
3413 998 3544 1053 leni-

1985 1090 2094 1136 tate
2123 1084 2488 1140 crudelissimi
2535 1095 2692 1152 sunt;
2727 1104 2849 1142 cum
2883 1098 3034 1144 tanto
3063 1091 3344 1146 acerbiora
3371 1090 3425 1145 in
3457 1090 3540 1145 al-

1986 1181 2096 1228 tera
2126 1174 2234 1229 vita
2261 1176 2382 1232 istis
2407 1178 2643 1233 molliter
2667 1179 3054 1248 paenitentibus
3079 1179 3396 1250 perferenda
3432 1181 3544 1235 sint

1984 1267 2269 1336 supplicia,
2302 1284 2424 1338 quae
2451 1270 2609 1348 longe
2655 1271 2900 1326 faciliore
2932 1273 3347 1343 (comparative)
3377 1271 3541 1327 satis-

1984 1358 2218 1414 factione
2248 1361 2336 1415 hic
2362 1362 2628 1416 redimere
2656 1363 2991 1431 potuissent;
3022 1364 3066 1418 si
3095 1364 3238 1419 enim
3271 1379 3371 1420 nos
3395 1365 3544 1434 ipsos

1984 1451 2072 1505 hic
2098 1451 2494 1519 judicaremus,
2523 1468 2630 1506 non
2657 1453 2842 1523 utique
2867 1453 3243 1524 judicaremur
3275 1454 3370 1509 ibi.

2051 1538 2478 1598 Praeeminentia:
2499 1543 2879 1613 episcoporum
2922 1560 3029 1598 non
3062 1546 3355 1599 obscurum
3389 1545 3542 1600 testi—

1984 1632 2224 1687 monium
2267 1636 2506 1690 occurrit
2559 1636 2611 1690 in
2661 1635 2871 1691 Hermae
2926 1642 3160 1697 Pastore.
3224 1639 3298 1691 De
3338 1638 3541 1692 decimo

1983 1741 2100 1778 vero
2127 1736 2318 1792 monte,
2344 1727 2518 1797 inquit
2548 1728 2584 1782 l.
2611 1743 2691 1793 ιιι,
2718 1728 2879 1784 simil.
2901 1745 2976 1791 ιι,
2999 1743 3120 1797 cap.
3149 1729 3237 1791 ‘27,
3263 1731 3312 1782 in
3333 1745 3433 1800 quo
3455 1745 3544 1781 aro

322 1811 420 1865 alii
446 1811 680 1864 diversas
703 1811 1056 1874 acrimonias;
1084 1783 1182 1864 alii
1205 1810 1433 1878 injurias
1454 1808 1517 1863 ab
1541 1783 1772 1879 indignis
1794 1825 1880 1877 pa-

1986 1817 2130 1870 bores
2154 1828 2301 1872 erant
2333 1828 2554 1889 tegentes
2574 1836 2783 1890 pecora,
2812 1819 2939 1873 tales
2962 1822 3184 1890 suntqui
3211 1821 3542 1874 crediderunt

324 1903 511 1956 tieutes
529 1941 543 1967 ,
570 1901 848 1971 multaque
875 1901 986 1955 alia
1010 1903 1262 1957 exercitia
1284 1912 1334 1956 et
1363 1901 1714 1955 incommoda.
1750 1899 1882 1953 Plu-

322 1992 446 2046 rimi
493 1993 629 2046 enim
659 1993 1226 2047 inconstanti-consilio
1267 1992 1434 2046 multa
1477 2000 1753 2053 conantur,
1790 2006 1881 2043 nec

316 2085 605 2156 quidquam
636 2087 880 2140 conducit
901 2087 996 2148 eis,
1023 2094 1072 2141 et
1088 2085 1294 2150 dicunt,
1315 2084 1372 2138 in
1396 2083 1598 2137 actibus
1626 2081 1736 2135 suis
1761 2097 1882 2134 suc-

319 2193 522 2232 cessum
545 2193 598 2231 se
623 2195 726 2230 non
755 2176 973 2240 habere;
1000 2185 1316 2230 succurrunt
1346 2176 1420 2230 eis
1445 2191 1528 2238 ea,
1557 2188 1674 2243 qua:
1702 2172 1881 2243 nequi-

318 2280 402 2324 ter
429 2269 678 2338 fecerunt,
706 2279 755 2322 et
787 2267 1058 2321 dominum
1083 2275 1391 2321 caueantur.
1421 2263 1554 2321 Cum
1580 2264 1745 2335 igitur
1763 2281 1881 2333 per-

315 2361 454 2428 pessi
493 2358 683 2427 fuerint
724 2374 926 2414 onmem
957 2358 1300 2418 vexationem,
1329 2365 1377 2410 et
1405 2371 1555 2410 omne
1595 2357 1880 2410 incommo-

316 2452 484 2515 dum;
521 2460 643 2504 tunc
673 2452 960 2508 traduntur
986 2450 1114 2505 mihi
1137 2450 1205 2502 ad
1229 2450 1420 2504 bonam
1446 2449 1876 2509 admonitionem,

314 2553 364 2598 et
396 2544 678 2612 ﬁrmantur
701 2545 755 2597 in
782 2543 887 2612 ﬁde
919 2541 1156 2607 Domini,
1185 2550 1235 2595 et
1258 2557 1351 2610 per
1385 2540 1748 2610 reliquosdies
1779 2555 1881 2592 ser—

313 2636 463 2689 viunt
506 2634 731 2688 Domino
759 2642 928 2688 mente
964 2649 1120 2703 pura,
1157 2640 1206 2686 et
1237 2648 1354 2686 cum
1383 2631 1628 2701 ceperint
1655 2629 1878 2686 delicto-

313 2744 436 2781 rum
467 2745 617 2797 agere
641 2727 1019 2796 peentientiam,
1046 2736 1169 2779 tunc
1197 2725 1487 2780 ascendunt
1513 2724 1568 2777 in
1585 2722 1879 2793 priecordia

311 2837 497 2881 eorum
521 2837 690 2889 opera.
708 2837 830 2885 sua,
860 2820 916 2872 in
946 2819 1130 2888 quibus
1161 2835 1216 2873 se
1241 2819 1475 2888 nequiter
1513 2824 1876 2884 exercuerunt,

307 2923 364 2966 et
392 2921 518 2966 tunc
553 2912 686 2966 dant
727 2913 832 2965 Deo
860 2912 1126 2976 honorem,
1161 2911 1391 2964 dicentes
1422 2908 1877 2978 justumjudicem

303 3019 427 3058 esse
468 3021 606 3069 eum,
663 3005 946 3073 meritoque
976 3019 1031 3058 se
1060 3018 1351 3072 perpessos,
1400 3000 1694 3058 secundum.
1734 2999 1880 3069 facta

306 3113 439 3159 sua,
467 3105 574 3152 etc.
608 3097 743 3166 (39).

387 3191 464 3247 De
512 3192 892 3248 amictionibus
937 3201 1117 3247 autem
1168 3205 1291 3245 cum
1345 3197 1540 3258 sponte
1585 3188 1875 3258 susceptis.

305 3294 435 3340 ιιινιι
463 3301 492 3339 a
524 3287 812 3355 praeposito
856 3284 1193 3355 paenitentiae
1236 3283 1527 3352 impositis,
1567 3282 1644 3336 ita
1681 3281 1878 3336 scribit

308 3379 463 3434 idem
509 3377 738 3432 Hermas
773 3377 927 3449 (L0):
977 3376 1120 3442 Scio,
1155 3376 1352 3444 inquit,
1399 3375 1526 3427 tutis
1572 3373 1878 3443 prazcordiis

306 3485 404 3524 eos
445 3486 594 3539 agere
621 3471 1003 3537 penitentiam.
1036 3467 1290 3539 Nunquid
1328 3483 1474 3536 ergo,
1512 3467 1607 3533 ait,
1637 3467 1878 3535 protinus

306 3571 472 3632 putas
493 3561 690 3614 aboleri
715 3562 907 3615 delicta
938 3577 1140 3622 eorum,
1168 3561 1257 3631 qui
1289 3568 1450 3630 agunt
1476 3560 1881 3628 paenitentiam?

310 3649 444 3704 Non
470 3651 684 3720 proinde
705 3653 954 3705 continuo
971 3666 990 3704 :
1015 3651 1104 3703 sed
1131 3659 1332 3718 oportet
1363 3665 1483 3703 eum
1511 3649 1605 3720 qui
1632 3651 1740 3718 agit
1767 3665 1876 3720 pte-

309 3746 615 3810 nitentium,
641 3745 864 3815 afﬂigere
891 3745 1126 3797 animum
1150 3760 1324 3809 suam,
1351 3753 1400 3797 et
1426 3743 1676 3798 huntilem
1703 3748 1880 3800 animo

310 3856 374 3895 se
393 3848 645 3909 prtestare
673 3839 725 3891 in
748 3838 888 3891 muni
917 3838 1140 3907 negotio,
1169 3847 1216 3890 et
1242 3837 1539 3891 vexationes
1569 3837 1768 3891 multas
1781 3854 1881 3891 .va—

311 3934 528 4003 riasque
575 3931 822 4001 perferre.
880 3930 1112 4002 Cumque
1157 3947 1428 4000 perpessus
1467 3932 1626 4001 fuerit
1681 3933 1878 4000 omnia,

309 4043 438 4098 quin
481 4026 564 4080 illi
610 4026 854 4086 instituta
904 4024 1136 4093 fuerunt,
1185 4032 1306 4078 tunc
1354 4025 1602 4095 forsitan,
1643 4026 1732 4095 qui
1764 4042 1881 4080 eum

312 4119 536 4184 creavit,
564 4126 613 4171 et
641 4119 728 4188 qui
759 4114 1005 4186 formavit
1031 4115 1296 4179 universa,
1327 4115 1738 4169 commovebitur
1756 4131 1882 4185 erga

311 4225 438 4264 eum
467 4209 741 4262 clementia
767 4225 882 4275 sua,
918 4217 966 4260 et
993 4207 1209 4277 aliquod
1252 4207 1538 4260 remedium
1567 4205 1752 4272 dabit;
1791 4207 1882 4260 id-

310 4318 418 4372 que
442 4301 540 4365 ita,
569 4303 616 4354 si
642 4299 828 4355 viderit
875 4300 986 4369 ejus
1013 4301 1102 4369 qui
1138 4300 1495 4368 paenitentiam
1521 4300 1630 4369 agit
1669 4315 1760 4353 cor
1777 4316 1880 4369 pu-

314 4411 444 4448 rum»
460 4411 571 4448 esse
601 4393 664 4446 ab
693 4394 834 4447 omni
861 4409 1011 4462 opere
1038 4393 1422 4462 nequissimo...
1448 4401 1496 4444 et
1525 4391 1719 4462 rogabo
1747 4408 1882 4445 nun-

1980 1909 2197 1978 quidam
2253 1911 2498 1980 episcopi,
2533 1912 2589 1964 id
2637 1921 2713 1965 est
2757 1912 3005 1980 prwsides
3051 1910 3545 1967 Ecclesiarum.-Et

1981 2000 2106 2053 alibi
2135 2001 2246 2069 jam
2279 2003 2569 2070 scripserat
2599 2003 2671 2074 (Ι.
2708 2019 2790 2069 ιιι,
2823 2004 2987 2058 simil.
3024 2021 3109 2067 Ix,
3144 2020 3192 2058 c.
3220 2004 3273 2068 9,
3306 2005 3455 2070 vide,
3490 2014 3544 2059 et

1983 2093 2246 2146 visionem
2275 2109 2332 2146 ιιι
2373 2091 2624 2164 Hermae).
2673 2093 2830 2148 Nunc
2879 2096 3058 2166 itaque
3103 2095 3243 2150 vobis
3267 2095 3407 2158 dico,
3452 2097 3543 2165 qui

1979 2185 2213 2253 prmestis
2267 2184 2518 2240 Ecclesia:
2563 2195 2611 2240 et
2663 2187 2856 2240 amatis
2903 2187 3097 2254 primos
3125 2202 3414 2240 consessus.
3465 2185 3544 2240 Ex

1980 2275 2180 2345 quibus
2209 2275 2440 2341 eruitur,
2477 2275 2648 2330 fuisse
2679 2284 2808 2332 tunc
2842 2277 3048 2345 primas
3073 2277 3387 2343 cathedras,
3420 2274 3544 2345 qui-

1979 2365 2082 2420 bus
2113 2365 2405 2436 singularis
2435 2366 2630 2430 lionor,
2663 2375 3016 2436 potestasque
3041 2367 3332 2436 conjuncta
3364 2377 3535 2431 esset,

1980 2472 2226 2527 quasque
2261 2458 2478 2526 superbi
2503 2467 2558 2512 et
2583 2457 2861 2511 ambitiosi
2909 2458 3157 2514 homines
3190 2459 3542 2529 concupisce-

1981 2555 2121 2602 rent.

2053 2637 2211 2693 Circa
2247 2638 2652 2692 matrimonium
2683 2638 2840 2693 docet
2869 2637 3047 2706 primo
3074 2639 3323 2708 Hermas,
3350 2641 3541 2695 matri-

1983 2729 2152 2786 monii
2220 2729 2495 2784 vinculum
2547 2743 2769 2800 prOptcr
2823 2730 3151 2786 adulterium
3227 2734 3541 2788 alterutrius

1980 2823 2270 2893 conjugum
2300 2823 2441 2876 haud
2471 2823 2714 2878 dissolvi.
2748 2823 2901 2889 Quod
2922 2825 2969 2879 si
2995 2825 3252 2879 dimiserit
3278 2826 3403 2895 (vir)
3428 2842 3543 2879 mu—

1929 2987 1933 2992 .
1981 2915 2160 2969 lierem
2217 2931 2368 2968 suam
2408 2924 2458 2968 et
2494 2914 2656 2969 aliam
2696 2917 2927 2986 duxerit,
2963 2929 3013 2972 et
3043 2921 3150 2988 ipa:
3187 2917 3539 2972 moechatur...

1981 3024 2104 3079 ergo
2136 3024 2238 3062 non
2259 3007 2404 3061 debet
2428 3007 2648 3062 dimissa
2673 3010 2888 3080 conjuge
2920 3027 3016 3064 sua
3046 3011 3124 3065 vir
3145 3009 3308 3064 aliam
3332 3010 3540 3066 ducere.

1906 3111 1948 3169 ο
1986 3099 2088 3154 llic
2119 3110 2268 3152 actus
2307 3099 2495 3154 similis
2515 3109 2590 3154 est
2615 3114 2662 3154 et
2688 3101 2740 3154 in
2771 3102 2880 3156 viro
2903 3111 2950 3156 et
2979 3103 3031 3156 in
3056 3103 3291 3170 muliere,
3332 3103 3410 3158 ait
3431 3101 3536 3157 Pa-

1983 3204 2096 3249 stor
2133 3195 2266 3263 (42).
2349 3227 2351 3229 -

2050 3285 2181 3339 Dein
2211 3286 2452 3354 exponit,
2489 3285 2764 3355 quomodo
2794 3301 2853 3341 se
2876 3302 3064 3357 gerere
3089 3288 3284 3343 debeat
3311 3290 3540 3347 maritus

1981 3392 2106 3448 erga
2150 3391 2375 3431 uxorem
2421 3376 2745 3431 adulteram.
2777 3376 3030 3448 Praecipit
3076 3379 3274 3434 marito
3315 3395 3539 3451 separa-

1983 3473 2181 3524 tionem
2215 3470 2284 3523 ab
2314 3485 2482 3523 uxore
2523 3484 2622 3525 sua
2653 3471 2898 3526 adultera
2943 3473 3144 3542 (quoad
3232 3482 3406 3530 torum
3443 3491 3538 3530 seu

1982 3560 2485 3629 cohabitationem),
2505 3575 2666 3616 secus
2684 3576 2811 3616 reus
2835 3562 2924 3618 ille
2945 3564 3152 3632 peccati
3178 3564 3317 3634 ejus,
3341 3573 3396 3618 et
3414 3580 3541 3632 par-

1982 3659 2150 3725 ticcps
2200 3654 2584 3712 mmchationis
2631 3656 2772 3726 ejus.
2806 3656 2865 3712 Si
2911 3671 3038 3712 vero
3082 3657 3279 3712 mulier
3310 3657 3539 3713 dimissa

1983 3750 2356 3822 paenitentiam
2386 3749 2573 3820 egerit,
2607 3757 2662 3804 et
2683 3749 2914 3804 voluerit
2941 3749 3007 3804 ad
3039 3749 3216 3804 virum
3261 3764 3423 3805 suum
3453 3765 3538 3803 re-

1981 3843 2138 3910 verti,
2180 3841 2374 3904 Pastor
2409 3842 2630 3897 mandat
2659 3842 2878 3906 marito,
2911 3850 2971 3896 ut
2999 3857 3120 3897 eam
3161 3841 3422 3911 recipiat;
3448 3855 3538 3896 ses

1982 3951 2079 3990 cus
2123 3942 2406 4005 peccatum
2450 3947 2706 4003 magnum
2753 3933 3006 3987 admittit.
3054 3932 3213 3998 Quod
3260 3932 3307 3988 si
3346 3931 3540 3986 mulier

1982 4035 2104 4098 post
2129 4025 2505 4096 paenitentiam
2537 4025 2593 4080 in
2622 4026 2810 4081 eadem
2853 4034 3072 4095 peccata
3114 4023 3458 4095 prolabatur,
3485 4023 3542 4078 in

1984 4120 2157 4188 iisque
2187 4125 2516 4188 perseveret,
2547 4124 2603 4170 et
2631 4117 3003 4186 paenitentiam
3037 4131 3143 4170 non
3187 4125 3340 4185 agat,
3383 4114 3542 4169 debet

1983 4207 2229 4260 absolute
2258 4206 2511 4260 recedere
2535 4205 2768 4259 maritus
2797 4207 2866 4260 ab
2900 4207 3013 4272 illa,
3066 4220 3135 4260 ne
3165 4206 3435 4275 particeps
3471 4205 3545 4260 sit

1981 4299 2100 4369 ejus
2130 4298 2357 4369 peccati.
2402 4297 2502 4353 Hic
2521 4314 2703 4366 casus,
2737 4300 2893 4369 juxta
2935 4297 3178 4353 Pastoris
3211 4298 3539 4364 doctrinam,

1986 4391 2208 4460 respicit
2257 4392 2434 4445 virum
2491 4391 2795 4446 adulterum
2879 4399 2932 4444 et
2989 4392 3270 4446 mulierem
3335 4390 3544 4446 adulte-

318 4488 454 4540 tium
479 4486 654 4552 illum,
680 4487 770 4556 qui
798 4456 1124 4555 prd-positus
1139 4495 1215 4539 est
1240 4501 1427 4553 piem,
1454 4495 1508 4538 ut
1534 4456 1696 4539 levius
1730 4493 1776 4536 te
1797 4485 1882 4554 af-
1913 4456 1956 4512 θ
1992 4456 2120 4536 ram-
2138 4482 2270 4552 (45).
2303 4481 2476 4537 Hasce
2504 4481 2718 4553 regulas
2747 4497 2958 4552 semper
2983 4482 3350 4538 observandas
3377 4481 3545 4538 edixit

319 4577 519 4649 ﬁigat;
549 4576 638 4632 sed
665 4576 852 4646 exiguo
885 4583 1112 4646 tempore
1153 4576 1372 4645 patieris
1399 4575 1642 4642 adversa,
1669 4576 1882 4628 iterum-

418 4917 509 4988 39)
541 4916 692 4988 Post.
725 4916 933 4982 Herm.,
960 4918 997 4971 l.
1026 4933 1108 4982 ιιι,
1140 4918 1262 4973 sim.
1287 4933 1363 4983 vt,
1385 4932 1504 4987 cap.
1527 4916 1562 4970 2
1584 4925 1637 4971 et
1661 4918 1714 4972 5.

417 4987 508 5058 40)
539 4987 668 5043 Loc.
698 4988 816 5052 cit.,
852 4988 978 5041 sim.
1009 5003 1106 5042 vn.

399 5060 512 5129 (41)
541 5058 676 5114 Vide
703 5058 985 5129 similitud.
1014 5060 1091 5124 ix,
1123 5075 1243 5129 cap.
1275 5059 1328 5113 6.

397 5125 509 5267 $42)
540 5129 704 5196 Idem,
736 5128 974 5183 mandat.
1005 5143 1077 5181 IV.
1109 5125 1230 5200 cap.
1266 5130 1316 5183 l.

421 5201 512 5267 45)
544 5201 618 5253 En
665 5199 931 5267 integrum
981 5208 1186 5252 textum
1216 5200 1315 5267 ipsi

421 5198 512 5269 45)
544 5201 618 5253 En
665 5199 931 5268 integrum
981 5198 1195 5252 textum‘
1216 5200 1390 5269 ipsius
1429 5198 1670 5255 Pastoris
1710 5215 1725 5252 :

313 5273 484 5334 .mine,
514 5271 559 5322 si
585 5270 700 5337 quis
732 5269 970 5322 habuerit
999 5283 1214 5322 uxorem
1243 5270 1448 5338 ﬁdelem
1477 5272 1531 5323 in
1557 5269 1800 5332 Domino,
1827 5276 1878 5321 et

327 5343 463 5394 hanc
495 5341 741 5393 invenerit
776 5341 830 5410 in
875 5339 1158 5410 adulterio,
1207 5337 1441 5408 nunquid
1481 5350 1658 5410 peccat
1689 5340 1764 5392 vir
1785 5378 1799 5402 ,
1830 5337 1877 5410 si

317 5413 562 5465 convivat
606 5426 723 5462 cum
753 5407 888 5462 illa?
931 5408 997 5462 Et
1029 5408 1164 5463 dixit
1215 5407 1389 5467 mihi:
1438 5407 1686 5476 Q'uattdiu
1715 5409 1878 5460 nescit

324 5491 596 5550 peccatum
624 5479 753 5547 eius,
794 5480 904 5533 sine
942 5479 1158 5533 crimine
1186 5490 1261 5532 est
1293 5481 1371 5532 vir
1403 5482 1571 5535 vivens
1605 5477 1875 5550 camilla.

322 5548 388 5607 Si
457 5560 629 5604 autem
697 5550 870 5602 scierit
932 5552 1009 5602 vir
1074 5565 1288 5603 uxorem
1345 5567 1496 5604 suam
1555 5548 1874 5618 deliquisse,

322 5633 374 5674 ct
436 5637 536 5672 non
585 5621 746 5688 egerit
798 5621 1154 5690 paenitentiam
1227 5619 1446 5684 mulier,
1510 5631 1556 5690 et
1611 5625 1877 5687 permanet

328 5695 380 5744 in
418 5691 758 5748 fornicatione
794 5707 910 5754 sua,
961 5701 1008 5743 et
1055 5690 1274 5744 convivit
1313 5706 1430 5742 cum
1475 5689 1573 5742 illa
1608 5690 1719 5752 vir,
1745 5702 1877 5739 Ircus

321 5764 427 5816 crit
484 5763 679 5830 peccati
727 5760 870 5829 ejus,
925 5770 970 5813 ct
1018 5761 1276 5830 particeps
1332 5758 1684 5814 mute/talionis
1740 5757 1872 5824 ejus.

1770 5197 1876 5250 Do-

1990 4574 2254 4640 Ecclcsia,
2303 4583 2487 4644 utpote
2526 4573 2626 4628 SS.
2671 4572 3074 4644 Scripturarum
3130 4591 3195 4630 ac
3238 4574 3544 4631 traditionis

1995 4916 2062 4970 E-t
2089 4915 2204 4970 dixi
2235 4915 2318 4969 illi
2347 4932 2364 4969 :
2397 4916 2536 4981 Quid
2565 4930 2687 4984 ergo
2727 4914 2773 4966 si
2803 4911 3147 4984 permanserit
3188 4913 3247 4965 in
3285 4912 3412 4984 vitio
3447 4927 3540 4964 suo

1991 4988 2221 5042 mulier?
2251 4985 2318 5039 Et
2343 4986 2478 5040 dixit
2517 5001 2535 5038 :
2569 4983 2813 5038 Dimittat
2847 4983 2996 5038 illam
3024 4984 3138 5046 uir;
3168 4993 3215 5035 et
3258 4983 3340 5035 vir
3365 4997 3456 5051 per
3488 4997 3542 5034 se

1990 5067 2220 5111 maneat.
2272 5055 2424 5119 Quod
2449 5056 2495 5109 si
2524 5055 2781 5109 dimiserit
2813 5053 3079 5109 mulierem
3107 5067 3260 5105 suam
3285 5063 3334 5105 et
3368 5050 3541 5102 aliam

1989 5127 2221 5193 duxerit,
2249 5138 2294 5180 et
2317 5128 2425 5196 ipse
2453 5126 2756 5178 nunc/ratur.
2786 5123 2998 5196 Etidixi
3019 5121 3104 5196 illi
3129 5137 3146 5174 :
3179 5119 3391 5196 Quidsi
3409 5135 3545 5196 _mu-

1987 5197 2085 5250 lier
2109 5189 2726 5276 dimissa:pmnitentiam.
2738 5195 2920 5276 egerit,
2948 5201 2996 5245 et
3022 5191 3256 5276 voluerit“
3267 5191 3357 5276 ad.
3373 5189 3542 5276 virum

1987 5259 2392 5331 suumreverti';
2425 5283 2592 5320 nonne
2623 5259 2901 5333 recipietur
2923 5280 2956 5314 a
2986 5263 3096 5315 viro
3121 5261 3256 5314 suo?
3289 5259 3358 5312 Et
3400 5259 3539 5312 dixit

1985 5339 2154 5390 mihi:
2186 5337 2325 5400 lmo,
2357 5339 2402 5391 si
2432 5354 2540 5395 non
2564 5335 2807 5402 receperit
2837 5349 2950 5399 eam
2981 5335 3060 5385 vir
3089 5348 3235 5402 suus,
3266 5338 3466 5402 peccat,
3491 5337 3541 5381 et

1985 5424 2232 5476 magnum
2270 5417 2539 5476 peccatum
2571 5400 2684 5458 sibi
2702 5403 2983 5476 admittit;_
3013 5402 3104 5454 sed
3141 5401 3284 5476 debet
3317 5400 3541 5468 recipere

1985 5470 2344 5546 peccatricem,
2375 5493 2493 5548 qua:
2517 5473 2874 5545 paenitentiam
2900 5472 3006 5548 egit
3026 5513 3041 5536 ,
3079 5470 3167 5548 sed
3197 5486 3302 5548 non
3333 5485 3536 5548 stupe...

1985 5539 2196 5616 propter
2216 5539 2573 5616 pcenit'entia'm
2603 5559 2850 5616 ergonon
2876 5539 3046 5616 debet,
3068 5540 3297 5616 dimissa
3323 5539 3542 5616 conjuge

1986 5609 2104 5679 "sua,
2129 5609 2398 5670 vir'aliam
2425 5616 2634 5668 ducere.
2661 5609 2764 5684 llic
2792 5621 2942 5684 actus
2958 5609 3148 5684 similis
3171 5620 3246 5662 est
3265 5620 3313 5662 et
3335 5611 3388 5684 in
3405 5610 3539 5674 viro,

1979 5697 2030 5746 et
2064 5688 2114 5739 in
2148 5687 2378 5750 muliere.
2414 5685 2625 5744 Hermae
2660 5681 2868 5747 Pastor,
2895 5679 3137 5746 mandat.
3167 5695 3312 5750 IV,.C.
3351 5679 3398 5742 l,
