4040 6322
563 311 665 368 883

1983 311 2040 364 S.
2069 307 2326 364 ῐΙΕΙὶΜιΕ
3650 313 3734 373 εει

563 405 888 490 auctoritate
937 423 1176 480 innixos.
1222 425 1567 481 Adulterium
1621 441 1838 495 semper
1881 426 2124 479 habitum
2157 430 2200 484 Α
2229 423 2434 477 nemini
2466 425 2519 478 in
2551 433 2788 478 mentem
2818 423 3036 480 venisse
3056 424 3476 494 disputationem
3500 427 3742 486 instituere

564 530 649 572 est
675 526 734 571 ut
757 517 995 588 legitima
1031 515 1246 570 divortii
1281 533 1480 583 causa;
1508 530 1784 585 nunquam
1813 523 1992 568 autem
2015 513 2128 568 dis-

566 608 726 661 solvit
754 607 1030 660 vinculum
1057 606 1394 661 matrimonii
1428 608 1666 677 legitime
1689 605 1984 661 contracti.

637 699 883 753 Declarat
912 697 1130 752 tandem
1163 698 1524 768 polygamiam
1551 697 1916 752 successivam
1943 709 2125 749 revera

565 791 766 845 licitam
793 805 936 856 esse,
966 789 1215 844 ccelibem
1247 798 1429 843 tamen
1477 789 1570 860 qui
1603 788 1769 842 vitam
1801 787 1973 850 ducit,
2013 799 2126 838 rem

564 882 676 936 Deo
698 881 1066 952 gratissimam
1095 879 1276 935 facere
1307 881 1444 949 (44).

625 971 656 1040 §
689 969 776 1026 IV.
807 971 881 1024 De
913 971 1286 1023 mandatorum
1312 969 1408 1024 Dei
1437 971 1764 1025 observantia
1797 979 1844 1022 et
1876 969 2070 1036 gratia.

636 1063 712 1117 De
751 1062 952 1117 divinis
997 1062 1274 1132 praeceptis
1315 1077 1622 1117 sermonem
1702 1063 2026 1125 instituens,
2066 1075 2128 1113 ea

564 1153 734 1208 Deum
753 1154 954 1208 amanti
966 1161 1180 1208 servato
1202 1153 1452 1207 facillima
1469 1194 1484 1219 ,
1518 1168 1693 1222 neque
1706 1153 2001 1222 quidquam
2022 1151 2132 1204 illis

563 1247 807 1301 sanctius
837 1255 930 1300 aut
960 1246 1174 1300 dulcius
1213 1263 1334 1300 esse
1362 1247 1437 1300 ait
1476 1246 1610 1316 (45).
1664 1245 1799 1298 Cum
1832 1259 1960 1298 vero
1994 1241 2130 1297 Iler-

567 1355 684 1393 mas
711 1337 925 1392 Pastori
959 1338 1254 1407 objicvrct:
1284 1337 1456 1392 Homo
1481 1338 1622 1404 cupit
1648 1335 1856 1407 quidem
1879 1334 2132 1388 mandata

568 1429 661 1483 Dei
693 1429 978 1495 custodire,
1007 1439 1055 1483 et
1083 1446 1231 1482 nemo
1262 1438 1368 1492 est,
1395 1429 1483 1497 qui
1512 1444 1614 1480 non
1643 1436 1785 1495 petat
1817 1443 1848 1480 a
1884 1425 2131 1490 Domino,

567 1532 623 1575 ut
665 1522 826 1591 possit
862 1522 1116 1575 mandata
1141 1521 1256 1590 ejus
1296 1536 1536 1583 servare;
1583 1520 1672 1573 sed
1697 1517 1939 1573 diabolus
1967 1517 2132 1572 durus

563 1620 662 1675 est,
693 1621 741 1664 et
790 1613 1025 1680 potentia
1067 1628 1165 1666 sua
1195 1611 1501 1664 dominatur
1541 1611 1595 1663 in
1642 1609 1738 1664 Dei
1766 1626 1938 1664 servos
1981 1609 2116 1681 (46).

565 1700 765 1755 Pastor
795 1702 940 1757 illico
965 1703 1011 1756 ei
1045 1702 1354 1771 respondet,
1401 1718 1506 1756 non
1540 1717 1700 1772 posse
1729 1702 2004 1756 diabolum
2030 1702 2132 1756 do-

568 1793 763 1847 minari
795 1794 849 1848 in
872 1793 964 1848 Dei
995 1809 1202 1857 servos,
1229 1792 1321 1862 qui
1347 1808 1412 1848 ex
1448 1793 1576 1848 totis
1596 1793 1912 1863 praecordiis
1943 1793 1996 1846 in
2029 1793 2133 1847 Do-

569 1885 776 1938 minum
824 1886 1072 1940 credunt.
1107 1885 1286 1941 Potest
1317 1897 1514 1952 autem,
1546 1887 1695 1942 addit
1725 1886 1970 1955 insuper,
2015 1885 2136 1939 dia-

566 1973 717 2028 bolus
742 1974 956 2040 luctari,
987 1976 1077 2029 sed
1105 1977 1302 2030 vincere
1330 1993 1432 2030 non
1467 1987 1632 2047 potest
1660 1994 1680 2042 ,'
1705 1979 1750 2030 si
1778 1977 1917 2031 enim
1935 1977 2138 2030 resisti-

570 2070 639 2119 tis
701 2066 806 2131 illi,
839 2067 1000 2137 fugiet
1045 2083 1077 2120 a
1106 2068 1248 2122 vobis
1275 2069 1545 2138 confusus.
1587 2069 1683 2123 His
1717 2068 1899 2123 verbis
1933 2070 2135 2123 contir-

571 2156 708 2210 mari
754 2167 983 2226 possunt
1015 2158 1214 2212 animae
1243 2159 1490 2228 quaedam
1539 2159 1894 2225 ineticulosze,
1938 2159 2139 2229 quibus

572 2258 837 2303 terrorem
867 2249 1143 2304 incutiunt
1168 2251 1495 2307 Christianae
1530 2252 1782 2319 virtutes,
1808 2267 2012 2318 easque
2035 2267 2137 2320 pu-

573 2345 690 2391 tant
723 2337 775 2389 in
813 2337 967 2407 praxl
997 2353 1118 2393 esse
1148 2338 1313 2393 nimis
1350 2339 1628 2405 molestas,
1662 2338 1914 2409 quinimo
1952 2345 2008 2392 et
2036 2351 2141 2391 tm-

574 2427 864 2495 possihiles
891 2445 1084 2483 eorum
1117 2438 1345 2486 naturae.
1381 2429 1556 2485 Velint
1603 2431 1753 2500 ipsae,
1785 2429 2048 2499 diligant,
2085 2437 2140 2483 et

573 2519 710 2572 nihil
737 2520 844 2573 erit
868 2520 1111 2583 dilIiciIe;
1143 2521 1234 2592 qui
1264 2522 1460 2590 diligit,
1485 2523 1667 2576 omnia
1701 2531 1896 2590 potest.
1927 2519 2037 2574 Hac
2058 2521 2140 2575 di-

574 2608 808 2665 lectione
855 2611 922 2666 de
972 2611 1172 2666 Satana
1197 2612 1482 2668 victoriam
1512 2613 1884 2683 reportabunt,
1913 2622 1967 2665 et
1989 2627 2140 2666 eom-

573 2717 766 2755 mones
795 2702 958 2772 hujus
987 2703 1151 2758 sortis
1176 2704 1352 2758 minas
1375 2713 1754 2769 contemnent;
1780 2719 1901 2772 qua:
1920 2703 2138 2772 quidem

575 2794 757 2858 mium,
783 2795 961 2864 inquit
986 2793 1200 2860 Pastor,
1233 2795 1352 2850 sine
1385 2795 1585 2849 virtute
1615 2803 1764 2860 sunt,
1795 2795 1938 2849 sicut
1963 2794 2141 2848 homi-

577 2885 660 2940 nis
689 2885 886 2939 mortui
919 2887 1090 2940 nervi.
1127 2885 1302 2940 Minas
1335 2896 1512 2939 autem
1543 2886 1689 2939 illius
1713 2886 1769 2939 in
1794 2894 1958 2939 totum
1980 2885 2141 2939 nolite

575 2977 786 3039 timere;
811 2978 922 3030 sine
947 2976 1138 3030 virtute
1165 2979 1303 3031 enim
1339 2984 1481 3042 sunt,
1517 2977 1652 3029 sicut
1683 2975 1907 3029 hominis
1945 2977 2140 3030 mortui

575 3070 738 3124 nervi.
767 3068 992 3125 Plirasis
1022 3070 1135 3124 lucc
1163 3068 1446 3139 originalis
1480 3077 1584 3132 est,
1613 3066 2018 3138 perfectamque
2042 3069 2141 3122 ba-

579 3163 668 3216 bct
714 3161 1209 3230 pulchritudinem;
1257 3175 1323 3214 ac
1375 3161 1646 3230 pathetice
1694 3161 1939 3230 exponit,
1993 3162 2138 3231 quod

577 3270 796 3309 summo
831 3262 1144 3322 contemptu
1188 3253 1483 3308 debeamus
1537 3253 1738 3307 habere
1776 3253 2075 3308 dannonem
2123 3273 2135 3308 :

579 3347 724 3400 absit
749 3362 875 3402 vero
911 3346 1054 3416 quod
1083 3346 1187 3400 hoc
1225 3347 1405 3401 minus
1429 3361 1528 3401 nos
1559 3346 1820 3402 sollicitos
1848 3347 2054 3412 reddat,
2077 3363 2143 3403 ac

583 3439 871 3510 vigilantes
898 3439 1160 3493 adversus
1187 3439 1307 3508 eius
1335 3438 1557 3494 fraudes
1587 3455 1652 3493 ac
1679 3439 1926 3494 insidias.

655 3529 884 3596 Quidam
937 3531 1088 3585 locus
1122 3531 1360 3586 occurrit
1409 3531 1463 3585 in
1518 3531 1764 3596 Pastore,
1813 3531 1907 3602 qui
1959 3540 2144 3602 posset

581 3623 787 3675 morari
812 3621 1094 3685 lectorem,
1123 3636 1312 3691 parum
1339 3621 1404 3676 de
1433 3621 1606 3691 gratia
1625 3621 1976 3677 instructum.
2007 3621 2144 3686 Quo-

583 3729 723 3778 rum,
756 3713 832 3767 ait
861 3711 1070 3778 Pastor,
1103 3713 1300 3768 viderat
1340 3714 1596 3766 Dominus
1631 3729 1793 3782 puras
1836 3724 2031 3768 mentes
2057 3715 2144 3783 fu-

583 3816 821 3870 turas,et
852 3809 1138 3860 serviturus
1167 3809 1214 3860 ei
1241 3823 1303 3860 ex
1331 3808 1455 3861 totis
1481 3808 1804 3876 prtecordiis,
1822 3807 1932 3860 illis
1962 3807 2144 3860 tribuit

580 3900 939 3968 pwnitentiam
963 3913 982 3952 :
1013 3909 1060 3952 et
1091 3916 1310 3970 quorum
1344 3901 1565 3970 respexit
1596 3899 1772 3952 dolum
1795 3909 1842 3953 et
1865 3900 2145 3970 nequitias,

581 4002 634 4046 et
663 3993 1041 4047 animadvertit
1073 3995 1141 4047 ad
1186 4010 1243 4050 se
1280 3993 1552 4062 fallaciter
1583 4009 1877 4046 reversurus
1899 4033 1914 4059 ,
1944 3993 2147 4062 negavit

585 4085 654 4137 iis
697 4085 767 4137 ad
798 4085 1154 4154 paenitentiam
1200 4103 1510 4156 regressum,
1552 4103 1614 4140 ne
1637 4102 1817 4140 rursus
1844 4085 2005 4156 legem
2033 4087 2147 4155 ejus

585 4173 830 4242 nefandis
860 4176 1224 4228 maledicerent
1261 4175 1425 4230 verbis
1464 4177 1600 4245 (47).
1632 4175 1841 4240 Videri,
1890 4177 2138 4246 inquam,

585 4275 770 4333 posset
799 4265 888 4319 hic
918 4265 1109 4320 Pastor
1139 4267 1412 4336 aliquibus
1437 4266 1898 4336 Pelagianismum
1925 4283 2142 4337 sapere,

584 4357 669 4412 vel
721 4358 786 4412 ad
847 4359 1028 4412 minus
1086 4357 1756 4428 scmi-Pelagianismum,
1808 4359 1863 4412 in
1921 4359 2144 4413 materia

2229 527 2392 582 supra
2421 513 2739 583 mysterium
2772 514 2987 582 gratiae,
3032 514 3192 584 eique
3234 514 3458 584 gloriam
3497 519 3743 589 prarripere

2189 620 2195 630 '
2228 602 2631 667 conversionis,
2679 617 2743 656 ac
2777 602 3191 670 justiticationis
3234 605 3571 672 peccatoris;
3613 619 3747 676 atque

2230 693 2420 760 haclde
2445 709 2611 748 causa
2652 693 2876 748 Hermas
2917 709 3079 749 suum
3113 693 3395 750 Pastorem
3429 697 3746 765 perhibetlo-

2228 793 2485 854 quentem
2534 785 2602 840 de
2652 786 2822 855 gratia
2873 786 3008 842 satis
3037 787 3392 842 conﬁdenter.
3439 789 3689 854 Secundo,
3713 795 3752 847 si

2231 885 2378 931 recte
2405 875 2475 930 ad
2516 891 2744 931 examen
2791 886 3078 932 revocetur
3110 878 3197 933 hic
3228 888 3427 945 textus,
3461 881 3591 935 nihil
3621 882 3665 936 in
3702 899 3754 938 eo

2230 966 2595 1030 adinvenitur,
2654 968 2802 1037 quod
2840 969 3074 1022 multum
3122 969 3363 1025 detinere
3407 985 3508 1026 nos
3555 972 3754 1038 debeat;

2231 1075 2395 1114 omne
2425 1060 2478 1115 id
2509 1061 2678 1123 enim,
2720 1060 2865 1130 quod
2901 1060 2974 1115 ibi
3023 1062 3269 1127 docetur,
3321 1063 3387 1116 ad
3420 1063 3534 1117 haec
3580 1065 3760 1120 reduci-

2231 1162 2318 1206 tur
2347 1171 2360 1206 :
2398 1151 2568 1207 Deum
2593 1153 2842 1207 videlicet
2870 1153 3168 1208 concedere
3209 1155 3438 1223 gratiam
3467 1157 3762 1225 paenitentia:

2233 1243 2471 1298 hominis
2501 1243 2823 1310 sinceritati,
2866 1245 3092 1314 ejusque
3134 1245 3294 1300 bonis
3323 1246 3760 1315 dispositionibus.

2235 1336 2356 1391 Ilaec
2386 1337 2601 1407 phrasis
2631 1348 2808 1391 autem
2841 1353 2941 1393 nec
2965 1346 3048 1392 est
3077 1337 3388 1406 Pelagiana,
3421 1354 3524 1394 nec
3556 1337 3765 1408 Semipe-

2233 1429 2469 1499 Iagiana,
2503 1429 2606 1482 nisi
2638 1430 2690 1482 in
2719 1443 2881 1483 sensu
2909 1443 3122 1494 eorum,
3157 1430 3250 1500 qui
3276 1439 3486 1494 tenent,
3519 1429 3653 1485 hanc
3672 1433 3766 1484 sin-

2231 1522 2533 1585 ceritatem,
2566 1521 2774 1591 hasque
2811 1521 2980 1576 bonas
3015 1522 3402 1592 dispositiones
3432 1523 3589 1580 unice
3627 1538 3686 1578 ex
3712 1525 3766 1576 li-

2235 1614 2365 1668 bero
2389 1611 2614 1667 arbitrio
2639 1613 2954 1682 procedere,
2979 1622 3033 1667 et
3059 1628 3124 1667 ex
3155 1613 3364 1668 viribus
3389 1622 3625 1678 naturae;
3647 1615 3768 1682 quod

2235 1705 2450 1775 quidem
2479 1721 2576 1759 nec
2607 1705 2693 1759 hic
2714 1704 2872 1758 docet
2889 1703 3099 1772 Pastor,
3125 1721 3224 1759 nec
3250 1705 3404 1771 alibi,
3430 1705 3573 1776 quod
3601 1708 3765 1769 sciam,

2239 1795 2291 1849 in
2324 1804 2438 1848 toto
2478 1810 2643 1864 opere
2675 1810 2795 1848 suo.
2831 1793 3092 1858 Quinimo
3122 1794 3228 1848 dici
3260 1793 3428 1848 etiam
3476 1802 3644 1864 potest
3683 1810 3769 1849 non

2236 1886 2442 1956 absque
2479 1885 2688 1939 ratione
2720 1883 2998 1938 Pastorem
3033 1883 3142 1938 illis
3173 1883 3402 1939 vocibus
3438 1901 3596 1940 usum
3637 1901 3766 1950 esse;

2235 1979 2436 2049 quippe
2471 1977 2790 2048 poenitentia
2821 1985 2903 2030 est
2931 1991 3033 2030 una
3063 1991 3130 2029 ex
3160 1975 3228 2031 iis
3255 1977 3471 2046 gratiis,
3499 1992 3632 2047 quas
3651 1976 3768 2030 Deus

2238 2087 2344 2125 non
2377 2071 2623 2125 concedit
2660 2069 2934 2123 ordinario
2977 2068 3273 2138 loquendo,
3310 2069 3420 2123 nisi
3461 2079 3582 2138 post
3604 2069 3770 2123 multas

2239 2163 2396 2229 alias,
2430 2164 2509 2217 uti
2545 2163 2690 2222 tidci.
2729 2161 2867 2233 spei,
2908 2177 3029 2232 qua:
3057 2170 3186 2217 sunt
3212 2162 3381 2217 veluti
3417 2163 3771 2232 dispositiones

2239 2259 2303 2312 ad
2332 2259 2489 2311 istam
2516 2255 2652 2327 (48).

2767 2345 2891 2418 §V.
2932 2345 3004 2400 De
3046 2345 3264 2416 angelis.

2309 2442 2494 2513 Neque
2527 2441 3042 2513 praetermittendum
3069 2457 3098 2494 a
3122 2440 3280 2495 nobis
3301 2438 3651 2502 arbitramur,
3677 2451 3774 2506 qua

2240 2537 2306 2590 de
2333 2536 2538 2606 angelis
2562 2534 2679 2590 suis
2708 2535 2760 2588 in
2796 2534 2949 2589 libris
2991 2533 3218 2588 Hermas
3257 2531 3444 2585 tradit.
3481 2529 3655 2584 Primo
3679 2528 3776 2599 qui-

2240 2627 2360 2682 dem
2392 2626 2547 2681 docet
2577 2639 2696 2680 esse
2738 2624 3026 2694 quamdam
3058 2623 3204 2693 ipsos
3241 2622 3384 2676 inter
3420 2623 3638 2692 angelos
3667 2621 3774 2675 sub-

2240 2717 2660 2782 ordinationem,
2695 2715 2768 2769 ita
2812 2715 3062 2779 nimium,
3097 2721 3152 2766 ut
3184 2711 3274 2764 alii
3313 2711 3427 2766 sint
3465 2712 3587 2766 aliis
3625 2708 3776 2764 excel-

2241 2810 2498 2866 Ientiores
2520 2807 2654 2874 (49).
2684 2805 2933 2861 Secundo
2959 2807 3182 2875 exponit
3205 2805 3425 2874 qualem
3448 2805 3591 2860 circa
3614 2817 3774 2857 omnes

2243 2900 2406 2970 hujus
2459 2899 2644 2954 mundi
2693 2913 2780 2952 res
2828 2896 3245 2951 sollicitudinem
3301 2896 3558 2950 habeant.
3608 2893 3776 2948 Statuit

2243 3003 2420 3048 autem
2451 2991 2717 3060 imprimis
2745 2989 2802 3044 S.
2837 2989 3149 3044 Michaelem
3197 2987 3586 3058 archangelum
3610 2986 3776 3040 habere

2167 3090 2214 3150 ο
2247 3092 2560 3156 potestatem
2594 3098 2757 3152 super
2791 3081 3050 3152 populum
3091 3080 3492 3145 Christianum,
3521 3089 3574 3133 et
3614 3079 3779 3148 guber-

2245 3190 2374 3228 nare
2421 3175 2592 3228 illnm.
2657 3171 2894 3226 Nuntius
2929 3181 3102 3225 autem
3143 3170 3301 3225 ille...
3337 3171 3524 3239 (verba
3560 3165 3779 3224 suntPa-

2241 3267 2425 3334 storis)
2458 3264 2684 3319 Michael
2719 3273 2816 3327 est,
2854 3264 2943 3334 qui
2979 3261 3156 3333 populi
3184 3261 3340 3330 hujus
3389 3262 3542 3316 habet
3580 3268 3778 3329 potesta-

2243 3369 2366 3424 tem,
2394 3367 2441 3411 et
2471 3359 2722 3428 guberth
2757 3355 2892 3424 (50).
2927 3353 3062 3410 Ilinc
3109 3354 3400 3424 peculiaris
3444 3351 3655 3407 devotio
3697 3347 3779 3403 Ec-

2241 3451 2420 3506 clesia:
2468 3450 2748 3503 catholica:
2795 3463 2923 3518 erga
2969 3445 3030 3502 S.
3079 3445 3396 3500 Michaelem
3447 3445 3696 3500 tundatur
3735 3441 3778 3494 ia

2244 3543 2486 3599 doctrina
2515 3543 2782 3612 primaevae
2815 3543 3179 3611 antiquitatis.

2316 3635 2458 3689 Idem
2491 3632 2684 3688 Pastor
2713 3641 2899 3702 aperte
2941 3648 3158 3703 quoque
3196 3634 3440 3688 declarat
3475 3633 3663 3687 Filium
3703 3628 3779 3682 Dei

2246 3728 2603 3799 [imposuisse
2637 3727 2858 3796 angelos
2890 3726 2943 3780 in
2975 3727 3277 3782 custodiam
3317 3741 3509 3782 eorum
3540 3739 3672 3796 quos
3695 3721 3780 3775 Pa-

2247 3831 2365 3878 stor
2388 3819 2624 3876 caelestis
2652 3819 2754 3888 ipsi
2791 3819 3011 3873 tradidlt
3040 3838 3054 3873 :
3084 3818 3177 3872 Eis
3207 3835 3334 3889 quos
3387 3817 3532 3872 Filio
3562 3814 3777 3876 tradidit,

2253 3911 2426 3966 Filius
2447 3912 2521 3965 eis
2547 3910 2756 3963 nuntios
2790 3909 3074 3979 pra-posuit
3119 3908 3187 3962 ad
3217 3908 3595 3964 conservandos
3627 3907 3780 3974 singu-

2249 4003 2326 4058 los
2371 4002 2504 4069 (5|).
2557 3999 2669 4054 Etsi
2716 4009 2910 4069 agatur
2954 3999 3042 4054 hic
3089 3999 3154 4054 de
3199 3999 3331 4054 sclis
3378 3993 3778 4071 praedestinatis,

2249 4103 2458 4149 certum
2489 4099 2572 4145 est
2604 4089 2958 4144 nihilominus
3003 4087 3146 4158 quod
3182 4087 3372 4143 Pastor
3419 4087 3560 4143 idem
3595 4083 3779 4155 privile-

2251 4187 2398 4256 gium
2429 4183 2694 4238 concedat
2726 4181 2938 4236 caeteris
2970 4181 3302 4234 hominibus.

2319 4274 2502 4328 Primo
2529 4273 2673 4328 enim
2715 4271 2842 4326 illud
2877 4272 3122 4326 concedit
3163 4271 3450 4341 neophytis
3491 4271 3640 4340 ipsis,
3671 4268 3776 4322 dum

2253 4363 2382 4417 dicit
2426 4361 2569 4432 quod
2600 4360 2675 4414 illi
2706 4360 2774 4414 ab
2807 4359 3013 4428 angelis
3052 4370 3471 4415 commonentur
3495 4361 3560 4414 ad
3592 4355 3778 4413 benefa-

582 4449 794 4518 gratiaa,
824 4465 987 4518 quam
1015 4450 1192 4518 primo
1223 4460 1443 4520 aspectu
1473 4451 1686 4504 videtur
1715 4451 2010 4504 concedere
2037 4467 2149 4505 nie-
2180 4429 2224 4485 D
2255 4429 2504 4508 ciendum
2527 4450 2663 4521 (59.).
2694 4449 2892 4505 Deinde
2922 4449 3160 4505 declarat
3189 4452 3241 4505 in
3267 4467 3481 4520 genere,
3524 4450 3661 4520 quod
3689 4447 3778 4500 duo

586 4537 729 4601 ritis,
780 4547 834 4591 et
882 4539 1039 4593 bonis
1088 4541 1543 4610 dispositionibus
1582 4541 1888 4606 hominum,
1923 4541 2147 4596 minime

590 4629 1025 4697 recognoscendo
1077 4630 1222 4684 illam
1257 4646 1321 4685 ex
1378 4641 1526 4700 parte
1576 4631 1669 4686 Dei
1719 4631 2030 4702 gratuitam.
2077 4632 2146 4687 At

587 4717 1130 4774 animadvertendum
1159 4731 1241 4776 est
1268 4723 1466 4792 primo,
1505 4723 1779 4793 priinaavis
1811 4724 2148 4793 temporibus

661 4923 775 4991 (Η)
807 4921 875 4999 Et
909 4921 1098 4977 iterum
1129 4926 1242 4999 disi
1271 4926 1353 4999 illi
1377 4943 1394 4979 :
1421 4927 1478 4983 Si
1502 4930 1582 4982 vir
1608 4926 1889 4981 velmulier
1914 4927 2142 4999 alicujus

585 4994 888 5067 decesserit,
921 4997 1235 5067 e_t_nupserit
1262 4997 1450 5067 aliquis
1478 4999 1725 5060 illorum;
1765 4999 1998 5067 nunquid
2023 4994 2146 5065 pec-

587 5066 714 5119 cat?
743 5061 1011 5128 Quinubit
1031 5107 1045 5128 ,
1071 5081 1170 5137 non
1197 5061 1393 5132 peccat,
1417 5069 1611 5137 inquit,
1647 5067 1736 5120 sed
1758 5069 1804 5119 si
1824 5061 1914 5135 per
1929 5085 1982 5119 se
2004 5061 2148 5120 man-

590 5137 1029 5207 serit,_gnagnum
1055 5135 1154 5187 sibi
1187 5137 1326 5204 apud
1371 5135 1649 5192 Dominum
1692 5138 1948 5207 conquirit
1980 5138 2144 5190 hono-

591 5202 962 5287 Tetti..”ile'l:liI2?
997 5202 1546 5287 Post-air.,_mau.l._tv,
1573 5223 1621 5260 c.
1648 5208 1702 5260 4.

665 5275 780 5396 145)
819 5274 1003 5358 Ponite
1052 5277 1190 5359 nobis
1225 5275 1404 5342 Deum,
1444 5277 1608 5360 perint
1638 5287 1863 5358 uestrum
1903 5279 1958 5360 in
1989 5276 2142 5330 corde

591 5344 661 5417 lia
698 5361 800 5417 ere,
826 5356 874 5398 et
897 5345 1198 5417 intelligetis
1224 5347 1361 5416 quod
1403 5347 1533 5402 nihil
1561 5346 1768 5417 faeiltus
1793 5349 1862 5400 sit
1888 5348 1968 5400 his
1995 5363 2143 5399 man-

595 5414 762 5489 datis,
791 5430 952 5489 neque
981 5414 1208 5482 dulcius,
1239 5414 1415 5488 neque
1457 5414 1798 5489 mansuetius,
1833 5434 1994 5489 neque
2019 5434 2142 5470 san.

591 5485 748 5538 crius.
797 5485 856 5537 L.
909 5501 945 5539 ιι
968 5525 983 5547 ,
1018 5489 1204 5540 mand.
1239 5485 1338 5549 xu,
1367 5504 1414 5542 c.
1455 5488 1487 5540 3
1521 5498 1571 5542 et
1602 5489 1652 5540 ll.

815 5553 977 5620 Idem,
1012 5557 1164 5620 ibid.,
1195 5559 1328 5640 (3.05.

738 5623 780 5684 ι)
806 5622 970 5684 Idem.
1005 5626 1180 5684 Past..
1213 5645 1328 5682 Sltlll

689 5621 780 5696 ξῖ)
806 5622 970 5696 Idem,
1005 5626 1180 5692 Past.,
1213 5628 1494 5683 similitiul.
1524 5645 1638 5690 vui,
1671 5645 1789 5696 cap.
1825 5631 1871 5680 ϐ.

667 5691 782 5762 (48)
810 5692 1071 5759 Quiniuiu
1101 5691 1264 5752 Deum
1301 5700 1554 5753 anteriori
1601 5691 1830 5769 quadarn
1862 5701 2029 5770 gratia
2063 5717 2154 5755 cos

2253 4545 2395 4616 genii
2420 4545 2534 4599 sive
2558 4543 2667 4597 duo
2695 4543 2870 4610 angeli
2899 4551 3025 4597 sunt
3051 4559 3175 4600 cum
3207 4545 3446 4610 homine,
3475 4560 3613 4599 unus
3631 4540 3780 4608 aequie

2255 4637 2403 4702 tatis,
2451 4643 2505 4689 et
2552 4649 2693 4688 unus
2734 4633 3035 4702 iniquitatis
3067 4634 3202 4704 (53).
3236 4634 3390 4688 Prior
3425 4635 3491 4690 ad
3533 4636 3778 4691 virtutem,

2254 4725 2390 4780 alter
2420 4725 2484 4778 ad
2526 4723 2654 4776 vitia
2680 4723 2900 4777 excitat.
2956 4721 3125 4778 Malus
3173 4724 3286 4795 ipse
3333 4727 3522 4796 genius
3561 4721 3781 4778 diabolus

2251 4927 2317 4981 ad
2345 4927 2712 4997 pmnitenuam
2741 4941 3096 4997 praeparasse,
3141 4925 3264 4980 inde
3291 4935 3434 4994 patet
3455 4925 3620 4997 ;_quia
3644 4920 3777 4997 paulo

2251 4987 2500 5066 superius
2545 4987 2770 5066 angelus
2824 4987 2891 5050 ad
2955 4987 3205 5050 llet'mam
3260 4987 3776 5060 dixin—Vides-un

2253 5066 2405 5135 inulti
2434 5076 2645 5135 egerunt
2673 5067 3049 5134 ptenitentiam,
3082 5076 3132 5119 et
3154 5068 3380 5135 assecuti
3414 5076 3533 5118 sunt
3563 5067 3770 5117 salutem.

2263 5134 2443 5196 Video,
2467 5134 2653 5205 inquit
2681 5135 2924 5198 Hermas,
2963 5137 3188 5188 domine.
3227 5134 3293 5187 Ut
3329 5139 3487 5198 scius,
3533 5135 3602 5188 ait
3642 5145 3774 5198 ange-

2252 5206 2358 5270 lus,
2396 5206 2677 5259 bonitatem
2725 5216 2774 5260 ct
2826 5205 3152 5259 clementiam
3205 5205 3412 5258 Domini
3459 5217 3702 5275 magnoin,
3734 5205 3772 5275 ες

2249 5276 2608 5329 honorandum
2645 5292 2774 5340 esse,
2811 5278 2901 5345 qui
2944 5277 3085 5331 dedit
3127 5276 3371 5344 spiritum
3420 5277 3491 5329 eis
3536 5269 3619 5344 qui
3652 5269 3769 5337 digni

2248 5357 2396 5398 erant
2424 5346 2779 5415 paenitentiam
2807 5363 2974 5415 agere.

2323 5417 2431 5483 (ill)
2463 5414 2671 5469 Hermae
2700 5413 2874 5478 Pasti,
2909 5416 3116 5469 visione
3146 5429 3226 5480 tu,
3257 5429 3376 5484 cap.
3408 5416 3461 5470 4.

2323 5487 2434 5556 (50)
2463 5485 2631 5556 Idem,
2665 5485 2876 5556 similit.
2905 5501 3023 5551 vui,
3054 5501 3103 5539 c.
3134 5485 3188 5538 '5.

2327 5553 2439 5622 (iii)
2463 5553 2629 5620 Idem,
2658 5555 2863 5610 similit.
2895 5570 2974 5620 ut,
3012 5570 3060 5610 c.
3094 5556 3146 5608 ϐ.

2330 5626 2442 5695 (52)
2469 5625 2632 5690 Ideni,
2661 5625 2694 5677 Ι.
2723 5641 2761 5684 ι,
2794 5626 2892 5678 vis.
2920 5640 2998 5687 III,
3029 5641 3077 5678 c.
3106 5627 3159 5678 5.

2327 5697 2438 5764 (ἥδ)
2471 5695 2633 5761 lilcm,
2670 5697 2701 5748 Ι.
2743 5712 2800 5761 ιι,
2839 5697 3019 5750 mani].
3058 5713 3130 5762 vi,
3160 5712 3206 5750 c.
3241 5695 3294 5752 2.

3929 546 3931 692 ι
