4040 6322
299 336 409 390 83?)
1500 335 1793 392 PASTOR.
1832 368 1841 377 -

1948 333 2301 392 ΡΚΜΕΜΙΑ.
3427 337 3532 394 885

296 468 404 523 est,
431 455 891 528 quemadmodum
921 456 1033 527 ipse
1061 456 1168 511 alio
1201 457 1322 514 loco
1353 455 1552 512 fatetur
1591 459 1726 526 (54').
1753 459 1867 511 An-
1897 462 1940 518 Α
1971 473 2202 527 quarum
2255 455 2426 527 prima
2472 464 2588 524 cst,
2633 456 2908 527 apostolos
2949 465 3070 523 post
3124 466 3348 510 mortem
3400 453 3526 511 Jnsu

297 550 477 621 gelum
522 563 738 618 quoque
787 547 1013 603 Hermas
1070 558 1254 603 noster
1305 559 1722 613 commemorat,
1772 550 1865 620 qui
1968 549 2169 604 Christi
2197 548 2499 603 doctrinam
2543 548 2768 613 sanctis,
2800 546 2893 617 qui
2941 556 3065 600 ante
3098 546 3362 611 obierant,
3393 562 3528 615 pne-

296 642 526 698 terribili
552 641 767 696 cuidam
795 641 991 695 bellua:
1017 649 1262 710 przeerat,
1287 656 1448 710 quam
1475 656 1569 710 per
1590 641 1864 696 somnium
1965 638 2253 698 dicavisse.
2307 639 2482 709 iisque
2527 638 2856 708 baptismum
2905 637 3219 699 contulisse,
3259 636 3378 690 sine
3418 650 3528 705 quo

297 735 529 798 viderat,
568 742 730 802 atque
764 731 960 801 Hegi-in
994 731 1225 801 appellat
1250 731 1388 800 (55).
1422 729 1500 784 En
1545 731 1717 801 ipsius
1762 731 1865 786 Pa-
1965 728 2104 782 bona
2136 729 2348 784 illorum
2378 743 2540 798 opera
2571 729 2782 784 inutilia
2811 736 2966 783 erant
2996 727 3132 797 (58).
3175 725 3289 782 Hoc
3323 737 3524 798 tamen,

293 825 462 879 storis
487 824 653 878 verba
689 841 704 877 :
743 822 887 876 Misit
921 821 1174 875 Dominus
1199 821 1439 892 angelum
1464 838 1637 886 suum,
1669 822 1759 892 qui
1786 831 1862 875 est
1957 817 2139 887 judice
2162 817 2279 872 viro
2303 816 2770 888 perspicacissimo
2803 816 2937 884 (59),
2979 829 3084 868 non
3123 816 3190 870 de
3231 831 3391 886 aqua,
3430 816 3526 870 sed

289 931 451 983 super
475 914 705 972 bestias:
738 915 823 966 cui
867 928 1048 965 nomen
1089 921 1164 965 est
1197 911 1416 982 "egrin,
1440 921 1488 965 et
1517 912 1772 964 obturavit
1802 927 1859 965 os

285 1009 428 1076 ejus,
456 1024 519 1060 ne
555 1017 601 1059 te
638 1006 944 1070 dilaniaret,
979 1015 1081 1060 etc.
1112 1004 1227 1059 Viri
1259 1004 1402 1060 docti
1431 1003 1575 1058 circa
1607 1011 1857 1058 vexatum

289 1101 439 1156 hunc
480 1101 656 1154 lorum
693 1100 905 1154 diversa
937 1109 1063 1154 sunt
1105 1097 1418 1152 commenti.
1461 1095 1857 1151 Celeberrimus

285 1192 558 1247 Nom-rius
580 1208 704 1246 eum
734 1193 1120 1246 restituendum
1147 1199 1301 1260 putat
1328 1204 1392 1243 ex
1416 1188 1603 1243 codice
1627 1187 1855 1242 Colber-

286 1285 424 1348 tino,
457 1283 547 1352 qui
571 1283 650 1338 sic
680 1282 838 1336 habet
872 1301 884 1335 :
911 1302 928 1332 ι
954 1281 1098 1336 Misit
1127 1280 1389 1335 Dominus
1418 1280 1666 1350 angelum
1691 1293 1851 1334 suum

282 1393 453 1448 super
479 1376 728 1442 bestiam,
752 1375 910 1445 cujus
931 1390 1122 1429 nomen
1143 1383 1226 1430 est
1247 1372 1440 1443 Hegrin
1463 1373 1596 1440 (56).
1619 1391 1638 1424 ι
1663 1371 1852 1442 Suspi-

281 1479 442 1524 catus
470 1469 580 1539 jam
627 1468 802 1524 fuerat
839 1467 1186 1522 dot-tissimus
1231 1465 1554 1525 Cotelerius,
1593 1463 1849 1519 Hermam

279 1559 471 1616 Grazce
514 1563 616 1618 hoc
658 1561 770 1616 fere
800 1560 962 1613 modo
1003 1557 1288 1627 scripsisse
1329 1575 1342 1610 :
1375 1556 1625 1627 Ἐπεμψε
1650 1556 1852 1627 Κύριος

279 1651 514 1719 ἄγγελον
539 1651 721 1714 αὑτοῦ,
746 1651 804 1713 ὃς
831 1651 974 1702 ἐστιν
1005 1650 1096 1701 ἐπὶ
1111 1646 1317 1718 Θηρίον,
1345 1639 1389 1714 ᾧ
1413 1647 1580 1716 ὄνομα
1607 1645 1846 1718 Ἄγριον.

279 1741 460 1808 Quam
537 1743 590 1796 in
648 1742 970 1798 sententiam
1017 1741 1207 1793 recitat
1255 1739 1382 1792 illud
1419 1738 1609 1808 psalmi
1658 1753 1843 1804 LXXIS,

277 1851 337 1887 ν.
371 1833 482 1887 li:
529 1832 859 1903 Ἑλυμῄνατο
902 1831 1067 1902 αὐτὴν
1113 1830 1210 1893 σῦς
1253 1831 1316 1882 ὲκ
1365 1829 1592 1900 δρυμοῦ,
1623 1829 1717 1882 καὶ
1752 1846 1848 1899 μο-

276 1926 395 1990 νιδς
416 1925 602 1996 ἄγριος
623 1925 1028 1996 κατενεμήσατο
1051 1925 1238 1994 αὑτήν.
1275 1921 1570 1976 Devastarit
1588 1939 1702 1977 eam
1726 1938 1850 1992 aper

274 2017 345 2070 de
401 2017 555 2081 silva,
593 2026 642 2070 et
685 2015 969 2086 singularis
1018 2015 1158 2084 ferus
1207 2015 1453 2084 depastus
1504 2025 1578 2068 est
1613 2031 1728 2068 eam
1756 2016 1846 2079 δί’,

273 2106 370 2159 cui
393 2106 608 2175 quidem
632 2106 956 2174 conjecturae
975 2113 1260 2159 contextus
1279 2105 1455 2158 l'averc
1473 2105 1684 2159 videtur
1707 2105 1845 2176 (57).

277 2195 562 2266 Siquidem
595 2198 732 2252 hanc
762 2196 987 2251 bestiam
1013 2211 1270 2265 pressura:
1287 2207 1674 2265 superventurte
1706 2199 1842 2268 ligu-

273 2306 398 2344 ram
453 2305 572 2345 esse
627 2303 748 2344 mox
794 2289 990 2344 ibidem
1039 2286 1178 2360 ston
1205 2289 1579 2359 apocalyptico
1609 2289 1849 2345 declarat

275 2380 528 2435 Hermas.
569 2379 638 2434 Ut
667 2380 895 2450 proinde
935 2395 1059 2434 cum
1110 2379 1270 2448 patqu
1318 2389 1442 2434 ante
1490 2380 1784 2450 scripserit,
1815 2395 1845 2436 a

273 2474 512 2528 Domino
559 2489 722 2542 super
772 2473 1000 2526 bestiam
1029 2473 1300 2542 angelum
1356 2473 1584 2528 missum
1641 2473 1844 2538 fuisse,

271 2567 452 2635 ipsius
485 2564 750 2619 sententia
779 2564 844 2618 de
889 2563 1082 2632 angelo
1109 2577 1140 2616 a
1178 2561 1284 2616 Deo
1314 2563 1366 2616 iu
1395 2563 1655 2617 auxilium
1680 2562 1845 2618 Chri-

271 2657 579 2711 stianorum
632 2657 800 2710 misso
839 2657 909 2712 sit
961 2655 1294 2724 accipienda,
1328 2657 1420 2724 qui
1456 2669 1550 2711 eos
1594 2655 1647 2709 in
1694 2671 1843 2726 pres-

269 2763 406 2802 sura
438 2757 849 2817 superventura,
878 2762 972 2801 seu
1001 2747 1316 2802 imminente
1354 2746 1730 2816 persecutione
1756 2760 1846 2802 so-

270 2842 480 2894 laretur
529 2849 691 2909 atque
762 2840 986 2896 foveret.
1017 2839 1098 2893 Cl.
1135 2838 1437 2892 Cotelerius
1467 2836 1591 2892 inde
1627 2847 1842 2892 enatam

265 2931 499 2998 conjieit
529 2946 711 2984 vocem
747 2929 966 3000 Hegi-in,
989 2931 1134 3000 quod
1179 2931 1231 2985 in
1273 2930 1484 2986 Hermae
1515 2939 1664 2984 textu
1693 2944 1845 2985 com-

268 3025 534 3092 pendiosa
574 3024 839 3092 scriptura
879 3032 1116 3080 exstaret
1147 3024 1340 3096 ἔγρηγ,
1373 3024 1530 3093 cujus
1559 3036 1844 3093 postremae

1960 908 2027 962 de
2060 908 2308 976 baptismi
2358 908 2528 978 gratia
2573 915 2656 961 est
2682 905 3093 976 accipiendum;
3127 904 3229 959 fuit
3251 907 3397 962 enim
3433 920 3528 960 ve-

1960 1009 2134 1054 terum
2162 1000 2521 1068 complurium
2559 999 2766 1069 opinio,
2794 997 3070 1068 apostolos
3113 997 3343 1053 mortuis
3386 1012 3524 1068 pra:-

1959 1091 2228 1147 dieavisse
2258 1091 2394 1161 (60),
2423 1090 2568 1160 quod
2616 1090 2674 1145 S.
2707 1089 2900 1145 Petrus
2940 1089 2985 1122 "
3021 1090 3088 1144 de
3127 1087 3254 1144 Jesu
3306 1088 3525 1145 Christo

1957 1185 2204 1240 alBrmat.

2024 1277 2112 1331 Ait
2133 1285 2393 1346 praeterea
2423 1276 2780 1332 revelationes
2805 1284 2858 1330 et
2879 1275 3118 1330 visiones
3145 1289 3242 1345 pro
3264 1274 3489 1329 dubitan
3505 1305 3522 1319 -

1955 1369 2121 1434 tibus,
2152 1378 2204 1422 et
2232 1370 2510 1424 veritatem
2560 1370 2660 1426 sibi
2713 1368 3037 1424 traditorom
3090 1366 3522 1436 disquirentibus

1952 1474 2074 1513 esse
2117 1460 2182 1513 ad
2233 1460 2586 1514 infirmiorem
2643 1473 2832 1514 eorum
2882 1457 3040 1511 tidem
3092 1456 3520 1511 conﬁrmandam

1955 1550 2100 1621 (61);
2136 1551 2398 1606 mundum
2430 1566 2557 1605 vero
2585 1564 2681 1621 per
2734 1550 2912 1621 ignem
2961 1558 3015 1603 et
3045 1548 3363 1619 sattguinem
3402 1561 3522 1604 esse

1951 1642 2237 1696 delendum
2265 1642 2398 1712 (62).

2022 1734 2336 1792 Postremus
2365 1735 2606 1792 Pastoris
2659 1734 2814 1789 locus
2859 1742 3162 1789 memoratu
3199 1732 3396 1802 dignus
3430 1747 3520 1788 re-

1953 1833 2111 1902 spicit
2142 1832 2360 1886 modum
2403 1831 2717 1886 secernendi
2755 1830 3047 1900 prophetas
3085 1843 3243 1881 veros
3271 1842 3302 1883 a
3345 1826 3516 1883 falsis.

1951 1921 2063 1975 Hoc
2104 1931 2163 1976 ut
2205 1921 2536 1989 obtineatur,
2570 1915 2928 1990 utrorumque
2977 1919 3084 1973 vita
3136 1934 3190 1974 et
3236 1933 3418 1992 mores
3465 1917 3518 1972 in

1948 2029 2173 2068 examen
2201 2023 2326 2068 sunt
2374 2012 2658 2068 revocandi
2683 2012 2815 2083 (63).
2853 2010 3014 2066 Verus
3043 2009 3292 2081 propheta
3323 2008 3415 2063 ille
3444 2020 3519 2063 est

1947 2106 2036 2175 qui
2069 2103 2272 2174 Spiritu
2295 2113 2476 2157 sancto
2507 2104 2728 2171 repletus
2759 2115 2832 2158 est
2855 2120 2882 2168 ;-
2908 2111 2962 2156 at
2985 2102 3195 2156 divinus
3224 2102 3324 2156 iste
3346 2099 3520 2169 Spiri-

1950 2207 2033 2250 tus
2056 2197 2259 2266 quietus
2296 2206 2393 2262 est,
2430 2196 2668 2263 Immitis,
2698 2196 2886 2250 recedit
2928 2195 2991 2249 ab
3033 2195 3174 2249 omni
3203 2194 3438 2265 nequitia
3466 2201 3518 2247 et

1947 2285 2207 2342 desiderio
2230 2303 2360 2342 vano
2388 2287 2542 2357 hujus
2568 2287 2768 2350 seaculi,
2801 2287 2995 2340 nemini
3029 2287 3322 2356 respondet,
3353 2285 3517 2339 inter-

1947 2389 2181 2451 rogatus,
2221 2395 2310 2433 nec
2335 2378 2556 2448 singulis
2601 2379 2908 2448 respondet;
2941 2394 3100 2448 neque
3137 2394 3254 2432 cum
3285 2377 3392 2433 vult
3418 2377 3517 2430 ito-

1945 2473 2074 2524 ntini
2100 2471 2335 2540 loquitur
2373 2469 2602 2539 Spiritus
2658 2468 2770 2533 Dei,
2803 2467 2891 2521 sed
2935 2477 3058 2520 tunc
3100 2467 3354 2538 loquitur,
3399 2484 3516 2521 cum

1945 2563 2052 2616 uult
2085 2563 2242 2617 Deus.
2276 2561 2407 2615 Cum
2433 2577 2554 2632 ergo
2594 2559 2858 2631 (loquitur
2888 2575 3100 2629 semper
3121 2559 3335 2631 Pastor)
3363 2577 3515 2614 rene-

1945 2658 2015 2711 rit
2040 2657 2212 2720 homo,
2245 2657 2334 2726 qui
2357 2655 2510 2709 habet
2561 2652 2819 2724 Spiritum
2861 2651 2974 2718 Dei,
3010 2651 3065 2704 in
3099 2649 3387 2705 Ecclesiam
3424 2651 3519 2720 ju-

1925 2737 2148 2802 ‘storum
2179 2748 2484 2802 habentium
2517 2749 2672 2818 ﬁdem
2725 2749 2840 2814 Dei,
2867 2759 2916 2804 et
2938 2751 3110 2803 oratio
3139 2749 3198 2818 ﬁt
3223 2748 3292 2802 ad
3327 2746 3514 2809 Deum.

1946 2848 2068 2892 tunc
2127 2839 2342 2892 nuntius
2397 2849 2609 2893 sanctus
2665 2840 2969 2894 Dirinitatis
3025 2839 3202 2910 implet
3258 2838 3515 2892 hominem

1943 2926 2095 2981 illum
2135 2927 2336 2997 Spiritu
2394 2939 2608 2995 sancto,
2662 2940 2709 2982 et
2757 2928 2992 3000 loquitur
3038 2931 3092 2983 in
3153 2929 3335 2994 turba,
3379 2929 3512 2981 sicut

1945 3019 2052 3073 uult
2080 3019 2239 3074 Deus.
2267 3020 2347 3073 Ad
2379 3021 2879 3090 pseudoprophetam
2919 3022 3056 3092 quod
3086 3031 3303 3092 spectat,
3336 3038 3366 3074 a
3403 3021 3513 3089 spi-

269 3114 468 3167 littera:
497 3111 754 3168 inferiore
797 3122 950 3182 parte
988 3129 1185 3181 exesae,
1219 3114 1420 3184 putarit
1469 3124 1622 3169 vetus
1671 3114 1844 3168 inter~
1867 3131 1910 3190 (ς
1944 3111 2052 3165 ritu
2080 3122 2310 3165 moretur
2345 3112 2598 3178 terrestri,
2648 3129 2829 3179 vacuo,
2861 3113 3104 3167 uirtutem
3137 3128 3238 3166 non
3276 3110 3510 3165 habente.

267 3220 398 3273 pres
426 3205 708 3274 legendum
732 3203 929 3275 ἔγρην;
965 3205 1124 3274 hujus
1142 3205 1388 3259 lectionis
1409 3204 1518 3258 vim
1548 3204 1690 3258 haud
1707 3219 1844 3275 qua-

265 3312 437 3365 quam
488 3303 808 3362 assecutus,
869 3295 1066 3350 litteris
1100 3295 1308 3351 Latinis
1360 3312 1546 3351 vocem
1599 3295 1841 3351 Graecam

269 3387 570 3442 reddiderit
614 3386 815 3458 Hegrin
866 3401 884 3440 :
932 3402 1057 3442 cum
1109 3397 1284 3442 tamen
1328 3389 1612 3458 legendum
1653 3389 1845 3444 fuisset

267 3478 594 3548 ἑγρήγορος,
625 3492 688 3532 ac
725 3477 1046 3532 vertendum
1090 3478 1236 3547 vigil,
1278 3493 1343 3532 ex
1390 3477 1628 3533 Danielis
1669 3479 1843 3549 capite

267 3580 490 3636 quarto,
521 3567 610 3624 u’bi
643 3569 964 3642 ὲγρηγόρου,
997 3585 1088 3624 seu
1123 3569 1292 3638 vigilis
1329 3569 1633 3625 ministerio
1668 3571 1844 3642 Baby-

268 3662 434 3717 lonia:
459 3679 551 3717 rex
578 3663 645 3717 ad
679 3663 881 3718 bestias
925 3664 1256 3719 amandatus
1306 3664 1538 3734 legitur:
1565 3680 1674 3734 quo
1703 3662 1842 3719 forte

267 3754 606 3822 apostolicus
648 3755 883 3824 scriptor
932 3757 1248 3825 respexerit.
1302 3754 1575 3811 Hactenus
1604 3757 1676 3810 cl.
1717 3755 1843 3812 Gal-

267 3846 490 3900 landius
516 3861 580 3899 ex
614 3845 848 3902 Nourrio
883 3855 1044 3916 atque
1074 3846 1365 3902 Cotelerio.
1395 3847 1474 3902 Ad
1500 3848 1644 3903 hunc
1674 3863 1840 3904 vexa-

268 3949 391 3992 tum
433 3938 643 3994 lleruue
684 3941 863 3995 locum
910 3940 1214 4009 respexisse
1250 3940 1634 4011 Hieronymum
1665 3941 1702 3995 l.
1734 3955 1750 3994 ι
1783 3942 1836 3994 in

274 4031 535 4086 Habacuc
566 4048 606 4093 ι,
638 4032 725 4096 Η,
751 4032 1028 4087 nonnullis
1049 4033 1248 4088 visum.
1275 4032 1425 4088 Licet
1443 4033 1537 4088 alii
1565 4032 1666 4088 viri
1695 4033 1839 4088 docti

267 4123 438 4176 aliter
467 4124 757 4177 senserint.

349 4211 508 4267 Hisce
538 4213 790 4268 addimus
840 4213 975 4268 alias
1007 4214 1229 4283 insuper
1273 4213 1485 4271 Hermae
1515 4217 1797 4286 opiniones
1823 4237 1837 4272 :

343 4304 568 4361 “‘Psal.
593 4321 777 4369 ιιιχικ,
811 4305 898 4359 Η.
975 4305 1019 4337 ⁸³
1055 4305 1237 4360 lPetr.
1272 4306 1460 4374 nt,l9.

351 4489 462 4554 (54)
493 4487 660 4549 Idem,
683 4487 718 4542 1.
753 4485 813 4549 ti,
833 4488 1013 4543 mand.
1041 4505 1204 4554 vn,c.
1230 4490 1276 4544 ι.
1309 4489 1562 4547 lncusant
1592 4492 1838 4548 nonnulli

1953 3202 2171 3256 Exultat
2187 3220 2240 3256 se
2255 3213 2302 3257 et
2326 3206 2434 3257 vult
2447 3205 2672 3273 primam
2690 3203 2994 3258 cathedram
3009 3205 3196 3258 habere
3212 3218 3229 3256 :
3248 3203 3514 3274 improbus

1947 3303 2043 3358 est,
2062 3294 2322 3359 verbosus,
2337 3295 2389 3347 in
2405 3294 2608 3348 deliciis
2641 3305 2996 3361 conversatur,
3016 3307 3064 3350 et
3089 3297 3142 3349 in
3163 3293 3515 3364 uoluptatibus

1947 3403 1993 3438 ut
2002 3386 2150 3449 ultis,
2165 3397 2214 3439 et
2231 3388 2512 3440 mercedem
2529 3389 2719 3458 accipit
2736 3389 3072 3443 divinationis
3085 3403 3193 3442 sua:
3206 3387 3337 3458 (64).
3355 3385 3516 3441 Hisce

1948 3477 2351 3533 characteribus
2377 3478 2488 3532 veri
2516 3494 2545 3532 a
2582 3478 3069 3549 pseudoprophetis
3109 3479 3509 3534 discernuntur.

2478 3568 2874 3624 ARTICULUS
2913 3569 2976 3624 ll.

2085 3675 2516 3717 OBSERVATIONES
2557 3678 2798 3718 IORALES
2835 3679 2905 3718 ΕΤ
2954 3678 3370 3718 υιεοιιιιιιιλῐιειι.

1947 3755 1973 3826 §
2006 3754 2043 3810 l.
2077 3755 2153 3810 De
2177 3756 2502 3826 paenitentia,
2535 3759 2791 3822 oratione,
2830 3757 3036 3828 jejunio
3067 3773 3127 3809 ac
3160 3756 3507 3825 eleemosyna.

2015 3845 2308 3917 Postquam
2332 3846 2522 3903 Pastor
2541 3845 2793 3903 llermam
2815 3849 2880 3903 de
2909 3847 3353 3904 tribulationibus
3371 3863 3510 3916 quas

1947 3941 2000 3994 in
2027 3940 2194 3996 domo
2239 3956 2336 3997 sua
2379 3940 2705 4011 patiebatur,
2752 3951 3173 4010 conquerentem
3216 3938 3508 4004 erudisset,

1947 4034 2110 4089 hasce
2152 4048 2345 4089 omnes
2399 4033 2725 4103 temporales
2788 4032 3122 4088 calamitates
3174 4032 3508 4088 consectaria

1945 4140 2066 4179 esse
2092 4140 2216 4182 cum
2248 4124 2620 4202 propriorum,
2650 4131 2762 4178 tum
2802 4124 3102 4181 alienorum
3135 4132 3506 4194 peccatorum;

1946 4217 2120 4272 eidem
2155 4216 2329 4273 ideam
2362 4231 2500 4271 vera:
2530 4215 2860 4287 paenitentia:
2888 4216 3162 4288 proponit,
3198 4225 3252 4272 et
3284 4215 3507 4286 quinam

1943 4492 2012 4547 cl.
2039 4492 2276 4558 Ceillier,
2309 4493 2454 4560 quod
2497 4491 2616 4546 sine
2648 4506 2812 4546 causa
2856 4489 3211 4560 damnaretur
3252 4485 3502 4548 Hermas.

267 4541 419 4613 hanc
445 4541 514 4613 ile
542 4541 687 4613 bono
715 4569 770 4612 et
799 4541 939 4612 inalo
963 4541 1205 4628 cujusvis
1870 4541 1914 4596 D
1943 4541 2011 4618 53
2044 4541 2812 4618 "éF-rbiéﬁi
2838 4541 3059 4630 periculi
3103 4541 3340 4630 piennnt,
3369 4541 3509 4614 assii;

269 4631 502 4702 tentiam
523 4647 538 4695 ;
559 4644 676 4683 eam
706 4637 1022 4702 tamennon
1053 4630 1232 4702 solum
1259 4629 1540 4702 Origenes
1564 4629 1716 4688 hom.
1744 4633 1836 4698 ‘25,

267 4717 433 4768 super
467 4697 649 4763 Iosue,
669 4709 723 4753 et
752 4699 938 4752 homil.
961 4701 982 4753 l
1010 4717 1165 4768 super
1187 4697 1482 4764 Ezechiel.;
1519 4701 1577 4756 S.
1604 4697 1837 4759 Basilius

269 4768 409 4837 Sup.
434 4787 550 4837 cap.
593 4785 650 4823 ιιι
702 4768 897 4832 Isaiaz;
933 4771 990 4824 S.
1029 4770 1298 4828 Maximus
1328 4781 1538 4827 centur.
1565 4789 1584 4828 ι
1614 4774 1834 4838 charit.,

268 4858 324 4912 (ξ.
357 4841 419 4912 9|
447 4859 460 4904 ;
501 4840 558 4894 S.
589 4838 743 4912 Joan.
773 4840 1174 4912 Chrysostomq
1200 4843 1348 4912 hom.
1381 4858 1460 4906 ιιι,
1493 4859 1610 4911 sup.
1639 4842 1735 4912 Ep.
1769 4843 1837 4898 ad

269 4858 324 4895 c.
357 4857 419 4894 at
447 4859 460 4904 ;
501 4857 558 4894 δ.
589 4857 743 4893 Joan.
773 4857 1174 4964 Cnrgsozstomq
1200 4857 1348 4896 nom.
1381 4858 1460 4906 ιιι,
1493 4859 1610 4911 sup.
1639 4857 1735 4912 np.
1769 4857 1836 4898 aa

269 4910 648 4984 Coloss_.;‘sed
679 4911 841 4984 etiam
868 4979 894 4984 _
929 4951 942 4964 .
983 4910 1207 4984 Gregor.
1243 4911 1370 4984 Nys.
1409 4912 1463 4965 in
1493 4913 1838 4982 dogmatibus

267 4980 682 5035 versatissimus
716 4981 808 5034 lib.
858 4979 934 5034 De
966 4979 1326 5050 vita'Jloysi's
1363 4992 1528 5044 tenet,
1571 4979 1667 5037 ubi
1707 4984 1783 5038 ait
1819 5003 1833 5039 :

275 5069 298 5103 α
343 5051 437 5104 Est
463 5067 642 5104 sermo
672 5066 733 5103 ev
760 5052 1026 5117 majorum
1067 5055 1352 5107 traditione
1395 5055 1551 5107 iidem
1586 5053 1685 5107 sibi
1716 5055 1838 5109 vin-

267 5121 487 5186 dicans,
509 5121 606 5193 qui
629 5120 782 5193 dicit,
810 5130 1162 5191 posteaquam
1201 5133 1394 5176 natura
1419 5133 1607 5177 nostra
1632 5128 1686 5176 in
1713 5140 1838 5193 pec-

270 5203 455 5244 catum
488 5191 707 5262 decidit,
739 5190 904 5244 Deum
931 5195 1072 5245 hunc
1097 5208 1283 5246 casum
1314 5203 1554 5248 nostrum
1581 5211 1678 5249 sua
1711 5190 1836 5262 pro-

269 5262 511 5314 vida-utin
544 5261 770 5334 minime
795 5262 1123 5321 destituisse.
1151 5264 1241 5317 sed
1270 5266 1520 5331 angelum
1550 5282 1615 5317 rx
1652 5261 1721 5318 iis
1741 5266 1832 5334 qui

271 5343 525 5386 naturam
559 5331 805 5397 corporis
837 5343 1109 5398 exim-teut
1140 5335 1312 5386 sortiti
1346 5345 1491 5397 sunt,
1521 5331 1835 5390 adhibuisse

270 5402 340 5454 ad
374 5399 803 5469 uniuscujusque
847 5403 1065 5455 tutelam
1098 5405 1235 5457 ι’ὶιειι.
1275 5404 1348 5457 Ex
1388 5405 1615 5457 adverso
1651 5419 1830 5459 autem

271 5481 483 5524 natura:
523 5481 893 5535 corruptorem
925 5473 1038 5540 pati
1065 5473 1464 5528 machinatione
1489 5485 1676 5528 contra
1711 5477 1830 5539 niti,

270 5552 326 5595 et
353 5555 521 5608 pravo
543 5541 776 5607 quodam
805 5557 866 5595 ac
901 5543 1147 5596 maletico
1170 5544 1415 5598 da-mone
1443 5545 1698 5612 adjuncto
1726 5547 1828 5599 hu-

265 5613 360 5680 jus
392 5612 514 5665 vitie
542 5612 830 5679 perniciem
863 5613 1073 5666 atl'erre.
1115 5614 1280 5669 Porro
1315 5616 1586 5668 hominem
1628 5616 1679 5668 in
1717 5633 1828 5669 am-

269 5681 467 5736 borum
499 5680 676 5733 medio
701 5685 1075 5753 constitutum,
1109 5685 1330 5739 alterius
1359 5688 1720 5753 propositum,
1749 5687 1830 5738 al-

268 5753 446 5805 terius
497 5751 776 5823 proposito
821 5754 1155 5823 contrarium
1197 5751 1386 5823 suopte
1425 5751 1699 5809 momento
1734 5773 1817 5807 va-

276 5823 480 5876 lentius
507 5822 748 5877 reddere.
789 5842 894 5872 ι-
936 5822 1214 5894 Sapienter
1261 5822 1422 5896 igitur
1452 5825 1829 5880 animadvertit

1963 4634 2161 4702 gnando
2193 4634 2415 4688 cuilibet
2459 4632 2663 4686 homini
2685 4641 2740 4686 et
2770 4628 2969 4684 bonum
2997 4628 3270 4697 attgelum,
3303 4634 3357 4681 et
3391 4642 3508 4683 ma-

1963 4719 2073 4758 um.
2110 4702 2290 4758 Estius
2315 4718 2533 4773 quoque
2562 4717 2725 4770 super
2749 4700 3062 4773 Magistrum
3092 4696 3505 4773 sententiarum,

1939 4773 2032 4842 qui
2083 4788 2238 4842 atque
2277 4767 2403 4828 huic
2443 4767 2687 4842 opinioni
2733 4767 3078 4842 astipulatur,
3111 4768 3330 4842 asserit,
3361 4767 3505 4842 quod

1938 4838 2005 4897 ad
2032 4838 2212 4898 minus
2239 4845 2352 4898 haec
2377 4838 2639 4899 sententia
2684 4852 2743 4898 ut
2759 4838 3054 4910 probabilis
3071 4838 3282 4910 admitti
3310 4838 3504 4907 possit.

2009 4915 2122 4983 (55)
2155 4912 2362 4968 Hermae
2395 4914 2571 4975 Past..
2607 4913 2712 4983 1:],
2746 4909 2953 4983 usa.
2984 4926 3034 4983 c_.
3059 4909 3114 4962 2.

2008 4977 2122 5054 (56)
2155 4983 2208 5054 In
2239 4992 2498 5053 apparatu
2531 4983 2596 5054 ad
2630 4981 2768 5054 βίω.
2801 4979 2904 5054 PP.
2943 4992 2981 5054 _t.
3013 4977 3054 5043 l,
3086 4995 3149 5054 p._
3170 4977 3259 5033 65.

2009 5048 2121 5122 (57)
2148 5048 2516 5120 Quodtamen
2554 5052 2701 5108 l-‘ello
2733 5051 3050 5107 doctissimo
3080 5049 3263 5103 minus
3294 5048 3505 5104 videtur

1935 5125 2355 5178 admittendum.

2007 5195 2120 5263 (58)
2154 5193 2334 5248 ilerm.
2366 5195 2543 5259 I’ast.,
2575 5195 2669 5248 lib.
2701 5208 2784 5256 ιιι,
2810 5191 2974 5263 simil.
3009 5205 3087 5263 ιι,
3117 5203 3268 5263 num.
3311 5187 3396 5263 i5.

2007 5255 2120 5332 (59)
2154 5265 2349 5336 Fleury
2397 5255 2538 5318 tom."
2581 5264 2618 5328 I,
2669 5255 2790 5333 pag.
2838 5261 2964 5326 541,
3005 5258 3260 5315 editionis
3313 5255 3500 5328 Auguv

1935 5346 2124 5391 stanat.

2007 5406 2118 5474 (60)
2142 5405 2395 5460 Clemens
2425 5405 2712 5469 Alexaud.,
2745 5405 2781 5455 Ι.
2821 5417 2857 5455 ιι
2885 5398 3106 5463 Strom.,
3129 5413 3179 5468 p.
3220 5396 3344 5460 679,
3372 5405 3425 5452 et
3462 5398 3498 5454 Ι.

1932 5493 2007 5538 γι,
2037 5492 2156 5544 pag.
2188 5476 2310 5529 638.

2002 5541 2325 5612 (6|)rllernt.
2360 5545 2534 5605 Post.
2573 5547 2671 5598 vis.
2697 5561 2776 5603 ιιι.
2807 5559 2854 5595 c.
2888 5541 2941 5594 4.

2005 5609 2115 5680 (62)
2148 5615 2358 5670 Vision.
2413 5634 2483 5676 IV.
2527 5617 2654 5670 «ενδ
2689 5634 2700 5668 :
2739 5612 2951 5681 Oportet
2991 5609 3239 5664 εωειιιιιιη
3287 5610 3383 5666 hoc
3411 5623 3503 5680 per

1935 5687 2101 5755 ignem
2129 5698 2176 5738 et
2208 5687 2513 5755 sanguinem
2545 5685 2798 5755 deperire.

2004 5755 2115 5818 (65)
2147 5755 2380 5808 Mandant.
2413 5773 2484 5809 ιι.

2006 5826 2115 5895 (iii)
2147 5825 2381 5881 Maudat.
2415 5843 2509 5892 xtl,
2541 5841 2656 5897 Cap.
2691 5828 2710 5880 l
2740 5836 2786 5882 et
2817 5824 2870 5878 Ξ.
