4040 6322
246 291 359 347 889

1428 287 1513 342 PA
1523 286 1727 343 STUR.
1768 317 1838 327 —
1879 285 2247 343 PROGZMIA.

3406 288 3508 344 890

242 416 361 463 etor
393 402 529 475 (7i),
554 403 691 457 sicut
734 401 967 459 homines
1016 418 1267 456 memores
1332 401 1691 470 injuriarum;
1736 400 1827 463 sed
1860 407 1901 464 Α
1932 400 2205 457 constricti
2251 406 2372 453 sunt
2418 399 2563 453 circa
2599 398 2806 470 negotio
2852 416 2947 455 sua
2975 442 2989 463 ,
3027 412 3076 455 st
3122 417 3220 455 non
3275 404 3505 461 serviunt

238 511 323 553 (st
348 500 623 551 immemor
654 497 979 564 injuriarum
1002 537 1016 559 ,
1059 504 1107 548 et
1141 496 1417 548 miseretur
1443 496 1678 565 ﬁgmenti
1718 497 1823 551 sui.

240 589 569 644 Peccatores
605 601 753 651 vero,
794 594 1083 655 antequam
1128 588 1194 639 ad
1231 584 1397 640 Deum
1430 587 1693 640 accedant
1731 602 1823 655 per

238 697 289 733 o:
307 680 568 739 ationem,
594 692 687 730 cor
714 676 1015 730 subducere
1042 674 1240 729 debent
1274 676 1344 729 ab
1369 676 1629 729 omnibus
1656 676 1823 740 vitiis,

235 788 365 841 quae
403 771 459 825 in
504 769 698 839 seipsis
746 768 1107 823 adinveniuut
1132 809 1146 834 ,
1196 776 1249 822 et
1287 768 1502 822 sincero
1534 768 1721 822 animo
1757 768 1823 823 ad

236 862 415 917 Deum
464 861 695 928 reverti;
762 876 923 915 secus
981 870 1122 914 esset
1177 860 1529 929 priesumptio
1582 860 1824 929 qualibet

234 956 399 1009 venia
433 953 653 1022 indigna
681 993 696 1020 ,
726 962 1039 1022 exspectare
1081 968 1108 1004 a
1147 952 1257 1006 Deo
1304 952 1553 1007 eﬂ‘ectum
1594 954 1822 1027 illarum

232 1062 488 1116 precum,
520 1060 659 1114 quas
687 1045 773 1098 bis
802 1059 907 1097 non
934 1045 1229 1113 praemissis
1253 1043 1708 1114 dispositionibus
1736 1044 1817 1100 iu-

232 1140 473 1193 disseut.
509 1137 648 1208 Ergo
678 1139 903 1207 puriﬁca
941 1154 1029 1191 cor
1059 1147 1275 1191 tuum...
1312 1147 1359 1191 et
1389 1137 1611 1206 accipies
1642 1138 1821 1191 omnia

230 1232 377 1283 bona
406 1274 420 1295 ,
451 1247 567 1301 quin
595 1232 796 1299 petis...
828 1232 917 1301 qui
946 1248 1069 1301 ergo
1102 1230 1237 1284 tales
1264 1247 1367 1283 non
1397 1241 1519 1284 sunt
1547 1270 1562 1297 ,
1608 1231 1821 1283 omnino

229 1323 375 1377 nihil
405 1325 681 1393 impetrant
711 1339 890 1375 eorum
916 1364 930 1388 ,
962 1340 1079 1393 qua:
1110 1331 1315 1392 petunt.
1342 1322 1397 1376 Si
1432 1322 1711 1392 contingat
1739 1322 1821 1375 ni-

229 1418 538 1481 hilominus
555 1418 721 1487 quod,
741 1416 954 1486 praaviis
976 1416 1136 1469 etiam
1161 1415 1319 1470 bonis
1342 1414 1816 1485 dispositionibus,

227 1527 348 1566 non
385 1512 719 1580 accipiamus
752 1511 1063 1581 petitionem
1101 1518 1343 1564 nostram
1372 1549 1388 1576 ,
1424 1508 1677 1564 dubitare
1708 1524 1815 1562 non

226 1602 501 1656 debemus
526 1643 541 1667 ,
580 1600 675 1656 sed
710 1601 881 1669 magis
912 1600 1194 1670 magisque
1226 1614 1383 1655 orare
1408 1642 1423 1665 ,
1458 1610 1508 1654 et
1546 1600 1723 1654 nullas
1750 1598 1817 1653 de

227 1692 349 1747 Deo
374 1693 709 1765 ingeminare
737 1693 1006 1763 querelas,
1038 1693 1133 1747 sed
1157 1693 1332 1748 solum
1367 1693 1432 1747 im
1456 1693 1611 1748 nobis
1645 1692 1811 1762 ipsis;

229 1786 379 1840 Deus
428 1787 572 1840 enim
624 1802 837 1856 semper
886 1794 1107 1857 paratus
1156 1795 1237 1841 est
1283 1787 1348 1841 ad
1400 1787 1809 1855 impertiendum

228 1878 667 1932 misericordiam
692 1897 705 1932 :
759 1878 830 1932 De
860 1889 905 1933 te
937 1879 1177 1948 queraris
1204 1920 1235 1943 ,7
1264 1895 1367 1932 non
1397 1879 1461 1933 de
1490 1878 1598 1932 Deo
1624 1920 1639 1944 ,
1669 1878 1807 1949 quod

146 2030 149 2035 ι
226 1986 337 2022 non
367 1968 566 2022 dederit
598 1971 712 2024 tibi.
743 1969 819 2022 Ex
852 1970 999 2026 hisce
1025 1970 1319 2031 ediscimus
1346 1972 1454 2026 duo
1483 1973 1622 2027 inter
1645 1982 1807 2028 ciete-

226 2076 319 2125 ra,
345 2076 465 2130 quae
494 2076 646 2131 atque
678 2063 981 2117 necessaria
1012 2072 1171 2117 sunt:
1204 2064 1439 2133 primum
1469 2072 1574 2130 est,
1607 2080 1707 2120 nos
1730 2066 1809 2121 ob

224 2154 682 2219 multitudinem,
736 2164 787 2208 et
843 2156 1222 2211 enormitatem
1276 2156 1438 2210 etiam
1492 2167 1806 2213 nostrorum

224 2255 584 2315 peccatorum
654 2246 935 2300 deﬂectere
1000 2263 1107 2300 non
1166 2249 1363 2302 dobere
1426 2248 1495 2302 ab
1545 2249 1809 2304 orationis

225 2340 465 2403 semita;
499 2338 820 2401 secumlum,
856 2348 1124 2407 oportere,
1162 2341 1476 2408 priusquam
1507 2341 1804 2411 quidquam

226 2446 258 2483 a
299 2428 408 2481 Deo
432 2438 701 2497 pctamuS,
732 2429 1004 2485 dimittere
1053 2431 1245 2485 saltem
1299 2432 1547 2487 allectum
1583 2434 1647 2485 ad
1682 2449 1807 2503 pec-

224 2530 441 2583 catum,
479 2530 533 2573 et
570 2522 634 2575 ad
672 2538 852 2576 veram
902 2523 1273 2592 pmuitentiam
1320 2525 1685 2593 nosmetipsos
1715 2526 1809 2579 de-

224 2612 564 2666 terminare:
592 2612 636 2666 si
667 2612 779 2666 haec
810 2612 1168 2684 negligantur,
1205 2628 1396 2668 omnes
1444 2625 1658 2669 nostras
1689 2630 1810 2683 pre—

223 2717 326 2757 ces
360 2719 546 2767 vanas,
579 2720 644 2758 ac
672 2703 790 2758 sine
821 2702 999 2757 fructu
1030 2703 1393 2772 experiemur,
1422 2720 1488 2757 ne
1515 2703 1644 2775 quid
1674 2705 1811 2758 ulte-

224 2794 349 2849 rius
377 2794 576 2849 dicam.

229 2922 263 2995 δ
306 2922 374 2978 ll.
424 2924 495 2977 De
525 2924 711 2978 timore
751 2924 998 2988 Domini,
1041 2928 1260 2997 negotiis
1302 2928 1648 2989 sa'cularibus
1672 2970 1684 2993 ,
1714 2944 1812 2996 pa.-

398 2998 604 3061 ticntia,
636 2997 939 3059 iracundia,
974 2998 1218 3063 tristitia,
1250 3010 1297 3051 et
1330 3000 1654 3068 impuritatc.

304 3110 363 3165 In
397 3111 587 3180 primis
638 3113 903 3166 sententia
933 3122 1014 3165 est
1041 3110 1319 3169 Pastoris:

224 3219 361 3257 num
392 3203 569 3256 omnia
597 3202 731 3255 bona
760 3203 1057 3271 operaberis
1090 3203 1225 3273 (72).
1263 3203 1401 3274 Ergo
1432 3221 1524 3273 per
1556 3205 1805 3260 timorem

226 3293 452 3346 Domini
500 3294 683 3346 omnia
732 3308 1025 3363 possumus
1074 3288 1235 3363 opera
1265 3294 1491 3363 justitia:
1525 3310 1805 3365 peragere.

227 3384 421 3440 Tradit
450 3385 671 3456 insuper
696 3427 710 3451 ,
740 3386 989 3440 timorem
1016 3386 1159 3440 hunc
1188 3388 1557 3442 necessarium
1589 3404 1710 3442 esse
1740 3388 1806 3447 ad

227 3482 489 3544 salutem,
528 3496 622 3549 per
657 3481 807 3534 illum
844 3496 947 3534 nos
978 3490 1251 3549 reportare
1284 3483 1563 3536 victoriam
1593 3482 1659 3536 de
1689 3482 1808 3536 dia-

228 3576 362 3629 bolo
389 3584 441 3627 et
470 3574 772 3627 dominium
801 3589 965 3642 super
989 3574 1138 3627 illum
1167 3590 1440 3635 exercere,
1474 3576 1599 3644 quia
1630 3575 1805 3641 reipsa

226 3683 397 3735 super
445 3681 631 3720 servos
685 3664 779 3719 Dei
833 3666 978 3718 nulla
1030 3666 1202 3721 virtus
1253 3668 1325 3720 illi
1377 3669 1554 3721 inest:
1598 3667 1805 3721 Timens

226 3762 372 3813 enim
406 3760 689 3812 Dominum
720 3757 1075 3812 dominaberis
1106 3758 1254 3811 illius
1276 3801 1291 3825 ,
1326 3760 1533 3814 scilicet
1562 3759 1759 3814 diaboli
1790 3799 1804 3823 ,

226 3854 360 3923 quia
408 3854 572 3905 virtus
618 3854 672 3905 in
704 3853 795 3906 illo
826 3852 974 3913 nulla
998 3862 1095 3905 est.
1124 3851 1225 3906 Per
1264 3853 1407 3906 hunc
1442 3854 1691 3906 timorem
1725 3852 1829 3920 (ut,

230 3958 347 3995 nuo
368 3944 544 3995 verbo
573 3943 755 3995 omnia
786 3942 1137 4011 complectar)
1166 3957 1195 3994 a
1229 3951 1446 4009 peccato
1476 3943 1804 4005 recedimus,

228 4032 497 4101 justitiam
545 4016 901 4099 exercemus,
948 4043 1000 4087 et
1049 4034 1134 4102 pie
1179 4033 1431 4088 vivimus.
1466 4033 1611 4088 Time
1642 4035 1809 4103 igitur

229 4125 427 4188 Deum,
452 4127 726 4181 concludit
749 4126 961 4191 Pastor,
989 4138 1036 4181 et
1067 4132 1219 4181 vires.
1248 4128 1409 4183 Extra
1434 4144 1649 4182 omnem
1677 4143 1809 4181 cono

230 4218 559 4272 troversiam
607 4228 729 4285 est,
785 4236 1092 4275 sermonem
1145 4222 1232 4275 hic
1265 4222 1450 4275 haberi
1499 4221 1565 4275 de
1614 4221 1811 4275 timore

228 4313 659 4379 superuaturali,
685 4313 751 4365 de
782 4313 873 4365 illo
903 4314 1111 4368 scilicet
1141 4314 1330 4367 timore
1356 4355 1370 4379 ,
1399 4329 1559 4385 quem
1595 4329 1807 4382 semper

228 4404 435 4472 aliquis
477 4422 633 4458 amor
661 4406 951 4458 comitatur
979 4423 992 4471 ;
1042 4406 1238 4475 quippe
1263 4406 1441 4475 agitur
1470 4407 1535 4459 de
1567 4401 1763 4459 timore
1787 4446 1802 4470 ,

1931 492 2038 547 Deo
2070 491 2203 563 (75).

2002 584 2045 638 Ο
2078 585 2203 640 felix
2239 584 2522 639 hominum
2546 599 2577 638 a
2610 582 2816 638 mundo
2834 595 3254 655 .segregatorum
3288 585 3425 642 vita!
3461 585 3505 642 Ο

1932 673 2101 731 beata:
2153 674 2475 730 solitudines
2543 675 2598 728 in
2654 674 2855 743 quibus
2900 678 3066 729 homo
3110 676 3347 746 perfecta
3412 677 3503 732 illa

1928 768 2229 839 perfruitur
2255 769 2457 839 quiete,
2486 783 2591 838 qua
2625 768 2677 822 in
2702 766 2793 821 Dei
2824 766 3084 825 famulatu
3110 785 3167 823 se
3192 779 3428 836 exorcet,
3450 780 3506 825 et

1927 860 2167 915 maximo
2222 868 2437 915 teternze
2489 858 2680 913 salutis
2733 858 2949 927 negotio
2999 858 3143 913 serio
3204 859 3500 914 incumbit!

1924 961 2172 1006 sanctum
2210 952 2314 1005 hoc
2360 952 2555 1013 otium,
2587 948 2849 1019 quidquid
2903 950 3169 1003 blaterent
3224 961 3499 1007 amatores

1926 1044 2133 1107 seaculi,
2163 1044 2217 1097 in
2245 1045 2575 1098 immensum
2611 1050 2833 1111 superat
2861 1042 3129 1097 vanitates
3163 1052 3215 1097 ct
3247 1042 3479 1112 ineptias

1923 1136 2124 1204 quibus
2149 1135 2479 1189 detinentur.

1992 1225 2234 1279 Alterum
2257 1226 2542 1287 motivum,
2561 1222 2705 1291 quod
2736 1221 2888 1277 aliert
2914 1220 3126 1287 Pastor,
3154 1238 3252 1277 cur
3274 1222 3504 1277 terrenis

1920 1314 2085 1369 rebus
2142 1315 2369 1368 minime
2427 1314 2585 1367 nobis
2647 1322 2789 1367 esset
2847 1312 3246 1375 inluerendum,
3301 1312 3502 1367 rati0ni

1920 1413 2096 1459 status
2144 1404 2317 1457 nostri
2376 1403 2646 1456 innititur.
2678 1401 2939 1472 Principii
2989 1402 3108 1456 loco
3149 1403 3294 1456 enim
3327 1404 3499 1472 ponit,

1918 1510 2020 1550 nos
2075 1496 2348 1551 civitatem
2395 1506 2802 1565 permanentem
2854 1495 2941 1549 hic
2987 1511 3093 1551 non
3147 1495 3369 1557 habere,
3406 1496 3499 1551 sed

1915 1587 2077 1643 aliam
2115 1586 2374 1658 (futuram
2414 1587 2641 1657 scilicet)
2684 1587 2838 1642 nobis
2870 1602 2992 1641 esse
3066 1585 3444 1657 inquirendam
3481 1602 3495 1641 :

1918 1678 2081 1734 Scitis
2126 1697 2212 1734 ros
2267 1680 2477 1733 Domini
2509 1696 2706 1743 servos,
2741 1679 2937 1749 inquit,
2976 1680 3029 1732 in
3074 1679 3494 1748 peregrinatione

1848 1780 1887 1834 Β
1916 1773 2156 1827 morari?
2187 1772 2386 1827 Civitas
2417 1773 2553 1829 enim
2579 1770 2915 1842 rcstralongc
2944 1780 3018 1824 est
3046 1769 3108 1823 ab
3142 1771 3239 1823 hac
3263 1767 3495 1827 civitate.

1912 1864 1971 1921 Si
2026 1882 2149 1936 ergo
2202 1866 2351 1921 scitis
2407 1866 2675 1919 civitatem
2728 1877 2953 1918 vestram
2986 1864 3045 1916 in
3069 1880 3173 1932 qua
3204 1862 3497 1917 habitaturi

1910 1958 2067 2021 estis,
2101 1958 2227 2024 quid
2266 1958 2348 2012 Iu'c
2374 1957 2568 2010 amatis
2605 1972 2759 2026 agros
2801 1965 2850 2009 et
2881 1956 3156 2025 apparatis
3180 1956 3423 2009 lautitias
3450 1964 3499 2009 ct

1910 2052 2137 2119 tedi/icia
2192 2060 2239 2103 ct
2301 2049 2651 2103 habitationes
2704 2047 3095 2118 supei‘racuas?
3146 2046 3275 2102 Haec
3337 2048 3498 2113 enim,

1912 2142 2064 2198 addit
2100 2142 2344 2212 insuper,
2372 2144 2464 2212 qui
2490 2149 2764 2210 comparat
2796 2142 2849 2194 in
2890 2141 2987 2193 hac
3017 2140 3247 2204 civitate,
3277 2156 3378 2192 non
3409 2154 3502 2192 co-

1910 2236 2043 2304 gitat
2092 2235 2145 2288 in
2198 2250 2353 2287 suam
2413 2235 2677 2287 ciritatcm
2723 2234 2894 2287 redire
2920 2232 3056 2304 (74).
3096 2231 3351 2286 Doctrina
3382 2233 3499 2287 haec

1912 2327 1997 2396 pia
2048 2341 2112 2379 ac
2170 2325 2423 2394 religiosa
2480 2332 2596 2391 est;
2644 2340 2835 2393 parum
2891 2333 3069 2377 autem
3113 2322 3317 2377 nostris
3348 2321 3501 2375 hisee

1912 2419 2103 2473 diebus
2134 2418 2417 2487 probatur.
2464 2416 2722 2470 Pluribus
2765 2424 2947 2486 posset
2988 2415 3209 2484 insuper
3239 2414 3351 2469 hac
3401 2414 3498 2467 do-

1911 2510 2086 2565 ctrina
2139 2509 2342 2563 larvam
2377 2507 2686 2574 detrahere,
2719 2508 2812 2577 qui
2848 2508 3088 2562 maximo
3126 2516 3412 2561 versantur
3444 2505 3495 2558 in

1910 2618 2117 2667 errore,
2141 2603 2268 2655 dum
2300 2600 2655 2669 sibimetipsis
2688 2600 3013 2669 persuadere
3043 2608 3331 2662 conantur,
3359 2613 3491 2651 con-

1912 2693 2173 2751 ditionem
2221 2692 2461 2747 hominis
2511 2692 2757 2757 viatoris,
2808 2691 3037 2761 hospitis
3093 2699 3147 2744 et
3188 2690 3414 2753 exsulis,
3443 2689 3495 2744 in

1912 2800 2019 2854 qua
2047 2785 2265 2854 proprie
2292 2784 2403 2837 veri
2452 2783 2748 2837 Christiani
2794 2781 2910 2835 idea
2959 2796 3022 2835 ac
3060 2780 3498 2835 characterem»

1913 2876 2077 2939 sistit,
2108 2891 2232 2935 cum
2267 2874 2580 2932 conditione
2612 2872 2979 2944 hominis,qui
3015 2871 3250 2941 negotiis
3285 2871 3498 2927 incum-

1917 2968 2022 3035 bit',
2051 2965 2431 3043 voluptatibus"
2482 2966 2743 3037 indulget,
2774 2982 2837 3021 ac
2888 2966 3038 3020 ducit
3090 2965 3142 3018 in
3189 2965 3347 3018 bonis
3381 2962 3498 3018 dies

1914 3077 2068 3127 suos,
2095 3060 2256 3115 simul
2286 3075 2445 3129 posse
2475 3059 2756 3129 conjungi.

1374 3112 1581 3167 T'me'“
1628 3112 1882 3198 θοίνη-ρ
1984 3148 2229 3204 Pastoris
2274 3146 2625 3201 ratiocinatio
2677 3155 2867 3199 contra
2911 3143 3069 3197 talem
3107 3140 3321 3194 vivendi
3376 3154 3498 3193 mo—

1918 3242 2047 3297 dum
2079 3239 2266 3309 utique
2307 3239 2485 3292 dill‘ert
2513 3247 2627 3292 toto
2663 3238 2802 3291 creto
2838 3254 2865 3289 a
2901 3236 3253 3306 plurimorum
3293 3242 3495 3286 nostra:

1912 3332 2086 3387 :etalis
2115 3330 2554 3385 Christianorum
2603 3344 2789 3393 sensu,
2816 3344 3067 3383 sermone
3110 3336 3161 3381 et
3202 3325 3376 3396 praxi,
3400 3324 3496 3379 sed

1914 3441 2023 3479 non
2050 3423 2173 3478 ideo
2210 3423 2394 3477 niiuus
2426 3430 2595 3487 recta,
2631 3421 2815 3477 minus
2835 3418 3033 3485 valida,
3070 3418 3251 3475 minus
3273 3418 3497 3474 conclu-

1910 3515 2067 3567 deus.

1984 3605 2109 3659 Vult
2138 3605 2302 3675 igitur
2333 3604 2559 3674 angelus
2584 3604 2685 3657 iste
2717 3602 2859 3671 quod
2890 3600 3183 3655 Christiani
3207 3616 3301 3669 pro
3324 3598 3493 3671 agris,

1910 3714 2048 3767 quos
2086 3714 2268 3753 emere
2301 3697 2511 3757 volunt,
2551 3712 2648 3764 pro
2678 3695 2892 3763 palatiis
2940 3693 3324 3759 domibusque,
3357 3708 3497 3759 quas

1909 3790 2102 3843 volunt
2153 3789 2447 3853 aediﬁcare,
2482 3803 2611 3841 suas
2650 3802 2780 3854 opes
2810 3785 3087 3838 insumant
3120 3785 3172 3836 in
3205 3784 3494 3852 erogandis

1909 3880 2290 3950 eleemosynis,
2322 3888 2375 3933 et
2415 3880 2467 3933 in
2518 3877 2694 3932 viduis
2733 3892 2795 3931 ac
2828 3876 3090 3945 orplianis
3140 3874 3495 3929 sublevandis

1911 3975 1965 4028 in
1986 3974 2088 4027 hos
2110 3972 2429 4041 usus,juxta
2448 3970 2725 4024 Pastorem
2750 3968 2862 4037 (75)
2888 3984 2950 4022 ac
2976 3966 3267 4022 Veritatem
3294 3968 3493 4037 ipsam,

1915 4063 2236 4133 temporalia
2267 4064 2408 4116 bona
2442 4061 2677 4129 impendi
2710 4061 2926 4113 debent.

1982 4154 2177 4208 Pastor
2223 4169 2387 4223 super
2438 4152 2775 4223 patientiam,
2823 4160 2877 4204 et
2932 4151 3125 4204 vitium
3180 4149 3491 4220 oppositum

1908 4265 2004 4305 eas
2056 4248 2213 4304 nobis
2272 4246 2647 4301 communicat
2701 4244 3095 4307 institutiones,
3142 4261 3261 4313 qua:
3296 4243 3489 4312 negligi

1910 4340 2329 4409 haudquaquam
2386 4348 2633 4409 possunt.
2678 4336 2752 4389 De
2788 4337 3044 4403 patientia
3102 4336 3285 4398 tradit,
3344 4334 3491 4404 quod

1913 4433 2076 4487 homo
2103 4448 2196 4502 per
2228 4430 2541 4500 patientiam
2580 4430 2826 4482 omnium
2852 4443 3075 4497 operum
3112 4426 3492 4498 nequissimo-

227 4511 337 4563 ope
362 4496 519 4565 cujus
544 4499 798 4551 mandata
830 4496 923 4552 Dei
948 4499 1324 4564 observamus,
1349 4509 1403 4552 et
1422 4498 1648 4567 justitiae
1679 4514 1811 4568 ope-

1912 4541 2033 4579 rum
2062 4525 2222 4578 etiam
2253 4523 2593 4587 dominatur,
2625 4521 2897 4583 videlicet,
2928 4521 3071 4589 quod
3106 4520 3173 4573 ab
3206 4519 3354 4573 hisce
3398 4534 3494 4589 ρει.

226 4587 388 4640 ribus
416 4587 761 4642 inhaeremus.

303 4700 516 4769 Duplici
562 4716 627 4754 ex
679 4700 855 4770 capite
901 4711 1083 4755 monet
1120 4700 1352 4767 Pastor,
1387 4717 1417 4756 a
1464 4702 1800 4771 negotiorum

229 4794 617 4869 temporalium
659 4793 1007 4847 multitudine
1039 4810 1161 4848 esse
1196 4795 1580 4849 abstinendum
1604 4835 1618 4859 ,
1654 4794 1804 4847 inor-

228 4886 586 4953 dinatamque
634 4887 947 4940 earumdem
1004 4886 1427 4940 sollicitudinem
1463 4901 1583 4941 esse
1619 4885 1806 4940 mode—

228 4979 485 5043 randam,
511 4978 637 5047 quia
660 4979 830 5032 multa
852 4979 1064 5049 negotia
1091 4988 1334 5048 agentes,
1361 4979 1527 5031 multa
1557 4987 1803 5047 peccant,

228 5080 396 5136 atque
429 5085 570 5138 aegre
607 5068 713 5121 Deo
746 5070 948 5122 servire
984 5077 1235 5137 possunt.
1273 5069 1489 5122 Abstine
1522 5080 1589 5134 te,
1631 5070 1704 5122 ait
1738 5069 1803 5122 ad

230 5161 407 5225 illum,
438 5179 468 5213 a
495 5162 672 5214 multis
699 5164 939 5231 negotiis,
970 5174 1017 5215 et
1042 5162 1175 5214 nihil
1196 5163 1805 5232 delinques;quicunquc

225 5255 367 5307 enim
405 5255 570 5308 multa
602 5259 809 5326 negotia
846 5267 1041 5326 agunt,
1081 5256 1249 5309 multa
1286 5258 1638 5328 delinquunt;
1678 5258 1804 5327 quia

302 5486 417 5555 (7|)
461 5482 848 5555 ilerm.iPast.,
880 5483 918 5536 l.
950 5499 1011 5548 ιι,
1041 5482 1281 5536 mandat.
1317 5499 1392 5536 ix.

303 5554 417 5617 (72)
460 5556 625 5619 Idem,
654 5554 690 5607 l.
724 5571 782 5617 ll,
818 5555 1000 5607 mand.
1034 5570 1126 5607 vii.

329 5627 420 5693 757)
456 5627 622 5690 Idem,
656 5625 691 5679 Ι.
730 5640 809 5687 ιιι,
844 5624 1008 5677 simil.
1044 5640 1115 5678 Iv.

331 5699 420 5750 7h
460 5696 625 5757 Ideni,
662 5697 698 5749 Ι.
735 5711 816 5757 ιιι,
851 5696 1134 5747 similitud.
1162 5710 1200 5749 ι.

301 5765 417 5835 (Ἰξι)
454 5767 557 5819 Pro
606 5769 745 5836 agris
786 5783 925 5832 ergo,
960 5783 1085 5835 quos
1124 5781 1287 5817 (more
1345 5765 1629 5831 rolueritis,
1667 5765 1803 5816 rrdi-

1912 4617 2099 4671 tientia
2137 4614 2413 4668 hominem
2451 4613 2667 4675 avertit,
2699 4612 2843 4681 quod
2900 4611 3167 4679 patientes
3197 4620 3495 4679 operantur

1908 4722 2124 4761 omnem
2148 4704 2437 4775 justitiam,
2462 4702 2697 4772 Spiritus
2722 4712 2945 4756 sanctus
2976 4701 3028 4753 in
3056 4701 3185 4773 ipsis
3209 4699 3411 4754 habitat
3437 4699 3495 4755 iit

1911 4814 2043 4871 pace
2066 4814 2293 4868 magna;
2325 4796 2469 4865 quod
2500 4796 2672 4848 virtus
2698 4795 2813 4847 haec
2836 4802 2917 4845 est
2944 4793 3143 4856 valida,
3172 4801 3225 4846 et
3248 4792 3407 4846 fortis
3438 4803 3493 4849 et

1915 4890 2077 4944 habet
2109 4890 2363 4942 virtutem
2414 4901 2691 4956 magnam,
2727 4893 2781 4937 et
2828 4884 3155 4939 houoriﬁcat
3199 4882 3493 4939 Dominum

1917 4984 1972 5038 in
2024 4982 2174 5036 omni
2230 4992 2505 5049 tempore;
2543 4995 2652 5033 uno
2684 4980 2883 5041 verbo,
2916 4980 3060 5048 quod
3097 4977 3188 5046 qui
3228 4992 3353 5030 vere
3398 4991 3492 5044 ρει·-

1912 5074 2107 5127 tientes
2137 5079 2290 5133 sunt,
2328 5070 2485 5123 facile
2520 5071 2815 5123 observant
2843 5070 3024 5123 omnia
3064 5067 3339 5121 mandata.

1981 5166 2093 5235 (76)
2115 5166 2303 5231 Quoad
2337 5164 2674 5219 iracundiam
2700 5180 2827 5217 vero
2851 5162 3031 5227 docet,
3050 5161 3195 5230 quod
3224 5161 3336 5229 ipsa
3366 5156 3490 5227 Spi.

1912 5259 2073 5313 ritum
2103 5267 2353 5313 sanctum
2380 5256 2721 5322 constristat,
2749 5266 2803 5310 et
2825 5254 2987 5311 corde
3016 5252 3257 5325 expulit,
3285 5250 3488 5306 malum

1912 5481 2038 5533 mite
2077 5481 2280 5531 animos
2327 5479 2391 5531 de
2419 5474 2835 5539 necessitatibus,
2866 5482 3018 5541 prout
3041 5471 3487 5541 quisqucpotut:

1910 5561 1959 5603 et
1996 5550 2182 5602 ciduas
2214 5550 2490 5603 absolvite.
2549 5546 2798 5613 orplianis
2841 5544 3119 5612 judicate;
3148 5553 3213 5594 ει·
3249 5557 3390 5608 ορατ,
3426 5555 3489 5600 αθ

1910 5620 2124 5672 diritias
2185 5632 2382 5672 restras
2436 5620 2489 5669 in
2529 5616 2832 5684 Imjusmodi
2896 5614 3139 5681 operibus
3176 5613 3488 5676 consumite.

1912 5688 2078 5750 Idem,
2116 5690 2235 5741 loro
2270 5690 2361 5741 cit.

1986 5760 2097 5829 (76)
2138 5758 2301 5823 Idem,
2332 5758 2421 5810 lib.
2467 5774 2523 5819 ιι,
2552 5755 2735 5810 uianl.
2773 5771 2821 5819 ν,
2856 5754 2996 5828 rapit
3051 5753 3067 5808 l
3110 5750 3238 5812 (13.
