4040 6322
604 320 705 377 891

2066 296 2128 369 ‘s.
2167 312 2425 369 usuum:
3711 315 3795 371 392

605 437 862 507 spiritum
908 436 961 490 in
1011 434 1251 489 animam
1312 432 1568 501 admittit,
1610 444 1921 490 nostrarum
1958 449 2180 506 precum
2211 438 2258 495 Α
2287 433 2489 487 nimam
2510 430 2675 485 etiam
2711 429 3051 498 voluptatum
3095 426 3401 482 illicitarum
3441 413 3703 485 herrorem
3724 452 3797 488 et-

610 530 834 600 impedit
872 528 1145 591 eﬂ‘ectum,
1178 527 1416 582 furorem
1451 529 1617 598 parit,
1644 538 1695 583 et
1720 530 2006 583 innumera
2039 529 2178 582 mala

609 622 881 693 producit.
934 619 1104 673 Paulo
1153 628 1277 688 post
1310 620 1499 674 eadem
1537 619 1667 674 dicit
1712 620 1777 674 de
1832 620 2074 684 tristitia,
2126 629 2181 673 et

612 715 753 767 inter
780 723 994 776 caetera,
1027 712 1170 780 quod
1194 713 1397 765 cruciat
1424 711 1680 780 Spiritum
1714 723 2022 766 sanctum...
2048 713 2180 781 facit

609 804 945 858 iracundiam
1002 803 1247 871 spiritus.
1307 803 1398 855 Ait
1439 803 1655 857 tandem
1710 821 1723 856 :
1779 803 1963 857 Oratio
2008 804 2178 857 tristis

605 898 831 950 hominis
882 912 982 948 non
1041 894 1191 948 liabet
1232 895 1497 960 virtutem,
1533 905 1589 947 ut
1630 894 1878 949 ascendat
1909 896 1977 948 ad
2009 896 2179 950 altare

610 989 706 1043 Dei
739 988 874 1057 (77).

679 1079 823 1133 Inter
863 1080 1039 1149 plura,
1067 1094 1188 1147 quae
1220 1076 1606 1131 animadvertit
1637 1077 1831 1132 Pastor
1856 1088 2047 1132 contra
2075 1078 2175 1132 im,

608 1172 919 1240 puritatem,
967 1171 1077 1223 hazc
1126 1169 1466 1238 potissimum
1534 1170 1771 1223 fidelium
1830 1170 2176 1224 :mliticatioui

608 1272 1011 1331 peropportuna
1046 1270 1223 1314 erunt.
1243 1259 1508 1328 Imprimis
1538 1271 1689 1315 vocat
1716 1278 1960 1331 magnum
1998 1279 2174 1330 pecca-

611 1366 721 1407 tum
763 1369 975 1406 omnem
1018 1352 1399 1421 cogitationem
1436 1352 1499 1405 de
1528 1353 1697 1405 alieno
1736 1355 2095 1419 niatrimonio,
2128 1363 2175 1407 et

606 1446 670 1498 de
723 1445 1074 1515 fornicatione
1099 1443 1233 1511 (78).
1262 1442 1463 1495 Deinde
1513 1442 1692 1505 docet,
1745 1445 1796 1497 in
1842 1448 2003 1499 corde
2040 1462 2176 1515 puro

608 1535 984 1603 cogitationem
1034 1535 1302 1603 impuram
1354 1534 1657 1588 inhabitare
1687 1535 1829 1588 haud
1856 1539 2173 1607 posse(79);

607 1625 748 1693 quod
777 1624 992 1692 quidem
1028 1622 1429 1692 intelligendum
1458 1627 1651 1677 nonde
1674 1625 2013 1694 simplicibus
2036 1630 2178 1697 cogi-

608 1716 929 1777 tationibus,
965 1717 1056 1768 sed
1100 1715 1165 1767 de
1206 1716 1332 1779 illis,
1358 1731 1495 1783 quas
1530 1716 1762 1771 niorales
1794 1717 2025 1787 theologi
2060 1736 2176 1772 mo-

611 1822 768 1858 rosos
814 1807 1106 1875 appellant,
1142 1806 1256 1859 sive
1300 1807 1353 1859 in
1412 1806 1478 1859 iis
1523 1806 1871 1871 delectemur,
1905 1810 2018 1863 sive
2050 1827 2178 1865 non.

609 1898 842 1951 Medium
880 1899 1099 1967 insuper
1128 1897 1582 1964 eliicacissimum,
1614 1916 1723 1969 quo
1761 1916 1790 1954 a
1834 1902 1988 1957 nobis
2013 1904 2182 1959 malas

610 1989 709 2041 bas
738 1990 1095 2057 cogitationes
1128 1999 1458 2052 avertamus,
1482 2005 1535 2043 ct
1560 2007 1836 2060 nunquam
1868 2008 2175 2063 peccemus,

609 2081 849 2147 assignat
883 2096 988 2132 non
1033 2081 1394 2134 intermiSSam
1434 2080 1525 2135 Dei
1566 2084 1883 2139 memoriam
1911 2086 2046 2156 (80).

682 2172 817 2225 Alibi
859 2172 1272 2242 subjungit(8l)
1318 2174 1462 2227 aliud
1517 2176 1801 2243 motivum,
1835 2195 1944 2249 quo
1972 2182 2038 2235 ad
2075 2184 2175 2236 mi-

675 2388 789 2460 (ῘἹ)
823 2386 1006 2460 Ilerm.
1049 2388 1219 2451 Past.,
1257 2391 1439 2445 mand.
1478 2407 1533 2457 κ,
1564 2408 1682 2460 cap.
1709 2393 1762 2445 ‘2.

675 2458 792 2526 (78)
823 2457 984 2521 ItIt'lll,
1020 2461 1054 2511 Ι.
1086 2476 1145 2521 ll,
1175 2461 1413 2515 mandat.
1452 2477 1523 2524 Iv,
1562 2457 1694 2517 ch.

681 2529 792 2606 (39)
828 2527 1048 2606 ibidem,
1083 2532 1201 2583 vide
1232 2533 1394 2585 etiam
1429 2532 1465 2584 l.
1499 2548 1536 2595 I,
1565 2533 1774 2588 visione
1803 2550 1840 2596 I,
1868 2550 1987 2606 cap.
2024 2537 2073 2591 I.

679 2600 789 2668 (80)
833 2598 1052 2654 Ibidem.

612 2752 2011 2780 ΜΞ

2284 524 2535 586 citamur,
2589 535 2806 590 pinnam
2861 520 3068 589 peccati
3119 518 3325 574 scilicet
3353 535 3384 573 a
3411 519 3566 572 nobis
3605 522 3813 576 subeun.

2282 615 2430 677 dam,
2470 628 2590 682 qua:
2629 611 2857 665 multum
2884 610 3097 665 excedit
3125 610 3463 663 dulcedinem
3490 610 3542 663 in
3568 624 3628 665 eo
3648 627 3800 679 perpe.

2281 706 2474 762 trando
2532 715 2860 774 perceptam.
2919 703 3229 756 Dulcedinis
3276 719 3378 754 una
3437 702 3585 766 hora,
3623 704 3689 756 ait
3719 704 3789 758 ille

2281 815 2375 851 suo
2401 799 2571 867 spatio
2602 798 2945 859 terminatur;
2988 812 3152 865 pana:
3183 812 3299 848 vero
3328 811 3435 847 una
3472 795 3596 847 liora
3630 797 3807 863 triginta

2280 890 2484 941 dierum
2498 888 2597 940 vim
2616 887 2912 956 possidet...
2938 887 3053 940 vide
3068 887 3250 956 igitur,
3268 886 3567 944 concludit,
3582 887 3805 955 exiguum,

2278 996 2389 1033 esse
2414 989 2613 1047 tempus
2646 980 2925 1032 mandante
2952 977 3246 1030 dulcedinis
3266 995 3328 1030 ac
3350 976 3661 1045 voluptatis;
3681 995 3809 1046 ραπιε

2279 1085 2396 1124 vero
2440 1079 2917 1139 tormentorumque
2947 1068 3197 1137 amplius.
3226 1067 3412 1138 Itaque
3450 1083 3514 1121 re
3551 1067 3679 1121 bene
3713 1085 3809 1137 per-

2280 1176 2465 1229 pensa,
2511 1159 2557 1214 si
2609 1160 2969 1229 nosmetipsos
3030 1160 3401 1229 diligeremus,
3457 1159 3669 1228 capitali
3714 1161 3810 1213 odio

2280 1250 2602 1304 haberemus
2631 1266 2825 1305 sensus
2862 1250 3187 1319 voluptates.

2361 1363 2518 1417 Circa
2578 1362 2916 1417 mendacium
2984 1373 3036 1417 ct
3106 1363 3561 1418 obtrectationem
3631 1364 3812 1419 mandat

2279 1454 2471 1509 Pastor
2503 1471 2567 1507 ne
2619 1455 2685 1508 de
2749 1456 2934 1525 aliquo
2998 1455 3138 1508 male
3189 1455 3507 1523 loquamur,
3540 1470 3637 1509 nec
3664 1456 3812 1511 minus

2278 1548 2519 1619 rigorose
2549 1548 2797 1618 prohibet
2833 1549 3020 1601 audire
3061 1548 3200 1600 male
3233 1548 3548 1616 loquentes,
3586 1553 3813 1618 praecipue

2277 1640 2322 1692 si
2360 1640 2410 1693 id
2439 1640 2531 1693 fiat
2560 1638 2857 1694 deliberate
2902 1650 2955 1693 et
2984 1640 3212 1693 libenter
3242 1638 3375 1707 (82).
3411 1639 3579 1693 Addit
3609 1640 3813 1710 insuper,

2283 1731 2427 1800 quod
2482 1732 2738 1786 detractio
2805 1733 2874 1785 sit
2925 1734 3240 1801 perniciosa,
3282 1733 3596 1787 inconstans
3653 1735 3816 1788 daemo-

2288 1824 2461 1891 nium,
2490 1840 2769 1895 nunquam
2804 1826 2857 1879 in
2913 1840 3043 1894 pace
3076 1826 3404 1890 consistens,
3433 1825 3529 1879 sed
3559 1842 3751 1896 semper
3774 1827 3815 1880 in

2285 1914 2575 1971 discordiis
2623 1932 2877 1983 manens;
2907 1924 2959 1970 et
2999 1935 3011 1970 :
3054 1916 3157 1980 Qui
3198 1920 3552 1982 mentiuntur,
3605 1918 3674 1972 ait
3707 1918 3812 1987 ipse,

2282 2005 2538 2075 abnegant
2569 2007 2872 2074 Dominum,
2895 2025 2992 2062 non
3015 2009 3279 2062 reddentes
3308 2011 3356 2062 ei
3390 2012 3682 2079 depositum
3711 2009 3817 2080 quod

2279 2109 2626 2167 acceperunt;
2661 2110 2969 2171 acceperunt
3015 2102 3151 2154 enim
3200 2101 3456 2170 spiritum
3508 2103 3619 2156 sine
3641 2102 3817 2155 menda-

2279 2190 2360 2242 cio
2377 2190 2511 2260 (85).

2365 2400 2479 2535 ἔ81)
2514 2400 2680 2464 Idem,
2712 2401 2880 2457 simil.
2918 2418 2993 2464 γι.
3017 2419 3067 2459 c.
3100 2405 3153 2457 5.

2385 2470 2476 2533 82)
2516 2470 2683 2535 Idem,
2717 2472 2751 2524 I.
2790 2488 2850 2533 tt,
2880 2474 3061 2527 mand.
3094 2491 3153 2526 ll.

2385 2470 2476 2533 82)
2516 2470 2683 2536 Idem,
2717 2472 2751 2524 I.
2790 2488 2850 2533 tt,
2880 2474 3061 2527 mand.
3094 2491 3154 2526 ll.

2371 2541 2483 2611 (83)
2522 2540 2685 2607 Idem,
2724 2542 2760 2596 I.
2796 2558 2855 2605 ιι,
2893 2545 3075 2597 tuaud.
3120 2559 3196 2598 Ill.

2007 2753 3795 2784 mm

1365 2895 2136 3079 SANCTI
2285 2902 3121 3075 HERM/E

1787 3202 2584 3360 PASTOR.

610 3455 1151 3519 (Gsntsnu.,}'eterunt
1178 3447 1781 3519 P_at_it_tnt_Bil_Jliotheca,nt.
1804 3450 1843 3509 1,
1866 3449 2054 3519 Venet...
2077 3446 2425 3519 l765,_ln-t‘ol.,
2457 3465 2506 3513 p.
2535 3452 2610 3519 59.
2637 3480 2697 3488 --
2729 3451 2782 3500 In
2808 3453 2955 3519 nolis.
2992 3452 3391 3519 Ascaldenotat
3413 3468 3536 3519 mss.
3568 3454 3819 3519 Anglicanus

676 3519 715 3566 B
738 3524 790 3564 et
814 3517 848 3564 L
870 3511 1079 3575 ;'Boot..,
1102 3529 1195 3564 ms.
1219 3514 1341 3576 bibl.
1358 3513 1683 3576 Bodleiaan
1707 3513 1884 3576 Cum,
1906 3526 1999 3559 ms.
2022 3511 2404 3576 tiarmelitaruvn
2442 3511 2839 3576 éxAcalcealorum
2862 3514 3087 3563 suburbii
3127 3515 3442 3576 I‘arisiensis;
3473 3511 3669 3575 Genu,"
3687 3531 3762 3566 nis.
3781 3518 3818 3561 S.

680 3571 945 3637 Germani;
982 3571 1156 3638 Lahm,
1181 3591 1274 3626 ms.
1304 3573 1622 3624 bibliothecae
1664 3574 2015 3623 Lambethanaa
2038 3586 2052 3632 ;
2076 3571 2177 3623 th

668 3639 972 3701 Gallicanis.)

2281 3587 2337 3622 ιε.
2377 3573 2430 3623 8.
2474 3574 2701 3625 Victoris.
2723 3602 2784 3613 --
2807 3577 3030 3637 Capitum
3070 3578 3297 3628 lemmata
3316 3571 3503 3628 absunt
3522 3594 3549 3629 a
3575 3571 3707 3630 codd.
3730 3590 3818 3627 mss.

1650 3880 2119 4006 LIBER
2206 3877 2796 4009 PRIMUS

1854 4261 2361 4381 'VISION
2377 4266 2582 4376 ES.

2066 4557 2285 4621 VISIO
2328 4562 2376 4621 l.

763 4676 998 4739 Contra
1028 4688 1240 4756 turpes
1295 4689 1350 4740 et
1381 4679 1574 4741 elatas
1608 4681 2043 4759 cogitationes,
2079 4692 2133 4744 et
2177 4685 2585 4765 negligentem
2615 4691 2853 4750 IIermw
2894 4692 3170 4770 ﬁliorum
3214 4698 3702 4775 castigationem.

1946 4810 2178 4867 CAPUT
2216 4813 2507 4870 PRIMUM.

681 4923 782 4989 Qui
833 4925 1170 4981 enutriverat
1213 4943 1319 4992 me,
1350 4928 1906 4998 vendiditquamdam
1955 4930 2186 5000 puellam
2226 4930 2432 4987 Romae.
2487 4932 2616 4989 Post
2666 4936 2867 4991 multos
2906 4945 3085 4991 autem
3134 4953 3308 4992 annos
3352 4937 3494 4992 hanc
3544 4938 3703 4989 visam
3739 4945 3814 5001 ego

612 5020 935 5089 recognovi;
964 5030 1017 5075 et
1041 5022 1178 5092 coepi
1208 5038 1325 5076 eam
1357 5023 1579 5092 diligere
1607 5034 1666 5079 ut
1706 5040 1981 5099 sororem.
2031 5026 2234 5081 Exacto
2284 5039 2463 5083 autem
2515 5040 2757 5100 tempore
2792 5034 2979 5103 aliquo
3004 5034 3116 5104 (84)
3141 5074 3157 5098 ,
3190 5032 3360 5087 lavari
3394 5048 3514 5086 eam
3548 5032 3601 5086 in
3634 5026 3815 5083 ﬂumine

609 5107 792 5165 Tiberi
816 5112 923 5167 vidi
951 5130 965 5178 ;
995 5125 1047 5169 et
1092 5115 1306 5184 porrexi
1334 5115 1381 5169 ei
1410 5132 1652 5180 manum,
1678 5127 1730 5171 et
1747 5118 1911 5172 eduxi
1940 5135 2059 5174 eam
2096 5135 2126 5174 e
2173 5118 2413 5175 ﬂuuiinc.
2446 5120 2681 5193 Visaque
2709 5140 2794 5191 ea,
2828 5125 3130 5196 cogitabam
3160 5126 3213 5179 in
3256 5125 3419 5179 corde
3454 5140 3593 5189 meo,
3622 5123 3809 5176 dicens:

607 5198 755 5259 Felix
786 5222 983 5273 essem,
1031 5210 1076 5263 si
1133 5210 1291 5287 talem
1336 5223 1559 5263 uxorem
1614 5220 1667 5264 et
1699 5212 1878 5280 specie
1906 5221 1955 5266 et
1996 5214 2239 5268 moribus
2287 5216 2512 5270 sortitus
2569 5233 2768 5271 essem.
2816 5216 2929 5274 Hoc
2984 5219 3194 5285 solum,
3224 5232 3324 5272 nec
3369 5218 3508 5270 ultra
3558 5204 3810 5286 quidan

606 5301 834 5371 ῖοείωνὶ
869 5304 1001 5376 (85).
1048 5305 1180 5361 Post
1225 5315 1439 5379 tempus
1481 5316 1662 5361 autem
1695 5307 1911 5378 aliquod
1942 5325 2064 5363 cum
2115 5309 2182 5365 iis
2212 5312 2632 5381 cogitationibus
2660 5315 3031 5382 proliciscens,
3075 5313 3504 5370 lionoriiicabam
3544 5318 3807 5368 creaturam

1702 5423 1939 5478 VARIE
1980 5425 2366 5485 LECTIONES
2407 5430 2493 5484 ET
2534 5431 2761 5487 NOTAE.

980 5513 1131 5594 [loti].
1157 5528 1210 5572 et
1235 5516 1428 5594 Lamb.
1455 5516 1580 5594 Post
1616 5527 1814 5594 tempus
1839 5520 2074 5594 aliquod.
2279 5525 2456 5579 dicens
2484 5541 2502 5579 :
2558 5527 2714 5582 Felix
2743 5546 2929 5593 essem,
2978 5530 3024 5583 si
3078 5529 3235 5583 talem
3268 5543 3480 5582 uxorem
3526 5522 3739 5594 haberent
3768 5520 3805 5563 τι

675 5584 786 5645 (83)
825 5584 953 5669 diss.
986 5588 1058 5669 δᾴ
1074 5587 1281 5669 Germ”
1305 5589 1515 5669 Carm.,
1538 5588 1689 5669 Bodl.
1718 5584 2169 5669 etLanib._Visa-
2277 5600 2446 5669 specie
2478 5608 2527 5651 et
2563 5584 2839 5656 moribusi
2868 5584 2981 5655 Hoc
3034 5600 3206 5655 solum
3251 5598 3476 5669 cogitiri
3506 5637 3521 5663 ,
3571 5608 3652 5648 nec
3693 5584 3805 5640 ιίηη

601 5668 700 5739 pne
731 5670 791 5706 ea
821 5654 936 5735 dixi
960 5672 978 5708 .'
1012 5656 1164 5739 Felia:
1190 5675 1376 5739 essent,
1409 5661 1456 5715 si
1481 5661 1641 5739 talem
1669 5676 1883 5739 uxorem
1917 5663 2176 5739 haberem.
2288 5654 2489 5739 dliquid
2518 5672 2765 5739 cogitavi.

606 5724 673 5774 fit
717 5727 940 5793 speciem
971 5745 1089 5781 cum
1116 5724 1382 5792 ridissem,
1420 5731 1725 5801 cogitabam
1758 5734 1810 5788 in
1856 5735 2008 5789 corde
2067 5751 2177 5787 meo
