4040 6322
226 303 347 361 893
1355 319 1647 377 PASTOR.
1675 346 1741 368 -‘-
1779 327 1906 383 LIB.
1945 331 1984 397 l,
2030 332 2205 389 VISIO
2244 334 2284 389 1.
3373 343 3475 397 894

228 414 336 471 Dei
365 415 503 488 (86),
537 419 783 489 cegitans
812 436 976 493 quam
1007 427 1295 496 magnitica
1330 441 1386 486 et
1413 434 1637 502 pulchra
1678 439 1768 494 sit.
1804 438 1871 494 Et
1897 442 2026 498 dum
2068 446 2455 513 ambulassem,
2486 448 2812 505 obdormivi.
2833 450 2898 506 Et
2927 452 3154 523 spiritus
3183 468 3269 508 me
3299 456 3477 524 rapuit

220 520 292 564 et
322 513 446 567 tulit
481 528 568 568 me
605 530 700 584 per
725 519 1014 585 quemdam
1044 522 1221 577 locum
1254 526 1319 580 ad
1344 527 1647 596 dexteram,
1676 550 1771 604 per
1797 552 1958 606 quem
1984 554 2093 594 non
2128 552 2339 610 poterat
2377 544 2540 598 homo
2603 544 2704 599 iter
2732 545 2927 603 facere.
2957 547 3087 603 Erat
3116 558 3295 604 autem
3325 550 3476 604 locus

224 609 329 663 ille
353 611 407 663 in
436 611 683 683 rupibus,
706 623 757 668 et
789 618 1051 687 abruptus
1083 619 1215 689 (87),
1248 630 1301 676 et
1332 623 1613 683 inviusab
1641 632 1819 700 aquis.
1867 634 2465 707 Cumquetransissem
2500 641 2680 695 locum
2714 641 2888 707 illum,
2918 642 3038 696 veni
3077 642 3142 697 ad
3173 642 3471 711 planitiem,

219 710 289 755 et
319 703 552 771 genibus
599 706 791 773 positis
822 708 961 778 etepi
991 728 1149 768 orare
1172 715 1484 787 Dominum,
1517 732 1570 776 et
1600 727 1845 781 conﬁteri
1879 703 2099 799 peccata
2137 748 2275 786 mea.
2306 732 2371 787 Et
2399 744 2590 789 orante
2616 742 2730 801 me,
2762 744 3008 804 apertum
3035 745 3119 790 est
3155 737 3350 791 coelum
3377 753 3389 800 ;
3422 745 3475 791 et

218 794 395 849 Video
422 796 702 853 mulierem
735 817 899 869 quam
936 807 1376 877 concupiveram,
1428 816 1753 875 salutantem
1790 838 1877 877 me
1903 824 1969 878 de
2003 827 2162 890 caelo,
2189 838 2243 882 et
2277 829 2542 885 dicentem
2572 848 2583 883 :
2622 828 2839 897 llerma,
2870 844 2987 884 ave.
3019 830 3083 884 Et
3110 846 3211 901 ego
3254 829 3470 899 prospi-

211 885 386 941 ciens
422 888 592 954 illam,
621 890 744 945 dico
779 893 827 946 ei
859 893 973 966 (88)
1002 912 1016 950 :
1050 896 1302 967 Domina,
1332 904 1463 974 quid
1492 915 1547 961 tu
1580 908 1669 964 hic
1708 910 1883 967 lacis?
1920 912 1987 967 At
2019 915 2108 969 illa
2141 885 2421 987 respondit
2452 919 2585 972 mihi
2616 937 2629 973 ε
2665 885 2896 988 Recepta
2939 934 3057 973 sum
3087 885 3197 988 (89)
3227 885 3331 972 line
3357 885 3469 987 (90)

215 990 291 1035 ut
321 993 542 1052 peccata
568 994 658 1039 tua
690 1003 915 1059 arguam
945 991 1085 1059 apud
1132 991 1442 1053 Dominum.
1482 1000 1732 1068 Domina.
1796 1008 2041 1079 inquam,
2098 1027 2227 1065 num
2284 1023 2338 1066 tu
2383 1028 2470 1067 me
2510 1014 2745 1083 argues?
2778 1008 2934 1074 Non,
2977 1008 3173 1079 inquit.
3212 1007 3315 1061 Sed
3344 1005 3470 1061 audi

214 1079 422 1145 verba,
456 1096 577 1150 quae
609 1083 705 1136 tibi
755 1086 965 1141 dictura
990 1104 1109 1143 sum
1148 1091 1283 1161 (9|).
1323 1092 1465 1152 Deus
1499 1101 1592 1168 qui
1629 1101 1681 1155 in
1718 1105 1871 1161 caelis
1906 1107 2137 1174 habitat,
2172 1119 2226 1163 et
2258 1111 2501 1165 condidit
2532 1079 2598 1164 es
2634 1110 2803 1165 nihilo
2838 1125 2899 1163 ea
2936 1125 3058 1176 qua:
3082 1115 3209 1161 sunt
3240 1106 3377 1175 (92),
3415 1112 3469 1157 et

214 1175 617 1244 mnltipiicavit
664 1189 884 1248 propter
914 1192 1158 1238 sanctam
1210 1185 1509 1246 Ecelesiam
1556 1211 1733 1260 suam,
1772 1200 2026 1257 irascitur
2054 1205 2149 1258 tibi
2177 1206 2434 1275 quoniam
2467 1207 2700 1276 peccasti
2737 1207 2789 1260 in
2827 1220 2930 1258 me.
2959 1201 3313 1272 Respondens
3348 1199 3469 1251 dico

211 1269 276 1322 ci
311 1288 325 1323 :
358 1269 604 1339 Domina,
641 1274 686 1328 si
710 1276 765 1328 in
800 1286 852 1346 te
880 1291 980 1348 ego
1014 1283 1253 1349 peccavi,
1292 1286 1381 1339 ubi
1410 1328 1425 1353 ,
1460 1298 1555 1342 aut
1606 1307 1715 1360 quo
1752 1293 1804 1348 in
1841 1296 1962 1350 loco
1984 1340 1996 1364 ,
2033 1309 2128 1353 aut
2161 1300 2380 1369 quando
2415 1301 2511 1356 tibi
2547 1311 2702 1370 turpe
2735 1300 2960 1354 verbum
2995 1294 3217 1364 aliquod
3252 1294 3467 1345 locutus

210 1364 397 1416 sum?
430 1362 618 1418 Nonne
650 1381 865 1438 semper
900 1379 951 1426 te
983 1375 1140 1442 quasi
1175 1378 1454 1436 dominam
1481 1384 1775 1443 arbitratus
1819 1406 1939 1445 sum
1972 1395 2131 1465 (93)?
2169 1393 2359 1450 Nonne
2393 1412 2604 1466 semper
2647 1405 2697 1450 te
2735 1395 3001 1450 reveritus
3037 1405 3156 1445 sum
3194 1388 3339 1441 velut
3373 1400 3464 1439 so-

211 1462 456 1515 rorem?
496 1461 633 1528 Quid
671 1466 722 1520 in
760 1483 846 1523 me
880 1474 1312 1532 comminisceris
1340 1480 1453 1551 (94)
1486 1483 1602 1539 hzec
1648 1494 1757 1541 tam
1795 1461 2073 1546 nefanda?
2106 1492 2260 1549 Tunc
2293 1496 2382 1550 illa
2430 1496 2678 1551 arridens
2712 1492 2865 1559 mihi,
2911 1490 2986 1544 ait
3015 1508 3028 1543 :
3060 1486 3114 1540 In
3160 1484 3323 1540 corde
3370 1491 3464 1534 ῑυο

210 1556 469 1609 ascendit
504 1561 939 1629 concupiscentia
974 1572 1247 1640 nequitiae.
1310 1575 1504 1632 Annon
1545 1580 1660 1651 (95)
1689 1585 1901 1641 videtur
1928 1589 2045 1656 tibi,
2082 1592 2199 1647 viro
2226 1592 2377 1663 justo
2408 1608 2522 1647 rem
2560 1592 2805 1662 iniquam
2841 1588 2951 1659 (96)
2986 1600 3107 1640 esse
3129 1625 3144 1650 ,
3188 1581 3230 1636 si
3267 1594 3460 1633 ascen—

207 1645 368 1702 derit
401 1650 454 1704 in
497 1654 659 1709 corde
701 1656 813 1727 (97)
845 1662 984 1716 mala
1029 1666 1512 1737 concupiscentia?
1554 1645 1851 1734 Peccatum
1902 1692 1987 1737 est
2033 1645 2083 1739 ei
2109 1727 2124 1750 ,
2159 1645 2465 1757 et'quidem
2502 1645 2727 1759 grande.
2765 1684 2954 1740 Justus
3001 1680 3145 1735 enim
3186 1678 3266 1731 vir
3311 1674 3457 1745 jusla

206 1743 759 1845 cogitat..Cogitante
792 1768 919 1824 ergo
953 1756 1044 1811 illo
1070 1775 1191 1829 qua:
1218 1763 1366 1831 justa
1401 1773 1551 1832 sunt,
1587 1776 1641 1822 et
1668 1780 1815 1827 recte
1840 1789 1906 1827 eo
1941 1743 2344 1844 incedetite,|in
2374 1743 2533 1835 caeli;
2572 1780 2866 1849 prepitium
2906 1776 3127 1832 habebit
3169 1770 3457 1825 Dottlinum

206 1829 277 1884 in
310 1834 459 1887 omni
495 1838 711 1904 negotio
736 1856 858 1896 suo.
887 1842 988 1909 Qui
1013 1858 1192 1903 autem
1220 1850 1452 1908 nefanda
1478 1855 1719 1925 cogitant
1745 1860 1797 1914 in
1826 1864 2081 1920 cordibus
2108 1867 2245 1932 suis,
2273 1877 2501 1924 mortem
2528 1880 2578 1925 et
2602 1869 2964 1939 captivitatem
2991 1872 3277 1920 assumunt
3309 1860 3455 1928 (98);

208 1934 466 1990 titaxime
500 1937 535 1990 ii
571 1941 663 2007 qui
703 1946 961 2001 saeculum
993 1950 1095 2005 hoc
1128 1953 1383 2025 diligunt,
1418 1968 1472 2013 et
1504 1959 1810 2030 gloriantur
1836 1960 1892 2014 in
1925 1961 2129 2017 divitiis
2157 1962 2310 2029 suis;
2339 1972 2393 2017 et
2425 1963 2519 2033 qui
2556 1980 2662 2017 non
2699 1969 3020 2031 exspectant
3055 1958 3238 2012 futura
3271 1957 3411 2009 bona
3439 1993 3454 2017 ,

209 2036 530 2083 νπιιδιιιιιτ
558 2031 671 2101 (99)
706 2036 902 2091 animae
934 2055 1148 2098 eorum.
1186 2044 1311 2101 Haec
1342 2060 1527 2105 autem
1562 2049 1769 2105 faciunt
1806 2050 1954 2105 dubii
1985 2051 2155 2123 (100),
2192 2054 2285 2124 qui
2332 2031 2457 2107 non
2476 2054 2676 2109 habent
2715 2069 2865 2123 spem
2902 2052 2954 2105 in
2988 2049 3222 2103 Domino
3258 2048 3367 2115 (1),
3404 2055 3458 2098 et

206 2127 581 2177 contemnunt
605 2135 658 2180 et
691 2130 965 2201 negligunt
992 2134 1159 2190 vitam
1194 2153 1372 2195 suam.
1413 2138 1517 2196 Sed
1552 2150 1631 2209 tu,
1656 2156 1751 2195 ora
1780 2140 1845 2197 ad
1875 2139 2162 2196 Dominum
2193 2160 2208 2209 ;
2234 2151 2287 2198 et
2320 2142 2534 2198 sanabit
2559 2151 2777 2213 peccata
2805 2152 2917 2204 tua,
2954 2138 3227 2207 totiusque
3260 2136 3457 2189 ιὶυιιιυε

203 2215 327 2262 tua:
359 2219 412 2265 et
444 2214 690 2272 omnium
725 2230 1063 2278 sanctorum.

1678 2346 1909 2403 CAPUT
1941 2346 2009 2405 ll.

290 2461 587 2536 Postquam
625 2478 804 2527 autem
842 2475 1020 2537 locuta
1055 2497 1137 2540 est
1173 2487 1338 2543 verba
1386 2490 1521 2558 hate,
1556 2492 1728 2548 clausi
1765 2506 1894 2551 sunt
1926 2498 2071 2554 eteli.
2109 2497 2174 2553 Et
2218 2515 2318 2570 ego
2354 2508 2501 2555 totus
2534 2514 2681 2553 eram
2720 2499 2772 2552 in
2808 2509 3043 2549 moerere
3077 2501 3129 2546 et
3174 2501 3359 2565 metu,
3398 2498 3454 2543 et

200 2560 468 2617 dicebam
503 2565 642 2621 intra
678 2584 806 2624 me:
869 2570 925 2627 Si
962 2573 1066 2629 hoc
1128 2577 1261 2633 mihi
1328 2592 1609 2650 peccatum
1658 2586 1984 2653 aseribitur,
2020 2560 2297 2659 quomodo
2351 2599 2538 2660 potero
2595 2589 2779 2644 salvus
2827 2584 2991 2639 esse?
3020 2584 3130 2638 Aut
3178 2582 3467 2653 quom0d0.

199 2658 468 2713 exorabo
514 2659 808 2718 Dominum
854 2682 954 2736 pro
1003 2673 1247 2739 peccatis
1276 2676 1415 2730 meis
1466 2677 1993 2736 abundantissimis?
2038 2658 2249 2748 Quibus
2293 2658 2369 2751 (2)
2405 2682 2585 2737 verbis
2621 2683 2821 2751 rogabo
2855 2681 3145 2735 Dominum
3171 2723 3185 2746 ,
3225 2690 3280 2734 ut
3318 2680 3450 2735 mihi

201 2748 487 2817 propitius
535 2752 647 2806 sit?
681 2752 805 2811 Hzee
838 2772 926 2811 me
963 2762 1295 2831 reeogitante
1337 2775 1389 2820 et
1434 2768 1778 2824 discernente
1813 2772 1865 2825 in
1901 2774 2063 2828 corde
2098 2790 2257 2840 meo;
2302 2748 2469 2829 video
2502 2783 2690 2827 contra
2726 2788 2812 2827 me
2845 2771 3163 2827 cathedram
3197 2772 3264 2826 de
3299 2772 3439 2827 lanis

203 2844 490 2910 candidis,
529 2849 673 2904 sicut
706 2851 819 2915 nix,
853 2853 1053 2909 laetam
1090 2872 1365 2929 magnam.
1404 2860 1470 2915 Et
1503 2864 1650 2918 venit
1679 2865 1875 2921 mulier
1907 2884 2046 2924 anus
2072 2870 2150 2940 (3)
2188 2868 2241 2924 in
2279 2879 2430 2925 veste
2474 2868 2754 2939 splendida
2780 2869 2880 2939 (4),
2918 2869 3126 2923 habens
3160 2868 3355 2922 librum
3393 2868 3445 2921 in

201 2955 384 2995 manu
413 2960 427 3008 ;
467 2952 520 2998 et
555 2945 695 3000 sedit
724 2949 866 3013 sola,
902 2959 955 3004 et
989 2952 1245 3009 salutavit
1280 2971 1365 3010 me
1394 2975 1407 3011 :
1445 2956 1642 3014 Herma
1666 3003 1680 3027 ,
1715 2977 1834 3018 ave.
1867 2962 1933 3019 Et
1965 2980 2067 3033 ego
2102 2976 2333 3021 maestus
2360 2977 2413 3020 et
2446 2966 2690 3036 plorans,
2726 2963 2839 3018 dixi
2870 2981 2882 3017 ;
2921 2962 3150 3016 Domina
3178 3005 3191 3028 ,
3230 2978 3346 3017 ave.
3383 2960 3448 3015 Et

201 3036 307 3090 illa
343 3038 483 3094 dixit
517 3041 650 3095 mihi
683 3061 696 3097 :
733 3043 872 3110 Quid
910 3059 1140 3105 mlestus
1172 3068 1232 3106 es
1257 3094 1272 3117 ,
1308 3052 1507 3110 Herma
1535 3098 1549 3122 ,
1586 3058 1676 3127 qui
1712 3075 1836 3115 eras
1870 3062 2112 3130 patiens.
2152 3073 2205 3118 et
2239 3064 2520 3119 modestus
2544 3106 2559 3130 ,
2595 3072 2649 3118 et
2691 3076 2904 3131 semper
2943 3059 3130 3114 hilaris
3152 3059 3175 3113 ἲ
3197 3057 3445 3128 Respon-

199 3129 350 3183 dens
380 3130 503 3184 dico
535 3132 623 3188 ei:
662 3133 910 3202 Domina,
938 3143 1269 3197 contumelia
1308 3144 1386 3215 (5)
1414 3149 1547 3201 mibi
1575 3149 1787 3220 objecta
1821 3129 1904 3206 est
1937 3169 1966 3207 a
2014 3154 2243 3210 muliere
2286 3156 2489 3226 optima
2524 3156 2756 3221 dicente,
2793 3157 2937 3228 quod
2966 3156 3179 3227 peccavi
3213 3156 3267 3210 in
3298 3172 3442 3211 eam.

198 3221 280 3275 At
330 3224 422 3277 illa
458 3225 595 3280 dixit
619 3229 748 3281 mihi
778 3248 789 3283 :
827 3230 982 3286 Absit
1017 3249 1045 3287 a
1075 3250 1233 3290 servo
1268 3236 1361 3292 Dei
1398 3256 1484 3295 res
1520 3241 1645 3296 ista.
1686 3241 1791 3297 Sed
1828 3244 1966 3301 forte
2007 3247 2057 3302 in
2085 3249 2249 3304 corde
2282 3221 2373 3305 tuo
2407 3252 2655 3306 ascendit
2686 3252 2832 3307 illius
2866 3252 3305 3321 concupiscentia
3342 3250 3440 3319 (6).

191 3311 308 3368 Est
342 3316 564 3386 quidem
592 3321 645 3374 in
673 3324 845 3377 servis
877 3323 966 3378 Dei
1000 3326 1124 3380 talis
1158 3328 1454 3398 cegitatio,
1493 3343 1775 3401 peceatum
1817 3335 2074 3392 inferens.
2110 3336 2227 3392 Non
2254 3338 2397 3392 enim
2427 3339 2587 3393 debet
2630 3340 2743 3394 haec
2773 3340 3030 3409 cogitatio
3058 3338 3398 3393 abhorrenda
3427 3379 3443 3403 ,

200 3425 333 3466 esse
370 3412 423 3466 in
452 3430 612 3471 servo
647 3417 781 3485 Dei;
811 3435 988 3490 neque
1024 3423 1252 3491 spiritus
1281 3426 1356 3493 (7)
1393 3426 1677 3493 probatus,
1716 3432 2105 3500 concupiscere
2136 3434 2340 3488 malum
2376 3449 2546 3503 opus;
2583 3443 2638 3488 ct
2671 3437 2940 3507 praecipue
2976 3435 3201 3490 Hermas
3233 3435 3325 3505 qui
3361 3444 3445 3490 est

198 3494 506 3562 continens
540 3510 609 3564 ab
642 3513 792 3566 onmi
819 3516 1262 3585 concupiscentia
1288 3520 1365 3588 (8)
1395 3522 1645 3589 scelesta,
1674 3533 1727 3578 et
1752 3533 1836 3579 est
1870 3528 2018 3580 omni
2056 3528 2402 3598 simplicitate
2430 3531 2644 3599 plenus,
2672 3540 2724 3585 et
2750 3536 3062 3591 innocentia
3089 3551 3306 3604 magna.

1558 3698 1563 3705 '
1645 3685 1875 3741 CAPUT
1912 3687 1997 3744 111.

285 3772 665 3834 Verumtamen
706 3799 814 3836 non
846 3800 1012 3842 causa
1041 3790 1116 3843 tui
1152 3790 1405 3847 irascitur
1435 3788 1734 3862 Dominus;
1767 3798 1860 3853 sed
1903 3809 2125 3870 propter
2153 3803 2374 3858 domum
2412 3814 2583 3869 tuam,
2623 3821 2744 3876 quae
2782 3806 2935 3862 nefas
2968 3808 3190 3861 admisit
3238 3808 3290 3860 in
3332 3806 3434 3861 Do-

198 3866 419 3921 minum
456 3877 511 3923 et
543 3871 595 3924 in
632 3885 883 3941 parentes
918 3895 1067 3935 suos.
1102 3880 1166 3936 Et
1211 3893 1266 3937 tu
1301 3898 1424 3938 cum
1470 3886 1548 3939 sis
1581 3896 1791 3942 amator
1824 3889 2100 3957 ﬁliorum,
2141 3908 2247 3948 non
2275 3897 2657 3951 commonuisti
2687 3897 2907 3950 domum
2947 3905 3117 3962 tuam,
3147 3895 3239 3950 sed
3265 3895 3431 3949 dimi-

192 3959 326 4012 sisti
359 3960 480 4013 illos
514 3967 823 4020 conversari
867 3969 1132 4025 violenter
1161 3972 1276 4043 (9);
1312 3985 1534 4044 propter
1571 3976 1673 4031 hoc
1705 3978 1851 4033 enim
1884 3981 2139 4036 irascitur
2185 3984 2279 4037 tibi
2323 3984 2584 4039 Dominus
2616 4005 2630 4039 :
2670 3984 2762 4042 sed
2809 3986 3020 4041 sanabit
3081 3986 3264 4040 omnia
3317 3983 3429 4054 (l0)

1303 4133 1526 4189 VARle
1568 4135 1945 4194 LECTIONES
1977 4139 2065 4194 ET
2101 4141 2335 4200 ΝΟΤᾸΞ.

272 4232 390 4304 (89)
423 4234 625 4304 Desunt
649 4237 753 4294 ista
783 4240 836 4294 in
861 4258 994 4298 mss.
1026 4244 1082 4298 S.
1109 4245 1290 4300 Germ.
1314 4258 1366 4301 et
1387 4247 1446 4301 S.
1483 4247 1623 4304 Vict.

425 4303 547 4386 [lac
581 4307 706 4386 item
737 4310 931 4386 desunt
964 4314 1014 4366 in
1042 4324 1273 4386 utroque
1302 4320 1422 4372 eod.

271 4372 390 4457 (S8)
424 4374 513 4429 Sic
536 4393 642 4457 ms;
660 4377 873 4457 Lantb.:
896 4382 1119 4437 Domina
1139 4372 1271 4452 mea,
1295 4389 1421 4457 quid
1443 4389 1597 4442 heic?
1622 4387 1769 4445 Prte-

194 4454 354 4526 cepta
385 4461 563 4499 tanta
600 4448 858 4513 Domino,
898 4463 1207 4528 atApeccata
1248 4448 1338 4511 tua
1368 4476 1607 4528 arguam.
1662 4461 1769 4515 Do-

197 4515 380 4589 mina.
406 4531 541 4589 nunc
561 4527 625 4589 tu
654 4536 733 4570 me
758 4524 936 4589 arguis
961 4524 986 4575 ?

424 4584 523 4662 his.
549 4584 1053 4662 Ca‘rtnaPr'a’cepta.
1089 4596 1408 4652 sicutmodo
1436 4597 1624 4653 Lamb.

272 4654 389 4721 (90)
426 4653 583 4710 Deest
608 4658 707 4711 huc
744 4661 796 4712 in
831 4653 986 4715 codd.
1018 4663 1074 4716 S.
1109 4664 1288 4721 Germ.
1318 4678 1371 4723 et
1395 4667 1450 4722 S.
1482 4668 1618 4723 Vict.

422 4723 610 4803 Lamb.
641 4741 692 4803 et
720 4731 900 4803 (iarm.
935 4734 1128 4803 incipio
1151 4737 1342 4792 dicere.

268 4793 386 4865 (92)
422 4794 554 4849 Vide
579 4797 718 4853 infra
753 4800 849 4854 lib.
875 4817 932 4865 η,
957 4793 1140 4859 ιιιείιά.
1172 4823 1209 4861 ι.
1256 4807 1461 4862 Laudat
1497 4809 1641 4862 hunc
1679 4808 1761 4861 lo-

190 4880 324 4942 cum
359 4864 617 4942 Drigenes
644 4878 772 4942 tom.
796 4870 812 4923 Ι
835 4864 1124 4929 Comment.
1146 4877 1199 4928 in
1219 4877 1415 4932 Joann.
1441 4895 1477 4942 ι,
1504 4878 1554 4933 1.
1579 4877 1763 4932 Graeca

191 4935 527 5011 Urigfmiana
564 4940 897 5011 protulimus
927 4958 1089 5011 supra
1140 4947 1280 5000 inter
1325 4935 1574 5002 Veterum
1612 4948 1765 5001 testi—

194 5004 486 5083 προπίῃ,ρκ
514 5008 639 5083 edit.
662 5007 742 5062 Cl.
765 5008 941 5065 Huetii
964 5004 1440 5083 a'prareedentibus
1465 5018 1764 5073 editoribus

191 5071 443 5127 Pastoris
467 5078 690 5130 omissa.

268 5144 383 5211 (93)
424 5144 612 5200 Lamb.
662 5147 803 5221 Nam
857 5168 1057 5221 semper
1107 5166 1155 5209 te
1197 5174 1259 5210 ac
1315 5160 1361 5212 si
1411 5159 1581 5213 denm.
1638 5158 1758 5213 Mox

194 5224 397 5337 eatena
415 5232 510 5283 pro
560 5220 828 5287 reveritus,
877 5221 1052 5279 Fellus
1083 5227 1301 5283 exhibet
1345 5230 1539 5283 veritus
1578 5231 1630 5284 in
1664 5247 1760 5285 sua

194 5299 224 5336 e
267 5292 328 5337 tt.
404 5302 527 5337 xon.

194 5285 328 5337 edit.
352 5285 527 5339 Oxon.

266 5354 382 5421 (94)
417 5355 606 5411 Lamb.
641 5356 781 5422 Quid
817 5364 917 5415 mei
949 5372 1393 5423 commenwrariz.

269 5424 381 5491 (93))
418 5424 604 5480 Lamb.
636 5430 738 5482 Aut
763 5447 883 5485 non.

266 5493 380 5562 (96)
419 5494 548 5551 Mss.
581 5497 762 5553 Carm.
795 5511 847 5554 et
883 5503 1071 5560 Lamb.
1100 5524 1313 5563 swram.

264 5563 377 5632 (97)
412 5564 601 5639 Lamb.
631 5569 778 5623 addit
812 5572 977 5629 illius.
1026 5575 1114 5632 Sic
1161 5591 1212 5634 et
1260 5579 1458 5637 Fellns.
1510 5581 1573 5638 Et
1629 5601 1743 5639 mox

196 5632 471 5715 hiemant}.
499 5637 803 5715 eieqnidem
837 5659 1097 5715 magnum.
1134 5642 1147 5653 ’

267 5704 381 5767 (98)
413 5703 734 5764 Ιρίιιιὼζδὶὺί
763 5703 1050 5769 assumant.

1944 4254 2222 4338 (99).,M;‘§:
2247 4254 2705 4338 Αηεῖυλάσαηιατο
2925 4336 2934 4338 μ
3238 4325 3249 4336 .
3323 4326 3335 4338 .

1943 4325 2089 4409 (Ιὶου)
2135 4325 2561 4409 Δίψυχοὲλιιξιὴο
2590 4343 2773 4409 vocem
2811 4336 3091 4409 auctorem
3114 4325 3431 4409 nsqipsisse

1870 4408 1932 4448 ex
1962 4394 2132 4448 Clem.
2165 4394 2316 4449 Ales.
2341 4396 2626 4451 discimus.
2659 4396 2779 4451 Vid.
2811 4398 2865 4451 S.
2900 4396 3015 4451 Jac.
3048 4412 3083 4460 ι,
3112 4396 3163 4449 8.
3196 4394 3427 4452 Ρέιιιτε.

1869 4463 2311 4547 —}.oeus_Alex.
2339 4476 2514 4521 exstat
2536 4469 2877 4547 Erpiop.‘l'i_li_.
2905 4466 3196 4547 t,-cap..99,
3224 4466 3427 4547 p_._426,

1870 4535 1963 4587 sed
2011 4536 2358 4606 respicithis.
2402 4553 2483 4602 ιιι,
2517 4553 2635 4606 cap.
2689 4535 2743 4592 94.
2772 4536 2984 4592 Videsis
3029 4537 3190 4589 etiam
3233 4536 3326 4591 lib.
3363 4554 3425 4599 ιι.

1869 4605 2176 4689 mand.ntx.
2233 4605 2840 4689 Eatlet'n..quoquelvox
2890 4608 3427 4689 usurpatunanCle-

1868 4684 2047 4746 mente
2075 4674 2339 4740 Romano,
2374 4675 2542 4744 Epist.
2575 4675 2605 4730 Ι
2623 4674 2699 4731 ad
2727 4677 2848 4731 Cor.
2906 4674 3141 4744 capIQS,
3168 4684 3221 4730 et
3253 4674 3422 4746 Epist.

1868 4741 2102 4819 !_l,_cap_.
2142 4746 2224 4819 ll.
2258 4741 2698 4819 (laterumjtunc
2740 4741 3156 4819 llermze—loeum
3195 4741 3428 4819 illuétrat

1869 4811 2174 4888 [lodvvellus
2193 4817 2243 4869 in
2274 4816 2493 4888 dissert.
2520 4816 2596 4871 De
2620 4818 2771 4872 Rom.
2798 4818 2987 4888 ponti)“.
3017 4833 3268 4880 succcss.,
3300 4812 3420 4887 cap;
3456 4828 3465 4835 ‘

1866 4882 2015 4956 H,_§
2048 4885 2101 4956 ti,
2126 4901 2247 4956 pag.
2282 4886 2403 4941 160.

1936 4953 2012 5022 (ί)
2047 4953 2237 5009 Lamb.
2268 4957 2392 5012 Deo.

2045 5024 2236 5108 Lamb.
2264 5028 2549 5108 pessimis?
2580 5028 2824 5108 Quantis.
3041 5100 3047 5107 .
3256 5098 3265 5108 .

1935 5094 2011 5169 (ἦ)
2050 5094 2271 5169 llieron.
2295 5099 2348 5149 in
2383 5098 2510 5152 Osee
2535 5115 2629 5162 vlt,
2655 5101 2707 5153 9.
2738 5099 2949 5155 llermw
2968 5100 3192 5169 primum
3219 5098 3421 5150 videtur

1864 5161 2102 5236 Ecclesia
2137 5183 2265 5219 cano
2289 5170 2476 5236 capite.

2043 5234 2233 5311 Lamb.
2256 5234 2506 5311 candida.
2534 5237 2596 5311 Et
2622 5255 2769 5307 mox,
2794 5240 3076 5311 singularis
3109 5253 3204 5307 pro
3227 5237 3360 5291 sola.

2042 5305 2364 5389 MSSL‘A‘I‘tgL
2408 5308 2646 5389 lascivia.
2695 5380 2706 5389 .
2757 5305 2763 5307 ⁷
2879 5305 2897 5311 ⁷
3110 5305 3120 5307 ἡ
3176 5333 3193 5389 ξ
3346 5380 3356 5389 ⁸

1932 5376 2005 5448 (εξ)
2039 5374 2137 5448 liis.
2160 5376 2215 5448 SM.
2244 5374 2424 5431 Germ.
2460 5379 2575 5440 illa,
2601 5380 2800 5434 omissa
2830 5396 2957 5435 voce
2974 5380 3411 5448 concupiscentia.

1930 5444 2008 5515 (7)
2043 5445 2140 5515 Ms.
2167 5446 2348 5502 Carm.
2377 5450 2589 5515 spiritu.

1929 5514 2005 5586 (8)
2039 5514 2227 5586 Lamb.
2262 5514 2566 5586 pollutione.

1934 5584 2007 5651 (9)
2043 5584 2230 5640 Lamb.
2263 5584 2316 5641 et
2345 5586 2525 5643 Carm.
2565 5588 2849 5644 conviolari
2877 5605 3025 5645 sa‘t'e.

1932 5653 2043 5724 (l0)
2080 5654 2268 5733 Lamb.
2303 5659 2509 5712 sanari!
2540 5660 2714 5712 omnia
2741 5677 2857 5729 (μίαν
2888 5670 3007 5713 ante
3036 5672 3182 5733 gesta
3212 5662 3409 5715 suntin

1856 5725 2010 5778 domo
2042 5735 2132 5778 tua
2162 5727 2321 5780 mala.
