4040 6322
660 289 764 349 895
2077 292 2137 347 S.
2177 291 2255 348 illi

2227 285 2442 374 arma;
3739 304 3820 361 :95

659 419 781 475 qua:
813 411 938 460 ante
960 414 1107 476 gesta
1130 403 1423 462 suntmala
1447 405 1502 460 in
1535 405 1698 463 domo
1723 415 1811 462 tua
1839 406 1974 476 (11).
2005 403 2234 480 Propter
2259 406 2478 462 illorum
2505 404 2652 460 enim
2678 414 2896 474 peccata
2921 412 2978 460 et
3015 404 3350 475 iniquitates,
3376 421 3712 481 consumptus
3731 418 3820 485 (ιε)

659 509 718 549 es
745 509 778 554 a
809 495 1165 554 saecularibus
1200 502 1454 572 negotiis.
1483 501 1602 556 Jam
1634 502 1781 558 enim
1814 501 2190 558 misericordia
2226 501 2318 557 Dei
2353 503 2573 556 miserta
2608 510 2692 556 est
2731 502 2808 554 tui
2835 511 2889 556 et
2914 501 3110 558 domus
3146 511 3272 565 tuas.
3307 511 3820 584 et:couservavit(|3)

662 595 712 642 te
748 589 800 642 in
836 589 1027 659 gloria.
1064 589 1143 644 Tu
1183 601 1390 649 tantum
1432 595 1543 648 noli
1572 596 1797 662 vagari;
1833 595 1924 650 sed
1961 595 2301 664 animaequus
2333 603 2472 659 esto,
2508 601 2561 647 et
2595 592 2845 648 conferta
2878 593 3102 648 domum
3139 601 3306 648 tuam.
3335 593 3611 666 Tanquam
3642 604 3824 661 aerarius

656 681 970 750 producens
993 700 1131 754 opus
1165 702 1348 752 suum,
1385 691 1609 758 exponit
1648 689 1761 758 (Η)
1794 689 1844 743 ei
1881 689 1968 744 cui
2014 688 2237 744 vult“:
2288 688 2369 743 sic
2395 696 2450 743 et
2496 696 2552 742 tu
2583 688 2808 742 verbum
2837 688 3216 758 quotidianum
3243 693 3452 762 justum
3481 696 3592 762 (15)
3629 699 3822 770 docens,

653 773 949 863 abscindes
999 777 1201 845 grande
1234 789 1538 846 peccatum.
1575 778 1652 833 Ne
1695 781 1807 849 (16)
1853 781 2072 835 desinas
2108 794 2240 850 ergo
2284 795 2636 834 commonere
2690 789 2847 834 natos
2891 789 3057 847 tuos;
3093 783 3197 838 scit
3244 786 3386 840 enim
3440 786 3687 846 Dominus
3715 797 3824 863 quod

660 862 1037 928 pmnitentiam
1081 875 1243 934 agent
1275 882 1339 920 ex
1379 877 1492 922 toto
1525 869 1689 924 corde
1730 884 1866 936 suo;
1896 881 1948 926 et
1987 871 2189 926 scribet
2221 878 2276 924 te
2302 869 2415 941 (17)
2451 870 2505 924 in
2538 869 2680 924 libro
2713 871 2857 925 vitai.
2893 869 3144 940 Cumque
3186 872 3394 930 tinisset
3437 878 3600 932 verba
3633 862 3746 949 haec,
3773 886 3828 941 ait

663 951 793 1043 mihi
823 971 836 1005 :
869 951 965 1008 Vis
1002 954 1191 1010 audire
1224 971 1310 1011 me
1338 957 1646 1028 legentem?
1678 959 1809 1015 Dico
1836 961 1885 1015 ei
1919 960 2070 1043 (i8):
2106 959 2356 1026 Domina,
2385 959 2530 1014 volo.
2562 959 2692 1014 Esto
2727 975 2856 1030 ergo
2887 959 3123 1024 auditor.
3162 959 3227 1016 Et
3261 967 3512 1023 revoluto
3544 968 3696 1037 libro,
3722 974 3829 1043 lege-

659 1041 753 1095 bat
779 1043 1038 1112 gloriose;
1070 1048 1356 1116 magniﬁce
1405 1057 1460 1102 et
1491 1048 1738 1110 mirilice,
1765 1064 1887 1118 qua:
1914 1039 2170 1116 (19)-ιιοιι
2198 1057 2440 1118 poteram
2469 1048 2524 1102 in
2558 1050 2819 1104 memoria
2859 1050 3111 1105 retinere.
3139 1047 3308 1108 Erant
3340 1057 3488 1110 enim
3531 1060 3680 1114 verba
3706 1039 3827 1118 terri-

662 1131 784 1197 ﬁca,
810 1148 935 1202 quae
982 1149 1088 1187 non
1116 1146 1326 1203 poterat
1350 1137 1512 1192 homo
1546 1138 1838 1192 sustinere.
1867 1136 2174 1192 Novissima
2201 1147 2381 1194 tamen
2410 1140 2572 1192 verba
2601 1140 2880 1194 memoriae
2920 1141 3175 1198 mandavi
3199 1159 3214 1208 ;
3243 1152 3400 1198 erant
3431 1147 3576 1201 enim
3623 1164 3767 1217 pauca
3792 1165 3829 1206 et

663 1227 815 1281 utilia
852 1227 1028 1282 nobis.
1065 1225 1205 1282 Ecce
1241 1227 1380 1284 Deus
1411 1231 1697 1296 virtutum,
1722 1231 1813 1300 qui
1849 1230 2109 1286 invisibili
2138 1229 2356 1295 virtute,
2387 1239 2442 1284 et
2466 1246 2662 1300 magno
2693 1245 2853 1284 sensu
2891 1246 2992 1286 suo
3019 1233 3262 1288 condidit
3296 1236 3584 1302 mundum,
3613 1247 3663 1292 et
3699 1240 3829 1295 hono-

662 1319 814 1372 riﬁco
841 1319 1068 1375 consilio
1094 1318 1450 1376 circumdedit
1472 1322 1720 1377 decorem
1752 1330 2015 1376 creatura:
2047 1336 2179 1384 suae,
2209 1329 2263 1374 et
2289 1318 2587 1376 fortissimo
2612 1321 2725 1390 (20)
2753 1336 2853 1376 suo
2877 1321 3042 1375 verbo
3063 1323 3285 1378 conﬁxit
3311 1325 3538 1392 caelum,
3562 1337 3614 1381 et
3638 1327 3829 1384 fundarit

663 1422 862 1468 terram
900 1431 1062 1484 super
1095 1432 1266 1487 aquas
1289 1416 1357 1480 “,
1385 1426 1439 1472 et
1465 1417 1662 1472 virtute
1694 1433 1792 1472 sua
1842 1417 2046 1486 potenti
2095 1415 2338 1472 condidit
2383 1425 2626 1471 sanctam
2655 1415 2949 1476 Ecclesiam
2977 1433 3156 1483 suam,
3195 1437 3359 1492 quam
3409 1423 3701 1490 benedixit;
3741 1442 3831 1483 ecce

665 1511 952 1566 transferet
981 1515 1149 1569 cmlos
1182 1531 1247 1568 ac
1273 1507 1502 1581 montes,
1533 1516 1698 1571 colles
1733 1531 1797 1569 ac
1819 1514 1991 1569 maria
2017 1533 2031 1581 ;
2066 1522 2117 1569 et
2140 1511 2323 1568 omnia
2349 1512 2506 1583 plana
2535 1511 2646 1581 (21)
2673 1511 2803 1568 tient
2849 1511 3037 1568 electis
3069 1513 3210 1584 ejus,
3247 1523 3309 1567 ut
3337 1514 3530 1569 reddat
3564 1516 3663 1571 illis
3688 1534 3830 1588 repro-

664 1601 980 1656 missionem
1003 1619 1166 1672 quam
1195 1606 1501 1674 repromisit
1519 1619 1642 1659 cum
1673 1606 1839 1659 mutto
1869 1606 2074 1659 honore
2093 1611 2146 1658 et
2167 1601 2384 1671 gaudio,
2416 1603 2461 1657 si
2492 1602 2826 1657 servaverint
2847 1601 2958 1674 (22)
2977 1603 3212 1674 legitima
3251 1603 3369 1674 Dei,
3410 1620 3534 1675 quae
3566 1619 3832 1677 acceperunt

665 1694 719 1748 in
759 1711 951 1767 magna
988 1698 1111 1753 (ide.

2097 1791 2326 1848 CAPUT
2365 1790 2456 1846 Ν.

739 1884 988 1955 Cumque
1039 1896 1478 1943 consummasset
1521 1887 1768 1956 legendo,
1795 1885 2124 1942 exsurrexit
2151 1886 2217 1941 de
2253 1885 2550 1942 cathedra:
2595 1895 2650 1941 et
2681 1896 2947 1942 venerunt
2976 1899 3212 1957 quatuor
3257 1890 3515 1961 juvenes.
3564 1904 3616 1948 et
3649 1894 3832 1950 tulemul

656 1979 977 2034 cathedram
1017 1982 1082 2034 ad
1131 1982 1417 2037 orientem.
1456 1981 1522 2036 Et
1557 1983 1769 2036 vocavit
1814 1997 1901 2036 me
1947 1981 2013 2036 ad
2045 1996 2122 2047 se,
2153 1991 2206 2037 et
2240 1981 2410 2052 tetigit
2441 1995 2628 2050 pectus
2662 1996 2842 2036 meum
2878 1981 3060 2050 aitque
3095 1981 3226 2036 mibi
3276 2001 3290 2037 :
3325 1983 3545 2040 Placuit
3592 1987 3678 2040 tibi
3718 1987 3832 2040 lectio

669 2076 834 2130 mea?
864 2075 993 2132 Dico
1021 2077 1068 2132 ei
1099 2097 1113 2132 :
1147 2077 1398 2144 Domina,
1432 2080 1547 2134 base
1586 2079 1716 2132 mihi
1748 2078 2043 2133 novissima
2073 2079 2284 2148 placent
2312 2095 2326 2144 ;
2356 2077 2536 2148 priora
2567 2086 2746 2137 autem
2787 2093 2928 2133 saeva
2961 2089 3012 2133 et
3036 2078 3170 2134 dura
3197 2090 3343 2137 sunt.
3378 2084 3566 2139 Atilla
3595 2085 3667 2140 ait
3704 2086 3830 2140 mihi:

668 2170 791 2227 [hec
823 2173 1120 2228 novissima
1143 2174 1309 2242 justis
1333 2173 1482 2244 (23);
1512 2175 1693 2244 priora
1729 2185 1909 2228 autem
1945 2172 2150 2242 refugis
2179 2181 2234 2227 et
2260 2172 2514 2226 ethnicis.
2543 2171 2608 2226 Et
2637 2187 2760 2226 cum
2785 2173 3097 2242 loqueretur
3130 2188 3368 2238 mecum,
3401 2175 3739 2246 dno-quidam
3762 2177 3832 2230 viri

663 2279 1065 2335 apparuerunt;
1103 2276 1158 2321 et
1210 2265 1547 2321 sustulerunt
1605 2261 1749 2314 illam
1799 2259 2042 2314 humeris
2087 2258 2199 2328 (24)
2224 2299 2238 2324 ,
2270 2267 2325 2313 et
2354 2259 2626 2325 abierunt,
2661 2259 2751 2312 ubi
2788 2269 2843 2314 et
2895 2261 3152 2317 cathedra
3181 2273 3332 2331 erat,
3372 2266 3447 2320 ad
3480 2267 3745 2322 orientem.
3769 2264 3833 2319 Hi-

659 2361 797 2416 laris
829 2371 1007 2418 autem
1033 2361 1305 2419 discessit.
1340 2359 1407 2414 Et
1439 2373 1561 2413 cum
1591 2357 1786 2424 abiret,
1816 2356 1892 2410 ait
1920 2354 2052 2409 mihi
2079 2373 2092 2409 :
2127 2352 2475 2420 Coniertare,
2507 2353 2724 2408 Herma.

2123 2503 2340 2566 VISIO
2389 2505 2469 2565 II.

671 2607 935 2667 Rursum
986 2608 1058 2670 de
1111 2609 1453 2689 negligenti
1503 2611 1730 2670 uxoris
1791 2607 2074 2688 loquacis
2140 2617 2194 2670 et
2249 2607 2528 2750 ﬁgiorum
2602 2604 3086 2670 libidinosorum
3155 2605 3590 2684 castigatione,
3641 2611 3688 2660 et
3740 2612 3833 2678 ejus

2120 2705 2280 2748 mort
2325 2706 2422 2748 us.

2120 2705 2422 2748 πιοτιουε.

2001 2810 2230 2866 CAPUT
2270 2810 2562 2867 PRIMUM.

735 2900 869 2954 Cum
896 2917 1022 2955 vero
1051 2902 1421 2972 proficiscerer
1443 2920 1566 2960 cum
1591 2903 1674 2959 his
1701 2903 1810 2973 (25)
1835 2903 1975 2960 circa
2001 2905 2130 2959 illud
2160 2915 2372 2976 tempus
2401 2921 2512 2975 quo
2532 2914 2585 2961 et
2615 2919 2759 2960 anno
2782 2905 2980 2975 priore,
3000 2901 3286 2957 ambulans
3303 2898 3418 2968 (26)
3435 2900 3836 2954 commemoratus

661 3009 785 3047 sum
817 2995 944 3048 anni
978 2997 1176 3064 prioris
1207 2990 1493 3050 visionem.
1524 2995 1870 3065 Rursumque
1913 3013 2002 3051 me
2029 2997 2255 3053 abstulit
2298 2998 2555 3068 spiritus,
2585 3008 2640 3053 et
2678 2999 2832 3054 duxit
2856 2999 2965 3064 (27)
3007 3013 3091 3051 me
3127 2997 3180 3050 in
3227 2991 3485 3050 eumdem
3533 2989 3727 3050 locum,
3759 2997 3836 3052 quo

668 3077 812 3144 anno
837 3091 1031 3158 primo.
1056 3091 1302 3161 Cumque
1329 3093 1599 3148 venissem
1627 3091 1690 3146 ad
1721 3092 1870 3145 illum
1903 3092 2107 3158 locum,
2133 3093 2329 3163 positis
2355 3093 2587 3165 genibus
2621 3094 2760 3163 ccepi
2785 3106 2947 3146 orare
2971 3090 3285 3157 Dominum,
3309 3099 3361 3144 et
3385 3085 3738 3142 bonorilicare
3755 3077 3834 3147 (εδ)

667 3197 864 3234 nomen
893 3182 1033 3250 ejus,
1068 3183 1211 3250 quod
1248 3183 1466 3252 dignum
1499 3198 1584 3237 me
1611 3183 1907 3239 arbitratus
1940 3184 2033 3252 sit,
2059 3195 2112 3239 et
2138 3184 2571 3240 manifestaverit
2593 3185 2725 3238 mihi
2751 3195 2987 3260 peccata‘
3007 3182 3253 3251 pristina.
3286 3180 3349 3234 Et
3374 3195 3504 3234 cum
3533 3171 3834 3232 surrexissent

670 3274 739 3327 ab
770 3275 1034 3339 oratione,
1067 3274 1222 3328 video
1246 3274 1356 3341 (29)
1392 3282 1579 3327 contra
1617 3289 1702 3332 me
1729 3288 1890 3326 anum
1925 3273 2072 3328 illam
2097 3289 2259 3342 quam
2287 3283 2339 3328 et
2363 3289 2506 3328 anno
2534 3274 2816 3344 superiore
2841 3274 3107 3338 videram,
3144 3271 3516 3327 ambulantem
3549 3276 3603 3321 et
3623 3265 3834 3334 legentem

667 3367 909 3422 libellum
952 3370 1209 3438 aliquem.
1240 3368 1303 3422 Et
1333 3369 1409 3421 ait
1445 3369 1576 3422 mihi
1607 3387 1619 3422 ε
1653 3366 1811 3422 Potes
1842 3368 1953 3424 lucc
1999 3370 2186 3424 electis
2221 3369 2313 3424 Dei
2365 3372 2727 3426 renuntiare?
2775 3369 2906 3424 Dico
2934 3371 2984 3425 ei
3014 3390 3026 3423 :
3063 3367 3318 3428 Domina,
3353 3371 3505 3416 tanta
3543 3361 3594 3414 in
3629 3350 3835 3410 memoria

669 3466 904 3518 retinere
931 3480 1038 3518 non
1084 3481 1304 3534 possum
1332 3481 1345 3530 ;
1377 3464 1444 3518 da
1477 3472 1656 3518 autem
1700 3464 1833 3518 mihi
1870 3464 2112 3522 libellum
2139 3506 2153 3527 ,
2185 3474 2238 3519 et
2271 3464 2602 3521 describam.
2636 3467 2836 3535 Accipe
2857 3505 2872 3528 ,
2910 3466 3121 3532 inquit,
3153 3471 3207 3516 et
3239 3458 3503 3514 restituas
3549 3452 3674 3508 mihi
3705 3449 3833 3550 illum.

671 3552 743 3607 Ut
773 3563 950 3606 autem
980 3551 1092 3623 (50)
1119 3552 1327 3619 accepi,
1361 3552 1414 3605 in
1445 3553 1738 3621 quemdam
1767 3553 1945 3607 locum
1978 3554 2093 3624 agri
2142 3554 2398 3609 secedens
2425 3556 2558 3623 (51),
2605 3556 2867 3625 descripsi
2913 3555 3100 3609 omnia
3145 3553 3211 3607 ad
3255 3551 3534 3611 litteram;
3582 3559 3679 3598 non
3725 3551 3835 3593 inre-

669 3646 886 3700 niebam
915 3645 1057 3700 enim
1085 3645 1319 3715 syllabas
1354 3643 1488 3713 (52).
1531 3643 1778 3714 Cumque
1816 3660 2282 3701 consummassem
2317 3647 2644 3716 scripturam
2675 3646 2876 3711 libelli,
2913 3645 3094 3702 subito
3125 3644 3192 3699 de
3221 3658 3384 3697 manu
3436 3655 3560 3694 mea
3594 3644 3758 3706 raptus
3779 3638 3836 3684 es!

663 3738 916 3801 libellus;
941 3754 969 3791 a
999 3753 1107 3806 quo
1137 3749 1315 3792 autem
1371 3755 1478 3792 non
1511 3739 1640 3792 vidi.

731 3864 789 3895 ’⁸³
806 3863 989 3916 Matth.
1023 3879 1139 3928 xm,
1177 3862 1272 3929 52;
1305 3876 1424 3926 xxv,
1458 3860 1554 3926 27;
1584 3860 1713 3916 Luc.
1747 3878 1858 3927 xxx,
1888 3861 1973 3915 15.
2051 3861 2154 3915 “ll
2179 3860 2322 3915 Petr.
2353 3878 2435 3927 ιιι,
2478 3863 2530 3917 5.

1745 3979 1975 4033 VA-“IJE
2018 3978 2397 4034 LECTIO‘NES
2435 3980 2522 4034 ET
2563 3977 2798 4034 ΝΟΤᾺΕ.

747 4065 856 4134 (ll)
895 4067 984 4121 Sic
1015 4081 1144 4138 m_ss7.
1179 4065 1236 4119 S.
1264 4066 1445 4122 Germ.
1482 4076 1535 4122 et
1572 4066 1757 4120 Carm.
1806 4076 1995 4135 prazti-r
2033 4066 2220 4121 Lamb.
2301 4065 2306 4070 ’
2401 4067 2511 4138 (24)
2547 4064 2738 4138 Lamb.
2776 4065 3153 4138 innumerum.
3513 4133 3528 4138 _
3599 4130 3630 4138 _
3712 4127 3724 4138 _
3777 4125 3786 4138 ,

662 4127 918 4195 Ἐιιιιὶ.’ἱιι
946 4148 1010 4190 te.
1041 4135 1218 4189 Fellus
1238 4145 1413 4190 tamen
1441 4138 1519 4192 sic
1546 4152 1689 4206 :qaa:
1717 4127 1834 4190 ante
1867 4146 2076 4204 patrata
2100 4147 2222 4190 sunt
2403 4127 2512 4206 (25)
2545 4137 2738 4198 Quidni
2789 4134 2923 4188 forte
2972 4135 3253 4206 legendum
3305 4148 3460 4206 cum_
3479 4133 3571 4206 cl._
3593 4127 3829 4206 Cotrleriq.

674 4210 812 4263 mala
843 4226 872 4258 (ι
901 4212 1051 4261 domo
1086 4217 1194 4259 tua.
1585 4199 1596 4206 ’
1867 4199 1876 4204 ⁷
2332 4199 2560 4259 cumis?
2601 4206 2744 4260 Infra
2767 4206 2909 4262 enim
2940 4199 3047 4259 vis:
3088 4221 3160 4271 tv,
3189 4220 3308 4274 cap.
3344 4205 3397 4259 1.
3425 4199 3832 4271 Proficisceburin

746 4279 856 4342 (12)
889 4278 960 4332 ita
1007 4292 1137 4330 mss.
1173 4275 1329 4345 Angl.
1372 4277 1513 4346 apud
1556 4275 1761 4330 Fellum
1792 4296 1805 4330 ε
1839 4277 1995 4346 cujus
2045 4284 2223 4331 tamen
2332 4275 2428 4330 illa
2452 4279 2535 4330 via
2559 4278 2849 4346 Campana.

669 4350 840 4403 editio
873 4348 1109 4409 exhibet,
1137 4343 1420 4401 contritus.—
1907 4343 1918 4346 ’
2405 4347 2515 4411 (26)
2548 4347 2646 4402 Ms.
2679 4346 2736 4401 S.
2769 4345 2954 4400 Germ.
2988 4344 3217 4398 videram
3245 4343 3540 4399 ambulans.

746 4420 856 4482 (15')
883 4417 1009 4472 Mss.
1041 4415 1098 4469 S.
1130 4417 1310 4471 Germ.
1334 4427 1385 4470 et
1413 4415 1601 4470 Lamb.
1635 4415 1968 4486 confortavit.
2408 4416 2520 4485 (27)
2556 4415 2742 4470 Lamb.
2774 4413 3103 4486 θάψει-δίο
3126 4424 3180 4470 et
3209 4415 3408 4468 Fellus.
3675 4481 3684 4486 _
3805 4476 3813 4486 ι

747 4481 856 4556 (li)
890 4488 1016 4541 Mss.
1055 4486 1190 4542 Vict.
1239 4501 1290 4542 et
1338 4487 1518 4541 Germ.
1563 4481 1806 4556 obtingit.
1835 4485 2015 4541 Fellus
2043 4495 2226 4541 autem
2401 4481 2514 4556 (28)
2546 4486 2670 4540 Haec
2702 4486 2884 4541 omnia
2906 4525 2922 4546 .
2969 4483 3200 4556 Cumque
3231 4486 3553 4556 venissem...
3584 4492 3630 4556 et
3661 4481 3834 4556 tionon

666 4544 989 4628 ouii7ttit,7ei.
1025 4627 1032 4628 7
1117 4626 1126 4628 7
1308 4627 1324 4628 7
1605 4627 1611 4628 7
1710 4544 1732 4556 ”
2327 4544 2509 4628 βοὰν-ε’
2536 4557 2873 4628 restituimus
3009 4544 3338 4628 ms.'_Garm.
3377 4555 3468 4610 Sic
3491 4564 3550 4608 et~
3593 4544 3833 4628 Fidius?

749 4627 857 4701 (15)
884 4613 1075 4701 Lamb.
1100 4626 1267 4701 jttste.
1294 4627 1778 4701 Carm._optimum.
2327 4613 2474 4681 recte
2504 4627 2744 4701 quidem,
2771 4634 2831 4680 ut
2860 4626 3092 4701 videtur.
3127 4625 3251 4701 Mox
3275 4641 3534 4701 namque
3563 4621 3757 4701 subdit:
3786 4613 3831 4701 Et

749 4698 858 4765 (16)
893 4696 982 4749 Sic
1009 4695 1200 4750 Lamb.
1225 4697 1305 4749 sic
1328 4705 1381 4749 et
1404 4695 1603 4752 Fcllus.
1631 4697 1692 4750 Al
1749 4706 1891 4755 Non.
2329 4713 2448 4751 cum
2475 4695 2818 4750 sorr-exissem
2843 4695 2906 4748 ab
2936 4696 3192 4751 oratione.
3227 4697 3310 4751 Al.
3337 4710 3485 4762 vero,
3514 4708 3646 4748 anno
3669 4695 3830 4760 primo;

747 4768 858 4835 (17)
891 4769 969 4818 An
995 4765 1285 4818 scribentur
1316 4767 1408 4820 in?
2329 4777 2376 4821 et
2409 4767 2768 4835 honoriﬁcavi.

743 4833 853 4902 (18)
882 4837 1064 4890 Carm.
1096 4851 1198 4888 ms.
1225 4845 1272 4888 et
1297 4852 1404 4904 ego.
2403 4838 2516 4902 (29)
2548 4833 2676 4891 Mss.
2703 4837 2886 4892 Carm.
2917 4843 2972 4889 et
3005 4833 3194 4890 Lamb.
3228 4837 3431 4892 audivi.

746 4909 856 4967 (19)
887 4905 1075 4959 Lamb.
1119 4905 1358 4976 ςιᾳνξίιε..
1416 4920 1544 4976 quas
1565 4947 1580 4969 ,
1619 4921 1717 4974 pro
1755 4904 2044 4976 gloriose...
2091 4923 2226 4976 qum.
2403 4907 2515 4976 (50)
2557 4907 2744 4962 Lamb.
2783 4904 2846 4976 Ut
2872 4921 2991 4959 eum
3027 4916 3222 4961 autem.

668 4977 854 5032 iiii-llus
879 4985 1056 5046 autem
1084 4972 1283 5030 omittit
1312 4984 1360 5027 et
1389 4972 1633 5044 miriﬁce,
1665 4972 1805 5045 quod
1833 4977 1979 5030 varia
2014 4972 2112 5046 ipsi
2149 4977 2228 5029 vi-
2405 4972 2516 5040 (51)
2552 4977 2678 5032 Mss.
2717 4976 2772 5030 S.
2806 4975 3014 5039 Germ.,
3039 4976 3245 5040 Carm.,
3279 4986 3333 5031 et
3361 4976 3550 5038 Lamb.
3581 4974 3754 5046 sedetis.

666 5050 864 5110 (deatur
895 5045 1074 5099 lectio.
1380 5112 1391 5115 Α
1514 5043 1530 5115 ξ
1684 5043 1715 5115 ’γ
1773 5114 1778 5115 γ
2034 5043 2045 5046 ⁷

2403 5048 2514 5110 (52)
2540 5049 2788 5102 Clemens
2815 5047 2967 5099 Alex.
3003 5049 3223 5114 Στρωμ.
3267 5049 3360 5102 lib.
3392 5064 3468 5107 vr.
3501 5063 3614 5115 cap.
3645 5043 3719 5115 15.
3739 5051 3825 5106 ιιθιι·

747 5118 857 5186 (20)
882 5116 1132 5186 Quinque
1155 5115 1266 5167 haec
1286 5112 1466 5175 verba,
1486 5113 1893 5170 circumdedit...
1914 5116 2225 5184 fortissimo,
2331 5115 2342 5168 l

2331 5115 2434 5170 806
2457 5159 2469 5176 .
2504 5120 2610 5171 huc
2651 5117 2978 5186 respiciens,
3027 5115 3139 5169 haec
3162 5112 3330 5171 habet
3365 5136 3378 5172 :
3413 5112 3579 5169 Τοῦτό
3619 5114 3668 5186 δὲ
3710 5123 3824 5186 pet;-

667 5177 870 5243 .(lesunt
894 5177 956 5259 _i_n
989 5177 1224 5259 Liilllbin
1354 5253 1382 5259 _
1585 5253 1618 5259 __
1843 5253 1858 5259 _
1914 5177 1924 5184 '
1981 5256 1990 5259 -
2067 5255 2084 5259 -
2213 5177 2220 5180 ⁷

2329 5177 3009 5259 ςίρᾷῲατογπρδςῆρᾴμμά,
3045 5187 3196 5259 φῃσὶ,
3237 5188 3309 5259 μὴ
3344 5188 3600 5259 εὑρίσκων
3618 5177 3824 5245 τὰς’συλ-

749 5259 858 5326 (21)
894 5256 968 5326 lla
1008 5271 1138 5310 mss.
1165 5253 1552 5317 Vicl.,Carm.,
1584 5253 1807 5309 Bodl.et
1842 5253 2032 5310 Lamb.
2066 5255 2143 5308 lla
2177 5265 2231 5309 et
2329 5256 2344 5307 ἲ

2227 5296 2231 5307 .
2329 5253 2495 5317 λάιϐἇς
2525 5253 2767 5309 τελέσαι.
2791 5253 2870 5308 ἸιΙ
2899 5253 2981 5310 est
3010 5273 3022 5308 :
3077 5253 3205 5307 Eum
3239 5253 3422 5310 autem.
3451 5258 3611 5325 inquit
3641 5271 3686 5309 se
3715 5260 3822 5326 tm);

672 5315 858 5387 Folius
881 5324 1045 5391 Editi,
1085 5326 1254 5394 plena.
1316 5315 1321 5317 ’
1444 5392 1464 5394 77
1539 5315 1546 5317 ⁷
1655 5393 1669 5394 7
2331 5315 2598 5389 scripsisse
2637 5329 2705 5379 ad
2736 5327 3000 5394 litteram,
3032 5340 3146 5376 cum
3193 5343 3292 5394 non
3337 5315 3576 5381 inveniret
3621 5315 3821 5394 quomodo

752 5398 861 5466 (22)
889 5385 1208 5452 Μεε.ἐὸ‹1(1.
1246 5395 1406 5458 Vict,
1430 5392 1612 5447 Carm.
1636 5393 1930 5466 Lamina
1966 5406 2098 5458 vet.,
2124 5394 2231 5447 im—
2329 5385 2556 5464 sylinbas
2586 5397 2870 5463 perﬁceret.
2891 5392 2994 5448 Ubi
3023 5403 3176 5447 notat
3201 5393 3282 5450 Cl.
3311 5397 3576 5454 Potterus.
3595 5385 3681 5448 hoc
3704 5385 3821 5466 ηιίξάο

673 5461 882 5536 pressi,
913 5467 1276 5536 repromisit...
1307 5466 1354 5519 si
1392 5464 1724 5536 servaverint.
1778 5463 1982 5536 Frllum
2033 5467 2226 5526 svcuti,
2331 5461 2452 5518 cum
2482 5461 2751 5520 marmoi‘a
2794 5475 2846 5518 et
2885 5479 3171 5536 nummos.
3197 5475 3310 5520 tum
3343 5469 3501 5522 etiam
3531 5467 3680 5521 libros
3705 5461 3819 5536 Yfflﬂ'

675 5515 678 5520 .
719 5484 882 5533 I'CSSI,
913 5484 1276 5536 repromisit...
1307 5484 1352 5519 81
1392 5484 1724 5518 servaverint.
1778 5484 1982 5528 ιιιιιιιιηι
2033 5484 2226 5526 διιοιιιι,
2331 5484 2452 5518 cum
2482 5484 2751 5520 marmora
2794 5484 2846 5518 ει
2885 5484 3171 5526 nummos.
3197 5484 3310 5520 ιυιη
3343 5484 3501 5522 ruam
3535 5484 3680 5521 "DFOS
3707 5484 3815 5506 "'W'

675 5484 819 5590 banc
848 5538 1167 5591 retinuimus
1209 5537 1514 5591 lrctiouem.
1558 5534 1644 5588 Al.
1677 5534 1995 5603 repromisit,
2040 5551 2226 5590 cum...
2330 5537 2600 5590 stissimos
2629 5537 2860 5601 scriptos
2891 5535 3166 5605 conspici.
3203 5547 3457 5605 perpetua
3497 5537 3679 5605 scilicet
3711 5529 3815 5581 11W"

670 5607 872 5684 gaudio
897 5608 1286 5684 servaverint._7
1430 5674 1469 5684 ﬂ
1507 5675 1538 5684 77
1658 5672 1698 5684 ῃ
1852 5674 1863 5684 _
1925 5675 1936 5684 7
2331 5621 2511 5684 rarum
2539 5605 2698 5671 serie,
2723 5599 2867 5684 nulla
2896 5599 3093 5684 vocum
3111 5599 3455 5684 distinctione
3479 5599 3817 5672 {aettulaqu

750 5675 863 5748 (2.5)
895 5677 983 5732 Sir.
1011 5675 1180 5734 Lamb
1232 5675 1321 5734 Sic
1353 5685 1406 5732 ct
1430 5674 1628 5735 Folius.
1658 5672 1820 5740 Edili,
1845 5674 1961 5731 istis
2333 5675 2488 5730 idem-
2507 5683 2793 5731 monuerat
2821 5673 3000 5730 Fellus
3030 5673 3095 5729 ad
3128 5675 3273 5732 hunc
3299 5679 3496 5737 locum.
