4040 6322
1386 282 1682 339 ρΑδτοΒ.
1723 312 1789 322 -
1825 282 1950 338 LIB.
1994 255 2035 345 ἰ,
2079 283 2259 340 VISIO
2299 284 2364 346 II.

1707 399 1935 456 CAPUT
1978 402 2041 456 ll.

321 496 449 552 Post
500 496 808 567 quindecim
855 505 1038 551 autem
1087 496 1203 553 dies
1248 513 1370 552 eum
1419 496 1795 568 jejunassem,
1838 499 2181 568 multumque
2224 513 2504 570 rugassem
2560 496 2849 552 Dominum
2878 537 2893 562 ,
2940 498 3175 551 revelata
3225 504 3310 551 est
3357 497 3493 551 mihi

245 589 480 645 scientia
513 588 816 657 scripturae.
853 587 983 644 Erat
1007 598 1187 645 autem
1227 593 1500 661 scriptura
1530 592 1643 646 bzec
1675 611 1686 646 :
1722 591 1921 646 Semen
1952 602 2142 657 tuum,
2174 592 2369 649 Henna
2390 635 2406 661 ,
2437 594 2665 664 deliquit
2702 592 2754 646 in
2787 590 3077 647 Dominum
3097 633 3113 659 ,
3140 602 3194 647 et
3234 590 3494 663 prodide~

244 690 384 735 runt
404 688 663 749 parentes
690 694 821 735 suos
846 680 899 733 in
933 681 1174 750 nequitia
1208 698 1423 753 magna.
1451 681 1515 735 Et
1543 682 1835 738 audierunt
1864 684 2167 752 proditores
2205 694 2487 755 parentum
2512 728 2527 749 ,
2559 694 2613 739 et
2657 684 2948 754 prodentes
2985 682 3099 753 (55)
3122 682 3491 753 profecerunt.

248 775 359 827 Sed
384 776 546 826 etiam
576 788 721 826 nunc
751 773 1064 842 adjecerunt
1092 775 1329 843 peccatis
1356 774 1608 846 (54)'suis
1635 774 1890 830 libidines
1912 814 1927 840 ,
1960 785 2014 829 et
2045 776 2569 831 commaculationes
2610 776 2900 844 nequitiae,
2934 784 2987 829 et
3016 777 3094 831 sic
3135 776 3496 846 impleverunt

247 868 569 936 iniquitates
592 882 747 921 suas.
776 867 879 922 Sed
913 868 1220 938 impr0pera
1246 870 1410 924 verba
1439 872 1554 925 haec
1581 871 1707 926 liliis
1731 872 1840 926 tuis
1863 871 2205 938 omnibus,et
2229 873 2445 943 conjugi
2474 883 2579 926 tuac
2604 888 2723 941 qua:
2747 872 2927 925 futura
2956 881 3038 926 est
3059 887 3214 927 soror
3235 881 3326 926 tua
3356 866 3490 941 (55).

245 957 315 1013 Et
351 962 466 1029 ipsa
500 961 643 1014 enim
682 960 795 1031 (56)
828 976 1137 1033 compescat
1158 967 1398 1037 linguam
1432 983 1586 1021 suam
1615 1008 1630 1032 ,
1655 968 1709 1021 in
1743 984 1851 1038 qua
1877 968 2208 1038 malignatur
2234 988 2246 1022 :
2274 978 2326 1023 et
2354 967 2696 1039 (57)'auditis
2726 967 2907 1021 verbis
2938 966 3023 1021 bis
3044 1005 3059 1030 ,
3090 965 3389 1020 continebit
3413 981 3493 1031 se,

242 1062 300 1106 ct
346 1062 709 1122 consequetur
742 1054 854 1122 (58)
884 1058 1334 1114 misericordiam.
1379 1058 1673 1115 Erudietur
1709 1061 1891 1127 enim,
1929 1069 2217 1131 postquam
2264 1061 2717 1131 improperaveris
2767 1059 2846 1113 illi
2872 1060 2983 1129 (59)
3018 1060 3133 1114 haec
3154 1060 3342 1124 verba,
3374 1073 3499 1127 qua:

243 1145 526 1199 mandavit
558 1145 646 1199 ille
675 1145 787 1217 (40)
820 1140 1158 1216 Dominator,
1189 1162 1247 1233 ut
1276 1152 1373 1208 tibi
1398 1153 1728 1207 revelentur.
1763 1151 1917 1208 Tunc
1951 1155 2298 1208 remittentur
2329 1154 2438 1208 illis
2468 1161 2690 1222 peccata
2713 1167 2835 1222 qua:
2869 1151 2980 1221 (4i)
3013 1150 3339 1221 jampridem
3366 1166 3496 1220 pec--

241 1248 543 1306 caverunt,
575 1250 627 1295 et
659 1244 914 1299 omnibus
957 1247 1164 1303 sanctis
1187 1248 1281 1318 qui
1312 1256 1674 1318 peccaverunt
1706 1262 1882 1317 usque
1926 1248 1979 1301 in
2022 1248 2346 1302 hodiernum
2389 1249 2531 1302 diem
2556 1288 2571 1312 ,
2600 1247 2645 1302 si
2684 1263 2749 1300 ex
2792 1258 2907 1302 toto
2947 1254 3112 1304 corde
3145 1265 3247 1303 suo
3288 1250 3499 1319 egerint

243 1337 655 1405 paenitentiam,
688 1349 741 1393 et
780 1341 1105 1397 abstulerint
1137 1360 1166 1399 a
1201 1345 1459 1399 cordibus
1484 1344 1599 1399 suis
1630 1345 2021 1401 dubitationes.
2055 1344 2266 1399 Juravit
2300 1346 2446 1400 enim
2486 1344 2805 1399 Dominator
2836 1345 2925 1400 ille
2962 1362 3056 1415 per
3088 1347 3315 1416 gloriam
3341 1360 3500 1399 suam

243 1450 416 1501 super
438 1437 641 1491 electos
682 1451 844 1503 suos,
874 1441 1139 1509 praefinita
1168 1443 1272 1498 ista
1297 1444 1423 1507 die,
1456 1444 1621 1498 etiam
1650 1459 1797 1498 nunc
1831 1444 1877 1497 si
1912 1446 2219 1512 peccaverit
2251 1444 2482 1514 aliquis,
2516 1459 2622 1496 non
2667 1441 2977 1496 habiturum
3018 1444 3169 1497 illum
3203 1442 3315 1510 (49.)
3345 1442 3497 1495 salu~

246 1537 380 1581 ῑειηο
416 1526 767 1590 Ρωηίῐοηιῖὶῐθῖ
790 1529 934 1583 Cllim
966 1534 1241 1603 iustorum
1284 1536 1485 1589 habent
1531 1535 1687 1591 fines.
1723 1534 1849 1603 IIIIpl

1976 1544 2123 1597 sunt
2146 1535 2261 1589 dies
2292 1534 2621 1602 paenitentia:
2665 1535 2920 1589 omnibus
2967 1535 3170 1589 sanctis
3200 1551 3214 1587 :
3249 1532 3503 1603 gentibus

243 1628 433 1672 autem
467 1623 780 1690 pmnitentia
834 1640 1006 1694 usque
1031 1624 1083 1678 in
1112 1626 1415 1679 novissimo
1448 1625 1555 1678 die.
1596 1623 1753 1679 Dices
1782 1639 1913 1694 ergo
1940 1625 2021 1678 eis
2042 1623 2135 1694 qui
2161 1632 2401 1692 praesunt
2430 1623 2712 1686 Ecclesim,
2745 1635 2804 1679 ut
2829 1626 3067 1695 dirigant
3112 1626 3229 1677 vias
3269 1639 3398 1676 suas
3442 1623 3495 1674 in

242 1713 460 1783 justitia
483 1734 497 1781 ;
523 1726 582 1770 ut
606 1718 867 1787 recipiant
897 1720 950 1772 in
983 1720 1140 1787 pleno
1166 1720 1647 1789 repromissionem
1673 1735 1797 1774 cum
1829 1720 1997 1773 multa
2016 1720 2207 1789 gloria.
2236 1718 2554 1773 Permanete
2580 1736 2711 1790 ergo
2740 1723 2831 1791 qui
2865 1722 3165 1791 operamini
3197 1721 3498 1790 justitiam,

245 1818 309 1864 et
337 1811 416 1866 sic
441 1810 630 1878 facite,
664 1822 721 1866 ut
752 1813 821 1867 sit
858 1814 971 1883 (45)
1011 1813 1275 1867 transitus
1313 1821 1490 1867 vester
1516 1828 1641 1867 cum
1676 1814 1881 1867 sanctis
1909 1813 2137 1883 angelis.
2174 1811 2385 1867 Felices
2416 1827 2547 1877 vos,
2591 1814 2906 1883 quicunque
2948 1814 3230 1868 sustinetis
3274 1827 3509 1882 pressu~

247 1922 371 1961 ram
397 1908 866 1979 supervenientem
900 1925 1152 1980 magnam
1171 1952 1185 1976 ,
1217 1918 1271 1964 et
1296 1910 1611 1979 quicunque
1636 1925 1742 1964 non
1767 1911 2045 1981 negaverit
2075 1910 2239 1964 vitam
2273 1925 2449 1965 suam.
2477 1908 2688 1964 Juravit
2717 1909 2862 1965 enim
2897 1909 3163 1964 Dominus
3184 1926 3277 1979 per
3302 1908 3499 1962 Filium

246 2018 451 2057 suum:
484 2002 588 2070 Qui
613 2007 958 2075 denegaverit
992 2005 1193 2060 Filium
1223 2017 1276 2060 et
1304 2021 1400 2067 se.
1444 2004 1778 2074 spondentes
1808 2022 1868 2062 se
1912 2007 2075 2059 vitam
2115 2006 2292 2068 illius,
2328 2014 2384 2060 et
2422 2005 2528 2076 ipsi
2573 2006 2894 2076 denegaturi
2934 2015 3064 2061 sunt
3105 2006 3255 2059 illum
3290 2006 3403 2073 (44)
3445 2005 3501 2059 in

246 2095 667 2238 :dvenientibltlts
700 2096 895 2152 diebus
920 2098 987 2154 ⁸⁵.
1033 2097 1284 2153 li-autem
1307 2139 1322 2164 ,
1356 2098 1449 2167 qui
1476 2113 1759 2168 nunquam
1785 2098 2202 2169 denegaverint,
2240 2100 2313 2153 ob
2342 2099 2568 2152 nimiam
2603 2099 2718 2171 (45)
2756 2097 3190 2154 misericordiam
3233 2096 3504 2166 propitius

273 2195 432 2238 actus
460 2196 541 2238 est
569 2186 585 2238 i
631 2185 699 2238 is.

273 2185 432 2240 actus
460 2196 541 2240 est
569 2185 699 2241 illis.

256 240 361 347 a9'i
1386 282 1682 339 pasron.
1723 312 1789 322 -
1825 282 1950 338 LIB.
1994 255 2035 345 ἰ,
2079 283 2259 340 VISIO
2299 284 2364 346 II.
3278 276 3289 287 "
3393 284 3496 339 sas

1698 2274 1928 2331 CAPUT
1967 2275 2054 2334 ill.

329 2372 411 2428 Tu
456 2381 668 2438 autem,
706 2370 936 2440 Herma,
990 2372 1103 2428 noli
1147 2372 1464 2430 meminisse
1507 2372 1835 2443 injuriarum
1875 2373 1987 2445 (46)
2022 2374 2256 2429 illioram
2294 2383 2549 2442 tuorum,
2582 2377 2677 2431 sed
2718 2393 2818 2435 nec
2848 2392 3093 2436 sororem
3136 2388 3284 2435 tuam
3330 2381 3509 2451 negli-

250 2485 360 2542 gas
389 2470 535 2539 (47);
568 2470 661 2526 sed
690 2485 821 2524 cura
851 2478 912 2523 ut
941 2470 1299 2525 emendentur
1336 2486 1368 2525 a
1416 2470 1662 2540 pristinis
1696 2469 1954 2539 peccatis.
2003 2470 2331 2525 Erudientur
2357 2472 2504 2526 enim
2549 2473 2799 2528 doctrina
2850 2473 2983 2539 ista,
3033 2473 3078 2528 si
3128 2481 3186 2527 tu
3226 2472 3344 2541 jam
3392 2488 3508 2528 non.

250 2565 429 2621 fueris
458 2579 666 2619 memor
688 2563 903 2633 injuriae
928 2561 1040 2633 (48)
1070 2562 1312 2616 illorum.
1350 2560 1611 2617 Memoria
1639 2562 1784 2616 enim
1812 2561 2137 2631 injuriarum
2182 2563 2295 2633 (49)
2322 2571 2551 2619 mortem
2590 2573 2885 2634 operatur;
2912 2565 3119 2620 oblivio
3156 2581 3284 2620 vero
3313 2581 3509 2622 earum

252 2658 372 2729 (50)
404 2660 567 2713 vitam
594 2666 877 2713 :eternam.
911 2655 993 2711 Tu
1026 2667 1206 2712 autem
1227 2699 1242 2722 ,
1270 2655 1503 2723 Herma,
1538 2672 1764 2728 magnas
1799 2657 2178 2714 tribulationcs
2209 2660 2497 2717 saeculares
2528 2660 2872 2727 sustinuisti,
2915 2673 3135 2731 propter
3182 2662 3509 2732 praevarica-

253 2757 438 2811 tiones
461 2756 658 2811 domus
681 2765 822 2822 tua};
850 2753 1109 2824 quoniam
1136 2752 1257 2807 illas
1284 2760 1344 2805 ut
1369 2751 1436 2805 ad
1463 2761 1514 2805 te
1535 2751 1671 2805 nihil
1697 2752 2065 2821 pertinentes,
2103 2754 2419 2824 neglexisti;
2452 2764 2506 2810 et
2530 2756 2584 2809 in
2618 2757 3083 2825 negotiationibus
3106 2758 3215 2813 tuis
3252 2758 3515 2825 malignis.

255 2848 373 2919 (5i)
402 2848 699 2918 implicitus
739 2855 820 2902 es‘.
862 2845 967 2901 Sed
996 2845 1130 2899 illud
1164 2852 1214 2899 te
1240 2844 1452 2900 salvum
1488 2843 1679 2909 faciet,
1712 2843 1860 2913 quod
1894 2859 2003 2900 non
2045 2845 2367 2902 discesseris
2412 2863 2444 2902 a
2487 2846 2597 2902 Deo
2641 2849 2795 2913 vivo;
2826 2856 2879 2902 et
2923 2848 3248 2918 simplicitas
3288 2857 3412 2911 tua,
3451 2857 3511 2904 et

254 2945 555 3014 singularis
581 2944 693 3013 (52)
725 2941 1060 2999 continentia
1084 2940 1293 2994 salvum
1324 2939 1526 2994 facient
1553 2948 1636 3002 te,
1669 2940 1716 2995 si
1752 2941 2141 3008 permanseris.
2179 2940 2243 2996 Et
2281 2958 2475 2998 omnes
2500 2944 2684 2999 salvos
2709 2942 2938 3009 facient,
2965 2944 3277 3015 quicunque
3314 2943 3517 3012 hujus-

254 3041 474 3098 cemodi
514 3047 834 3110 operantur,
873 3045 929 3092 et
973 3036 1356 3106 ingrediuntur
1399 3034 1454 3088 in
1504 3034 1814 3089 innocentia
1851 3041 1907 3090 et
1956 3034 2326 3104 simplicitate.
2361 3035 2427 3091 lli
2471 3037 2565 3107 qui
2610 3036 2926 3105 bujusmodi
2974 3028 3131 3103 sunt,
3177 3037 3509 3091 invalescent

253 3141 527 3196 adversus
571 3152 761 3193 omnes
808 3131 1106 3205 nequitias,
1132 3140 1188 3186 et
1225 3130 1623 3201 permanebunt
1653 3130 1705 3184 in
1739 3131 1905 3185 vitam
1949 3140 2231 3185 aeternam.
2264 3130 2472 3186 Felices
2508 3147 2699 3187 omnes
2740 3133 2835 3202 qui
2866 3140 3162 3201 operantur
3191 3131 3460 3201 justitiam
3490 3150 3503 3185 :

252 3250 369 3291 non
394 3234 751 3288 absumentur
774 3243 947 3299 usque
986 3230 1039 3284 in
1066 3228 1229 3283 vitam
1275 3241 1532 3282 aeternam
1561 3227 1697 3297 (55).
1730 3225 2093 3282 Dices-autem
2126 3226 2306 3282 :Eece
2336 3242 2529 3297 magna
2557 3228 2835 3283 tribulatio
2859 3228 3024 3283 venit.
3057 3226 3115 3282 Si
3140 3226 3236 3283 tibi
3264 3228 3502 3292 videtur,

254 3332 460 3384 iterum
492 3341 649 3397 nega.
680 3323 857 3395 PrOpe
880 3332 966 3379 est
998 3322 1265 3378 Dominus
1287 3321 1733 3379 convertentibus
1756 3362 1771 3386 ,
1810 3321 1954 3377 sicut
1979 3322 2244 3392 scriptum
2269 3330 2355 3377 est
2384 3322 2437 3377 in
2462 3321 2689 3378 Heldam
2714 3334 2768 3379 et
2807 3321 2985 3377 Modal
3016 3320 3153 3391 (54),
3189 3321 3282 3391 qui
3316 3319 3518 3375 vatici—

255 3426 378 3481 nati
406 3432 534 3481 sunt
558 3425 611 3479 in
636 3422 931 3479 solitudine
959 3420 1161 3492 populo
1184 3418 1251 3474 °'.

1704 3512 1939 3569 CAPUT
1978 3514 2071 3570 Π.

336 3617 656 3673 Revelatum
683 3627 864 3671 autem
890 3625 974 3671 est
1001 3614 1134 3669 mihi
1158 3656 1173 3682 ,
1206 3613 1403 3670 fratres
1424 3656 1438 3679 ,
1468 3612 1761 3669 dormienti
1800 3629 1830 3667 a
1858 3613 2056 3681 juvene
2105 3613 2472 3683 specioso,et
2503 3615 2718 3670 dicente
2754 3602 2889 3669 mihi
2916 3630 2931 3667 :
2965 3612 3143 3666 Anum
3177 3611 3321 3665 illam
3342 3624 3377 3663 a
3402 3624 3518 3679 qua-

260 3717 526 3789 accepisti
574 3715 816 3772 libellum
835 3756 852 3781 ,
877 3727 1039 3784 quam
1074 3720 1237 3782 putas
1267 3710 1423 3765 esse?
1448 3709 1513 3763 Et
1540 3724 1641 3779 ego
1666 3707 1778 3763 dixi
1810 3726 1821 3761 :
1855 3705 2115 3779 Sibyllam
2148 3708 2284 3780 (55).
2311 3708 2478 3766 Erras
2505 3751 2520 3778 ,
2566 3709 2770 3780 inquit,
2803 3724 2909 3762 non
2943 3715 3045 3762 est.
3074 3704 3206 3771 Quae
3236 3712 3321 3759 est
3350 3718 3520 3773 ergo,

338 3830 591 3887 “Matth.
623 3846 679 3893 ι,
710 3828 798 3883 55.
873 3825 918 3857 ⁵⁸
942 3824 1219 3893 NumJtI,
1251 3825 1343 3893 26,
1385 3824 1475 3878 27.

1362 3939 1594 3997 VARle
1633 3937 2013 3995 LECTIONES
2044 3938 2133 3993 ET
2173 3935 2405 3992 NOTAE.

340 4043 456 4112 (55)
490 4041 580 4112 Sic
601 4040 783 4095 Fellus
805 4054 878 4112 ex
904 4054 1038 4095 mss.
1066 4038 1256 4095 Lamb.
1287 4046 1341 4092 et
1376 4035 1432 4091 8.
1460 4036 1642 4091 Germ.
1680 4034 1773 4089 Sic
1795 4044 1849 4090 et
1951 4034 2080 4087 Noli
2116 4035 2295 4086 timere
2316 4073 2331 4098 ,
2358 4031 2628 4112 Abraham.
2653 4044 2673 4083 :
2700 4045 2792 4112 ego
2824 4032 3083 4112 protector
3115 4033 3252 4102 tuus.
3276 4036 3430 4112 stémL,
3461 4029 3518 4072 et

262 4089 455 4171 Carm:
490 4111 652 4177 Editi,
678 4110 977 4179 prudentes.
1113 4089 1256 4095 mn"
1295 4089 1338 4092 Π
1391 4089 1429 4091 Γ
1475 4089 1486 4091 ἡ
1517 4089 1528 4090 7
1576 4154 1581 4165 ,
1946 4120 2138 4179 merces
2166 4113 2256 4179 tua
2285 4089 2474 4179 magna
2500 4102 2690 4179 nimis;
2718 4089 2833 4179 tum
2853 4095 2983 4150 illud
3013 4096 3064 4146 in
3095 4090 3286 4162 primis
3314 4089 3519 4171 Ephes-

488 4162 890 4236 bis.V—S'.'Germ.
912 4162 1130 4246 peccata
1154 4179 1398 4248 peccatis.
1578 4162 1581 4165 I
1946 4191 2006 4238 II,
2038 4173 2132 4248 4_3_
2157 4162 2614 4248 Propter-nimiam
2639 4169 2950 4223 charitatem
2981 4180 3167 4225 suam,
3195 4178 3299 4231 qua
3329 4162 3519 4213 dilexit

368 4242 458 4320 55)
504 4253 709 4309 Videsis
732 4253 786 4306 h.
814 4242 1300 4306 l.cl.(lotelerium.
1325 4249 1457 4303 llinc
1482 4249 1835 4302 συνείσακτοι.

1953 4261 2038 4298 nos
2054 4242 2286 4320 _(Al_)e_u_s).

262 4298 370 4381 liis
396 4298 634 4379 consona
670 4340 793 4377 mox
823 4320 963 4376 infra
993 4322 1249 4391 reperies,
1273 4298 1731 4390 capitisveqie't’lib.
1750 4298 1839 4382 In,
1972 4383 1983 4391 _
2020 4298 2132 4381 (iii)
2174 4298 2273 4368 iis.
2304 4312 2487 4391 Garm.
2519 4306 3002 4391 malnrnmz‘S‘iCﬁi
3034 4300 3235 4391 Fellus:
3272 4298 3478 4391 laneam
3498 4328 3521 4338 ο-

1953 4369 2073 4437 dein
2112 4369 2465 4442 sententiam,
2498 4390 2750 4432 muncnle
2790 4376 3037 4430 Fabricio
3060 4414 3074 4436 ,
3111 4369 3521 4425 auelor'l‘esta-

1956 4456 2113 4506 menti
2163 4461 2237 4501 XII
2292 4453 2581 4516 patriarclt.
2615 4450 2666 4501 in
2699 4448 2923 4500 Trstmn.
2965 4443 3223 4516 Zalntlon.
3249 4451 3383 4516 secl.
3414 4454 3518 4516 \'II_,

1946 4538 2068 4590 cap.
2118 4522 2152 4576 8
2215 4541 2227 4575 ε
2285 4508 2376 4591 Μὴ
2440 4518 2993 4591 λογίζεσοεγέκασῖος
3036 4514 3132 4585 τὴν
3178 4511 3372 4591 κακίαν
3420 4508 3517 4591 rei}

1948 4579 2175 4662 ἀδὲλφοῦ
2210 4579 2376 4644 aii-.07.;
2423 4579 2956 4643 Ne'unimadtertatit
2990 4579 3340 4652 unusquisque
3362 4579 3518 4633 ntali-

1948 4674 2074 4715 ltam
2108 4664 2289 4730 fratris
2317 4663 2422 4714 sui.

2019 4732 2131 4800 (47)
2167 4731 2356 4800 Lamb.
2378 4732 2519 4800 sinas

268 4396 440 4453 simil.
469 4410 542 4464 ut,
570 4410 690 4464 cap.
719 4394 804 4448 ii.

345 4466 461 4531 (56)
494 4463 681 4518 Lamb.
711 4465 884 4518 etiam.

342 4536 462 4606 (57)
490 4534 616 4606 Mss.
653 4535 710 4589 S.
742 4534 924 4606 Germ.
949 4542 1003 4587 et
1027 4532 1210 4587 Carm.
1230 4533 1359 4588 sed.

346 4603 465 4674 (58)
499 4603 683 4658 Lamb.
718 4604 940 4657 habebit.

348 4676 465 4744 (59)
496 4674 596 4730 Ms.
633 4674 689 4729 8.
723 4674 856 4729 Vict.
887 4674 1296 4727 Erndientur....
1331 4674 1458 4728 illis.

349 4741 468 4810 (40)
503 4744 592 4800 Sic
635 4762 767 4801 mss.
793 4745 951 4814 Angl.
984 4744 1132 4799 Fello
1171 4754 1351 4797 tamen
1396 4743 1567 4809 magis
1603 4741 1842 4811 placuit,

272 4818 379 4871 illi.
421 4816 544 4869 Mox
576 4832 676 4871 ms.
711 4816 767 4870 S.
801 4815 983 4869 Germ.
1009 4825 1062 4869 ut
1101 4815 1405 4879 revelantur,
1436 4815 1637 4883 absque
1661 4816 1772 4869 tibi.

376 4888 465 4954 4|)
495 4886 682 4940 Lamb.
712 4889 821 4953 qui.

376 4957 467 5024 42)
500 4956 601 5012 Ms.
629 4954 686 5009 S.
723 4955 864 5009 Vict.
894 4955 1062 5011 illam.

352 5024 467 5097 (45)
497 5026 626 5097 Mss.
660 5025 798 5081 Vict.
820 5035 883 5097 et
904 5024 1085 5097 Germ.
1113 5025 1229 5097 fiat.
1256 5094 1266 5097 Α
1350 5068 1359 5073 ,

354 5092 469 5168 (44)
505 5096 681 5168 Fellus
712 5113 773 5150 ex
820 5095 969 5150 Bodl.
1019 5105 1092 5168 eL
1113 5092 1307 5149 Lamb.
1356 5093 1436 5147 sic
1481 5092 1556 5168 in
1582 5108 1679 5147 sua
1716 5092 1847 5168 edit.

279 5163 464 5224 om;
515 5166 617 5232 Qui
661 5168 984 5235 denegaverit
1046 5164 1245 5217 Filium
1295 5174 1343 5217 et
1389 5180 1478 5225 se,
1508 5163 1847 5235 (desponderi:

283 5245 443 5294 vitam
483 5238 663 5299 illius,
716 5232 927 5299 et'ipse
976 5237 1327 5303 denegaturus
1375 5247 1449 5287 est
1501 5232 1671 5303 illmn.
1720 5232 1851 5298 Quae

283 5310 449 5363 lectio
482 5311 618 5362 male
658 5307 900 5361 redditur
936 5306 988 5359 in
1018 5300 1168 5359 editt.
1194 5304 1389 5359 Clerici
1419 5312 1471 5358 ct
1501 5300 1757 5356 Russelii.
1785 5304 1851 5354 At

286 5398 393 5436 nis.
412 5377 713 5443 Garm.Qui
744 5378 1098 5444 denegaverint
1125 5374 1324 5428 Filium
1350 5391 1505 5443 seque
1522 5373 1847 5432 desponden-

286 5462 365 5505 tes
407 5454 563 5503 vitam
596 5464 777 5505 suum,
823 5448 911 5517 qui
956 5462 1094 5499 nunc
1128 5446 1435 5517 denegatnri
1486 5453 1605 5495 sunt
1632 5444 1705 5506 in,
1746 5451 1851 5498 etc.

286 5520 428 5575 Huic
470 5521 589 5572 loco
630 5515 931 5587 congruunt
971 5532 1091 5587 qua:
1145 5516 1281 5569 infra
1329 5515 1616 5575 habentur,
1648 5515 1738 5566 lib.
1772 5528 1852 5577 III,

286 5592 455 5646 sunil.
492 5607 538 5643 με
561 5632 574 5651 ,
606 5606 723 5656 cap.
752 5588 841 5641 :28.

362 5662 476 5728 (45)
514 5658 571 5714 Si
606 5651 809 5712 Folium
840 5657 1056 5718 audias,
1089 5657 1303 5709 nimiam
1346 5655 1483 5728 idem
1511 5654 1669 5728 _valet
1708 5651 1853 5728 quod

286 5722 569 5785 “numam.
600 5728 734 5783 llIuc
778 5730 892 5783 loco
918 5735 1179 5782 consonat
1206 5742 1327 5779 eum
1371 5727 1473 5778 hoc
1501 5724 1634 5778 Gen.
1673 5739 1759 5785 xv,
1800 5722 1850 5773 1.

2045 4793 2133 4867 48)
2172 4800 2301 4855 Mss.
2338 4799 2395 4854 S.
2429 4798 2823 4867 Germ.,Carm.
2849 4805 2901 4850 et
2930 4793 3121 4848 Lamb.
3152 4794 3392 4847 malitia.
3426 4793 3519 4846 Sic

1936 4879 2002 4926 Aet
2028 4874 2228 4926 Fellus.

2022 4943 2133 5010 (49)
2165 4942 2327 4994 Iidem
2353 4956 2476 4994 cum
2505 4939 2650 4993 Fello
2670 4982 2684 5002 ,
2713 4938 2988 5010 malorum.

2023 5008 2136 5079 (50)
2169 5011 2331 5064 liIlcnI
2354 5051 2368 5074 ,
2399 5012 2676 5063 malorum.
2707 5008 2886 5063 Fellus
2907 5048 2921 5072 ,
2946 5022 3147 5060 eorum.

2023 5084 2136 5151 (5i)
2169 5081 2271 5136 llis.
2304 5083 2360 5134 S.
2389 5080 2571 5134 Germ.
2604 5096 2824 5151 magnis.

2024 5145 2135 5221 (5‘2)
2175 5151 2362 5205 Lamb.
2395 5165 2555 5221 quem
2593 5145 2840 5219 sI-qititur
2875 5147 3079 5221 Fellus,
3102 5145 3283 5221 nimia.

2023 5210 2136 5295 (55)
2166 5222 2267 5276 Ms.
2297 5223 2353 5274 8.
2385 5210 2568 5274 Germ.
2606 5224 2657 5271 in
2671 5210 2958 5273 'wtemum.
2985 5215 3127 5270 Edit.
3159 5214 3335 5267 Oxon.
3362 5210 3519 5262 absu-

1954 5312 2077 5349 mun
2104 5310 2166 5346 ιιι·
2191 5311 2243 5346 ιη
2273 5307 2545 5344 wternnm.

2028 5365 2139 5433 (54)
2178 5365 2363 5416 Lam».
2403 5360 2577 5412 llotda
2623 5369 2668 5433 et
2708 5358 2881 5433 Meda.
2914 5354 3241 5433 Siveﬁpotius
3271 5350 3444 5433 Ειιιαςι
3472 5361 3519 5433 et

1958 5421 2179 5497 Μὸιιαὲι,
2207 5444 2262 5486 ut
2291 5432 2508 5484 exhibet
2541 5431 2708 5484 codex
2740 5428 2986 5482 bibliotli.
3024 5421 3249 5497 Coislin.
3285 5421 3426 5490 apud
3449 5421 3519 5474 cl.

1956 5496 2418 5561 Montfauconium
2448 5516 2566 5569 pag.
2602 5500 2721 5562 194,
2754 5499 2840 5551 ubi
2871 5499 2923 5551 in
2956 5496 3277 5569 recensioILe
3301 5506 3525 5569 appar-

1958 5578 2189 5645 phorum
2218 5575 2331 5628 Vel.
2370 5561 2811 5625 TeS‘thibroruni
2843 5567 3081 5622 occurrit
3098 5572 3171 5630 ς’,
3205 5561 3391 5617 Ἐλδὰδ
3421 5562 3518 5614 καὶ

1958 5645 2137 5700 Μοδάδ

2033 5717 2147 5787 (55)
2197 5713 2356 5767 Putat
2407 5714 2475 5768 el.
2523 5709 2853 5768 Coteierius.
2905 5707 2959 5763 in
3013 5705 3202 5763 Graeco
3254 5703 3525 5761 exstitisse
