4040 6322
669 227 774 283 899
2118 224 2175 280 s.
2222 225 2484 281 nentur.
3729 243 3803 298 900

669 348 929 404 domine?
958 347 1024 403 Et
1053 348 1185 403 dixit
1215 348 1345 401 miLi
1374 367 1387 403 :
1418 347 1659 406 Ecclesia
1693 350 1784 406 Dei
1810 360 1911 405 est.
1944 349 2003 404 Et
2029 350 2140 404 dixi
2175 350 2243 404 ad
2286 351 2436 404 illum
2468 368 2479 404 :
2511 349 2691 416 Quare
2724 366 2856 421 ergo
2886 366 3028 406 anus
3058 354 3177 406 est?
3213 348 3470 417 Quoniam
3496 389 3511 417 ,
3538 351 3805 423 iDQUll.0lu.

668 437 819 494 nium
849 440 1021 509 prima
1063 448 1245 494 creata
1277 447 1379 505 est,
1408 440 1528 495 ideo
1557 457 1732 507 anus;
1757 450 1812 496 et
1855 451 2075 511 propter
2106 441 2251 495 iliam
2284 442 2520 497 mundus
2551 441 2727 498 factus
2753 453 2859 498 est.
2887 443 3020 499 Post
3048 444 3165 500 haec
3194 452 3371 499 autem
3401 446 3632 500 visionem
3658 448 3740 503 vidi
3769 454 3807 508 in

676 538 844 593 domo
877 553 1026 604 mea;
1060 546 1115 592 et
1142 537 1290 591 venit
1316 537 1406 590 illa
1438 549 1599 600 anus,
1629 542 1678 587 et
1712 533 2061 602 interrogavit
2086 548 2192 598 me,
2222 532 2266 585 si
2287 533 2399 602 jam
2434 533 2674 587 libellum
2708 533 2823 603 (56)
2850 533 3121 588 dedissem
3148 533 3483 588 senioribus?
3505 532 3564 586 Et
3586 541 3808 607 respondi:

664 629 863 687 Adhuc
894 647 1023 687 non.
1057 631 1127 685 At
1154 632 1244 686 illa
1275 630 1414 687 dixit
1447 648 1459 683 :
1488 628 1630 683 Bene
1666 627 1876 693 fecisti;
1918 627 2091 681 habeo
2122 629 2267 682 enim
2305 629 2554 697 quaedam
2588 628 2755 683 verba
2786 629 3001 683 edicere
3025 630 3145 685 tibi.
3176 630 3313 683 Cum
3341 639 3511 685 autem
3546 648 3811 691 consumun-

664 737 796 777 vero
842 724 1025 777 omnia
1051 724 1215 777 verba
1240 765 1255 787 ,
1282 730 1465 792 aperte
1495 720 1740 774 seientur
1776 719 1845 772 ab
1872 718 2061 773 electis
2090 718 2226 789 (57).
2257 717 2476 773 Ser-ibes
2506 736 2635 789 ergo
2670 720 2810 775 duos
2843 720 3085 784 libellos,
3126 730 3180 775 et
3215 726 3391 776 mittes
3419 738 3571 776 unum
3596 723 3809 795 Clementi,

662 826 716 869 et
746 831 915 869 unmn
948 815 1167 885 Grapta:
1198 814 1335 884 (58).
1371 812 1545 866 Mittet
1575 820 1756 864 autem
1782 810 2033 865 Clemens
2064 810 2118 863 in
2147 818 2363 864 exteras
2393 810 2677 877 civitates;
2714 811 2789 865 illi
2816 811 2961 865 enim
2987 812 3313 881 permissum
3341 822 3457 868 est:
3481 813 3652 883 Grapte
3685 828 3810 874 autem

662 911 1030 965 commonebit
1062 910 1251 965 viduas
1271 919 1325 964 et
1348 908 1645 978 orphanos.
1675 905 1755 959 Tu
1783 916 1965 960 autem
2004 907 2148 975 leges
2175 907 2229 960 in
2264 907 2368 960 hac
2389 906 2609 963 civitate
2638 923 2763 962 cum
2789 909 3099 963 senioribus
3122 909 3216 977 qui
3246 920 3482 979 przesunt
3508 911 3737 970 Ecclesia.

735 1020 850 1075 Ista
879 1024 955 1075 sic
981 1022 1228 1093 leguntur
1250 1026 1390 1093 apud
1416 1024 1728 1097 Origenem,
1752 1022 2062 1078 Philoealiaa
2090 1038 2208 1091 cap.
2238 1024 2290 1088 l,
2322 1038 2387 1077 ea:
2414 1022 2508 1078 lib.
2539 1040 2613 1090 tv,
2640 1042 2757 1095 cap.
2789 1024 2823 1078 2
2841 1067 2855 1092 ,
2890 1024 2963 1080 De
2989 1024 3290 1096 principiis,
3319 1029 3581 1099 interprete
3599 1028 3766 1085 Ruﬁno.

736 1143 800 1197 Et
834 1147 1027 1200 scribes
1056 1147 1187 1200 ducs
1215 1145 1414 1201 libellos
1434 1186 1451 1213 ,
1473 1158 1521 1202 et
1563 1146 1711 1201 dabis
1740 1163 1901 1199 unum
1942 1143 2227 1211 Clementi,

2216 1186 2227 1211 ,
2402 1146 2443 1198 Γ
2447 1146 2637 1217 ράψεις
2667 1148 2759 1201 δύο
2799 1147 2975 1218 βιϐλία
2995 1189 3009 1213 ,
3046 1149 3139 1201 καὶ
3164 1146 3353 1209 δώσεις
3377 1147 3432 1199 ἒν
3466 1146 3703 1218 Κλήμεντι
3722 1188 3733 1209 ,
3754 1151 3811 1202 mi

658 1246 705 1289 et
730 1253 891 1291 unum
917 1238 1147 1306 Grnptw.
1191 1238 1257 1292 Et
1300 1238 1492 1309 Crapte
1532 1240 1737 1306 quidem
1779 1248 2099 1291 commoneat
2151 1239 2231 1291 vi-

2215 1263 2231 1280 -
2331 1238 2389 1291 ἓν
2431 1241 2673 1312 Γραπτῇ.
2712 1242 2817 1293 Καὶ
2852 1242 3073 1313 Γραπτὴ
3110 1241 3205 1312 μὲν
3247 1239 3547 1311 νουθετήσει
3579 1239 3662 1303 τὰς
3698 1244 3810 1311 χήρις

658 1332 791 1384 duas
841 1344 885 1384 et
939 1337 1219 1399 orphanos.
1270 1331 1505 1385 Clemens
1545 1348 1662 1384 vero
1700 1332 1870 1384 mittat
1916 1346 2006 1395 per
2056 1346 2228 1384 omnes

2216 1347 2228 1384 ι
2332 1332 2579 1396 καὶτοὺς
2619 1333 2901 1404 ὀρφανούς.
2940 1332 3169 1403 Κλήμης
3209 1333 3264 1385 δὲ
3312 1333 3508 1403 πέμψει
3544 1334 3613 1395 εἰς
3649 1333 3811 1398 τὰςὲξω

657 1423 889 1476 civitates
913 1441 1031 1492 qua:
1056 1424 1185 1492 foris
1227 1434 1370 1479 sunt.
1399 1422 1475 1476 Tu
1500 1439 1617 1477 vero
1650 1423 1989 1475 annuntiabis
2017 1423 2227 1491 presby-

2216 1451 2227 1462 -
2330 1422 2529 1486 πόλεις.
2591 1425 2661 1477 Σὺ
2712 1423 2769 1476 δὲ
2823 1423 3139 1493 ἀναγγελεῖς
3185 1428 3297 1488 τοῖς
3364 1426 3710 1497 πρετϐυτέροις
3752 1427 3811 1494 τῆς

656 1519 782 1569 teris
808 1515 1078 1572 Ecclel'itt'.

2342 1514 2538 1585 Ἑκκλη
2548 1516 2684 1578 σίας.
3354 1510 3365 1522 ”

2089 1636 2302 1698 VISIO
2344 1638 2456 1698 Ill.

894 1756 981 1815 De
1007 1756 1459 1836 triumphantis
1489 1758 1782 1822 Ecclesiae
1825 1770 2169 1827 structura,
2205 1768 2261 1819 et
2296 1760 2493 1819 variis
2520 1760 2837 1821 hominum
2865 1762 3277 1839 reproborum
3306 1764 3645 1827 ordinibus.

2122 1889 2349 1943 CAPUT
2388 1888 2430 1945 Ι.

724 1979 875 2035 Visio
902 1998 1064 2052 quam
1093 1984 1237 2049 vidi,
1267 1983 1494 2048 fratres,
1528 1986 1669 2039 visio
1691 1985 1814 2040 talis
1840 1994 1975 2039 erat.
2010 1984 2145 2039 Cum
2179 1985 2508 2055 jejunassem
2542 1985 2872 2056 frequenter,
2905 1995 2958 2041 et
2990 1996 3239 2055 precatus
3270 2000 3448 2040 essem
3486 1984 3757 2049 Dominum,
3778 1995 3813 2035 ut

650 2074 785 2127 mihi
815 2075 1127 2128 ostenderet
1166 2056 1548 2130 revelationem
1568 2115 1584 2141 ,
1608 2090 1773 2146 quam
1806 2076 2077 2144 pollicitus
2106 2086 2192 2129 est
2218 2076 2504 2130 ostendere
2532 2092 2626 2145 per
2655 2092 2819 2130 anum
2859 2076 3039 2141 illam;
3063 2077 3252 2131 eadem
3284 2086 3447 2131 nocte
3476 2078 3699 2146 apparuit
3727 2076 3812 2129 mihi

648 2186 790 2223 anus
817 2168 905 2222 illa
931 2210 946 2234 ,
991 2178 1044 2222 et
1072 2168 1208 2223 dixit
1249 2168 1379 2223 mihi
1410 2188 1423 2223 :
1451 2170 1721 2235 Quoniam
1747 2171 1826 2225 sic
1869 2172 2094 2241 langues
2119 2170 2255 2240 (59),
2289 2182 2342 2225 et
2373 2172 2636 2226 sollicitus
2662 2187 2722 2226 es
2759 2171 2825 2225 ad
2862 2172 3141 2226 sciendum
3170 2174 3386 2240 oninia;
3424 2174 3543 2228 Veni
3578 2174 3625 2226 in
3655 2188 3813 2241 agrum,

648 2264 741 2318 ubi
771 2264 883 2327 vis;
913 2272 967 2316 et
992 2262 1134 2317 eirea
1169 2264 1357 2317 horam
1385 2275 1592 2319 sextam
1620 2264 1980 2319 manifestabo
2010 2280 2094 2318 me
2120 2266 2237 2330 tibi,
2262 2275 2313 2319 et
2337 2268 2616 2320 ostendam
2648 2268 2743 2321 tibi
2774 2284 2895 2337 qua:
2920 2276 3167 2336 oporteat
3192 2277 3241 2321 te
3265 2265 3475 2319 videre.
3501 2263 3681 2333 Rogavi
3699 2262 3813 2321 illam.

643 2354 835 2412 dicens
873 2376 885 2411 :
920 2356 1147 2411 Domina
1168 2397 1184 2422 ,
1214 2356 1266 2409 in
1299 2371 1459 2426 quem
1488 2356 1661 2410 locum
1686 2356 1842 2428 agri?
1868 2354 1970 2410 Ubi
1994 2397 2008 2420 ,
2042 2355 2249 2425 inquit,
2276 2356 2358 2410 vis
2381 2398 2395 2422 ,
2417 2357 2552 2426 elige
2589 2359 2764 2411 locum
2799 2359 2997 2411 bonum
3017 2398 3033 2424 ,
3064 2370 3352 2414 secretum.
3380 2360 3667 2430 Antequam
3691 2366 3812 2410 autem

648 2451 795 2521 loqui
826 2450 936 2521 (60)
966 2451 1285 2521 coepissem,
1320 2461 1375 2506 et
1403 2449 1583 2505 dicere
1615 2451 1665 2505 ei
1698 2451 1877 2505 locum
1899 2490 1916 2516 ,
1948 2451 2025 2505 ait
2056 2450 2191 2504 mihi
2221 2471 2232 2505 :
2267 2449 2489 2505 Veniam
2517 2452 2606 2505 ubi
2638 2452 2738 2507 vis.
2767 2451 2865 2505 Fui
2889 2467 3051 2521 ergo,
3083 2454 3309 2518 fratres,
3350 2453 3408 2506 in
3447 2459 3666 2523 agro,et
3690 2449 3815 2504 obsero

645 2547 770 2601 vavi
800 2546 914 2617 (61)
950 2546 1146 2613 horas;
1176 2556 1231 2601 et
1269 2550 1389 2601 veni
1419 2548 1473 2602 in
1508 2548 1685 2603 locum
1714 2548 1804 2601 ubi
1833 2549 2223 2603 constitueram
2264 2548 2312 2602 ei
2346 2550 2550 2603 venire.
2585 2548 2648 2604 Et
2690 2549 2848 2603 video
2875 2550 3193 2603 subsellium
3221 2549 3485 2620 positum.
3512 2548 3629 2602 Erat
3648 2548 3813 2602 cervical

644 2642 846 2697 lineum
877 2642 1025 2713 (62);
1056 2651 1111 2696 et
1140 2658 1303 2712 super
1335 2642 1557 2697 linteum
1587 2659 1887 2714 expansum
1925 2643 2297 2699 earbasinum.
2326 2643 2528 2700 Videns
2560 2646 2672 2699 hinc
2704 2646 2878 2714 posita
2899 2686 2915 2711 ,
2944 2654 2999 2700 et
3032 2647 3302 2700 neminem
3332 2661 3462 2700 esse
3505 2645 3557 2699 in
3594 2644 3722 2708 loco;
3743 2650 3817 2696 stu-

646 2756 776 2810 pere
806 2741 968 2811 ecepi,
999 2750 1053 2796 et
1079 2741 1259 2811 capilli
1301 2742 1405 2795 mei
1428 2750 1855 2796 exsurrexerunt
1878 2738 2012 2811 (63),
2039 2750 2092 2794 et
2121 2741 2276 2810 quasi
2310 2742 2507 2795 horror
2534 2743 2645 2811 (64)
2680 2758 2764 2796 me
2795 2742 3231 2812 comprehendit,
3256 2759 3377 2797 eum
3417 2757 3589 2797 essem
3613 2737 3815 2796 solnst

644 2845 732 2884 me
758 2830 872 2902 (65)
904 2843 1085 2885 autem
1117 2847 1392 2895 reversus,
1415 2839 1468 2884 et
1489 2839 1823 2886 memoratus
1848 2831 2070 2901 gloriam
2098 2832 2209 2903 (66)
2239 2830 2355 2896 Dei,
2387 2842 2442 2886 et
2468 2842 2684 2902 accepta
2709 2833 2958 2898 audacia,
2981 2833 3170 2903 positis
3195 2832 3446 2903 genibus,
3472 2828 3731 2885 conﬁtebar
3749 2824 3818 2878 Deo

643 2920 838 2976 itermn
866 2932 1085 2991 peccata
1128 2938 1248 2992 qua:
1292 2923 1462 2992 prius.
1495 2921 1631 2977 Ecce
1671 2923 1815 2977 venit
1848 2923 1974 2977 illnc
2012 2939 2135 2977 cum
2162 2922 2455 2990 juvenibus
2501 2938 2630 2989 sex,
2664 2938 2805 2993 quos
2842 2932 2895 2977 et
2927 2933 3051 2978 ante
3086 2924 3363 2991 videram;
3394 2934 3451 2978 et
3474 2924 3616 2977 stetit
3642 2931 3740 2991 post
3763 2934 3819 2971 mc

620 3028 893 3075 orantem,
926 3023 980 3070 et
1008 3016 1264 3070 audiebat
1291 3028 1377 3067 me
1409 3020 1656 3066 orantem
1697 3019 1751 3065 et
1777 3010 2123 3067 conﬁtentem
2156 3012 2386 3067 Domino
2414 3022 2635 3083 peccata
2679 3028 2819 3069 mea.
2853 3011 2918 3067 Et
2951 3023 3180 3083 tangens
3206 3028 3314 3080 me,
3344 3013 3489 3069 dixit
3516 3032 3531 3069 :
3566 3012 3730 3067 Desine
3750 3010 3823 3079 jam

555 3114 559 3117 ’
622 3126 723 3180 pro
748 3108 982 3181 peccatis
1008 3109 1115 3163 tuis
1144 3116 1353 3162 tantum
1381 3120 1560 3159 orare.
1594 3103 1700 3158 Ora
1724 3115 1779 3158 et
1808 3120 1906 3174 pro
1930 3104 2163 3174 justitia,
2196 3114 2255 3160 ut
2284 3105 2520 3175 accipias
2554 3115 2760 3175 partem
2789 3122 2854 3160 ex
2883 3121 2946 3161 ea
2970 3105 3039 3160 'in
3073 3106 3235 3162 domo
3267 3119 3380 3162 tua.
3416 3106 3484 3183 Et
3506 3108 3669 3161 erexit
3694 3120 3760 3158 me
3782 3102 3825 3154 de

624 3204 765 3271 loco,
800 3212 855 3259 et
885 3199 1236 3273 apprehendit
1258 3213 1478 3252 manum
1511 3212 1711 3259 meam,
1738 3208 1791 3251 et
1813 3196 2037 3253 adduxit
2067 3197 2179 3268 (67)
2204 3213 2301 3252 'me
2327 3197 2393 3252 ad
2425 3198 2768 3264 subsellium,
2796 3210 2851 3253 et
2884 3200 2960 3253 ait
2994 3198 3418 3267 illisjuvenibus
3452 3220 3466 3255 :
3510 3202 3601 3265 lte,
3634 3207 3682 3254 et
3706 3192 3824 3253 aliti.

622 3304 763 3352 cate.
792 3294 1088 3360 Postquam
1117 3299 1296 3346 autem
1324 3290 1693 3345 discesserunt
1717 3287 1965 3358 juvenes,
1991 3299 2046 3344 et
2076 3304 2176 3344 nos
2213 3288 2313 3343 soli
2344 3288 2545 3344 inimus
2572 3290 2706 3361 (68),
2733 3291 2807 3345 ait
2832 3290 2963 3344 mihi
2995 3286 3008 3345 ὲ
3040 3289 3180 3346 Sede
3215 3292 3320 3346 hic.
3354 3292 3492 3349 Dico
3516 3297 3601 3350 ei:
3636 3293 3822 3349 Domina.

623 3394 743 3451 sine
770 3392 1014 3448 seniores
1054 3398 1180 3444 ante
1223 3388 1427 3443 sedere.
1456 3386 1611 3453 Quod
1642 3386 1737 3440 tibi
1780 3384 1924 3450 dico,
1958 3386 2154 3456 inquit,
2185 3388 2333 3443 sede.
2369 3388 2617 3457 Cumque
2659 3388 2846 3442 vellem
2892 3388 3081 3442 sedere
3108 3388 3175 3442 ad
3212 3388 3497 3444 dexteram
3532 3401 3821 3460 partem,non

625 3493 709 3541 est
745 3499 941 3554 passa;
970 3481 1064 3537 sed
1098 3481 1371 3536 annuebat
1404 3480 1537 3534 mihi
1572 3495 1757 3545 manu,
1793 3487 1852 3533 ut
1875 3478 1940 3532 ad
1970 3480 2245 3536 sinistram
2272 3491 2480 3552 partem
2517 3481 2780 3541 sederem.
2806 3481 3089 3552 Cogitante
3123 3480 3231 3551 (69)
3263 3490 3449 3537 autem
3486 3500 3588 3541 me.
3619 3492 3666 3536 et
3688 3489 3823 3535 masta

624 3576 938 3641 exsistente,
968 3575 1114 3646 quod
1144 3591 1249 3631 non
1278 3574 1406 3630 sivit
1429 3589 1515 3629 me
1544 3574 1611 3629 ad
1636 3573 1913 3630 dexteram
1941 3584 2147 3644 partem
2179 3576 2386 3641 sedere,
2423 3576 2500 3631 ait
2536 3576 2668 3630 mihi
2700 3594 2712 3629 :
2746 3576 2885 3641 Quid
2918 3585 3146 3630 maestus
3176 3591 3235 3631 es
3260 3614 3275 3639 ,
3316 3574 3557 3631 Henna?
3588 3575 3740 3629 Locus
3763 3572 3821 3639 qui

624 3683 707 3728 est
753 3673 819 3727 ad
866 3672 1179 3736 dexteram,
1228 3670 1444 3726 illorum
1479 3678 1564 3724 est
1606 3669 1703 3740 qui
1742 3668 1855 3740 jam
1902 3686 2005 3724 me:
2022 3681 2217 3726 uerunt
2256 3671 2461 3736 Deum,
2509 3681 2563 3727 et
2595 3672 2742 3741 passi
2788 3681 2916 3727 sunt
2959 3688 3121 3728 causa
3172 3674 3414 3728 nominis
3448 3675 3571 3743 ejus
3603 3673 3719 3741 (το).
3746 3668 3823 3723 Tibi

620 3774 804 3820 autem
834 3772 1082 3834 superest
1114 3761 1449 3825 multum,ut
1478 3774 1604 3814 cum
1648 3760 1754 3815 illis
1792 3761 2006 3817 sedeas.
2054 3761 2207 3817 Sicut
2247 3778 2468 3831 manes,
2505 3762 2559 3817 in
2608 3764 2954 3836 simplicitate
2998 3775 3089 3820 tua
3122 3781 3401 3835 permane,
3441 3776 3497 3821 et
3524 3766 3717 3822 sedebis
3742 3775 3824 3818 cum

626 3859 756 3927 illis,
784 3870 839 3915 et
867 3859 1178 3931 quicunque
1202 3855 1407 3912 fuerint
1434 3857 1643 3926 operati
1679 3858 1893 3913 illorum
1930 3872 2117 3927 Opera,
2147 3866 2200 3912 et
2226 3858 2589 3913 sustinuerint
2614 3874 2743 3931 qua:
2796 3859 2872 3915 illi
2904 3860 3299 3915 sustinuerunt.

2091 3946 2317 4004 CAPUT
2356 3946 2420 4002 ll.
2592 3936 2633 3955 Γ

708 4051 840 4107 Dico
889 4053 939 4106 ei
976 4075 988 4108 :
1022 4049 1284 4115 Domina,
1320 4046 1510 4101 vellem
1555 4046 1697 4099 seire
1743 4060 1864 4114 quae
1913 4043 2317 4097 sustinuerunt.
2365 4041 2544 4106 Audi,
2588 4041 2763 4109 inquit
2795 4059 2808 4094 :
2841 4039 3008 4095 Feras
3040 4036 3239 4093 bestias
3266 4076 3280 4103 ,
3321 4032 3565 4097 ﬂagella,
3592 4036 3816 4091 carceres,

634 4159 828 4199 cruces
847 4185 862 4210 ,
903 4158 1069 4208 causa
1095 4140 1333 4195 nominis
1363 4140 1483 4209 ejus
1515 4139 1651 4206 (7|).
1681 4136 1907 4206 Propter
1934 4137 2039 4191 hoc
2059 4176 2073 4200 ,
2108 4137 2323 4190 illorum
2356 4145 2482 4191 sunt
2510 4135 2717 4190 dextrae
2746 4144 2928 4205 partes
2960 4133 3264 4189 sanctitatis
3286 4172 3301 4195 ,
3334 4137 3387 4183 et
3419 4125 3665 4197 quisquis
3688 4117 3815 4217 pali“:

637 4248 726 4291 tur
756 4202 868 4305 (72)
897 4202 1115 4304 propter
1144 4247 1341 4286 nomen
1374 4202 1466 4285 Dei
1501 4202 1653 4300 (75);
1688 4202 2022 4298 reliquorum
2053 4238 2231 4282 autem
2262 4228 2502 4283 sinistra!
2529 4236 2711 4297 partes
2740 4202 2887 4281 sunt.
2917 4226 3021 4281 Sed
3053 4225 3300 4293 utrisque
3326 4219 3406 4274 eis
3441 4218 3581 4287 (Ἶᾶ).
3604 4224 3653 4267 ει
3678 4202 3819 4305 qui“

632 4333 937 4395 dexteram,
974 4340 1026 4384 et
1056 4328 1148 4399 qui
1177 4328 1243 4381 ad
1273 4327 1551 4381 sinistram
1581 4326 1789 4390 sedent,
1820 4333 1949 4378 sunt
1968 4324 2110 4378 dona
2136 4332 2191 4377 et
2213 4324 2642 4394 promissiones;
2667 4332 2875 4377 tantum
2900 4321 3044 4392 quod
3076 4322 3142 4375 ad
3184 4319 3464 4373 dexteram
3493 4312 3723 4369 sedentes
3751 4302 3819 4353 ba-

636 4425 765 4478 bent
802 4422 1025 4493 gloriam
1050 4420 1360 4491 quamdam.
1390 4416 1470 4470 Tu
1497 4426 1674 4471 autem
1704 4415 1931 4485 cupidus
1961 4432 2019 4469 es
2047 4416 2235 4470 sedere
2262 4416 2329 4469 ad
2352 4415 2597 4468 dextram
2626 4431 2749 4470 cum
2781 4415 2894 4479 eis;
2925 4413 3016 4468 sed
3045 4410 3368 4480 exiguitates
3396 4418 3505 4461 tua:
3527 4402 3694 4458 multm
3712 4405 3818 4493 sunt.

636 4489 1033 4567 Emunvdaberis
1058 4489 1237 4566 autem
1267 4511 1335 4565 ab
1359 4508 1742 4580 exiguitatibus
1766 4507 1893 4561 tuis.
1923 4506 2024 4561 Sed
2047 4514 2101 4560 et
2123 4521 2313 4560 omnes
2347 4507 2440 4576 qui
2464 4506 2614 4560 dubii
2644 4521 2752 4559 non
2796 4504 3022 4569 fuerint,
3055 4501 3501 4557 emundabuntur
3528 4497 3596 4550 ab
3619 4489 3819 4545 manilius

1688 4642 1923 4699 νΑιιιίε
1964 4640 2346 4698 LECTIONES
2382 4642 2469 4696 ET
2502 4640 2733 4695 NOTIE.

631 4766 926 4847 προφῆτιγ,
948 4780 1109 4847 quam
1141 4764 1655 4847 Latinusjnterpres
1681 4758 2196 4847 ξἐξιηοιὶιεξιγειηρηιΓ
2513 4759 2739 4847 Ιξοιιι.¹οι
2762 4757 2954 4847 Lamb.
2988 4753 3136 4824 Apud
3172 4770 3269 4806 me.

637 4828 1079 4890 Sicut'inl'ra'lib.
1112 4852 1149 4889 ιι
1175 4876 1190 4900 ,
1236 4835 1417 4888 mand.
1449 4849 1499 4887 vi
1521 4828 1548 4897 ,’
1570 4832 1830 4901 ἀγγέλους
1862 4842 1915 4884 et
1951 4828 2197 4898 ἄγγελον;

1353 4835 1417 4887 id.
1449 4849 1499 4887 vr
1521 4828 1548 4897 ,⁷
1570 4832 1830 4901 ἀγγέλους
1862 4842 1915 4884 et
1951 4828 2197 4898 ἄγγελον)
2377 4830 2489 4901 (liti)
2526 4829 2713 4901 Lattrb.
2749 4831 2948 4901 gloria'.

634 4908 811 4977 genios
843 4921 907 4977 ac
938 4908 1143 4977 genium
1177 4897 1426 4977 reddidit.
1620 4897 1629 4901 ’
1656 4897 1666 4901 ’
1746 4922 1749 4923 ⁷
2002 4897 2007 4898 ⁷
2520 4898 2714 4977 Lamb.
2746 4900 2943 4977 edua
2964 4966 2992 4977 η
3071 4965 3090 4977 ﬁ
3180 4964 3191 4976 .

709 4976 820 5045 (56)
852 4965 1043 5041 Lamb.
1072 4975 1300 5045 libellum
1327 4990 1499 5045 suum.
1542 5044 1549 5045 ί
1686 5044 1691 5045 ν
1840 5043 1847 5045 _
1940 5044 1943 5045 ν
2520 4968 2710 5045 Lami).
2735 4984 2855 5045 eum
2889 4965 3032 5045 Frllo
3063 4965 3191 5045 [neri
3217 4977 3427 5045 sumus;
3506 5029 3516 5039 ο

708 5032 820 5115 (57)
854 5032 981 5100 διεδ.
1018 5045 1072 5099 S.
1094 5044 1283 5115 (Germ
1316 5053 1368 5097 et
1406 5042 1593 5115 Lamb.
1621 5044 1779 5115 scient
1801 5043 1970 5097 clm-ti.
2521 5032 3347 5115 inutili.“liecttqitttmet.Ft‘lltls:
3387 5032 3656 5115 cogitante
3682 5034 3793 5086 "9"-

854 5115 1043 5187 Lamb.
1078 5112 1376 5187 Grappatu’.
1407 5112 1497 5187 Sic
1525 5129 1645 5166 mox
1670 5153 1686 5178 ,
1716 5113 1994 5187 (ΣιθιιωηιιιεΓ
2028 5184 2036 5187 _
2523 5109 2677 5187 μυσὶ.
2716 5102 2940 5187 Domini.
2970 5106 3037 5187 At
3075 5102 3618 5187 Σὶςιρικέιθριιι·εζῇὶιξξζ

708 5163 822 5259 ἰέῡῐ
854 5163 1048 5240 iiiis.
1080 5163 1703 5259 ea:.'.gfpeo‘tamen
1725 5163 1738 5166 ⁷
1758 5163 2198 5252 ἰιὶιὶέρὶιὲἱηιυιεο
2376 5163 2488 5259 (Ξύ
2522 5179 2753 5259 Furens»
2784 5185 2841 5258 υ)
2862 5177 3044 5241 "HM",
3078 5175 3229 5228 Bm”-
3264 5163 3660 5259 θεηιίνξέίὶξῗέξῖ
3687 5163 3817 5259 ".f’fi‘.‘

638 5236 970 5324 Boil'lyeqens
993 5236 1065 5309 és'.
1092 5236 1289 5309 Lamb.
1319 5236 1510 5324 egenus
1532 5236 1606 5324 ὧι
1686 5236 1703 5248 ⁷
1958 5236 1978 5251 ’
2009 5236 2028 5252 ’
2375 5236 2486 5320 ξπ)
2520 5249 2709 5324 Lamb.
2741 5236 3041 5317 'qnirunqne'
3088 5261 3271 5314 passus
3313 5242 3491 5310 fuerit.
3534 5236 3675 5289 Bodl.
3709 5242 3819 5298 quu-

709 5330 818 5398 (litt)
851 5322 1044 5399 Lamb.
1077 5330 1119 5380 ei
1152 5326 1312 5395 loqui.
1352 5323 1564 5382 Fellus,
1591 5323 1731 5393 loqui
1768 5323 1907 5377 ei....
1950 5324 2196 5377 dicerem.
2301 5325 2497 5399 quiip.
2724 5388 2755 5399 Ἀ
2797 5389 2805 5396 ι
2836 5389 2846 5399 _

709 5386 822 5467 (δι’)
864 5398 1053 5452 Lamb.
1086 5386 1405 5467 a'stimarit
1552 5461 1590 5467 __
2312 5386 2320 5390 ⁷
2373 5391 2486 5467 (Ἦ)
2525 5386 2805 5467 ροθδιρεί
2836 5389 2886 5441 ί¹¹
2920 5386 3104 5467 Lami"
3160 5456 3195 5467 η
3431 5462 3440 5467 _
3480 5452 3493 5462 .
3606 5466 3611 5467 ,
3671 5452 3701 5467 ,.
3747 5438 3779 5467 .;

708 5452 820 5537 (6:!)
855 5468 1043 5522 Lamb.
1078 5469 1314 5521 linteum.
1355 5465 1446 5518 Sic
1466 5461 1753 5537 et‘Fellus.
2307 5531 2322 5537 _
2379 5452 2490 5537 (74)
2526 5460 2652 5537 Mss.
2698 5460 2885 5514 Carm.
2940 5468 2992 5537 et
3049 5455 3105 5537 δ,
3157 5456 3338 5537 Gezm.
3364 5452 3708 5537 atrisque‘et‘
3742 5453 3813 5537 et:

855 5506 1429 5591 Diileex'sirvuxerimt.
1464 5532 1663 5598 Fellus,
1691 5544 1843 5605 erecti
1875 5550 1899 5584 δ
1942 5546 2015 5587 nt.
2305 5506 2496 5605 Lainbl.
2542 5532 2772 5601 utrisque
2820 5545 2882 5583 ea:
2911 5530 2983 5582 eis
3014 5529 3099 5597 qui
3150 5530 3217 5577 nd
3255 5506 3736 5579 rieateraiii'sedent,
3763 5506 3815 5557 ad

706 5602 817 5679 (64)
850 5610 1025 5677 Dodl.,
1057 5607 1242 5663 Lamb.
1271 5616 1322 5660 et
1350 5607 1532 5660 Carm.
1564 5604 1907 5673 horripilatio.
2299 5602 2401 5654 sini
2420 5612 2564 5655 .tram
2595 5607 2789 5654 sedent.
