4040 6322
218 287 316 344 9η
1343 280 1636 337 PASTOIL
1679 307 1746 320 ο·-
1787 277 1915 332 LIB.
1956 276 2002 344 I,
2042 276 2221 333 VISIO
2261 275 2347 332 Ill.
3374 279 3479 336 90:!

217 404 457 477 peccatis
488 404 542 459 in
570 404 718 460 hunc
748 403 914 460 diem.
948 400 1016 458 Et
1054 417 1179 457 cum
1226 401 1343 456 haec
1372 400 1639 461 dixisset,
1668 397 1888 451 volebat
1913 397 2085 451 abire.
2112 395 2176 450 Et
2199 395 2489 466 procidcns
2531 395 2606 449 illi
2651 395 2717 449 ad
2750 394 2914 465 pedes
2934 438 2949 461 ,
2984 395 3170 466 rogavi
3199 395 3344 450 illam
3382 412 3479 466 per

223 496 539 561 Dominum,
579 506 637 549 ut
663 496 794 549 mihi
824 495 1225 551 demonstraret
1251 495 1394 564 quod
1426 495 1817 563 rcpromiserat
1843 493 2039 547 visum.
2074 492 2142 545 At
2188 492 2276 545 illa
2305 506 2502 545 rursus
2528 491 2885 561 apprehemlit
2916 508 3137 546 manum
3170 509 3345 546 meatu
3370 533 3383 551 ,
3425 503 3479 547 et

218 588 393 644 erexit
419 602 527 653 me,
558 596 612 641 et
644 586 771 641 fecit
796 587 983 642 sedere
1008 601 1173 655 super
1204 584 1527 640 subsellium
1552 584 1620 637 ad
1654 584 1973 647 sinistram;
2005 593 2059 637 et
2096 582 2302 635 elevata
2349 581 2497 650 virga
2525 582 2759 649 quadam
2794 582 3099 651 splendida,
3124 586 3261 638 dixit
3294 584 3424 637 mihi
3460 600 3473 636 :

221 687 385 742 Vides
414 702 527 741 rem
558 686 851 756 magnam?
881 684 1010 740 Dico
1038 686 1088 740 ei
1116 703 1129 739 :
1166 684 1391 739 Domina
1418 726 1433 748 ,
1460 684 1597 737 nihil
1629 684 1809 737 video.
1844 681 1984 737 Ecce
2016 682 2135 751 (75)
2164 696 2271 735 non
2307 677 2459 735 vides
2485 688 2673 733 contra
2705 688 2755 733 te
2781 681 2973 734 turrim
3020 698 3267 753 magnam
3294 723 3309 747 ,
3357 699 3479 751 quae

219 777 521 830 aediﬁcatur
548 791 712 844 super
735 792 937 846 aquas,
963 775 1235 846 lapidibus
1275 774 1502 846 quadris
1531 774 1644 843 (76)
1682 773 2028 843 splendidis?
2082 774 2138 826 In
2173 773 2442 843 quadrato
2469 771 2613 826 enim
2658 769 3029 825 aediﬁcabatur
3060 770 3225 825 turris
3264 772 3333 823 ab
3372 770 3477 822 illis

221 884 313 923 sex
341 868 653 937 juvenibus,
682 868 773 935 qui
806 874 1066 921 venerant
1088 882 1212 921 cum
1242 866 1353 920 illa.
1384 865 1500 919 Alia
1526 874 1710 920 autem
1736 865 1905 918 multa
1932 863 2101 917 millia
2130 863 2373 917 virorum
2400 860 2759 931 apportabant
2788 858 3013 929 lapides.
3040 858 3270 923 Quidam
3295 867 3475 911 autem

221 963 289 1017 de
316 963 585 1033 profundo
622 964 909 1017 trahebant
938 963 1173 1034 lapides;
1202 963 1294 1017 alii
1330 963 1397 1017 de
1430 974 1571 1017 terra
1620 960 2065 1026 transferebant,
2118 969 2166 1014 et
2207 960 2558 1029 porrigebant
2599 958 2705 1012 illis
2736 970 2831 1010 sex
2856 952 3169 1022 juvenibus.
3204 948 3375 1004 Porro
3402 948 3478 1003 illi

222 1060 583 1130 accipiebant,
618 1070 672 1115 et
694 1060 1056 1114 aediﬁcabant.
1088 1055 1196 1110 Eos
1220 1065 1402 1111 autem
1432 1058 1526 1126 qui
1563 1056 1631 1111 de
1665 1054 1937 1125 profundo
1963 1055 2390 1110 extrahebantur
2416 1053 2641 1123 lapides,
2674 1066 2867 1106 omnes
2892 1048 2971 1103 sic
2992 1047 3334 1117 ponebantur
3363 1044 3477 1113 (77)

224 1154 277 1208 in
320 1162 650 1207 structuram
680 1171 693 1205 :
719 1151 869 1221 politi
893 1149 1039 1203 enim
1065 1158 1240 1212 erant,
1269 1156 1322 1201 et
1351 1146 1742 1201 convenientes
1768 1144 2151 1200 commissura:
2177 1159 2301 1197 cum
2339 1143 2447 1197 illis
2470 1142 2585 1213 (78)
2617 1141 2890 1211 lapidibus
2915 1158 2929 1206 ;
2964 1140 3150 1225 sicque
3178 1137 3479 1205 conjunge-

223 1248 423 1303 bantur
452 1248 592 1303 alius
621 1253 687 1301 ad
731 1246 919 1309 alium,
965 1244 1039 1298 ita
1073 1256 1130 1298 ut
1156 1243 1533 1298 commissura:
1561 1258 1751 1297 eorum
1784 1257 1891 1296 non
1937 1250 2184 1311 paterent
2222 1240 2357 1309 (79).
2404 1238 2469 1292 Et
2503 1238 2557 1292 in
2598 1238 2744 1292 hunc
2774 1238 2995 1292 modum
3040 1232 3335 1304 apparebat
3367 1230 3479 1301 (80)

226 1348 500 1393 structura
536 1338 723 1401 turris,
753 1346 1011 1406 tanquam
1042 1349 1107 1388 ex
1137 1348 1247 1388 uno
1273 1332 1453 1403 lapide
1476 1332 1766 1387 aediﬁcata.
1800 1334 2039 1389 Caeteros
2059 1342 2241 1388 autem
2273 1332 2479 1403 lapides
2509 1330 2602 1401 qui
2643 1330 3011 1385 atterebantur
3034 1326 3099 1381 de
3126 1336 3289 1386 terra,
3314 1339 3481 1394 quos-

226 1430 349 1483 dam
384 1429 605 1501 quidem
641 1429 987 1499 rcjiciehant,
1020 1432 1283 1502 quosdam
1325 1448 1455 1487 vero
1486 1433 1816 1501 adaptahant
1839 1433 1952 1501 (81)
1986 1434 2038 1487 in
2073 1442 2423 1489 structuram.
2451 1430 2604 1484 Alios
2642 1427 2997 1491 excidebant,
3023 1434 3073 1478 et
3119 1421 3482 1493 projiciebant

227 1522 387 1593 longe
412 1538 443 1577 a
470 1523 625 1577 turri.
651 1523 756 1577 Alii
787 1534 967 1579 autem
1000 1523 1207 1593 lapides
1229 1524 1385 1577 multi
1411 1524 1555 1578 circa
1583 1525 1780 1579 turrim
1806 1524 1968 1594 positi
1995 1534 2151 1579 erant
2181 1524 2293 1593 (82)
2321 1541 2334 1589 ;
2364 1532 2417 1577 et
2442 1538 2546 1576 non
2577 1521 2869 1576 utebantur
2892 1519 2999 1573 illis
3029 1518 3096 1573 ad
3123 1524 3477 1571 structuram.

226 1610 397 1668 Erant
449 1615 593 1669 enim
631 1616 848 1685 quidam
897 1633 962 1671 ex
994 1617 1101 1673 illis
1136 1618 1404 1685 scabrosi,
1456 1618 1547 1672 alii
1581 1628 1761 1673 autem
1796 1620 2065 1675 scissuras
2092 1619 2399 1684 habebant,
2445 1618 2536 1672 alii
2568 1633 2695 1671 vero
2731 1616 2946 1671 candidi
2989 1626 3042 1669 et
3087 1611 3337 1676 rotundi,
3371 1627 3478 1663 non

228 1710 609 1764 convenientes
651 1712 703 1765 in
747 1720 1076 1767 structuram
1121 1714 1311 1771 turris.
1348 1713 1609 1769 Videbam
1658 1725 1838 1769 autem
1886 1717 2024 1771 alios
2067 1716 2274 1785 lapides
2322 1714 2513 1785 projici
2556 1714 2713 1784 longe
2743 1730 2772 1767 a
2808 1710 2985 1772 turri,
3017 1716 3069 1761 et
3101 1705 3403 1761 incidentes
3426 1704 3479 1756 in

231 1802 371 1856 viam
398 1801 533 1871 (85),
561 1812 614 1857 et
642 1820 748 1857 non
783 1815 1063 1861 manentes
1086 1805 1139 1858 in
1166 1805 1286 1871 via,
1319 1806 1412 1862 sed
1442 1806 1584 1860 volvi
1615 1806 1682 1862 de
1707 1806 1793 1861 via
1830 1807 1884 1861 in
1915 1808 2092 1862 locum
2123 1807 2400 1863 desertum
2430 1825 2444 1873 ;
2477 1807 2613 1861 alios
2645 1815 2826 1860 autem
2857 1804 2908 1857 in
2942 1801 3119 1872 ignem
3154 1796 3477 1856 incidentes.

228 1904 285 1947 et
306 1895 556 1949 ardentes
580 1912 595 1961 ;
620 1896 758 1951 alios
781 1880 1037 1951 cadentes
1064 1912 1226 1954 secus
1253 1914 1487 1972 aquam,
1520 1917 1621 1958 nec
1668 1918 1831 1973 posse
1886 1904 2028 1959 volvi
2070 1904 2123 1959 in
2171 1919 2367 1974 aquam
2395 1944 2411 1970 ,
2450 1901 2758 1957 volentibus
2794 1895 3013 1967 quidem
3055 1892 3135 1947 eis
3175 1890 3379 1945 intrare
3426 1887 3479 1940 in

227 2004 447 2058 aquam.

1667 2090 1902 2150 CAPUT
1954 2094 2046 2147 IlI.

196 2176 199 2177 ⁷
301 2171 367 2227 Et
397 2188 520 2229 cum
554 2175 668 2231 haec
699 2177 831 2232 mihi
883 2177 1330 2243 demonstrasset,
1376 2181 1588 2237 volebat
1630 2184 1881 2239 recedere
1904 2183 2043 2253 (81).
2076 2183 2205 2238 Dico
2248 2183 2297 2238 ei
2328 2182 2623 2245 :‘Domina,
2656 2178 2785 2249 quid
2820 2173 2957 2230 mibi
2994 2171 3214 2242 prodest
3259 2173 3377 2224 luce
3403 2168 3484 2222 vi-

228 2263 393 2327 disse.
420 2275 472 2320 ει
502 2283 607 2321 non
636 2268 776 2324 scire
799 2288 920 2341 quae
945 2277 1053 2332 sint
1075 2278 1159 2333 ba:
1186 2280 1312 2336 res?
1344 2280 1697 2353 Respondens
1725 2285 1864 2339 dixit
1891 2284 2023 2340 mihi
2056 2304 2071 2337 τ
2098 2283 2371 2339 Versutus
2401 2298 2462 2338 es
2494 2282 2680 2341 homo,
2715 2270 2903 2327 volens
2931 2267 3070 2323 scire
3091 2280 3154 2318 ea
3186 2278 3307 2333 (Ιυῖε
3335 2260 3488 2317 εἶτα

230 2356 424 2409 turrim
450 2366 596 2412 sunt.
628 2358 726 2425 lta,
758 2362 1001 2433 inquam,
1030 2369 1277 2439 domina,
1309 2382 1364 2426 ut
1395 2372 1659 2431 fratribus
1689 2376 2029 2441 annuutiem,
2074 2386 2125 2431 et
2157 2377 2445 2430 hilariores
2488 2373 2647 2437 liant;
2681 2378 2738 2424 et
2758 2369 2874 2422 haec
2900 2365 3183 2420 audientes
3219 2360 3485 2415 honorili-

232 2459 358 2504 cent
384 2448 669 2506 Dominum
701 2470 825 2510 cum
855 2459 1022 2514 multa
1055 2462 1252 2529 gloria.
1282 2463 1347 2517 Et
1398 2466 1484 2520 illa
1525 2466 1641 2521 ait:
1675 2468 1911 2523 Audierit
1942 2468 2161 2538 quidem
2202 2468 2357 2523 multi
2384 2486 2399 2533 ;
2425 2476 2478 2522 et
2508 2482 2632 2521 cum
2672 2459 2988 2523 audierint,
3032 2458 3256 2527 quidam
3289 2470 3354 2509 ex
3400 2453 3491 2506 eis

230 2542 574 2612 gaudebunt,
607 2546 828 2615 quidam
857 2560 1038 2607 autem
1071 2554 1295 2610 ﬂebunt.
1333 2554 1436 2613 Sed
1465 2566 1519 2612 et
1546 2557 1636 2613 isti
1678 2559 1792 2631 (85)
1821 2560 2127 2626 audientes,
2154 2561 2199 2616 si
2232 2559 2607 2631 ptenitentiani
2651 2558 2884 2628 egerint,
2916 2563 2970 2609 et
3010 2554 3111 2623 ipsi
3141 2550 3487 2623 gaudebunt.

228 2630 369 2689 Audi
402 2651 546 2691 nunc
570 2637 636 2692 de
659 2639 1015 2697 similitudine
1041 2645 1206 2701 turris
1235 2648 1419 2702 omnia
1452 2649 1587 2715 haec,
1618 2656 1672 2703 et
1710 2630 1976 2705 hactenus
2004 2651 2137 2705 mihi
2160 2630 2241 2706 de
2261 2650 2592 2706 revelatione
2625 2646 2909 2702 molestior
2933 2658 3056 2699 esse
3082 2643 3215 2697 noli.
3249 2640 3480 2694 Revela-

228 2725 405 2782 tiones
424 2728 570 2782 enim
596 2730 714 2785 ista:
743 2732 903 2787 linem
930 2735 1162 2791 habent:
1195 2738 1432 2808 impleta:
1459 2750 1588 2795 sunt
1613 2739 1782 2795 enim.
1820 2742 1923 2797 Sed
1954 2751 2009 2797 tu
2043 2758 2151 2797 non
2192 2742 2399 2799 desinis
2434 2742 2486 2796 in
2521 2742 2751 2811 petendo
2782 2740 3166 2801 revelationes,
3196 2737 3492 2806 improbus

234 2819 345 2889 (86)
372 2821 516 2875 enim
547 2838 623 2878 es.
658 2821 850 2880 Turris
883 2828 1101 2895 quidem
1140 2847 1307 2902 quam
1335 2832 1487 2889 vides
1514 2833 1797 2896 aediﬁcari.
1831 2850 1932 2905 ego
1963 2850 2084 2890 sum
2116 2834 2382 2899 Ecclesia,
2409 2850 2533 2905 qua:
2567 2834 2665 2889 tibi
2695 2834 2921 2905 apparui
2947 2840 3002 2886 et
3033 2829 3198 2884 modo
3224 2838 3278 2884 et
3303 2828 3487 2898 prius.

232 2909 790 2987 Quodcunqueigitur
815 2919 1071 2986 volueris,
1101 2922 1373 2996 interroga
1394 2925 1460 2980 de
1485 2925 1652 2993 turri;
1679 2934 1733 2981 et
1758 2925 2008 2981 revelabo
2033 2926 2153 2991 tibi,
2186 2936 2243 2981 ut
2269 2926 2510 2996 gaudeas
2537 2941 2660 2981 cum
2694 2928 2921 2981 sanctis.
2961 2924 3093 2977 Dico
3107 2922 3157 2977 ei
3184 2941 3198 2976 :
3227 2919 3491 2986 Domina,

231 3003 487 3073 quoniam
522 3021 605 3058 me
635 3008 799 3061 semel
823 3008 1042 3080 dignum
1074 3015 1335 3071 arbitrata
1359 3033 1417 3072 es
1448 3025 1508 3071 ut
1535 3017 1722 3073 omnia
1758 3016 1890 3072 mihi
1926 3019 2155 3083 reveles,
2188 3022 2388 3076 revela.
2429 3021 2520 3074 Ait
2552 3020 2685 3074 mihi
2722 3039 2736 3075 :
2769 3019 3147 3087 Quodcunque
3182 3015 3495 3085 Oportuerit

234 3094 330 3147 tibi
360 3095 609 3159 revelari,
644 3099 971 3155 revelabitur
996 3122 1010 3170 ;
1046 3114 1255 3161 tantum
1293 3116 1352 3162 ut
1374 3124 1466 3164 cor
1492 3117 1645 3162 tuum
1679 3110 1819 3180 apud
1850 3109 2144 3165 Dominum
2173 3112 2265 3174 sit,
2295 3121 2350 3167 et
2380 3128 2448 3168 ne
2479 3112 2719 3174 dubites,
2742 3114 3110 3182 quodcunque
3138 3110 3364 3164 videris.
3392 3110 3455 3164 In

232 3194 497 3265 terrogavi
530 3194 640 3264 (87)
667 3196 812 3251 illam
848 3217 860 3251 :
894 3196 1074 3264 Quare
1102 3199 1271 3253 turris
1291 3199 1553 3255 aedificata
1585 3209 1669 3259 est
1701 3218 1866 3271 super
1888 3218 2083 3273 aquas,
2118 3204 2380 3259 domina?
2424 3204 2724 3276 Respondit
2753 3227 2767 3263 :
2812 3203 3063 3260 Dixeram
3093 3206 3187 3259 tibi
3215 3215 3268 3261 et
3308 3205 3480 3274 prius.

229 3296 513 3341 versutum
548 3296 600 3342 te
626 3304 744 3343 esse
770 3289 913 3343 circa
943 3299 1253 3345 structuras
1284 3291 1574 3361 diligenter
1601 3290 1995 3360 inquirentem;
2028 3294 2194 3366 igitur
2219 3295 2464 3351 invenies
2487 3298 2788 3353 veritatem.
2810 3299 2990 3365 Quare
3022 3312 3152 3369 ergo
3182 3313 3345 3367 super
3370 3296 3484 3366 (88)

232 3393 405 3448 aquas
424 3378 722 3433 aediﬁcatur
747 3380 934 3446 turris,
962 3379 1128 3435 audi:
1163 3380 1434 3447 Quoniam
1468 3381 1577 3435 vita
1625 3394 1805 3438 vestra
1857 3400 1954 3454 per
1997 3400 2197 3455 aquam
2249 3388 2398 3443 salva
2448 3386 2590 3443 facta
2630 3400 2733 3454 est,
2781 3400 2833 3445 et
2883 3392 2972 3444 lict
2999 3391 3064 3443 "’.
3110 3389 3360 3444 Fundata
3401 3398 3485 3444 est

231 3472 379 3525 enim
410 3471 575 3526 verbo
600 3472 989 3543 omnipotentis
1015 3479 1070 3528 et
1098 3472 1386 3530 honorilici
1417 3476 1657 3532 nominis
1685 3492 1698 3528 :
1725 3479 2038 3532 continetur
2067 3488 2249 3533 autem
2276 3479 2387 3551 (89)
2413 3482 2480 3536 ab
2506 3482 2770 3541 invisibili
2813 3489 3015 3543 virtute
3046 3487 3164 3543 Dei.

700 3630 705 3631 ,
1672 3584 1903 3642 CAPUT
1939 3585 2029 3643 IV.

304 3663 661 3763 Despondens
691 3668 813 3721 dico
836 3668 883 3722 ei
916 3686 929 3723 :
954 3668 1236 3741 Magniﬁce
1267 3673 1468 3728 habent
1490 3691 1547 3730 se
1574 3691 1659 3731 res
1692 3677 1795 3731 Ine.
1823 3677 1901 3731 llli
1928 3688 2109 3734 autem
2133 3679 2361 3749 juvenes
2381 3700 2475 3740 sex
2501 3687 2593 3756 qui
2621 3688 2911 3753 aediﬁcant,
2937 3694 3029 3763 qui
3053 3702 3202 3756 sunt,
3236 3694 3487 3748 domina?

225 3753 296 3809 Ili
329 3757 442 3827 (90)
480 3768 605 3811 sunt
634 3760 808 3828 angeli
857 3761 968 3829 (9|)
1005 3760 1095 3815 Dei
1134 3765 1227 3833 qui
1277 3766 1453 3834 primo
1502 3768 1784 3822 constituti
1832 3781 1979 3834 sunt,
2014 3774 2215 3842 quibus
2258 3779 2480 3834 tradidit
2513 3753 2778 3839 Dominus
2820 3753 3131 3841 universam
3171 3753 3479 3842 creaturam

225 3866 411 3913 suam,
450 3852 693 3906 struendi
730 3852 863 3920 (9'2),
896 3854 1199 3910 aediﬁcandi
1233 3867 1286 3911 et
1307 3859 1624 3913 dominandi
1651 3870 1917 3916 creatura:
1947 3863 2110 3918 illius.
2145 3864 2246 3920 Per
2279 3869 2379 3925 hos
2406 3872 2551 3925 enim
2596 3874 2707 3940 (95)
2737 3879 3211 3933 consummabitur
3242 3889 3481 3935 structu-

223 3962 289 4002 ra
323 3947 512 4002 turris.
560 3948 750 4003 Cteteri
790 3957 973 4002 autem
1023 3948 1116 4017 qui
1146 3958 1435 4018 apportant
1463 3950 1576 4019 (94)
1608 3949 1815 4021 lapides
1856 3955 1949 4023 qui
2001 3958 2163 4011 sunt?
2192 3956 2255 4014 Et
2288 3961 2390 4030 ipsi
2424 3964 2598 4018 sancti
2627 3964 2739 4033 (95)
2784 3970 2960 4041 angeli
2993 3970 3206 4026 Domini
3234 3989 3248 4030 :
3278 3972 3369 4026 sed
3404 3970 3480 4025 illi

303 4068 387 4119 ⁸⁷1
431 4066 571 4121 Petr.
611 4083 694 4133 ιιι,
718 4066 809 4133 20,
841 4068 932 4121 21.

1292 4184 1528 4241 νΑιιιιλΕ
1559 4186 1944 4243 LECTIONES
1984 4187 2071 4242 ET
2112 4186 2343 4243 ΝΟΤᾸΞ.

302 4300 418 4366 (75)
454 4298 602 4353 Bodl.
630 4298 752 4353 add.
787 4298 873 4352 Ait
905 4297 1031 4351 mihi
1054 4314 1071 4350 :
1101 4295 1262 4357 Ecce,
1292 4308 1396 4352 etc.

300 4370 415 4439 (76)
453 4368 580 4424 Mss.
636 4369 695 4424 S.
743 4369 1156 4435 Germ.,Carm.
1187 4376 1240 4423 et
1277 4366 1467 4424 Lamb.
1507 4370 1800 4440 quadratis.

224 4442 325 4498 Sic
356 4451 409 4494 et
440 4440 635 4494 Fellus.

298 4511 417 4581 (77)
451 4510 577 4566 Mss.
607 4511 788 4565 Carm.
815 4518 869 4565 et
908 4507 1100 4565 Lamb.
1146 4510 1497 4576 imponebant.
1526 4509 1677 4566 Bodl.
1712 4528 1805 4579 po-

223 4585 441 4637 nabant.

300 4652 417 4719 (78)
453 4651 527 4706 lla
576 4662 809 4720 quatuor
856 4668 989 4707 mss.
1040 4648 1098 4706 S.
1133 4649 1341 4717 Germ.,
1378 4650 1540 4718 Vict.,
1569 4650 1721 4706 Bodl.
1756 4661 1808 4706 et

222 4723 426 4778 Lamb.
452 4721 613 4787 Editi,
661 4723 800 4777 aliis.

304 4794 421 4859 (79)
462 4791 678 4855 Lamb.,
704 4794 887 4848 Carm.
919 4802 971 4847 et
1003 4790 1059 4846 S.
1097 4790 1280 4848 Germ.
1326 4802 1590 4859 parerent.
1635 4790 1725 4845 Sic
1754 4802 1806 4845 et

223 4863 439 4929 Fellus,
458 4864 549 4935 qui
568 4870 759 4935 tamen
779 4864 1338 4935 legenilutireonjicit,
1365 4874 1623 4933 paterent.
1650 4860 1806 4917 llunc

225 4936 413 5004 locum
446 4934 705 5004 describit
727 4931 1008 5004 Origenes,
1049 4931 1373 4989 Pliilocaliw‘
1417 4950 1537 5004 cap.
1572 4949 1693 5004 viii.

304 5002 421 5075 (80)
453 5002 603 5058 Bodl.
636 5014 686 5058 et
720 5002 910 5059 Lamb.
948 5003 1013 5057 Et
1045 5005 1121 5057 sic
1141 5006 1379 5072 parebat.
1414 5002 1497 5059 Ita
1521 5015 1573 5059 et
1600 5003 1800 5075 Folius,

223 5094 257 5132 e
302 5090 417 5145 quo
460 5086 638 5129 tamen
680 5090 783 5129 ms.
834 5075 1118 5130 lectionem
1162 5076 1345 5130 minus
1393 5084 1536 5130 recte
1574 5074 1804 5129 reddunt

222 5146 385 5203 editi.

300 5216 418 5284 (81)
448 5214 638 5270 Lamb.
669 5214 946 5287 ponebant.

303 5288 445 5357 (82)
467 5287 557 5342 Sic
585 5284 736 5342 Bodl.
768 5302 824 5341 et
844 5284 1034 5340 Lamb.
1063 5301 1128 5339 ex
1156 5284 1326 5357 Fullo.
1363 5286 1503 5342 Editi
1524 5288 1795 5357 jacebant.

239 5358 389 5425 \pud
422 5356 730 5413 Russelium
779 5357 1063 5411 invertitur
1093 5357 1271 5412 lectio.
1305 5356 1484 5412 Monet
1523 5356 1568 5413 el
1633 5358 1797 5413 Cote-

224 5430 403 5484 lerius
440 5425 1217 5499 huerespesisse__Didyinum
1268 5428 1319 5499 in
1354 5428 1553 5499 Catena
1590 5429 1659 5481 ad
1694 5428 1796 5482 Job

220 5516 354 5563 vui,
384 5499 470 5564 17,
514 5498 598 5563 18,
644 5495 696 5567 ρῖ
727 5495 854 5552 202.
888 5495 1224 5566 ΕῙιιείιειἸιιι
1264 5498 1405 5553 inter
1434 5498 1686 5553 Veterum
1717 5511 1798 5553 te-

221 5569 488 5642 stimonia
508 5570 759 5638 superius
787 5568 974 5642 relata.
1000 5567 1095 5621 His
1116 5570 1292 5642 allinia
1324 5570 1605 5626 moxini'ra
1635 5587 1792 5642 capp.

220 5642 258 5695 6
289 5650 349 5693 et
382 5640 433 5705 7,
451 5654 517 5710 Aet
542 5642 633 5694 lib.
665 5656 747 5702 ιιι,
775 5638 938 5693 simil.
964 5654 1040 5701 ix,
1074 5655 1229 5710 capp.
1254 5640 1312 5707 6,
1340 5644 1391 5708 7,
1422 5644 1509 5696 51.

300 5711 419 5778 (85)
447 5708 638 5767 Lamb.
671 5712 921 5766 venientes
945 5711 998 5763 in
1030 5710 1132 5763 riu.

1983 4298 2093 4363 (84)
2129 4297 2228 4353 Ms.
2255 4299 2312 4352 S.
2342 4298 2550 4365 Germ,
2576 4301 2758 4356 Carm.
2788 4312 2839 4357 et
2863 4300 3051 4355 Lamb.
3078 4317 3359 4357 recurrere.

1981 4370 2092 4435 (85)
2135 4370 2207 4439 Ita
2229 4386 2359 4436 mss.
2380 4370 2837 4429 S.Gcrm..Carm.
2870 4383 2921 4425 ct
2945 4371 3133 4426 Lamb.
3163 4372 3298 4426 Editi
3320 4415 3334 4439 ,
3372 4374 3476 4431 illi.

1982 4440 2092 4505 (86)
2129 4438 2219 4510 Sic
2244 4439 2392 4510 Bodl.
2426 4451 2477 4494 et
2506 4440 2693 4496 Lamb.
2730 4442 2866 4497 Edili
2898 4445 3254 4510 importunus.

1984 4510 2096 4583 (87)
2128 4509 2225 4583 llis.
2250 4508 2672 4583 Lambarlievela
2691 4513 2815 4566 mihi
2833 4508 3170 4583 quodcunque
3190 4518 3479 4582 oportuerit

1912 4582 2009 4633 tibi
2040 4580 2284 4661 reprlare.
2325 4581 2658 4661 lievetabitur
2697 4602 2727 4661 ιι
2767 4580 3169 4661 {diuitum-rut
3195 4580 3477 4661 cantuum

1909 4651 2051 4719 apud
2090 4649 2367 4705 Dominum
2394 4654 2487 4714 sit,
2518 4664 2565 4706 et
2603 4670 2664 4706 ne
2688 4655 2895 4707 dubites
2928 4654 3066 4722 quod
3104 4670 3223 4706 eum
3262 4658 3475 4711 videris.

1911 4719 2262 4790 Interrogavi,
2292 4735 2396 4777 etc.
2427 4721 2637 4778 Laudat
2668 4726 2812 4777 hunc
2843 4726 3020 4778 locum
3049 4723 3301 4780 Clemens
3324 4729 3477 4782 Alex.

1907 4792 2265 4865 Etpfdyzdiii.
2299 4809 2356 4865 ιι,
2384 4809 2502 4861 cap.
2534 4795 2583 4856 I,
2614 4811 2736 4865 pag.
2767 4794 2891 4849 450.

1979 4861 2091 4929 (88)
2124 4860 2299 4923 Bodl,
2324 4860 2514 4917 Lamb.
2549 4860 2805 4919 etVCa'rm.
2833 4867 2976 4919 circa
3002 4866 3295 4933 scripturas
3343 4869 3471 4924 Dili-

1907 4934 2370 5003 genterinquirens
2403 4934 2587 5003 igitur.
2616 4934 2708 4989 Sic
2738 4935 2938 4991 Fellus.
2962 4936 3123 4991 Addit
3148 4938 3392 4993 Clericus
3423 4943 3475 4995 in

1906 5003 2235 5080 ms..ALaml_).
2262 5004 2332 5057 ita
2362 5005 2461 5080 legi
2492 5020 2505 5057 :
2543 5009 2859 5075 scripturas,
2884 5020 2933 5060 et
2962 5006 3330 5076 inquirentem.
3367 5010 3477 5080 lgi-

1907 5074 2293 5163 turoi‘nvegi'iens
2326 5074 2784 5163 velitateitiﬂiliare
2805 5095 2979 5160 super,
3008 5074 3114 5131 etc.

1976 5144 2089 5212 (89)
2133 5144 2223 5199 Sic
2249 5161 2352 5199 ins.
2376 5146 2560 5200 Carm.
2600 5144 2763 5213 Editi,
2792 5144 2954 5202 enim.

1996 5216 2088 5275 90)
2125 5214 2275 5269 Bodl.
2305 5217 2430 5271 add.
2456 5218 2544 5271 Ait
2577 5220 2703 5273 mihi
2730 5234 2747 5272 :
2781 5218 2875 5277 lli.
2906 5230 3009 5272 etc.
3042 5217 3131 5272 Sic
3160 5229 3213 5273 et
3235 5218 3435 5275 Fcllus.

1996 5288 2085 5355 9i)
2109 5286 2271 5341 Addit
2297 5286 2474 5342 Fellus
2498 5305 2563 5342 ex
2597 5288 2781 5344 Lamb.
2816 5291 3010 5343 sancti.

1966 5357 2086 5426 (92)
2126 5356 2225 5411 Ms.
2256 5358 2311 5411 S.
2343 5358 2550 5421 Germ.,
2573 5360 2756 5415 Carm.
2786 5370 2839 5413 et
2864 5359 3053 5413 Lamb.
3086 5361 3321 5413 creandi.
3348 5360 3473 5415 Fel-

1900 5428 1986 5482 lus
2029 5440 2208 5482 autem
2244 5447 2257 5483 :
2288 5442 2342 5483 ut
2386 5440 2668 5497 struerem,
2708 5430 3031 5499 aediﬁcarent
3061 5439 3111 5482 et
3140 5432 3475 5487 dominaren-

1900 5509 2005 5553 tur.

1968 5570 2081 5642 (95)
2113 5569 2267 5642 Bodl.
2297 5583 2350 5627 et
2372 5571 2560 5626 Lamb.
2585 5589 2728 5642 ergo.

1967 5641 2079 5708 (9-I)
2112 5639 2260 5695 Bodl.
2290 5639 2661 5712 apportabunt.
2702 5641 2901 5707 Fellus,
2925 5641 3223 5710 deportant.

1966 5712 2082 5783 (95)
2118 5712 2219 5767 Ms.
2249 5712 2306 5767 S.
2333 5714 2514 5768 Germ.
2550 5728 2603 5768 et
2633 5714 2770 5767 Vict.
2798 5726 2843 5768 et
2885 5714 2982 5785 ipsi
3019 5724 3140 5770 sunt
3171 5715 3364 5770 sancti.
