2020 3161
124 151 180 180 995
698 151 845 181 PASTOR.
859 167 893 173 ~—

954 152 977 179 B.
999 152 1020 185 1,
1041 153 1131 182 VISIO
1150 154 1194 181 Ill.
1695 157 1748 185 906

123 206 281 238 tribulatio,
298 211 409 242 propter
421 207 531 236 thias
545 216 610 237 suas
625 213 653 237 et
664 210 863 245 negotiationes
883 210 1019 246 abnegant
1037 211 1183 239 Dominum
1200 211 1267 246 (20).
1285 211 1472 248 Respondens,
1489 215 1551 243 dico
1559 215 1584 243 ei
1599 223 1605 242 :
1622 215 1748 249 Domina.

121 253 235 289 quando
250 260 315 287 ergo
332 253 413 281 utiles
430 261 511 282 erunt
531 254 664 282 Domino?
683 255 750 284 Cum
767 256 937 284 circumcisae
948 277 956 289 ,
975 257 1075 291 inquit,
1089 256 1192 284 fuerint
1206 249 1307 285 divitia:
1321 266 1433 293 eorum,
1451 268 1511 295 qua:
1531 269 1578 289 eos
1595 261 1749 295 delectant;

122 306 191 329 tunc
204 300 374 328 eruntutiles
390 301 515 333 Domino,
530 302 562 329 ad
579 301 735 329 aedilicium.
753 300 830 328 Sicut
845 302 918 328 enim
933 302 1002 337 lapis
1014 303 1158 335 rotundus,
1175 303 1228 331 nisi
1243 303 1352 332 decisus
1369 304 1460 336 fuerit.
1474 311 1501 333 et
1519 306 1650 341 abjecerit
1668 308 1703 335 ab
1720 316 1751 336 se

121 347 240 382 aliquid,
257 354 312 375 non
325 352 415 382 potest
431 348 581 382 quadratus
596 347 654 374 ﬁeri
670 357 676 375 :
695 347 779 375 sic‘et
790 347 837 382 qui
851 347 950 375 divites
966 353 1031 375 sunt
1044 348 1071 375 in
1092 348 1144 376 hoc
1158 349 1268 382 saeculo,
1283 350 1335 377 nisi
1349 350 1520 380 circumcisae
1536 353 1638 381 fuerint
1649 354 1752 382 divitia:

120 400 230 425 eorum,
247 399 300 419 non
315 396 429 427 possunt
440 392 555 419 Domino
570 393 649 421 utiles
661 400 730 420 esse.
749 391 772 418 A
786 398 812 419 te
824 392 881 427 (2i)
895 393 1014 427 primum
1031 394 1099 421 scito
1114 403 1121 421 :
1137 393 1251 427 Quando
1265 395 1340 423 dives
1355 395 1448 429 fuisti,
1465 398 1569 427 inutilis
1581 407 1658 434 eras;
1677 408 1752 429 nunc

121 445 189 465 vero
202 438 277 465 utilis
287 446 327 469 es,
340 442 367 465 et
381 442 461 472 aptus
472 438 534 465 vitae
547 442 615 471 tum;
631 445 694 465 nam
710 443 737 466 et
752 443 780 465 tu
801 438 859 473 ipse
871 445 905 465 ex
917 438 958 465 eis
973 438 1110 473 lapidibus
1124 439 1211 467 fuisti.

841 495 956 525 CAPUT
976 495 1035 523 Vll.

157 538 277 568 Creteros
291 544 381 565 autem
395 538 499 573 lapides
511 548 580 575 quos
597 540 687 568 vidisti
703 541 783 576 longe
804 541 940 575 proiectos
952 550 967 569 a
983 541 1062 574 turri,
1077 546 1104 568 et
1124 547 1266 570 currentes
1285 541 1312 569 in
1329 543 1383 575 via,
1399 547 1426 570 et
1445 543 1517 570 volvi
1536 544 1568 571 de
1582 544 1625 571 via
1646 545 1673 571 in
1690 545 1750 573 loca

119 587 245 619 deserta;
262 587 280 614 ii
297 592 361 614 sunt
372 587 419 621 qui
436 586 612 614 crediderunt
627 587 748 621 quidem,
763 587 936 614 dubitatione
953 592 1044 614 autem
1061 594 1112 614 sua
1132 587 1303 621 reliquerunt
1316 586 1372 623 (22)
1394 587 1463 614 viam
1486 596 1563 615 suam
1580 596 1683 621 veram,
1699 598 1751 624 pu-

119 636 213 659 tantes
225 639 255 659 se
270 631 411 658 meliorem
426 631 499 657 viam
519 638 600 665 posse
618 631 751 658 invenire.
764 631 864 658 Errant
879 637 971 659 autem
991 638 1018 659 et
1031 633 1124 660 miseri
1140 637 1215 664 sunt,
1229 632 1413 668 ingredientes
1432 632 1459 659 in
1477 633 1599 660 desertas
1615 633 1683 661 vias.
1698 634 1750 667 Qui

118 685 215 708 autem
225 680 359 708 cadebant
370 680 396 707 in
415 680 515 715 ignem,
533 683 560 705 et
576 678 723 710 ardebant,
742 677 761 704 ii
777 681 841 704 sunt
863 677 909 712 qui
926 678 954 705 in
971 682 1131 713 perpetuum
1155 678 1348 705 abscesserunt
1365 678 1420 713 (25)
1439 685 1454 704 a
1470 677 1525 705 Deo
1539 678 1612 711 vivo,
1628 686 1678 706 nec
1692 687 1751 706 am-

116 726 194 760 plius
210 725 265 752 illis
282 725 405 752 ascendit
423 725 450 752 in
473 725 556 752 corda
573 723 762 758 pmnitentiam
785 730 882 757 agere,
900 727 1012 758 propter
1035 723 1171 750 desideria
1188 723 1331 750 libidinum
1350 731 1462 751 suarum
1483 728 1509 750 et
1534 724 1667 751 scelerum
1690 733 1751 760 qua:

118 775 279 805 operantur.
298 770 394 799 Crateri
410 777 475 797 vero
492 769 539 805 qui
557 769 690 796 cadebant
703 768 780 802 juxta
797 776 895 803 aquas,
907 772 934 795 et
949 776 1004 796 non
1024 773 1152 804 poterant
1169 769 1240 797 volvi
1260 769 1287 796 in
1308 777 1405 804 aquas,
1425 770 1471 805 qui
1490 770 1572 797 sunt?
1584 770 1605 797 li
1622 776 1686 798 sunt
1703 772 1750 806 qui

117 817 235 844 verbum
247 817 403 849 audierunt,
421 816 544 844 volentes
560 816 691 851 baptizari
709 815 736 842 in
752 815 863 843 nomine
876 815 1002 849 Domini;
1016 816 1117 851 quibus
1133 824 1196 844 cum
1214 817 1288 844 venit
1311 817 1338 844 in
1355 816 1515 844 memoriam
1532 816 1662 844 sanctitas
1678 818 1751 844 veri-

117 864 196 895 tatis,
210 863 352 890 retrahunt
368 870 407 895 se,
426 862 621 898 ambulantque
638 870 736 890 rursus
758 866 820 897 post
839 862 975 889 desideria
993 869 1043 890 sua
1066 862 1194 890 scelesta.
1211 862 1420 890 Consummavit
1445 861 1528 897 igitur
1547 863 1749 891 enarrationem

117 908 290 944 turris..Ego
306 915 381 940 vero,
400 915 462 934 cum
480 907 568 934 adhuc
583 915 672 935 essem
690 907 832 942 improbus
849 906 918 942 (Ἡ),
936 907 1103 942 interrogavi
1120 908 1195 935 illam
1209 917 1215 935 ε
1230 908 1271 935 An
1289 908 1324 936 iis
1337 908 1464 935 omnibus
1481 907 1618 942 lapidibus
1633 909 1690 943 (25)
1702 909 1749 945 qui

116 956 234 990 projecti
252 959 328 987 sunt,
346 961 397 981 nec
412 954 612 981 conveniebant
628 954 655 981 in
668 958 835 981 structuram
847 953 943 986 turris,
954 961 989 980 an
1004 958 1046 980 est
1059 953 1236 988 paenitentia;
1248 958 1275 981 et
1291 953 1434 981 habebunt
1450 953 1507 989 (26)
1520 954 1611 982 locum
1630 956 1657 982 in
1674 960 1749 984 turre

118 1002 192 1029 hac?
210 1001 324 1033 llabent,
341 1000 442 1036 inquit,
460 998 668 1035 paenitentiam,
684 997 732 1025 sed
750 998 776 1024 in
795 997 847 1024 hac
867 1002 943 1024 turre
960 1004 1015 1024 nou
1034 1002 1150 1032 possunt
1166 998 1315 1026 convenire
1332 1008 1339 1032 ;
1359 998 1412 1025 alio
1424 1004 1515 1026 autem
1536 1000 1595 1027 loco
1613 1007 1749 1035 ponentur

118 1047 206 1074 multo
224 1046 373 1079 inferiore;
390 1050 417 1073 et
433 1046 485 1073 hoc
498 1044 565 1080 (27),
584 1052 645 1071 cum
661 1043 775 1071 cruciati
790 1042 902 1076 fuerint,
919 1048 946 1070 et
958 1043 1129 1078 impleverint
1139 1044 1197 1071 dies
1209 1049 1383 1079 peccatorum
1395 1054 1519 1075 suorum.
1531 1047 1566 1075 Et
1578 1054 1685 1083 propter
1696 1049 1749 1077 hoc

118 1095 329 1127 transferentur,
346 1094 477 1129 quoniam
498 1096 677 1129 perceperunt
692 1091 805 1118 verbum
822 1091 927 1125 justum
946 1091 1013 1126 (28).
1032 1090 1065 1118 Et
1084 1094 1149 1118 tunc
1164 1091 1218 1118 illis
1235 1091 1376 1127 continget
1393 1094 1534 1121 transferri
1551 1095 1584 1122 de
1604 1096 1709 1130 poenis,
1723 1096 1748 1124 si

118 1143 296 1171 ascenderint
309 1143 337 1170 in
350 1142 433 1170 corda
448 1142 583 1176 ipsorum,
601 1145 685 1173 opera
699 1144 761 1172 quae
777 1137 883 1172 operati
905 1141 970 1172 sunt
987 1137 1113 1164 scelesta.
1135 1136 1213 1169 Quod
1231 1136 1255 1164 si
1271 1145 1327 1165 non
1345 1139 1520 1166 ascenderint
1536 1140 1563 1166 in
1581 1141 1661 1168 corda
1674 1141 1747 1176 ipso-

118 1197 195 1222 rum,
210 1197 263 1217 non
277 1192 359 1216 erunt
376 1187 442 1215 salvi
460 1190 568 1221 propter
582 1183 712 1211 duritiam
729 1182 820 1209 cordis
836 1181 890 1209 sui.

832 1240 949 1269 CAPUT
975 1240 1046 1267 Vlll.

156 1295 224 1324 Cum
239 1302 304 1330 ergo
316 1293 407 1321 destiti
420 1293 590 1326 interrogare
601 1290 658 1325 (29)
673 1289 746 1316 illam
763 1288 796 1315 de
811 1287 942 1316 omnibus
960 1287 1030 1319 istis,
1043 1287 1081 1313 ait
1098 1286 1164 1313 mihi
1188 1295 1194 1313 :
1213 1285 1260 1313 Vis
1277 1285 1352 1313 aliud
1370 1285 1480 1313 videre?
1493 1286 1617 1321 Cumque
1632 1287 1748 1322 cupidus

117 1349 208 1369 essem
228 1339 261 1367 ad
279 1340 436 1372 videndum,
453 1337 550 1365 hilaris
561 1336 650 1363 factus
668 1342 729 1363 sum
746 1334 833 1361 vultu.
852 1333 1014 1368 Respiciens
1031 1339 1075 1359 me
1086 1332 1214 1364 subrisit,
1233 1336 1260 1359 et
1275 1332 1314 1359 ait
1332 1331 1399 1358 mihi
1413 1340 1421 1358 :
1438 1330 1520 1359 Vides
1536 1337 1638 1367 septem
1651 1333 1748 1361 mulie—

117 1395 164 1415 res
182 1387 254 1414 circa
267 1385 381 1413 turrim?
393 1384 489 1417 Video,
506 1383 629 1417 inquam,
644 1380 765 1408 domina.
783 1378 879 1406 Turris
899 1378 967 1410 haec,
984 1378 1084 1412 inquit,
1097 1377 1137 1404 ab
1154 1377 1188 1404 iis
1200 1377 1256 1413 (50)
1273 1381 1450 1412 supponatur
1467 1379 1618 1405 secundum
1642 1387 1748 1414 przece-

117 1440 196 1470 ptum
214 1433 330 1462 Domini.
344 1432 415 1460 Audi
433 1437 506 1458 nunc
520 1429 633 1458 effectus
644 1434 759 1455 earum:
777 1425 868 1452 Prima
885 1424 995 1459 quidem
1009 1431 1104 1451 earum
1117 1431 1178 1459 quae
1194 1423 1317 1451 continet
1329 1431 1413 1451 manu
1431 1424 1498 1459 (51),
1514 1424 1593 1453 Fides
1611 1432 1745 1462 vocatur;

117 1469 167 1517 per
175 1481 244 1508 hanc
252 1479 318 1507 salvi
332 1479 396 1506 lient
405 1478 483 1505 electi
495 1475 553 1504 Dei.
565 1474 624 1502 Alia
638 1480 702 1500 vero
712 1479 772 1507 qua
783 1471 922 1499 succincta
934 1474 985 1502 est,
995 1474 1023 1497 et
1035 1469 1149 1496 viriliter
1163 1469 1227 1504 agit,
1242 1469 1412 1497 Abstinentia
1424 1470 1481 1506 (52)
1497 1477 1623 1506 vocatur;
1638 1473 1694 1501 haec
1711 1474 1746 1501 ﬁ-

118 1529 155 1555 lia
168 1532 210 1555 est
220 1526 305 1554 Fidei.
324 1524 456 1559 Quisquis
466 1530 531 1558 ergo
542 1525 653 1549 secutus
665 1519 747 1546 fuerit
763 1518 849 1548 illam.
866 1517 931 1544 felix
946 1516 992 1544 iiet
1005 1516 1032 1543 in
1045 1516 1099 1543 vita
1117 1523 1165 1543 sua
1175 1536 1183 1549 ,
1199 1516 1330 1551 quoniam
1347 1516 1381 1544 ab
1401 1518 1529 1545 omnibus
1542 1520 1670 1554 operibus
1686 1530 1746 1549 ma-

117 1573 154 1600 iis
168 1571 394 1606 abstinebit(55);
409 1568 523 1597 credens
536 1566 618 1602 quod,
630 1566 652 1593 si
670 1572 700 1592 se
714 1563 879 1592 continuerit
893 1568 929 1590 an
940 1562 1016 1589 omni
1026 1561 1258 1596 concupiscentia,
1272 1561 1358 1590 haeres
1369 1563 1421 1590 erit
1431 1563 1493 1591 vitae
1503 1569 1621 1593 aeternae.
1636 1566 1746 1596 Caetera:

117 1623 224 1651 autem,
239 1605 362 1652 inquam,
376 1615 497 1647 domina,
511 1613 632 1648 quinque
649 1618 710 1645 quae
725 1610 808 1637 sunt?
818 1608 895 1636 Filia
907 1628 914 1641 ,
937 1607 1036 1643 inquit,
1066 1607 1181 1634 invicem
1197 1611 1271 1635 sunt.
1289 1605 1408 1638 Vocatur
1420 1618 1511 1640 autem
1525 1615 1648 1649 quaedam
1671 1615 1745 1645 sim-

117 1669 239 1705 plicitas,
254 1667 307 1695 alia
323 1665 490 1697 innocentia,
504 1663 557 1690 alia
569 1660 712 1693 Modestis,
726 1660 778 1687 alia
797 1658 963 1694 Disciplina,
980 1657 1034 1684 alia
1048 1661 1139 1684 autem
1158 1656 1296 1684 Charitas.
1316 1657 1383 1685 Cum
1405 1668 1469 1696 ergo
1493 1665 1644 1692 servaveris
1663 1672 1745 1701 opera

117 1704 217 1742 matris
229 1720 335 1745 earum,
350 1711 441 1738 omnia
455 1710 556 1745 poteris
568 1707 715 1736 custodire.
728 1706 860 1734 Volebam
870 1704 1077 1738 scire,domina,
1089 1710 1171 1738 quam
1182 1710 1296 1737 quaeque
1308 1711 1400 1732 earum
1411 1706 1511 1736 habeat
1525 1710 1582 1746 (54)
1595 1712 1723 1739 virtutem
1734 1714 1746 1741 ρ

117 1761 199 1791 Audi,
225 1758 313 1794 inquit
330 1766 338 1785 :
353 1757 473 1784 Virtutes
488 1755 605 1791 aequales
628 1754 747 1786 habent;
766 1758 896 1780 connexae
918 1754 1008 1778 autem
1024 1750 1058 1777 ad
1076 1749 1191 1776 invicem
1213 1753 1277 1776 sunt
1291 1750 1406 1779 virtutes
1425 1760 1532 1787 earum,
1546 1759 1574 1783 et
1592 1763 1746 1791 sequuntur

118 1817 150 1837 se
163 1808 278 1836 invicem
290 1807 360 1834 sicut
371 1810 440 1833 natae
455 1808 528 1833 sunt.
540 1803 580 1830 Ex
591 1802 656 1830 Fide
669 1801 791 1829 nascitur
804 1799 985 1832 Abstinentia,
1001 1801 1035 1826 de
1047 1798 1218 1825 Ahstinentia
1231 1797 1412 1833 Simplicitas,
1426 1798 1459 1826 de
1467 1800 1645 1835 Simplicitate
1661 1802 1743 1830 Inno-

119 1853 223 1885 centia,
240 1850 437 1879 delnnocentia
452 1849 593 1882 Modestia,
606 1850 639 1877 de
650 1848 781 1876 Modestis
795 1847 941 1882 Disciplina
951 1851 977 1874 et
990 1845 1115 1873 Charitas
1124 1845 1192 1882 (55).
1202 1845 1303 1873 Harum
1316 1853 1382 1881 ergo
1394 1854 1475 1881 opera
1488 1853 1592 1881 sancta,
1601 1853 1627 1876 et
1635 1850 1743 1885 pudica,

118 1905 148 1927 et
158 1904 232 1926 recta
243 1903 316 1925 sunt.
325 1896 487 1931 Quicunque
494 1905 558 1932 ergo
569 1895 694 1923 servierit
702 1894 754 1927 his,
763 1898 791 1921 et
802 1893 946 1921 invaluerit
953 1892 1009 1927 (56)
1020 1896 1110 1919 tenere
1118 1899 1200 1926 opera
1210 1899 1313 1924 earum,
1321 1892 1348 1919 in
1361 1891 1429 1920 turri
1438 1891 1547 1919 habebit
1559 1892 1743 1921 habitaculum

119 1954 184 1975 cum
200 1945 301 1973 sanctis
313 1943 369 1972 Dei.
384 1943 548 1978 interrogavi
563 1942 636 1969 illam
649 1941 683 1969 dc
696 1940 875 1975 temporibus,
888 1938 975 1974 sijam
990 1938 1190 1966 consummatio
1202 1942 1244 1965 est
1253 1938 1308 1970 (57)
1318 1938 1329 1964 ἲ
1339 1938 1385 1965 illa
1399 1942 1490 1965 autem
1500 1938 1663 1967 exclamavit
1676 1947 1744 1969 voce

119 2002 233 2029 magna,
242 1993 353 2021 dicens:
367 1992 506 2019 lnsensate
517 1991 615 2018 homo!
629 1996 718 2017 nonne
731 1988 806 2016 vides
818 1986 913 2014 turrim
925 1993 1031 2021 semper
1043 1984 1169 2013 mdificari
1179 1984 1248 2021 (58)?
1260 1982 1375 2018 Quando
1387 1994 1451 2022 ergo
1462 1994 1650 2016 consummata
1660 1988 1742 2017 fuerit

119 2041 208 2068 turris
217 2044 243 2067 et
255 2039 397 2070 aedificata,
407 2037 488 2065 habet
501 2036 594 2069 linem;
605 2035 651 2063 sed
664 2039 691 2063 et
702 2034 757 2062 cito
768 2031 1014 2061 consummabitur.
1024 2030 1086 2058 Noli
1097 2039 1141 2058 me
1151 2031 1268 2066 amplius
1279 2031 1446 2067 interrogare
1453 2034 1611 2069 quidquam.
1623 2034 1744 2062 sumciat

120 2088 172 2116 tibi
186 2092 213 2115 et
228 2087 358 2114 omnibus
371 2084 474 2113 sanctis
485 2082 712 2112 commemoratio
726 2082 789 2114 ista,
804 2085 832 2108 et
841 2080 984 2107 renovatio
999 2079 1146 2115 spirituum
1162 2084 1324 2107 vestrorum.
1340 2078 1394 2107 Sed
1407 2087 1460 2107 non
1473 2080 1521 2108 tibi
1535 2081 1592 2108 haec
1603 2081 1653 2109 soli
1664 2088 1741 2109 reve-

661 2142 779 2171 VARle
798 2140 991 2169 LECTlONES
1010 2140 1055 2169 ET
1076 2139 1194 2167 ΝΟΤᾸΞ.

158 2194 215 2230 (20)
233 2193 310 2230 Bodl.
323 2194 385 2230 add.
398 2202 483 2220 suum.

158 2231 216 2264 (2t)
233 2229 328 2264 Lamb.
341 2229 382 2255 Ad
402 2233 436 2256 te.

156 2262 216 2300 (22)
235 2264 283 2292 Ms.
297 2263 325 2291 S.
338 2264 429 2300 Germ.
444 2268 470 2292 et
481 2262 576 2300 Lamb.
592 2262 745 2300 relinquent.

154 2297 213 2336 ('25)
229 2300 307 2336 Bodl.
324 2304 349 2327 et
363 2299 458 2336 Lamb.
474 2299 500 2325 in
512 2298 563 2336 ﬁne
575 2297 763 2336 abscesserunt.

157 2331 216 2370 (2t)
234 2335 329 2362 Lamb.
342 2342 388 2370 ego
402 2335 459 2370 qui,
471 2331 530 2361 curn
543 2333 677 2368 improbus
691 2340 782 2360 essent.
797 2331 902 2358 Fellus:

119 2371 179 2407 Ego
189 2378 263 2407 ivero,
276 2371 320 2407 qui
331 2378 400 2407 εαξη.

158 2406 215 2438 (25)
231 2402 307 2432 Bodl.
321 2410 348 2432 et
363 2404 457 2431 Lamb.
476 2404 516 2431 Αιι
535 2403 555 2431 ii
568 2411 655 2430 omnes
670 2402 804 2437 lapides...
825 2402 849 2438 si
866 2407 904 2427 est

119 2437 189 2469 illis.
209 2437 291 2467 Editt.
312 2439 377 2467 Fell.
391 2444 418 2466 et
433 2439 539 2466 Russel.
553 2439 682 2466 omittunt
696 2446 730 2464 an
742 2437 902 2467 secundum,

119 2476 195 2512 quod
217 2476 253 2512 al.
273 2475 412 2502 exhibent.
425 2474 461 2512 _Et
482 2474 591 2508 quidem
615 2473 766 2500 redundare
787 2472 902 2502 videtur,

120 2510 176 2539 nisi
188 2511 267 2538 malis
282 2520 288 2537 :
305 2518 338 2536 an
356 2514 405 2541 est,
422 2510 540 2544 inquam.

158 2546 216 2582 (26)
230 2542 498 2582 Lamb._habeb_un_iur
509 2544 546 2571 in.
562 2543 628 2577 Quae
642 2542 716 2570 varia
731 2542 811 2570 lectio
827 2549 904 2569 mcu-

120 2579 189 2610 doSe
207 2579 276 2616 apud
292 2579 395 2616 fabric.
413 2580 536 2616 habetur.

157 2614 280 2651 (27)}is.
295 2614 322 2642 S.
338 2615 429 2651 Germ.
445 2615 493 2641 hoc
507 2614 574 2642 loco.

157 2650 215 2687 (28)
228 2650 325 2687 Lamb.
344 2650 424 2687 istud.

157 2683 215 2722 (29)
226 2685 321 2712 Lamb.
336 2685 416 2712 ἀίείυί
428 2684 623 2719 interrogando.
636 2684 712 2712 Bodl.
727 2690 845 2718 quoque,
855 2683 900 2709 de-

120 2730 180 2749 ³1191.

158 2756 216 2790 (50)
234 2756 284 2783 Ms.
303 2754 332 2782 S.
354 2754 421 2782 Vict.
437 2755 477 2781 his
496 2755 575 2782 albis.

158 2757 205 2790 (50
234 2757 284 2783 Ms.
303 2757 332 2782 S.
354 2757 421 2782 Vict.
437 2757 477 2781 his
496 2757 575 2782 albis.

158 2757 216 2827 (5i;
233 2791 328 2818 Manus
341 2795 490 2824 contracta,
510 2790 658 2827 inquitﬂhic
676 2789 782 2827 Fellus,
802 2788 899 2816 rectis-

120 2825 191 2855 sime
206 2825 288 2854 iidem
306 2830 498 2859 repraesentat,
513 2834 566 2860 qua
588 2826 679 2853 divina
697 2825 830 2860 promissa
851 2831 899 2860 ap-

120 2861 327 2891 urehendimus.
341 2860 425 2895 Magis
436 2859 529 2887 tamen
538 2861 571 2888 ad
585 2869 653 2894 rem,
665 2867 695 2888 ut
710 2860 824 2893 videtur,
838 2859 897 2886 ειυ-

261 2912 396 2941 l'A'l'ROL.
419 2909 477 2939 Gn.
502 2909 542 2938 ll.

959 2197 1036 2216 mens
1063 2188 1139 2215 Alex.
1164 2188 1213 2224 qui
1235 2189 1344 2222 Στρωμ.
1364 2187 1412 2215 lib.
1428 2195 1470 2224 HL
1480 2195 1539 2224 cap.
1560 2187 1602 2220 l2,
1618 2188 1658 2224 sic
1674 2187 1741 2215 Her—

959 2232 1031 2252 mam
1046 2224 1153 2258 supplet
1167 2222 1193 2251 et
1207 2223 1418 2258 interpretatur:
1439 2223 1471 2249 Ἦ
1486 2222 1576 2249 τοίνυν
1593 2222 1740 2259 συνέχουσα

956 2260 1006 2295 τὴν
1026 2259 1196 2295 Ἰὡφιληινίοινἴ

992 2295 1049 2329 (52)
1070 2292 1164 2321 Lamb.
1178 2294 1356 2322 Continentia.
1379 2293 1425 2321 Sic
1442 2298 1469 2321 et
1481 2292 1606 2321 Clemens
1622 2292 1699 2321 Alex.
1719 2293 1739 2322 Ι.

956 2337 981 2357 c.
991 2329 1147 2365 ὲγκράςπεια.

995 2363 1051 2398 (55)
1073 2364 1168 2392 Lamb.
1190 2364 1253 2392 add.
1278 2373 1305 2392 se
1318 2373 1328 2392 .'
1347 2364 1471 2401 ettpaulo
1491 2367 1564 2399 post,
1580 2363 1738 2391 abstinuerit

955 2407 1004 2435 pro
1016 2400 1186 2428 continuerit.

991 2435 1048 2471 (54)
1068 2435 1162 2462 Lamb.
1183 2435 1291 2463 Volo....
1304 2443 1411 2470 qumque
1422 2442 1502 2471 quant
1513 2435 1565 2471 vim
1571 2432 1670 2471 [gallant
1678 2433 1739 2460 illa-

955 2468 1013 2497 rum
1027 2468 1051 2497 et
1068 2471 1199 2498 virtutem.
1212 2468 1410 2498 Fellus'addit:
1429 2468 1463 2497 Et
1475 2470 1532 2496 dixi
1544 2477 1554 2496 :
1571 2468 1646 2496 Vola.

991 2506 1054 2541 (55)?
1069 2504 1184 2533 Sensum
1196 2506 1278 2541 hujus
1289 2506 1340 2534 loci
1353 2510 1428 2540 putat
1437 2504 1477 2532 Cl.
1491 2504 1737 2541 Potterusexprcs-

954 2538 1025 2568 sisSe
1038 2538 1205 2568 Clementem
1218 2538 1296 2568 Klex.
1312 2541 1331 2568 l.
1348 2538 1372 2568 ὁ.
1397 2541 1470 2568 hisce
1488 2538 1577 2566 verbis
1591 2546 1597 2564 ε
1613 2539 1667 2565 Καὶ
1682 2539 1734 2565 πά-

953 2576 1008 2611 λιν·
1026 2576 1191 2611 Προηγεϊται
1206 2576 1255 2611 μὲν
1270 2576 1373 2606 πίστις·
1388 2575 1468 2610 φόϐος
1478 2575 1506 2601 δὲ
1518 2573 1666 2611 οἰκρδιξμεῐ·
1690 2581 1735 2611 1e-

953 2585 1008 2602 Λιν·
1026 2585 1191 2611 ιιροηγειται
1227 2585 1255 2603 εν
1270 2585 1373 2606 πιστις·
1388 2585 1468 2610 φοοος
1478 2585 1506 2601 οε
1518 2585 1605 2600 οικυου
1629 2585 1666 2599 Ει-
1690 2585 1731 2599 τε-

952 2610 1019 2647 λειοί
1030 2610 1081 2645 δὲή
1093 2585 1234 2647 ἀγάπῃῖξ
1249 2616 1290 2639 est
1302 2619 1308 2637 :
1328 2611 1361 2637 Et
1375 2618 1466 2637 rursus
1484 2608 1584 2647 (inquit
1597 2585 1731 2647 li‘ermas):

952 2644 1083 2673 Praecedit
1098 2644 1201 2681 quidem
1216 2646 1292 2681 ﬁdes,
1316 2647 1395 2673 timor
1409 2653 1466 2673 vero
1486 2644 1612 2678 aediﬁcat,
1630 2644 1733 2677 perﬁcit

952 2686 1040 2708 autem
1058 2681 1186 2708 chariJas.

982 2716 1101 2777 [(156)18ic
1116 2724 1181 2744 mss.
1196 2716 1224 2744 S.
1239 2714 1500 2750 Vict.,Carm.,Bodl.
1514 2718 1540 2742 ct
1552 2712 1649 2740 Lamb.
1661 2712 1733 2741 Editi

1012 2760 1048 2777 ert
1065 2771 1073 2777 .

951 2757 1073 2778 voluerit.

986 2786 1042 2820 (57)
1062 2786 1157 2814 Lamb.
1172 2792 1249 2815 esset.

986 2822 1042 2856 (58)
1063 2822 1156 2849 Lamb.
1169 2822 1305 2850 Iasensate
1319 2826 1406 2849 autem
1420 2819 1513 2847 homo!
1522 2827 1582 2847 num
1591 2819 1661 2847 vides
1676 2824 1732 2847 tuo

953 2857 1002 2886 tim
1017 2866 1094 2892 super
1106 2857 1245 2893 aediﬁcari.
