4040 6322
586 329 692 391 907
2027 319 2083 372 S.
2126 316 2181 371 ill

2162 311 2387 371 [Elith
3018 260 3021 261 ν
3679 304 3757 358 908

589 454 699 505 lata
731 455 887 513 sunt;
919 444 1010 500 sed
1040 449 1100 497 ut
1131 439 1387 496 omnibus
1411 440 1753 495 demonstres
1779 452 1864 491 ea.
1909 436 2039 489 Post
2084 435 2323 488 triduum
2365 428 2508 483 enim
2555 424 2857 493 intelligere
2895 431 2949 474 te
2989 424 3220 488 oportet,
3249 412 3471 475 llerma,
3497 410 3640 463 verba
3674 412 3763 464 lure

589 558 714 613 qua
736 540 833 595 tibi
864 538 1064 606 incipio
1096 536 1299 597 dicere,
1319 544 1379 589 ut
1400 535 1645 605 loquaris
1673 546 1736 587 ea
1766 532 1818 585 in
1843 531 2069 585 auribus
2092 527 2204 598 ('59)
2233 534 2569 583 sanctorum,
2590 535 2647 576 ut
2671 521 2953 575 audientes
2981 531 3041 569 ea
3068 526 3193 567 eum
3236 508 3491 571 fecerint,
3519 505 3765 559 emunden-

590 648 681 694 tur
704 654 734 692 a
763 635 1023 706 nequitiis
1053 632 1198 698 suis;
1231 629 1324 685 sed
1348 632 1402 680 et
1425 635 1480 679 tu
1518 639 1641 678 eum
1678 622 1802 676 illis.

2008 728 2235 786 CAPUT
2290 728 2383 784 1X.

661 846 861 901 Audite
891 856 978 897 me
1005 856 1159 910 ergo,
1186 839 1280 893 lilii
1315 852 1328 889 :
1360 835 1471 905 Ego
1491 849 1591 889 vos
1614 830 1849 887 enutrivi
1876 829 1929 882 in
1955 828 2124 882 multa
2156 824 2522 893 simplicitate,
2556 830 2607 875 et
2636 818 2965 882 innocentia,
3006 822 3061 869 et
3092 810 3381 875 modestia,
3404 816 3613 878 propter
3640 806 3772 859 mise-

591 938 883 995 ricordiam
912 936 1005 990 Dei
1033 949 1156 1003 qua:
1191 947 1352 1002 super
1371 902 1467 985 vos
1495 928 1717 984 stillavit
1738 928 1792 980 in
1822 925 2035 996 justitia
2061 942 2075 989 ;
2113 932 2172 977 ut
2196 918 2614 975 sanctilicemini
2645 924 2698 970 et
2722 912 3100 985 justifieemini
3140 908 3251 979 (40)
3285 908 3354 960 ab
3379 905 3526 959 omni
3555 902 3758 971 nequitia

590 1042 644 1086 et
672 1030 819 1085 omni
846 1028 1141 1097 pravitate;
1173 1039 1269 1078 vos
1301 1031 1478 1075 autem
1506 1036 1613 1074 non
1636 1018 1797 1071 vultis
1824 1015 2163 1085 requiescere
2187 1028 2216 1065 a
2239 1010 2497 1079 nequitiis
2526 1008 2736 1062 vestris.
2764 1004 2918 1058 Nune
2935 1019 3062 1072 ergo
3090 1006 3272 1060 audite
3299 1019 3408 1067 me,
3432 1010 3484 1055 et
3512 1015 3678 1069 pacem
3701 999 3777 1050 tu.

592 1123 715 1177 hete
750 1121 890 1173 alius
912 1134 1035 1173 cum
1068 1118 1173 1170 alio
1207 1114 1345 1186 (ΑΗ),
1376 1120 1428 1167 et
1449 1112 1662 1165 visitate
1685 1124 1782 1162 vos
1806 1106 2149 1168 alterutrum,
2181 1111 2235 1157 et
2260 1100 2521 1169 suscipite
2552 1113 2648 1152 vos
2680 1096 2909 1150 invicem
2938 1135 2954 1161 ,
2988 1103 3041 1147 et
3091 1096 3257 1149 nolite
3295 1094 3397 1147 soli
3430 1097 3689 1144 creaturas
3708 1085 3778 1138 Dei

591 1220 870 1289 percipere
898 1216 976 1281 68;
1008 1213 1374 1268 abundantius
1406 1211 1567 1264 etiam
1617 1207 1889 1277 impertite
1909 1204 2211 1275 egentibus.
2234 1199 2466 1265 Quidam
2507 1198 2650 1251 enim
2684 1193 3056 1263 compluribus
3085 1191 3221 1246 cibis
3252 1186 3615 1241 infirmitatem
3638 1181 3780 1235 carnis

594 1331 709 1369 suae
759 1312 1116 1376 contrahunt,
1163 1319 1215 1363 et
1242 1308 1446 1362 violant
1479 1320 1699 1359 carnem
1752 1317 1908 1357 suam
1942 1300 2077 1369 (42).
2121 1298 2369 1350 Aliorum
2405 1303 2587 1347 autem
2637 1292 2729 1361 qui
2762 1305 2866 1343 non
2903 1287 3105 1341 habent
3153 1296 3334 1341 escas,
3390 1271 3662 1329 marcescit
3684 1282 3782 1323 caro

592 1409 861 1477 ipsorum,
893 1412 1114 1474 propter
1150 1404 1201 1458 id
1236 1404 1507 1473 quodnon
1540 1402 1738 1455 habent
1761 1398 2115 1454 sufﬁcientem
2145 1395 2324 1448 cibum
2352 1410 2366 1457 ;
2398 1400 2451 1445 et
2470 1388 2812 1444 consumitur
2843 1398 3043 1453 corpus
3065 1393 3275 1435 eorum.
3298 1369 3599 1441 Hmcigitur
3621 1368 3782 1421 intem-

594 1498 842 1568 perantia
876 1495 1066 1550 nociva
1102 1502 1189 1548 est
1214 1462 1391 1557 vobis,
1426 1490 1754 1545 habentibus
1780 1496 1833 1541 et
1861 1502 1968 1539 non
2000 1479 2538 1539 communicantibus
2569 1477 2634 1531 iis
2664 1474 2757 1545 qui
2780 1481 2957 1543 egent.
2983 1469 3256 1522 Attendite
3278 1462 3547 1533 judicium
3573 1469 3781 1526 superve-

595 1592 773 1646 niens.
801 1588 905 1655 Qui
934 1584 1325 1641 eminentiores
1354 1583 1508 1648 estis,
1543 1582 1802 1650 inquirite
1831 1578 2156 1641 esurientes,
2198 1576 2326 1627 dum
2367 1572 2546 1625 adhuc
2579 1568 2745 1623 turris
2791 1581 2899 1619 non
2950 1571 3034 1617 est
3078 1564 3483 1615 consummata.
3532 1550 3782 1618 Postquam

594 1685 740 1739 enim
769 1688 1151 1737 consummata
1182 1675 1349 1731 fuerit
1372 1677 1543 1730 turris
1564 1716 1577 1740 ,
1614 1674 1813 1729 voletis
1837 1673 2175 1738 benefacere,
2210 1679 2263 1724 et
2293 1685 2399 1723 non
2426 1665 2691 1722 habebitis
2742 1665 2942 1719 locum.
2975 1658 3165 1711 Videte
3194 1667 3326 1722 ergo
3354 1664 3476 1713 vos.
3508 1649 3597 1716 (ιιιί
3625 1646 3787 1715 ϐιοτη-

596 1776 731 1829 mini
765 1774 820 1827 in
844 1772 1049 1827 divitiis
1075 1769 1290 1829 vestris,
1326 1783 1393 1821 ne
1423 1766 1563 1821 forte
1595 1766 1956 1835 ingemiscant
1980 1764 2015 1816 ii
2050 1764 2145 1833 qui
2166 1770 2347 1833 egent,
2380 1770 2433 1813 et
2464 1759 2700 1829 gemitus
2726 1771 2919 1811 eorum
2950 1748 3209 1808 ascendat
3260 1745 3328 1798 ad
3364 1741 3646 1795 Dominum
3668 1737 3722 1805 ⁶’,
3746 1748 3785 1791 et

595 1864 967 1922 cxcludamini
998 1877 1120 1916 cum
1161 1860 1318 1914 bonis
1350 1859 1548 1913 vestris
1593 1865 1746 1911 extra
1788 1857 2015 1925 janttam
2060 1854 2251 1907 turris.
2298 1850 2453 1904 Nunc
2485 1851 2667 1918 itaque
2700 1847 2853 1900 vobis
2878 1844 3021 1909 dico,
3054 1840 3148 1910 qui
3194 1834 3444 1907 praeestis
3473 1828 3726 1891 Ecclesiae,
3747 1837 3787 1881 et

597 1958 796 2014 amatis
820 1956 1027 2025 primos
1051 1949 1412 2006 consessus"o
1436 1948 1547 2017 (45)
1575 1962 1589 1998 :
1614 1920 2013 2000 nolitetsimiles
2041 1943 2158 1997 ﬁeri
2186 1941 2470 1996 maleficis.
2503 1938 2568 1992 Et
2598 1936 2828 1991 maleﬁci
2865 1935 3081 2005 quidem
3111 1943 3321 1983 venena
3348 1940 3447 1979 sua
3468 1924 3521 1977 in
3543 1920 3785 1992 pyxidibus

598 2023 845 2121 bajulant
893 2046 1044 2120 (M);
1076 2061 1173 2099 vos
1224 2052 1404 2098 autem
1438 2057 1705 2096 venenum
1734 2049 1976 2095 vestrum
2029 2048 2082 2093 et
2112 2038 2465 2107 pharmaeum
2499 2035 2612 2106 (45)
2640 2034 2697 2087 in
2728 2032 2892 2087 corde
2923 2030 3236 2096 continetis,
3268 2037 3324 2083 et
3362 2042 3474 2081 non
3511 2023 3665 2078 vultis
3686 2036 3788 2091 pura

596 2160 728 2211 gare
757 2142 923 2197 corda
952 2147 1155 2201 vestra,
1178 2144 1233 2190 et
1271 2134 1600 2204 permiscere
1625 2148 1845 2188 sensum
1879 2141 2120 2186 vestrum
2148 2146 2285 2203 puro
2314 2129 2487 2194 cordi,
2510 2137 2571 2182 ut
2602 2127 2849 2181 habeatis
2894 2124 3330 2181 misericordiam
3369 2137 3399 2175 a
3446 2118 3587 2189 Rege
3609 2130 3786 2185 magno.

599 2234 789 2289 Videte
808 2247 960 2301 ergo,
1005 2228 1124 2293 filii,
1156 2242 1224 2281 ne
1252 2224 1390 2281 forte
1418 2226 1501 2279 ha:
1529 2225 1901 2279 dissensiones
1942 2232 2137 2278 vestrae
2190 2222 2444 2276 fraudent
2481 2222 2649 2274 vitam
2683 2229 2938 2275 vestram.
2990 2218 3277 2299 Quomodo
3301 2232 3401 2270 vos
3430 2213 3639 2270 erudire
3662 2208 3789 2263 vultis

600 2334 806 2388 electos
842 2329 959 2395 Dei,
992 2341 1117 2381 cum
1150 2324 1251 2395 ipsi
1284 2336 1393 2377 non
1420 2319 1666 2374 habeatis
1696 2318 2080 2389 disciplinam?
2109 2318 2465 2371 Commonete
2487 2331 2617 2385 ergo
2646 2331 2746 2370 vos
2776 2316 3007 2369 invicem
3038 2288 3116 2379 τίς
3136 2312 3431 2383 pacatique
3479 2316 3644 2365 estate
3682 2306 3789 2359 inter

602 2444 704 2485 vos
729 2428 842 2499 (46)
862 2466 878 2495 ,
917 2435 978 2481 ut
1005 2435 1058 2479 et
1086 2439 1185 2494 ego
1221 2433 1403 2476 coram
1428 2416 1587 2472 Patre
1622 2428 1805 2471 vestro
1841 2425 2048 2480 astans,
2082 2398 2349 2470 rationem
2373 2413 2591 2470 reddam
2622 2427 2721 2482 pro
2745 2411 2897 2467 vobis
2924 2409 3173 2467 Domino.

2030 2532 2261 2589 CAPUT
2300 2532 2370 2588 X.

673 2637 921 2704 Cumque
964 2629 1219 2685 desiisset
1276 2641 1491 2681 mecum
1538 2627 1709 2697 loqui,
1765 2635 2031 2680 venerunt
2083 2625 2160 2678 illi
2205 2640 2300 2680 sex
2344 2625 2597 2694 juvenes,
2644 2623 2739 2694 qui
2787 2621 3148 2688 aedificabant,
3188 2628 3241 2675 et
3280 2620 3532 2675 tulerunt
3570 2615 3702 2670 illam
3742 2614 3793 2666 ad

603 2738 802 2794 turrim
829 2733 974 2803 (47);
1002 2740 1056 2784 et
1080 2727 1173 2780 alii
1208 2732 1443 2793 quatuor
1467 2718 1807 2774 sustulerunt
1836 2716 2177 2782 subsellium,
2209 2724 2264 2770 et
2298 2715 2551 2770 abierunt
2578 2714 2684 2783 ipsi
2709 2714 2905 2767 iterum
2940 2713 2992 2765 in
3016 2710 3234 2764 turrim.
3269 2708 3479 2761 llorum
3510 2705 3686 2760 faciem
3710 2716 3792 2755 non

604 2827 736 2890 vidi,
768 2820 1030 2892 quoniam
1057 2816 1237 2870 aversi
1262 2816 1437 2864 erant.
1464 2806 1694 2859 Euntem
1729 2805 1877 2857 illam
1911 2804 2197 2873 rogabam,
2224 2812 2285 2857 ut
2326 2802 2459 2857 mihi
2509 2803 2778 2857 revelaret
2803 2802 2869 2857 de
2896 2803 3070 2855 tribus
3100 2799 3311 2870 figuris,
3363 2799 3418 2851 in
3456 2796 3649 2867 quibus
3687 2790 3792 2846 milii

608 2882 881 2991 apparuit.
912 2908 1268 2982 Respondens
1299 2907 1478 2955 autem
1513 2894 1670 2959 mihi,
1697 2894 1831 2947 dixit
1862 2910 1875 2945 :
1902 2893 1976 2947 De
2002 2894 2085 2947 his
2108 2894 2273 2948 alium
2306 2903 2357 2947 te
2390 2903 2605 2963 oportet
2636 2894 2993 2963 interrogare,
3019 2902 3081 2946 ut
3108 2890 3207 2944 tibi
3230 2888 3525 2943 reveletur.
3570 2882 3793 2954 Apparuit

606 2981 794 3066 auiam
841 3006 997 3068 mihi,
1023 2981 1246 3054 il'ratres
1278 2988 1415 3063 (48),
1465 2985 1639 3053 prima
1673 2982 1882 3037 visione
1926 2997 2072 3035 anno
2104 2982 2387 3050 superiore
2417 2982 2568 3035 valde
2597 2998 2755 3049 anus,
2780 2991 2834 3036 et
2868 2984 2921 3035 in
2950 2982 3209 3038 cathedra
3252 2983 3474 3037 sedens.
3507 2981 3618 3033 Alia
3646 2988 3794 3031 autem

608 3105 839 3168 visione,
868 3099 1057 3153 faciem
1082 3092 1296 3164 quidem
1330 3080 1627 3154 juvenilem
1658 3080 1914 3145 habebat,
1942 3094 2159 3133 carnem
2197 3089 2379 3134 autem
2400 3088 2454 3135 et
2482 3080 2709 3149 capillos
2738 3081 2941 3147 aniles;
3004 3089 3059 3135 et
3098 3090 3249 3135 stans
3300 3079 3439 3133 mihi
3483 3078 3792 3148 loquebatur.

611 3199 836 3253 hilarior
874 3202 1052 3246 autem
1083 3194 1199 3242 erat
1221 3195 1385 3252 quam
1420 3176 1531 3247 (49)
1558 3176 1817 3246 primum.
1856 3173 2037 3227 Tertia
2067 3181 2248 3226 autem
2281 3170 2513 3235 visione,
2564 3180 2675 3224 tota
2718 3171 2909 3239 junior
2936 3180 3071 3237 erat,
3102 3180 3155 3225 et
3182 3179 3408 3240 aspectu
3443 3170 3667 3231 decora;
3703 3176 3796 3218 tan-

609 3304 727 3347 tum
757 3289 899 3360 quod
926 3286 1037 3356 (50)
1078 3280 1303 3351 capillos
1334 3277 1508 3331 aniles
1538 3273 1772 3329 habebat
1788 3289 1815 3347 ε
1848 3270 2039 3324 hilaris
2068 3280 2247 3323 autem
2285 3265 2425 3322 facie
2450 3274 2586 3332 erat,
2616 3274 2669 3320 et
2699 3282 2861 3337 super
2890 3266 3209 3322 subsellium
3233 3265 3457 3319 sedens.
3488 3262 3562 3316 De
3586 3262 3662 3315 his
3690 3259 3797 3328 ipsis

610 3396 842 3445 maestus
872 3398 1022 3439 eram
1053 3379 1232 3442 valde,
1266 3375 1439 3429 donec
1466 3382 1855 3442 cognoscerem
1886 3366 2154 3420 visionem
2192 3363 2304 3434 (5i)
2338 3362 2501 3417 hanc.
2539 3360 2704 3415 Video
2732 3377 2897 3415 anum
2931 3362 3077 3415 illam
3114 3363 3168 3416 in
3198 3362 3312 3416 visu
3342 3361 3525 3414 noctis
3565 3359 3795 3411 dicentem

612 3480 744 3537 mihi
772 3498 785 3533 ε
816 3474 1005 3532 Omnis
1036 3470 1244 3541 rogatio
1272 3469 1578 3523 humilitate
1629 3473 1749 3537 eget
1777 3463 1912 3535 (52).
1942 3462 2138 3532 Jejuna
2189 3476 2341 3531 ergo,
2372 3469 2427 3515 et
2450 3460 2720 3531 percipies
2753 3476 2783 3514 a
2818 3460 3047 3516 Domino
3075 3461 3220 3530 quod
3272 3460 3543 3529 postulas.
3586 3452 3797 3526 Jejunavi

612 3589 743 3646 ergo
772 3572 913 3626 diem
958 3582 1140 3621 unam.
1175 3562 1376 3617 Eadem
1414 3570 1573 3617 nocte
1616 3557 1867 3628 apparuit
1906 3556 2039 3610 mihi
2067 3553 2306 3624 juvenis,
2338 3563 2390 3607 et
2418 3553 2532 3606 ait:
2580 3552 2718 3618 Quid
2744 3562 2799 3606 tu
2849 3552 3160 3622 frequenter
3206 3555 3347 3625 petis
3390 3553 3733 3610 revelationes
3756 3548 3797 3601 in

615 3641 899 3721 oratione?
937 3657 1088 3723 Vide,
1117 3671 1183 3709 ne
1217 3654 1387 3708 multa
1416 3650 1704 3722 postulans
1754 3662 1951 3703 noceas
1995 3645 2147 3701 carni
2182 3653 2308 3698 tuae.
2356 3642 2635 3698 Sufﬁciunt
2677 3645 2770 3697 tibi
2820 3644 3176 3700 revelationes
3206 3646 3307 3700 lue.
3334 3644 3593 3715 Nunquid
3626 3641 3796 3712 poteris

614 3756 872 3813 fortiores
896 3748 1254 3806 revelationes
1280 3743 1490 3809 videre,
1515 3756 1679 3811 quam
1708 3754 1847 3810 quas
1878 3737 2096 3791 vidisti?
2124 3733 2479 3804 Respondeas
2519 3734 2569 3788 ei
2602 3733 2726 3787 dico
2759 3750 2771 3785 :
2808 3734 3055 3801 Domina,
3090 3735 3193 3792 hoc
3236 3740 3415 3793 solum
3455 3748 3579 3808 peto
3608 3753 3694 3806 pro
3724 3734 3798 3787 tri-

615 3856 720 3911 bus
752 3849 940 3923 liguris
959 3846 1105 3900 illius
1132 3857 1291 3907 anus,
1322 3846 1382 3892 ut
1405 3838 1615 3907 integra
1645 3835 1737 3889 fiat
1760 3834 2039 3888 revelatio.
2076 3830 2375 3899 Respondit
2401 3828 2571 3883 mihi:
2614 3826 2722 3883 Vos
2748 3844 2855 3883 non
2879 3829 3140 3884 insensati
3166 3832 3327 3895 estis;
3355 3833 3449 3887 sed
3474 3830 3800 3886 dubitationes

616 3952 809 3999 vestras
850 3955 949 3994 vos
992 3939 1297 3992 insensatos
1346 3931 1591 4000 faciunt,
1629 3946 1694 3986 eo
1723 3930 1870 4000 quod
1904 3928 2014 3999 (55)
2048 3942 2159 3982 non
2186 3925 2432 3980 habeatis
2461 3940 2557 3980 cor
2602 3934 2854 3981 vestrum
2892 3926 2959 3980 ad
2987 3926 3297 3983 Dominum.
3335 3927 3609 3999 Respondi
3638 3926 3722 3987 illi,
3760 3932 3799 3976 et

616 4036 728 4092 dixi
760 4053 774 4086 :
812 4031 919 4087 Sed
963 4044 995 4084 a
1023 4037 1076 4083 te
1102 4042 1164 4081 ea
1189 4023 1501 4094 diligentius
1529 4036 1921 4093 cognoscemus
1946 4020 2080 4089 (54).

2058 4133 2285 4189 CAPUT
2332 4135 2423 4190 ΧΙ.

689 4247 848 4313 Audi,
882 4242 1076 4314 inquit,
1107 4242 1173 4296 de
1198 4235 1385 4309 ﬁguris
1414 4248 1553 4304 quas
1583 4230 1817 4301 inquiris
1869 4229 2004 4299 (55).
2054 4230 2113 4283 ln
2156 4231 2331 4301 prima
2371 4231 2589 4301 quidem
2619 4232 2848 4298 visione,
2881 4247 3051 4301 quare
3082 4247 3221 4286 anns
3270 4230 3365 4285 tibi
3400 4233 3644 4302 apparuit
3666 4244 3799 4299 super

620 4337 934 4392 cathedram
972 4332 1200 4397 sedens;
1235 4324 1494 4399 quoniam
1519 4322 1741 4392 spiritus
1773 4330 1948 4374 vester
1978 4321 2274 4390 antiquior,
2302 4322 2465 4376 etiam
2493 4324 2765 4378 marcidus
2796 4333 2898 4388 est,
2926 4335 2978 4379 et
3026 4339 3133 4379 non
3166 4328 3374 4383 habens
3410 4330 3521 4383 vim
3569 4344 3597 4380 a
3638 4323 3799 4378 vestris

622 4426 1055 4489 inﬁrmitatibus,
1082 4432 1136 4479 et
1165 4422 1505 4477 dubitatione
1533 4418 1737 4473 cordis.
1767 4416 1920 4473 Sicut
1952 4418 2095 4471 enim
2121 4419 2366 4474 seniores
2388 4421 2481 4489 qui
2513 4437 2620 4474 non
2665 4422 2865 4475 habent
2894 4438 3044 4491 spem
3072 4427 3394 4490 renovandi,
3444 4436 3499 4481 et
3525 4426 3647 4479 nihil
3680 4419 3798 4476 aliud

623 4530 938 4594 exspectant
982 4520 1096 4591 (56)
1140 4520 1247 4573 nisi
1288 4516 1671 4585 dormitionem
1720 4528 1876 4568 suam
1910 4532 1923 4566 :
1954 4513 2033 4568 sic
2076 4523 2130 4567 et
2158 4528 2257 4570 vos
2300 4514 2559 4571 inlirmati
2593 4533 2623 4571 a
2652 4517 3006 4572 saecularibus
3051 4521 3282 4591 negotiis
3325 4522 3619 4577 tradidistis
3647 4536 3730 4574 vos
3756 4519 3797 4571 in

696 4635 877 4691 “Job.
899 4634 1156 4700 xxx1,i7.
1236 4635 1281 4666 “
1302 4632 1559 4702 Jac.v,4.
1636 4633 2106 4701 '°Matth.xxm,6
2128 4632 2437 4699 ;Marc.xu,
2471 4636 2565 4702 39;
2599 4637 2731 4693 Luc.
2766 4656 2842 4705 ιιι,
2866 4640 2937 4693 45
2964 4649 3018 4695 et
3050 4657 3141 4705 xx,
3173 4641 3262 4696 46.
3339 4642 3379 4671 ⁷⁸
3402 4640 3608 4696 Coloss.
3640 4634 3797 4701 ttt,l6.

1708 4773 1948 4859 VABUE
1990 4772 2367 4829 LECTIONES
2405 4774 2495 4828 ΕΤ
2532 4774 2762 4830 NOTAE.

850 4887 1194 4972 Lamb._add.
1221 4892 1480 4972 omnibus.
1574 4962 1585 4972 ⁹
1630 4964 1641 4972 .
2281 4891 2462 4972 habet,
2499 4908 2635 4972 anno
2659 4892 2850 4960 priore.

852 4960 1003 5043 liodl:
1032 4960 1182 5014 deest
1212 4962 1683 5043 etjustiﬁcentini.’
1790 5032 1821 5043 Η
2508 4960 2701 5043 Lamb.
2732 4962 2948 5043 desunt.
2988 4972 3300 5043 eratqaam.

853 5030 1042 5114 Lamb.
1073 5045 1170 5099 pro
1200 5047 1317 5083 cum
1344 5030 1452 5114 alio
1478 5032 1635 5114 habet
1665 5033 1718 5085 in
1747 5032 1954 5114 alium,
2118 5103 2129 5114 .
2509 5029 2696 5114 Lamb.
2728 5032 2957 5114 qaiden}.
2991 5029 3211 5097 Μοῑζὶη
3242 5034 3399 5101 facie.

703 5100 813 5175 (4'2)
855 5100 1046 5154 Lamb.
1079 5112 1374 5167 assumunt,
1401 5102 1491 5155 sed
1511 5111 1559 5155 et
1585 5106 1878 5164 cumulant,
1904 5112 1954 5154 et
1983 5103 2189 5155 conrio-
2357 5102 2469 5175 (ξιξ)
2694 5100 2747 5175 et
2773 5100 2962 5157 Lamb.
2989 5105 3372 5157 revelationem.

629 5177 816 5314 [01223)
854 5241 1046 5314 Lamb.
1081 5243 1362 5314 recitbitus.
1398 5240 1626 5312 Vulgata
1656 5243 1814 5298 lectio
1840 5242 2083 5310 pressius
2108 5242 2191 5294 in-

2357 5170 2470 5241 (52)
2511 5173 2811 5227 Antiochus
2846 5174 3172 5226 homilJOti:
3199 5174 3380 5243 Χωρὶς
3407 5170 3462 5223 δὲ
3484 5178 3792 5234 ταπεινοφρο-

2290 5242 2454 5314 ςῷνης
2486 5243 2585 5293 οὐκ
2627 5242 3187 5314 ἔπινγεὺπρόσδεκτον
3215 5241 3462 5311 γενέσθαι
3507 5234 3789 5313 προπευχῄν.

706 5241 1046 5324 (45)_Lam_b.
1081 5243 1362 5324 regibitus.
1398 5240 1626 5324 Vulgata
1656 5243 1814 5298 lectio
1840 5242 2083 5310 pressius
2108 5242 2191 5294 in-
2290 5261 2301 5293 ‹

2290 5240 2459 5324 ςξόνης
2486 5243 2585 5293 οὐκ
2627 5242 3187 5324 ἔφτινβὺπρρσδεκτον
3215 5240 3462 5311 γεκίἐσθαι
3507 5240 3788 5313 προσευχήν.

630 5318 808 5396 lueret
825 5314 960 5396 locis
985 5310 1119 5396 lVov.
1146 5311 1293 5396 Test.
1311 5293 1610 5396 excitatis.
2282 5293 2471 5396 'lyeqitc
2488 5329 2604 5365 vero
2631 5316 2741 5366 sine
2764 5293 3064 5368 humilitate
3094 5293 3306 5382 accepta
3327 5328 3436 5367 esse
3449 5293 3608 5380 potest
3629 5293 3788 5361 ονᾶὶὶο.

701 5387 813 5457 (44)
855 5383 1045 5457 Lamb.
1081 5385 1143 5457 in_
1160 5385 1376 5457 pyxides
1399 5393 1633 5457 portant.
2282 5382 2498 5457 Faenio.

855 5452 1008 5534 βοαὶ.
1041 5462 1093 5507 et
1115 5452 1310 5534 Lamb.
1343 5454 1796 5534 nt‘edican-tcntttm.
1826 5531 1834 5534 _
1872 5520 1908 5534 ﬁ
1946 5521 1977 5534 η
2113 5522 2158 5534 Η
2507 5453 2605 5534 με.
2723 5453 2861 5511 Vict.
2894 5465 2941 5507 et
2965 5456 3122 5526 quod.

639 5598 651 5609 ~
699 5520 817 5609 (46)
859 5525 932 5578 Ita
961 5539 1093 5579 mss.
1115 5521 1170 5577 S.
1199 5522 1763 5596 Vict.,Carm.,l.ainb.
1789 5531 1841 5575 et
1872 5520 2071 5576 Fellus.
2100 5522 2182 5577 Al.
2506 5520 3119 5609 Lamb..cognqsca'ntus.

632 5598 899 5667 intereas.
996 5664 1009 5667 _
1174 5665 1199 5667 _
1346 5594 1353 5596 “
1560 5666 1565 5667 γ
2354 5594 2465 5667 (55)
2506 5595 2658 5667 Bodl.
2685 5596 2748 5650 de
2774 5594 2980 5667 quibus.
3003 5596 3213 5652 Fellus:
3247 5596 3482 5665 requiris.

708 5664 822 5734 (47)
860 5663 1051 5736 Lamb.
1082 5672 1135 5720 et
1162 5665 1345 5722 Carm.
1377 5682 1408 5719 α
1432 5666 1590 5720 turri.
2030 5733 2059 5736 ,ἓ
2147 5734 2154 5736 _

1399 5666 1590 5720 γεω-νᾶ.
2030 5733 2059 5736 _>
2147 5734 2154 5736 _
2354 5666 2466 5735 (56)
2507 5666 2695 5723 Lamb.
2729 5663 2994 5736 expetunt.

707 5736 817 5796 (48)
860 5733 1047 5789 Lamb.
1100 5736 1250 5790 deest
1297 5737 1488 5806 fratres
1522 5746 1613 5792 :et
1664 5750 1789 5789 mox
1845 5748 1969 5791 cum
2029 5733 2180 5789 Bodl.
