2020 3161
143 168 196 197 909
698 167 844 195 PASTOR.
856 182 891 186 --
908 167 974 195 LIB.
992 167 1013 199 I.
1034 167 1124 195 VISIO
1141 167 1186 195 IV.
1709 172 1762 201 9l0

143 228 302 256 socordiam
316 228 384 264 (57),
402 231 430 256 et
443 234 498 255 non
513 227 669 263 projecistis
680 235 696 254 a
708 228 788 256 vobis
799 228 1011 256 sollicitudinem
1030 228 1059 256 in
1075 228 1212 262 Domino;
1229 233 1256 257 et
1269 233 1401 258 contusus
1417 229 1475 265 (58)
1495 236 1537 260 est
1550 239 1648 261 sensus
1659 239 1761 268 vester,

145 280 174 303 et
189 276 363 304 inveterastis
379 276 407 303 in
424 275 544 303 tristitiis
554 276 665 304 vestris.
686 275 777 309 Quare
791 283 857 311 ergo
870 284 952 311 super
973 276 1132 304 cathedram
1156 276 1276 310 sedebat,
1291 278 1414 305 volebam
1433 285 1605 313 cognoscere,
1631 279 1740 309 domina
1750 282 1764 309 ἳ

143 323 298 359 Respondit
312 331 319 350 :
336 323 472 356 Quoniam
486 321 577 348 omnis
591 320 717 349 inﬁrmus
734 329 816 356 super
829 321 987 348 cathedram
1002 322 1078 349 sedet
1092 326 1201 358 propter
1222 323 1407 351 inﬁrmitatem
1431 333 1520 360 suam,
1535 332 1566 355 ut
1590 329 1763 358 contineatur

143 371 291 399 inﬁrmitas
302 371 373 406 ejus.
387 370 458 398 Ecce
474 368 560 397 habes
572 368 688 404 ﬁguram
706 369 802 404 primae
812 368 869 405 (59)
883 369 1009 396 visionis.

859 429 974 457 CAPUT
991 430 1049 458 XII.

178 489 305 517 Secunda
317 493 408 517 autem
424 489 537 521 visione,
550 488 642 515 vidisti
658 487 732 514 illam
744 491 872 521 stantem,
884 493 911 515 et
925 488 1074 523 juvenilem
1086 487 1184 515 faciem
1200 488 1356 523 habentem,
1383 494 1412 517 et
1424 489 1584 518 hilariorem
1596 498 1680 526 quam
1703 492 1762 527 pri-

141 534 259 567 stinam;
276 541 385 561 carnem
395 539 485 562 autem
497 539 524 562 et
535 534 648 569 capillos
663 534 759 561 aniles.
772 533 854 567 Audi,
866 534 965 568 inquit,
979 539 1006 561 et
1020 534 1092 561 hanc
1102 533 1271 568 parabolam.
1287 533 1356 561 Cum
1369 535 1462 563 senior
1476 536 1532 571 jam
1545 536 1628 564 fuerit
1644 536 1760 572 aliquis,

140 584 268 620 desperat
279 585 312 613 de
325 593 355 612 se
364 585 425 620 ipso
441 585 497 620 (60)
514 590 625 620 propter
637 584 825 611 inﬁrmitatem
842 591 922 611 suam
935 588 962 611 et
982 588 1169 619 paupertatem
1181 603 1189 616 ,
1203 588 1230 612 et
1242 584 1312 611 nihil
1337 584 1410 611 aliud
1443 590 1602 620 exspectat,-
1617 586 1671 614 nisi
1690 587 1762 614 diem

140 638 294 661 extremum
307 633 369 661 vitae
380 640 446 661 sum.
462 632 568 661 Deinde
603 633 697 661 subito
714 633 754 660 illi
779 633 873 660 relicta
899 637 942 660 est
961 632 1123 666 haereditas;
1147 636 1174 659 et
1202 632 1315 660 audiens
1338 633 1469 668 exsurgit,
1498 634 1647 670 hilarisque
1673 635 1763 664 factus

139 681 231 709 induit
247 681 374 709 virtutem
387 690 395 715 ;
408 685 435 708 et
447 681 504 715 jam
517 688 573 709 non
585 680 744 713 discumbit,
763 680 810 708 sed
825 684 889 713 stat,
901 684 928 707 et
939 679 1070 707 liberatus
1087 684 1128 707 est
1142 680 1199 715 (61)
1217 687 1232 707 a
1244 680 1381 714 prioribus
1392 683 1577 717 maeroribus;
1591 688 1618 711 et
1631 683 1688 718 jam
1705 693 1762 712 non

140 729 227 761 sedet,
240 728 287 756 sed
303 727 417 755 viriliter
428 727 494 763 agit.
508 727 546 754 lta
560 730 587 754 et
599 734 648 754 vos
662 726 731 761 (69),
747 725 841 753 audita
860 725 1038 758 revelatioue,
1054 733 1136 760 quam
1154 724 1227 753 Deus
1244 726 1322 753 vobis
1337 727 1482 761 revelavit;
1501 729 1565 763 quia
1580 729 1709 759 misertus
1720 735 1763 759 est

139 775 275 803 Dominus
285 775 368 803 vestri
384 779 411 802 et
419 774 560 802 renovavit
577 773 704 809 spiritum
721 778 854 807 vestrum,
865 777 893 801 et
902 773 1068 808 deposuistis
1079 772 1251 801 inﬁrmitates
1264 777 1388 808 vestras;
1403 774 1517 802 accessit
1529 775 1608 803 vobis
1616 775 1761 812 fortitudo,

138 826 167 849 et
181 821 335 849 invaluistis
348 821 376 848 in
388 820 454 854 ﬁds;
467 824 493 847 et
506 819 564 848 visa
577 820 649 849 Deus
658 820 818 848 fortitudine
829 824 930 853 vestra,
938 820 1049 855 gavisus
1060 824 1112 847 est.
1124 819 1237 854 Propter
1245 819 1297 848 hoc
1307 820 1587 850 demonstravitvobis
1596 829 1760 853 structuram

139 868 225 895 turris
241 876 248 895 :
264 871 291 895 et
302 867 355 895 alia
369 867 504 899 ostendet,
519 865 543 892 si
554 872 588 892 ex
603 869 661 893 toto
672 866 757 893 corde
770 871 866 899 pacem
882 863 1034 891 habueritis
1048 863 1119 891 inter
1131 871 1190 892 vos.

839 922 954 950 CAPUT
971 922 1042 950 XIII.

175 968 269 996 Tertia
290 973 380 997 autem
393 969 501 997 visione
513 969 607 997 vidisti
619 969 694 997 illam
706 968 961 1003 adolescentiorem,
976 968 1119 996 honestam
1135 975 1163 997 et
1175 969 1300 1002 hilarem,
1315 973 1342 997 et
1356 977 1482 998 serenum
1499 970 1555 1009 (65)
1567 972 1673 1001 vultum
1687 974 1759 1009 ejus.

140 1015 219 1044 Sicut
236 1015 320 1049 enim,
336 1016 360 1043 si
374 1016 457 1044 alicui
468 1022 568 1045 maesto
581 1017 769 1053 supervenerit
781 1017 893 1045 nuntius
908 1018 997 1045 bonus
1008 1017 1118 1052 aliquis,
1130 1017 1222 1046 statim
1238 1017 1339 1045 oblitus
1349 1023 1391 1046 est
1400 1020 1538 1054 maeroris,
1553 1021 1675 1057 nihilque
1685 1024 1760 1052 aliud

138 1067 291 1098 exspectat,
311 1063 364 1091 nisi
377 1064 616 1092 annuntiationem
628 1072 711 1100 quam
727 1064 850 1098 audivit;
865 1069 893 1092 et
908 1064 1083 1093 confortatur
1096 1065 1129 1093 de
1147 1069 1257 1099 caetero,
1274 1070 1301 1093 et
1314 1070 1464 1093 renovatur
1478 1067 1592 1102 spiritus
1616 1069 1677 1104 ejus
1693 1078 1760 1105 pro-

138 1116 201 1147 pter
215 1111 346 1148 gaudium
357 1112 430 1147 quod
448 1113 552 1148 accepit
569 1122 576 1140 :
591 1113 631 1141 sic
646 1117 673 1140 et
686 1119 736 1140 vos
748 1112 954 1140 renovationem
968 1112 1113 1147 accepistis
1131 1113 1277 1148 spirituum
1289 1117 1454 1146 vestrorum,
1470 1113 1592 1142 videntes
1607 1115 1664 1143 haec
1674 1116 1758 1144 bona.

140 1161 175 1188 Et
190 1161 254 1196 quia
269 1168 353 1196 super
373 1160 535 1189 subsellium
550 1160 645 1189 vidisti
660 1160 718 1196 (64)
729 1160 887 1194 sedentem;
903 1159 982 1188 fortis
994 1159 1096 1195 positio
1116 1164 1158 1187 est
1171 1169 1178 1193 ;
1193 1160 1323 1195 quoniam
1340 1163 1459 1194 quatuor
1480 1159 1563 1194 pedes
1586 1160 1669 1188 habet
1691 1161 1760 1189 sub-

140 1210 261 1242 sellium,
278 1215 305 1238 et
320 1210 426 1238 fortiter
438 1214 503 1238 stat.
516 1209 583 1237 Nam
597 1215 624 1237 et
636 1209 755 1237 mundus
768 1216 817 1244 per
827 1213 946 1245 quatuor
959 1210 1093 1237 elementa
1117 1209 1284 1237 continetur.
1300 1208 1352 1242 Qui
1367 1215 1432 1243 ergo
1450 1209 1638 1243 paenitentiam
1654 1210 1760 1246 egerint

138 1256 245 1291 integre
258 1256 325 1291 (65),
339 1256 461 1291 juniores
472 1259 566 1289 erunt;
578 1259 605 1282 et
618 1254 664 1290 qui
676 1262 709 1282 ex
720 1258 778 1282 toto
792 1254 874 1282 corde
890 1254 1079 1289 paenitentiam
1101 1253 1214 1288 egerint,
1230 1257 1311 1280 erunt
1331 1252 1446 1281 fundati.
1463 1253 1551 1283 Habes
1564 1255 1591 1282 in
1607 1256 1687 1291 pleno
1701 1256 1759 1292 (66)

139 1303 337 1332 revelationem
351 1311 358 1331 :
372 1303 441 1331 nihil
454 1303 571 1339 amplius
584 1303 705 1339 postules
719 1302 753 1330 de
765 1302 919 1330 revelandis
933 1301 1002 1338 (67).
1021 1300 1051 1329 Si
1066 1301 1131 1337 quid
1145 1306 1236 1329 autem
1252 1300 1415 1336 oportuerit,
1430 1303 1593 1331 revelabitur
1602 1304 1661 1331 tibi.

843 1359 952 1391 VISIO
983 1359 1038 1390 IV.

476 1423 517 1452 De
546 1423 719 1454 tentatione
736 1427 763 1454 et
779 1421 986 1453 tribulatione
999 1421 1176 1453 hominibus
1189 1426 1424 1461 superuentura.

800 1481 916 1510 CAPUT
941 1481 1087 1510 PRIMUM.

176 1533 319 1561 Visionem
336 1530 403 1564 vidi,
419 1529 526 1562 fratres,
538 1532 601 1564 post
614 1528 674 1556 dies
685 1527 780 1563 viginti
796 1528 918 1563 pristinae
942 1528 1067 1561 visionis,
1091 1527 1205 1563 ﬁguram
1230 1520 1416 1556 tribulationis
1440 1535 1654 1565 superventurae.
1670 1531 1757 1560 Proﬁ-

139 1582 264 1611 ciscebar
278 1579 335 1615 (68)
350 1579 379 1606 in
393 1578 439 1605 illa
450 1577 495 1604 via
509 1576 648 1611 Campana
663 1584 670 1602 :
689 1584 704 1603 a
720 1576 763 1603 via
783 1580 873 1604 autem
885 1575 994 1611 publica
1009 1575 1036 1602 in
1047 1575 1139 1602 villam
1152 1579 1216 1603 sunt
1228 1574 1285 1602 fere
1296 1574 1383 1603 stadia
1394 1574 1498 1603 decem.
1511 1576 1583 1615 Baro
1599 1582 1689 1606 autem
1706 1579 1757 1607 iter

138 1632 170 1659 ﬁt
184 1639 232 1666 per
249 1630 339 1657 locum
356 1628 444 1655 illum.
462 1625 495 1653 Et
507 1626 583 1654 solus
597 1625 742 1652 ambulans
757 1624 886 1659 rogabam
909 1623 1067 1657 Dominum,
1087 1628 1117 1651 ut
1137 1623 1319 1652 revelationes
1333 1624 1393 1658 ejus
1404 1631 1473 1659 quas
1485 1625 1552 1652 mihi
1568 1627 1690 1654 ostendit
1705 1634 1756 1662 per

139 1683 264 1707 sanctam
280 1677 431 1705 Ecclesiam
448 1681 538 1707 suam,
552 1673 738 1706 c0nﬁrmaret,
758 1677 785 1700 et
799 1673 876 1700 daret
889 1672 1077 1707 penitentiam
1090 1672 1219 1700 omnibus
1235 1672 1322 1700 servis
1347 1672 1405 1701 suis
1419 1672 1466 1707 qui
1482 1673 1659 1703 scandalizati
1674 1679 1754 1709 sunt;

138 1731 171 1754 ut
185 1725 379 1753 honoriﬁcetur
395 1729 494 1749 nomen
509 1720 569 1756 ejus
580 1728 708 1755 magnum
723 1724 750 1747 et
765 1720 961 1754 honoriﬁcum,
977 1724 1004 1747 et
1015 1719 1079 1755 quia
1096 1727 1140 1748 me
1154 1720 1266 1755 dignum
1281 1720 1447 1748 existimavit
1462 1725 1491 1748 ut
1505 1722 1661 1752 ostenderet
1685 1725 1755 1753 mihi

138 1771 278 1800 mirabilia
292 1777 353 1802 sua,
368 1773 395 1796 et
409 1776 472 1797 eum
484 1766 694 1794 honoriﬁcarem
706 1770 732 1793 et
745 1766 846 1801 gratias
863 1773 982 1801 agerem.
1008 1764 1152 1801 Tanquam
1174 1765 1230 1801 (69)
1255 1773 1307 1793 vox
1320 1765 1389 1792 mihi
1409 1768 1549 1801 respondit
1562 1778 1569 1795 :
1584 1768 1623 1797 Ne
1635 1770 1753 1804 dubites,

138 1817 253 1846 Herma.
270 1810 343 1844 Intra
358 1824 402 1844 me
415 1823 480 1850 ergo
495 1815 565 1850 coepi
581 1815 702 1850 cogitare
715 1819 741 1842 et
755 1814 846 1842 dicere
862 1823 868 1842 :
884 1814 940 1849 Ego
955 1814 1022 1850 quid
1039 1814 1126 1842 habeo
1148 1814 1286 1848 dubitare,
1299 1814 1340 1842 sic
1354 1813 1484 1844 fundatus
1498 1824 1511 1844 a
1525 1817 1651 1851 Domino,
1667 1823 1694 1846 et
1706 1819 1754 1854 qui

139 1865 197 1893 vidi
216 1864 380 1892 honoriﬁcas
396 1863 461 1891 res?
474 1863 639 1898 Progressus
651 1870 712 1889 sum
724 1862 878 1897 paululum,
898 1862 999 1890 fratres
1014 1870 1021 1889 :
1036 1866 1063 1890 et
1076 1869 1139 1890 ecce
1153 1862 1231 1890 video
1244 1862 1382 1897 pulverem
1398 1870 1485 1897 usque
1506 1864 1540 1891 ad
1555 1865 1665 1892 coelum.
1677 1864 1755 1900 Ccepi

139 1911 233 1939 dicere
248 1911 319 1938 intra
331 1918 374 1937 me
390 1919 397 1937 :
420 1909 550 1945 Nunquid
563 1911 686 1945 jumenta
700 1910 824 1943 veniunt,
840 1914 866 1937 et
880 1910 1019 1950 pulverem
1044 1910 1185 1938 excitant?
1205 1909 1330 1937 Distabat
1344 1909 1400 1945 (70)
1416 1914 1506 1938 autem
1524 1918 1539 1938 a
1561 1919 1605 1939 me
1622 1916 1752 1947 tanquam

139 1959 273 1986 stadium.
289 1958 323 1985 Et
337 1965 400 1985 ecce
410 1957 489 1984 video
506 1956 592 1991 magis
608 1956 750 1991 magisque
763 1955 901 1990 pulverem
917 1959 1117 1990 exsurgentem,
1139 1955 1206 1983 adeo
1218 1958 1248 1982 ut
1261 1954 1416 1990 suspicarer
1429 1961 1490 1985 esSe
1503 1958 1605 1993 aliquid
1621 1958 1677 1994 (71)
1687 1958 1754 1985 divi-

139 2007 226 2034 nitus.
241 2006 373 2033 Pusillum
387 2009 477 2033 autem
492 2003 660 2039 resplenduit
670 2003 711 2031 sol
722 2013 729 2030 :
739 2008 765 2031 et
777 2011 839 2031 ecce
849 2003 929 2030 video
942 2003 1057 2031 bestiam
1070 2010 1196 2038 magnam
1207 2003 1290 2030 veluti
1313 2007 1413 2035 cetum,
1427 2008 1454 2031 et
1470 2010 1501 2031 ex
1510 2010 1557 2031 ore
1570 2004 1629 2039 ejus
1640 2004 1753 2032 locustae

140 2052 229 2087 ignea:
242 2051 426 2087 procedebant
437 2051 471 2078 τ’.
484 2050 550 2078 Erat
561 2056 650 2079 autem
664 2055 769 2078 statura
783 2051 877 2079 bestiae
891 2051 964 2078 illius
979 2051 1061 2086 pedes
1076 2049 1132 2078 fere
1145 2054 1254 2078 centum
1268 2058 1275 2077 :
1288 2054 1370 2086 caput
1384 2056 1475 2079 autem
1494 2051 1610 2079 habebat
1621 2055 1751 2087 tanquam

139 2107 190 2128 vas
203 2099 299 2127 urnale
319 2098 386 2134 (72).
399 2099 476 2134 (Σωρὶ
499 2098 565 2127 ﬂere
575 2103 602 2126 et
614 2099 740 2127 invocare
752 2098 909 2132 Dominum,
926 2102 957 2126 ut
979 2106 1023 2126 me
1037 2098 1165 2126 liberaret
1190 2099 1226 2126 ab
1240 2098 1296 2127 illa.
1312 2098 1414 2127 Deinde
1428 2098 1586 2126 recordatus
1600 2105 1660 2125 sum
1675 2098 1751 2126 verbi

140 2150 214 2183 quod
226 2148 367 2176 audieram
383 2146 442 2174 :Ne
455 2147 573 2180 dubites,
587 2146 695 2175 Herma.
708 2147 822 2174 lndutus
837 2155 913 2182 ergo,
928 2146 1037 2181 fratres,
1054 2147 1133 2174 ﬁdem
1148 2146 1215 2180 Dei;
1234 2151 1261 2174 et
1276 2151 1442 2175 memoratus
1454 2148 1515 2182 quis
1529 2146 1621 2174 docuit
1636 2146 1693 2181 (7‘5)
1708 2154 1752 2175 me

138 2197 295 2234 magnalia;
310 2195 442 2222 audenter
453 2193 480 2220 in
498 2192 612 2220 bestiam
626 2200 670 2221 me
682 2192 792 2220 tradidi.
806 2192 852 2220 Sic
865 2196 955 2219 autem
973 2192 1098 2220 veniebat
1108 2192 1195 2220 bestia
1208 2192 1265 2226 illa,
1280 2192 1316 2219 ita
1331 2195 1361 2219 ut
1376 2197 1468 2227 posset
1489 2192 1516 2219 in
1543 2191 1597 2220 ictu
1614 2191 1751 2220 civitatem

177 2256 201 2273 τι
226 2256 310 2283 Aooc.
326 2262 353 2282 xi
364 2259 392 2282 et
402 2261 452 2281 xtl.
681 2289 799 2318 “mm;
819 2289 974 2318 LECTIONI

405 2261 452 2281 ω’
681 2289 799 2318 vanus
819 2288 1009 2318 LECTIONES
1026 2287 1071 2315 nr
1089 2286 1202 2315 nom.

177 2350 236 2386 (57)
255 2349 293 2386 Ita
307 2350 382 2377 editi.
393 2349 490 2386 fellas
502 2357 566 2386 vero
577 2357 695 2386 ex_mss.
707 2349 785 2386 Aug].
803 2349 919 2386 attegias.
974 2348 1070 2386 ualent.
1082 2345 1223 2386 _Vide_mo_x
1238 2343 1374 2386 infra‘vis.
1387 2342 1534 2386 ινιηιξειρπξἶ

178 2374 235 2420 (ἑὲ)
256 2374 922 2418 ἔῖεἶῆὲέξἑ.ῖίίὲῖ.,(ῗιὶιῖιιῖξξϐὂᾶιῖ’έίΪλίὲίηῦξΕὰἰῖῑζ
975 2374 1062 2418 765)
1082 2382 1177 2420 Lamb.
1194 2380 1390 2420 deestftttegre.
1416 2377 1449 2404 Et
1462 2374 1546 2420 recte,
1558 2380 1593 2420 ut
1617 2374 1747 2420 videtur:

139 2412 277 2454 confusus.
503 2412 507 2415 ’
602 2412 607 2418 ’
915 2412 921 2417 ’
969 2412 1033 2454 nam
1044 2412 1128 2454 paulo
1141 2420 1212 2451 post,
1219 2412 1478 2454 addistihctiopeul
1489 2420 1495 2437 :
1510 2416 1611 2454 estote
1624 2412 1711 2452 corde.

179 2446 242 2489 ('59)
256 2446 351 2483 Lamb.
367 2455 475 2490 prioris.
490 2454 527 2483 Id.
540 2455 591 2483 sub
606 2454 714 2482 initium
730 2454 812 2489 hujus
825 2461 884 2488 cap.
895 2454 923 2481 in
995 2446 1066 2490 “(66.1
1083 2452 1121 2479 Ita
1134 2446 1293 2490 mss'ﬁodl.
1305 2454 1332 2476 et
1343 2448 1438 2490 Lamb.
1456 2447 1498 2490 .I‘ta
1509 2451 1536 2474 et
1549 2446 1639 2474 Fellus
1656 2447 1685 2473 in
1699 2453 1750 2473 sua

139 2482 240 2525 priore.
347 2482 350 2483 ν
367 2482 374 2490 ⁷
766 2482 776 2489 ’
859 2482 866 2488 ’
970 2482 1035 2515 edit.
1048 2482 1135 2514 Oxon.
1153 2486 1194 2512 Al.
1212 2484 1303 2525 Habes_
1317 2484 1386 2511 enim
1399 2484 1425 2510 in
1435 2482 1510 2517 pleno

178 2525 235 2552 (60)
255 2524 350 2552 Lamb.
362 2534 389 2552 se
406 2526 503 2552 iurum.
1007 2522 1062 2552 (67)
1084 2522 1177 2548 Lamb.
1197 2520 1363 2546 reuelatione.

190 2525 235 2558 60)
255 2524 350 2554 Lamb.
362 2534 389 2552 se
406 2526 503 2560 ipsum.
1019 2524 1062 2555 67)
1084 2524 1177 2548 Lamb.
1197 2524 1363 2546 reuelatione.
1463 2552 1469 2558 '
1601 2551 1607 2557 _

178 2527 234 2599 (61)
254 2560 350 2599 Lamb.
363 2566 492 2599 sumptus.
509 2560 591 2599 Editt.
607 2559 695 2587 Paris.
707 2558 921 2599 an.l_6:i£_,_(}ler.
974 2593 979 2599 Ι
1007 2524 1068 2599 (68).
1086 2557 1161 2599 Bodl.
1183 2561 1210 2582 ct
1229 2554 1324 2581 Lamb.
1351 2554 1396 2580 hic
1416 2555 1545 2580 omittunt
1565 2559 1635 2578 enim
1675 2548 1750 2584 quod

140 2600 169 2623 et
183 2592 293 2623 Fabric.
307 2601 369 2630 post
380 2592 507 2623 liberatus
522 2596 611 2623 omitt.
633 2599 682 2627 est,
707 2594 780 2630 quod
793 2593 921 2621 exhibent
973 2592 1160 2630 habentfditi.
1210 2624 1229 2630 Ἀ
1328 2624 1334 2630 Ι
1411 2624 1437 2630 __
1550 2627 1556 2630 _
1579 2620 1636 2630 Λή

141 2630 210 2658 Fell.
222 2635 250 2658 et
265 2624 370 2659 Russel.
675 2624 680 2627 ’
715 2624 723 2630 ’
1006 2627 1061 2661 (69)
1078 2626 1167 2653 Fellus
1181 2634 1186 2651 :
1206 2624 1240 2651 Et
1255 2632 1313 2651 cum
1324 2624 1523 2661 hqnorificarem
1532 2627 1556 2648 et
1567 2624 1667 2656 gratias
1686 2627 1748 2655 nge-

179 2666 236 2700 (62)
257 2665 303 2693 Sic
317 2658 472 2693 emendavit
486 2665 628 2693 Fabricius
649 2672 682 2692 ex
695 2672 753 2701 ms.
772 2663 801 2691 S.
814 2662 919 2701 Victor.
969 2658 1267 2701 rernii‘ianquapyﬁtcu
1283 2659 1356 2701 quod
1371 2659 1458 2694 magis
1470 2658 1566 2692 placet.

142 2695 323 2729 Ila'nc'tamen
338 2702 480 2729 lectionem
495 2701 550 2736 jam
566 2705 644 2727 antea
658 2699 920 2736 exhibueratFellus
1079 2695 1178 2736 Lamb:
1188 2695 1231 2722 Sic
1242 2699 1307 2736 erat.

142 2737 169 2763 in
186 2744 234 2764 sua
248 2736 312 2764 edit.
332 2736 420 2764 Oxon.
434 2736 476 2764 Al.
494 2729 582 2762 Inutile
597 2734 796 2771 reuelationem,
1079 2731 1216 2771 §0d1:_boc
1224 2729 1336 2771 aliquid.

181 2760 235 2807 (-633
571 2760 602 2797 in
612 2760 707 2797 bonum
721 2774 746 2797 et
760 2760 881 2802 hilarem,
894 2772 919 2795 et
1146 2765 1215 2807 _Vict.
1227 2760 1302 2805 deest
1319 2768 1452 2807 tulitquam.
1468 2760 1575 2807 Lamh._
1581 2760 1723 2807 [ἔφριξενξῖ

142 2796 354 2834 ῡινῖἷεὲγξῆιῖῆί
465 2796 560 2798 "nm
616 2796 621 2797 ⁷
875 2796 881 2802 ’
1003 2796 1059 2836 (75)
1079 2801 1173 2828 Lamb.
1189 2808 1246 2835 qua!
1257 2800 1315 2835 quis
1329 2796 1464 2836 docuit"?
1478 2801 1647 2830 memoratur,
1662 2796 1687 2824 id
1703 2800 1746 2825 est

180 2833 238 2877 (δέ)
256 2841 301 2870 Sic
314 2833 365 2877 leg.
381 2850 413 2869 ex
433 2849 499 2869 mss.
514 2841 543 2869 S.
560 2841 650 2877 Germ.
665 2844 692 2867 et
704 2839 799 2867 Lamb.
814 2846 864 2874 pro
881 2838 920 2865 vi-
968 2833 1083 2864 memor.
1096 2836 1141 2864 Sic
1156 2833 1238 2871 supra
1254 2833 1303 2863 vis.
1317 2841 1358 2869 ut,
1370 2840 1432 2868 cap.
1445 2833 1472 2862 ἰ.

143 2877 232 2911 diuis,
244 2879 316 2912 quod
329 2876 429 2905 habent
438 2877 512 2905 editi.
527 2876 607 2904 Addit
621 2876 713 2903 Carm.
734 2880 858 2911 tanquam
875 2882 919 2900 ur-
