4040 6322
520 354 635 413 ὫΗ
1972 344 2031 399 S.
2072 342 2081 398 l

2193 338 2330 399 ιΜᾸΞ
3659 346 3755 402 9ιῖ

537 474 739 529 delere.
772 469 904 527 Veni
928 479 1094 536 prope
1118 466 1292 531 illam,
1317 474 1374 522 et
1405 474 1516 521 tam
1549 463 1771 536 grandis
1796 464 1968 519 bestia
1992 465 2232 520 extendit
2261 481 2319 520 se
2345 464 2398 518 in
2424 473 2647 525 terram,
2678 470 2732 518 et
2756 458 2891 517 nihil
2925 460 3031 517 nisi
3078 457 3321 530 linguam
3346 457 3675 530 proferebat.
3705 472 3757 519 et

534 566 590 621 in
612 577 786 622 totum
815 565 932 636 (74)
963 579 1073 618 nou
1103 561 1276 617 movit
1301 575 1385 625 se,
1415 561 1590 615 donec
1614 560 2032 631 pertransissem
2064 560 2178 629 (75)
2207 560 2354 613 illam
2382 568 2570 613 totam.
2596 556 2839 613 Habebat
2871 568 3052 612 autem
3078 556 3252 612 bestia
3284 556 3379 611 illa
3412 570 3581 627 super
3601 571 3757 628 caput

526 667 753 722 colores
774 672 1009 735 quatuor
1040 674 1055 713 :
1087 658 1326 730 nigrum,
1357 655 1554 712 deinde
1576 654 1805 710 rubeum
1828 662 1882 708 et
1913 654 2410 726 sanguinolentum,
2428 653 2554 709 inde
2584 666 2832 719 aureum,
2856 652 3054 709 deinde
3080 650 3289 707 album.

1984 766 2213 825 CAPUT
2254 766 2316 822 ll.

612 876 908 944 Postquam
934 882 1112 926 autem
1140 870 1467 939 pertransivi
1495 869 1665 937 illam,
1689 884 2011 941 progressus
2040 883 2161 923 sum
2190 865 2303 921 fere
2331 863 2496 935 pedes
2525 864 2780 935 triginta;
2812 873 2865 919 et
2888 877 3013 920 ecce
3042 863 3283 919 occurrit
3305 862 3443 917 mihi
3470 863 3629 932 virgo
3646 860 3755 931 (76)

541 971 790 1040 quaedam
821 973 1082 1021 exornata
1106 970 1366 1031 tanquam
1390 963 1457 1018 de
1488 962 1729 1017 thalamo
1751 962 2009 1031 prodiens
2030 959 2141 1030 (77)
2163 959 2233 1028 ⁷³,
2258 967 2367 1013 tota
2394 957 2447 1011 in
2471 955 2631 1023 albis,
2657 964 2711 1010 et
2737 955 3115 1012 calceamentis
3141 955 3279 1013 albls
3307 954 3646 1013 circumdata
3667 994 3684 1018 ,
3711 962 3762 1008 et

540 1080 717 1135 usque
746 1062 811 1117 ad
844 1059 1036 1116 faciem
1062 1058 1279 1111 mitram
1310 1051 1551 1118 habens;
1582 1066 1682 1120 pro
1708 1062 2023 1121 tegumento
2048 1058 2229 1105 autem
2260 1048 2494 1103 habebat
2521 1047 2746 1116 capillos
2776 1047 2997 1101 nitidos.
3020 1046 3261 1119 Cognovi
3288 1062 3417 1118 ergo
3451 1061 3485 1100 a
3517 1045 3763 1117 pristinis

540 1154 847 1209 visionibus
871 1193 887 1219 ,
920 1149 1180 1220 quoniam
1224 1142 1465 1198 Ecclesia
1499 1150 1615 1209 est;
1652 1150 1706 1196 et
1737 1141 1963 1196 hilarior
1993 1139 2171 1196 factus
2213 1154 2356 1195 sum.
2390 1138 2655 1194 Salutavit
2684 1148 2866 1195 autem
2895 1153 3018 1203 me,
3053 1137 3241 1195 dicens
3269 1158 3285 1194 :
3310 1140 3424 1194 Ave
3461 1148 3545 1202 tu,
3581 1137 3762 1191 homo.

540 1243 609 1301 Et
636 1246 782 1300 illam
816 1241 1105 1299 resalutavi
1131 1237 1268 1309 (78),
1308 1237 1500 1293 dicens
1526 1255 1541 1292 :
1573 1235 1835 1302 Domina,
1860 1249 1979 1291 ave.
2008 1234 2364 1305 Respondeas
2390 1244 2569 1289 autem
2602 1233 2739 1289 dixit
2762 1234 2894 1288 mihi
2926 1247 2942 1288 :
2974 1232 3121 1289 Nihil
3149 1234 3243 1290 tibi
3272 1234 3534 1301 occurrit,
3561 1233 3763 1288 homo?

539 1342 676 1398 Dico
696 1341 781 1396 ei:
816 1339 1066 1403 Domina,
1098 1332 1340 1391 occurrit
1372 1332 1511 1387 mihi
1554 1332 1667 1401 (79)
1712 1332 1837 1388 talis
1891 1331 2065 1387 bestia
2091 1371 2106 1395 ,
2139 1346 2259 1401 quae
2288 1332 2464 1401 possit
2494 1331 2752 1402 pupulum
2782 1343 3146 1386 consumere:
3182 1327 3275 1383 sed
3322 1327 3525 1382 virtute
3568 1324 3666 1379 Dei
3715 1333 3766 1379 et

539 1432 807 1503 singulari
835 1420 1077 1500 (80)ejus
1108 1428 1506 1494 misericordia,
1530 1427 1678 1483 evasi
1704 1427 1875 1481 illam.
1907 1425 2052 1481 Bene
2068 1426 2323 1496 etlugisti,
2352 1427 2560 1495 inquit;
2597 1426 2855 1496 quoniam
2887 1426 3233 1481 solitudinem
3263 1433 3314 1479 et
3344 1423 3763 1481 sollicitudinem

541 1533 691 1579 tuam
726 1524 793 1579 ad
823 1522 1114 1578 Dominum
1166 1519 1445 1593 proiecisti
1474 1519 1542 1585 ⁷⁸,
1575 1528 1631 1573 et
1679 1534 1775 1573 eor
1821 1528 1973 1572 tuum
2005 1518 2262 1589 aperuisti
2287 1519 2357 1573 ad
2390 1534 2540 1585 eum,
2568 1520 2796 1575 credens
2827 1519 2971 1589 quod
3000 1533 3095 1588 per
3124 1517 3331 1572 nullum
3364 1517 3533 1571 alium
3564 1518 3765 1587 poteris

539 1618 727 1675 salvus
751 1632 894 1683 esse,
917 1617 1021 1671 nisi
1055 1631 1150 1685 per
1171 1631 1429 1687 magnum
1454 1625 1509 1671 et
1537 1617 1899 1671 honoriﬁcum
1926 1631 2126 1671 nomen
2155 1616 2275 1686 ejus
2307 1616 2442 1687 (81).
2473 1616 2694 1687 Propter
2728 1617 2833 1672 hoc
2859 1616 3009 1671 misit
3039 1614 3303 1671 Dominus
3328 1615 3584 1685 angelum
3606 1629 3764 1668 suum

536 1712 635 1780 qui
665 1719 748 1767 est
775 1726 938 1779 super
966 1710 1188 1776 bestias,
1222 1710 1309 1764 cui
1338 1725 1535 1764 nomen
1563 1721 1643 1765 est
1664 1709 1865 1781 ﬂegrin
1899 1710 2013 1781 (82)
2036 1750 2051 1779 ,
2082 1721 2137 1766 ct
2164 1712 2439 1767 obturavit
2462 1727 2527 1767 os
2560 1712 2700 1781 ejus,
2724 1728 2793 1766 ne
2835 1720 2888 1766 te
2927 1712 3232 1766 dilaniaret.
3264 1707 3511 1780 Magnam
3540 1707 3766 1763 tribula-

538 1807 744 1861 tionem
782 1805 1018 1875 eﬂugisti
1045 1814 1267 1874 propter
1298 1804 1456 1860 ﬁdem
1487 1812 1635 1859 tuam
1664 1844 1680 1869 ,
1710 1816 1763 1860 et
1788 1806 1881 1875 qui
1911 1806 2069 1860 talem
2102 1807 2327 1863 bestiam
2368 1822 2475 1861 non
2505 1806 2791 1861 dubitasti.
2815 1801 2963 1860 Vade
2986 1820 3136 1874 ergo,
3159 1813 3212 1859 et
3234 1819 3425 1859 enarra
3456 1802 3645 1858 electis
3674 1800 3764 1857 Dei

542 1902 821 1971 magnalia
857 1902 1051 1971 ipsius.
1082 1900 1149 1955 Et
1177 1902 1327 1958 dices
1353 1902 1482 1969 illis,
1523 1902 1671 1971 quod
1698 1903 1869 1957 bestia
1915 1903 2030 1958 haec
2060 1903 2173 1972 (85)
2219 1904 2389 1973 ﬁgura
2433 1912 2517 1958 est
2562 1917 2830 1972 pressura:
2881 1906 3306 1970 superventurae.
3363 1894 3421 1949 Si
3467 1908 3600 1965 ergo
3653 1893 3764 1963 (8t)

538 1995 975 2067 praeparaveritis
1015 2011 1113 2050 vos
1137 2036 1153 2062 ,
1198 1998 1442 2066 poteritis
1482 1998 1721 2068 eﬂ‘ugere
1766 1999 1947 2066 illam;
1976 2000 2023 2055 si
2057 2015 2154 2056 cor
2182 2010 2420 2055 vestrum
2453 1999 2617 2054 fuerit
2660 2015 2857 2070 purum
2888 2013 2953 2053 ac
2982 1996 3099 2052 sine
3147 1994 3360 2051 macula
3383 2034 3398 2060 ,
3432 2002 3488 2046 et
3524 1992 3765 2063 reliquos

546 2092 665 2147 dies
694 2091 817 2145 vitae
865 2100 1061 2146 vestra:
1084 2091 1197 2161 (85)
1233 2092 1665 2183 servieritis.Deo
1694 2094 1814 2150 sine
1861 2096 2104 2165 querela.
2146 2094 2422 2151 lmmittite
2465 2095 2857 2151 sollicitudines
2897 2105 3109 2151 vestras
3144 2112 3306 2166 super
3338 2094 3629 2151 Dominum
3660 2133 3677 2161 ,
3714 2104 3767 2149 et

540 2182 655 2252 ipse
677 2183 870 2255 diriget
892 2199 986 2238 eas
1020 2183 1132 2254 (86)
1159 2184 1224 2238 ⁷⁸.
1257 2183 1470 2240 Credite
1501 2182 1631 2253 Deo,
1662 2186 1755 2257 qui
1788 2188 1922 2242 estis
1948 2188 2130 2257 dubii;
2168 2189 2426 2259 quoniam
2468 2190 2650 2244 omnia
2690 2198 2884 2259 potest,
2912 2198 2966 2245 et
3006 2200 3250 2245 avertere
3279 2188 3392 2260 (87)
3427 2188 3565 2241 iram
3608 2200 3761 2239 suam

541 2294 573 2333 a
601 2279 774 2346 vobis,
809 2287 863 2334 et
884 2280 1095 2334 mittere
1120 2281 1271 2336 vobis
1309 2281 1561 2351 praesidia
1591 2283 1726 2355 (88).
1748 2283 1840 2340 γω
1868 2285 2053 2341 dubiis
2089 2286 2179 2354 iis,
2203 2288 2296 2357 qui
2325 2286 2597 2342 audierint
2621 2287 2786 2343 verba
2821 2286 2959 2353 haec,
2989 2295 3043 2341 et
3069 2282 3535 2353 contempserint;
3571 2278 3764 2334 melius

541 2384 654 2431 erat
676 2374 789 2430 illis
821 2390 930 2429 non
962 2375 1113 2430 nasci
1130 2375 1197 2427 ⁷⁸.

1959 2473 2191 2531 CAPUT
2231 2474 2317 2530 111.

610 2560 938 2632 Interrogavi
969 2577 1087 2617 eam
1123 2562 1190 2617 de
1224 2562 1330 2618 illis
1367 2572 1603 2633 quatuor
1630 2564 1937 2635 coloribus,
1963 2581 2102 2637 quos
2133 2566 2369 2621 habebat
2398 2565 2570 2620 bestia
2608 2564 2663 2619 in
2704 2564 2897 2636 capite.
2928 2563 3000 2618 At
3026 2562 3115 2617 illa
3161 2556 3441 2630 respondit
3472 2553 3608 2610 mihi
3634 2590 3651 2620 ,
3682 2553 3763 2609 di-

540 2670 708 2711 cens:
734 2654 932 2710 lterum
965 2664 1021 2710 tu
1068 2657 1321 2712 curiosus
1359 2672 1455 2725 es,
1479 2658 1545 2715 de
1571 2658 1734 2713 rebus
1783 2659 2096 2729 bujusmodi
2142 2661 2481 2730 interrogans
2519 2659 2651 2730 (89).
2700 2658 2765 2714 Et
2801 2659 2911 2714 dixi
2939 2677 2953 2713 :
2986 2656 3213 2713 Domina
3236 2694 3255 2722 ,
3284 2654 3599 2708 demonstra
3630 2648 3761 2704 mihi

540 2748 670 2819 quid
703 2750 813 2803 sint
843 2751 932 2805 illa
955 2752 978 2805 ?
1000 2750 1161 2817 Audi,
1193 2752 1369 2821 inquit
1395 2770 1409 2805 :
1438 2752 1572 2807 Illud
1604 2752 1819 2823 nigrum
1850 2756 2086 2811 mundus
2116 2766 2219 2819 est,
2251 2758 2304 2810 in
2333 2770 2447 2826 quo
2474 2754 2930 2810 commoramini:
2961 2754 3180 2823 igneum
3211 2758 3393 2804 autem
3436 2756 3491 2802 et
3536 2745 3760 2816 sangui-

546 2840 827 2895 nolentum
857 2842 992 2912 (90),
1016 2843 1276 2912 quoniam
1303 2852 1517 2913 Oportet
1543 2845 1801 2899 saeculum
1832 2847 1937 2901 hoc
1964 2862 2060 2917 per
2083 2848 2401 2919 sanguinem
2434 2858 2485 2903 et
2513 2850 2689 2919 ignem
2718 2845 2993 2917 deperire;
3038 2855 3201 2897 aurea
3257 2848 3437 2893 autem
3484 2853 3632 2908 pars,
3663 2851 3760 2891 τρε

542 2932 681 2987 estis
711 2933 803 3002 qui
842 2933 1106 3005 elIugistis
1138 2934 1397 2990 smeulum
1422 2935 1547 2993 hoc.
1587 2934 1741 2991 Sicut
1761 2936 1906 2991 enim
1940 2953 2036 3008 per
2074 2938 2251 3009 ignem
2279 2954 2471 2993 aurum
2504 2939 2785 3009 probatur,
2816 2943 2870 2991 et
2892 2934 3023 2990 utile
3051 2934 3109 2989 ﬁt
3132 2933 3176 2964 "
3216 2950 3230 2985 :
3262 2931 3342 2985 sic
3366 2940 3419 2985 et
3445 2944 3543 2983 vos
3567 2928 3758 3000 probo-

540 3022 698 3087 mini,
723 3024 814 3092 qui
846 3024 1099 3079 habitatis
1130 3026 1185 3079 in
1219 3027 1347 3085 illis.
1388 3029 1492 3095 Qui
1530 3031 1694 3101 igitur
1720 3035 2149 3103 permanserint,
2184 3046 2238 3090 et
2269 3036 2728 3105 perseveraverint
2758 3035 2893 3105 (91),
2930 3042 2985 3089 et
3024 3030 3237 3103 probati
3288 3028 3491 3084 fuerint
3539 3026 3610 3080 ab
3640 3025 3757 3089 eis,

544 3117 949 3187 purgabuntur.
999 3118 1064 3175 Et
1112 3122 1252 3177 sicut
1285 3139 1488 3180 aurum
1530 3128 2014 3201 emundatur(92),
2044 3140 2098 3186 et
2148 3132 2372 3187 remittit
2415 3132 2628 3187 sordem
2669 3142 2870 3188 suam:
2901 3131 2981 3187 sic
3010 3138 3063 3185 et
3100 3141 3198 3183 vos
3244 3122 3512 3193 abjieietis
3542 3132 3763 3175 omnem

540 3207 817 3263 tristitiam
840 3217 895 3264 ει
922 3212 1229 3281 angustiam
1269 3229 1322 3275 et
1346 3223 1776 3279 emundabimini
1804 3224 1860 3279 in
1891 3235 2217 3282 structuram
2250 3229 2362 3299 (95)
2391 3228 2717 3283 turris.Atba
2743 3237 2923 3284 autem
2950 3227 3061 3300 (94)
3084 3238 3233 3295 pars,
3269 3217 3650 3290 ευΡθΓνεηῑυιί
3680 3224 3764 3270 ⁸⁵⁸

540 3300 746 3367 saeculi,
780 3302 834 3355 in
866 3303 1333 3370 quohabitabunt
1355 3314 1512 3370 electi
1538 3314 1669 3382 Dei;
1706 3317 1967 3386 quoniam
1993 3318 2327 3375 immaculati
2360 3330 2413 3375 et
2440 3321 2560 3391 puri
2584 3332 2747 3376 erunt
2783 3321 2935 3376 electi
2965 3321 3058 3375 Dei
3083 3320 3137 3375 iu
3165 3319 3329 3373 vitam
3360 3325 3639 3371 aeternam.
3678 3304 3761 3365 Tu

539 3410 671 3463 ergo
702 3411 767 3449 uc
790 3397 1012 3452 desinas
1037 3398 1187 3470 loqui
1217 3401 1331 3472 (95)
1358 3401 1473 3456 hac
1501 3404 1725 3461 auribus
1760 3416 2096 3462 sanctorum.
2134 3407 2354 3465 Habetis
2375 3420 2429 3464 et
2451 3413 2680 3481 ligurum
2705 3411 3072 3466 tribulationis
3096 3416 3503 3479 superventurae
3527 3416 3759 3473 magna.

538 3488 673 3543 Nam
708 3492 753 3545 si
788 3507 884 3547 vos
907 3494 1188 3553 volueritis
1210 3497 1362 3568 (96),
1389 3500 1522 3554 nihil
1546 3500 1670 3555 erit.
1695 3498 1753 3555 In
1784 3513 1965 3559 mente
1999 3505 2191 3560 habete
2223 3506 2336 3576 (97)
2365 3507 2467 3561 ista
2491 3523 2612 3577 qum
2640 3508 2952 3579 praescripta
2983 3513 3128 3564 sunt.
3176 3504 3299 3558 Haec
3335 3517 3459 3557 cum
3496 3500 3763 3563 dixisset,

536 3580 806 3637 discessit.
830 3582 947 3639 Non
972 3586 1079 3640 vidi
1101 3599 1279 3645 autem
1304 3609 1464 3664 quem
1485 3596 1540 3648 in
1568 3595 1746 3653 locum
1771 3598 1963 3654 abierit
1985 3599 2118 3669 (98).
2144 3598 2413 3671 Strepitus
2435 3613 2617 3658 autem
2648 3601 2824 3657 factus
2847 3612 2949 3669 est,
2964 3611 3017 3657 et
3046 3590 3270 3655 aversus
3293 3613 3412 3654 sum
3431 3605 3762 3661 retrorsum,

539 3687 823 3745 metuens;
856 3688 913 3735 et
938 3684 1191 3752 putabam
1228 3688 1459 3744 bestiam
1484 3692 1634 3746 illam
1661 3693 1917 3749 advenire
1936 3693 2073 3765 (99).

606 3789 831 3879 'iApoc.
851 3812 979 3879 λιι,
1013 3798 1071 3854 2.
1127 3800 1174 3833 7"
1193 3802 1408 3879 li‘etr._
1434 3821 1513 3879 _v,_
1529 3804 1582 3861 7.
1658 3806 1857 3879 "Psal.
1888 3823 2006 3875 Ltv,
2035 3809 2134 3876 25;
2159 3807 2347 3865 Matth.
2369 3825 2444 3876 vr,
2467 3808 2567 3875 25;
2595 3808 2727 3864 Luc.
2754 3825 2851 3874 xu,
2874 3809 2977 3877 εὶς
3010 3808 3240 3879 Philipp.
3275 3823 3347 3863 iv.
3374 3806 3427 3863 6.
3505 3811 3552 3843 "
3568 3807 3763 3865 Matth.

538 3874 687 3927 xxvi,
713 3862 815 3931 2/7;
848 3864 1014 3922 Marc.
1054 3886 1165 3939 XIV,
1198 3873 1289 3926 2t.
1366 3874 1408 3905 "
1430 3877 1452 3929 ι
1477 3862 1627 3930 Ῥοιν.
1660 3892 1699 3945 ι,
1730 3862 1775 3932 7.

1604 4012 1837 4068 VARUS
1877 4012 2263 4070 LECTIONES
2294 4014 2382 4069 ET
2420 4012 2648 4071 NOTAE.

761 4097 951 4177 Lamb.
984 4101 1043 4177 in
1070 4110 1294 4177 tantum.
1329 4103 1419 4177 Sic
1447 4114 1501 4159 et
1522 4103 1721 4161 Fellus.
2268 4107 2380 4177 (85)
2422 4106 2613 4163 Lamb.
2647 4108 2768 4163 talis
2792 4108 2923 4164 lues.

763 4167 915 4249 ξξωιι.
940 4179 993 4224 et
1023 4170 1215 4249 Lamb.
1242 4176 1539 4249 gansirem.
1566 4245 1585 4249 Α
1659 4245 1703 4249 _
1926 4247 1935 4249 μ
1963 4248 1970 4249 ί
2270 4165 2383 4249 (84)
2425 4176 2635 4234 Reeitat
2664 4179 2810 4233 hunc
2840 4181 3018 4235 locum
3055 4176 3311 4232 Clemens
3340 4175 3495 4232 Alex.
3521 4179 3751 4249 Στρεψ.

610 4234 1123 4319 (76).Ηίθςᾳηγηωε
1149 4243 1203 4319 in
1239 4242 1359 4298 Ose.
1401 4260 1477 4300 vu
1502 4285 1518 4312 ,
1558 4245 1616 4319 9.
1649 4245 2093 4319 Hermmvidetnr
2197 4234 2401 4319 111,116,
2426 4264 2546 4319 cap.
2576 4250 2627 4313 9,
2659 4264 2782 4319 pag.
2809 4234 2932 4305 596.

541 4300 787 4387 Ecclesia-
810 4300 1229 4387 adolescentulo,
1245 4322 1295 4366 et
1321 4300 1518 4384 sponsa
1542 4300 1771 4372 crinibus
1804 4300 2086 4375 adornata.
2198 4300 2401 4387 ""(8'5),
2421 4300 2520 4373 Siler
2533 4300 2983 4374 FelltlszITtlies
3005 4326 3218 4371 vestros.
3248 4315 3375 4371 Felli
3408 4328 3537 4373 nota
3572 4321 3761 4375 minus

766 4376 956 4458 Lamb.
988 4375 1358 4458 progrediens:
1449 4457 1452 4458 ν
1686 4456 1723 4458 __
1762 4457 1770 4458 ί
1956 4454 1991 4458 _
2196 4375 2618 4445 recte'redditur
2648 4390 2703 4443 in
2740 4392 3135 4458 posterioribus
3158 4388 3512 4444 editionibus.

611 4445 737 4527 (7.8))
762 4445 951 4527 Lamb.
986 4445 1056 4504 Et
1085 4445 1194 4523 'ego
1229 4454 1457 4512 salutavi
1494 4472 1629 4513 eam.
1685 4456 1908 4513 Fellus:
1942 4454 2012 4510 Et
2039 4473 2084 4513 ε.
2271 4458 2383 4527 (86)
2419 4458 2491 4511 ita
2522 4475 2622 4514 ms.
2654 4445 2845 4514 Lamb.
2878 4460 3015 4513 Editi
3046 4459 3264 4527 dirigat.

539 4514 825 4600 resoluta?
846 4534 981 4574 eam.
1132 4514 1153 4523 ’

2216 4597 2231 4600 _
2272 4514 2385 4596 (87)
2425 4529 2575 4583 Bodl.
2626 4538 2679 4584 et
2734 4529 2921 4583 Lamb.
2982 4514 3230 4600 quoniam
3287 4537 3449 4597 potest
3502 4538 3752 4582 avertere.

763 4584 912 4665 βοάι.
943 4598 999 4644 et
1023 4590 1433 4665 ‘Lambiomitti.
1466 4597 1695 4651 occurrit
1724 4596 1873 4651 mihi.
2199 4583 2380 4665 Quam,
2402 4583 2684 4653 lectionem
2718 4609 2939 4655 secutus
2962 4583 3043 4655 est
3072 4596 3273 4653 Fellus.

761 4654 948 4740 Lamb.
980 4660 1167 4739 nimia.
1193 4660 1359 4740 Shicet
1386 4664 1587 4721 Fellus.
2209 4653 2245 4665 ”
2271 4669 2382 4740 (88)
2419 4668 2503 4740 ᾼΙ.
2534 4653 2810 4740 δαῆναάία.

607 4722 720 4863 (Si)
761 4723 919 4808 Deest
944 4730 1054 4796 ejus
1083 4745 1185 4785 ms.
1211 4731 1267 4785 S.
1295 4733 1429 4789 Vict.
2272 4722 2381 4807 (89)
2422 4722 2624 4793 Lamb?
2642 4722 2978 4809 ittlerrogas?

609 4791 729 4863 (82,
759 4792 859 4848 Ms.
877 4796 1056 4852 (.arm.
1088 4799 1270 4863 Egrin.
1299 4801 1381 4856 Cl.
1406 4802 1684 4863 Nourrvus
1706 4805 1758 4860 in
1791 4807 1990 4863 Amor.
2020 4807 2090 4861 ad
2269 4806 2378 4863 (90)
2418 4806 2608 4863 Lamb.
2640 4809 2739 4863 Ille
2762 4812 2974 4863 uiaer...

535 4792 719 4913 R282)
759 4792 859 4848 Ms.
877 4792 1056 4852 Carm.
1088 4799 1270 4869 Egrin.
1299 4801 1381 4856 Cl.
1406 4802 1684 4877 Nourryus
1706 4805 1758 4860 in
1791 4807 1990 4876 Appar.
2020 4807 2090 4861 ad

586 4877 603 4934 t_
639 4861 678 4915 ι.
707 4862 993 4927 PP.,tom.
1027 4867 1064 4929 Ι,
1096 4870 1202 4925 col.
1228 4872 1316 4934 65,
1343 4884 1591 4929 vexatum
1624 4877 1767 4931 hunc
1792 4877 1973 4931 locum
2004 4892 2089 4931 re-

536 4930 870 5015 stituendum
916 4947 1067 5005 putat
1111 4954 1179 5015 ex
1223 4930 1343 4996 cod.
1374 4943 1527 4999 Colb.
1556 4947 1649 5015 qui
1672 4930 1757 5002 isic
1783 4930 2084 5001 sehabet:

535 4998 684 5055 Misit
715 4998 969 5085 Domi-nas
1001 5009 1258 5085 angelum
1288 5028 1439 5066 suum
1460 4998 2085 5085 iapééfbésiiénfcirjas‘

534 5086 726 5152 nomn
743 5074 1418 5152 estllegrinz'Suspieatus
1451 5074 1563 5152 jam
1611 5084 1785 5140 fuerat
1836 5074 2087 5141 doctissi-

534 5155 659 5220 rnus
687 5141 1278 5220 Cotelerius,llerrnatn
1305 5141 1489 5207 Greece
1509 5155 1608 5208 hoc
1633 5154 1739 5207 fere
1762 5157 1919 5210 modo
1945 5155 2085 5210 scri-

532 5215 706 5289 psisse
740 5231 753 5267 :
784 5215 1055 5289 Δ’Ἐπεμψε
1089 5217 1290 5289 Κύριος
1326 5220 1553 5289 ἄγγελον
1582 5222 1782 5289 αὑτοῦ,
1836 5226 1893 5286 ὃς
1938 5227 2084 5279 ἐστιν

531 5279 873 5364 gausapa),
893 5278 1146 5364 thebana
1177 5278 1423 5364 θΑῨριοῦξ
1447 5291 1625 5364 Quam
1665 5293 1735 5364 in_
1762 5278 2080 5350 sententiam

532 5356 732 5435 excitat
780 5356 907 5435 illud
948 5356 1088 5435 p_sal.
1142 5356 1348 5435 pauit,
1402 5356 1485 5435 ll}.
1546 5361 1872 5431 Ἐλυμῄνατο
1916 5364 2080 5435 αὐτὴν

533 5422 659 5503 σῆς,
685 5422 748 5475 ὲκ
767 5422 1002 5503 ῇδρυμόὐ
1026 5469 1040 5491 ,
1075 5429 1165 5482 καὶ
1215 5422 1393 5499 μονιὸς
1425 5432 1619 5503 -ἄγρρος
1672 5422 2081 5503 ὶιᾶτενεμήσατξο

530 5489 1053 5571 ςὺτήνηυεῦαὲιαυίι
1081 5489 1653 5571 εαηιάρςίάεῖϋυᾶ,
1695 5511 1745 5571 et
1792 5489 2079 5571 δὶιᾲιιὶιαγὲδ

532 5556 673 5635 [φίνέ
713 5562 957 5633 depastus
1005 5578 1080 5622 est
1125 5556 1273 5623 eam:
1292 5568 1445 5635 Quod
1486 5556 1661 5625 tamen
1709 5570 1855 5626 Fello
1876 5556 2079 5630 "minus

530 5628 741 5683 videtur
768 5628 1336 5711 admittendumﬂue
1348 5650 1525 5695 autem
1557 5642 1857 5711 respexisse
1887 5628 2077 5699 Hiero;

530 5711 751 5765 nymum
798 5705 888 5759 lib.
936 5722 975 5771 ι,
1009 5708 1064 5759 in
1097 5707 1346 5763 Habacuc
1383 5726 1422 5773 ι,
1472 5712 1554 5776 ll,
1577 5705 1851 5771 nonnullis
1877 5715 2076 5783 visum,

531 5766 659 5821 hiet
685 5771 778 5827 alii
805 5774 904 5828 viri
930 5776 1071 5832 docti
1096 5779 1250 5835 aliter
1268 5782 1558 5839 senserint.

1330 5798 1514 5839 ιιεεηιι

2418 4806 2608 4881 Lamb.
2640 4809 2739 4863 Ille
2762 4806 2974 4879 niger...
3001 4812 3251 4881 igneus...
3294 4809 3755 4879 sanguinolentus.

2292 4810 2378 4875 90)
2418 4810 2608 4863 Lamb.
2640 4810 2739 4863 Ille
2762 4812 2974 4879 niger...
3001 4812 3251 4881 igneus...
3294 4810 3755 4879 sanguinolentus.

2266 4810 2379 4950 l9l)
2418 4876 2545 4944 Ista,
2572 4889 2623 4933 et
2647 4894 3083 4949 perseveruvermt
3105 4922 3121 4945 ,
3148 4880 3407 4935 omittunt
3430 4881 3563 4935 editi
3593 4921 3609 4945 ,
3636 4896 3759 4950 qua:

2194 4945 2375 5003 Fellus
2398 4945 2724 5003 restituit'ex
2746 4950 2895 5003 Bodl.
2921 4960 2975 5004 et
2998 4950 3183 5004 Lamb.

2268 5017 2378 5087 (9‘2)
2416 5017 2489 5071 Ita
2510 5034 2641 5074 mss.
2670 5018 2726 5073 S.
2754 5018 2935 5074 Germ.
2963 5020 3141 5075 Carm.
3164 5026 3218 5073 et
3239 5016 3441 5073 Lamb.
3463 5018 3540 5075 ιω
3567 5031 3623 5076 et
3643 5020 3759 5074 Fel-

2193 5087 2300 5144 lus.
2335 5087 2485 5142 Hane
2512 5104 2659 5154 vero,
2691 5104 2798 5143 non
2835 5101 3013 5144 autem
3046 5089 3191 5142 illam
3215 5104 3377 5157 quam
3406 5090 3609 5145 habent
3637 5092 3756 5145 edi-

2193 5160 2257 5221 ti,
2290 5160 2612 5231 emendatur,
2633 5176 2813 5214 verum
2844 5177 2964 5216 esse
2994 5161 3306 5231 lectionem,
3324 5161 3374 5213 id
3401 5164 3592 5215 suadet
3608 5162 3755 5231 quod

2193 5244 2317 5283 mox
2341 5229 2485 5281 addit
2514 5247 2525 5282 :
2560 5232 2636 5282 sic
2662 5241 2709 5282 et
2735 5247 2840 5285 vos.
2868 5271 2882 5284 .
2911 5271 2924 5285 .
2960 5228 3389 5286 emundubimim'.

2264 5298 2377 5365 (93)
2417 5295 2605 5352 Lamb.
2637 5311 2930 5354 structura.

2416 5366 2610 5455 9152‘s.
2636 5368 2788 5455 _V'ict.
2813 5371 3001 5455 {illlam
3028 5378 3223 5455 autem.

2264 5436 2376 5509 (9a)
2414 5436 2564 5509 Dodl.
2600 5449 2655 5493 et
2689 5438 2877 5494 Lamb.
2906 5441 3182 5504 loquendo.

2261 5504 2371 5575 ('96)
2414 5504 2599 5562 Lamb.
2632 5512 2728 5563 etsi
2758 5511 3043 5564 volueritis.

2259 5575 2508 5648 (97)”Ms.
2543 5578 2733 5633 Lamb.
2767 5584 2906 5648 apud
2950 5581 3223 5636 Clericum
3255 5621 3270 5645 ,
3304 5581 3369 5635 In
3401 5596 3620 5638 mentem
3648 5582 3745 5636 lm-

2186 5646 2320 5701 beto.
2355 5647 2531 5701 Editio
2558 5658 2735 5704 tamen
2760 5646 2937 5704 Oxon.
2966 5654 3045 5706 sic
3080 5671 3094 5707 :
3127 5651 3196 5707 In
3233 5662 3398 5709 mente
3427 5655 3689 5711 habetote.

2255 5716 2367 5788 (98)
2409 5716 2597 5788 Lamb.
2630 5736 2730 5788 quo
2751 5720 2865 5772 loco
2892 5723 3041 5775 abiit.

2253 5787 2364 5859 (99)
2405 5785 2555 5845 Bodl.
2588 5785 2851 5845 et‘Latub.
2879 5794 3068 5847 venire.
