4040 6322
564 283 671 340 915

1995 288 2056 346 S.
2091 289 2356 349 HERME

3686 305 3793 361 M6

562 402 1061 472 concupiscentiam
1091 402 1203 475 (ιο)
1228 412 1284 460 et
1326 402 1649 474 nequitiam,
1678 409 1735 458 et
1770 402 1937 460 indue
1957 402 2071 476 (11)
2102 406 2352 462 virtutem
2383 407 2608 477 iustitiae
2637 426 2650 463 :
2683 417 2736 467 et
2772 410 2920 467 vives
2942 409 3085 473 Deo.
3116 413 3162 468 si
3194 416 3523 473 custodieris
3568 422 3794 477 manda-

563 506 682 551 ιωιι
709 506 835 551 noc.

1849 593 2309 657 MANDATUM
2338 594 2419 657 II.

1028 714 1117 773 De
1143 710 1441 794 fugienda
1470 713 1947 786 obtrectatione,
1980 722 2038 773 et
2073 713 2455 794 eleemosynu
2481 716 2772 794 facienda
2808 718 2876 779 in
2903 720 3329 798 simplicitate.

1899 855 2129 912 CAPUT
2172 856 2457 914 UNICUM.

621 974 767 1031 Dixit
811 975 992 1031 mihi:
1039 975 1449 1047 Simplicitatem
1498 974 1639 1029 habe
1666 994 1699 1040 ,κ
1732 984 1787 1027 et
1839 973 2104 1027 innocens

549 1077 696 1133 esto;
731 1076 784 1122 et
804 1068 914 1123 eris
938 1068 1079 1123 sicut
1125 1066 1305 1123 infans
1346 1067 1438 1138 qui
1476 1066 1649 1121 nescit
1677 1064 1789 1135 (l3)
1820 1064 2104 1130 malitiam,

548 1173 670 1227 qua:
720 1158 950 1228 perdidit
1000 1159 1112 1228 (l4)
1163 1159 1329 1214 vitam
1386 1157 1689 1212 hominum.
1740 1154 2007 1220 Primum,
2039 1153 2107 1207 de

548 1246 661 1317 (l5)
690 1249 839 1303 nullo
878 1250 1019 1305 male
1072 1248 1354 1319 loquaris,
1400 1261 1575 1317 neque
1625 1246 1854 1301 libenter
1918 1245 2107 1299 audias

544 1338 687 1394 male
725 1340 1057 1409 loquentem.
1088 1337 1183 1394 Sin
1206 1353 1336 1394 vero
1357 1346 1410 1393 et
1442 1346 1497 1393 tu
1534 1336 1775 1392 audieris
1797 1378 1811 1403 ,
1837 1337 2105 1406 particeps

2274 976 2382 1047 (12)
2434 977 2730 1050 ’Δπλότητα
2758 978 2867 1049 ἔχε,
2896 980 2989 1033 καὶ
3022 980 3228 1043 ἄκακος
3258 977 3437 1048 γενοῦ,
3469 981 3566 1034 καὶ
3596 981 3691 1034 ἔσο
3710 982 3786 1048 ὡς

2201 1069 2269 1123 τά
2291 1071 2456 1139 νήπια
2487 1070 2554 1123 τὰ
2584 1071 2655 1142 μὴ
2685 1071 3017 1139 γινώσκοντα
3045 1073 3325 1143 πονηρίαν,
3358 1074 3458 1142 τὴν
3476 1074 3785 1129 ἀπολοῦσαν

2201 1157 2299 1228 τὴν
2340 1158 2607 1230 σωτηρίαν
2656 1160 2765 1212 τῶν
2798 1160 3115 1233 ἀνθρώπων.
3154 1162 3373 1232 Πρῶτον
3414 1164 3514 1233 μὲν
3555 1164 3786 1235 μηδενὸς

2201 1250 2508 1317 καταλάλει,
2536 1252 2667 1322 μηδὲ
2700 1252 2868 1322 ἡδέως
2899 1252 3061 1306 ἄκουε
3090 1253 3185 1306 τοῦ
3231 1253 3677 1317 κατα).αλοῦντος
3700 1274 3709 1280 ’
3733 1256 3781 1307 εί

2201 1339 2255 1397 δὲ
2281 1341 2354 1412 μὴ
2376 1379 2389 1405 ,
2423 1342 2516 1393 καὶ
2548 1342 2610 1393 σὺ
2635 1340 2866 1405 ἀκούων,
2904 1341 3083 1413 ἔνοχος
3118 1341 3216 1417 ἔσῃ
3246 1343 3345 1412 τῆς
3376 1344 3657 1416 ἁμαρτίας
3686 1344 3779 1397 τού

541 1432 651 1485 eris
674 1432 879 1501 peccati
911 1432 1054 1487 male
1086 1431 1390 1499 loquentis;
1438 1438 1493 1484 et
1518 1429 1770 1495 credens,
1800 1437 1855 1483 tu
1887 1442 2069 1497 quoqu

2204 1431 2643 1495 καταλαλοῦντος.
2674 1432 2914 1504 Πονηρὸν
2936 1432 3044 1504 γὰρ
3070 1433 3287 1505 πνεῦμά
3314 1435 3461 1488 ἐστιν
3486 1438 3519 1506 ἡ
3548 1436 3780 1489 καταλα-

539 1533 826 1595 peccatum
855 1524 1103 1590 habebis,
1146 1524 1274 1593 quia
1303 1520 1580 1579 credidisti
1607 1521 1749 1576 male
1774 1520 2015 1590 loquenti
2040 1520 2078 1575 di

2205 1522 2317 1586 λιά,
2346 1524 2439 1576 καὶ
2453 1523 2825 1577 ἀκατάστατον
2851 1524 3141 1595 δαιμόνιον,
3174 1525 3438 1595 μηδέποτε
3471 1526 3776 1598 είρηνεῦον,

537 1614 709 1670 fratre
734 1626 849 1671 tuo.
880 1614 1193 1671 Perniciosa
1214 1623 1299 1670 est
1325 1613 1624 1680 detractio;
1659 1613 1977 1667 inconstans
2005 1612 2110 1665 dae-

536 1710 781 1762 monium
823 1716 940 1773 est;
968 1722 1246 1776 nunquam
1278 1706 1332 1762 in
1361 1720 1493 1775 pace
1524 1705 1806 1771 consistit,
1840 1704 1933 1759 sed
1958 1718 2104 1759 sem-

533 1812 634 1867 per
660 1800 715 1852 in
753 1798 1023 1854 discordia
1054 1806 1258 1853 manet.

2202 1614 2336 1669 ἀλλά
2366 1616 2591 1669 πάντοσε
2618 1616 2675 1669 ὲν
2698 1615 3056 1688 διχοστασίαις
3085 1616 3387 1671 κατοικοῦν.

1451 1912 1593 1966 Hinc
1613 1914 1773 1968 etiam
1801 1912 2135 1976 ANTIOCKUS,
2165 1904 2385 1961 homilia
2410 1902 2503 1971 29,
2534 1903 2639 1957 ista
2672 1903 2843 1958 habet.

600 2023 806 2079 Bonum
842 2025 1020 2098 itaque
1069 2037 1169 2097 est,
1215 2029 1279 2084 de
1336 2030 1482 2085 nullo
1540 2031 1677 2084 male
1733 2030 1898 2101 loqui,
1932 2046 2091 2099 neque

528 2114 749 2169 libenter
770 2119 955 2173 audire
978 2119 1114 2174 male
1142 2120 1452 2191 loquentem.
1496 2120 1595 2176 Sin
1622 2138 1759 2190 vero,
1797 2131 1845 2175 et
1874 2123 1963 2192 qui
1993 2138 2089 2174 au-

527 2206 707 2273 dierit,
746 2225 863 2261 reus
902 2211 1006 2263 erit
1051 2212 1263 2279 peccati
1280 2214 1505 2267 hominis
1543 2214 1680 2267 male
1722 2213 2003 2285 loquentis,
2043 2215 2090 2266 si

526 2296 809 2351 crediderit
836 2297 1175 2356 oblocutioni.
1216 2301 1321 2367 Qui
1352 2303 1493 2358 enim
1538 2304 1732 2372 credet,
1764 2302 1970 2357 habebit
1994 2304 2090 2356 ad-

524 2404 702 2443 versus
733 2390 952 2458 fratrm
998 2408 1169 2447 suum.
1200 2392 1304 2448 Hic
1348 2410 1470 2465 ergo
1508 2411 1625 2449 reus
1650 2404 1728 2450 est
1768 2396 1966 2465 peccati
1995 2396 2088 2449 ho-

523 2480 684 2534 minis
718 2481 1063 2553 obloquentis.
1098 2483 1278 2555 Neque
1302 2486 1438 2540 enim
1468 2496 1667 2557 oportet
1690 2487 1891 2557 aliquid
1916 2488 2087 2541 dicere

523 2583 709 2627 contra
768 2574 986 2643 fratrem
1040 2576 1301 2631 absentem
1348 2578 1713 2633 calumniandi
1774 2582 2082 2643 intentione,

519 2663 659 2732 quod
680 2672 755 2719 est
785 2665 1066 2734 oblocutio,
1096 2667 1214 2721 licet
1235 2685 1355 2722 vera
1378 2670 1482 2723 sint
1512 2686 1628 2739 qua:
1668 2670 1946 2736 dicuntur;
1992 2671 2082 2726 sed

518 2757 693 2823 potius
744 2757 1094 2813 oblocutorem
1136 2763 1387 2816 aversari.
1430 2761 1751 2833 Oquantum
1788 2764 2082 2832 perniciosa

518 2856 595 2899 est
639 2847 935 2915 detractio,
980 2850 1280 2905 inconstans
1340 2853 1675 2920 dwmonium,
1720 2870 1986 2924 nunquam
2024 2856 2078 2909 in

515 2955 645 3009 pace
698 2943 1005 3008 consistens,
1027 2945 1117 2998 sed
1158 2961 1359 3013 semper
1406 2947 1459 3000 in
1496 2939 1767 3002 discordia
1816 2948 2080 3002 manens!

589 3143 823 3203 Contine
874 3159 926 3203 te
972 3148 1042 3203 ab
1088 3148 1181 3205 illa
1212 3148 1346 3221 (16),
1376 3157 1431 3204 et
1458 3165 1673 3220 semper
1700 3166 1890 3222 pacem
1935 3152 2077 3208 habe

512 3248 637 3292 cum
665 3235 831 3294 fratre
871 3247 983 3294 tuo.
1010 3238 1177 3295 lndue
1204 3242 1563 3296 constantiam
1594 3252 1860 3311 sanctam,
1880 3244 1934 3299 in
1965 3261 2073 3316 qua

513 3327 663 3383 nulla
691 3338 819 3384 sunt
842 3340 1084 3403 peccata.
1120 3332 1212 3389 sed
1236 3333 1418 3388 omnia
1448 3334 1568 3389 laeta
1601 3343 1747 3391 sunt.

2270 2022 2448 2076 Καλὸν
2478 2015 2569 2074 οὖν
2604 2021 2768 2083 ἐστιν,
2820 2017 2913 2071 ἐπὶ
2963 2017 3190 2089 μηδενὸς
3230 2020 3585 2089 καταλαλεϊν,
3632 2023 3767 2094 μηδὲ

2196 2118 2365 2191 ⁴ἡδέως
2401 2116 2615 2171 ἀκούειν
2649 2112 3086 2178 καταλαλῶντος.
3118 2115 3181 2166 El
3209 2114 3264 2167 δὲ
3298 2116 3393 2186 μὴ,
3425 2116 3521 2169 καὶ
3545 2116 3576 2168 ό
3601 2115 3766 2168 ἀκού-

2192 2228 2269 2264 ων
2309 2209 2490 2279 ἔνοχος
2537 2207 2688 2260 ἔσται
2731 2206 2830 2275 τῆς
2873 2205 3145 2275 ἁμαρτίας
3181 2204 3273 2259 τοῦ
3314 2206 3761 2271 καταλαλοῦντος,

2190 2302 2286 2355 ὲάν
2331 2300 2595 2369 πιστεύσῃ
2625 2301 2691 2369 τῇ
2721 2297 3039 2368 καταλαλιᾷ.
3085 2298 3142 2350 '0
3171 2296 3278 2369 γὰρ
3306 2300 3626 2361 πιστεύσας,
3652 2297 3762 2362 ἕξει
3830 2370 3833 2373 ἱ

2193 2394 2327 2466 μετά
2352 2392 2460 2465 [Ζσ.
2492 2390 2655 2463 κατὰ]
2681 2390 2773 2444 τοῦ
2802 2389 3027 2459 ἀδελφοῦ
3052 2388 3235 2443 αὑτοῦ.
3270 2384 3436 2452 Οὗτος
3457 2385 3551 2442 οὖν
3580 2389 3761 2458 ἔνοχός

2187 2486 2303 2538 ἐστι
2345 2484 2446 2554 τῆς
2482 2482 2754 2554 ἁμαρτίας
2799 2481 2892 2534 τοῦ
2927 2480 3367 2542 καταλαλοῦντος.
3415 2480 3491 2532 Οὐ
3539 2479 3623 2532 δεῖ
3651 2480 3758 2550 γάρ

2189 2572 2325 2646 μετά
2342 2572 2569 2637 ἀπόντος
2586 2571 2809 2642 ἀδελφοῦ
2833 2570 3010 2641 λέγειν
3030 2589 3103 2637 τι,
3125 2571 3310 2641 σκοπῷ
3333 2571 3426 2624 τοῦ
3445 2571 3758 2626 διαϐάλλειν

2185 2664 2367 2731 αὐτὸν,
2396 2666 2531 2737 ὅπερ
2559 2666 2704 2718 ἐστὶν
2750 2666 2783 2735 ἡ
2811 2663 3131 2729 καταλαλιά,
3168 2663 3268 2716 κᾶν
3296 2663 3467 2735 ἀληθῆ
3498 2664 3570 2716 τά
3602 2664 3755 2733 λεγό-

2185 2775 2324 2829 μενα
2340 2775 2354 2788 '
2378 2757 2513 2811 ἀλλά
2534 2757 2728 2829 μᾶλλον
2756 2757 2929 2811 ἀποστ
2938 2754 3296 2827 ρέφεσθαιτδν
3319 2755 3750 2812 καταλαλοῦντα.

2180 2845 2252 2902 Ὦ
2276 2849 2439 2903 πόσον
2457 2850 2668 2920 πονηρά
2681 2851 2825 2901 ἐστιν
2847 2849 2879 2918 ἡ
2901 2845 3219 2908 καταλαλιά,
3240 2846 3615 2900 ἀκατάστατον
3631 2846 3748 2898 δαι-

2182 2941 2657 3013 μόνιον,μηδέποτε
2685 2938 2981 3011 εἰρηνεύον,
3004 2937 3140 2991 ἀλλά
3163 2937 3392 2991 πάντοτε
3426 2938 3484 2990 ὲν
3503 2936 3752 3008 διχοστας

2179 3033 2321 3098 σίαις
2345 3033 2630 3088 κατοικοῦν
2651 3035 2664 3085 ι

2250 3149 2453 3218 Ἀπεχε
2501 3142 2594 3201 οὖν
2641 3146 2736 3200 ἀπ’
2779 3142 2965 3211 αὑτοῦ,
3020 3143 3114 3198 καὶ
3156 3144 3380 3216 εἰρήνην
3416 3144 3563 3209 ἕξεις
3610 3144 3749 3215 μετά

2176 3241 2415 3295 πάντων.
2454 3238 2708 3292 Ἔνδυσαι
2747 3237 2803 3290 δὲ
2834 3235 2932 3308 τὴν
2970 3236 3265 3306 ἁπλότητα,
3309 3237 3401 3289 καὶ
3425 3236 3521 3306 τὴν
3554 3236 3748 3305 σεμνόο

2170 3349 2328 3402 τητα,
2361 3332 2418 3384 ὲν
2461 3324 2542 3394 οἷς
2588 3328 2736 3382 οὐδέν
2781 3328 2897 3381 ἐστι
2948 3328 3281 3399 πρόσκομμα
3324 3327 3577 3398 πονηρὸν,
3610 3325 3747 3380 ἀλλά

2174 3424 2352 3477 πάντα
2370 3420 2548 3493 ὁμαλὰ
2578 3420 2670 3474 καὶ
2702 3419 2879 3490 ἰλαρά.

583 3522 653 3579 Ει
686 3524 910 3582 benefac
939 3525 1006 3583 de
1030 3527 1436 3600 laboribus(l7)
1460 3530 1587 3585 tuis.
1608 3529 1872 3591 Omnibus
1892 3533 2145 3606 inopibus
2169 3537 2237 3593 da
2264 3536 2600 3607 simpliciter,
2631 3534 2768 3589 nihil
2794 3533 3073 3595 dubitans,
3103 3532 3189 3587 cui
3218 3531 3332 3587 des.
3350 3529 3454 3585 Sed
3481 3530 3744 3586 omnibus

508 3616 578 3674 da
597 3638 609 3673 :
626 3621 883 3677 omnibus
905 3623 1046 3676 enim
1063 3622 1204 3679 Deus
1221 3623 1339 3678 dari
1365 3626 1479 3680 vult
1495 3625 1561 3680 de
1583 3627 1696 3683 suis
1718 3627 1895 3685 bonis.
1910 3630 2013 3697 Qui
2044 3647 2173 3703 ergo
2200 3632 2491 3702 accipiunt,
2516 3629 2744 3684 reddent
2764 3627 3029 3681 rationem
3050 3622 3181 3687 Deo,
3202 3637 3370 3693 quare
3386 3633 3739 3691 acceperunt,

504 3719 563 3765 et
598 3712 665 3766 ad
695 3712 846 3781 quid.
878 3710 981 3778 Qui
1008 3723 1186 3768 autem
1214 3717 1489 3787 accipiunt
1539 3720 1665 3776 ﬁcta
1712 3726 2054 3793 necessitate,
2079 3727 2304 3783 reddent
2337 3727 2631 3791 rationem;
2661 3722 2756 3793 qui
2790 3731 2967 3775 autem
2993 3719 3105 3784 dat,
3138 3721 3397 3774 innocens
3428 3719 3553 3773 erit.
3583 3718 3743 3771 Sicut

507 3804 654 3859 enim
686 3808 897 3877 accepit
927 3824 957 3863 a
989 3807 1242 3877 Domino,
1272 3814 1636 3871 ministerium
1687 3823 2107 3888 consummavit,
2135 3822 2270 3877 nihil
2302 3820 2599 3879 dubitando
2630 3819 2719 3876 cui
2747 3817 2917 3884 daret,
2952 3824 3007 3871 et
3037 3814 3125 3871 cui
3179 3829 3285 3867 non
3317 3813 3470 3867 daret
3494 3811 3645 3878 (l8);
3684 3822 3738 3866 et

420 3968 425 3973 δ
504 3898 635 3955 fecit
688 3901 789 3956 hoc
843 3904 1207 3962 ministerium
1257 3911 1576 3981 simpliciter
1621 3922 1675 3969 et
1716 3916 1948 3985 gloriose
1990 3908 2058 3972 ad
2092 3918 2282 3974 Deum.
2307 3918 2532 3974 Custodi
2565 3932 2692 3986 ergo
2720 3912 3038 3969 mandatum
3066 3911 3191 3974 hoc,
3224 3908 3365 3964 sicut
3390 3908 3483 3961 tibi
3518 3907 3733 3962 locutus

503 4010 661 4065 sum;
697 4007 756 4053 ut
785 4000 1098 4070 paenitentia
1128 4012 1220 4060 tua
1254 4008 1484 4078 simplex
1508 4009 1835 4078 inveniatur,
1863 4023 1915 4068 et
1942 4016 2113 4084 possit
2147 4015 2334 4070 domui
2364 4024 2467 4070 tua:
2491 4015 2629 4069 bene
2650 4010 2802 4077 fieri;
2833 4018 2886 4063 et
2907 4021 3002 4062 cor
3029 4002 3290 4057 mundum
3320 4000 3474 4055 habe.

1764 4130 2095 4198 ANTIOCHUS,
2130 4131 2349 4185 humilia
2384 4130 2472 4185 98.

568 4226 774 4283 Bonum
808 4230 973 4300 igitur
1010 4242 1105 4297 est,
1141 4235 1205 4290 de
1247 4240 1473 4307 propriis
1504 4239 1769 4295 laboribus
1801 4261 1917 4313 qum
1940 4262 2058 4314 sup-

497 4318 752 4387 peditavit
784 4322 946 4392 Deus,
979 4329 1217 4384 omnibus
1263 4331 1501 4400 inopibus
1534 4335 1660 4388 dare
1708 4336 2053 4404 simpliciter;

499 4411 630 4463 nihil
658 4413 967 4483 dubitando,
995 4419 1081 4471 cui
1108 4421 1219 4486 des,
1244 4424 1329 4475 cui
1360 4439 1459 4476 non
1483 4426 1592 4479 des.
1638 4424 1890 4480 Omnibus
1923 4429 2059 4481 enim

497 4503 639 4556 Deus
669 4507 788 4560 dari
818 4504 927 4560 vult
964 4510 1027 4563 de
1054 4513 1163 4564 suis
1187 4513 1336 4566 donis
1371 4534 1387 4564 :
1417 4532 1519 4569 non
1547 4527 1721 4570 autem
1749 4535 2059 4588 quemquam

495 4593 760 4659 dubitare,
788 4599 872 4650 cui
893 4600 997 4664 det,
1028 4602 1105 4654 vel
1145 4605 1228 4656 cui
1262 4622 1363 4658 non
1401 4607 1507 4660 det.
1542 4606 1654 4661 Hoc
1679 4612 1866 4678 quippe
1900 4611 2058 4662 mini-

493 4686 709 4739 sterium
733 4690 1273 4762 simpliciterfactum,
1296 4696 1581 4765 gloriosum
1602 4709 1677 4751 est
1696 4703 1835 4769 apud
1854 4700 2019 4754 Deum
2034 4720 2055 4757 :

490 4786 541 4831 et
570 4779 660 4847 qui
682 4780 759 4833 ita
786 4782 1099 4850 simpliciter
1136 4787 1426 4854 ministrat,
1456 4792 1584 4842 vivet
1609 4790 1736 4846 Deo.

2232 4245 2409 4301 Καλὸν
2443 4242 2538 4301 οὖν
2565 4248 2734 4311 ἐστιν,
2778 4247 2842 4301 ἐκ
2889 4250 3001 4303 τῶν
3028 4250 3169 4303 ἰδίων
3202 4249 3402 4311 κόπων,
3424 4239 3501 4299 ὧν
3532 4248 3562 4298 ό
3597 4246 3725 4307 Θεδς

2158 4335 2502 4407 ἐπιχορηγεῑ,
2552 4338 2716 4391 πᾶσιν
2765 4338 3175 4410 ὑστερουμένοις
3230 4338 3487 4407 παρέχειν
3520 4337 3723 4400 ἁπλῶς,

2159 4426 2322 4495 μηδὲν
2372 4426 2706 4491 διστάζοντα,
2739 4430 2840 4480 τίνι
2877 4428 3001 4498 δῷς,
3042 4429 3149 4481 τίνι
3189 4430 3263 4500 μὴ
3295 4428 3417 4497 δῷς.
3453 4428 3594 4481 Πᾶσι
3618 4426 3722 4496 γάρ

2152 4518 2179 4568 ό
2203 4516 2334 4579 Θεὸς
2360 4516 2598 4571 δίδοσθαι
2631 4517 2771 4573 θέλει
2810 4520 2874 4570 ὲκ
2900 4518 3007 4572 τῶν
3041 4520 3182 4574 ίδίων
3224 4520 3581 4592 δωρημάτων,
3630 4519 3720 4571 καὶ

2156 4606 2230 4678 μὴ
2259 4608 2550 4679 διακρῖναι,
2576 4612 2678 4664 τίνι
2709 4614 2859 4684 δῷ,ἢ
2896 4615 2999 4667 τίνι
3030 4614 3103 4685 μὴ
3136 4612 3230 4683 δῷ.
3269 4614 3331 4667 Ἦ
3352 4614 3459 4683 γάρ
3479 4612 3719 4665 διακονία

2152 4700 2288 4773 αὕτη
2336 4702 2523 4767 ἁπλῶς
2558 4705 2888 4774 τελεσθεῖσα,
2930 4707 3137 4773 ἔνδοξος
3189 4707 3418 4776 ὑπάρχει
3459 4706 3613 4778 παρὰ
3645 4707 3717 4777 τῷ

2152 4794 2289 4865 Θεῷ·
2323 4797 2417 4849 καὶ
2449 4796 2621 4861 οὕτως
2668 4798 2850 4861 ἁπλῶς
2886 4799 3167 4865 διακονῶν,
3203 4798 3283 4869 τῷ
3317 4798 3435 4869 Θεῷ
3473 4799 3711 4869 ζήσεται.

1530 4903 1764 4958 VARUE
1803 4905 2181 4962 LECTIONES
2216 4908 2306 4963 ET
2342 4908 2573 4964 NOTAE.

488 4985 758 5065 continet,
795 5002 942 5065 cum.
960 4985 1103 5065 s'olus
1156 4990 1281 5065 ipse
1315 4995 1569 5065 contineri
1600 5006 1837 5065 nequeat.
1883 4995 2052 5052 Paulo

489 5057 647 5131 aliter
673 5067 867 5111 auctor
900 5057 1308 5131 Prwdicationis
1358 5063 1502 5117 Pctri
1545 5057 1686 5131 apud
1713 5066 2047 5122 Clementem

485 5128 641 5208 Alex:
664 5131 884 5208 Σζρωμ.
911 5129 1243 5208 lib._v1,cap.
1278 5132 1331 5197 5,
1358 5150 1479 5205 pag.
1519 5128 1619 5188 759
1652 5154 1663 5188 :
1710 5136 2011 5208 Ἀχώρητος
2034 5177 2048 5202 ,

484 5195 543 5257 ὃς
667 5195 854 5270 πάντα
870 5204 1055 5270 χωρεῖ.

555 5266 785 5350 (1θλ1ιθ
817 5266 998 5326 Fellus
1030 5288 1097 5327 ex
1128 5271 1280 5327 Bodl.
1331 5282 1385 5327 et
1425 5273 1614 5330 Lamb.
1656 5274 1798 5329 Editi
1846 5292 2049 5329 omnem

485 5348 791 5405 nequitiam.

557 5409 670 5487 lli)
702 5407 968 5487 _Sic‘r_ec_te
992 5409 1183 5487 Lamb.
1227 5422 1282 5469 et
1326 5412 1471 5469 Vict.
1506 5413 1595 5470 Sic
1621 5430 1839 5487 quoque
1864 5413 2047 5472 Fcllus

480 5483 535 5528 el.
556 5476 767 5532 Fabric.
800 5480 882 5533 Al.
912 5482 1051 5535 inde.

706 5547 781 5629 Ex
817 5549 1100 5629 Doctr._ad_
1127 5555 1393 5629 Antioch”
1431 5572 1579 5610 num.
1611 5558 1665 5623 2,
1688 5572 1810 5629 pag.
1846 5557 1973 5613 255.

481 5615 665 5743 argi)
707 5617 836 5677 Mss.
881 5622 1040 5695 Angl.
1084 5626 1313 5697 infantes
1372 5630 1461 5698 qui
1505 5615 1787 5696 nesciunt;
1823 5630 1963 5687 sicut
1993 5638 2047 5685 et

529 5702 665 5742 maca
675 5726 687 5741 ο

2219 5000 2331 5138 (14;
2372 4998 2563 5053 Lamb.
2592 5000 2787 5069 perdit.
3537 5071 3549 5083 .

2219 5069 2238 5137 (
2244 5070 2309 5124 15
2374 5069 2476 5124 Ista
2496 5069 2695 5124 delibat
2714 5080 2767 5125 et
2782 5078 3070 5138 exaggerat
3083 5070 3382 5127 Antiochus
3401 5071 3549 5127 hom:

2218 5069 2331 5138 (15)
2374 5069 2476 5141 Ista
2496 5069 2695 5124 delibat
2714 5080 2767 5125 et
2782 5078 3070 5141 exaggerat
3083 5070 3382 5127 Antiochus
3401 5071 3597 5127 homil-
3621 5072 3707 5128 29.

2146 5149 2205 5193 ut
2229 5156 2353 5193 mox
2382 5139 2543 5193 infra.

2216 5210 2329 5281 (16)
2348 5210 2477 5282 Mss.
2501 5211 2658 5281 Angl.
2679 5210 2893 5282 Abstine
2908 5221 2955 5265 te
2976 5211 3152 5265 abillo
3171 5211 3706 5282 (demonio.)Grzeca

2146 5278 2330 5334 Doctr'.
2377 5280 2445 5333 ad
2499 5278 2743 5334 Antioch.
2779 5283 2860 5335 sic
2893 5300 2905 5335 :
2941 5283 3157 5337 Abstine
3180 5278 3232 5335 te
3259 5282 3423 5350 igitur
3452 5278 3517 5335 ab
3548 5301 3627 5347 eo,
3658 5292 3708 5337 et

2144 5366 2324 5418 pacem
2384 5349 2594 5404 habebis
2633 5366 2751 5403 cum
2792 5352 3051 5407 omnibus.
3084 5351 3252 5406 Indue
3284 5349 3474 5405 autem
3503 5354 3705 5421 simpli-

2144 5421 2355 5492 citatem
2386 5421 2805 5492 ethonestatem,
2830 5424 2887 5474 in
2917 5422 3101 5492 quibus
3135 5421 3337 5475 nullum
3372 5432 3448 5475 est
3484 5422 3702 5491 oﬁ'endi-

2144 5489 2319 5543 culum
2347 5489 2565 5562 malum,
2592 5494 2681 5545 sed
2711 5493 2885 5544 omnia
2920 5489 3079 5562 plana
3104 5502 3155 5546 et
3173 5494 3435 5562 jucunda.

2140 5629 2155 5685 l
2214 5562 2326 5682 (1:71)
2355 5560 2530 5685 9%01".
2608 5560 2953 5616 delatoribus.
3023 5560 3335 5619 Haac‘item
3402 5563 3695 5620 Antiochus

2160 5644 2329 5685 nomn.
2428 5668 2443 5685 .

2160 5644 2329 5689 nomn.
2355 5644 2443 5685 υδο

2217 5700 2328 5774 (l8)
2364 5699 2553 5759 Lamb.
2583 5704 2668 5758 cui
2696 5703 2843 5771 dare,
2875 5703 2957 5757 cui
2990 5720 3090 5760 non
3118 5706 3263 5760 dare.
