  <div class='ocr_page' id='page_1' title='image "/cluster/home/n/w/nwhite01/storage/ocr_20150623/2/hvd.32044073501249/464.png"; bbox 0 0 4040 6322; ppageno 0'>
   <div class='ocr_carea' id='block_1_1' title="bbox 294 267 3536 343">
    <p class='ocr_par' dir='ltr' id='par_1_1' title="bbox 294 267 3536 343">
     <span class='ocr_line' id='line_1_1' title="bbox 294 267 3536 343; baseline -0.002 -10"><span class='ocrx_word' id='word_1_1' title='bbox 294 278 401 333; x_wconf 71' lang='grc'><strong>917</strong></span> <span class='ocrx_word' id='word_1_2' title='bbox 1305 276 1595 343; x_wconf 78' lang='lat' dir='ltr'><strong>PASTDR.</strong></span> <span class='ocrx_word' id='word_1_3' title='bbox 1636 305 1701 315; x_wconf 92' lang='lat'><strong>—</strong></span> <span class='ocrx_word' id='word_1_4' title='bbox 1748 274 1873 328; x_wconf 86' lang='lat' dir='ltr'><strong>LIB.</strong></span> <span class='ocrx_word' id='word_1_5' title='bbox 1914 273 1979 339; x_wconf 84' lang='lat' dir='ltr'><strong>ll,</strong></span> <span class='ocrx_word' id='word_1_6' title='bbox 2020 269 2405 333; x_wconf 77' lang='lat' dir='ltr'><strong>MANDATUM</strong></span> <span class='ocrx_word' id='word_1_7' title='bbox 2442 268 2525 323; x_wconf 81' lang='lat' dir='ltr'><strong>IV.</strong></span> <span class='ocrx_word' id='word_1_8' title='bbox 3431 267 3536 328; x_wconf 77' lang='grc'><strong>918</strong></span> 
     </span>
    </p>
   </div>
   <div class='ocr_carea' id='block_1_2' title="bbox 1607 388 2228 449">
    <p class='ocr_par' dir='ltr' id='par_1_2' title="bbox 1607 388 2228 449">
     <span class='ocr_line' id='line_1_2' title="bbox 1607 388 2228 449; baseline -0.002 0"><span class='ocrx_word' id='word_1_9' title='bbox 1607 388 2064 449; x_wconf 82' lang='lat' dir='ltr'><strong>MANDATUM</strong></span> <span class='ocrx_word' id='word_1_10' title='bbox 2117 388 2228 448; x_wconf 82' lang='lat' dir='ltr'><strong>III.</strong></span> 
     </span>
    </p>
   </div>
   <div class='ocr_carea' id='block_1_3' title="bbox 840 508 3001 601">
    <p class='ocr_par' dir='ltr' id='par_1_3' title="bbox 840 508 3001 601">
     <span class='ocr_line' id='line_1_3' title="bbox 840 508 3001 601; baseline -0.004 -23"><span class='ocrx_word' id='word_1_11' title='bbox 840 521 927 580; x_wconf 86' lang='lat' dir='ltr'><strong>De</strong></span> <span class='ocrx_word' id='word_1_12' title='bbox 956 521 1251 601; x_wconf 81' lang='lat' dir='ltr'><strong>fugiendo</strong></span> <span class='ocrx_word' id='word_1_13' title='bbox 1283 518 1625 589; x_wconf 82' lang='lat' dir='ltr'><strong>mendacio,</strong></span> <span class='ocrx_word' id='word_1_14' title='bbox 1662 525 1719 576; x_wconf 83' lang='lat' dir='ltr'><strong>et</strong></span> <span class='ocrx_word' id='word_1_15' title='bbox 1749 518 1997 577; x_wconf 71' lang='lat' dir='ltr'><strong>Hermae</strong></span> <span class='ocrx_word' id='word_1_16' title='bbox 2018 515 2389 593; x_wconf 68' lang='lat' dir='ltr'><strong>paenitentia</strong></span> <span class='ocrx_word' id='word_1_17' title='bbox 2422 511 2492 571; x_wconf 91' lang='lat' dir='ltr'><strong>ob</strong></span> <span class='ocrx_word' id='word_1_18' title='bbox 2527 508 3001 570; x_wconf 79' lang='lat' dir='ltr'><strong>simulationem.</strong></span> 
     </span>
    </p>
   </div>
   <div class='ocr_carea' id='block_1_4' title="bbox 1642 634 2197 692">
    <p class='ocr_par' dir='ltr' id='par_1_4' title="bbox 1642 634 2197 692">
     <span class='ocr_line' id='line_1_4' title="bbox 1642 634 2197 692; baseline -0.005 0"><span class='ocrx_word' id='word_1_19' title='bbox 1642 635 1877 692; x_wconf 86' lang='lat' dir='ltr'><strong>CAPUT</strong></span> <span class='ocrx_word' id='word_1_20' title='bbox 1914 634 2197 692; x_wconf 84' lang='lat' dir='ltr'><strong>UNICUM.</strong></span> 
     </span>
    </p>
   </div>
   <div class='ocr_carea' id='block_1_5' title="bbox 386 730 1981 829">
    <p class='ocr_par' dir='ltr' id='par_1_5' title="bbox 386 730 1880 829">
     <span class='ocr_line' id='line_1_5' title="bbox 386 730 1880 829; baseline 0.002 -23"><span class='ocrx_word' id='word_1_21' title='bbox 386 730 815 827; x_wconf 65' lang='grc' dir='ltr'>(19),⁹Αλήθειαν</span> <span class='ocrx_word' id='word_1_22' title='bbox 858 756 1068 826; x_wconf 82' lang='grc' dir='ltr'><strong>ἀγάπα,</strong></span> <span class='ocrx_word' id='word_1_23' title='bbox 1103 758 1197 810; x_wconf 79' lang='grc' dir='ltr'>καὶ</span> <span class='ocrx_word' id='word_1_24' title='bbox 1246 759 1395 811; x_wconf 83' lang='grc' dir='ltr'>πᾶσα</span> <span class='ocrx_word' id='word_1_25' title='bbox 1436 756 1664 829; x_wconf 83' lang='grc' dir='ltr'>ἀλήθεια</span> <span class='ocrx_word' id='word_1_26' title='bbox 1694 758 1756 809; x_wconf 87' lang='grc' dir='ltr'><strong>ἐκ</strong></span> <span class='ocrx_word' id='word_1_27' title='bbox 1785 756 1880 809; x_wconf 79' lang='grc' dir='ltr'><strong>τοῦ</strong></span> 
     </span>
    </p>
   </div>
   <div class='ocr_carea' id='block_1_6' title="bbox 1953 730 3548 829">
    <p class='ocr_par' dir='ltr' id='par_1_6' title="bbox 2050 730 3548 829">
     <span class='ocr_line' id='line_1_6' title="bbox 2050 730 3548 829; baseline -0.013 -20"><span class='ocrx_word' id='word_1_28' title='bbox 2050 756 2250 810; x_wconf 88' lang='lat' dir='ltr'><strong>Iterum</strong></span> <span class='ocrx_word' id='word_1_29' title='bbox 2307 755 2441 810; x_wconf 88' lang='lat' dir='ltr'><strong>mihi</strong></span> <span class='ocrx_word' id='word_1_30' title='bbox 2488 755 2627 810; x_wconf 88' lang='lat' dir='ltr'><strong>dixit</strong></span> <span class='ocrx_word' id='word_1_31' title='bbox 2656 773 2669 808; x_wconf 93' lang='lat'>:</span> <span class='ocrx_word' id='word_1_32' title='bbox 2696 751 2994 807; x_wconf 75' lang='lat' dir='ltr'><strong>Veritatem</strong></span> <span class='ocrx_word' id='word_1_33' title='bbox 3043 745 3226 815; x_wconf 86' lang='lat' dir='ltr'><strong>dilige,</strong></span> <span class='ocrx_word' id='word_1_34' title='bbox 3269 745 3324 793; x_wconf 89' lang='lat' dir='ltr'><strong>et</strong></span> <span class='ocrx_word' id='word_1_35' title='bbox 3358 730 3548 829; x_wconf 67' lang='lat' dir='ltr'><strong>omnis</strong></span> 
     </span>
    </p>
   </div>
   <div class='ocr_carea' id='block_1_7' title="bbox 304 826 1899 918">
    <p class='ocr_par' dir='ltr' id='par_1_7' title="bbox 304 826 1879 918">
     <span class='ocr_line' id='line_1_7' title="bbox 304 826 1879 918; baseline 0.003 -24"><span class='ocrx_word' id='word_1_36' title='bbox 304 842 571 914; x_wconf 82' lang='grc' dir='ltr'>στόματός</span> <span class='ocrx_word' id='word_1_37' title='bbox 614 826 705 898; x_wconf 91' lang='grc' dir='ltr'><strong>σου</strong></span> <span class='ocrx_word' id='word_1_38' title='bbox 749 846 1146 917; x_wconf 78' lang='grc' dir='ltr'>ἐκπορευέσθω,</span> <span class='ocrx_word' id='word_1_39' title='bbox 1175 848 1262 901; x_wconf 82' lang='grc' dir='ltr'><strong>ἵνα</strong></span> <span class='ocrx_word' id='word_1_40' title='bbox 1288 849 1348 901; x_wconf 90' lang='grc' dir='ltr'><strong>τὸ</strong></span> <span class='ocrx_word' id='word_1_41' title='bbox 1377 826 1590 918; x_wconf 79' lang='grc' dir='ltr'>πνεῦμα</span> <span class='ocrx_word' id='word_1_42' title='bbox 1621 847 1714 900; x_wconf 81' lang='grc' dir='ltr'>τοῦ</span> <span class='ocrx_word' id='word_1_43' title='bbox 1746 847 1879 900; x_wconf 77' lang='grc' dir='ltr'>Θεοῦ</span> 
     </span>
    </p>
   </div>
   <div class='ocr_carea' id='block_1_8' title="bbox 1945 826 3540 918">
    <p class='ocr_par' dir='ltr' id='par_1_8' title="bbox 1978 826 3540 917">
     <span class='ocr_line' id='line_1_8' title="bbox 1978 826 3540 917; baseline -0.012 -16"><span class='ocrx_word' id='word_1_44' title='bbox 1978 862 2158 901; x_wconf 84' lang='lat' dir='ltr'><strong>sermo</strong></span> <span class='ocrx_word' id='word_1_45' title='bbox 2206 862 2367 902; x_wconf 90' lang='lat' dir='ltr'><strong>verus</strong></span> <span class='ocrx_word' id='word_1_46' title='bbox 2403 846 2515 917; x_wconf 71' lang='grc'>(20)</span> <span class='ocrx_word' id='word_1_47' title='bbox 2545 863 2613 901; x_wconf 85' lang='lat' dir='ltr'><strong>ex</strong></span> <span class='ocrx_word' id='word_1_48' title='bbox 2644 861 2739 901; x_wconf 89' lang='lat' dir='ltr'><strong>ore</strong></span> <span class='ocrx_word' id='word_1_49' title='bbox 2767 855 2860 900; x_wconf 91' lang='lat' dir='ltr'><strong>tuo</strong></span> <span class='ocrx_word' id='word_1_50' title='bbox 2906 838 3192 912; x_wconf 79' lang='lat' dir='ltr'><strong>procedat;</strong></span> <span class='ocrx_word' id='word_1_51' title='bbox 3226 843 3286 887; x_wconf 91' lang='lat' dir='ltr'><strong>ut</strong></span> <span class='ocrx_word' id='word_1_52' title='bbox 3313 826 3540 899; x_wconf 75' lang='lat' dir='ltr'><strong>spiritus</strong></span> 
     </span>
    </p>
   </div>
   <div class='ocr_carea' id='block_1_9' title="bbox 300 922 1895 1011">
    <p class='ocr_par' dir='ltr' id='par_1_9' title="bbox 300 936 1874 1008">
     <span class='ocr_line' id='line_1_9' title="bbox 300 936 1874 1008; baseline 0.004 -22"><span class='ocrx_word' id='word_1_53' title='bbox 300 938 531 1005; x_wconf 74' lang='grc' dir='ltr'>κατοικῇ</span> <span class='ocrx_word' id='word_1_54' title='bbox 568 952 667 989; x_wconf 89' lang='grc' dir='ltr'>σοι.</span> <span class='ocrx_word' id='word_1_55' title='bbox 685 968 751 977; x_wconf 91' lang='lat'><strong><em>—</em></strong></span> <span class='ocrx_word' id='word_1_56' title='bbox 774 938 836 989; x_wconf 81' lang='grc' dir='ltr'><strong>Οἱ</strong></span> <span class='ocrx_word' id='word_1_57' title='bbox 866 937 973 1008; x_wconf 89' lang='grc' dir='ltr'><strong>γάρ</strong></span> <span class='ocrx_word' id='word_1_58' title='bbox 1002 936 1315 1008; x_wconf 78' lang='grc' dir='ltr'><strong>ψευδόμενοι</strong></span> <span class='ocrx_word' id='word_1_59' title='bbox 1343 938 1591 992; x_wconf 86' lang='grc' dir='ltr'>ἀθετοῦσι</span> <span class='ocrx_word' id='word_1_60' title='bbox 1611 939 1703 992; x_wconf 83' lang='grc' dir='ltr'><strong>τὸν</strong></span> <span class='ocrx_word' id='word_1_61' title='bbox 1724 940 1874 994; x_wconf 85' lang='grc' dir='ltr'>Θεόν.</span> 
     </span>
    </p>
   </div>
   <div class='ocr_carea' id='block_1_10' title="bbox 1943 922 3538 1011">
    <p class='ocr_par' dir='ltr' id='par_1_10' title="bbox 1975 922 3538 1011">
     <span class='ocr_line' id='line_1_10' title="bbox 1975 922 3538 1011; baseline -0.014 -17"><span class='ocrx_word' id='word_1_62' title='bbox 1975 956 2136 1011; x_wconf 85' lang='lat' dir='ltr'><strong>quem</strong></span> <span class='ocrx_word' id='word_1_63' title='bbox 2168 939 2429 995; x_wconf 87' lang='lat' dir='ltr'><strong>Dominus</strong></span> <span class='ocrx_word' id='word_1_64' title='bbox 2456 939 2741 994; x_wconf 90' lang='lat' dir='ltr'><strong>constituit</strong></span> <span class='ocrx_word' id='word_1_65' title='bbox 2773 938 2829 991; x_wconf 90' lang='lat' dir='ltr'><strong>in</strong></span> <span class='ocrx_word' id='word_1_66' title='bbox 2859 948 3021 990; x_wconf 88' lang='lat' dir='ltr'><strong>carne</strong></span> <span class='ocrx_word' id='word_1_67' title='bbox 3050 940 3165 995; x_wconf 89' lang='lat' dir='ltr'><strong>tua,</strong></span> <span class='ocrx_word' id='word_1_68' title='bbox 3188 939 3353 980; x_wconf 86' lang='lat' dir='ltr'><strong>verax</strong></span> <span class='ocrx_word' id='word_1_69' title='bbox 3381 922 3538 1011; x_wconf 84' lang='lat' dir='ltr'><strong>inve-</strong></span> 
     </span>
    </p>
   </div>
   <div class='ocr_carea' id='block_1_11' title="bbox 299 1009 1894 1101">
    <p class='ocr_par' dir='ltr' id='par_1_11' title="bbox 299 1024 1876 1101">
     <span class='ocr_line' id='line_1_11' title="bbox 299 1024 1876 1101; baseline 0.007 -27"><span class='ocrx_word' id='word_1_70' title='bbox 299 1050 377 1064; x_wconf 68' lang='grc' dir='ltr'><strong>-ι-</strong></span> <span class='ocrx_word' id='word_1_71' title='bbox 399 1024 625 1078; x_wconf 79' lang='grc' dir='ltr'>Ἕλαὸον</span> <span class='ocrx_word' id='word_1_72' title='bbox 655 1026 760 1098; x_wconf 82' lang='grc' dir='ltr'><strong>γὰρ</strong></span> <span class='ocrx_word' id='word_1_73' title='bbox 782 1026 995 1099; x_wconf 79' lang='grc' dir='ltr'>πνεῦμα</span> <span class='ocrx_word' id='word_1_74' title='bbox 1026 1028 1298 1097; x_wconf 79' lang='grc' dir='ltr'><strong>ἀληθείας,</strong></span> <span class='ocrx_word' id='word_1_75' title='bbox 1333 1032 1425 1083; x_wconf 75' lang='grc' dir='ltr'>καὶ</span> <span class='ocrx_word' id='word_1_76' title='bbox 1457 1030 1699 1098; x_wconf 79' lang='grc' dir='ltr'>ἐγένοντο</span> <span class='ocrx_word' id='word_1_77' title='bbox 1725 1032 1876 1101; x_wconf 77' lang='grc' dir='ltr'>οἰκη-</span> 
     </span>
    </p>
   </div>
   <div class='ocr_carea' id='block_1_12' title="bbox 1945 1009 3540 1101">
    <p class='ocr_par' dir='ltr' id='par_1_12' title="bbox 1976 1009 3540 1101">
     <span class='ocr_line' id='line_1_12' title="bbox 1976 1009 3540 1101; baseline -0.011 -17"><span class='ocrx_word' id='word_1_78' title='bbox 1976 1032 2161 1087; x_wconf 87' lang='lat' dir='ltr'><strong>niatur</strong></span> <span class='ocrx_word' id='word_1_79' title='bbox 2214 1031 2355 1101; x_wconf 89' lang='lat' dir='ltr'><strong>apud</strong></span> <span class='ocrx_word' id='word_1_80' title='bbox 2388 1040 2615 1089; x_wconf 89' lang='lat' dir='ltr'><strong>cunctos</strong></span> <span class='ocrx_word' id='word_1_81' title='bbox 2648 1030 2933 1093; x_wconf 87' lang='lat' dir='ltr'><strong>homines;</strong></span> <span class='ocrx_word' id='word_1_82' title='bbox 2957 1033 3011 1079; x_wconf 87' lang='lat' dir='ltr'><strong>et</strong></span> <span class='ocrx_word' id='word_1_83' title='bbox 3040 1020 3301 1077; x_wconf 88' lang='lat' dir='ltr'><strong>Dominus</strong></span> <span class='ocrx_word' id='word_1_84' title='bbox 3330 1009 3540 1081; x_wconf 84' lang='lat' dir='ltr'><strong>magni-</strong></span> 
     </span>
    </p>
   </div>
   <div class='ocr_carea' id='block_1_13' title="bbox 299 1101 1894 1192">
    <p class='ocr_par' dir='ltr' id='par_1_13' title="bbox 299 1112 1222 1187">
     <span class='ocr_line' id='line_1_13' title="bbox 299 1112 1222 1187; baseline 0.008 -24"><span class='ocrx_word' id='word_1_85' title='bbox 299 1113 473 1183; x_wconf 67' lang='grc' dir='ltr'>τήρια,</span> <span class='ocrx_word' id='word_1_86' title='bbox 492 1112 586 1165; x_wconf 77' lang='grc' dir='ltr'>τοῦ</span> <span class='ocrx_word' id='word_1_87' title='bbox 614 1114 866 1185; x_wconf 85' lang='grc' dir='ltr'>ἀληθινοῦ</span> <span class='ocrx_word' id='word_1_88' title='bbox 898 1115 1222 1187; x_wconf 82' lang='grc' dir='ltr'>πνεύματος.</span> 
     </span>
    </p>
   </div>
   <div class='ocr_carea' id='block_1_14' title="bbox 1945 1101 3540 1192">
    <p class='ocr_par' dir='ltr' id='par_1_14' title="bbox 1978 1101 3540 1192">
     <span class='ocr_line' id='line_1_14' title="bbox 1978 1101 3540 1192; baseline -0.016 -16"><span class='ocrx_word' id='word_1_89' title='bbox 1978 1121 2189 1190; x_wconf 80' lang='lat' dir='ltr'><strong>licetur,</strong></span> <span class='ocrx_word' id='word_1_90' title='bbox 2229 1123 2321 1192; x_wconf 87' lang='lat' dir='ltr'><strong>qui</strong></span> <span class='ocrx_word' id='word_1_91' title='bbox 2376 1123 2523 1178; x_wconf 91' lang='lat' dir='ltr'><strong>dedit</strong></span> <span class='ocrx_word' id='word_1_92' title='bbox 2573 1121 2823 1191; x_wconf 85' lang='lat' dir='ltr'><strong>spiritum</strong></span> <span class='ocrx_word' id='word_1_93' title='bbox 2855 1118 2912 1171; x_wconf 91' lang='lat' dir='ltr'><strong>in</strong></span> <span class='ocrx_word' id='word_1_94' title='bbox 2944 1125 2997 1170; x_wconf 91' lang='lat' dir='ltr'><strong>te</strong></span> <span class='ocrx_word' id='word_1_95' title='bbox 3027 1112 3168 1184; x_wconf 70' lang='lat'><strong>(2|);</strong></span> <span class='ocrx_word' id='word_1_96' title='bbox 3212 1107 3341 1177; x_wconf 92' lang='lat' dir='ltr'><strong>quia</strong></span> <span class='ocrx_word' id='word_1_97' title='bbox 3397 1101 3540 1154; x_wconf 87' lang='lat' dir='ltr'><strong>Deus</strong></span> 
     </span>
    </p>
   </div>
   <div class='ocr_carea' id='block_1_15' title="bbox 301 1200 3542 1283">
    <p class='ocr_par' dir='ltr' id='par_1_15' title="bbox 301 1200 3542 1283">
     <span class='ocr_line' id='line_1_15' title="bbox 301 1200 3542 1283; baseline 0.004 -32"><span class='ocrx_word' id='word_1_98' title='bbox 301 1213 471 1255; x_wconf 88' lang='lat' dir='ltr'><strong>verax</strong></span> <span class='ocrx_word' id='word_1_99' title='bbox 499 1210 584 1256; x_wconf 91' lang='lat' dir='ltr'><strong>est</strong></span> <span class='ocrx_word' id='word_1_100' title='bbox 646 1202 700 1259; x_wconf 91' lang='lat' dir='ltr'><strong>in</strong></span> <span class='ocrx_word' id='word_1_101' title='bbox 735 1205 887 1259; x_wconf 91' lang='lat' dir='ltr'><strong>omni</strong></span> <span class='ocrx_word' id='word_1_102' title='bbox 912 1204 1099 1271; x_wconf 89' lang='lat' dir='ltr'><strong>verbo,</strong></span> <span class='ocrx_word' id='word_1_103' title='bbox 1131 1214 1189 1260; x_wconf 91' lang='lat' dir='ltr'><strong>et</strong></span> <span class='ocrx_word' id='word_1_104' title='bbox 1218 1220 1329 1260; x_wconf 90' lang='lat' dir='ltr'><strong>non</strong></span> <span class='ocrx_word' id='word_1_105' title='bbox 1361 1216 1445 1262; x_wconf 89' lang='lat' dir='ltr'><strong>est</strong></span> <span class='ocrx_word' id='word_1_106' title='bbox 1469 1207 1815 1264; x_wconf 82' lang='lat' dir='ltr'><strong>mendacium</strong></span> <span class='ocrx_word' id='word_1_107' title='bbox 1848 1209 1903 1263; x_wconf 91' lang='lat' dir='ltr'><strong>in</strong></span> <span class='ocrx_word' id='word_1_108' title='bbox 1932 1209 2071 1279; x_wconf 91' lang='lat' dir='ltr'><strong>ipso.</strong></span> <span class='ocrx_word' id='word_1_109' title='bbox 2098 1210 2204 1277; x_wconf 87' lang='lat' dir='ltr'><strong>Qui</strong></span> <span class='ocrx_word' id='word_1_110' title='bbox 2235 1228 2365 1283; x_wconf 90' lang='lat' dir='ltr'><strong>ergo</strong></span> <span class='ocrx_word' id='word_1_111' title='bbox 2392 1212 2749 1275; x_wconf 90' lang='lat' dir='ltr'><strong>mentiuntur,</strong></span> <span class='ocrx_word' id='word_1_112' title='bbox 2777 1208 3049 1277; x_wconf 84' lang='lat' dir='ltr'><strong>abnegant</strong></span> <span class='ocrx_word' id='word_1_113' title='bbox 3088 1200 3399 1263; x_wconf 68' lang='lat' dir='ltr'><strong>Dominum.</strong></span> <span class='ocrx_word' id='word_1_114' title='bbox 3430 1209 3542 1249; x_wconf 77' lang='grc' dir='ltr'><strong>ῐιοη</strong></span> 
     </span>
    </p>
   </div>
   <div class='ocr_carea' id='block_1_16' title="bbox 302 1290 3545 1376">
    <p class='ocr_par' dir='ltr' id='par_1_16' title="bbox 302 1290 3545 1376">
     <span class='ocr_line' id='line_1_16' title="bbox 302 1290 3545 1376; baseline -0.002 -26"><span class='ocrx_word' id='word_1_115' title='bbox 302 1297 593 1355; x_wconf 87' lang='lat' dir='ltr'><strong>reddentes</strong></span> <span class='ocrx_word' id='word_1_116' title='bbox 628 1290 737 1355; x_wconf 92' lang='lat' dir='ltr'><strong>Deo</strong></span> <span class='ocrx_word' id='word_1_117' title='bbox 765 1301 1071 1371; x_wconf 87' lang='lat' dir='ltr'><strong>depositum</strong></span> <span class='ocrx_word' id='word_1_118' title='bbox 1099 1302 1242 1371; x_wconf 88' lang='lat' dir='ltr'><strong>quod</strong></span> <span class='ocrx_word' id='word_1_119' title='bbox 1274 1311 1599 1372; x_wconf 88' lang='lat' dir='ltr'><strong>acceperunt</strong></span> <span class='ocrx_word' id='word_1_120' title='bbox 1632 1302 1768 1371; x_wconf 73' lang='grc'>(22).</span> <span class='ocrx_word' id='word_1_121' title='bbox 1800 1302 2141 1374; x_wconf 84' lang='lat' dir='ltr'><strong>Acceperunt</strong></span> <span class='ocrx_word' id='word_1_122' title='bbox 2169 1306 2317 1361; x_wconf 90' lang='lat' dir='ltr'><strong>enim</strong></span> <span class='ocrx_word' id='word_1_123' title='bbox 2366 1306 2618 1376; x_wconf 87' lang='lat' dir='ltr'><strong>spiritum</strong></span> <span class='ocrx_word' id='word_1_124' title='bbox 2644 1304 2763 1361; x_wconf 87' lang='lat' dir='ltr'><strong>sine</strong></span> <span class='ocrx_word' id='word_1_125' title='bbox 2793 1299 3095 1358; x_wconf 86' lang='lat' dir='ltr'><strong>mendacio.</strong></span> <span class='ocrx_word' id='word_1_126' title='bbox 3129 1293 3285 1348; x_wconf 83' lang='lat' dir='ltr'><strong>Hunc</strong></span> <span class='ocrx_word' id='word_1_127' title='bbox 3315 1293 3360 1346; x_wconf 89' lang='lat' dir='ltr'><strong>si</strong></span> <span class='ocrx_word' id='word_1_128' title='bbox 3391 1302 3545 1345; x_wconf 65' lang='lat' dir='ltr'><strong>mena</strong></span> 
     </span>
    </p>
   </div>
   <div class='ocr_carea' id='block_1_17' title="bbox 302 1388 2403 1465">
    <p class='ocr_par' dir='ltr' id='par_1_17' title="bbox 302 1388 2403 1465">
     <span class='ocr_line' id='line_1_17' title="bbox 302 1388 2403 1465; baseline 0.007 -23"><span class='ocrx_word' id='word_1_129' title='bbox 302 1388 495 1444; x_wconf 85' lang='lat' dir='ltr'><strong>dacem</strong></span> <span class='ocrx_word' id='word_1_130' title='bbox 519 1392 769 1460; x_wconf 89' lang='lat' dir='ltr'><strong>reddunt,</strong></span> <span class='ocrx_word' id='word_1_131' title='bbox 797 1394 1155 1464; x_wconf 84' lang='lat' dir='ltr'><strong>coinquinant</strong></span> <span class='ocrx_word' id='word_1_132' title='bbox 1183 1399 1500 1454; x_wconf 86' lang='lat' dir='ltr'><strong>mandatum</strong></span> <span class='ocrx_word' id='word_1_133' title='bbox 1532 1398 1770 1465; x_wconf 87' lang='lat' dir='ltr'><strong>Domini,</strong></span> <span class='ocrx_word' id='word_1_134' title='bbox 1795 1408 1848 1453; x_wconf 89' lang='lat' dir='ltr'><strong>et</strong></span> <span class='ocrx_word' id='word_1_135' title='bbox 1873 1398 2216 1457; x_wconf 82' lang='lat' dir='ltr'><strong>fraudatores</strong></span> <span class='ocrx_word' id='word_1_136' title='bbox 2249 1402 2403 1457; x_wconf 85' lang='lat' dir='ltr'><strong>ﬁunt.</strong></span> 
     </span>
    </p>
   </div>
   <div class='ocr_carea' id='block_1_18' title="bbox 1566 1519 2267 1585">
    <p class='ocr_par' dir='ltr' id='par_1_18' title="bbox 1566 1519 2267 1585">
     <span class='ocr_line' id='line_1_18' title="bbox 1566 1519 2267 1585; baseline 0.007 -14"><span class='ocrx_word' id='word_1_137' title='bbox 1566 1519 1897 1585; x_wconf 71' lang='lat' dir='ltr'><strong>Anrrocnus,</strong></span> <span class='ocrx_word' id='word_1_138' title='bbox 1931 1520 2150 1575; x_wconf 86' lang='lat' dir='ltr'><strong>homilia</strong></span> <span class='ocrx_word' id='word_1_139' title='bbox 2179 1521 2267 1576; x_wconf 85' lang='lat'>66.</span> 
     </span>
    </p>
   </div>
   <div class='ocr_carea' id='block_1_19' title="bbox 373 1641 1968 1729">
    <p class='ocr_par' dir='ltr' id='par_1_19' title="bbox 373 1641 1885 1725">
     <span class='ocr_line' id='line_1_19' title="bbox 373 1641 1885 1725; baseline 0.007 -28"><span class='ocrx_word' id='word_1_140' title='bbox 373 1645 494 1717; x_wconf 79' lang='grc' dir='ltr'><strong>Χρὴ</strong></span> <span class='ocrx_word' id='word_1_141' title='bbox 529 1641 621 1701; x_wconf 78' lang='grc' dir='ltr'><strong>οὖν</strong></span> <span class='ocrx_word' id='word_1_142' title='bbox 649 1650 825 1704; x_wconf 79' lang='grc' dir='ltr'>πᾶσαν</span> <span class='ocrx_word' id='word_1_143' title='bbox 862 1651 1112 1725; x_wconf 82' lang='grc' dir='ltr'>ἀλήθειαν</span> <span class='ocrx_word' id='word_1_144' title='bbox 1138 1654 1202 1707; x_wconf 83' lang='grc' dir='ltr'><strong>ἐκ</strong></span> <span class='ocrx_word' id='word_1_145' title='bbox 1229 1653 1323 1707; x_wconf 80' lang='grc' dir='ltr'>τοῦ</span> <span class='ocrx_word' id='word_1_146' title='bbox 1356 1654 1620 1724; x_wconf 87' lang='grc' dir='ltr'>στόματος</span> <span class='ocrx_word' id='word_1_147' title='bbox 1652 1654 1746 1706; x_wconf 83' lang='grc' dir='ltr'>τοῦ</span> <span class='ocrx_word' id='word_1_148' title='bbox 1792 1654 1885 1707; x_wconf 87' lang='grc' dir='ltr'><strong>ἁν-</strong></span> 
     </span>
    </p>
   </div>
   <div class='ocr_carea' id='block_1_20' title="bbox 1951 1641 3546 1729">
    <p class='ocr_par' dir='ltr' id='par_1_20' title="bbox 2055 1641 3546 1729">
     <span class='ocr_line' id='line_1_20' title="bbox 2055 1641 3546 1729; baseline -0.017 -15"><span class='ocrx_word' id='word_1_149' title='bbox 2055 1659 2270 1729; x_wconf 87' lang='lat' dir='ltr'><strong>Oportet</strong></span> <span class='ocrx_word' id='word_1_150' title='bbox 2299 1674 2439 1727; x_wconf 89' lang='lat' dir='ltr'><strong>ergo,</strong></span> <span class='ocrx_word' id='word_1_151' title='bbox 2462 1665 2517 1710; x_wconf 91' lang='lat' dir='ltr'><strong>ut</strong></span> <span class='ocrx_word' id='word_1_152' title='bbox 2547 1656 2715 1710; x_wconf 84' lang='lat' dir='ltr'><strong>omnis</strong></span> <span class='ocrx_word' id='word_1_153' title='bbox 2751 1652 2942 1713; x_wconf 78' lang='lat' dir='ltr'><strong>veritas</strong></span> <span class='ocrx_word' id='word_1_154' title='bbox 2970 1664 3032 1703; x_wconf 76' lang='lat' dir='ltr'><strong>ex</strong></span> <span class='ocrx_word' id='word_1_155' title='bbox 3057 1661 3143 1700; x_wconf 91' lang='lat' dir='ltr'><strong>ore</strong></span> <span class='ocrx_word' id='word_1_156' title='bbox 3170 1641 3394 1697; x_wconf 76' lang='lat' dir='ltr'><strong>hominis</strong></span> <span class='ocrx_word' id='word_1_157' title='bbox 3423 1654 3546 1708; x_wconf 88' lang='lat' dir='ltr'><strong>pro-</strong></span> 
     </span>
    </p>
   </div>
   <div class='ocr_carea' id='block_1_21' title="bbox 308 1731 1903 1818">
    <p class='ocr_par' dir='ltr' id='par_1_21' title="bbox 308 1737 1880 1817">
     <span class='ocr_line' id='line_1_21' title="bbox 308 1737 1880 1817; baseline 0.006 -28"><span class='ocrx_word' id='word_1_158' title='bbox 308 1737 525 1809; x_wconf 82' lang='grc' dir='ltr'>θρώπου</span> <span class='ocrx_word' id='word_1_159' title='bbox 565 1742 976 1811; x_wconf 89' lang='grc' dir='ltr'>ἐκπορεύεσθαι,</span> <span class='ocrx_word' id='word_1_160' title='bbox 1004 1746 1092 1799; x_wconf 80' lang='grc' dir='ltr'><strong>ἵνα</strong></span> <span class='ocrx_word' id='word_1_161' title='bbox 1115 1746 1175 1799; x_wconf 84' lang='grc' dir='ltr'><strong>τὸ</strong></span> <span class='ocrx_word' id='word_1_162' title='bbox 1204 1745 1440 1817; x_wconf 82' lang='grc' dir='ltr'>πνεῦμα,</span> <span class='ocrx_word' id='word_1_163' title='bbox 1464 1746 1492 1799; x_wconf 83' lang='lat'><strong>6</strong></span> <span class='ocrx_word' id='word_1_164' title='bbox 1513 1747 1541 1799; x_wconf 97' lang='lat'><strong>6</strong></span> <span class='ocrx_word' id='word_1_165' title='bbox 1558 1745 1689 1807; x_wconf 81' lang='grc' dir='ltr'>Θεὸς</span> <span class='ocrx_word' id='word_1_166' title='bbox 1710 1744 1880 1815; x_wconf 81' lang='grc' dir='ltr'>κατῴ-</span> 
     </span>
    </p>
   </div>
   <div class='ocr_carea' id='block_1_22' title="bbox 1947 1731 3542 1818">
    <p class='ocr_par' dir='ltr' id='par_1_22' title="bbox 1980 1731 3542 1818">
     <span class='ocr_line' id='line_1_22' title="bbox 1980 1731 3542 1818; baseline -0.012 -13"><span class='ocrx_word' id='word_1_167' title='bbox 1980 1751 2129 1805; x_wconf 87' lang='lat' dir='ltr'><strong>cedat</strong></span> <span class='ocrx_word' id='word_1_168' title='bbox 2154 1766 2172 1803; x_wconf 88' lang='lat'><strong><em>:</em></strong></span> <span class='ocrx_word' id='word_1_169' title='bbox 2200 1759 2257 1803; x_wconf 90' lang='lat' dir='ltr'><strong>ut</strong></span> <span class='ocrx_word' id='word_1_170' title='bbox 2283 1750 2501 1818; x_wconf 81' lang='lat' dir='ltr'><strong>spiritus</strong></span> <span class='ocrx_word' id='word_1_171' title='bbox 2518 1764 2670 1818; x_wconf 85' lang='lat' dir='ltr'><strong>quem</strong></span> <span class='ocrx_word' id='word_1_172' title='bbox 2701 1746 2839 1799; x_wconf 90' lang='lat' dir='ltr'><strong>Deus</strong></span> <span class='ocrx_word' id='word_1_173' title='bbox 2870 1738 3141 1797; x_wconf 79' lang='lat' dir='ltr'><strong>constituit</strong></span> <span class='ocrx_word' id='word_1_174' title='bbox 3163 1736 3223 1793; x_wconf 48' lang='lat' dir='ltr'><strong>in,</strong></span> <span class='ocrx_word' id='word_1_175' title='bbox 3244 1748 3398 1787; x_wconf 85' lang='lat' dir='ltr'><strong>carne</strong></span> <span class='ocrx_word' id='word_1_176' title='bbox 3421 1731 3542 1795; x_wconf 71' lang='lat' dir='ltr'><strong>hac,</strong></span> 
     </span>
    </p>
   </div>
   <div class='ocr_carea' id='block_1_23' title="bbox 308 1819 1903 1910">
    <p class='ocr_par' dir='ltr' id='par_1_23' title="bbox 308 1833 1885 1910">
     <span class='ocr_line' id='line_1_23' title="bbox 308 1833 1885 1910; baseline 0.004 -29"><span class='ocrx_word' id='word_1_177' title='bbox 308 1846 476 1900; x_wconf 81' lang='grc' dir='ltr'>κησεν</span> <span class='ocrx_word' id='word_1_178' title='bbox 502 1833 559 1884; x_wconf 82' lang='grc' dir='ltr'><strong>ἐν</strong></span> <span class='ocrx_word' id='word_1_179' title='bbox 587 1835 653 1903; x_wconf 80' lang='grc' dir='ltr'>τῇ</span> <span class='ocrx_word' id='word_1_180' title='bbox 683 1836 845 1904; x_wconf 78' lang='grc' dir='ltr'>σαρκὶ</span> <span class='ocrx_word' id='word_1_181' title='bbox 875 1837 1064 1910; x_wconf 83' lang='grc' dir='ltr'>ταύτῃ,</span> <span class='ocrx_word' id='word_1_182' title='bbox 1097 1837 1293 1909; x_wconf 83' lang='grc' dir='ltr'>ἀληθὲς</span> <span class='ocrx_word' id='word_1_183' title='bbox 1321 1837 1515 1908; x_wconf 80' lang='grc' dir='ltr'>εὑρεθῇ</span> <span class='ocrx_word' id='word_1_184' title='bbox 1545 1836 1692 1908; x_wconf 85' lang='grc' dir='ltr'>παρὰ</span> <span class='ocrx_word' id='word_1_185' title='bbox 1722 1839 1885 1890; x_wconf 83' lang='grc' dir='ltr'>πᾶσιν</span> 
     </span>
    </p>
   </div>
   <div class='ocr_carea' id='block_1_24' title="bbox 1951 1819 3546 1910">
    <p class='ocr_par' dir='ltr' id='par_1_24' title="bbox 1978 1819 3546 1907">
     <span class='ocr_line' id='line_1_24' title="bbox 1978 1819 3546 1907; baseline -0.016 -11"><span class='ocrx_word' id='word_1_186' title='bbox 1978 1858 2136 1897; x_wconf 70' lang='lat' dir='ltr'><strong>uerax</strong></span> <span class='ocrx_word' id='word_1_187' title='bbox 2187 1840 2485 1894; x_wconf 82' lang='lat' dir='ltr'><strong>inveniatur</strong></span> <span class='ocrx_word' id='word_1_188' title='bbox 2526 1836 2666 1907; x_wconf 84' lang='lat' dir='ltr'><strong>apud</strong></span> <span class='ocrx_word' id='word_1_189' title='bbox 2712 1842 2924 1888; x_wconf 88' lang='lat' dir='ltr'><strong>cunctos</strong></span> <span class='ocrx_word' id='word_1_190' title='bbox 2971 1829 3229 1889; x_wconf 77' lang='lat' dir='ltr'><strong>homines;</strong></span> <span class='ocrx_word' id='word_1_191' title='bbox 3260 1832 3309 1877; x_wconf 89' lang='lat' dir='ltr'><strong>et</strong></span> <span class='ocrx_word' id='word_1_192' title='bbox 3337 1823 3412 1876; x_wconf 87' lang='lat' dir='ltr'><strong>sic</strong></span> <span class='ocrx_word' id='word_1_193' title='bbox 3437 1819 3546 1873; x_wconf 90' lang='lat' dir='ltr'><strong>Do-</strong></span> 
     </span>
    </p>
   </div>
   <div class='ocr_carea' id='block_1_25' title="bbox 304 1912 1899 2001">
    <p class='ocr_par' dir='ltr' id='par_1_25' title="bbox 304 1922 1885 1999">
     <span class='ocr_line' id='line_1_25' title="bbox 304 1922 1885 1999; baseline 0.003 -25"><span class='ocrx_word' id='word_1_194' title='bbox 304 1922 630 1993; x_wconf 85' lang='grc' dir='ltr'>ἀνθρὼποις,</span> <span class='ocrx_word' id='word_1_195' title='bbox 657 1926 749 1977; x_wconf 77' lang='grc' dir='ltr'><strong>καὶ</strong></span> <span class='ocrx_word' id='word_1_196' title='bbox 782 1926 954 1991; x_wconf 76' lang='grc' dir='ltr'>οὕτως</span> <span class='ocrx_word' id='word_1_197' title='bbox 975 1927 1205 1999; x_wconf 82' lang='grc' dir='ltr'>δοξασθῇ</span> <span class='ocrx_word' id='word_1_198' title='bbox 1224 1930 1252 1981; x_wconf 92' lang='lat'><strong>6</strong></span> <span class='ocrx_word' id='word_1_199' title='bbox 1273 1927 1496 1999; x_wconf 88' lang='grc' dir='ltr'>Κύριος,</span> <span class='ocrx_word' id='word_1_200' title='bbox 1521 1928 1550 1979; x_wconf 92' lang='lat'><strong>6</strong></span> <span class='ocrx_word' id='word_1_201' title='bbox 1585 1929 1641 1979; x_wconf 83' lang='grc' dir='ltr'><strong>ἐν</strong></span> <span class='ocrx_word' id='word_1_202' title='bbox 1680 1926 1757 1997; x_wconf 83' lang='grc' dir='ltr'>τῷ</span> <span class='ocrx_word' id='word_1_203' title='bbox 1794 1927 1885 1979; x_wconf 87' lang='grc' dir='ltr'>ἀν-</span> 
     </span>
    </p>
   </div>
   <div class='ocr_carea' id='block_1_26' title="bbox 1952 1912 3547 2001">
    <p class='ocr_par' dir='ltr' id='par_1_26' title="bbox 1979 1912 3547 2001">
     <span class='ocr_line' id='line_1_26' title="bbox 1979 1912 3547 2001; baseline -0.015 -15"><span class='ocrx_word' id='word_1_204' title='bbox 1979 1933 2151 1986; x_wconf 88' lang='lat' dir='ltr'><strong>minus</strong></span> <span class='ocrx_word' id='word_1_205' title='bbox 2195 1931 2579 2001; x_wconf 81' lang='lat' dir='ltr'><strong>magniﬁcetur,</strong></span> <span class='ocrx_word' id='word_1_206' title='bbox 2636 1928 2726 1996; x_wconf 89' lang='lat' dir='ltr'><strong>qui</strong></span> <span class='ocrx_word' id='word_1_207' title='bbox 2777 1926 2832 1977; x_wconf 88' lang='lat' dir='ltr'><strong>in</strong></span> <span class='ocrx_word' id='word_1_208' title='bbox 2880 1922 3084 1976; x_wconf 80' lang='lat' dir='ltr'><strong>homine</strong></span> <span class='ocrx_word' id='word_1_209' title='bbox 3133 1916 3382 1970; x_wconf 82' lang='lat' dir='ltr'><strong>habitat:</strong></span> <span class='ocrx_word' id='word_1_210' title='bbox 3422 1912 3547 1981; x_wconf 84' lang='lat' dir='ltr'><strong>quia</strong></span> 
     </span>
    </p>
   </div>
   <div class='ocr_carea' id='block_1_27' title="bbox 305 2012 1900 2090">
    <p class='ocr_par' dir='ltr' id='par_1_27' title="bbox 305 2012 1886 2090">
     <span class='ocr_line' id='line_1_27' title="bbox 305 2012 1886 2090; baseline 0.004 -25"><span class='ocrx_word' id='word_1_211' title='bbox 305 2012 511 2085; x_wconf 85' lang='grc' dir='ltr'>θρὼπῳ</span> <span class='ocrx_word' id='word_1_212' title='bbox 537 2016 804 2070; x_wconf 75' lang='grc' dir='ltr'>κατοικῶν</span> <span class='ocrx_word' id='word_1_213' title='bbox 823 2034 836 2047; x_wconf 77' lang='grc' dir='ltr'><strong>ο</strong></span> <span class='ocrx_word' id='word_1_214' title='bbox 867 2018 947 2071; x_wconf 85' lang='grc' dir='ltr'>ὅτι</span> <span class='ocrx_word' id='word_1_215' title='bbox 969 2020 997 2072; x_wconf 93' lang='lat'><strong>6</strong></span> <span class='ocrx_word' id='word_1_216' title='bbox 1026 2019 1228 2090; x_wconf 83' lang='grc' dir='ltr'>Κύριος</span> <span class='ocrx_word' id='word_1_217' title='bbox 1252 2018 1499 2089; x_wconf 81' lang='grc' dir='ltr'>ἀληθινὸς</span> <span class='ocrx_word' id='word_1_218' title='bbox 1512 2019 1568 2071; x_wconf 85' lang='grc' dir='ltr'><strong>ἐν</strong></span> <span class='ocrx_word' id='word_1_219' title='bbox 1598 2018 1759 2070; x_wconf 76' lang='grc' dir='ltr'>παντὶ</span> <span class='ocrx_word' id='word_1_220' title='bbox 1797 2019 1886 2089; x_wconf 82' lang='grc' dir='ltr'><strong>ῥή-</strong></span> 
     </span>
    </p>
   </div>
   <div class='ocr_carea' id='block_1_28' title="bbox 1953 2012 3548 2090">
    <p class='ocr_par' dir='ltr' id='par_1_28' title="bbox 1979 2013 3548 2077">
     <span class='ocr_line' id='line_1_28' title="bbox 1979 2013 3548 2077; baseline -0.016 1"><span class='ocrx_word' id='word_1_221' title='bbox 1979 2024 2235 2077; x_wconf 87' lang='lat' dir='ltr'><strong>Dominus</strong></span> <span class='ocrx_word' id='word_1_222' title='bbox 2278 2037 2438 2077; x_wconf 66' lang='lat' dir='ltr'><strong>veras:</strong></span> <span class='ocrx_word' id='word_1_223' title='bbox 2482 2030 2559 2073; x_wconf 86' lang='lat' dir='ltr'><strong>est</strong></span> <span class='ocrx_word' id='word_1_224' title='bbox 2604 2019 2660 2071; x_wconf 90' lang='lat' dir='ltr'><strong>in</strong></span> <span class='ocrx_word' id='word_1_225' title='bbox 2700 2017 2841 2069; x_wconf 90' lang='lat' dir='ltr'><strong>omni</strong></span> <span class='ocrx_word' id='word_1_226' title='bbox 2888 2013 3061 2077; x_wconf 85' lang='lat' dir='ltr'><strong>verba,</strong></span> <span class='ocrx_word' id='word_1_227' title='bbox 3092 2017 3140 2063; x_wconf 88' lang='lat' dir='ltr'><strong>et</strong></span> <span class='ocrx_word' id='word_1_228' title='bbox 3171 2023 3272 2061; x_wconf 91' lang='lat' dir='ltr'><strong>non</strong></span> <span class='ocrx_word' id='word_1_229' title='bbox 3300 2014 3376 2059; x_wconf 86' lang='lat' dir='ltr'><strong>est</strong></span> <span class='ocrx_word' id='word_1_230' title='bbox 3406 2017 3548 2055; x_wconf 81' lang='lat' dir='ltr'><strong>men-</strong></span> 
     </span>
    </p>
   </div>
   <div class='ocr_carea' id='block_1_29' title="bbox 308 2092 1903 2183">
    <p class='ocr_par' dir='ltr' id='par_1_29' title="bbox 308 2105 1890 2181">
     <span class='ocr_line' id='line_1_29' title="bbox 308 2105 1890 2181; baseline 0.003 -24"><span class='ocrx_word' id='word_1_231' title='bbox 308 2123 461 2174; x_wconf 90' lang='grc' dir='ltr'>ματι,</span> <span class='ocrx_word' id='word_1_232' title='bbox 482 2107 576 2159; x_wconf 80' lang='grc' dir='ltr'>καὶ</span> <span class='ocrx_word' id='word_1_233' title='bbox 604 2108 751 2162; x_wconf 81' lang='grc' dir='ltr'>οὐδὲν</span> <span class='ocrx_word' id='word_1_234' title='bbox 794 2110 921 2180; x_wconf 88' lang='grc' dir='ltr'>παρ’</span> <span class='ocrx_word' id='word_1_235' title='bbox 943 2110 1092 2181; x_wconf 85' lang='grc' dir='ltr'>αὑτῷ</span> <span class='ocrx_word' id='word_1_236' title='bbox 1117 2111 1330 2180; x_wconf 78' lang='grc' dir='ltr'>ψεῦδος.</span> <span class='ocrx_word' id='word_1_237' title='bbox 1362 2112 1423 2164; x_wconf 86' lang='lat' dir='ltr'><strong>Ol.</strong></span> <span class='ocrx_word' id='word_1_238' title='bbox 1452 2105 1545 2163; x_wconf 81' lang='grc' dir='ltr'><strong>οὖν</strong></span> <span class='ocrx_word' id='word_1_239' title='bbox 1566 2108 1890 2179; x_wconf 78' lang='grc' dir='ltr'>ψευδόμενοι</span> 
     </span>
    </p>
   </div>
   <div class='ocr_carea' id='block_1_30' title="bbox 1977 2092 3572 2183">
    <p class='ocr_par' dir='ltr' id='par_1_30' title="bbox 1982 2092 3572 2183">
     <span class='ocr_line' id='line_1_30' title="bbox 1982 2092 3572 2183; baseline -0.016 -14"><span class='ocrx_word' id='word_1_240' title='bbox 1982 2115 2193 2169; x_wconf 85' lang='lat' dir='ltr'><strong>dacium</strong></span> <span class='ocrx_word' id='word_1_241' title='bbox 2230 2114 2283 2168; x_wconf 88' lang='lat' dir='ltr'><strong>in</strong></span> <span class='ocrx_word' id='word_1_242' title='bbox 2314 2114 2449 2183; x_wconf 85' lang='lat' dir='ltr'><strong>ipso.</strong></span> <span class='ocrx_word' id='word_1_243' title='bbox 2479 2111 2584 2177; x_wconf 83' lang='lat' dir='ltr'><strong>Qui</strong></span> <span class='ocrx_word' id='word_1_244' title='bbox 2611 2126 2731 2181; x_wconf 83' lang='lat' dir='ltr'><strong>ergo</strong></span> <span class='ocrx_word' id='word_1_245' title='bbox 2769 2107 3115 2167; x_wconf 87' lang='lat' dir='ltr'><strong>mentiuntur,</strong></span> <span class='ocrx_word' id='word_1_246' title='bbox 3148 2100 3406 2167; x_wconf 84' lang='lat' dir='ltr'><strong>abnegant</strong></span> <span class='ocrx_word' id='word_1_247' title='bbox 3438 2092 3572 2167; x_wconf 81' lang='lat' dir='ltr'><strong>Do-_</strong></span> 
     </span>
    </p>
   </div>
   <div class='ocr_carea' id='block_1_31' title="bbox 303 2188 1898 2272">
    <p class='ocr_par' dir='ltr' id='par_1_31' title="bbox 303 2196 1885 2271">
     <span class='ocr_line' id='line_1_31' title="bbox 303 2196 1885 2271; baseline -0.001 -21"><span class='ocrx_word' id='word_1_248' title='bbox 303 2196 558 2250; x_wconf 81' lang='grc' dir='ltr'>ἀθετοῠσι</span> <span class='ocrx_word' id='word_1_249' title='bbox 592 2199 682 2252; x_wconf 85' lang='grc' dir='ltr'><strong>τὸν</strong></span> <span class='ocrx_word' id='word_1_250' title='bbox 713 2199 936 2271; x_wconf 84' lang='grc' dir='ltr'>Κύριον,</span> <span class='ocrx_word' id='word_1_251' title='bbox 961 2201 1054 2255; x_wconf 80' lang='grc' dir='ltr'>καὶ</span> <span class='ocrx_word' id='word_1_252' title='bbox 1084 2202 1322 2270; x_wconf 83' lang='grc' dir='ltr'>γίνονται</span> <span class='ocrx_word' id='word_1_253' title='bbox 1366 2198 1736 2270; x_wconf 78' lang='grc' dir='ltr'>ἀποστερηταὶ</span> <span class='ocrx_word' id='word_1_254' title='bbox 1790 2196 1885 2251; x_wconf 80' lang='grc' dir='ltr'>τοῦ</span> 
     </span>
    </p>
   </div>
   <div class='ocr_carea' id='block_1_32' title="bbox 1949 2188 3544 2272">
    <p class='ocr_par' dir='ltr' id='par_1_32' title="bbox 1982 2188 3544 2272">
     <span class='ocr_line' id='line_1_32' title="bbox 1982 2188 3544 2272; baseline -0.013 -14"><span class='ocrx_word' id='word_1_255' title='bbox 1982 2205 2205 2270; x_wconf 85' lang='lat' dir='ltr'><strong>minam,</strong></span> <span class='ocrx_word' id='word_1_256' title='bbox 2234 2213 2282 2257; x_wconf 87' lang='lat' dir='ltr'><strong>et</strong></span> <span class='ocrx_word' id='word_1_257' title='bbox 2311 2204 2443 2272; x_wconf 83' lang='lat' dir='ltr'><strong>ﬁunt</strong></span> <span class='ocrx_word' id='word_1_258' title='bbox 2476 2200 2808 2271; x_wconf 81' lang='lat' dir='ltr'><strong>fraudatores</strong></span> <span class='ocrx_word' id='word_1_259' title='bbox 2842 2194 3079 2259; x_wconf 81' lang='lat' dir='ltr'><strong>Domini,</strong></span> <span class='ocrx_word' id='word_1_260' title='bbox 3125 2206 3229 2245; x_wconf 91' lang='lat' dir='ltr'><strong>non</strong></span> <span class='ocrx_word' id='word_1_261' title='bbox 3276 2188 3544 2243; x_wconf 85' lang='lat' dir='ltr'><strong>reddentes</strong></span> 
     </span>
    </p>
   </div>
   <div class='ocr_carea' id='block_1_33' title="bbox 306 2277 1901 2364">
    <p class='ocr_par' dir='ltr' id='par_1_33' title="bbox 306 2288 1886 2363">
     <span class='ocr_line' id='line_1_33' title="bbox 306 2288 1886 2363; baseline 0.002 -25"><span class='ocrx_word' id='word_1_262' title='bbox 306 2288 537 2358; x_wconf 76' lang='grc' dir='ltr'>Κυρίου,</span> <span class='ocrx_word' id='word_1_263' title='bbox 577 2289 650 2360; x_wconf 84' lang='grc' dir='ltr'>μὴ</span> <span class='ocrx_word' id='word_1_264' title='bbox 700 2290 1041 2356; x_wconf 81' lang='grc' dir='ltr'>ἀποδιδόντες</span> <span class='ocrx_word' id='word_1_265' title='bbox 1090 2290 1239 2363; x_wconf 82' lang='grc' dir='ltr'>αὐτῷ</span> <span class='ocrx_word' id='word_1_266' title='bbox 1293 2292 1390 2363; x_wconf 79' lang='grc' dir='ltr'>τὴν</span> <span class='ocrx_word' id='word_1_267' title='bbox 1441 2288 1765 2361; x_wconf 81' lang='grc' dir='ltr'>παραθήκην</span> <span class='ocrx_word' id='word_1_268' title='bbox 1819 2288 1886 2358; x_wconf 75' lang='grc' dir='ltr'>ἢν</span> 
     </span>
    </p>
   </div>
   <div class='ocr_carea' id='block_1_34' title="bbox 1953 2277 3548 2364">
    <p class='ocr_par' dir='ltr' id='par_1_34' title="bbox 1980 2277 3548 2364">
     <span class='ocr_line' id='line_1_34' title="bbox 1980 2277 3548 2364; baseline -0.015 -14"><span class='ocrx_word' id='word_1_269' title='bbox 1980 2297 2027 2350; x_wconf 90' lang='lat' dir='ltr'><strong>ei</strong></span> <span class='ocrx_word' id='word_1_270' title='bbox 2066 2296 2359 2364; x_wconf 86' lang='lat' dir='ltr'><strong>depositum</strong></span> <span class='ocrx_word' id='word_1_271' title='bbox 2396 2292 2533 2363; x_wconf 86' lang='lat' dir='ltr'><strong>quod</strong></span> <span class='ocrx_word' id='word_1_272' title='bbox 2560 2296 2889 2360; x_wconf 87' lang='lat' dir='ltr'><strong>acceperunt.</strong></span> <span class='ocrx_word' id='word_1_273' title='bbox 2922 2287 3245 2353; x_wconf 85' lang='lat' dir='ltr'><strong>Acceperunt</strong></span> <span class='ocrx_word' id='word_1_274' title='bbox 3273 2279 3411 2333; x_wconf 89' lang='lat' dir='ltr'><strong>enim</strong></span> <span class='ocrx_word' id='word_1_275' title='bbox 3438 2277 3548 2347; x_wconf 90' lang='lat' dir='ltr'><strong>spi-</strong></span> 
     </span>
    </p>
   </div>
   <div class='ocr_carea' id='block_1_35' title="bbox 307 2368 1902 2457">
    <p class='ocr_par' dir='ltr' id='par_1_35' title="bbox 307 2379 1885 2457">
     <span class='ocr_line' id='line_1_35' title="bbox 307 2379 1885 2457; baseline 0.001 -25"><span class='ocrx_word' id='word_1_276' title='bbox 307 2379 519 2435; x_wconf 73' lang='grc' dir='ltr'>ἑλαδον.</span> <span class='ocrx_word' id='word_1_277' title='bbox 559 2383 789 2439; x_wconf 79' lang='grc' dir='ltr'>Ἐλαϐον</span> <span class='ocrx_word' id='word_1_278' title='bbox 826 2384 935 2457; x_wconf 78' lang='grc' dir='ltr'>γὰρ</span> <span class='ocrx_word' id='word_1_279' title='bbox 981 2384 1197 2456; x_wconf 78' lang='grc' dir='ltr'>πνεῦμα</span> <span class='ocrx_word' id='word_1_280' title='bbox 1238 2385 1534 2456; x_wconf 79' lang='grc' dir='ltr'>ἄψευστον·</span> <span class='ocrx_word' id='word_1_281' title='bbox 1585 2380 1743 2435; x_wconf 81' lang='grc' dir='ltr'>τοῦτο</span> <span class='ocrx_word' id='word_1_282' title='bbox 1791 2382 1885 2435; x_wconf 85' lang='grc' dir='ltr'>ἐὰν</span> 
     </span>
    </p>
   </div>
   <div class='ocr_carea' id='block_1_36' title="bbox 1950 2368 3545 2457">
    <p class='ocr_par' dir='ltr' id='par_1_36' title="bbox 1981 2368 3545 2440">
     <span class='ocr_line' id='line_1_36' title="bbox 1981 2368 3545 2440; baseline -0.013 0"><span class='ocrx_word' id='word_1_283' title='bbox 1981 2387 2140 2440; x_wconf 86' lang='lat' dir='ltr'><strong>ritum</strong></span> <span class='ocrx_word' id='word_1_284' title='bbox 2190 2386 2299 2439; x_wconf 83' lang='lat' dir='ltr'><strong>sine</strong></span> <span class='ocrx_word' id='word_1_285' title='bbox 2349 2383 2618 2437; x_wconf 85' lang='lat' dir='ltr'><strong>mendacio</strong></span> <span class='ocrx_word' id='word_1_286' title='bbox 2656 2396 2673 2434; x_wconf 87' lang='lat'><strong><em>:</em></strong></span> <span class='ocrx_word' id='word_1_287' title='bbox 2718 2380 2856 2436; x_wconf 87' lang='lat' dir='ltr'><strong>hunc</strong></span> <span class='ocrx_word' id='word_1_288' title='bbox 2884 2378 2929 2431; x_wconf 88' lang='lat' dir='ltr'><strong>si</strong></span> <span class='ocrx_word' id='word_1_289' title='bbox 2962 2374 3267 2429; x_wconf 87' lang='lat' dir='ltr'><strong>mendacem</strong></span> <span class='ocrx_word' id='word_1_290' title='bbox 3297 2368 3545 2434; x_wconf 84' lang='lat' dir='ltr'><strong>reddunt,</strong></span> 
     </span>
    </p>
   </div>
   <div class='ocr_carea' id='block_1_37' title="bbox 306 2459 1901 2548">
    <p class='ocr_par' dir='ltr' id='par_1_37' title="bbox 306 2471 1888 2548">
     <span class='ocr_line' id='line_1_37' title="bbox 306 2471 1888 2548; baseline 0.001 -23"><span class='ocrx_word' id='word_1_291' title='bbox 306 2471 501 2541; x_wconf 82' lang='grc' dir='ltr'>ψευδὲς</span> <span class='ocrx_word' id='word_1_292' title='bbox 526 2472 897 2542; x_wconf 78' lang='grc' dir='ltr'>ἀποδώσωσιν,</span> <span class='ocrx_word' id='word_1_293' title='bbox 917 2476 1149 2548; x_wconf 79' lang='grc' dir='ltr'>ἐμίαναν</span> <span class='ocrx_word' id='word_1_294' title='bbox 1196 2478 1295 2548; x_wconf 84' lang='grc' dir='ltr'><strong>τὴν</strong></span> <span class='ocrx_word' id='word_1_295' title='bbox 1336 2476 1429 2529; x_wconf 83' lang='grc' dir='ltr'>τοῦ</span> <span class='ocrx_word' id='word_1_296' title='bbox 1479 2475 1612 2529; x_wconf 78' lang='grc' dir='ltr'>Θεοῦ</span> <span class='ocrx_word' id='word_1_297' title='bbox 1641 2475 1888 2547; x_wconf 80' lang='grc' dir='ltr'>παραθή-</span> 
     </span>
    </p>
   </div>
   <div class='ocr_carea' id='block_1_38' title="bbox 1950 2459 3545 2548">
    <p class='ocr_par' dir='ltr' id='par_1_38' title="bbox 1980 2459 3545 2541">
     <span class='ocr_line' id='line_1_38' title="bbox 1980 2459 3545 2541; baseline -0.009 -16"><span class='ocrx_word' id='word_1_298' title='bbox 1980 2472 2316 2541; x_wconf 88' lang='lat' dir='ltr'><strong>coinquinant</strong></span> <span class='ocrx_word' id='word_1_299' title='bbox 2347 2466 2653 2523; x_wconf 79' lang='lat' dir='ltr'><strong>mandatum</strong></span> <span class='ocrx_word' id='word_1_300' title='bbox 2676 2484 2764 2524; x_wconf 82' lang='lat' dir='ltr'><strong>seu</strong></span> <span class='ocrx_word' id='word_1_301' title='bbox 2793 2464 3082 2536; x_wconf 86' lang='lat' dir='ltr'><strong>depositum</strong></span> <span class='ocrx_word' id='word_1_302' title='bbox 3109 2462 3295 2531; x_wconf 83' lang='lat' dir='ltr'><strong>Dei,et</strong></span> <span class='ocrx_word' id='word_1_303' title='bbox 3322 2459 3545 2529; x_wconf 78' lang='lat' dir='ltr'><strong>frauda-</strong></span> 
     </span>
    </p>
   </div>
   <div class='ocr_carea' id='block_1_39' title="bbox 306 2564 1901 2639">
    <p class='ocr_par' dir='ltr' id='par_1_39' title="bbox 306 2564 1254 2639">
     <span class='ocr_line' id='line_1_39' title="bbox 306 2564 1254 2639; baseline 0.011 -27"><span class='ocrx_word' id='word_1_304' title='bbox 306 2575 436 2631; x_wconf 83' lang='grc' dir='ltr'>κην,</span> <span class='ocrx_word' id='word_1_305' title='bbox 469 2565 563 2618; x_wconf 75' lang='grc' dir='ltr'><strong>καὶ</strong></span> <span class='ocrx_word' id='word_1_306' title='bbox 593 2564 839 2633; x_wconf 80' lang='grc' dir='ltr'>ἐγένοντο</span> <span class='ocrx_word' id='word_1_307' title='bbox 863 2567 1254 2639; x_wconf 87' lang='grc' dir='ltr'>ἀποστερηταί.</span> 
     </span>
    </p>
   </div>
   <div class='ocr_carea' id='block_1_40' title="bbox 709 2564 2304 2639">
    <p class='ocr_par' dir='ltr' id='par_1_40' title="bbox 709 2565 2304 2639">
     <span class='ocr_line' id='line_1_40' title="bbox 709 2565 2304 2639; baseline -0.002 -20"><span class='ocrx_word' id='word_1_308' title='bbox 709 2582 839 2619; x_wconf 61' lang='grc' dir='ltr'>θοντο</span> <span class='ocrx_word' id='word_1_309' title='bbox 863 2567 1254 2639; x_wconf 87' lang='grc' dir='ltr'>ἀποστερηταί.</span> <span class='ocrx_word' id='word_1_310' title='bbox 1981 2572 2115 2618; x_wconf 87' lang='lat' dir='ltr'><strong>tores</strong></span> <span class='ocrx_word' id='word_1_311' title='bbox 2151 2565 2304 2632; x_wconf 79' lang='lat' dir='ltr'><strong>ﬁunt.</strong></span> 
     </span>
    </p>
   </div>
   <div class='ocr_carea' id='block_1_41' title="bbox 382 2672 3561 2754">
    <p class='ocr_par' dir='ltr' id='par_1_41' title="bbox 382 2672 3561 2754">
     <span class='ocr_line' id='line_1_41' title="bbox 382 2672 3561 2754; baseline -0.001 -22"><span class='ocrx_word' id='word_1_312' title='bbox 382 2676 480 2733; x_wconf 82' lang='lat' dir='ltr'><strong>His</strong></span> <span class='ocrx_word' id='word_1_313' title='bbox 507 2680 725 2749; x_wconf 83' lang='lat' dir='ltr'><strong>auditis,</strong></span> <span class='ocrx_word' id='word_1_314' title='bbox 756 2695 857 2751; x_wconf 88' lang='lat' dir='ltr'><strong>ego</strong></span> <span class='ocrx_word' id='word_1_315' title='bbox 877 2682 1223 2737; x_wconf 82' lang='lat' dir='ltr'><strong>vehementer</strong></span> <span class='ocrx_word' id='word_1_316' title='bbox 1249 2681 1362 2754; x_wconf 68' lang='lat'><strong>(25)</strong></span> <span class='ocrx_word' id='word_1_317' title='bbox 1391 2682 1533 2738; x_wconf 82' lang='lat' dir='ltr'><strong>nevi.</strong></span> <span class='ocrx_word' id='word_1_318' title='bbox 1565 2681 1666 2749; x_wconf 87' lang='lat' dir='ltr'><strong>Qui</strong></span> <span class='ocrx_word' id='word_1_319' title='bbox 1700 2698 1825 2738; x_wconf 88' lang='lat' dir='ltr'><strong>cum</strong></span> <span class='ocrx_word' id='word_1_320' title='bbox 1850 2681 2066 2738; x_wconf 87' lang='lat' dir='ltr'><strong>llentem</strong></span> <span class='ocrx_word' id='word_1_321' title='bbox 2116 2694 2203 2732; x_wconf 87' lang='lat' dir='ltr'><strong>me</strong></span> <span class='ocrx_word' id='word_1_322' title='bbox 2230 2677 2455 2742; x_wconf 83' lang='lat' dir='ltr'><strong>videret,</strong></span> <span class='ocrx_word' id='word_1_323' title='bbox 2493 2676 2631 2730; x_wconf 85' lang='lat' dir='ltr'><strong>dixit</strong></span> <span class='ocrx_word' id='word_1_324' title='bbox 2661 2676 2794 2729; x_wconf 88' lang='lat' dir='ltr'><strong>mihi</strong></span> <span class='ocrx_word' id='word_1_325' title='bbox 2826 2698 2839 2733; x_wconf 89' lang='lat'>:</span> <span class='ocrx_word' id='word_1_326' title='bbox 2874 2678 3014 2744; x_wconf 87' lang='lat' dir='ltr'><strong>Quid</strong></span> <span class='ocrx_word' id='word_1_327' title='bbox 3044 2677 3263 2749; x_wconf 84' lang='lat' dir='ltr'><strong>ploras?</strong></span> <span class='ocrx_word' id='word_1_328' title='bbox 3292 2674 3357 2729; x_wconf 85' lang='lat' dir='ltr'><strong>Et</strong></span> <span class='ocrx_word' id='word_1_329' title='bbox 3384 2672 3495 2727; x_wconf 84' lang='lat' dir='ltr'><strong>dixi</strong></span> <span class='ocrx_word' id='word_1_330' title='bbox 3533 2690 3561 2729; x_wconf 11' lang='lat'><strong>:7</strong></span> 
     </span>
    </p>
   </div>
   <div class='ocr_carea' id='block_1_42' title="bbox 309 2765 3551 2848">
    <p class='ocr_par' dir='ltr' id='par_1_42' title="bbox 309 2765 3551 2848">
     <span class='ocr_line' id='line_1_42' title="bbox 309 2765 3551 2848; baseline -0.005 -19"><span class='ocrx_word' id='word_1_331' title='bbox 309 2774 610 2843; x_wconf 82' lang='lat' dir='ltr'><strong>Quoniam,</strong></span> <span class='ocrx_word' id='word_1_332' title='bbox 644 2777 885 2843; x_wconf 91' lang='lat' dir='ltr'><strong>domine,</strong></span> <span class='ocrx_word' id='word_1_333' title='bbox 928 2778 1112 2833; x_wconf 92' lang='lat' dir='ltr'><strong>nescio</strong></span> <span class='ocrx_word' id='word_1_334' title='bbox 1135 2794 1203 2833; x_wconf 91' lang='lat' dir='ltr'><strong>an</strong></span> <span class='ocrx_word' id='word_1_335' title='bbox 1235 2779 1436 2848; x_wconf 86' lang='lat' dir='ltr'><strong>possim</strong></span> <span class='ocrx_word' id='word_1_336' title='bbox 1462 2779 1645 2834; x_wconf 87' lang='lat' dir='ltr'><strong>salvus</strong></span> <span class='ocrx_word' id='word_1_337' title='bbox 1674 2794 1814 2834; x_wconf 89' lang='lat' dir='ltr'><strong>esse.</strong></span> <span class='ocrx_word' id='word_1_338' title='bbox 1838 2777 2038 2843; x_wconf 85' lang='lat' dir='ltr'><strong>Quare,</strong></span> <span class='ocrx_word' id='word_1_339' title='bbox 2068 2773 2278 2843; x_wconf 88' lang='lat' dir='ltr'><strong>inquit?</strong></span> <span class='ocrx_word' id='word_1_340' title='bbox 2299 2771 2367 2825; x_wconf 89' lang='lat' dir='ltr'><strong>Et</strong></span> <span class='ocrx_word' id='word_1_341' title='bbox 2396 2771 2509 2827; x_wconf 83' lang='lat' dir='ltr'><strong>dixi</strong></span> <span class='ocrx_word' id='word_1_342' title='bbox 2535 2790 2548 2825; x_wconf 86' lang='lat'><strong>:</strong></span> <span class='ocrx_word' id='word_1_343' title='bbox 2572 2770 2709 2836; x_wconf 89' lang='lat' dir='ltr'><strong>Quia</strong></span> <span class='ocrx_word' id='word_1_344' title='bbox 2742 2784 3044 2838; x_wconf 86' lang='lat' dir='ltr'><strong>nunquam,</strong></span> <span class='ocrx_word' id='word_1_345' title='bbox 3076 2765 3313 2828; x_wconf 90' lang='lat' dir='ltr'><strong>domine,</strong></span> <span class='ocrx_word' id='word_1_346' title='bbox 3355 2775 3551 2817; x_wconf 88' lang='lat' dir='ltr'><strong>verum</strong></span> 
     </span>
    </p>
   </div>
   <div class='ocr_carea' id='block_1_43' title="bbox 307 2853 3548 2941">
    <p class='ocr_par' dir='ltr' id='par_1_43' title="bbox 307 2853 3548 2941">
     <span class='ocr_line' id='line_1_43' title="bbox 307 2853 3548 2941; baseline -0.004 -22"><span class='ocrx_word' id='word_1_347' title='bbox 307 2864 528 2922; x_wconf 88' lang='lat' dir='ltr'><strong>locutus</strong></span> <span class='ocrx_word' id='word_1_348' title='bbox 557 2884 675 2923; x_wconf 90' lang='lat' dir='ltr'><strong>sum</strong></span> <span class='ocrx_word' id='word_1_349' title='bbox 709 2868 935 2923; x_wconf 77' lang='lat' dir='ltr'><strong>verbum</strong></span> <span class='ocrx_word' id='word_1_350' title='bbox 990 2869 1045 2925; x_wconf 92' lang='lat' dir='ltr'><strong>in</strong></span> <span class='ocrx_word' id='word_1_351' title='bbox 1096 2870 1206 2925; x_wconf 88' lang='lat' dir='ltr'><strong>vita</strong></span> <span class='ocrx_word' id='word_1_352' title='bbox 1248 2887 1391 2937; x_wconf 85' lang='lat' dir='ltr'><strong>mea,</strong></span> <span class='ocrx_word' id='word_1_353' title='bbox 1425 2872 1517 2927; x_wconf 88' lang='lat' dir='ltr'><strong>sed</strong></span> <span class='ocrx_word' id='word_1_354' title='bbox 1563 2886 1775 2941; x_wconf 77' lang='lat' dir='ltr'><strong>semper</strong></span> <span class='ocrx_word' id='word_1_355' title='bbox 1818 2871 1873 2924; x_wconf 90' lang='lat' dir='ltr'><strong>in</strong></span> <span class='ocrx_word' id='word_1_356' title='bbox 1911 2868 2022 2939; x_wconf 75' lang='grc'>(24)</span> <span class='ocrx_word' id='word_1_357' title='bbox 2045 2866 2391 2922; x_wconf 88' lang='lat' dir='ltr'><strong>simulatione</strong></span> <span class='ocrx_word' id='word_1_358' title='bbox 2422 2864 2554 2929; x_wconf 87' lang='lat' dir='ltr'><strong>vixi,</strong></span> <span class='ocrx_word' id='word_1_359' title='bbox 2576 2873 2630 2917; x_wconf 90' lang='lat' dir='ltr'><strong>et</strong></span> <span class='ocrx_word' id='word_1_360' title='bbox 2660 2861 2999 2918; x_wconf 88' lang='lat' dir='ltr'><strong>mendacium</strong></span> <span class='ocrx_word' id='word_1_361' title='bbox 3034 2874 3131 2930; x_wconf 92' lang='lat' dir='ltr'><strong>pro</strong></span> <span class='ocrx_word' id='word_1_362' title='bbox 3156 2858 3381 2913; x_wconf 85' lang='lat' dir='ltr'><strong>veritate</strong></span> <span class='ocrx_word' id='word_1_363' title='bbox 3403 2853 3548 2908; x_wconf 82' lang='lat' dir='ltr'><strong>atlir-</strong></span> 
     </span>
    </p>
   </div>
   <div class='ocr_carea' id='block_1_44' title="bbox 304 2953 3549 3036">
    <p class='ocr_par' dir='ltr' id='par_1_44' title="bbox 304 2953 3549 3036">
     <span class='ocr_line' id='line_1_44' title="bbox 304 2953 3549 3036; baseline -0.003 -23"><span class='ocrx_word' id='word_1_364' title='bbox 304 2962 455 3015; x_wconf 88' lang='lat' dir='ltr'><strong>mavi</strong></span> <span class='ocrx_word' id='word_1_365' title='bbox 480 2961 591 3033; x_wconf 70' lang='lat'><strong>(25)</strong></span> <span class='ocrx_word' id='word_1_366' title='bbox 622 2963 906 3031; x_wconf 89' lang='lat' dir='ltr'><strong>omnibus;</strong></span> <span class='ocrx_word' id='word_1_367' title='bbox 942 2972 995 3020; x_wconf 88' lang='lat' dir='ltr'><strong>et</strong></span> <span class='ocrx_word' id='word_1_368' title='bbox 1041 2979 1151 3020; x_wconf 89' lang='lat' dir='ltr'><strong>non</strong></span> <span class='ocrx_word' id='word_1_369' title='bbox 1189 2966 1323 3020; x_wconf 90' lang='lat' dir='ltr'><strong>mihi</strong></span> <span class='ocrx_word' id='word_1_370' title='bbox 1378 2966 1668 3036; x_wconf 86' lang='lat' dir='ltr'><strong>quisquam</strong></span> <span class='ocrx_word' id='word_1_371' title='bbox 1720 2964 2072 3028; x_wconf 79' lang='lat' dir='ltr'><strong>contradixit,</strong></span> <span class='ocrx_word' id='word_1_372' title='bbox 2098 2962 2192 3018; x_wconf 87' lang='lat' dir='ltr'><strong>sed</strong></span> <span class='ocrx_word' id='word_1_373' title='bbox 2221 2962 2353 3017; x_wconf 84' lang='lat' dir='ltr'><strong>ﬁdes</strong></span> <span class='ocrx_word' id='word_1_374' title='bbox 2390 2960 2575 3014; x_wconf 86' lang='lat' dir='ltr'><strong>habita</strong></span> <span class='ocrx_word' id='word_1_375' title='bbox 2606 2966 2690 3014; x_wconf 91' lang='lat' dir='ltr'><strong>est</strong></span> <span class='ocrx_word' id='word_1_376' title='bbox 2714 2958 2880 3013; x_wconf 86' lang='lat' dir='ltr'><strong>verbo</strong></span> <span class='ocrx_word' id='word_1_377' title='bbox 2913 2970 3057 3011; x_wconf 89' lang='lat' dir='ltr'><strong>meo.</strong></span> <span class='ocrx_word' id='word_1_378' title='bbox 3085 2953 3205 3021; x_wconf 87' lang='lat' dir='ltr'><strong>Quo</strong></span> <span class='ocrx_word' id='word_1_379' title='bbox 3234 2953 3394 3007; x_wconf 91' lang='lat' dir='ltr'><strong>modo</strong></span> <span class='ocrx_word' id='word_1_380' title='bbox 3417 2964 3549 3021; x_wconf 88' lang='lat' dir='ltr'><strong>ergo</strong></span> 
     </span>
    </p>
   </div>
   <div class='ocr_carea' id='block_1_45' title="bbox 304 3042 3546 3126">
    <p class='ocr_par' dir='ltr' id='par_1_45' title="bbox 304 3042 3546 3126">
     <span class='ocr_line' id='line_1_45' title="bbox 304 3042 3546 3126; baseline -0.004 -18"><span class='ocrx_word' id='word_1_381' title='bbox 304 3063 503 3124; x_wconf 84' lang='lat' dir='ltr'><strong>potero</strong></span> <span class='ocrx_word' id='word_1_382' title='bbox 553 3056 752 3124; x_wconf 84' lang='lat' dir='ltr'><strong>vivere,</strong></span> <span class='ocrx_word' id='word_1_383' title='bbox 796 3072 921 3112; x_wconf 89' lang='lat' dir='ltr'><strong>cum</strong></span> <span class='ocrx_word' id='word_1_384' title='bbox 970 3056 1051 3114; x_wconf 90' lang='lat' dir='ltr'><strong>sic</strong></span> <span class='ocrx_word' id='word_1_385' title='bbox 1096 3057 1339 3126; x_wconf 81' lang='lat' dir='ltr'><strong>egerim?</strong></span> <span class='ocrx_word' id='word_1_386' title='bbox 1370 3056 1435 3112; x_wconf 87' lang='lat' dir='ltr'><strong>Et</strong></span> <span class='ocrx_word' id='word_1_387' title='bbox 1479 3058 1616 3111; x_wconf 80' lang='lat' dir='ltr'><strong>dixit</strong></span> <span class='ocrx_word' id='word_1_388' title='bbox 1654 3057 1833 3111; x_wconf 89' lang='lat' dir='ltr'><strong>mihi:</strong></span> <span class='ocrx_word' id='word_1_389' title='bbox 1874 3054 1952 3108; x_wconf 91' lang='lat' dir='ltr'><strong>Tu</strong></span> <span class='ocrx_word' id='word_1_390' title='bbox 1981 3053 2199 3124; x_wconf 89' lang='lat' dir='ltr'><strong>quidem</strong></span> <span class='ocrx_word' id='word_1_391' title='bbox 2247 3052 2384 3106; x_wconf 89' lang='lat' dir='ltr'><strong>bene</strong></span> <span class='ocrx_word' id='word_1_392' title='bbox 2432 3058 2486 3104; x_wconf 85' lang='lat' dir='ltr'><strong>et</strong></span> <span class='ocrx_word' id='word_1_393' title='bbox 2530 3064 2658 3104; x_wconf 86' lang='lat' dir='ltr'><strong>vere</strong></span> <span class='ocrx_word' id='word_1_394' title='bbox 2707 3048 2893 3103; x_wconf 89' lang='lat' dir='ltr'><strong>sentis.</strong></span> <span class='ocrx_word' id='word_1_395' title='bbox 2943 3045 3238 3116; x_wconf 83' lang='lat' dir='ltr'><strong>Oportebat</strong></span> <span class='ocrx_word' id='word_1_396' title='bbox 3283 3042 3425 3097; x_wconf 91' lang='lat' dir='ltr'><strong>enim</strong></span> <span class='ocrx_word' id='word_1_397' title='bbox 3476 3052 3546 3108; x_wconf 90' lang='lat' dir='ltr'><strong>te,</strong></span> 
     </span>
    </p>
   </div>
   <div class='ocr_carea' id='block_1_46' title="bbox 306 3133 3544 3212">
    <p class='ocr_par' dir='ltr' id='par_1_46' title="bbox 306 3133 3544 3212">
     <span class='ocr_line' id='line_1_46' title="bbox 306 3133 3544 3212; baseline -0.004 -15"><span class='ocrx_word' id='word_1_398' title='bbox 306 3143 459 3197; x_wconf 89' lang='lat' dir='ltr'><strong>sicut</strong></span> <span class='ocrx_word' id='word_1_399' title='bbox 519 3142 613 3198; x_wconf 85' lang='lat' dir='ltr'><strong>Dei</strong></span> <span class='ocrx_word' id='word_1_400' title='bbox 661 3162 902 3209; x_wconf 86' lang='lat' dir='ltr'><strong>servum,</strong></span> <span class='ocrx_word' id='word_1_401' title='bbox 935 3147 990 3201; x_wconf 94' lang='lat' dir='ltr'><strong>in</strong></span> <span class='ocrx_word' id='word_1_402' title='bbox 1029 3146 1258 3200; x_wconf 84' lang='lat' dir='ltr'><strong>veritate</strong></span> <span class='ocrx_word' id='word_1_403' title='bbox 1296 3147 1596 3212; x_wconf 89' lang='lat' dir='ltr'><strong>ambulare,</strong></span> <span class='ocrx_word' id='word_1_404' title='bbox 1632 3155 1687 3202; x_wconf 88' lang='lat' dir='ltr'><strong>et</strong></span> <span class='ocrx_word' id='word_1_405' title='bbox 1732 3146 1930 3201; x_wconf 84' lang='lat' dir='ltr'><strong>malam</strong></span> <span class='ocrx_word' id='word_1_406' title='bbox 1975 3143 2365 3199; x_wconf 88' lang='lat' dir='ltr'><strong>conscientiam</strong></span> <span class='ocrx_word' id='word_1_407' title='bbox 2395 3156 2520 3196; x_wconf 89' lang='lat' dir='ltr'><strong>cum</strong></span> <span class='ocrx_word' id='word_1_408' title='bbox 2564 3139 2755 3209; x_wconf 86' lang='lat' dir='ltr'><strong>spiritu</strong></span> <span class='ocrx_word' id='word_1_409' title='bbox 2786 3137 3027 3192; x_wconf 86' lang='lat' dir='ltr'><strong>veritatis</strong></span> <span class='ocrx_word' id='word_1_410' title='bbox 3061 3151 3167 3191; x_wconf 91' lang='lat' dir='ltr'><strong>non</strong></span> <span class='ocrx_word' id='word_1_411' title='bbox 3195 3133 3544 3202; x_wconf 83' lang='lat' dir='ltr'><strong>conjungere,</strong></span> 
     </span>
    </p>
   </div>
   <div class='ocr_carea' id='block_1_47' title="bbox 304 3231 3545 3307">
    <p class='ocr_par' dir='ltr' id='par_1_47' title="bbox 304 3231 3545 3307">
     <span class='ocr_line' id='line_1_47' title="bbox 304 3231 3545 3307; baseline -0.001 -21"><span class='ocrx_word' id='word_1_412' title='bbox 304 3247 414 3288; x_wconf 86' lang='lat' dir='ltr'><strong>nec</strong></span> <span class='ocrx_word' id='word_1_413' title='bbox 451 3234 730 3290; x_wconf 89' lang='lat' dir='ltr'><strong>tristitiam</strong></span> <span class='ocrx_word' id='word_1_414' title='bbox 778 3237 1005 3307; x_wconf 90' lang='lat' dir='ltr'><strong>Spiritui</strong></span> <span class='ocrx_word' id='word_1_415' title='bbox 1064 3240 1159 3297; x_wconf 84' lang='lat' dir='ltr'><strong>Dei</strong></span> <span class='ocrx_word' id='word_1_416' title='bbox 1204 3252 1394 3297; x_wconf 90' lang='lat' dir='ltr'><strong>sancto</strong></span> <span class='ocrx_word' id='word_1_417' title='bbox 1447 3251 1503 3298; x_wconf 91' lang='lat' dir='ltr'><strong>et</strong></span> <span class='ocrx_word' id='word_1_418' title='bbox 1547 3258 1675 3299; x_wconf 89' lang='lat' dir='ltr'><strong>vero</strong></span> <span class='ocrx_word' id='word_1_419' title='bbox 1733 3242 1913 3299; x_wconf 80' lang='lat' dir='ltr'><strong>facere</strong></span> <span class='ocrx_word' id='word_1_420' title='bbox 1936 3241 2003 3298; x_wconf 81' lang='grc'><strong>⁷⁸.</strong></span> <span class='ocrx_word' id='word_1_421' title='bbox 2048 3239 2115 3296; x_wconf 90' lang='lat' dir='ltr'><strong>Et</strong></span> <span class='ocrx_word' id='word_1_422' title='bbox 2161 3240 2274 3296; x_wconf 88' lang='lat' dir='ltr'><strong>dixi</strong></span> <span class='ocrx_word' id='word_1_423' title='bbox 2323 3239 2402 3294; x_wconf 89' lang='lat' dir='ltr'><strong>illi</strong></span> <span class='ocrx_word' id='word_1_424' title='bbox 2438 3257 2451 3292; x_wconf 92' lang='lat'><strong>:</strong></span> <span class='ocrx_word' id='word_1_425' title='bbox 2486 3236 2798 3307; x_wconf 88' lang='lat' dir='ltr'><strong>Nunquam,</strong></span> <span class='ocrx_word' id='word_1_426' title='bbox 2828 3235 3065 3302; x_wconf 80' lang='lat' dir='ltr'><strong>domine,</strong></span> <span class='ocrx_word' id='word_1_427' title='bbox 3096 3234 3211 3287; x_wconf 60' lang='lat' dir='ltr'><strong>haec</strong></span> <span class='ocrx_word' id='word_1_428' title='bbox 3237 3231 3397 3287; x_wconf 86' lang='lat' dir='ltr'><strong>verba</strong></span> <span class='ocrx_word' id='word_1_429' title='bbox 3431 3239 3545 3284; x_wconf 88' lang='lat' dir='ltr'><strong>tam</strong></span> 
     </span>
    </p>
   </div>
   <div class='ocr_carea' id='block_1_48' title="bbox 304 3322 3545 3407">
    <p class='ocr_par' dir='ltr' id='par_1_48' title="bbox 304 3322 3545 3407">
     <span class='ocr_line' id='line_1_48' title="bbox 304 3322 3545 3407; baseline -0.002 -23"><span class='ocrx_word' id='word_1_430' title='bbox 304 3329 602 3401; x_wconf 84' lang='lat' dir='ltr'><strong>diligenter</strong></span> <span class='ocrx_word' id='word_1_431' title='bbox 631 3334 835 3391; x_wconf 85' lang='lat' dir='ltr'><strong>audivi.</strong></span> <span class='ocrx_word' id='word_1_432' title='bbox 874 3334 939 3389; x_wconf 85' lang='lat' dir='ltr'><strong>Et</strong></span> <span class='ocrx_word' id='word_1_433' title='bbox 963 3337 1102 3392; x_wconf 81' lang='lat' dir='ltr'><strong>dixit</strong></span> <span class='ocrx_word' id='word_1_434' title='bbox 1134 3338 1267 3391; x_wconf 83' lang='lat' dir='ltr'><strong>mihi</strong></span> <span class='ocrx_word' id='word_1_435' title='bbox 1304 3357 1317 3392; x_wconf 88' lang='lat'><strong>:</strong></span> <span class='ocrx_word' id='word_1_436' title='bbox 1351 3337 1504 3394; x_wconf 81' lang='lat' dir='ltr'><strong>Nunc</strong></span> <span class='ocrx_word' id='word_1_437' title='bbox 1534 3339 1711 3395; x_wconf 90' lang='lat' dir='ltr'><strong>audis.</strong></span> <span class='ocrx_word' id='word_1_438' title='bbox 1756 3339 1900 3394; x_wconf 88' lang='lat' dir='ltr'><strong>Cura</strong></span> <span class='ocrx_word' id='word_1_439' title='bbox 1929 3337 2185 3407; x_wconf 90' lang='lat' dir='ltr'><strong>deinceps</strong></span> <span class='ocrx_word' id='word_1_440' title='bbox 2222 3334 2357 3404; x_wconf 71' lang='lat'><strong>(26),</strong></span> <span class='ocrx_word' id='word_1_441' title='bbox 2385 3343 2445 3390; x_wconf 91' lang='lat' dir='ltr'><strong>ut</strong></span> <span class='ocrx_word' id='word_1_442' title='bbox 2489 3346 2542 3388; x_wconf 91' lang='lat' dir='ltr'><strong>et</strong></span> <span class='ocrx_word' id='word_1_443' title='bbox 2583 3333 2672 3387; x_wconf 86' lang='lat' dir='ltr'><strong>illa</strong></span> <span class='ocrx_word' id='word_1_444' title='bbox 2704 3346 2825 3402; x_wconf 59' lang='lat' dir='ltr'><strong>qua;</strong></span> <span class='ocrx_word' id='word_1_445' title='bbox 2856 3330 3008 3400; x_wconf 91' lang='lat' dir='ltr'><strong>prius</strong></span> <span class='ocrx_word' id='word_1_446' title='bbox 3044 3327 3260 3381; x_wconf 91' lang='lat' dir='ltr'><strong>locutus</strong></span> <span class='ocrx_word' id='word_1_447' title='bbox 3310 3339 3369 3378; x_wconf 84' lang='lat' dir='ltr'><strong>es</strong></span> <span class='ocrx_word' id='word_1_448' title='bbox 3410 3322 3545 3378; x_wconf 81' lang='lat' dir='ltr'><strong>falsa</strong></span> 
     </span>
    </p>
   </div>
   <div class='ocr_carea' id='block_1_49' title="bbox 304 3412 3546 3499">
    <p class='ocr_par' dir='ltr' id='par_1_49' title="bbox 304 3412 3546 3499">
     <span class='ocr_line' id='line_1_49' title="bbox 304 3412 3546 3499; baseline -0.003 -24"><span class='ocrx_word' id='word_1_449' title='bbox 304 3436 410 3492; x_wconf 85' lang='lat' dir='ltr'><strong>pro</strong></span> <span class='ocrx_word' id='word_1_450' title='bbox 438 3425 669 3493; x_wconf 88' lang='lat' dir='ltr'><strong>negotiis</strong></span> <span class='ocrx_word' id='word_1_451' title='bbox 692 3426 821 3491; x_wconf 91' lang='lat' dir='ltr'><strong>tuis,</strong></span> <span class='ocrx_word' id='word_1_452' title='bbox 841 3427 925 3482; x_wconf 89' lang='lat' dir='ltr'><strong>his</strong></span> <span class='ocrx_word' id='word_1_453' title='bbox 955 3429 1136 3484; x_wconf 89' lang='lat' dir='ltr'><strong>verbis</strong></span> <span class='ocrx_word' id='word_1_454' title='bbox 1161 3437 1214 3482; x_wconf 91' lang='lat' dir='ltr'><strong>et</strong></span> <span class='ocrx_word' id='word_1_455' title='bbox 1238 3428 1325 3481; x_wconf 90' lang='lat' dir='ltr'><strong>illa</strong></span> <span class='ocrx_word' id='word_1_456' title='bbox 1355 3427 1513 3482; x_wconf 82' lang='lat' dir='ltr'><strong>ﬁdem</strong></span> <span class='ocrx_word' id='word_1_457' title='bbox 1543 3424 2210 3499; x_wconf 73' lang='lat' dir='ltr'><strong>recipiant(27).Possunt</strong></span> <span class='ocrx_word' id='word_1_458' title='bbox 2235 3422 2377 3478; x_wconf 92' lang='lat' dir='ltr'><strong>enim</strong></span> <span class='ocrx_word' id='word_1_459' title='bbox 2410 3430 2464 3477; x_wconf 92' lang='lat' dir='ltr'><strong>et</strong></span> <span class='ocrx_word' id='word_1_460' title='bbox 2487 3421 2578 3474; x_wconf 89' lang='lat' dir='ltr'><strong>illa</strong></span> <span class='ocrx_word' id='word_1_461' title='bbox 2608 3419 2769 3474; x_wconf 84' lang='lat' dir='ltr'><strong>ﬁdem</strong></span> <span class='ocrx_word' id='word_1_462' title='bbox 2801 3419 3061 3486; x_wconf 89' lang='lat' dir='ltr'><strong>recipere,</strong></span> <span class='ocrx_word' id='word_1_463' title='bbox 3102 3414 3149 3469; x_wconf 92' lang='lat' dir='ltr'><strong>si</strong></span> <span class='ocrx_word' id='word_1_464' title='bbox 3182 3426 3307 3466; x_wconf 88' lang='lat' dir='ltr'><strong>vera</strong></span> <span class='ocrx_word' id='word_1_465' title='bbox 3334 3412 3546 3464; x_wconf 89' lang='lat' dir='ltr'><strong>locutus</strong></span> 
     </span>
    </p>
   </div>
   <div class='ocr_carea' id='block_1_50' title="bbox 319 3502 1914 3593">
    <p class='ocr_par' dir='ltr' id='par_1_50' title="bbox 319 3510 1876 3593">
     <span class='ocr_line' id='line_1_50' title="bbox 319 3510 1876 3593; baseline 0.004 -29"><span class='ocrx_word' id='word_1_466' title='bbox 319 3512 451 3566; x_wconf 80' lang='grc' dir='ltr'><strong>Ἐὰν</strong></span> <span class='ocrx_word' id='word_1_467' title='bbox 499 3510 590 3569; x_wconf 75' lang='grc' dir='ltr'><strong>οὖν</strong></span> <span class='ocrx_word' id='word_1_468' title='bbox 636 3516 734 3588; x_wconf 84' lang='grc' dir='ltr'>τὴν</span> <span class='ocrx_word' id='word_1_469' title='bbox 782 3518 1035 3590; x_wconf 79' lang='grc' dir='ltr'>ἀλήθειαν</span> <span class='ocrx_word' id='word_1_470' title='bbox 1102 3517 1360 3590; x_wconf 80' lang='grc' dir='ltr'>φυλάξῃς,</span> <span class='ocrx_word' id='word_1_471' title='bbox 1416 3518 1622 3593; x_wconf 74' lang='grc' dir='ltr'>δυνήσῃ</span> <span class='ocrx_word' id='word_1_472' title='bbox 1670 3519 1876 3590; x_wconf 83' lang='grc' dir='ltr'>σεαυτῷ</span> 
     </span>
    </p>
   </div>
   <div class='ocr_carea' id='block_1_51' title="bbox 1951 3502 3546 3593">
    <p class='ocr_par' dir='ltr' id='par_1_51' title="bbox 1986 3502 3546 3584">
     <span class='ocr_line' id='line_1_51' title="bbox 1986 3502 3546 3584; baseline -0.011 -13"><span class='ocrx_word' id='word_1_473' title='bbox 1986 3516 2156 3571; x_wconf 79' lang='lat' dir='ltr'><strong>lueris</strong></span> <span class='ocrx_word' id='word_1_474' title='bbox 2182 3515 2435 3584; x_wconf 89' lang='lat' dir='ltr'><strong>deinceps</strong></span> <span class='ocrx_word' id='word_1_475' title='bbox 2469 3532 2482 3566; x_wconf 94' lang='lat'>:</span> <span class='ocrx_word' id='word_1_476' title='bbox 2516 3521 2569 3567; x_wconf 90' lang='lat' dir='ltr'><strong>et</strong></span> <span class='ocrx_word' id='word_1_477' title='bbox 2600 3512 2645 3565; x_wconf 91' lang='lat' dir='ltr'><strong>si</strong></span> <span class='ocrx_word' id='word_1_478' title='bbox 2675 3512 2958 3566; x_wconf 88' lang='lat' dir='ltr'><strong>veritatem</strong></span> <span class='ocrx_word' id='word_1_479' title='bbox 2994 3504 3319 3567; x_wconf 83' lang='lat' dir='ltr'><strong>servaveris,</strong></span> <span class='ocrx_word' id='word_1_480' title='bbox 3346 3502 3546 3571; x_wconf 84' lang='lat' dir='ltr'><strong>poteris</strong></span> 
     </span>
    </p>
   </div>
   <div class='ocr_carea' id='block_1_52' title="bbox 304 3596 1899 3697">
    <p class='ocr_par' dir='ltr' id='par_1_52' title="bbox 304 3602 961 3697">
     <span class='ocr_line' id='line_1_52' title="bbox 304 3602 961 3697; baseline 0.008 -39"><span class='ocrx_word' id='word_1_481' title='bbox 304 3602 458 3676; x_wconf 77' lang='grc' dir='ltr'>ζωὴν</span> <span class='ocrx_word' id='word_1_482' title='bbox 482 3609 961 3697; x_wconf 63' lang='grc' dir='ltr'>περιποιήσασθαι.</span> 
     </span>
    </p>
   </div>
   <div class='ocr_carea' id='block_1_53' title="bbox 1951 3596 3546 3697">
    <p class='ocr_par' dir='ltr' id='par_1_53' title="bbox 1985 3596 3546 3677">
     <span class='ocr_line' id='line_1_53' title="bbox 1985 3596 3546 3677; baseline -0.01 -16"><span class='ocrx_word' id='word_1_483' title='bbox 1985 3608 2153 3663; x_wconf 87' lang='lat' dir='ltr'><strong>vitam</strong></span> <span class='ocrx_word' id='word_1_484' title='bbox 2202 3607 2481 3677; x_wconf 88' lang='lat' dir='ltr'><strong>consequi.</strong></span> <span class='ocrx_word' id='word_1_485' title='bbox 2522 3604 2588 3660; x_wconf 90' lang='lat' dir='ltr'><strong>Et</strong></span> <span class='ocrx_word' id='word_1_486' title='bbox 2616 3605 2928 3677; x_wconf 79' lang='lat' dir='ltr'><strong>quicunque</strong></span> <span class='ocrx_word' id='word_1_487' title='bbox 2969 3597 3199 3657; x_wconf 89' lang='lat' dir='ltr'><strong>audierit</strong></span> <span class='ocrx_word' id='word_1_488' title='bbox 3244 3596 3347 3649; x_wconf 85' lang='lat' dir='ltr'><strong>hoc</strong></span> <span class='ocrx_word' id='word_1_489' title='bbox 3394 3607 3546 3648; x_wconf 88' lang='lat' dir='ltr'><strong>man-</strong></span> 
     </span>
    </p>
   </div>
   <div class='ocr_carea' id='block_1_54' title="bbox 310 3699 2005 3771">
    <p class='ocr_par' dir='ltr' id='par_1_54' title="bbox 310 3699 2005 3771">
     <span class='ocr_line' id='line_1_54' title="bbox 310 3699 2005 3771; baseline 0.001 -18"><span class='ocrx_word' id='word_1_490' title='bbox 310 3699 530 3767; x_wconf 85' lang='lat' dir='ltr'><strong>datum,</strong></span> <span class='ocrx_word' id='word_1_491' title='bbox 555 3708 610 3755; x_wconf 92' lang='lat' dir='ltr'><strong>et</strong></span> <span class='ocrx_word' id='word_1_492' title='bbox 648 3702 855 3771; x_wconf 85' lang='lat' dir='ltr'><strong>tecerit,</strong></span> <span class='ocrx_word' id='word_1_493' title='bbox 882 3712 935 3757; x_wconf 90' lang='lat' dir='ltr'><strong>et</strong></span> <span class='ocrx_word' id='word_1_494' title='bbox 965 3703 1250 3759; x_wconf 87' lang='lat' dir='ltr'><strong>recesserit</strong></span> <span class='ocrx_word' id='word_1_495' title='bbox 1284 3718 1315 3758; x_wconf 89' lang='lat' dir='ltr'><strong>a</strong></span> <span class='ocrx_word' id='word_1_496' title='bbox 1344 3702 1628 3759; x_wconf 89' lang='lat' dir='ltr'><strong>mendacio</strong></span> <span class='ocrx_word' id='word_1_497' title='bbox 1648 3742 1664 3769; x_wconf 93' lang='lat'><strong>,</strong></span> <span class='ocrx_word' id='word_1_498' title='bbox 1696 3702 1842 3756; x_wconf 88' lang='lat' dir='ltr'><strong>vivet</strong></span> <span class='ocrx_word' id='word_1_499' title='bbox 1878 3699 2005 3755; x_wconf 85' lang='lat' dir='ltr'><strong>Deo.</strong></span> 
     </span>
    </p>
   </div>
   <div class='ocr_carea' id='block_1_55' title="bbox 1592 3847 2186 3912">
    <p class='ocr_par' dir='ltr' id='par_1_55' title="bbox 1592 3847 2186 3912">
     <span class='ocr_line' id='line_1_55' title="bbox 1592 3847 2186 3912; baseline -0.002 -5"><span class='ocrx_word' id='word_1_500' title='bbox 1592 3847 2052 3912; x_wconf 78' lang='lat' dir='ltr'><strong>MANDATUM</strong></span> <span class='ocrx_word' id='word_1_501' title='bbox 2085 3849 2186 3911; x_wconf 87' lang='lat' dir='ltr'><strong>IV.</strong></span> 
     </span>
    </p>
   </div>
   <div class='ocr_carea' id='block_1_56' title="bbox 1458 3966 2286 4034">
    <p class='ocr_par' dir='ltr' id='par_1_56' title="bbox 1458 3966 2286 4034">
     <span class='ocr_line' id='line_1_56' title="bbox 1458 3966 2286 4034; baseline 0 -7"><span class='ocrx_word' id='word_1_502' title='bbox 1458 3969 1546 4028; x_wconf 88' lang='lat' dir='ltr'><strong>De</strong></span> <span class='ocrx_word' id='word_1_503' title='bbox 1582 3966 1951 4033; x_wconf 82' lang='lat' dir='ltr'><strong>dimittenda</strong></span> <span class='ocrx_word' id='word_1_504' title='bbox 1979 3970 2286 4034; x_wconf 84' lang='lat' dir='ltr'><strong>adultera.</strong></span> 
     </span>
    </p>
   </div>
   <div class='ocr_carea' id='block_1_57' title="bbox 383 4094 1978 4255">
    <p class='ocr_par' dir='ltr' id='par_1_57' title="bbox 383 4094 1978 4255">
     <span class='ocr_line' id='line_1_57' title="bbox 383 4094 1978 4255; baseline 0.004 -22"><span class='ocrx_word' id='word_1_505' title='bbox 383 4178 495 4251; x_wconf 72' lang='grc'>(28)</span> <span class='ocrx_word' id='word_1_506' title='bbox 536 4178 773 4234; x_wconf 80' lang='grc' dir='ltr'>Φύλασσε</span> <span class='ocrx_word' id='word_1_507' title='bbox 809 4180 907 4252; x_wconf 82' lang='grc' dir='ltr'>τὴν</span> <span class='ocrx_word' id='word_1_508' title='bbox 929 4182 1147 4250; x_wconf 81' lang='grc' dir='ltr'>ἁγνείαν</span> <span class='ocrx_word' id='word_1_509' title='bbox 1168 4219 1182 4245; x_wconf 90' lang='grc'><strong>,</strong></span> <span class='ocrx_word' id='word_1_510' title='bbox 1219 4181 1311 4235; x_wconf 73' lang='grc' dir='ltr'>καὶ</span> <span class='ocrx_word' id='word_1_511' title='bbox 1344 4183 1415 4254; x_wconf 80' lang='grc' dir='ltr'>μὴ</span> <span class='ocrx_word' id='word_1_512' title='bbox 1451 4184 1761 4255; x_wconf 83' lang='grc' dir='ltr'>ἀναμενέτω</span> <span class='ocrx_word' id='word_1_513' title='bbox 1784 4094 1978 4240; x_wconf 66' lang='grc' dir='ltr'>υ</span> 
     </span>
    </p>
   </div>
   <div class='ocr_carea' id='block_1_58' title="bbox 1949 4094 3544 4255">
    <p class='ocr_par' dir='ltr' id='par_1_58' title="bbox 1949 4096 3544 4254">
     <span class='ocr_line' id='line_1_58' title="bbox 1949 4096 2091 4151; baseline 0.007 -1"><span class='ocrx_word' id='word_1_514' title='bbox 1949 4096 2010 4151; x_wconf 88' lang='lat' dir='ltr'><strong>lT</strong></span> <span class='ocrx_word' id='word_1_515' title='bbox 2051 4096 2091 4151; x_wconf 88' lang='grc' dir='ltr'>Ι.</span> 
     </span>
     <span class='ocr_line' id='line_1_59' title="bbox 2049 4176 3544 4254; baseline -0.008 -14"><span class='ocrx_word' id='word_1_516' title='bbox 2049 4186 2266 4254; x_wconf 85' lang='lat' dir='ltr'><strong>Mando,</strong></span> <span class='ocrx_word' id='word_1_517' title='bbox 2299 4187 2392 4253; x_wconf 91' lang='lat' dir='ltr'><strong>ait,</strong></span> <span class='ocrx_word' id='word_1_518' title='bbox 2423 4185 2541 4251; x_wconf 86' lang='lat' dir='ltr'><strong>tibi,</strong></span> <span class='ocrx_word' id='word_1_519' title='bbox 2580 4192 2647 4239; x_wconf 91' lang='lat' dir='ltr'><strong>ut</strong></span> <span class='ocrx_word' id='word_1_520' title='bbox 2688 4181 2991 4238; x_wconf 88' lang='lat' dir='ltr'><strong>castitatem</strong></span> <span class='ocrx_word' id='word_1_521' title='bbox 3035 4176 3330 4241; x_wconf 82' lang='lat' dir='ltr'><strong>custodias,</strong></span> <span class='ocrx_word' id='word_1_522' title='bbox 3359 4184 3414 4230; x_wconf 91' lang='lat' dir='ltr'><strong>et</strong></span> <span class='ocrx_word' id='word_1_523' title='bbox 3437 4190 3544 4229; x_wconf 92' lang='lat' dir='ltr'><strong>non</strong></span> 
     </span>
    </p>
   </div>
   <div class='ocr_carea' id='block_1_59' title="bbox 312 4267 1907 4349">
    <p class='ocr_par' dir='ltr' id='par_1_59' title="bbox 312 4272 1882 4349">
     <span class='ocr_line' id='line_1_60' title="bbox 312 4272 1882 4349; baseline 0.004 -24"><span class='ocrx_word' id='word_1_524' title='bbox 312 4274 414 4345; x_wconf 81' lang='grc' dir='ltr'>τὴν</span> <span class='ocrx_word' id='word_1_525' title='bbox 439 4272 660 4344; x_wconf 88' lang='grc' dir='ltr'>καρδίαν</span> <span class='ocrx_word' id='word_1_526' title='bbox 683 4292 774 4327; x_wconf 93' lang='grc' dir='ltr'><strong>σου</strong></span> <span class='ocrx_word' id='word_1_527' title='bbox 813 4274 939 4346; x_wconf 75' lang='grc' dir='ltr'>περ).</span> <span class='ocrx_word' id='word_1_528' title='bbox 959 4275 1213 4342; x_wconf 75' lang='grc' dir='ltr'>γυναικὸς</span> <span class='ocrx_word' id='word_1_529' title='bbox 1235 4272 1531 4347; x_wconf 72' lang='grc' dir='ltr'>ἀλλοτρίας,</span> <span class='ocrx_word' id='word_1_530' title='bbox 1552 4278 1583 4347; x_wconf 84' lang='grc' dir='ltr'>ἢ</span> <span class='ocrx_word' id='word_1_531' title='bbox 1605 4278 1731 4349; x_wconf 73' lang='grc' dir='ltr'>περ).</span> <span class='ocrx_word' id='word_1_532' title='bbox 1750 4297 1882 4349; x_wconf 88' lang='grc' dir='ltr'>πορ-</span> 
     </span>
    </p>
   </div>
   <div class='ocr_carea' id='block_1_60' title="bbox 1949 4267 3544 4349">
    <p class='ocr_par' dir='ltr' id='par_1_60' title="bbox 1980 4267 3544 4349">
     <span class='ocr_line' id='line_1_61' title="bbox 1980 4267 3544 4349; baseline -0.008 -16"><span class='ocrx_word' id='word_1_533' title='bbox 1980 4281 2236 4334; x_wconf 88' lang='lat' dir='ltr'><strong>ascendat</strong></span> <span class='ocrx_word' id='word_1_534' title='bbox 2264 4282 2358 4335; x_wconf 89' lang='lat' dir='ltr'><strong>tibi</strong></span> <span class='ocrx_word' id='word_1_535' title='bbox 2386 4278 2640 4349; x_wconf 87' lang='lat' dir='ltr'><strong>cogitatio</strong></span> <span class='ocrx_word' id='word_1_536' title='bbox 2670 4274 2853 4331; x_wconf 88' lang='lat' dir='ltr'><strong>cordis</strong></span> <span class='ocrx_word' id='word_1_537' title='bbox 2880 4272 2946 4327; x_wconf 92' lang='lat' dir='ltr'><strong>de</strong></span> <span class='ocrx_word' id='word_1_538' title='bbox 2976 4271 3151 4324; x_wconf 85' lang='lat' dir='ltr'><strong>alieno</strong></span> <span class='ocrx_word' id='word_1_539' title='bbox 3176 4267 3544 4332; x_wconf 88' lang='lat' dir='ltr'><strong>matrimonio,</strong></span> 
     </span>
    </p>
   </div>
   <div class='ocr_carea' id='block_1_61' title="bbox 310 4362 1905 4438">
    <p class='ocr_par' dir='ltr' id='par_1_61' title="bbox 310 4362 1881 4438">
     <span class='ocr_line' id='line_1_62' title="bbox 310 4362 1881 4438; baseline 0.001 -22"><span class='ocrx_word' id='word_1_540' title='bbox 310 4364 461 4425; x_wconf 84' lang='grc' dir='ltr'>νείας</span> <span class='ocrx_word' id='word_1_541' title='bbox 503 4362 729 4435; x_wconf 80' lang='grc' dir='ltr'>τινὸς,ἢ</span> <span class='ocrx_word' id='word_1_542' title='bbox 770 4363 897 4435; x_wconf 81' lang='grc' dir='ltr'>περὶ</span> <span class='ocrx_word' id='word_1_543' title='bbox 943 4363 1199 4416; x_wconf 81' lang='grc' dir='ltr'>τοιούτων</span> <span class='ocrx_word' id='word_1_544' title='bbox 1242 4363 1544 4433; x_wconf 82' lang='grc' dir='ltr'>ὀνομάτων·</span> <span class='ocrx_word' id='word_1_545' title='bbox 1578 4364 1734 4416; x_wconf 81' lang='grc' dir='ltr'>τοῦτο</span> <span class='ocrx_word' id='word_1_546' title='bbox 1772 4365 1881 4438; x_wconf 79' lang='grc' dir='ltr'>γὰρ</span> 
     </span>
    </p>
   </div>
   <div class='ocr_carea' id='block_1_62' title="bbox 1950 4362 3545 4438">
    <p class='ocr_par' dir='ltr' id='par_1_62' title="bbox 1978 4362 3545 4436">
     <span class='ocr_line' id='line_1_63' title="bbox 1978 4362 3545 4436; baseline -0.008 -13"><span class='ocrx_word' id='word_1_547' title='bbox 1978 4378 2072 4423; x_wconf 89' lang='lat' dir='ltr'><strong>aut</strong></span> <span class='ocrx_word' id='word_1_548' title='bbox 2097 4372 2163 4425; x_wconf 90' lang='lat' dir='ltr'><strong>de</strong></span> <span class='ocrx_word' id='word_1_549' title='bbox 2193 4372 2584 4436; x_wconf 78' lang='lat' dir='ltr'><strong>fornicatione;</strong></span> <span class='ocrx_word' id='word_1_550' title='bbox 2620 4369 2734 4422; x_wconf 68' lang='lat' dir='ltr'><strong>haec</strong></span> <span class='ocrx_word' id='word_1_551' title='bbox 2772 4365 2914 4419; x_wconf 89' lang='lat' dir='ltr'><strong>enim</strong></span> <span class='ocrx_word' id='word_1_552' title='bbox 2957 4362 3096 4432; x_wconf 89' lang='lat' dir='ltr'><strong>parit</strong></span> <span class='ocrx_word' id='word_1_553' title='bbox 3124 4362 3237 4431; x_wconf 70' lang='lat'><strong>(29)</strong></span> <span class='ocrx_word' id='word_1_554' title='bbox 3266 4368 3545 4430; x_wconf 89' lang='lat' dir='ltr'><strong>peccatum</strong></span> 
     </span>
    </p>
   </div>
   <div class='ocr_carea' id='block_1_63' title="bbox 310 4449 1905 4533">
    <p class='ocr_par' dir='ltr' id='par_1_63' title="bbox 310 4449 1879 4527">
     <span class='ocr_line' id='line_1_64' title="bbox 310 4449 1879 4527; baseline 0.002 -19"><span class='ocrx_word' id='word_1_555' title='bbox 310 4456 482 4508; x_wconf 77' lang='grc' dir='ltr'>ποιιῖιν</span> <span class='ocrx_word' id='word_1_556' title='bbox 521 4456 793 4526; x_wconf 87' lang='grc' dir='ltr'>ἁμαρτίαν</span> <span class='ocrx_word' id='word_1_557' title='bbox 834 4455 1071 4526; x_wconf 82' lang='grc' dir='ltr'>μεγάλην</span> <span class='ocrx_word' id='word_1_558' title='bbox 1110 4454 1332 4527; x_wconf 77' lang='grc' dir='ltr'>ἐργάζῃ.</span> <span class='ocrx_word' id='word_1_559' title='bbox 1364 4454 1534 4507; x_wconf 83' lang='grc' dir='ltr'>Βλέπε</span> <span class='ocrx_word' id='word_1_560' title='bbox 1581 4449 1674 4508; x_wconf 81' lang='grc' dir='ltr'><strong>οὖν</strong></span> <span class='ocrx_word' id='word_1_561' title='bbox 1698 4473 1710 4485; x_wconf 70' lang='grc' dir='ltr'><strong>ο</strong></span> <span class='ocrx_word' id='word_1_562' title='bbox 1745 4458 1879 4510; x_wconf 83' lang='grc' dir='ltr'>ἀπέ-</span> 
     </span>
    </p>
   </div>
   <div class='ocr_carea' id='block_1_64' title="bbox 1946 4449 3541 4533">
    <p class='ocr_par' dir='ltr' id='par_1_64' title="bbox 1977 4452 3541 4533">
     <span class='ocr_line' id='line_1_65' title="bbox 1977 4452 3541 4533; baseline -0.007 -17"><span class='ocrx_word' id='word_1_563' title='bbox 1977 4478 2251 4533; x_wconf 85' lang='lat' dir='ltr'><strong>magnum.</strong></span> <span class='ocrx_word' id='word_1_564' title='bbox 2297 4462 2377 4517; x_wconf 88' lang='lat' dir='ltr'><strong>Tu</strong></span> <span class='ocrx_word' id='word_1_565' title='bbox 2426 4472 2608 4517; x_wconf 89' lang='lat' dir='ltr'><strong>autem</strong></span> <span class='ocrx_word' id='word_1_566' title='bbox 2656 4475 2868 4528; x_wconf 88' lang='lat' dir='ltr'><strong>semper</strong></span> <span class='ocrx_word' id='word_1_567' title='bbox 2918 4472 3126 4512; x_wconf 88' lang='lat' dir='ltr'><strong>memor</strong></span> <span class='ocrx_word' id='word_1_568' title='bbox 3156 4464 3273 4509; x_wconf 89' lang='lat' dir='ltr'><strong>esto</strong></span> <span class='ocrx_word' id='word_1_569' title='bbox 3303 4452 3541 4516; x_wconf 85' lang='lat' dir='ltr'><strong>Domini,</strong></span> 
     </span>
    </p>
   </div>
   <div class='ocr_carea' id='block_1_65' title="bbox 311 4545 1906 4623">
    <p class='ocr_par' dir='ltr' id='par_1_65' title="bbox 311 4546 1295 4618">
     <span class='ocr_line' id='line_1_66' title="bbox 311 4546 1295 4618; baseline 0.001 -20"><span class='ocrx_word' id='word_1_570' title='bbox 311 4565 413 4618; x_wconf 82' lang='grc' dir='ltr'><strong>χου</strong></span> <span class='ocrx_word' id='word_1_571' title='bbox 438 4547 545 4600; x_wconf 72' lang='grc' dir='ltr'><strong>ἀπὸ</strong></span> <span class='ocrx_word' id='word_1_572' title='bbox 571 4547 671 4617; x_wconf 80' lang='grc' dir='ltr'><strong>τῆς</strong></span> <span class='ocrx_word' id='word_1_573' title='bbox 698 4546 1045 4617; x_wconf 81' lang='grc' dir='ltr'>ἐνθυμήσεως</span> <span class='ocrx_word' id='word_1_574' title='bbox 1074 4546 1295 4616; x_wconf 83' lang='grc' dir='ltr'>ταύτης.</span> 
     </span>
    </p>
   </div>
   <div class='ocr_carea' id='block_1_66' title="bbox 1950 4545 3545 4623">
    <p class='ocr_par' dir='ltr' id='par_1_66' title="bbox 1978 4545 3545 4623">
     <span class='ocr_line' id='line_1_67' title="bbox 1978 4545 3545 4623; baseline -0.005 -16"><span class='ocrx_word' id='word_1_575' title='bbox 1978 4556 2233 4610; x_wconf 89' lang='lat' dir='ltr'><strong>omnibus</strong></span> <span class='ocrx_word' id='word_1_576' title='bbox 2260 4556 2442 4621; x_wconf 86' lang='lat' dir='ltr'><strong>boris;</strong></span> <span class='ocrx_word' id='word_1_577' title='bbox 2472 4564 2526 4609; x_wconf 87' lang='lat' dir='ltr'><strong>et</strong></span> <span class='ocrx_word' id='word_1_578' title='bbox 2554 4568 2834 4623; x_wconf 80' lang='lat' dir='ltr'><strong>nunquam</strong></span> <span class='ocrx_word' id='word_1_579' title='bbox 2867 4549 3138 4620; x_wconf 84' lang='lat' dir='ltr'><strong>peccabis.</strong></span> <span class='ocrx_word' id='word_1_580' title='bbox 3174 4546 3230 4602; x_wconf 89' lang='lat' dir='ltr'><strong>Si</strong></span> <span class='ocrx_word' id='word_1_581' title='bbox 3261 4545 3404 4601; x_wconf 89' lang='lat' dir='ltr'><strong>enim</strong></span> <span class='ocrx_word' id='word_1_582' title='bbox 3430 4545 3545 4600; x_wconf 62' lang='lat' dir='ltr'><strong>hac</strong></span> 
     </span>
    </p>
   </div>
   <div class='ocr_carea' id='block_1_67' title="bbox 314 4636 3545 4714">
    <p class='ocr_par' dir='ltr' id='par_1_67' title="bbox 314 4636 3545 4714">
     <span class='ocr_line' id='line_1_68' title="bbox 314 4636 3545 4714; baseline 0.001 -23"><span class='ocrx_word' id='word_1_583' title='bbox 314 4639 576 4707; x_wconf 78' lang='lat' dir='ltr'><strong>cegitatio</strong></span> <span class='ocrx_word' id='word_1_584' title='bbox 605 4637 660 4692; x_wconf 93' lang='lat' dir='ltr'><strong>in</strong></span> <span class='ocrx_word' id='word_1_585' title='bbox 691 4654 784 4692; x_wconf 92' lang='lat' dir='ltr'><strong>cor</strong></span> <span class='ocrx_word' id='word_1_586' title='bbox 812 4647 965 4691; x_wconf 88' lang='lat' dir='ltr'><strong>tuum</strong></span> <span class='ocrx_word' id='word_1_587' title='bbox 995 4636 1299 4691; x_wconf 81' lang='lat' dir='ltr'><strong>ascenderit</strong></span> <span class='ocrx_word' id='word_1_588' title='bbox 1326 4645 1435 4691; x_wconf 87' lang='lat' dir='ltr'><strong>tam</strong></span> <span class='ocrx_word' id='word_1_589' title='bbox 1470 4639 1635 4705; x_wconf 85' lang='lat' dir='ltr'><strong>mala,</strong></span> <span class='ocrx_word' id='word_1_590' title='bbox 1664 4654 1919 4710; x_wconf 88' lang='lat' dir='ltr'><strong>magnum</strong></span> <span class='ocrx_word' id='word_1_591' title='bbox 1948 4655 2227 4714; x_wconf 88' lang='lat' dir='ltr'><strong>peccatum</strong></span> <span class='ocrx_word' id='word_1_592' title='bbox 2268 4646 2403 4701; x_wconf 78' lang='lat' dir='ltr'><strong>facis</strong></span> <span class='ocrx_word' id='word_1_593' title='bbox 2434 4664 2447 4700; x_wconf 87' lang='lat'><strong>:</strong></span> <span class='ocrx_word' id='word_1_594' title='bbox 2483 4654 2537 4699; x_wconf 82' lang='lat' dir='ltr'><strong>et</strong></span> <span class='ocrx_word' id='word_1_595' title='bbox 2571 4644 2666 4714; x_wconf 92' lang='lat' dir='ltr'><strong>qui</strong></span> <span class='ocrx_word' id='word_1_596' title='bbox 2716 4644 2832 4697; x_wconf 67' lang='lat' dir='ltr'><strong>hzec</strong></span> <span class='ocrx_word' id='word_1_597' title='bbox 2890 4641 3128 4705; x_wconf 78' lang='lat' dir='ltr'><strong>faciunt,</strong></span> <span class='ocrx_word' id='word_1_598' title='bbox 3174 4639 3317 4693; x_wconf 89' lang='lat' dir='ltr'><strong>viam</strong></span> <span class='ocrx_word' id='word_1_599' title='bbox 3351 4639 3545 4695; x_wconf 89' lang='lat' dir='ltr'><strong>mortis</strong></span> 
     </span>
    </p>
   </div>
   <div class='ocr_carea' id='block_1_68' title="bbox 312 4726 3541 4799">
    <p class='ocr_par' dir='ltr' id='par_1_68' title="bbox 312 4726 3541 4799">
     <span class='ocr_line' id='line_1_69' title="bbox 312 4726 3541 4799; baseline -0 -16"><span class='ocrx_word' id='word_1_600' title='bbox 312 4740 637 4798; x_wconf 90' lang='lat' dir='ltr'><strong>sequuntur.</strong></span> <span class='ocrx_word' id='word_1_601' title='bbox 676 4727 811 4782; x_wconf 80' lang='lat' dir='ltr'><strong>Vide</strong></span> <span class='ocrx_word' id='word_1_602' title='bbox 844 4741 973 4794; x_wconf 82' lang='lat' dir='ltr'><strong>ergo</strong></span> <span class='ocrx_word' id='word_1_603' title='bbox 1006 4736 1097 4792; x_wconf 91' lang='lat' dir='ltr'><strong>tu;</strong></span> <span class='ocrx_word' id='word_1_604' title='bbox 1128 4726 1338 4781; x_wconf 91' lang='lat' dir='ltr'><strong>abstine</strong></span> <span class='ocrx_word' id='word_1_605' title='bbox 1366 4736 1417 4781; x_wconf 85' lang='lat' dir='ltr'><strong>te</strong></span> <span class='ocrx_word' id='word_1_606' title='bbox 1438 4728 1509 4783; x_wconf 85' lang='lat' dir='ltr'><strong>ab</strong></span> <span class='ocrx_word' id='word_1_607' title='bbox 1540 4731 1641 4783; x_wconf 86' lang='lat' dir='ltr'><strong>hac</strong></span> <span class='ocrx_word' id='word_1_608' title='bbox 1673 4731 2023 4799; x_wconf 84' lang='lat' dir='ltr'><strong>c0gitatione.</strong></span> <span class='ocrx_word' id='word_1_609' title='bbox 2061 4733 2161 4790; x_wconf 90' lang='lat' dir='ltr'><strong>Ubi</strong></span> <span class='ocrx_word' id='word_1_610' title='bbox 2199 4736 2344 4790; x_wconf 89' lang='lat' dir='ltr'><strong>enim</strong></span> <span class='ocrx_word' id='word_1_611' title='bbox 2381 4735 2603 4790; x_wconf 89' lang='lat' dir='ltr'><strong>castitas</strong></span> <span class='ocrx_word' id='word_1_612' title='bbox 2635 4734 2899 4787; x_wconf 87' lang='lat' dir='ltr'><strong>manet-in</strong></span> <span class='ocrx_word' id='word_1_613' title='bbox 2928 4733 3091 4787; x_wconf 89' lang='lat' dir='ltr'><strong>corde</strong></span> <span class='ocrx_word' id='word_1_614' title='bbox 3128 4730 3364 4785; x_wconf 87' lang='lat' dir='ltr'><strong>hominis</strong></span> <span class='ocrx_word' id='word_1_615' title='bbox 3389 4730 3541 4799; x_wconf 85' lang='lat' dir='ltr'><strong>justi,</strong></span> 
     </span>
    </p>
   </div>
   <div class='ocr_carea' id='block_1_69' title="bbox 311 4816 3539 4895">
    <p class='ocr_par' dir='ltr' id='par_1_69' title="bbox 311 4816 3539 4895">
     <span class='ocr_line' id='line_1_70' title="bbox 311 4816 3539 4895; baseline 0 -23"><span class='ocrx_word' id='word_1_616' title='bbox 311 4834 593 4889; x_wconf 88' lang='lat' dir='ltr'><strong>nunquam</strong></span> <span class='ocrx_word' id='word_1_617' title='bbox 624 4816 735 4890; x_wconf 83' lang='lat'><strong>(&#39;50)</strong></span> <span class='ocrx_word' id='word_1_618' title='bbox 764 4817 838 4873; x_wconf 91' lang='lat' dir='ltr'><strong>ibi</strong></span> <span class='ocrx_word' id='word_1_619' title='bbox 864 4817 1156 4871; x_wconf 87' lang='lat' dir='ltr'><strong>ascendere</strong></span> <span class='ocrx_word' id='word_1_620' title='bbox 1177 4817 1335 4872; x_wconf 91' lang='lat' dir='ltr'><strong>debet</strong></span> <span class='ocrx_word' id='word_1_621' title='bbox 1362 4818 1621 4887; x_wconf 85' lang='lat' dir='ltr'><strong>cogitatio</strong></span> <span class='ocrx_word' id='word_1_622' title='bbox 1654 4820 1817 4875; x_wconf 88' lang='lat' dir='ltr'><strong>mala.</strong></span> <span class='ocrx_word' id='word_1_623' title='bbox 1854 4823 1918 4878; x_wconf 87' lang='lat' dir='ltr'><strong>Et</strong></span> <span class='ocrx_word' id='word_1_624' title='bbox 1949 4823 2061 4880; x_wconf 82' lang='lat' dir='ltr'><strong>dixi</strong></span> <span class='ocrx_word' id='word_1_625' title='bbox 2091 4826 2170 4880; x_wconf 91' lang='lat' dir='ltr'><strong>illi</strong></span> <span class='ocrx_word' id='word_1_626' title='bbox 2202 4844 2216 4880; x_wconf 89' lang='lat'><strong>:</strong></span> <span class='ocrx_word' id='word_1_627' title='bbox 2258 4825 2507 4892; x_wconf 89' lang='lat' dir='ltr'><strong>Domine,</strong></span> <span class='ocrx_word' id='word_1_628' title='bbox 2537 4823 2785 4895; x_wconf 87' lang='lat' dir='ltr'><strong>permitte</strong></span> <span class='ocrx_word' id='word_1_629' title='bbox 2817 4839 2902 4879; x_wconf 91' lang='lat' dir='ltr'><strong>me</strong></span> <span class='ocrx_word' id='word_1_630' title='bbox 2940 4837 3110 4893; x_wconf 84' lang='lat' dir='ltr'><strong>pauca</strong></span> <span class='ocrx_word' id='word_1_631' title='bbox 3155 4820 3317 4875; x_wconf 88' lang='lat' dir='ltr'><strong>verba</strong></span> <span class='ocrx_word' id='word_1_632' title='bbox 3361 4829 3539 4875; x_wconf 90' lang='lat' dir='ltr'><strong>tecum</strong></span> 
     </span>
    </p>
   </div>
   <div class='ocr_carea' id='block_1_70' title="bbox 388 4932 907 5004">
    <p class='ocr_par' dir='ltr' id='par_1_70' title="bbox 388 4932 907 5004">
     <span class='ocr_line' id='line_1_71' title="bbox 388 4932 907 5004; baseline 0 -17"><span class='ocrx_word' id='word_1_633' title='bbox 388 4932 433 4965; x_wconf 81' lang='grc'><strong>⁷⁸</strong></span> <span class='ocrx_word' id='word_1_634' title='bbox 473 4932 675 5004; x_wconf 84' lang='lat' dir='ltr'><strong>Ephes.</strong></span> <span class='ocrx_word' id='word_1_635' title='bbox 714 4950 787 4999; x_wconf 80' lang='grc' dir='ltr'><strong>ιν,</strong></span> <span class='ocrx_word' id='word_1_636' title='bbox 820 4934 907 4988; x_wconf 82' lang='grc'><strong>50.</strong></span> 
     </span>
    </p>
   </div>
   <div class='ocr_carea' id='block_1_71' title="bbox 1362 5033 2409 5098">
    <p class='ocr_par' dir='ltr' id='par_1_71' title="bbox 1362 5033 2409 5098">
     <span class='ocr_line' id='line_1_72' title="bbox 1362 5033 2409 5098; baseline 0.006 -11"><span class='ocrx_word' id='word_1_637' title='bbox 1362 5033 1595 5089; x_wconf 62' lang='grc' dir='ltr'><strong>ἾΑΠΙᾹΞ</strong></span> <span class='ocrx_word' id='word_1_638' title='bbox 1636 5035 2015 5096; x_wconf 73' lang='lat' dir='ltr'><strong>LECTIONES</strong></span> <span class='ocrx_word' id='word_1_639' title='bbox 2050 5043 2140 5098; x_wconf 88' lang='lat' dir='ltr'><strong>ET</strong></span> <span class='ocrx_word' id='word_1_640' title='bbox 2179 5040 2409 5096; x_wconf 64' lang='lat' dir='ltr'><strong>NOTAE.</strong></span> 
     </span>
    </p>
   </div>
   <div class='ocr_carea' id='block_1_72' title="bbox 388 5123 1983 5201">
    <p class='ocr_par' dir='ltr' id='par_1_72' title="bbox 388 5123 1910 5201">
     <span class='ocr_line' id='line_1_73' title="bbox 388 5123 1910 5201; baseline 0.003 -22"><span class='ocrx_word' id='word_1_641' title='bbox 388 5126 500 5201; x_wconf 58' lang='lat' dir='ltr'><strong>(lii)</strong></span> <span class='ocrx_word' id='word_1_642' title='bbox 530 5125 716 5201; x_wconf 62' lang='lat' dir='ltr'><strong>Doctr.</strong></span> <span class='ocrx_word' id='word_1_643' title='bbox 741 5123 808 5201; x_wconf 68' lang='lat' dir='ltr'><strong>ad</strong></span> <span class='ocrx_word' id='word_1_644' title='bbox 854 5123 1099 5201; x_wconf 82' lang='lat' dir='ltr'><strong>Antioch.</strong></span> <span class='ocrx_word' id='word_1_645' title='bbox 1133 5139 1284 5201; x_wconf 74' lang='lat' dir='ltr'><strong>num.</strong></span> <span class='ocrx_word' id='word_1_646' title='bbox 1317 5125 1370 5189; x_wconf 79' lang='grc'>5,</span> <span class='ocrx_word' id='word_1_647' title='bbox 1403 5141 1467 5179; x_wconf 84' lang='lat' dir='ltr'><strong>ex</strong></span> <span class='ocrx_word' id='word_1_648' title='bbox 1517 5127 1619 5181; x_wconf 86' lang='lat' dir='ltr'><strong>hoc</strong></span> <span class='ocrx_word' id='word_1_649' title='bbox 1671 5125 1910 5183; x_wconf 68' lang='lat' dir='ltr'><strong>llcrmte</strong></span> 
     </span>
    </p>
   </div>
   <div class='ocr_carea' id='block_1_73' title="bbox 1943 5123 3538 5201">
    <p class='ocr_par' dir='ltr' id='par_1_73' title="bbox 2050 5128 3538 5201">
     <span class='ocr_line' id='line_1_74' title="bbox 2050 5128 3538 5201; baseline -0.005 -16"><span class='ocrx_word' id='word_1_650' title='bbox 2050 5133 2160 5201; x_wconf 62' lang='lat'><strong>(“26)</strong></span> <span class='ocrx_word' id='word_1_651' title='bbox 2198 5131 2387 5185; x_wconf 88' lang='lat' dir='ltr'><strong>Lamb.</strong></span> <span class='ocrx_word' id='word_1_652' title='bbox 2429 5129 2650 5185; x_wconf 82' lang='lat' dir='ltr'><strong>Custodi</strong></span> <span class='ocrx_word' id='word_1_653' title='bbox 2696 5131 2902 5183; x_wconf 86' lang='lat' dir='ltr'><strong>amodo.</strong></span> <span class='ocrx_word' id='word_1_654' title='bbox 2938 5128 3026 5183; x_wconf 90' lang='lat' dir='ltr'><strong>Sic</strong></span> <span class='ocrx_word' id='word_1_655' title='bbox 3065 5137 3119 5183; x_wconf 85' lang='lat' dir='ltr'><strong>et</strong></span> <span class='ocrx_word' id='word_1_656' title='bbox 3146 5143 3291 5188; x_wconf 79' lang='lat' dir='ltr'><strong>mox,</strong></span> <span class='ocrx_word' id='word_1_657' title='bbox 3350 5131 3538 5178; x_wconf 85' lang='lat' dir='ltr'><strong>amodo</strong></span> 
     </span>
    </p>
   </div>
   <div class='ocr_carea' id='block_1_74' title="bbox 314 5194 2361 5272">
    <p class='ocr_par' dir='ltr' id='par_1_74' title="bbox 314 5194 2361 5272">
     <span class='ocr_line' id='line_1_75' title="bbox 314 5194 2361 5272; baseline 0.002 -21"><span class='ocrx_word' id='word_1_658' title='bbox 314 5194 1037 5272; x_wconf 68' lang='lat' dir='ltr'><strong>mandat9,sedlt_incirrde</strong></span> <span class='ocrx_word' id='word_1_659' title='bbox 1073 5195 1259 5272; x_wconf 66' lang='lat' dir='ltr'><strong>petita.</strong></span> <span class='ocrx_word' id='word_1_660' title='bbox 1346 5265 1359 5272; x_wconf 88' lang='lat'>_</span> <span class='ocrx_word' id='word_1_661' title='bbox 1456 5266 1466 5272; x_wconf 88' lang='lat'><strong><em>_</em></strong></span> <span class='ocrx_word' id='word_1_662' title='bbox 1567 5268 1576 5272; x_wconf 92' lang='lat'><strong>_</strong></span> <span class='ocrx_word' id='word_1_663' title='bbox 1665 5268 1675 5272; x_wconf 87' lang='lat'><strong>_</strong></span> <span class='ocrx_word' id='word_1_664' title='bbox 1755 5270 1763 5272; x_wconf 93' lang='lat'>_</span> <span class='ocrx_word' id='word_1_665' title='bbox 1978 5194 2075 5272; x_wconf 83' lang='lat' dir='ltr'><strong>pro</strong></span> <span class='ocrx_word' id='word_1_666' title='bbox 2105 5194 2361 5269; x_wconf 81' lang='lat' dir='ltr'><strong>deinceps.</strong></span> 
     </span>
    </p>
   </div>
   <div class='ocr_carea' id='block_1_75' title="bbox 387 5262 3535 5347">
    <p class='ocr_par' dir='ltr' id='par_1_75' title="bbox 387 5262 3535 5347">
     <span class='ocr_line' id='line_1_76' title="bbox 387 5262 3535 5347; baseline -0.002 -28"><span class='ocrx_word' id='word_1_667' title='bbox 387 5266 497 5347; x_wconf 62' lang='lat'><strong>(29)</strong></span> <span class='ocrx_word' id='word_1_668' title='bbox 528 5266 682 5347; x_wconf 62' lang='lat' dir='ltr'><strong>Dodl.</strong></span> <span class='ocrx_word' id='word_1_669' title='bbox 700 5274 751 5319; x_wconf 87' lang='lat' dir='ltr'><strong>et</strong></span> <span class='ocrx_word' id='word_1_670' title='bbox 779 5262 967 5319; x_wconf 88' lang='lat' dir='ltr'><strong>Lamb.</strong></span> <span class='ocrx_word' id='word_1_671' title='bbox 996 5279 1172 5318; x_wconf 76' lang='lat' dir='ltr'><strong>verax.</strong></span> <span class='ocrx_word' id='word_1_672' title='bbox 1201 5262 1325 5319; x_wconf 68' lang='grc' dir='ltr'><strong>ΙΙωο</strong></span> <span class='ocrx_word' id='word_1_673' title='bbox 1346 5265 1530 5321; x_wconf 85' lang='lat' dir='ltr'><strong>laudat</strong></span> <span class='ocrx_word' id='word_1_674' title='bbox 1552 5268 1873 5336; x_wconf 84' lang='lat' dir='ltr'><strong>Antiochus,</strong></span> <span class='ocrx_word' id='word_1_675' title='bbox 1979 5262 1993 5272; x_wconf 86' lang='grc'><em>’</em></span> <span class='ocrx_word' id='word_1_676' title='bbox 2048 5273 2158 5347; x_wconf 58' lang='lat'><strong>(2?)</strong></span> <span class='ocrx_word' id='word_1_677' title='bbox 2192 5262 2344 5347; x_wconf 59' lang='lat' dir='ltr'><strong>Bodl.</strong></span> <span class='ocrx_word' id='word_1_678' title='bbox 2374 5281 2427 5326; x_wconf 89' lang='lat' dir='ltr'><strong>et</strong></span> <span class='ocrx_word' id='word_1_679' title='bbox 2449 5270 2637 5347; x_wconf 80' lang='lat' dir='ltr'><strong>Lamb.</strong></span> <span class='ocrx_word' id='word_1_680' title='bbox 2677 5270 2997 5347; x_wconf 74' lang='lat' dir='ltr'><strong>percipiant;</strong></span> <span class='ocrx_word' id='word_1_681' title='bbox 3023 5275 3075 5321; x_wconf 86' lang='lat' dir='ltr'><strong>et</strong></span> <span class='ocrx_word' id='word_1_682' title='bbox 3105 5279 3535 5347; x_wconf 63' lang='lat' dir='ltr'><strong>mox_perctpere.</strong></span> 
     </span>
    </p>
   </div>
   <div class='ocr_carea' id='block_1_76' title="bbox 314 5332 1909 5409">
    <p class='ocr_par' dir='ltr' id='par_1_76' title="bbox 314 5332 1869 5409">
     <span class='ocr_line' id='line_1_77' title="bbox 314 5332 1869 5409; baseline -0.006 -14"><span class='ocrx_word' id='word_1_683' title='bbox 314 5332 504 5409; x_wconf 79' lang='lat' dir='ltr'><strong>homil.</strong></span> <span class='ocrx_word' id='word_1_684' title='bbox 526 5336 619 5409; x_wconf 82' lang='lat'><strong>_66.</strong></span> <span class='ocrx_word' id='word_1_685' title='bbox 662 5406 674 5409; x_wconf 92' lang='lat'>_</span> <span class='ocrx_word' id='word_1_686' title='bbox 819 5405 828 5409; x_wconf 86' lang='lat'>_</span> <span class='ocrx_word' id='word_1_687' title='bbox 870 5405 879 5409; x_wconf 85' lang='lat'>_</span> <span class='ocrx_word' id='word_1_688' title='bbox 1070 5406 1080 5409; x_wconf 87' lang='lat'><em>_</em></span> <span class='ocrx_word' id='word_1_689' title='bbox 1862 5332 1869 5336; x_wconf 70' lang='grc'><strong><em>⁷</em></strong></span> 
     </span>
    </p>
   </div>
   <div class='ocr_carea' id='block_1_77' title="bbox 1939 5332 3534 5409">
    <p class='ocr_par' dir='ltr' id='par_1_77' title="bbox 2048 5332 3534 5409">
     <span class='ocr_line' id='line_1_78' title="bbox 2048 5332 3534 5409; baseline -0.003 -14"><span class='ocrx_word' id='word_1_690' title='bbox 2048 5332 2159 5409; x_wconf 61' lang='grc' dir='ltr'>(ῆὸ)</span> <span class='ocrx_word' id='word_1_691' title='bbox 2204 5332 2398 5395; x_wconf 72' lang='grc' dir='ltr'>’[ιοειν.</span> <span class='ocrx_word' id='word_1_692' title='bbox 2464 5343 2533 5395; x_wconf 85' lang='lat' dir='ltr'><strong>ad</strong></span> <span class='ocrx_word' id='word_1_693' title='bbox 2584 5332 2828 5394; x_wconf 49' lang='lat' dir='ltr'><strong>Antioch;</strong></span> <span class='ocrx_word' id='word_1_694' title='bbox 2901 5355 3053 5391; x_wconf 89' lang='lat' dir='ltr'><strong>num.</strong></span> <span class='ocrx_word' id='word_1_695' title='bbox 3117 5338 3179 5401; x_wconf 74' lang='grc'>4,</span> <span class='ocrx_word' id='word_1_696' title='bbox 3227 5332 3534 5409; x_wconf 76' lang='grc' dir='ltr'>Φύλασσε...</span> 
     </span>
    </p>
   </div>
   <div class='ocr_carea' id='block_1_78' title="bbox 387 5405 3534 5543">
    <p class='ocr_par' dir='ltr' id='par_1_78' title="bbox 387 5405 3534 5543">
     <span class='ocr_line' id='line_1_79' title="bbox 387 5405 3534 5543; baseline -0.002 -78"><span class='ocrx_word' id='word_1_697' title='bbox 387 5407 500 5543; x_wconf 52' lang='grc'>(21)</span> <span class='ocrx_word' id='word_1_698' title='bbox 525 5406 716 5487; x_wconf 70' lang='lat' dir='ltr'><strong>Lamb.</strong></span> <span class='ocrx_word' id='word_1_699' title='bbox 751 5405 993 5485; x_wconf 64' lang='lat' dir='ltr'><strong>spiritum</strong></span> <span class='ocrx_word' id='word_1_700' title='bbox 1032 5406 1195 5487; x_wconf 50' lang='grc' dir='ltr'>υἱιςεη</span> <span class='ocrx_word' id='word_1_701' title='bbox 1974 5405 2310 5483; x_wconf 82' lang='grc' dir='ltr'>ἀναμενέτω,</span> <span class='ocrx_word' id='word_1_702' title='bbox 2344 5412 2433 5467; x_wconf 87' lang='lat' dir='ltr'><strong>Sic</strong></span> <span class='ocrx_word' id='word_1_703' title='bbox 2467 5412 2597 5479; x_wconf 81' lang='lat' dir='ltr'><strong>legit</strong></span> <span class='ocrx_word' id='word_1_704' title='bbox 2627 5411 2709 5463; x_wconf 88' lang='lat' dir='ltr'><strong>Cl.</strong></span> <span class='ocrx_word' id='word_1_705' title='bbox 2763 5409 3198 5471; x_wconf 79' lang='lat' dir='ltr'><strong>lllontlauconus,</strong></span> <span class='ocrx_word' id='word_1_706' title='bbox 3223 5406 3488 5473; x_wconf 77' lang='lat' dir='ltr'><strong>vertitque</strong></span> <span class='ocrx_word' id='word_1_707' title='bbox 3518 5421 3534 5459; x_wconf 87' lang='lat'><strong>:</strong></span> 
     </span>
     <span class='ocr_line' id='line_1_80' title="bbox 387 5474 3534 5543; baseline -0.001 -14"><span class='ocrx_word' id='word_1_708' title='bbox 387 5475 477 5539; x_wconf 72' lang='lat'><strong>(22</strong></span> <span class='ocrx_word' id='word_1_709' title='bbox 522 5475 653 5530; x_wconf 78' lang='lat' dir='ltr'><strong>Vide</strong></span> <span class='ocrx_word' id='word_1_710' title='bbox 682 5474 820 5527; x_wconf 70' lang='lat' dir='ltr'><strong>ml‘ra</strong></span> <span class='ocrx_word' id='word_1_711' title='bbox 846 5474 937 5528; x_wconf 79' lang='grc' dir='ltr'>Ιιίι.</span> <span class='ocrx_word' id='word_1_712' title='bbox 971 5492 1051 5537; x_wconf 86' lang='grc' dir='ltr'>ιιι,</span> <span class='ocrx_word' id='word_1_713' title='bbox 1078 5477 1240 5529; x_wconf 84' lang='lat' dir='ltr'><strong>smul.</strong></span> <span class='ocrx_word' id='word_1_714' title='bbox 1276 5490 1351 5539; x_wconf 83' lang='lat' dir='ltr'><strong>lx,</strong></span> <span class='ocrx_word' id='word_1_715' title='bbox 1385 5492 1503 5543; x_wconf 87' lang='lat' dir='ltr'><strong>cap.</strong></span> <span class='ocrx_word' id='word_1_716' title='bbox 1535 5478 1624 5535; x_wconf 71' lang='lat'><strong>32.</strong></span> <span class='ocrx_word' id='word_1_717' title='bbox 1973 5493 2198 5535; x_wconf 85' lang='lat' dir='ltr'><strong>maneat.</strong></span> <span class='ocrx_word' id='word_1_718' title='bbox 2252 5482 2333 5535; x_wconf 88' lang='lat' dir='ltr'><strong>Al.</strong></span> <span class='ocrx_word' id='word_1_719' title='bbox 2388 5482 2723 5536; x_wconf 79' lang='grc' dir='ltr'>ἀναϐαινέτω</span> <span class='ocrx_word' id='word_1_720' title='bbox 2754 5498 2764 5532; x_wconf 90' lang='grc'>;</span> <span class='ocrx_word' id='word_1_721' title='bbox 2798 5490 2854 5532; x_wconf 84' lang='grc' dir='ltr'><strong>ιιι</strong></span> <span class='ocrx_word' id='word_1_722' title='bbox 2884 5479 3067 5532; x_wconf 64' lang='lat' dir='ltr'><strong>Graeca</strong></span> <span class='ocrx_word' id='word_1_723' title='bbox 3100 5476 3333 5533; x_wconf 77' lang='lat' dir='ltr'><strong>versioni</strong></span> <span class='ocrx_word' id='word_1_724' title='bbox 3388 5475 3534 5529; x_wconf 80' lang='lat' dir='ltr'><strong>anti-</strong></span> 
     </span>
    </p>
   </div>
   <div class='ocr_carea' id='block_1_79' title="bbox 387 5474 1982 5555">
    <p class='ocr_par' dir='ltr' id='par_1_79' title="bbox 387 5474 1982 5555">
     <span class='ocr_line' id='line_1_81' title="bbox 387 5474 1982 5555; baseline 0 -25"><span class='ocrx_word' id='word_1_725' title='bbox 522 5475 658 5555; x_wconf 56' lang='lat' dir='ltr'><strong>Yide</strong></span> <span class='ocrx_word' id='word_1_726' title='bbox 682 5474 820 5555; x_wconf 59' lang='lat' dir='ltr'><strong>inira</strong></span> <span class='ocrx_word' id='word_1_727' title='bbox 846 5474 937 5528; x_wconf 89' lang='lat' dir='ltr'><strong>lib.</strong></span> <span class='ocrx_word' id='word_1_728' title='bbox 971 5492 1051 5555; x_wconf 72' lang='grc' dir='ltr'>ιιι,</span> <span class='ocrx_word' id='word_1_729' title='bbox 1078 5476 1240 5555; x_wconf 72' lang='lat' dir='ltr'><strong>simil.</strong></span> <span class='ocrx_word' id='word_1_730' title='bbox 1276 5490 1351 5539; x_wconf 84' lang='lat' dir='ltr'><strong>lx,</strong></span> <span class='ocrx_word' id='word_1_731' title='bbox 1385 5492 1503 5546; x_wconf 86' lang='lat' dir='ltr'><strong>cap.</strong></span> <span class='ocrx_word' id='word_1_732' title='bbox 1535 5478 1624 5535; x_wconf 72' lang='lat'><strong>52.</strong></span> <span class='ocrx_word' id='word_1_733' title='bbox 1973 5501 1982 5534; x_wconf 80' lang='grc' dir='ltr'><strong>ι</strong></span> 
     </span>
    </p>
   </div>
   <div class='ocr_carea' id='block_1_80' title="bbox 1939 5474 3534 5555">
    <p class='ocr_par' dir='ltr' id='par_1_80' title="bbox 1973 5474 3534 5555">
     <span class='ocr_line' id='line_1_82' title="bbox 1973 5474 3534 5555; baseline -0.005 -20"><span class='ocrx_word' id='word_1_734' title='bbox 1973 5474 2198 5555; x_wconf 66' lang='lat' dir='ltr'><strong>maneat.</strong></span> <span class='ocrx_word' id='word_1_735' title='bbox 2252 5482 2333 5535; x_wconf 88' lang='lat' dir='ltr'><strong>Al.</strong></span> <span class='ocrx_word' id='word_1_736' title='bbox 2388 5474 2723 5536; x_wconf 70' lang='grc' dir='ltr'>ἀναϐαινέτω</span> <span class='ocrx_word' id='word_1_737' title='bbox 2754 5498 2764 5532; x_wconf 87' lang='grc'>;</span> <span class='ocrx_word' id='word_1_738' title='bbox 2798 5490 2854 5532; x_wconf 89' lang='lat' dir='ltr'><strong>ut</strong></span> <span class='ocrx_word' id='word_1_739' title='bbox 2884 5479 3067 5532; x_wconf 70' lang='lat' dir='ltr'><strong>Gt&#39;tcca</strong></span> <span class='ocrx_word' id='word_1_740' title='bbox 3100 5476 3333 5533; x_wconf 79' lang='lat' dir='ltr'><strong>versioni</strong></span> <span class='ocrx_word' id='word_1_741' title='bbox 3388 5475 3534 5529; x_wconf 76' lang='lat' dir='ltr'><strong>anti-</strong></span> 
     </span>
    </p>
   </div>
   <div class='ocr_carea' id='block_1_81' title="bbox 386 5544 2438 5621">
    <p class='ocr_par' dir='ltr' id='par_1_81' title="bbox 386 5544 2438 5621">
     <span class='ocr_line' id='line_1_83' title="bbox 386 5544 2438 5621; baseline 0.004 -21"><span class='ocrx_word' id='word_1_742' title='bbox 386 5546 500 5621; x_wconf 60' lang='grc' dir='ltr'>(ξιξ)</span> <span class='ocrx_word' id='word_1_743' title='bbox 532 5546 681 5621; x_wconf 61' lang='lat' dir='ltr'><strong>Bodl.</strong></span> <span class='ocrx_word' id='word_1_744' title='bbox 712 5544 852 5613; x_wconf 84' lang='lat' dir='ltr'><strong>Ergo</strong></span> <span class='ocrx_word' id='word_1_745' title='bbox 881 5547 1099 5612; x_wconf 84' lang='lat' dir='ltr'><strong>auditis,</strong></span> <span class='ocrx_word' id='word_1_746' title='bbox 1126 5544 1466 5603; x_wconf 70' lang='lat' dir='ltr'><strong>vehementer.</strong></span> <span class='ocrx_word' id='word_1_747' title='bbox 1973 5569 2092 5621; x_wconf 62' lang='lat' dir='ltr'><strong>qute</strong></span> <span class='ocrx_word' id='word_1_748' title='bbox 2113 5554 2438 5609; x_wconf 72' lang='lat' dir='ltr'><strong>cohaereant.</strong></span> 
     </span>
    </p>
   </div>
   <div class='ocr_carea' id='block_1_82' title="bbox 387 5616 2822 5693">
    <p class='ocr_par' dir='ltr' id='par_1_82' title="bbox 387 5616 2822 5693">
     <span class='ocr_line' id='line_1_84' title="bbox 387 5616 2822 5693; baseline -0.002 -15"><span class='ocrx_word' id='word_1_749' title='bbox 531 5616 715 5693; x_wconf 54' lang='lat' dir='ltr'><strong>Lamb-</strong></span> <span class='ocrx_word' id='word_1_750' title='bbox 750 5631 885 5693; x_wconf 72' lang='grc' dir='ltr'>ςαηι.</span> <span class='ocrx_word' id='word_1_751' title='bbox 936 5692 941 5693; x_wconf 18' lang='grc' dir='ltr'><em>ν</em></span> <span class='ocrx_word' id='word_1_752' title='bbox 1990 5616 2005 5621; x_wconf 80' lang='grc'><em>’</em></span> <span class='ocrx_word' id='word_1_753' title='bbox 2042 5623 2154 5693; x_wconf 67' lang='lat'><strong>(21))</strong></span> <span class='ocrx_word' id='word_1_754' title='bbox 2180 5621 2366 5693; x_wconf 73' lang='lat' dir='ltr'><strong>Lamb.</strong></span> <span class='ocrx_word' id='word_1_755' title='bbox 2399 5625 2523 5693; x_wconf 86' lang='lat' dir='ltr'><strong>quia</strong></span> <span class='ocrx_word' id='word_1_756' title='bbox 2551 5623 2644 5674; x_wconf 83' lang='lat' dir='ltr'><strong>hoc</strong></span> <span class='ocrx_word' id='word_1_757' title='bbox 2674 5621 2822 5689; x_wconf 74' lang='lat' dir='ltr'><strong>facit.</strong></span> 
     </span>
    </p>
   </div>
   <div class='ocr_carea' id='block_1_83' title="bbox 385 5686 2961 5761">
    <p class='ocr_par' dir='ltr' id='par_1_83' title="bbox 385 5686 2961 5761">
     <span class='ocr_line' id='line_1_85' title="bbox 385 5686 2961 5761; baseline 0.002 -21"><span class='ocrx_word' id='word_1_758' title='bbox 385 5686 498 5758; x_wconf 71' lang='lat'><strong>(25)</strong></span> <span class='ocrx_word' id='word_1_759' title='bbox 531 5686 719 5742; x_wconf 86' lang='lat' dir='ltr'><strong>Lamb.</strong></span> <span class='ocrx_word' id='word_1_760' title='bbox 740 5688 963 5756; x_wconf 73' lang='lat' dir='ltr'><strong>ﬁrmavi.</strong></span> <span class='ocrx_word' id='word_1_761' title='bbox 2045 5686 2154 5761; x_wconf 78' lang='grc'>(50)</span> <span class='ocrx_word' id='word_1_762' title='bbox 2181 5691 2369 5749; x_wconf 88' lang='lat' dir='ltr'><strong>Lamb.</strong></span> <span class='ocrx_word' id='word_1_763' title='bbox 2397 5686 2498 5748; x_wconf 79' lang='lat' dir='ltr'><strong>non</strong></span> <span class='ocrx_word' id='word_1_764' title='bbox 2552 5708 2646 5760; x_wconf 80' lang='lat' dir='ltr'><strong>pro</strong></span> <span class='ocrx_word' id='word_1_765' title='bbox 2674 5686 2961 5760; x_wconf 74' lang='lat' dir='ltr'><strong>nunquam.</strong></span> 
     </span>
    </p>
   </div>
  </div>
