4040 6322
179 353 282 413 θυι
1211 337 1503 398 PASTOR.
1533 366 1603 378 --
1629 334 1760 390 UB.

1866 374 1880 399 ,
1922 329 2309 388 MANDATUM
2355 330 2420 388 γ.
3235 378 3241 382 .
3345 329 3455 389 993

177 487 293 529 non
321 467 565 540 proderit
597 461 807 521 homini
834 460 965 516 talia
988 456 1198 531 agenti;
1235 456 1449 512 didicile
1482 454 1628 510 enim
1655 453 1801 507 vivet
1827 451 1961 505 Deo.
1986 449 2053 505 Et
2084 464 2185 521 ego
2210 448 2321 503 dixi
2348 465 2362 501 :
2391 447 2648 540 Domine,
2672 446 2866 510 revixi,
2898 446 3130 540 ubitam
3163 446 3453 540 diligenter

177 537 371 619 audivi
404 562 519 615 haec
550 556 831 613 mandata.
865 553 994 609 Scio
1019 551 1190 613 enim,
1228 550 1273 605 si
1299 559 1487 619 postea
1522 547 1659 601 nihil
1696 544 1807 615 (52)
1834 543 2084 613 adiecero
2122 540 2359 612 peccatis
2385 540 2543 606 meis,
2574 539 2761 596 salvus
2789 554 2904 595 ero.
2939 537 3005 595 Et
3035 540 3173 596 dixit
3200 557 3213 593 :
3248 539 3446 598 Salvus

176 658 319 721 eris,
346 654 599 724 inquam;
628 659 681 706 et
712 664 907 706 omnes
935 645 1248 719 quicunque
1273 642 1505 699 fecerint
1539 641 1653 696 haec
1682 638 1958 705 mandata,
1987 636 2123 693 salvi
2151 644 2329 692 erunt.

1639 750 1870 808 CAPUT
1905 749 1994 806 Ν.

256 884 325 939 Et
358 884 555 938 iterum
600 877 718 934 dixi
759 878 837 933 illi
870 893 885 931 :
933 875 1198 941 Domine,
1229 871 1488 945 quoniam
1533 870 1799 941 patienter
1828 883 1917 924 me
1958 867 2138 931 audis,
2167 867 2331 922 etiam
2389 866 2492 921 hoc
2537 864 2669 919 mihi
2715 863 3051 920 demonstra.
3086 862 3204 928 Dic,
3242 863 3441 934 inquit.

176 979 250 1034 Et
283 978 397 1034 dixi
434 995 449 1032 :
480 976 538 1031 Si
565 975 651 1030 vir
678 974 763 1030 vel
808 973 1005 1028 mulier
1047 970 1281 1041 alicujus
1320 968 1615 1025 decesserit
1644 967 1791 1037 (55),
1836 976 1891 1022 et
1930 964 2177 1036 nupserit
2218 963 2415 1033 aliquis
2463 963 2717 1030 illorum;
2763 962 3013 1033 nunquid
3066 962 3295 1032 peccat?
3339 958 3447 1029 Qui

175 1075 368 1139 nubit,
405 1087 514 1127 non
542 1077 750 1142 peccat,
789 1070 998 1141 inquit;
1029 1069 1122 1124 sed
1156 1068 1202 1123 si
1237 1083 1333 1139 per
1358 1081 1418 1122 se
1448 1064 1735 1129 manserit,
1772 1078 2030 1134 magnum
2060 1060 2162 1116 sibi
2194 1060 2466 1130 conquirit
2506 1059 2617 1129 (54)
2643 1059 2905 1113 honorem
2942 1058 3082 1128 apud
3126 1058 3442 1114 Dominum.

178 1173 358 1227 Serva
411 1183 541 1239 ergo
578 1167 886 1223 castitatem
926 1178 978 1221 et
1015 1163 1362 1234 pudicitiam;
1403 1172 1458 1218 et
1503 1161 1655 1218 vives
1706 1158 1840 1216 Deo.
1890 1156 2016 1213 Haec
2070 1172 2193 1228 quae
2240 1167 2417 1211 tecum
2470 1155 2663 1225 loquor
2706 1160 2761 1208 et
2811 1154 3011 1208 mando
3053 1152 3147 1208 tibi
3174 1153 3443 1215 ..custodi

174 1265 480 1335 deinceps,
521 1278 588 1319 ex
628 1242 739 1334 quo
776 1262 875 1318 tibi
914 1262 1147 1318 traditus
1188 1276 1311 1317 sum
1351 1259 1507 1330 (55),
1548 1267 1604 1314 et
1653 1257 1713 1314 in
1763 1256 1928 1313 domo
1966 1264 2055 1312 tua
2092 1255 2321 1322 habito;
2363 1262 2417 1310 et
2464 1251 2739 1323 prioribus
2779 1250 3017 1322 peccatis
3057 1251 3165 1306 tuis
3205 1250 3310 1304 erit
3352 1266 3441 1304 rc-

174 1359 414 1424 missio,
472 1358 521 1414 si
577 1358 694 1415 haec
748 1357 1007 1413 mandata
1061 1372 1182 1413 mea
1234 1354 1581 1413 custodieris.
1625 1353 1733 1411 Sed
1789 1362 1844 1409 et
1894 1354 2151 1410 omnibus
2202 1352 2308 1407 erit
2343 1349 2638 1414 remissio,
2690 1349 2785 1420 qui
2839 1347 2950 1419 (56)
3005 1348 3263 1403 mandata
3319 1361 3441 1401 mea

174 1452 564 1511 custodierint.

1512 1554 1974 1617 MANDATUM
2002 1555 2079 1617 V.

1266 1677 1356 1739 De
1387 1678 1656 1741 tristitia
1689 1673 1922 1741 cordis.
1956 1684 2013 1735 et
2033 1674 2369 1753 patientia.

1657 1797 1883 1854 CAPUT
1917 1797 1959 1853 l.

261 1891 508 1946 Φύλασσε
533 1895 630 1967 τὴν
662 1893 867 1962 ἄνειαν,
909 1894 1003 1951 καὶ
1034 1893 1434 1968 μακροθυμίαν,
1464 1894 1560 1947 καὶ
1600 1892 1755 1962 γίνου

188 1987 434 2052 συνετὸς,
477 1989 573 2042 καὶ
622 1989 837 2043 πάντων
874 1989 984 2042 τῶν
1020 1988 1268 2060 πονηρῶν
1302 1987 1475 2058 ἔργων
1515 2002 1758 2039 κατακυ-

187 2075 458 2148 ριεύσεις,
491 2077 584 2130 καὶ
620 2077 827 2150 ἐργάσῃ
874 2078 1050 2129 πᾶσαν
1093 2073 1452 2145 δικαιοσύνην.
1496 2072 1618 2125 Ἐὰν
1651 2070 1758 2141 γὰρ

189 2166 547 2238 μακρῆϐυμος
579 2165 711 2240 ἔσῃ,
752 2165 814 2219 τὸ
842 2164 1062 2236 Πνεῦμα
1091 2165 1153 2218 τὸ
1193 2165 1343 2233 ἅγιον
1378 2159 1662 2217 κατοικοῦν
1697 2160 1759 2213 ὲν

186 2258 276 2310 σοὶ
329 2257 568 2330 καθαρὸν
610 2257 795 2321 ἔσται,
852 2258 925 2328 μὴ
969 2240 1323 2327 σκοπούμενον
1371 2253 1475 2308 ὑπὸ
1520 2250 1755 2323 πονηροῦ

184 2349 539 2420 πνεύματος,
597 2347 1011 2421 μὴ’μιούμενον
1059 2346 1162 2401 ὑπὸ
1191 2347 1290 2416 τῆς
1331 2343 1626 2414 ὀξυχολίας.
1670 2341 1758 2394 Ἐν

182 2442 305 2513 γὰρ
352 2443 417 2512 τῇ
465 2440 810 2511 μακροθυμίᾳ
858 2441 888 2494 ὁ
920 2437 1122 2512 Κύριος
1169 2439 1447 2501 κατοικεῖ,
1494 2436 1551 2489 ὲν
1593 2433 1651 2488 δὲ
1690 2435 1755 2506 τῇ

184 2531 446 2602 ὁξυχολίᾳ
474 2531 504 2583 ὁ
537 2529 795 2593 διάϐολος.

276 2989 583 3063 Ἀμφότερα
624 2985 718 3045 οὗν
748 2989 818 3043 τὰ
844 2986 1125 3059 πνεύματα
1170 2986 1487 3060 ἀσύμφορόν
1526 2987 1671 3042 ἐστιν
1703 2986 1761 3043 ὲν

183 3081 373 3151 ταὺτῴ
416 3082 702 3134 κατοικεῖν.
753 3079 875 3133 Ἐὰν
910 3080 1018 3150 γὰρ
1051 3078 1230 3132 λαϐὼν
1260 3077 1506 3148 ἀψινθίου
1543 3078 1757 3149 μικρὸν,

185 3175 275 3235 εἰς
319 3172 582 3243 κεράμιον
634 3172 845 3243 μέλιτος
898 3170 1151 3242 ἐπιχέῃς,
1201 3170 1321 3240 οὐχ).
1367 3168 1485 3223 ὅλον
1532 3168 1593 3222 τὸ
1644 3168 1764 3241 μέλι

187 3264 551 3333 ἀφανίζεταις
601 3265 694 3317 καὶ
740 3261 991 3319 τοσοῦτον
1037 3261 1158 3333 μέλι
1202 3261 1306 3315 ὑπὸ
1342 3260 1436 3315 τοῦ
1483 3259 1762 3333 ἐλαχίστου

189 3353 449 3425 ἀψινθίου
482 3354 781 3409 ἀπόλλυται
799 3371 815 3421 ;

280 3615 407 3671 Ἐὰν
435 3615 492 3670 δὲ
519 3616 599 3680 είς
630 3614 693 3668 τδ
724 3614 845 3687 μέλι
890 3616 951 3671 οὐ
986 3615 1155 3689 βληθῇ
1196 3616 1258 3670 τὸ
1290 3616 1553 3687 ἀψίνθιον,
1592 3616 1762 3687 γλυκὺ

189 3710 506 3781 εὕρισκεται
535 3706 596 3761 τὸ
638 3708 792 3779 μέλι,
823 3709 916 3762 καὶ
964 3707 1261 3780 εὔχρηστον
1310 3709 1525 3773 πάντως
1558 3709 1764 3780 γίνεται

189 3801 274 3872 τῷ
306 3800 559 3873 δεσπότῃ.
607 3800 782 3853 Βλέπε
814 3794 926 3864 οὖν,
961 3799 1045 3853 ὅτι
1092 3801 1125 3870 ὴ
1167 3800 1515 3872 μακροθυμία
1560 3801 1756 3869 γλυκυ-

190 3892 333 3963 τάτη
380 3891 526 3944 ἐστὶν
576 3890 718 3962 ὑπὲρ
760 3888 822 3942 τὸ
870 3888 1022 3960 μέλι,
1065 3889 1157 3941 καὶ
1202 3887 1497 3961 εὔχρηστος
1543 3891 1657 3944 ἐστι
1688 3890 1765 3961 τῷ

191 3982 407 4053 Κυρίῳ,
448 3980 542 4035 κα)⁸
584 3979 640 4032 έν
686 3980 821 4049 αὐτῇ
868 3981 1146 4033 κατοικεῖο
1198 3980 1231 4049 ἡ
1279 3979 1335 4033 δὲ.
1378 3977 1625 4053 ὀξυχολία
1664 3981 1766 4052 τὴν

197 4073 577 4149 μακροθυμίαν
611 4071 837 4143 μιαίνει,

1932 1888 2279 1960 Equanimis
2331 1878 2502 1966 (57),
2543 1895 2750 1967 inquit,
2792 1906 2930 1962 esto,
2979 1907 3035 1951 et
3076 1896 3325 1966 patiens;
3370 1903 3424 1949 et

1859 1983 2102 2037 omnium
2148 2000 2373 2055 operum
2422 1989 2884 2058 nequissimorum
2932 1989 3333 2053 dominaberis,
3370 1998 3425 2042 ct

1858 2075 2172 2142 operaberis
2211 2092 2427 2133 omnem
2465 2079 2753 2149 justitiam.
2793 2079 2947 2148 Quod
2980 2081 3024 2135 si
3052 2081 3264 2150 patiens
3302 2079 3421 2134 l‘ue-

1860 2167 1961 2232 ris,
2011 2166 2246 2237 Spiritus
2300 2184 2521 2227 sanctus
2572 2174 2664 2242 qui
2711 2174 2923 2229 habitat
2977 2173 3029 2227 in
3079 2182 3150 2239 te,
3185 2172 3424 2226 mundus

1858 2260 1984 2329 erit,
2034 2270 2089 2316 et
2144 2276 2255 2316 non
2307 2264 2694 2319 obscurabitur
2734 2266 2803 2319 ab
2846 2266 3030 2335 aliquo
3084 2265 3423 2335 nequissimo

1859 2352 2087 2422 spiritu;
2129 2356 2221 2409 sed
2254 2356 2495 2425 gaudens
2529 2357 2846 2411 dilatabitur
2885 2356 3000 2428 (58)
3031 2367 3085 2413 et
3112 2357 3424 2427 epulabitur

1858 2442 1911 2495 in
1944 2458 2071 2497 vase
2109 2443 2162 2497 in
2191 2459 2300 2513 quo
2333 2444 2603 2500 inhabitat
2630 2445 2765 2515 (59),
2797 2456 2849 2501 et
2878 2448 3162 2516 apparebit
3194 2445 3425 2502 Domino

1858 2527 2048 2584 hilaris
2090 2529 2144 2583 in
2184 2547 2318 2600 pace
2355 2548 2571 2602 magna.
2618 2532 2775 2600 Quod
2821 2535 2867 2589 si
2913 2535 3197 2591 iracundia
3243 2537 3425 2605 aliqua

1859 2623 2252 2689 supervenerit,
2291 2624 2548 2677 continuo
2588 2625 2821 2694 Spiritus
2872 2636 3095 2681 sanctus
3136 2628 3229 2696 qui
3276 2629 3329 2681 in
3373 2639 3427 2683 te

1858 2720 1960 2778 est,
2001 2713 2423 2783 angustiabitnr,
2455 2725 2508 2769 et
2545 2724 2752 2785 queret
2782 2716 3081 2771 discedere.
3119 2716 3428 2773 Sulfocatur

1857 2801 2002 2856 enim
2034 2817 2065 2856 a
2096 2802 2284 2871 spiritu
2312 2802 2423 2873 (60)
2446 2804 2802 2873 nequissimo,
2838 2815 2891 2859 et
2919 2821 3024 2860 non
3057 2806 3221 2860 habet
3244 2807 3426 2861 locum

1860 2894 2155 2963 apparendi
2188 2893 2322 2965 (61),
2365 2894 2507 2950 sicut
2534 2896 2689 2949 vult:
2717 2897 3009 2953 tribulatur
3037 2897 3181 2952 enim
3213 2898 3280 2952 ab
3312 2897 3425 2951 ira-

1859 2984 2076 3040 cundia.
2124 2984 2353 3055 Utrique
2405 3001 2533 3058 ergo
2576 2987 2800 3057 spiritus
2850 3003 2973 3043 cum
3027 2990 3230 3059 pariter
3270 2989 3428 3043 inha-

1861 3076 2054 3141 bitant,
2124 3075 2495 3146 perniciosum
2562 3087 2646 3134 est
2692 3080 2924 3135 homini.
2986 3080 3044 3136 Si
3104 3082 3228 3151 quis
3279 3082 3425 3136 enim

1865 3176 2108 3223 assumat
2135 3168 2394 3223 absinthii
2432 3168 2709 3238 pusillum,
2739 3178 2793 3224 et
2825 3171 3000 3225 mittat
3024 3170 3077 3225 in
3107 3171 3426 3240 amphoram

1864 3260 2061 3327 mellis,
2084 3276 2263 3315 nonne
2297 3270 2467 3316 totum
2502 3263 2605 3317 mel
2632 3263 3116 3319 exterminabitur?
3139 3275 3193 3319 et
3220 3274 3426 3345 tantum

1864 3351 2039 3406 mellis
2087 3367 2117 3406 a
2165 3352 2379 3407 modico
2420 3353 2694 3410 absinthio
2736 3356 2987 3425 disperit,
3018 3365 3071 3410 et
3104 3356 3278 3426 perdit
3307 3357 3430 3411 dul-

1865 3441 2110 3497 cedinem
2161 3442 2376 3511 mellis;
2414 3452 2470 3498 et
2512 3446 2626 3514 jam
2669 3462 2774 3501 non
2826 3448 2938 3517 (62)
2987 3448 3150 3504 habet
3197 3449 3427 3519 gratiam

1865 3533 2008 3601 apud
2058 3532 2340 3588 dominum
2400 3551 2591 3601 suum,
2645 3538 2903 3606 quoniam
2963 3545 3134 3592 totum
3181 3538 3431 3609 mcl(65)

1864 3638 2112 3678 amarum
2158 3623 2362 3679 factum
2407 3634 2567 3681 estet
2610 3643 2766 3681 usum
2808 3628 3061 3698 perdidit.
3130 3628 3235 3683 Sed
3281 3629 3328 3684 si
3371 3629 3427 3682 in

1865 3718 1971 3773 mel
2020 3733 2128 3773 non
2170 3719 2416 3774 mittatur
2465 3719 2842 3785 absinthium,
2896 3723 3054 3778 dulce
3097 3724 3219 3790 erit,
3269 3731 3324 3778 et
3370 3724 3426 3776 in

1866 3827 1971 3866 usu
2003 3810 2116 3883 (64)
2154 3812 2375 3867 domino
2407 3827 2529 3868 suo.
2587 3811 2721 3868 Vide
2750 3814 2916 3881 enim,
2950 3831 3112 3884 quam
3141 3817 3211 3869 sit
3239 3831 3425 3885 aequa-

1866 3906 2087 3960 nimitas
2128 3902 2240 3975 (65)
2276 3904 2486 3959 dulcior
2532 3906 2726 3971 melle;
2762 3916 2817 3961 et
2859 3908 3009 3963 utilis
3056 3908 3160 3963 erit
3197 3908 3427 3963 Domino

1865 3998 1957 4066 qui
2006 3997 2062 4051 in
2110 3997 2224 4067 ipsa
2269 4004 2670 4064 commoratur;
2720 4013 2846 4052 nam
2884 3998 3160 4054 iracundia
3217 4001 3427 4055 inutilis

1864 4099 1967 4145 est.
2012 4089 2068 4144 Si
2115 4105 2244 4159 ergo
2285 4090 2445 4144 mista
2494 4089 2657 4146 fuerit
2696 4091 2975 4147 iracundia
3012 4094 3423 4163 aequanimitati,

1865 4179 2259 4235 contribulatur
2310 4180 2526 4237 animus
2574 4180 2710 4252 (66),
2757 4190 2813 4238 et
2849 4198 2957 4239 non
2997 4194 3081 4240 est
3126 4186 3274 4243 utilis
3314 4186 3431 4244 Deo

1867 4270 2046 4325 oratio
2074 4271 2242 4326 illius.

1268 4430 1501 4487 VABUE
1544 4430 1920 4491 LECTlONES
1959 4435 2046 4490 ET
2084 4436 2314 4492 NOTAE.

271 4551 387 4621 (59)
422 4551 605 4607 Carm;
658 4553 704 4606 si
742 4551 908 4622 fecero
960 4565 1042 4615 ea,
1101 4554 1151 4601 et
1204 4548 1355 4603 nihil.
1417 4546 1536 4602 Mox
1582 4548 1760 4603 Fcllus

197 4625 378 4693 Omitt.
411 4623 644 4693 inquam.

272 4690 391 4759 (55)
430 4687 581 4749 Bodl.
620 4708 755 4745 uxor
780 4699 872 4745 aut
894 4693 974 4746 vir
994 4691 1268 4748 decesserit
1297 4687 1477 4743 alicui.

271 4762 388 4830 (54)
424 4763 576 4817 Bodl.
607 4763 854 4832 acquirit.
887 4762 1073 4817 Lamb.
1099 4764 1249 4831 facit.

272 4833 388 4897 (55)
429 4832 619 4888 Lamb.
659 4834 788 4885 mihi
825 4833 1049 4886 traditus
1076 4850 1152 4897 es,
1186 4841 1256 4886 et.

299 4900 391 4957 56)
434 4902 622 4957 Lamb.
664 4903 786 4957 add.
818 4902 945 4957 hazc.
982 4900 1071 4957 Sic
1101 4911 1154 4956 et
1186 4900 1380 4954 Fellus.

301 4969 392 5041 57)
434 4971 622 5029 Lamb.
685 4974 1041 5041 Aniquuus.
1112 4971 1295 5027 Graeca
1356 4969 1640 5041 desumpta
1694 4987 1762 5026 ex

206 5040 397 5097 nam.
433 5043 501 5095 ad
522 5043 765 5097 Antioch.
798 5040 949 5097 num.
978 5043 1030 5096 5.
1062 5041 1162 5096 Ubi
1187 5056 1315 5096 vero
1338 5056 1403 5094 ex
1429 5041 1556 5093 edit.
1590 5040 1763 5094 Mont-

208 5114 357 5168 l’auc.
404 5115 641 5167 occurrit
682 5116 697 5136 ¹
737 5112 1047 5182 μιούμενον,
1100 5111 1235 5165 forte
1274 5111 1382 5182 leg.
1421 5108 1760 5182 μειούμενον,

205 5184 292 5238 vel
316 5183 682 5292 μιαινόμενον.
724 5178 891 5236 Paulo
922 5193 1044 5250 post
1081 5196 1210 5238 sane
1238 5199 1251 5234 :
1281 5178 1400 5262 ᾐδὲ
1426 5178 1759 5260 ὀξυχολία....

211 5272 305 5292 nm
335 5271 409 5292 um
468 5251 556 5292 Sin
591 5260 642 5292 nl
675 5252 966 5292 Antinnlme
1028 5253 1118 5292 nni
1156 5265 1344 5292 unum:
1384 5259 1621 5292 nummus
1649 5249 1759 5292 hrum

210 5249 433 5324 μιαίνει.
468 5249 557 5324 Sic
591 5260 645 5307 et
664 5249 996 5324 Antiochus,
1028 5253 1120 5324 qui
1156 5249 1344 5324 paucis
1384 5251 1621 5319 exceptis
1648 5249 1764 5304 haec

204 5319 396 5378 eadem
431 5319 1005 5387 exbihetlbomilJlO,
1039 5319 1198 5391 habet
1223 5321 1515 5391 μιαίνεται.

279 5392 393 5463 (58)
432 5393 516 5445 Al.
563 5392 752 5463 ltetitia
790 5391 1101 5463 exsultabit.
1139 5386 1293 5444 Bodl.
1323 5406 1421 5463 pro
1447 5388 1765 5463 diiatabitur

212 5460 382 5517 habet.
403 5464 638 5530 spatiosa
666 5462 887 5515 habitat.
915 5460 1101 5515 Lamb.
1134 5460 1360 5530 spatiose
1381 5460 1551 5513 habet.

276 5533 394 5603 (59)
431 5529 625 5586 Lamb.
658 5548 773 5585 cum
808 5548 945 5593 vase,
983 5549 1099 5585 cum
1128 5548 1227 5602 quo
1268 5532 1492 5603 habitat.
1534 5529 1764 5586 Exhibet

205 5601 429 5725 quroquc
472 5619 592 5656 cum
640 5619 761 5657 vase
799 5620 902 5658 ms.
945 5601 1145 5657 Carm.
1182 5609 1235 5656 et
1282 5601 1583 5655 Antiochus
1635 5616 1763 5655 mox

206 5688 261 5725 In
293 5689 372 5725 ra.

206 5688 372 5727 Intra.

280 5743 395 5814 (60)
437 5741 697 5831 Sicmss.
728 5742 910 5800 Carm.
942 5750 995 5798 ct
1037 5742 1226 5801 Lamb.
1273 5741 1364 5799 Sic
1396 5750 1451 5799 et
1472 5740 1604 5799 Felli
1629 5740 1761 5799 edit.

1861 4547 1946 4603 Al.
1984 4558 2213 4617 aspectu.

1934 4616 2051 4686 (6i)
2085 4618 2265 4673 Fellus
2299 4616 2425 4672 add.
2452 4617 2698 4672 Domino.

1956 4689 2043 4757 62)
2085 4688 2184 4743 Ms.
2210 4689 2391 4741 Carm.
2426 4688 2545 4751 mel,
2571 4700 2763 4743 etnon.

1933 4691 2043 4827 (63)
2088 4758 2243 4813 Deest
2271 4759 2370 4811 mel
2401 4774 2532 4813 mss.
2565 4760 2747 4814 Carm.

1955 4758 2043 4827 65)
2088 4758 2243 4813 Deest
2271 4759 2370 4811 mel
2401 4774 2532 4813 mss.
2565 4760 2747 4814 Carm.
2778 4768 2830 4813 et
2853 4756 3039 4816 Lamb.
3075 4759 3192 4814 Mox
3221 4762 3421 4822 Fellus.

1862 4844 1957 4880 usu
1966 4845 2015 4881 ηι
2049 4845 2222 4887 suum.

1934 4898 1987 4962 (6
1999 4898 2044 4964 ί)
2087 4897 2272 4958 Lamb.
2315 4914 2484 4953 usum.

1932 4967 2043 5033 (65)
2085 4967 2235 5042 Bodl.
2273 4977 2331 5042 et
2368 4968 2555 5042 Lamb.
2611 4973 2999 5042 animmquitas,
3052 4985 3112 5027 ut
3153 4983 3206 5027 ct
3255 4973 3416 5029 infra.

1864 5035 2004 5114 Υἱοὶ.
2050 5039 2416 5114 animwgttitas
2446 5040 2769 5114 Διίιιίεὶειςίηιιι
2811 5035 2886 5095 est
2936 5035 3051 5112 pius
3092 5062 3247 5114 quam
3268 5113 3281 5114 η
3297 5044 3418 5095 mel.

1863 5106 1993 5172 Qua:
2041 5123 2174 5182 sane
2236 5106 2396 5182 lectio
2436 5108 2624 5182 Graeco
2668 5106 3203 5182 pressius'inhzci-ct.
3265 5113 3421 5168 Πωιο

1862 5186 2042 5231 autem
2085 5179 2264 5231 locum
2302 5178 2561 5234 describit
2610 5178 2685 5236 ρι’
2714 5184 2945 5238 illustrat
2991 5184 3237 5237 Clemens
3262 5184 3414 5237 Alex.

1863 5262 2155 5323 suppresso
2217 5247 2427 5323 Herium
2482 5253 2718 5317 nomine,
2769 5254 2819 5305 in
2876 5252 3057 5323 Eclog.
3111 5268 3173 5305 ea:
3234 5254 3414 5323 script.

1862 5318 2096 5394 prop/tet.
2142 5334 2262 5394 cap.
2290 5320 2395 5394 :45,
2425 5323 2723 5394 pag.A1000,
2758 5323 2847 5394 ubi
2892 5324 2969 5377 sic
2995 5318 3019 5374 ε’
3049 5324 3111 5375 Ἡ
3147 5322 3418 5394 μακροθυη

1866 5388 2438 5463 μίαΔγλυκύτηςῂὲπὶν
2472 5388 2607 5463 ὑπὲρ
2638 5394 2697 5445 τὸ
2736 5392 2852 5463 μέλι
2879 5409 2892 5422 ³
2925 5396 3023 5462 οὑχ
3056 5388 3275 5463 ὄτίὲπϊ
3314 5410 3417 5463 ματη

1861 5458 2133 5534 ageam;
2156 5501 2169 5525 ,
2187 5459 2341 5534 and;
2370 5462 2506 5514 κατὰ
2535 5458 2624 5513 τὸν
2656 5458 2862 5533 καρπὸν
2892 5458 3415 5534 τῆζμακροθυμίας,

1862 5517 2436 5602 l_«l_qi_ie'rne'deteg_isse
2466 5517 2742 5600 proﬁteor;
2769 5517 3037 5602 prwcuiité
3061 5517 3421 5591 CL'Fab‘rici'u

1863 5597 2015 5669 Bibl.
2037 5597 2115 5654 Gr.
2159 5601 2267 5655 vol.
2295 5599 2360 5665 ν,
2395 5597 2515 5669 pag.
2546 5603 2665 5657 108.

1935 5668 2045 5741 (66)
2082 5668 2271 5727 Lamb.
2311 5668 2510 5727 anima.
