4002 6308
543 301 648 360 995
1599 301 1612 341 ἶ
1975 308 2032 362 S'.
2077 309 2342 365 HERM‘E

1785 422 2091 480 Ais'rtocuns
2105 469 2118 490 ,
2163 425 2381 479 homilia
2413 424 2531 480 ΗΟ.

622 535 775 597 Quod
809 535 854 589 si
891 537 1007 604 quis
1063 537 1266 605 patiens
1305 537 1488 606 fuerit,
1524 534 1758 605 Spiritus
1803 545 2015 590 sanctus
2062 537 2118 588 in

2303 536 2424 589 Ἐὰν
2459 537 2564 606 γάρ
2593 553 2676 599 τις
2713 534 3061 607 μακρόθυμος
3097 537 3336 607 γένηται,
3372 533 3432 587 τὸ
3465 532 3691 603 Πνεῦμα
3725 536 3786 586 τὸ

548 640 610 680 eo
631 627 836 679 habitat
861 629 1106 692 mundus,
1127 638 1176 681 et
1203 645 1308 681 non
1334 628 1645 680 obscuratur
1673 625 1736 678 ab
1759 627 1868 679 alio
1895 643 2116 694 nequam

2243 628 2374 695 ὶγιον
2402 631 2639 681 κατοικεῖ
2669 628 2726 680 ἐν
2754 627 2899 698 αὐτῴ
2933 627 3188 699 καθαρὸν,
3226 629 3299 698 μὴ
3333 624 3787 693 ἐπισκοτούμενον

551 719 780 786 spiritu;
812 721 900 772 sed
930 722 982 772 in
1013 721 1120 772 lato
1155 721 1267 772 loco
1309 720 1571 784 habitans,
1604 719 1818 772 laetatur
1845 736 1958 771 cum
2002 736 2120 773 vase

2243 719 2326 771 mo
2368 720 2552 790 ἑτέρου
2604 719 2836 791 πονηροῦ
2877 721 3211 790 πνεύματοςο
3249 719 3361 772 ἀλλ’
3397 720 3453 770 ἐν
3493 714 3790 787 εὐρυχώρῳ

478 879 480 881 _
554 810 610 862 in
637 826 738 877 quo
778 811 1062 874 inhabitat,
1096 820 1143 864 et
1176 820 1389 880 apparet
1437 810 1550 882 [seu
1576 811 1864 882 ministrat]
1897 811 2119 864 Domino

2243 811 2506 865 ιατοικοῦν
2552 812 2892 882 εὐφραίνεται
2940 811 3075 881 μετὰ
3119 809 3212 862 τοῦ
3248 809 3472 871 σκεύους
3504 804 3565 860 οῦ
3609 822 3790 858 κατοι-

555 904 613 955 in
641 901 909 955 hilaritate
949 919 1159 970 magna.
1217 901 1368 966 Quod
1411 905 1458 958 si
1502 904 1776 956 iracundia
1817 904 1996 972 aliqua
2032 921 2122 956 su-

2243 905 2331 966 ιεῖ,
2367 903 2460 956 καὶ
2496 904 2794 974 λειτουργεῐ
2839 903 2918 974 τῷ
2951 904 3141 975 Κυρίῳ
3185 905 3242 955 ἐν
3279 903 3556 973 ἱλαρότητι

559 996 878 1063 pervenerit,
931 996 1178 1049 continuo
1243 994 1473 1064 Spiritus
1523 1007 1736 1051 sanctus
1783 1007 2118 1065 angustatur,

2243 995 2360 1047 Ἐάν
2394 994 2449 1048 δέ
2481 1012 2564 1057 τις
2612 995 2857 1065 ὀξυχολία
2897 995 3118 1068 ἐπέλθῃ,
3155 994 3353 1056 εὐθέως
3381 995 3440 1045 τὸ
3473 991 3706 1061 Πνεῦμα
3734 989 3792 1042 τὸ

3675 298 3791 356 m.

561 1105 663 1139 non
711 1087 902 1140 habens
949 1087 1122 1156 locum
1164 1089 1451 1154 mundum,
1498 1100 1546 1142 et
1589 1091 1778 1159 quaerit
1821 1089 2121 1152 discedere;

560 1176 684 1242 quia
736 1191 834 1227 non
874 1176 1025 1228 habet
1057 1178 1229 1228 locum
1261 1179 1550 1245 apparendi
1587 1177 1670 1249 [ac
1699 1177 1979 1248 serviendi]
2012 1176 2122 1229 Do-

561 1267 724 1325 mino,
749 1266 884 1318 sicut
919 1267 1050 1321 vult.
1083 1267 1218 1320 Deus
1246 1269 1383 1321 enim
1420 1270 1472 1322 in
1503 1271 1758 1338 patientia
1787 1269 2031 1334 habitat;
2066 1270 2123 1322 in

561 1357 839 1410 iracundia
872 1375 1008 1422 vero,
1036 1359 1298 1412 diabolus.
1344 1359 1559 1430 Utrique
1591 1377 1710 1428 ergo
1755 1361 1969 1427 spiritus
2006 1377 2123 1412 cum

561 1451 758 1519 pariter
805 1451 1132 1518 inhabitant,
1180 1453 1529 1521 perniciosum
1572 1461 1646 1505 est
1697 1469 1758 1503 ac
1791 1452 1985 1503 malum
2027 1453 2122 1503 ho-

564 1541 716 1604 mini,
749 1542 805 1594 in
840 1559 941 1612 quo
983 1544 1135 1599 ambo
1173 1545 1433 1597 habitant.
1481 1545 1540 1598 Si
1576 1547 1711 1597 enim
1753 1561 1993 1598 assumas
2033 1544 2125 1597 ab-

561 1634 750 1687 sinthii
801 1636 1075 1704 pusillum,
1133 1647 1181 1689 et
1233 1638 1414 1689 mittas
1463 1637 1517 1689 in
1565 1636 1870 1704 amphoram
1920 1635 2122 1698 mellis,

564 1742 733 1778 nonne
768 1736 931 1779 totum
969 1729 1071 1781 mel
1103 1729 1586 1782 exterminabitur?
1631 1737 1679 1781 et
1718 1737 1920 1780 tantum
1958 1724 2126 1777 mellis

563 1836 596 1870 α
631 1819 832 1871 modico
869 1819 1132 1872 absinthio
1181 1821 1444 1888 disperit?
1484 1819 1664 1873 Perdit
1705 1821 1840 1872 enint
1883 1819 2121 1871 dulcedi-

2223 1087 2376 1155 ἅγιον
2416 1091 2836 1158 στενοχωρείται
2859 1127 2874 1151 ,
2932 1087 3003 1158 μὴ
3039 1086 3159 1156 ἕχον
3193 1087 3352 1138 τόπον
3389 1084 3656 1155 καθαρὸν,
3707 1083 3794 1134 καὶ

2223 1178 2380 1251 ζητεῖ
2420 1179 2739 1249 ἀποστῆναι,
2773 1178 2859 1234 διὰ
2889 1179 2949 1231 τὸ
2991 1178 3064 1249 μὴ
3101 1177 3243 1250 ἔχειν
3275 1178 3436 1230 τόπον
3468 1174 3792 1244 λειτουργῆ-

2225 1288 2312 1325 σαι
2341 1270 2417 1342 τῷ
2433 1272 2620 1342 Κυρίῳ
2653 1269 2833 1334 καθὼς
2868 1269 3130 1340 βούλεται.
3163 1271 3248 1322 Ἐν
3279 1268 3386 1340 γὰρ
3411 1271 3476 1338 τῇ
3513 1266 3788 1338 μακροθυ-

2229 1364 2328 1433 μίᾳ
2371 1366 2398 1416 ὁ
2430 1364 2629 1434 Κύριος
2678 1366 2957 1416 κατοικεῖο
2994 1365 3052 1417 ὲν
3091 1363 3146 1414 δὲ
3193 1364 3258 1432 τῇ
3310 1359 3584 1430 esum;
3621 1361 3652 1411 6
3684 1359 3790 1411 διά-

2228 1452 2400 1516 ϐολος.
2479 1454 2784 1525 ’Λμφότερα
2847 1449 2936 1507 οὖν
2978 1453 3047 1506 τὰ
3095 1453 3377 1522 πνεύματα
3423 1452 3519 1502 ἐπὶ
3569 1449 3635 1501 τὸ
3675 1447 3798 1500 αὐτὸ

2229 1543 2601 1609 κατοικοῦντα,
2649 1545 2961 1616 ἀσύμφορόν
3004 1547 3120 1597 ἐστι
3164 1544 3257 1596 καὶ
3310 1543 3550 1613 πονηρὸν
3591 1541 3676 1611 τῷ
3716 1543 3799 1594 άν-

2230 1633 2451 1706 θρώπῳ,
2494 1632 2554 1691 οὗ
2596 1637 2936 1690 κατοικοῦσιν
2969 1638 3271 1708 ἀμφότερα.
3321 1636 3444 1688 Ἐάν
3473 1634 3586 1703 γάρ
3625 1635 3800 1687 λαϐὼν

2231 1727 2472 1797 ἀψίνθιον
2506 1728 2698 1800 μικρὸν
2731 1730 2809 1791 εἰς
2845 1729 3106 1800 κεράμιον
3142 1728 3354 1799 μέλιτος
3387 1728 3652 1798 ἐπιχέῃς,
3688 1724 3802 1794 οὐχὶ

2232 1818 2349 1876 ὅλον
2381 1819 2440 1870 τὸ
2477 1817 2595 1888 μέλι
2621 1818 2961 1887 ἀφανίζεταις
2995 1820 3084 1872 καί
3111 1817 3359 1871 τοσοῦτον
3385 1817 3509 1887 μέλι
3543 1815 3656 1867 ὑπὸ
3686 1815 3803 1866 ἐλα-

565 1927 716 1975 nem,
757 1919 805 1961 et
848 1927 1088 1962 amarunt
1123 1912 1228 1979 ﬁt;
1282 1920 1329 1963 et
1380 1927 1479 1962 non
1525 1911 1674 1963 habet
1717 1911 1945 1979 gratiam
1989 1907 2128 1974 apud

2243 1909 2415 1980 (ίστου
2449 1909 2691 1978 ἀψινθίου
2721 1910 3054 1976 ἀπόλλυται;
3097 1909 3354 1963 ἀπόλλυσι
3386 1907 3495 1978 γὰρ
3538 1908 3644 1976 τὴν
3679 1907 3804 1973 γλυ-

564 2003 834 2057 dominum
861 2020 1032 2068 suum,
1060 2006 1308 2073 quoniam
1343 2022 1584 2058 amarum
1618 2005 1818 2075 factum
1843 2016 1940 2058 est.
1981 2003 2128 2072 Vide,

563 2098 702 2166 quod
762 2096 1128 2165 a'quanimitas
1183 2096 1392 2151 dulcior
1459 2097 1530 2148 sit
1606 2095 1785 2159 melle,
1859 2105 1908 2148 et
1973 2095 2120 2148 utilis

568 2189 795 2247 Domino
829 2231 841 2244 .
887 2198 941 2242 at
980 2188 1291 2250 iracundia.
1326 2199 1372 2242 et
1404 2206 1588 2240 amara
1631 2200 1677 2240 et
1717 2188 1915 2240 inutilis
1947 2199 2042 2241 cst.
2075 2185 2133 2240 Si

568 2301 690 2355 ergo
723 2286 882 2338 mista
918 2285 1075 2353 fuerit
1134 2283 1411 2335 iracundia
1445 2284 1849 2355 wquanintitati,
1879 2282 2136 2350 polluitur

569 2377 958 2445 aequanimitas,
996 2383 1045 2428 et
1082 2390 1182 2427 non
1222 2383 1299 2427 est
1341 2374 1490 2428 utilis
1518 2353 1625 2428 Deo
1658 2375 1828 2428 oratio
1857 2374 2024 2432 illius.

2230 2000 2476 2070 κύτητα,
2527 2000 2621 2052 καὶ
2669 2001 2871 2072 πικρὸν,
2913 2000 3153 2068 γίνεται·
3191 2000 3285 2051 καὶ
3336 1998 3436 2050 οὐκ
3486 1999 3604 2066 ἔχει
3653 1998 3804 2068 χάριν

2232 2091 2382 2162 παρά
2421 2091 2512 2144 τοῦ
2551 2091 2807 2145 δεσπότου
2850 2091 3032 2156 αὐτοῦ,
3069 2093 3150 2144 ὅτι
3183 2088 3514 2160 ἐπικράνθη.
3552 2088 3802 2150 Βλέπεις.

2232 2185 2314 2238 ὃτι
2361 2185 2392 2253 ἡ
2434 2183 2782 2253 μακροθυμία
2824 2179 3130 2253 γλυκυτάτη
3179 2184 3323 2234 ἐστὶν
3375 2181 3522 2251 ὑπὲρ
3567 2179 3635 2230 τὸ
3670 2177 3803 2248 μέλι,

2234 2276 2327 2330 καὶ
2375 2275 2688 2345 εύχάριστος
2731 2274 2862 2344 (67)
2930 2274 3007 2344 τῷ
3062 2274 3285 2344 Κυρίῳ·
3337 2276 3369 2342 ἡ
3418 2273 3476 2325 δὲ
3521 2271 3804 2339 ὀξυχολία,

2242 2369 2334 2424 καὶ
2388 2365 2557 2438 πικρὰ
2610 2368 2699 2420 καὶ
2748 2365 3015 2437 ἄχρηστός
3077 2366 3240 2417 ἐστιν.
3309 2363 3432 2416 Ἐάν
3489 2356 3585 2415 οὖν
3620 2363 3805 2432 μιγῇἡ

2239 2459 2487 2530 ὀξυχολία
2511 2459 2656 2529 καὶὴ
2687 2457 3053 2528 μακροθυμία,
3083 2456 3349 2527 μιαίνεται
3378 2457 3412 2526 ή
3439 2454 3808 2526 μακροθυμία,

2240 2552 2330 2603 καὶ
2363 2549 2460 2602 οὐκ
2498 2548 2642 2602 ἔστιν
2674 2547 2969 2618 εὔχρηστος
3007 2547 3084 2618 τῷ
3115 2547 3232 2616 Θεῷ
3287 2549 3320 2617 ἡ
3345 2545 3587 2610 ἔντευξις
3620 2545 3804 2613 nimi;

642 2643 711 2699 Et
757 2645 870 2699 dixi
894 2644 970 2699 illi
999 2661 1014 2697 :
1048 2643 1246 2699 Vellent
1291 2643 1405 2714 (68)
1457 2645 1632 2708 scire,
1683 2641 1931 2704 domine,
1989 2639 2284 2709 nequitiam
2344 2640 2665 2704 iracundiae,
2729 2649 2786 2693 ut
2831 2641 3131 2693 custodiam
3171 2654 3258 2693 me
3309 2640 3377 2693 ab
3417 2639 3532 2692 illa.
3586 2637 3657 2691 Et
3683 2637 3810 2691 dixit

573 2738 706 2792 mihi
746 2738 856 2810 (69)
886 2758 899 2794 :
935 2739 1123 2804 Scies;
1160 2749 1211 2792 et
1253 2739 1298 2793 si
1338 2754 1444 2792 non
1477 2737 1802 2793 custodieris
1841 2747 1891 2789 te
1927 2735 1996 2790 ab
2030 2735 2138 2801 illa,
2183 2735 2374 2804 perdes
2423 2749 2572 2803 spem
2621 2742 2768 2786 tuam
2803 2748 2928 2787 cum
2972 2740 3080 2786 tota
3108 2732 3272 2786 domo
3312 2740 3424 2785 tua.
3479 2729 3590 2784 Sed
3625 2730 3811 2784 recede

574 2835 643 2891 ab
673 2835 783 2889 illa.
827 2833 939 2906 Ego
974 2836 1120 2890 enim
1161 2845 1337 2888 tecum
1379 2851 1497 2889 sum
1539 2834 1762 2888 nuntius
1791 2832 2064 2902 mquitatis
2089 2849 2102 2885 :
2131 2841 2186 2886 et
2223 2848 2412 2887 omnes
2439 2833 2530 2901 qui
2571 2833 2638 2886 ab
2664 2848 2730 2886 ea
2763 2831 3044 2894 recedunt,
3080 2832 3394 2900 quicunque
3432 2829 3811 2899 paenitentiam

570 2935 780 3006 egerint
813 2950 880 2990 ex
917 2936 1043 2989 totis
1074 2933 1385 3002 praecordiis
1415 2933 1557 2997 suis,
1585 2931 1765 2984 vivent
1799 2930 1909 2984 Deo
1938 2931 2088 3001 (70);
2130 2930 2224 2985 sed
2254 2939 2307 2986 et
2341 2946 2465 2985 cum
2503 2931 2610 2986 illis
2651 2947 2765 2998 ero,
2797 2939 2852 2987 et
2885 2928 3220 2985 conservabo
3260 2941 3491 2984 omnes:
3525 2925 3814 2996 iustiﬁcati

570 3030 717 3085 enim
754 3036 882 3083 sunt
909 3042 1098 3082 omnes
1122 3024 1214 3095 qui
1241 3023 1613 3093 paenitentiam
1655 3023 1883 3092 egerint,
1913 3039 1942 3076 a
1977 3023 2327 3078 sanctissimo
2355 3023 2550 3077 nuntio
2575 3023 2710 3094 (71).

2033 3131 2262 3188 CAPUT
2303 3133 2365 3189 ll.

646 3253 786 3306 Audi
837 3267 1002 3316 nunc,
1040 3249 1236 3318 inquit,
1277 3245 1575 3316 nequitiam
1627 3243 1940 3310 iracundiae,
1973 3259 2136 3313 quam

2311 3245 2423 3318 (75)
2469 3246 2665 3300 ’Ἄκουε
2705 3245 2760 3298 δὲ
2793 3247 2886 3300 καὶ
2928 3246 3025 3319 τὴν
3059 3245 3338 3321 ἐνέργειαν
3374 3244 3476 3316 τῆς
3513 3243 3820 3314 ὀξυχολίας,

575 3361 741 3418 prava
771 3344 883 3412 (7‘2)
914 3357 1188 3413 quamque
1230 3344 1390 3396 noxia
1421 3348 1523 3405 est,
1551 3347 1606 3393 et
1629 3355 1738 3408 quo
1768 3346 1925 3407 pacto
1957 3352 2144 3393 servos

577 3439 674 3493 Dei
717 3437 928 3491 evertit.
983 3435 1085 3502 Qui
1140 3435 1283 3488 enim
1331 3433 1475 3503 pleni
1531 3438 1656 3486 sunt
1695 3430 1799 3485 [ide
1843 3429 1978 3501 (74),
2034 3443 2144 3483 non

578 3537 759 3601 potest
805 3541 1003 3582 nocere
1052 3525 1166 3595 (75)
1221 3525 1350 3590 illis,
1403 3523 1662 3594 quoniam
1707 3522 1880 3576 virtus
1926 3519 2016 3574 Dei
2066 3526 2150 3574 est

577 3641 703 3680 cum
735 3625 872 3688 illis;
917 3622 1109 3677 evertit
1149 3620 1294 3676 enim
1336 3620 1531 3675 dubios
1569 3627 1623 3672 et
1657 3632 1877 3672 vacuos.
1922 3614 2147 3684 Quoties

579 3726 762 3772 autem
802 3715 1001 3770 viderit
1053 3713 1190 3768 tales
1227 3713 1511 3777 homines,
1559 3710 1735 3780 injicit
1785 3723 1843 3764 se
1887 3709 1942 3763 in
1983 3708 2148 3764 corda

580 3822 772 3863 eorum
802 3804 938 3875 (76),
977 3813 1032 3858 et
1067 3804 1134 3858 de
1177 3803 1347 3857 nihilo
1389 3809 1484 3856 aut
1514 3801 1597 3855 vir
1636 3807 1730 3854 aut
1769 3798 1968 3855 mulier
2000 3813 2150 3853 ama-

581 3898 880 3953 ritudinem
930 3895 1196 3966 percipit,
1232 3902 1453 3964 propter
1494 3908 1581 3946 res
1606 3906 1728 3960 qua:
1763 3899 1893 3947 sunt
1933 3891 1989 3944 in
2021 3905 2145 3955 usu,

585 3999 680 4044 aut
716 4005 814 4059 pro
857 3987 1106 4042 convictu
1135 4026 1149 4051 ,
1202 3993 1296 4039 aut
1344 3999 1442 4053 pro
1477 3982 1660 4050 aliquo
1703 3982 1870 4036 verbo
1913 3980 2063 4051 (77),
2103 3979 2150 4035 si

585 4083 732 4153 quod
784 4082 924 4135 forte
973 4079 1199 4144 incidit,
1255 4091 1633 4146 supervacuo;
1685 4084 1779 4129 aut
1829 4089 1926 4144 pro
1976 4073 2152 4128 amico

585 4175 794 4242 aliquo,
847 4179 942 4225 aut
997 4170 1200 4232 debito,
1251 4177 1344 4223 aut
1381 4181 1480 4236 pro
1531 4165 1617 4220 his
1667 4165 1938 4220 similibus
1988 4165 2154 4218 rebus

587 4263 957 4332 supervacuis.
993 4259 1118 4314 Haec
1153 4259 1297 4314 enim
1336 4257 1499 4312 stulta
1539 4265 1667 4311 sunt
1698 4265 1752 4309 et
1789 4269 2148 4324 supervacua,

587 4361 642 4408 et
677 4369 814 4407 vana
858 4352 1030 4408 servis
1056 4351 1171 4406 Dei.
1205 4349 1606 4420 [Equanimitas
1649 4356 1828 4401 autem
1870 4346 2043 4401 valida
2072 4357 2156 4402 est

589 4450 645 4496 et
668 4441 844 4502 fortis,
878 4453 931 4496 et
959 4441 1118 4496 habet
1138 4442 1391 4494 virtutem
1426 4453 1700 4508 magnam,
1725 4442 1778 4491 'et
1803 4437 2079 4508 sedet(78)
2100 4441 2154 4494 in

593 4531 950 4599 amplitudine
1000 4546 1192 4599 magna
1229 4547 1241 4581 :
1284 4529 1510 4593 hilaris,
1555 4527 1608 4580 in
1645 4542 1777 4596 pace
1814 4527 2074 4597 gaudens,
2101 4537 2156 4584 et

2246 3334 2364 3398 πῶς
2407 3335 2618 3407 πονηρά
2669 3336 2834 3401 ἐστιν,
2893 3338 2985 3390 καὶ
3041 3336 3219 3407 πλανᾷ
3272 3335 3398 3399 τοὺς
3457 3335 3693 3398 δούλους
3735 3332 3821 3386 τοῦ

2247 3427 2410 3491 Θεοῦ,
2450 3427 2545 3481 καὶ
2589 3428 2954 3501 καταστρέφει
3005 3431 3072 3498 τῇ
3119 3427 3312 3497 ἑαυτῆς
3369 3427 3650 3497 ἐνεργείᾳ.
3719 3427 3824 3479 Οὐκ

2249 3519 2534 3591 ἀποπλανᾷ
2570 3520 2626 3576 δὲ
2661 3522 2786 3584 τοὺς
2817 3520 2975 3584 ὄντας
3009 3520 3236 3591 πλήρεις
3277 3520 3334 3572 ὲν
3362 3521 3427 3590 τῇ
3462 3519 3679 3583 πίστει,
3714 3519 3827 3572 οὐδὲ

2248 3612 2538 3683 ἐνεργῆσαι
2579 3612 2794 3668 δύναται
2843 3614 2924 3677 είς
2966 3613 3181 3678 αὐτοὺς,
3231 3614 3313 3667 ὅτι
3369 3615 3402 3683 ἠ
3449 3611 3695 3683 δύναμις
3739 3610 3825 3664 τοῦ

2247 3707 2452 3779 Κυρίου
2502 3707 2618 3779 μετ’
2661 3707 2838 3760 αὐτῶν
2871 3708 3048 3760 ἐστιν’
3086 3705 3220 3760 ἀλλὰ
3263 3704 3556 3776 ἀποπλανᾷ
3591 3707 3726 3768 τοὺς
3754 3705 3826 3758 δι-

2247 3798 2470 3869 ψύχους.
2520 3800 2684 3852 Ὅταν
2730 3797 2838 3872 γὰρ
2884 3798 2970 3872 ῐδῃ
3013 3797 3141 3862 τοὺς
3192 3795 3469 3860 τοιούτους
3499 3795 3828 3867 ἀνθρώπους

2249 3889 2670 3954 εὐσταθοῦντας,
2705 3890 3079 3964 παρεμϐάλλει
3118 3889 3316 3961 ἑαυτὴν
3355 3890 3436 3951 είς
3465 3887 3568 3957 τὴν
3600 3887 3828 3958 καρδίαν

2248 3980 2341 4035 τοῦ
2387 3979 2710 4053 ἀνθρώπουο
2766 3983 2860 4036 καὶ
2911 3982 3083 4046 οὕτως
3136 3980 3478 4052 πικραίνεται
3541 3977 3830 4049 ἅνθρωπος

2250 4077 2435 4130 ἕνεκεν
2479 4075 2744 4146 βιωτικῶν
2789 4076 3148 4151 πραγμάτων,
3181 4074 3215 4145 ἢ
3250 4074 3403 4144 φίλου
3432 4072 3602 4137 τινὸς,
3639 4072 3678 4143 ἦ
3710 4071 3831 4142 περὶ

2252 4165 2447 4228 δόσεως
2478 4167 2571 4219 καὶ
2595 4166 2829 4237 λήψεως,
2874 4165 2907 4237 ἢ
2936 4167 3064 4237 περὶ
3092 4162 3346 4217 τοιούτων
3401 4161 3619 4233 μιαρῶν
3656 4177 3829 4228 πραγ-

2257 4256 2458 4328 μάτων.
2515 4257 2699 4311 Ταῦτα
2752 4257 2928 4311 πάντα
2988 4256 3143 4327 μωρὰ
3199 4255 3348 4308 ἐστιν
3403 4254 3496 4305 καὶ
3546 4252 3708 4313 κενά,
3744 4253 3832 4304 καὶ

2251 4345 2542 4418 ἀσύμφορα
2581 4351 2692 4411 τοῖς
2721 4347 2925 4410 δούλοις
2961 4345 3054 4399 τοῦ
3093 4343 3248 4398 Θεοῦ.
3293 4344 3358 4396 Ἠ
3386 4342 3440 4395 δὲ
3483 4341 3830 4414 μακροθυμία

2257 4439 2463 4510 μεγάλη
2499 4438 2612 4491 ἐστὶ
2643 4439 2735 4491 καὶ
2766 4435 2956 4508 ὀχυρὰ,
2983 4435 3178 4506 ἔχουσα
3208 4434 3305 4507 τὴν
3335 4432 3567 4502 δύναμιν
3606 4430 3829 4502 ἰσχυράν

2257 4531 2351 4582 καὶ
2384 4529 2696 4602 καθημένην
2727 4529 2784 4583 ὲν
2813 4527 3110 4597 πλατυσμῷ
3151 4526 3397 4598 μεγάλῳ·
3436 4522 3600 4594 ἱλαρὰ
3623 4561 3637 4584 ,
3675 4521 3830 4590 am:

595 4621 962 4675 honoriﬁcans
985 4621 1270 4675 Dominum
1304 4621 1357 4674 in
1393 4621 1541 4674 omni
1573 4628 1813 4688 tempore
1851 4627 2132 4673 mansuete

2259 4589 2974 4693 )ttwpévn:lxal'bttéptuvog
3010 4589 3163 4673 όῠᾷσί
3188 4589 3394 4684 δοξάέει
3427 4589 3755 4686 τογ’Κύριον
3778 4613 3832 4663 ἐν

595 4711 721 4765 Ηωο
753 4711 896 4764 enim
937 4712 1318 4780 mquanimitas
1358 4712 1568 4766 habitat
1610 4725 1742 4766 cum.
1776 4708 1917 4762 bene
1945 4709 2156 4763 [identi-

598 4805 721 4858 bus.
749 4801 882 4855 Nam
910 4801 1020 4871 (79)
1047 4802 1322 4856 iracundia
1355 4802 1518 4856 stulta
1539 4811 1639 4866 est,
1669 4807 1721 4855 et
1744 4799 1874 4853 levis
1906 4809 1958 4853 et
1989 4801 2153 4858 fatua.

2264 4714 2424 4766 παντὶ
2477 4713 2684 4785 καιρῷ,
2737 4711 2902 4784 μηδὲν
2941 4711 3140 4782 ἔχουσα
3176 4711 3234 4763 ὲν
3266 4709 3430 4776 ἑαυτῇ
3469 4706 3693 4776 πικρὸν,
3741 4720 3834 4754 πα-

2267 4806 2572 4876 ραμένουσα
2621 4803 2708 4857 διὰ
2755 4804 2954 4867 παντὸς
3000 4800 3123 4876 [ὲν]
3170 4799 3433 4871 πραότητι
3481 4799 3579 4850 καὶ
3613 4794 3827 4864 ἡσυχίᾳ..

1665 4933 1901 4988 VARIIE
1942 4933 2326 4990 LECTIONES
2365 4938 2451 4992 ET
2497 4937 2731 4993 NOTAE.

673 5054 785 5125 (67)
823 5051 1108 5125 Fortcjeg.
1133 5052 1448 5122 εὔχρηστος.
1478 5049 1567 5125 Sic
1588 5051 1732 5125 enim
1779 5059 1970 5104 auctor
1989 5050 2171 5125 D_octr.

976 5120 1115 5189 Quin
1153 5133 1205 5176 et
1251 5120 1478 5190 ipsemet
1505 5120 1806 5175 Antiochus
1851 5137 1975 5174 mox
2011 5121 2171 5174 habet

604 5128 672 5181 ad
702 5126 943 5180 Antioch.

605 5196 770 5270 εύχρη
779 5213 897 5270 στος
932 5203 984 5270 et
1006 5194 1292 5270 ἄχρηστος.

680 5265 793 5336 (68)
828 5266 1016 5320 Lamb.
1062 5265 1326 5336 Volebam;

681 5328 793 5408 (69)
830 5336 1021 5392 Lamb.
1063 5336 1240 5388 omitt.
1282 5329 1352 5386 Et
1394 5329 1532 5384 dixit
1573 5331 1732 5399 mihi,
1761 5328 1903 5384 sicut
1938 5338 1992 5384 et
2018 5343 2163 5397 mox,

613 5418 798 5613 ιωῗίθ)
838 5477 965 5534 Mss.
999 5478 1155 5549 Angl.
1189 5475 1404 5540 desunt,
1432 5475 1593 5527 vivent
1621 5471 1745 5526 Deo.

708 5549 796 5613 71)
835 5547 1012 5603 Fellus
1040 5568 1053 5603 :
1084 5562 1256 5602 omnes
1283 5559 1346 5599 ea:
1373 5544 1649 5611 saluti/ero
1676 5559 1744 5595 nu

708 5541 791 5602 71'
835 5547 1012 5603 Fellus
1040 5568 1053 5603 :
1084 5541 1256 5602 bmnes
1283 5559 1346 5599 ea:
1373 5544 1649 5611 saluti/ero
1676 5541 1880 5604 nuntio,
1901 5557 1950 5610 q.
1975 5557 2025 5608 ιι,
2052 5557 2097 5593 e.

711 5550 799 5687 7‘2;
839 5617 992 5673 Bodl.
1033 5620 1280 5687 pessima.
1309 5615 1498 5671 Lamb.
1547 5615 1772 5683 pessima
1807 5622 1910 5676 est,
1957 5621 2004 5664 et
2043 5627 2097 5680 qi

687 5617 791 5687 (7“2l

617 5690 791 5742 modo.

695 5757 804 5826 (73)
842 5756 1026 5815 Gi‘aeca
1079 5761 1182 5816 ista
1225 5773 1290 5813 ex
1325 5756 1508 5813 Doctr.
1559 5757 1626 5810 ad
1647 5753 1888 5810 Antioch.
1942 5767 2090 5807 num.
2126 5750 2176 5817 5,

839 5617 992 5673 Bodl.
1033 5620 1280 5689 pessima.
1309 5615 1498 5671 Lamb.
1547 5615 1772 5683 pessima
1807 5622 1910 5676 est,
1957 5621 2004 5664 et
2043 5626 2174 5680 quo-

2282 5035 2778 5107 pas-ﬂé‘iisLseQ-
3111 5103 3120 5107 _
3566 5097 3631 5107 -.

2353 5094 2465 5176 2’74)
2507 5104 2596 5160 Sic
2626 5094 2806 5160 Fellus
2843 5118 2909 5159 ex
2938 5118 3070 5159 mss.
3096 5099 3254 5170 Angl.
3281 5097 3422 5152 Editi
3471 5097 3527 5150 in
3555 5097 3681 5155 fide.
3711 5094 3836 5150 Vide

2278 5178 2690 5370 Gr(3316:).Lamb.
2736 5246 2922 5315 facere.
2954 5242 3182 5312 Propius
3236 5238 3303 5294 ad
3328 5236 3581 5293 Graecum
3619 5237 3839 5309 ἐνεργῆ-

2278 5338 2378 5370 σαι.
2460 5319 2548 5370 ell.
2585 5316 2786 5370 aliauid
2815 5331 2867 5368 η.

2272 5316 2378 5375 σαι.
2415 5316 2548 5372 Fell.
2585 5316 2786 5386 aliquid
2815 5331 2867 5368 η.

2339 5388 2452 5454 (76)
2487 5387 2638 5442 Bodl.
2671 5378 2723 5441 et
2745 5385 2934 5440 Lamb.
2961 5383 3246 5437 hominum.
3269 5379 3364 5434 Gr.
3390 5378 3702 5451 ἀνθρώπου.

2341 5458 2453 5529 (77)
2495 5457 2897 5529 Lamb._omitt.
2938 5455 3107 5529 verbo.

2349 5519 2460 5599 (78')
2497 5527 2664 5599 Vetus
2687 5520 2950 5599 interpres
2977 5525 3105 5599 legit
3129 5521 3431 5599 καθημένη.
3455 5519 3622 5599 Forte
3641 5529 3834 5599 rectius

2279 5589 2844 5681 quain'Jxafiqpéqu,‘
2869 5596 3012 5667 quod
3032 5589 3288 5648 'cxhibct
3323 5590 3604 5659 exemplar
3659 5589 3830 5643 Deut.

2283 5670 2348 5728 ad
2369 5670 2614 5725 Antioch.

2355 5742 2466 5812 (79)
2509 5739 2646 5796 Hinc
2666 5738 2966 5795 Antiochus
2996 5735 3186 5793 homil.
3226 5732 3347 5799 ΗΟ,
3381 5741 3437 5786 ut
3466 5729 3629 5785 intra.
