4002 6308
184 314 298 375 9‘35

1214 316 1505 374 PASTOR.
1532 312 1752 369 —LIB.
1792 310 1858 381 Il,
1899 309 2287 368 MANDATUM
2322 307 2411 365 VI.

3272 310 3433 367 .‘926

188 424 343 497 Αὕτη
382 416 475 479 οῦν
505 426 537 497 ἡ
571 426 917 499 μακροθυμία
949 429 1191 483 κατοικεῖ
1242 427 1379 499 μετά
1431 426 1540 479 τῶν
1589 425 1781 479 πίστιν,

1887 423 1949 478 De
1992 422 2221 477 stultitia
2259 434 2391 475 vero
2430 419 2675 475 nascitur
2717 422 3044 489 amaritudo,
3090 431 3149 477 et
3184 437 3251 478 ex
3281 438 3434 477 ama-

190 516 430 584 ὲχόντων
459 518 765 589 ὁλόκληρος.
804 521 866 576 Ἡ
904 520 959 573 δὲ
991 521 1241 591 ὀξυχολία
1274 519 1490 593 πρῶτον
1526 520 1622 590 μὲν
1657 537 1770 590 μω-

191 610 289 680 ρία
321 610 470 663 ἐστὶν
502 613 595 664 καὶ
638 612 871 684 ὲλαφρία
919 614 1150 683 φρενῶν.
1191 610 1323 667 Εἶτα
1363 614 1427 667 ὲκ
1472 614 1570 683 τῆς
1609 614 1774 685 ἀφρο-

192 700 367 773 σύνης
397 704 604 771 γίνεται
636 705 848 775 πικρία,
878 703 964 776 [ὲκ
983 706 1038 758 δὲ
1060 706 1157 776 τῆς
1178 705 1398 776 πικρίας
1420 704 1553 777 (80)]
1584 706 1771 775 Θυμὸς,

190 792 263 843 ἐκ
297 792 353 844 δὲ
383 792 477 845 τοῦ
505 792 678 864 θυμοῦ
713 795 872 866 ὀργὴ,
906 796 970 850 ὲκ
1001 795 1058 847 δὲ
1089 796 1189 866 τῆς
1226 795 1395 866 ὀργῆς
1431 795 1607 865 μῆνις.
1642 791 1775 847 Εἶτα

189 884 225 953 ἡ
270 884 434 954 μῆνις
472 885 537 937 ἐκ
581 883 848 939 τοσούτων
900 888 1083 941 κακῶν
1133 886 1517 957 συνισταμένη,
1566 884 1774 953 γίνεται

189 972 439 1043 ἁμαρτία
484 975 695 1046 μεγάλη
740 978 835 1031 καὶ
878 978 1111 1041 ἀνίατος.
1158 979 1321 1031 Ὅταν
1363 976 1470 1049 γὰρ
1496 976 1681 1033 πάντα¹
1707 974 1776 1027 τά

189 1064 511 1135 ἀνθρώπινα
553 1066 729 1121 ταῦτα
769 1070 826 1123 έν
858 1070 938 1123 ὲνὶ
969 1070 1174 1142 ἀγγείῳ
1210 1072 1479 1132 κατοικεῖ,
1511 1069 1643 1121 ὅπου
1682 1068 1777 1121 καὶ

188 1154 255 1208 τὸ
287 1154 509 1227 Πνεῦμα
542 1158 604 1211 τὸ
628 1158 803 1228 ἅγιον,
837 1160 898 1213 ού
932 1164 1102 1233 χωρεῖ
1133 1164 1309 1216 ἐκεῖνο
1346 1161 1407 1215 τὸ
1439 1161 1626 1230 ἄγγος,
1660 1159 1774 1213 ἀλλ’

190 1248 619 1318 ύπερπλεονάζει
656 1250 718 1303 τὸ
746 1252 1009 1322 τροφερὸν
1050 1252 1285 1325 πνεῦμα,
1340 1253 1415 1324 μὴ
1457 1252 1579 1322 ἕχον
1617 1253 1779 1323 συνή-

190 1339 348 1393 θειαν
401 1341 540 1412 μετά
596 1344 836 1415 πονηροῦ
882 1344 1219 1416 πνεύματος,
1270 1347 1364 1399 καὶ
1413 1344 1778 1417 σκληρότητος

189 1434 488 1485 κατοικεῖν.
524 1433 831 1505 Ὑποχωρεῖ
855 1431 948 1490 οὖν
980 1436 1088 1490 ἀπὸ
1116 1436 1211 1489 τοῦ
1242 1435 1531 1508 ἀνθρώπου
1563 1434 1774 1499 τούτου,

189 1524 294 1578 καὶ
340 1523 493 1595 ζητεῖ
532 1530 806 1581 κατοικεῖν
846 1528 984 1599 μετὰ
1026 1529 1332 1601 πραότητος
1385 1530 1479 1583 καὶ
1521 1528 1773 1600 ἡσυχίας.

189 1611 330 1669 Εἶτα
375 1616 501 1668 ὅταν
547 1616 756 1689 ἀποστῇ
808 1618 918 1672 ἀπὸ
959 1618 1054 1673 τοῦ
1105 1618 1394 1690 ἀνθρώπου
1422 1612 1482 1673 οὗ
1515 1620 1775 1685 κατοικεῖ,

189 1706 405 1774 γίνεται
446 1707 474 1758 ὀ
506 1706 789 1778 ἄνθρωπος
835 1710 1042 1774 ἐκεῖνος
1081 1710 1235 1774 κενὸς
1264 1711 1372 1764 ἀπὸ
1405 1710 1498 1764 τοῦ
1532 1709 1779 1779 Πνεύμα-

188 1814 289 1861 τος
312 1797 407 1850 τοῦ
442 1777 618 1867 ἁγίου,
660 1800 754 1853 καὶ
782 1800 967 1854 λοιπὸν
1001 1801 1426 1873 πεπληρωμένος
1457 1800 1566 1855 τῶν
1617 1777 1779 1855 πνευ-
1807 1777 1854 1838 Β

194 1889 387 1972 μάτων
431 1889 539 1943 τῶν
574 1890 821 1962 πονηρῶν
946 1892 1041 1944 καὶ
1074 1892 1193 1956 ὅλος
1236 1891 1634 1962 ἀποτυφλοῦται
1672 1892 1781 1946 ἀπὸ

189 1980 297 2050 τῆς
327 1981 565 2044 διανοίας
589 1982 688 2052 τῆς
715 1982 944 2054 ἀγαθῆς.
981 1983 1165 2048 Οὕτως
1195 1980 1287 2039 οὖν
1324 1984 1612 2056 συμϐαίνει
1646 1987 1780 2039 πᾶσι

189 2074 311 2133 τοῖς
341 2070 633 2141 ὀξυχόλοις.
692 2073 922 2146 ’Δπέχου
950 2071 1042 2129 οῦν
1086 2076 1195 2129 ἀπὸ
1228 2076 1328 2146 τῆς
1361 2076 1641 2147 ὀξυχολίας
1679 2074 1775 2130 τοῦ

192 2162 434 2235 πονηροῦ
463 2164 754 2236 δαίμονος.
794 2166 1050 2221 Ἔνδυσαι
1101 2167 1159 2221 δὲ
1217 2166 1316 2238 τὴν
1377 2168 1776 2241 μακροθυμίαν,

1874 516 2115 570 ritudine
2146 512 2449 578 iracundia,
2480 526 2546 567 ex
2580 512 2860 568 iracundia
2884 529 3013 569 vero
3040 514 3213 571 furor.
3244 514 3343 572 llic
3366 530 3435 571 ex

1872 616 1952 663 tot
1993 607 2153 661 malis
2197 613 2413 659 creatus
2455 603 2607 660 furor
2655 606 2805 675 (81),
2854 617 3106 675 operatur
3156 619 3438 678 peccatum

1871 715 2128 770 magnum
2170 707 2223 753 et
2271 698 2595 754 insanabile.
2653 697 2790 753 Cum
2834 700 2978 753 enim
3017 700 3133 755 haec
3170 702 3352 755 omnia
3384 702 3439 755 in

1873 808 1983 848 uno
2024 807 2152 847 vase
2187 799 2336 855 sunt,
2381 790 2471 844 ubi
2521 797 2573 843 et
2617 787 2852 858 Spiritus
2904 798 3128 846 sanctus
3172 800 3440 860 moratur,

1874 899 1984 939 non
2019 878 2163 953 capit
2196 883 2312 937 haec
2342 880 2453 951 (82)
2481 895 2578 934 vas
2600 920 2614 944 ,
2648 880 2742 934 sed
2778 880 3145 949 supereﬂluit;
3181 883 3441 951 quoniam

1874 988 2027 1032 tener
2059 976 2299 1046 Spiritus
2327 990 2435 1029 non
2473 981 2652 1043 potest
2682 988 2807 1027 cum
2842 972 2986 1027 malo
3016 974 3212 1042 spiritu
3244 974 3442 1030 immo-

1876 1068 2012 1135 rari,
2066 1067 2269 1123 recedit
2342 1074 2398 1120 et
2449 1065 2659 1119 habitat
2711 1079 2836 1118 cum
2875 1075 3183 1119 mansueto.
3242 1064 3444 1121 Deinde

1876 1175 1999 1215 eum
2056 1158 2339 1215 recesserit
2379 1158 2447 1212 ab
2489 1157 2712 1211 homine
2758 1156 2811 1210 in
2859 1172 2968 1226 quo
3016 1157 3330 1223 habitabat,
3389 1158 3443 1213 ﬁt

1877 1250 2044 1303 homo
2070 1264 2276 1304 vacuus
2321 1263 2351 1302 a
2381 1246 2591 1316 Spiritu
2641 1260 2863 1314 sancto;
2910 1256 2963 1301 et
2992 1258 3179 1316 postea
3209 1248 3446 1318 repletur

1878 1341 2161 1410 spiritibus
2216 1340 2514 1410 malignis,
2573 1348 2628 1394 et
2674 1339 2988 1393 obcmcatur
3039 1353 3068 1392 a
3120 1339 3450 1407 cogitatione

1877 1434 2022 1489 mala
2050 1432 2184 1504 (83).
2220 1433 2311 1488 Sic
2335 1433 2590 1487 omnibus
2614 1420 2890 1487 iracundis
2921 1432 3205 1501 contingit.
3234 1431 3449 1488 Recede

1878 1540 2010 1596 ergo
2037 1534 2093 1579 tu
2126 1525 2193 1579 ab
2222 1525 2529 1589 iracundia,
2558 1533 2613 1579 et
2640 1524 2804 1579 indue
2831 1524 3289 1594 animaequitatem
3311 1524 3447 1594 (84),

1879 1625 1935 1672 et
1970 1616 2166 1671 resiste
2218 1615 2516 1670 iracundiae
2547 1633 2560 1668 :
2606 1624 2658 1669 et
2691 1615 2987 1669 invenieris
3028 1630 3152 1669 cum
3184 1614 3449 1685 pudicitia

1882 1719 1937 1767 et
1968 1710 2215 1765 castitate
2246 1724 2277 1763 a
2312 1707 2443 1764 Deo.
2474 1707 2610 1763 Vide
2634 1724 2765 1780 ergo
2805 1724 2872 1762 ne
2904 1706 3045 1763 forte
3075 1708 3315 1778 negligas
3347 1708 3451 1763 hoc

1885 1802 2255 1858 mandatum:
2293 1801 2340 1857 si
2386 1801 2532 1856 enim
2587 1801 2715 1856 huic
2766 1800 3027 1855 mandato
3085 1799 3452 1855 obedientiam

1884 1892 2198 1962 prastiteris
2238 1891 2351 1963 (85)
2388 1943 2405 1971 ,
2453 1900 2645 1947 caetera
2696 1893 2951 1948 mandata
3017 1906 3136 1945 mea
3186 1906 3308 1960 quae
3352 1890 3453 1945 tibi

1886 1984 2245 2039 mandaturus
2281 1998 2434 2050 sum,
2482 1984 2687 2054 poteris
2734 1998 2973 2038 servare.
3014 1982 3288 2037 Conlirma
3323 1995 3455 2051 ergo

1884 2092 2033 2131 nunc
2062 2084 2115 2130 te
2154 2075 2211 2129 in
2243 2075 2516 2131 mandatis
2562 2077 2713 2142 istis,
2752 2084 2812 2130 ut
2849 2078 3001 2130 vivas
3031 2074 3140 2129 Ι)υο
3180 2094 3194 2131 :
3238 2083 3291 2129 et
3325 2074 3451 2144 qui-

1886 2182 2101 2237 cunque
2136 2166 2475 2222 servaverinl
2503 2167 2616 2222 haec
2648 2169 2924 2235 mandata,
2950 2168 3133 2222 vivent
3164 2166 3292 2221 Deo.

194 2256 301 2315 καὶ
347 2256 627 2327 άντίστηθι
679 2262 746 2330 τῇ
799 2259 1051 2334 ὀξυχολίᾳ
1082 2300 1098 2327 ,
1152 2265 1247 2317 καὶ
1292 2263 1391 2335 ἔσῃ
1423 2265 1809 2335 ἐπαινούμενος
1874 2262 2013 2335 μετὰ
2086 2263 2411 2333 σεμνότητος
2463 2265 2577 2325 τοῖς
2635 2263 3012 2333 ἠγαπημένοις
3070 2262 3175 2315 ὑπὸ
3228 2259 3454 2331 Κυρίου.

190 2345 376 2405 Βλέπε
408 2341 499 2401 οῦν
534 2347 608 2419 μὴ
659 2350 1020 2426 παραλογήσῃ
1066 2353 1164 2425 τὴν
1223 2355 1440 2427 ἐντολὴν
1491 2356 1720 2427 ταύτην·
1756 2354 1852 2409 ἐὰν
1882 2354 1990 2426 γὰρ
2051 2354 2251 2426 ταύτην
2284 2351 2557 2426 φυλάξῃς,
2583 2355 2788 2427 δυνήσῃ
2819 2354 3034 2419 καὶτὰς
3064 2353 3254 2418 λοιπὰς
3284 2353 3455 2427 τηρῆ-

194 2451 293 2490 σαι
322 2476 338 2492 .
376 2439 554 2510 Ἰσχυε
587 2436 681 2499 οῦν
729 2443 789 2497 ὲν
822 2445 1014 2509 αὑταῖς
1051 2446 1147 2501 καὶ
1178 2447 1497 2519 ἐνδυναμοῦ,
1524 2450 1618 2504 καὶ
1647 2450 1911 2521 νικήσεις,
1942 2450 2037 2504 καὶ
2068 2449 2269 2520 ζήσεις-

1468 2580 1799 2650 ΑΝτιοοιιυε,
1830 2582 2051 2638 homilia
2077 2580 2197 2636 HO.

280 2685 345 2739 Ἦ
373 2686 482 2759 γάρ
514 2685 762 2760 ὀξυχολία
782 2731 798 2757 ,
833 2692 1045 2765 πονηρά
1072 2688 1225 2760 οὖσα,
1261 2697 1621 2767 καταστρέφει
1654 2698 1783 2760 τοὺς

193 2777 416 2843 δούλους
433 2779 528 2833 τοῦ
562 2781 696 2835 Θεοῦ
723 2785 789 2854 τῇ
823 2785 1025 2856 ἑαυτῆς
1056 2787 1326 2860 ἐνεργείᾳ.
1372 2790 1537 2842 Ὅταν
1566 2788 1676 2860 γὰρ
1696 2789 1783 2863 ῐδῃ

193 2873 326 2934 τοὺς
356 2871 672 2944 ἀνθρώπους
704 2875 1101 2942 εὐσταθοῦντας
1132 2879 1267 2951 (86),
1298 2880 1628 2951 παραϐάλλει
1650 2884 1780 2934 ἑαυ-

195 2965 299 3037 τὴν
319 2967 399 3028 είς
434 2967 534 3037 τὴν
566 2967 787 3039 καρδίαν
810 2967 905 3022 τοῦ
940 2969 1251 3041 ἀνθρώπου,
1279 2974 1371 3026 καὶ
1400 2974 1465 3026 ἐκ
1489 2973 1582 3026 τοῦ
1614 2974 1778 3043 μηδε-

1957 2694 2101 2749 Nam
2130 2696 2436 2763 iracundia,
2468 2713 2586 2751 cum
2622 2712 2785 2766 prava
2806 2695 2909 2760 sit,
2939 2694 2989 2748 vi
3019 2709 3117 2749 sua
3144 2682 3325 2747 evertit
3351 2709 3469 2748 ser-

1882 2804 1969 2842 vos
2002 2787 2119 2842 Dei.
2151 2789 2364 2855 Quoties
2392 2790 2530 2844 enim
2563 2789 2748 2844 viderit
2776 2788 2963 2842 dubios
3001 2787 3259 2853 homines,
3285 2786 3462 2855 injicit

1882 2896 1935 2934 se
1961 2882 2018 2934 in
2054 2898 2143 2935 cor
2169 2882 2439 2947 hominis;
2481 2892 2529 2936 et
2560 2883 2624 2936 de
2655 2881 2821 2934 nihilo
2847 2882 2999 2934 homo
3043 2879 3458 2933 amaritudinem

1883 2958 2138 3041 percipit,
2174 2982 2387 3044 prapter
2426 2990 2505 3027 res
2546 2990 2663 3045 qua:
2699 2984 2822 3027 sunt
2864 2973 2920 3027 in
2944 2973 3066 3027 vita
3087 2988 3207 3035 usu,
3240 2982 3332 3025 aut
3369 2988 3464 3042 pro

197 3058 291 3121 νὸς
316 3058 655 3130 πικραίνεται
676 3099 690 3124 ,
732 3059 917 3115 ἕνεκεν
948 3062 1217 3132 βιωτικῶν
1244 3065 1583 3137 πραγμάτων
1620 3065 1653 3137 ἢ
1684 3083 1779 3118 πε-

1887 3064 2154 3129 conuictu;
2201 3074 2293 3117 aut
2329 3082 2422 3134 pro
2452 3064 2630 3135 aliquo
2665 3063 2815 3118 verbo
2836 3105 2851 3130 ,
2883 3063 2930 3117 si
2958 3062 3097 3134 quod
3137 3061 3346 3123 incidit,
3376 3078 3467 3115 su-

203 3148 262 3222 ρὶ
291 3149 620 3219 ἐδεσμάτων,
658 3150 691 3222 ἢ
721 3151 801 3205 δτι
829 3153 1148 3225 μικρολογία
1176 3172 1261 3219 τις
1282 3155 1535 3210 ἐνέπεσεν
1560 3157 1781 3228 μάταια,

199 3241 236 3312 ἢ
271 3241 398 3313 περὶ
439 3241 656 3305 δόσεως.
709 3241 892 3296 Ταῦτα
942 3243 1050 3317 γὰρ
1085 3246 1265 3301 πάντα
1315 3247 1474 3319 μωρά
1520 3249 1656 3315 ἐστι,
1691 3250 1785 3302 καὶ

200 3333 338 3387 κενά
369 3335 483 3397 τοῖς
502 3334 706 3397 δούλοις
723 3334 816 3388 τοῦ
844 3335 1000 3390 Θεοῦ.
1048 3337 1113 3389 Ἦ
1141 3337 1199 3390 δὲ
1236 3339 1583 3410 μακροθυμία
1614 3341 1784 3411 μεγά-

202 3424 269 3495 λη
299 3424 445 3478 ἐστὶν
487 3427 578 3479 καὶ
618 3426 845 3498 ἰσχυρὰ,
888 3427 1085 3498 ἔχουσα
1129 3428 1355 3501 δύναμιν
1391 3431 1667 3502 στιϐαρὰν,
1692 3433 1786 3486 καὶ

203 3515 441 3583 εὐθύνει,
467 3519 559 3572 καὶ
580 3518 958 3592 ἀγαλλιωμένη
989 3521 1288 3593 ἀμέριμνος
1308 3518 1440 3577 οὖσα
1462 3523 1670 3589 δοξάζει
1694 3525 1785 3578 τὸν

203 3608 446 3681 Κύριον,
480 3612 644 3682 μηδὲν
682 3613 741 3667 ὲν
781 3614 916 3685 αὐτῇ
958 3613 1153 3684 ἔχουσα
1193 3616 1420 3686 πικρὸν,
1448 3616 1580 3670 διότι
1610 3617 1787 3689 πραΰς

204 3701 322 3753 ἐστι
362 3703 457 3754 καὶ
486 3702 723 3774 ἡσύχιος.
767 3704 914 3776 Αὕτη
940 3702 1031 3760 οὖν
1074 3709 1108 3778 ἡ
1160 3707 1503 3779 μακροθυμία
1546 3712 1788 3763 κατοικεῖ

206 3789 350 3861 μετά
370 3789 479 3842 τῶν
506 3792 605 3864 τὴν
635 3793 817 3848 πίστιν
852 3793 1084 3864 ἑχόντων
1123 3794 1433 3866 ὀλόκληρον.
1470 3795 1533 3848 Ἡ
1578 3796 1635 3849 δὲ
1667 3796 1788 3863 ὀξυ-

202 3881 363 3951 χολία
400 3880 587 3952 ἄρρων
632 3884 778 3937 ἐστίν
798 3901 814 3915 ⁸
845 3880 996 3951 εἶτα,
1026 3887 1091 3939 ἐκ
1116 3886 1214 3958 τῆς
1250 3885 1558 3957 ἀφροσύνης
1582 3886 1788 3955 γίνεται

203 3969 428 4041 πικρία,
467 3972 533 4024 ὲκ
564 3972 620 4025 δὲ
654 3973 752 4044 τῆς
790 3975 1014 4044 πικρίας
1050 3975 1236 4047 θυμὸς,
1276 3978 1342 4030 ἐκ
1381 3978 1438 4031 δὲ
1486 3979 1584 4050 τῆς
1623 3979 1790 4050 ὀργῆς

205 4061 393 4131 μῆνις.
426 4062 499 4115 Τὸ
518 4058 611 4117 οῦν
636 4064 788 4134 ἆγιον
813 4066 1056 4138 Πνεῦμα,
1089 4067 1164 4130 ὡς
1194 4069 1461 4140 τρυφερὸν
1483 4068 1562 4133 ὃν,
1596 4070 1690 4123 καὶ
1716 4070 1791 4141 μὴ

203 4154 335 4223 ἔχον
361 4156 645 4227 συνήθειαν
668 4158 806 4230 μετὰ
834 4160 928 4214 τοῦ
952 4160 1188 4233 σκληροῦ
1222 4162 1315 4214 καὶ
1350 4162 1586 4233 πονηροῦ
1625 4164 1790 4217 πνεύ-

207 4248 409 4315 ματος,
457 4247 734 4320 ἀποχωρεῖ
765 4252 875 4305 ἀπὸ
902 4253 1014 4307 οτοῦ
1064 4252 1303 4306 τοιούτου
1344 4253 1652 4326 ἀνθρώπου,
1699 4257 1792 4309 καὶ

205 4335 371 4406 ζητεῖ
403 4336 493 4390 τοῦ
531 4342 848 4413 κατοικῆσαι
876 4344 1012 4415 μετά
1044 4345 1154 4399 τοῦ
1178 4345 1550 4417 μακροθύμου,
1578 4350 1669 4402 καὶ
1704 4350 1791 4417 γί-

1883 3172 2173 3225 pervacuo;
2205 3165 2298 3211 aut
2338 3173 2432 3226 pro
2476 3157 2603 3210 dato
2641 3165 2691 3211 et
2734 3156 2926 3210 debito.
2975 3154 3104 3209 Haec
3129 3154 3267 3207 enim
3290 3154 3467 3207 omnia

1884 3249 2052 3303 stulta
2074 3259 2219 3316 sunt,
2246 3261 2295 3305 et
2318 3265 2642 3318 supervacua
2668 3260 2717 3303 et
2747 3265 2879 3302 vana
2906 3247 3067 3301 servis
3098 3246 3214 3301 Dei.
3258 3245 3469 3316 .Equa-

1885 3343 2102 3396 nimitas
2125 3353 2300 3396 autem
2328 3340 2509 3397 valida
2541 3351 2618 3396 est
2644 3352 2693 3396 et
2721 3341 2877 3410 fortis
2900 3380 2914 3406 ,
2948 3349 2998 3393 et
3044 3339 3198 3392 habet
3221 3339 3468 3391 virtutem

1886 3450 2154 3504 magnam,
2186 3444 2236 3488 et
2259 3435 2605 3504 amplissimis
2637 3434 2789 3487 rebus
2821 3433 3041 3501 fruitur,
3088 3440 3137 3486 et
3179 3430 3369 3483 hilaris
3412 3428 3469 3481 in

1885 3541 2011 3594 pace
2052 3524 2283 3597 gaudens
2325 3526 2640 3593 honoriﬁcat
2682 3524 3005 3587 Dominum;
3037 3521 3169 3576 nihil
3203 3523 3257 3575 in
3287 3536 3340 3573 se
3366 3519 3469 3571 ha-

1888 3617 2009 3670 bens
2041 3617 2234 3681 amari,
2261 3617 2387 3687 quia
2417 3624 2693 3669 mansueta
2734 3624 2811 3669 est
2851 3624 2899 3668 et
2928 3615 3122 3684 quieta.
3176 3611 3307 3665 Haec
3346 3624 3470 3678 ergo

1888 3709 2258 3777 aquanimitas
2300 3706 2507 3761 habitat
2550 3723 2670 3761 cum
2717 3707 2783 3760 iis
2808 3746 2824 3771 ,
2864 3706 2954 3775 qui
3006 3704 3165 3774 ﬁdem
3211 3706 3471 3771 integram

1888 3800 2173 3869 possident.
2198 3800 2268 3852 At
2291 3799 2574 3853 iracundia
2598 3798 2764 3852 stulta
2793 3806 2903 3861 est;
2929 3797 3117 3850 deinde
3138 3794 3202 3847 de
3240 3792 3470 3847 stultitia

1888 3894 2130 3948 nascitur
2155 3892 2476 3958 amaritudo,
2510 3900 2560 3945 et
2588 3905 2652 3945 ea:
2681 3889 3040 3943 amaritudine
3069 3884 3374 3949 iracundia,
3404 3896 3469 3937 ea:

1888 3983 2171 4037 iracundia
2194 3998 2311 4036 vero
2336 3981 2504 4051 furor.
2536 3978 2764 4035 Sanctus
2793 3993 2913 4049 ergo
2944 3975 3197 4046 Spiritus,
3225 3984 3282 4028 ut
3307 3982 3470 4038 tener,

1891 4091 1982 4129 nec
2011 4075 2211 4128 morari
2233 4072 2421 4127 solitus
2445 4088 2561 4125 cum
2593 4070 2728 4123 duro
2757 4085 2819 4121 ac
2853 4067 2993 4121 malo
3020 4066 3209 4135 spiritu
3230 4105 3245 4130 ,
3277 4063 3470 4117 recedit

1890 4166 1954 4219 ab
1981 4166 2241 4235 ejusmodi
2283 4165 2511 4229 homine,
2556 4171 2606 4217 et
2652 4162 2845 4232 quwrit
2890 4158 3128 4212 habitare
3168 4171 3286 4209 cum
3316 4170 3469 4207 man-

1892 4262 2038 4307 sueto
2055 4270 2075 4318 ;
2101 4264 2150 4308 et
2178 4255 2237 4323 ﬁt
2266 4254 2419 4306 homo
2448 4252 2539 4305 ille
2566 4267 2758 4305 vacuus
2790 4267 2823 4303 a
2848 4247 3053 4319 Spiritu
3073 4247 3247 4316 justo,
3275 4252 3324 4298 et
3354 4260 3470 4297 om-

1893 4351 2016 4403 nino
2040 4348 2336 4401 obccecatur
2360 4362 2391 4398 a
2415 4344 2733 4414 cogitatione
2757 4340 2909 4396 bona.

202 4445 365 4483 νεται
400 4434 430 4485 ὁ
468 4398 755 4506 ἄνθρωπος
789 4398 994 4503 ἐκεῖνος
1029 4398 1190 4509 κενὸςι
1216 4398 1308 4507 τοῦ
1351 4398 1659 4514 πνεύματος
1694 4398 1789 4498 τοῦ
1832 4444 2062 4508 δικαίου,
2104 4398 2197 4494 καὶ
2231 4438 2366 4502 ὅλως
2416 4398 2815 4506 ἀπέοτυφλοῦται
2862 4434 2971 4489 ἀπὺ
2990 4434 3088 4505 τῆς
3108 4432 3339 4495 διανοίας
3378 4429 3479 4500 τῆς

207 4523 448 4595 ἀγαθῆς.

383 4696 471 4757 De
496 4701 905 4778 agnoscendis
939 4704 1432 4790 uniuscujusque
1464 4606 2005 4766 1133333:
2036 4604 2262 4782 gignis,
2298 4706 2354 4761 et
2382 4698 2710 4776 utriusque
2742 4695 3293 4776 inspirationibus.

1689 4825 1922 4883 CAPUT
1956 4825 2000 4881 I.

291 4931 406 5003 (87)
447 4928 825 5000 Ἐνετειλάμην
870 4946 951 4983 σοι
998 4929 1056 4983 ὲν
1099 4929 1167 5000 τῇ
1214 4927 1404 5002 πρώτῃ
1451 4928 1671 5000 ἐντολῇ,
1710 4927 1795 4980 ἵνα

1970 4922 2374 4993 Prazceperam,
2412 4916 2623 4989 inquit,
2662 4915 2757 4969 tibi
2798 4914 2851 4967 in
2896 4911 3074 4982 primo
3114 4908 3388 4974 Mandato,
3418 4915 3476 4961 ut

1299 5061 1534 5118 VARUE
1575 5058 1960 5116 LECTIONES
1997 5057 2088 5113 ET
2127 5053 2364 5111 NOTAE.

293 5159 416 5233 (80)
453 5158 537 5214 Cl.
576 5156 1009 5233 Montfauconus
1041 5157 1186 5224 haec,
1229 5156 1301 5233 sit
1323 5156 1387 5233 δὲ⁸
1410 5156 1515 5225 τῆς,
1539 5155 1795 5233 πικρίας,

219 5225 614 5355 ἶιυέεθρερῖὃηι
642 5229 698 5282 in
739 5243 842 5284 suo
890 5227 1099 5295 codice,
1148 5227 1415 5297 supplevit
1446 5241 1511 5281 ex
1542 5225 1797 5279 Antiochi

242 5318 376 5355 iomt
404 5342 417 5355 .
558 5340 573 5353 .

222 5302 417 5358 liomil.
446 5302 573 5353 110.

321 5373 413 5439 81)
454 5369 868 5439 Βοιιιηενεαιιιε,
899 5368 1029 5439 facit
1058 5379 1351 5439 peccatum.

321 5373 413 5439 81)
454 5373 605 5423 Bodl.
638 5378 868 5434 creatus,
899 5373 1029 5439 facit
1058 5379 1351 5439 peccatum.

298 5373 413 5515 (82)
456 5441 548 5515 Sic
587 5438 790 5515 fellas.
830 5439 914 5493 Al.
948 5441 1064 5506 hos,
1101 5456 1205 5495 ms.
1236 5440 1422 5494 Carm.
1470 5437 1585 5491 hoc.
1632 5435 1708 5491 ita
1749 5443 1804 5491 et

225 5510 422 5569 Lamb.
453 5511 522 5563 ab
554 5510 657 5564 alia
695 5526 880 5564 manu.

300 5583 415 5654 (85)
446 5580 520 5634 Ita
570 5579 750 5654 Fellus
789 5596 855 5635 ex
899 5595 1033 5654 mss.
1079 5580 1234 5654 Angl.
1278 5579 1359 5654 Ita
1403 5577 1687 5654 et_Carm.
1737 5575 1804 5654 ᾼι

228 5647 373 5710 Vict.
398 5647 562 5706 'bana.
598 5650 706 5717 Sic,
747 5660 852 5706 etc.
894 5650 1057 5715 Editi,
1104 5647 1267 5705 mala.
1319 5649 1537 5714 Recede,
1581 5647 1804 5717 omissis

230 5726 459 5787 vocibus
488 5715 842 5781 intermediis.
877 5720 1087 5790 Videsis
1110 5722 1294 5779 Graeca
1318 5762 1331 5787 ,
1363 5719 1561 5792 quibus
1602 5715 1802 5774 contir-

1904 5161 2084 5208 matur
2108 5150 2269 5206 lectio
2296 5164 2398 5203 ms.
2430 5146 2571 5203 Vict.
2599 5143 2689 5198 Sic
2726 5140 2854 5212 legit
2878 5150 2932 5196 et
2960 5136 3280 5193 Antiochus.

1977 5223 2091 5292 (84)
2114 5221 2318 5292 Fellus,
2347 5217 2815 5292 atquanimitatem.
2850 5284 2862 5292 _
3167 5276 3179 5288 .

1993 5284 2084 5363 85)
2118 5291 2271 5346 Bodl.
2302 5298 2356 5345 et
2379 5284 2573 5363 Lamb.
2603 5284 3013 5363 dominationem
3042 5284 3227 5363 egeris.

2627 5351 2947 5434 Tranquilio.
2965 5341 3110 5403 statu
3134 5352 3351 5434 utentes.
3371 5341 3475 5434 (‘32-

1902 5412 2155 5491 lel‘el'it’ts—
2168 5412 2378 5485 ἱηόὶνυίι
2400 5412 2793 5485 δυστατοῦντας
2822 5423 2904 5497 vc_l
2932 5413 3335 5497 ἐνστατοῦντας.
3370 5412 3479 5497 Ad-

1900 5482 2469 5561 liii“'t§iﬁeii”in“hoia
2515 5498 2674 5552 aliam
2726 5482 2829 5549 ms.
2868 5490 3000 5559 Reg.
3039 5487 3347 5549 lectionem,
3390 5482 3480 5536 εὐο

1903 5575 2034 5629 σταθ
2044 5573 2294 5644 μοῦντας.

1973 5624 2198 5716 (“SiiEx
2225 5624 2407 5697 ﬁoctr.
2435 5639 2502 5695 ad
2529 5634 2794 5701 Antioch.,
2823 5645 2973 5686 num.
3006 5627 3058 5695 6,
3088 5641 3211 5697 pag.
3243 5624 3373 5679 254.
