4002 6308
606 337 737 393 927.
2065 338 2121 395 S.
2161 341 2173 396 Ι

2279 343 2421 398 {ME
3750 345 3857 399 9%

604 429 911 487 custodires
940 429 1123 497 ﬁdem,
1155 438 1208 487 et
1240 431 1514 499 timorem,
1555 441 1611 489 et
1635 432 2013 505 pmnitentiam
2033 434 2168 500 (88).

2279 438 2517 513 φυλάξῃς
2548 439 2650 512 τὴν
2691 438 2875 495 πίστιν
2899 441 2992 495 καὶ
3020 439 3114 494 τὸν
3140 437 3324 508 φόϐον,
3355 436 3451 492 καὶ
3481 437 3853 507 ἔγκρατεύσῃ.

603 524 803 590 Etiam,
850 524 1108 595 inquam,
1156 525 1396 580 domine.
1436 524 1502 581 Et
1535 526 1713 583 dixit:
1743 525 1849 581 Sed
1888 542 2032 583 nunc
2072 525 2166 582 tibi

2287 531 2640 603 Ἀπεκρίθην’
2674 532 2800 595 Ναὶ,
2831 531 2985 604 κύριε
3008 570 3023 596 ,
3056 530 3226 594 οὓτως
3261 529 3426 584 ἐστίν.
3471 526 3661 598 Λέγειο
3714 528 3855 581 Α).λά

602 618 729 673 volo
770 624 1078 671 monstrare
1131 617 1357 673 virtutes
1401 620 1594 673 horum
1639 621 2060 685 mandatorum,
2115 626 2173 673 ut

2279 622 2364 677 νῦν
2402 622 2538 677 θέλω
2574 639 2654 677 σοι
2689 623 2922 694 δηλῶσαι
2969 624 3064 678 καὶ
3096 622 3195 688 τὰς
3240 623 3497 694 δυνάμεις
3528 620 3745 685 αὐτῶν,
3774 621 3854 673 ἴνα

603 710 747 765 scias
765 708 990 765 effectus
1015 710 1253 773 illorum,
1278 712 1555 780 quomodo
1573 712 1685 782 (89)
1711 714 1826 782 ipsa
1848 712 2024 783 posita
2049 718 2173 767 sunt

2279 714 2469 788 νόησῃς
2500 715 2597 787 τὴν
2629 716 2853 788 δύναμιν
2893 710 2958 787 ἣν
2992 715 3173 786 έχουσι
3206 714 3298 769 καὶ
3341 714 3651 785 ἐνέργειαν·
3679 711 3855 766 διπλαῖ

600 802 668 858 ad
690 802 899 873 justum
924 802 1130 873 pariter
1157 812 1212 857 et
1242 802 1526 873 injustum.
1559 804 1638 858 Tu
1680 805 1863 875 itaque
1891 804 2049 860 crede
2085 802 2173 873 ju-

2279 806 2382 878 γάρ
2415 807 2567 859 εἰσιν·
2598 810 2799 861 κεῖνται
2832 806 2940 879 γὰρ
2971 807 3064 860 ἐπὶ
3093 806 3284 879 δικαίῳ
3316 807 3411 861 καὶ
3443 806 3640 876 ἀδίκῳ.
3670 805 3743 858 Σὺ
3767 800 3853 857 οὖν

601 902 724 963 sto;
779 893 986 963 injuste
1034 903 1215 950 autem
1268 896 1397 949 nihil
1434 897 1613 953 crede.
1654 896 1875 954 Iustitia
1898 896 2043 952 enim
2093 910 2173 950 re-

2279 897 2496 951 πίστευε
2529 898 2607 971 τῷ
2637 899 2847 971 δικαίῳ,
2872 899 2950 971 τῷ
2972 900 3027 952 δὲ
3053 898 3220 970 ἀδίκῳ
3247 900 3412 971 μηδὲν
3440 896 3765 971 πιστεύσῃς.
3788 899 3855 952 Τδ

600 994 744 1040 ctam
776 986 919 1042 viam
962 988 1157 1053 habet;
1188 994 1241 1041 at
1270 986 1537 1056 injustitia
1572 1005 1815 1060 pravam.
1863 987 1965 1043 Sed
2006 995 2064 1042 tu
2097 1000 2173 1041 re-

2279 990 2384 1063 γάρ
2416 989 2618 1044 δίκαιον
2649 990 2813 1063 ὀρθὴν
2855 991 2971 1045 ὁδὸν
3004 990 3138 1061 ἔχει,
3170 990 3233 1044 τὸ
3264 991 3321 1046 δὲ
3356 990 3542 1045 ἄδικον
3574 990 3849 1060 στρεϐλήν.

601 1083 745 1129 ctam
774 1076 919 1131 viam
946 1077 1179 1141 custodi,
1210 1092 1435 1145 pravam
1471 1088 1651 1135 autem
1694 1080 1960 1150 relinque.
2009 1077 2183 1133 Prava

601 1177 787 1221 autem
814 1168 899 1223 via
926 1185 1035 1224 non
1068 1169 1231 1225 habet
1255 1171 1460 1226 exitum
1493 1174 1718 1237 bonum,
1742 1173 1835 1228 sed
1867 1168 2191 1227 offendicula
2227 1167 2431 1232 multa;
2469 1181 2663 1235 aspera
2693 1174 2795 1230 est,
2830 1173 2885 1220 et
2919 1166 3164 1236 spinosa,
3189 1174 3244 1220 et
3265 1164 3417 1219 ducit
3451 1164 3522 1219 ad
3550 1162 3848 1230 interitum,

600 1272 655 1319 et
684 1266 849 1319 noxia
878 1274 965 1321 est
997 1266 1312 1323 hominibus
1344 1265 1750 1321 ambulantibus
1780 1265 1834 1318 in
1882 1264 1991 1317 illa.
2039 1260 2144 1327 Qui
2186 1268 2368 1313 autem
2399 1258 2542 1311 viam
2587 1266 2789 1312 rectam
2840 1267 3047 1328 petunt,
3094 1258 3375 1327 aequaliter
3421 1255 3725 1311 ambulant
3750 1257 3849 1312 sine

592 1356 941 1426 oii‘ensione;
978 1358 1106 1428 quia
1142 1373 1251 1413 non
1288 1365 1372 1413 est
1410 1372 1601 1426 aspera
1622 1397 1637 1423 ,
1666 1371 1841 1425 neque
1870 1354 2112 1424 spinosa.
2144 1349 2309 1405 Vides
2339 1349 2522 1418 igitur,
2563 1348 2944 1424 quod_melius
2972 1358 3055 1404 est
3083 1337 3188 1419 'per
3213 1348 3355 1404 hanc
3388 1348 3539 1404 viam
3584 1349 3849 1403 incedere.

601 1443 709 1509 Ibis
729 1448 897 1515 enim,
924 1448 1134 1520 inquit;
1168 1457 1223 1505 et
1252 1450 1565 1521 quicunque
1595 1465 1662 1505 ex
1696 1458 1810 1507 toto
1834 1448 2000 1505 corde
2027 1444 2356 1503 crediderint
2384 1444 2440 1499 in
2472 1442 2725 1511 Domino,
2752 1445 2907 1502 ibunt
2939 1462 3032 1517 per
3056 1445 3222 1501 illam.

2066 1552 2297 1611 CAPUT
2333 1551 2397 1609 ll.

670 1652 811 1708 Audi
843 1666 1007 1717 nunc,
1047 1650 1242 1722 inquit,
1268 1649 1507 1721 primum
1532 1646 1597 1701 de
1642 1647 1763 1703 ﬁde.
1792 1645 1910 1705 Duo
1937 1652 2065 1702 sunt
2087 1659 2174 1723 ge-
2202 1650 2247 1708 Β

599 1745 677 1801 nii
710 1746 820 1817 (91)
848 1760 971 1799 cum
1007 1745 1260 1811 homine;
1293 1758 1436 1799 unus
1470 1744 1760 1813 aequitatis,
1805 1751 1858 1797 et
1890 1756 2029 1797 unus
2058 1739 2165 1795 ini-

600 1837 846 1907 quitatis.
873 1835 940 1889 Et
975 1849 1075 1904 ego
1099 1833 1211 1888 dixi
1244 1834 1355 1891 illi:
1379 1834 1499 1900 Quo
1521 1833 1703 1898 modo,
1743 1833 1983 1899 domine,
2030 1830 2171 1886 scire

598 1937 808 1997 potero,
840 1928 983 1996 quod
1030 1927 1138 1981 duo
1183 1934 1311 1981 sunt
1354 1925 1499 1996 genii
1533 1941 1659 1981 cum
1710 1923 1973 1978 homine?
1994 1921 2171 1988 Audi,

600 2020 798 2089 inquit,
838 2028 892 2074 et
927 2019 1187 2090 intellige.
1231 2018 1535 2087 Equitatis
1561 2018 1753 2088 genius
1782 2018 1919 2073 lenis
1944 2016 2055 2087 (95)
2087 2023 2172 2071 est

596 2120 653 2167 et
676 2111 1039 2178 verecundus,
1069 2120 1390 2167 mansuetus
1411 2120 1466 2166 et
1488 2113 1705 2181 quietus
1723 2110 1859 2181 (9L).
1885 2108 2021 2164 Cum
2040 2122 2170 2179 ergo

600 2204 654 2259 in
687 2218 783 2259 cor
803 2214 955 2258 tuum
984 2202 1309 2268 ascenderit,
1339 2204 1598 2257 continuo
1624 2201 1864 2272 loquitur
1893 2208 2068 2255 tecum
2103 2199 2172 2254 de

594 2295 833 2366 justitia,
869 2295 937 2351 de
974 2296 1255 2365 pudicitia,
1278 2295 1366 2351 ‘de
1405 2296 1677 2361 castitate,
1707 2294 1779 2350 de
1815 2293 2169 2363 benignitate,

594 2386 664 2441 de
687 2387 840 2441 venia
868 2388 1003 2457 (95),
1038 2388 1104 2441 de
1127 2387 1393 2443 charitate
1421 2394 1474 2441 et
1494 2387 1561 2442 de
1593 2387 1809 2456 pietate.
1840 2385 1964 2441 Haec
1987 2384 2173 2441 omnia

598 2492 723 2532 cum
764 2477 1112 2532 ascenderint
1156 2478 1213 2532 in
1248 2493 1344 2533 cor
1387 2486 1563 2545 tuum,
1616 2479 1755 2534 scito
1790 2478 1936 2547 quod
1982 2477 2175 2548 genius

597 2568 871 2638 aequitatis
897 2577 1072 2623 tecum
1098 2577 1214 2624 est:
1250 2569 1376 2625 huic
1403 2584 1532 2640 ergo
1555 2570 1710 2640 genio
1733 2570 1892 2624 crede
1919 2577 1971 2623 et
1997 2569 2173 2639 operi-

600 2660 703 2715 bus
749 2658 889 2729 ejus.
926 2660 1125 2731 Accipe
1159 2676 1307 2716 nunc
1348 2670 1401 2715 et
1448 2662 1591 2731 genii
1638 2661 1940 2732 iniquitatis
1984 2676 2170 2731 opera.

598 2750 844 2806 Primum
865 2767 1107 2819 amarus,
1136 2752 1434 2809 iracundus
1459 2763 1512 2808 et
1538 2753 1767 2813 stolidus
1788 2763 1873 2809 est
1892 2794 1908 2819 ,
1933 2762 1987 2809 et
2008 2769 2174 2823 opera

599 2844 746 2899 illius
777 2844 1079 2915 perniciosa
1118 2853 1268 2911 sunt,
1311 2854 1364 2900 et
1390 2853 1643 2901 evertunt
1673 2860 1861 2901 servos
1887 2846 2002 2901 Dei.
2033 2846 2170 2902 Cum

597 2949 730 3005 ergo
768 2935 823 2989 in
852 2950 949 2991 cor
984 2946 1139 2991 tuum
1183 2936 1529 2991 ascenderint
1582 2936 1737 3002 haec,
1790 2937 2057 3007 intelliges
2103 2938 2172 2992 ab

599 3025 855 3097 operibus
884 3023 1022 3093 ejus,
1050 3027 1193 3081 hunc
1219 3040 1341 3081 esse
1363 3026 1581 3096 genium
1610 3024 1917 3095 iniquitatis
1948 3025 2082 3095 (96).
2107 3024 2173 3081 Et

598 3119 712 3175 dixi
736 3118 785 3174 ei
813 3137 827 3175 :
857 3116 977 3184 Quo
1018 3119 1210 3185 modo,
1243 3117 1484 3183 domine,
1522 3117 1859 3189 intelligam?
1884 3118 2047 3184 Audi,
2090 3117 2174 3175 in-

595 3212 739 3281 quit,
777 3220 831 3266 et
859 3210 1117 3280 intellige.
1147 3210 1285 3267 Cum
1314 3210 1595 3266 iracundia
1622 3211 1720 3267 tibi
1750 3212 2043 3267 accesserit
2077 3218 2175 3268 aut

599 3302 928 3370 amaritudo,
960 3302 1196 3373 intellige
1223 3318 1346 3357 eum
1380 3302 1434 3358 in
1464 3311 1516 3359 te
1540 3319 1662 3359 esse
1689 3302 1831 3376 (97):
1855 3304 2050 3359 deinde
2073 3319 2173 3360 cu-

601 3394 798 3465 piditas
826 3394 1121 3448 multorum
1154 3409 1379 3464 operum
1412 3395 1524 3466 (98)
1557 3403 1610 3450 et
1642 3394 1973 3465 optimorum
2021 3395 2173 3451 cibo-

602 3500 726 3542 rum
757 3495 811 3541 et
842 3486 1164 3541 ebrietatum
1196 3487 1338 3557 (99),
1368 3495 1420 3541 et
1449 3488 1754 3557 appetentia
1797 3486 1944 3558 (100)
1976 3488 2177 3543 multa-

601 3594 726 3635 rum
755 3594 937 3633 rerum
968 3579 1294 3647 alienarum,
1325 3587 1381 3635 ct
1408 3580 1692 3649 superbia,
1724 3591 1778 3635 et
1808 3581 2173 3651 multiloquia,

602 3680 657 3727 et
687 3671 911 3727 ambitio
938 3671 1038 3741 (il),
1084 3682 1140 3727 et
1169 3688 1509 3743 quaecunque
1540 3674 1605 3728 iis
1632 3673 1834 3728 similia
1858 3672 2020 3730 sunt.
2049 3674 2176 3731 Haec

486 3834 493 3843 Ο
601 3779 733 3835 ergo
756 3779 879 3820 cum
903 3766 956 3818 in
977 3779 1074 3819 cor
1097 3771 1249 3819 tuum
1280 3765 1625 3819 ascenderint
1644 3805 1659 3830 ,
1688 3765 1926 3836 intelligo
1954 3767 2172 3837 genium

602 3853 910 3924 iniquitatis
952 3862 1131 3909 tecum
1174 3870 1317 3909 esse.
1362 3853 1441 3908 Tu
1492 3870 1621 3926 ergo
1671 3870 1797 3911 cum
1845 3858 2169 3926 cognoveris

603 3966 769 4021 opera
813 3949 996 4017 illius,
1042 3951 1233 4005 recede
1280 3950 1349 4005 ab
1391 3951 1497 4006 illis
1526 3950 1801 4018 omnibus,
1833 3960 1887 4006 et
1920 3951 2058 4007 nihil
2089 3953 2167 4008 illi

603 4041 794 4106 crede;
838 4040 966 4111 quia
1011 4041 1154 4094 mala
1184 4048 1313 4095 sunt
1344 4056 1507 4110 opera
1536 4041 1701 4105 illius,
1748 4052 1801 4097 et
1838 4058 1947 4098 non
1970 4059 2168 4099 conve-

602 4132 761 4187 niunt
780 4146 936 4187 servo
961 4130 1076 4186 Dei.
1119 4129 1297 4186 Habes
1331 4146 1462 4203 ergo
1497 4142 1852 4203 utrorumque
1882 4133 2166 4203 geniorum

602 4236 764 4292 opera
794 4220 892 4293 (2).
919 4219 1158 4293 Intelligo
1190 4238 1335 4277 nunc
1355 4264 1371 4290 ,
1401 4231 1455 4278 et
1484 4223 1645 4278 crede
1683 4224 1842 4295 genio
1871 4225 2166 4295 aequitatis,

2344 1641 2453 1714 (90)
2487 1642 2591 1696 Δύο
2621 1643 2756 1697 εἰσὶν
2780 1642 2999 1713 ἄγγελοι
3024 1642 3162 1717 μετά
3182 1644 3275 1698 τοῦ
3301 1643 3624 1717 ἀνθρώπου,
3662 1638 3746 1707 εἷς
3764 1643 3852 1714 τῆς

2270 1732 2635 1806 δικαιοσύνης,
2679 1736 2769 1791 καὶ
2813 1731 2896 1799 εἷς
2934 1737 3036 1807 τῆς
3084 1737 3367 1808 πονηρίας.
3413 1736 3526 1789 Καὶ
3565 1736 3595 1789 δ
3634 1735 3739 1806 μὲν
3767 1735 3852 1805 τῆς

2270 1827 2613 1900 δικαιοσύνης
2647 1828 2894 1899 ἄγγελος,
2927 1830 3195 1903 τρυφερός
3227 1833 3344 1885 ἐστι
3375 1831 3468 1885 καὶ
3499 1832 3853 1903 αἰσχυντηρῦς

2271 1922 2363 1974 καὶ
2396 1923 2571 1992 πρᾶος
2617 1922 2711 1975 καὶ
2760 1922 3000 1995 ἰσχυρός.
3054 1924 3221 1978 Ὅταν
3255 1919 3348 1978 οὖν
3392 1922 3570 1986 οὕτως
3626 1923 3743 1995 (92)
3776 1926 3853 1977 ἐπὶ

2268 2010 2367 2083 τὴν
2399 2012 2621 2085 καρδίαν
2656 2030 2749 2066 σου
2783 2014 2956 2085 ἀναϐῇ
2976 2053 2992 2078 ,
3026 2014 3223 2079 εὐθέως
3263 2013 3414 2067 λαλεῖ
3438 2013 3582 2085 μετά
3604 2013 3709 2067 σοῦ
3746 2016 3855 2083 περὶ

2267 2105 2629 2178 δικαιοσύνης,
2666 2108 2793 2181 περὶ
2825 2109 3064 2177 ἁγνείας,
3100 2110 3228 2181 περὶ
3258 2108 3615 2182 σεμνότητος,
3648 2109 3748 2162 καὶ
3774 2126 3855 2162 πει

2273 2200 2325 2270 ρί
2350 2200 2710 2271 αὐταρκείας,
2755 2200 2849 2254 καὶ
2881 2202 3012 2272 περὶ
3056 2200 3254 2265 παντὸς
3286 2200 3449 2273 έργου
3479 2200 3741 2267 δικαίου,
3773 2193 3856 2255 καὶ

2270 2292 2398 2363 περὶ
2430 2292 2610 2362 πάσης
2655 2294 2854 2366 ἀρετῆς
2888 2294 3120 2360 ἐνδόξου.
3160 2292 3344 2348 Ταῦτα
3389 2293 3573 2348 πάντα
3602 2294 3739 2347 ὅταν
3786 2294 3856 2356 είς

2269 2385 2366 2459 τὴν
2400 2387 2623 2460 καρδίαν
2656 2405 2747 2442 σου
2781 2388 2978 2461 ἀναϐῇ,
3012 2389 3247 2457 γίνωσκε
3278 2393 3371 2447 ’ὅτι
3421 2390 3451 2443 ὁ
3495 2389 3739 2457 ἄγγελος
3768 2392 3855 2460 τῆς

2269 2479 2612 2554 δικαιοσύνης
2659 2482 2795 2554 μετά
2829 2482 2921 2537 σοῦ
2956 2484 3124 2538 ἐστιν’
3168 2482 3343 2555 τούτῳ
3374 2478 3467 2538 οὖν
3508 2485 3745 2537 πίστευε
3774 2485 3855 2536 καὶ

2270 2577 2383 2640 τοῖς
2416 2576 2595 2647 ἔργοις
2626 2575 2788 2630 αὑτοῦ
2809 2616 2824 2642 ,
2859 2578 2954 2630 καὶ
2984 2578 3259 2649 ἐγκρατὴς
3300 2576 3466 2631 αὐτοῦ
3498 2576 3690 2646 γενοῦ.
3730 2578 3855 2647 Ὅρα

2272 2666 2363 2725 οὖν
2396 2671 2487 2724 καὶ
2519 2668 2613 2723 τοῦ
2646 2669 2877 2739 ἀγγέλου
2910 2670 3009 2741 τῆς
3041 2670 3306 2744 πονηρίας
3339 2667 3410 2722 τὰ
3442 2669 3601 2741 ἔργα.
3638 2668 3859 2741 Πρῶτον

2274 2763 2490 2817 πάντων
2521 2761 2772 2833 ὀξύχολός
2793 2764 2912 2816 ἐστι
2944 2763 3039 2816 καὶ
3069 2761 3265 2834 πικρὸς
3284 2761 3381 2815 καὶ
3400 2761 3594 2832 ἀφρων
3613 2804 3630 2828 ,
3671 2762 3768 2814 καὶ
3798 2761 3860 2814 τὰ

2274 2854 2412 2927 ἔργα
2440 2853 2602 2909 αὐτοῦ
2636 2854 2865 2927 πονηρὰ,
2900 2854 3341 2927 καταστρέφοντα
3370 2855 3495 2917 τοὺς
3520 2853 3750 2919 δούλους
3771 2852 3859 2907 τοῦ

2275 2945 2432 3001 Θεοῦ.
2470 2949 2635 3001 Ὂταν
2661 2947 2822 3011 αὐτὸς
2853 2948 2944 3002 ἐπὶ
2964 2948 3064 3020 τὴν
3097 2947 3324 3020 καρδίαν
3357 2964 3451 3001 σου
3482 2945 3692 3019 ἀναϐῇ,
3726 2946 3862 3016 γνῶ-

2274 3038 2328 3095 θι
2359 3038 2519 3094 αὐτὸν
2552 3040 2776 3095 ἐπὶτῶν
2801 3040 2978 3113 ἔργων
2999 3039 3284 3095 αὑτοῦ.....
3316 3041 3442 3106 Πῶς
3472 3041 3656 3112 Κύριε
3689 3039 3861 3110 νοήσω

2269 3131 2464 3198 αύτόν;
2498 3131 2684 3201 Λέγει·
2714 3133 2879 3187 ἀκουε
2903 3131 3255 3204 λεπτομερῶς
3294 3132 3387 3187 καὶ
3413 3129 3745 3205 [προσεχὴς]
3778 3131 3859 3199 γί-

2268 3240 2382 3280 νουο
2420 3225 2585 3279 Ὅταν
2609 3222 2859 3295 ὀξυχολία
2891 3223 2973 3277 σοί
3014 3241 3101 3288 τις
3132 3222 3434 3296 προσέλθῃ,
3462 3223 3495 3294 ἢ
3530 3223 3749 3295 πικρία,
3782 3223 3860 3291 Ti-

2269 3337 2445 3376 νωσκε
2490 3320 2575 3374 ὅτι
2604 3318 2767 3382 αὐτός
2799 3318 2945 3371 ἐστιν
2977 3315 3036 3371 ἑν
3070 3315 3171 3369 σοί·
3209 3310 3329 3369 εἷτα
3358 3314 3547 3368 λοιπδν
3572 3314 3861 3385 ἐπιθυμίαι

2271 3413 2522 3482 πράξεων
2569 3408 2810 3474 πολλῶν,
2864 3408 2962 3462 καὶ
3024 3403 3342 3460 πολυτέλεια
3396 3404 3723 3475 ἐδεσμάτων
3774 3405 3859 3459 καὶ

2272 3504 2590 3578 κραιπαλῶν
2642 3502 2875 3567 πολλῶν,
2924 3500 3017 3555 καὶ
3068 3498 3328 3553 ποικίλων
3369 3498 3610 3571 τροφῶν,
3663 3498 3761 3551 καὶ
3800 3499 3859 3552 οὔ

2270 3599 2532 3664 δεόντων,
2574 3597 2667 3651 καὶ
2713 3594 2996 3665 ἐπιθυμίαι
3039 3590 3347 3660 γυναικῶν,
3386 3589 3478 3644 καὶ
3512 3589 3855 3657 πλεονεξίαι,

2272 3688 2615 3763 ὑπερηφανία
2645 3704 2704 3741 τε
2736 3686 2829 3741 καὶ
2852 3684 3153 3752 ἀλαζονεία,
3188 3684 3281 3738 καὶ
3304 3683 3402 3737 ὅσα
3434 3681 3651 3746 τούτοις
3687 3699 3857 3753 παρα-

2272 3782 2494 3854 πλήσια.
2528 3779 2712 3834 Ταῦτα
2740 3773 2832 3833 οὖν
2867 3779 2995 3833 ὃταν
3030 3776 3127 3832 ἐπὶ
3148 3776 3247 3849 τὴν
3280 3774 3503 3847 καρδίαν
3535 3791 3632 3828 σου
3664 3774 3853 3844 ἀναϐῇ,

2272 3875 2504 3945 γίνωσκε
2524 3914 2538 3940 ,
2572 3874 2653 3928 ὅτι
2674 3871 2913 3941 ἄγγελος
2941 3870 3044 3942 τῆς
3076 3869 3339 3942 πονηρίας
3371 3869 3516 3922 ἐστὶν
3550 3869 3611 3921 ὲν
3648 3869 3755 3923 σοί.
3786 3868 3857 3921 Σὺ

2272 3964 2364 4024 οὖν
2397 3966 2649 4037 ἐπιγνοὺς
2668 3964 2739 4019 τὰ
2769 3963 2906 4037 έργα
2936 3962 3122 4030 αὑτοῦ,
3155 3963 3365 4017 ἀπόστα
3394 3961 3487 4015 ἀπ’
3519 3960 3694 4015 αὐτοῦ
3716 4001 3730 4025 ,
3769 3961 3854 4015 καὶ

2276 4064 2442 4137 μηδὲν
2470 4060 2615 4132 αὐτῷ
2646 4058 2884 4113 πίστευε.
2922 4060 3107 4129 Ἔχεις
3135 4052 3228 4112 οὖν
3259 4057 3584 4129 ἀμφοτέρων
3615 4057 3731 4111 τῶν
3758 4058 3861 4125 ἀγς

2273 4154 2444 4225 γέλων
2474 4150 2573 4216 τὰς
2605 4148 2884 4222 ἐνεργείας
2908 4148 3007 4221 (5).

1692 4334 1925 4390 VARle
1964 4334 2343 4393 LECTIONES
2376 4337 2462 4392 ET
2500 4334 2728 4393 ΝΟΤᾸΞ.

675 4423 787 4495 (88)
817 4424 946 4495 Leg.
972 4426 1156 4494 potius
1194 4425 1568 4479 continentiam
1595 4425 1678 4479 vel
1707 4425 2077 4479 abstinentiam
2105 4444 2173 4483 ex
2203 4433 2248 4488 D
2276 4418 2750 4495 vetusiinterpres.

605 4495 791 4549 mand.
822 4496 872 4559 1,
903 4505 957 4549 et
977 4512 1039 4550 ex
1073 4497 1276 4551 Grmcis
1312 4496 1848 4563 psemlo-Athauasii.
1879 4496 1968 4553 Sic
1992 4498 2169 4554 visum

606 4563 894 4636 Fabricio:
926 4566 1004 4619 sic
1027 4575 1079 4620 et
1108 4566 1296 4620 Wakio
1333 4566 1474 4636 apud
1508 4565 1838 4621 Russelium.

821 4632 1012 4705 Lamb.
1037 4640 1303 4705 quoniam.

678 4700 790 4772 (90)
821 4702 927 4759 Ista
965 4700 1533 4774 pseudo-Athanasius
1570 4706 1830 4761 continuo
1876 4706 2058 4762 subdit
2105 4708 2172 4767 iis

607 4788 729 4847 qua:
759 4774 922 4847 modo
968 4791 1041 4847 ex_
1074 4776 1534 4847 ipso__retulimus,
1582 4791 1611 4829 a
1655 4776 1878 4847 reliquis
1932 4777 2171 4834 Pastoris

607 4843 912 4898 editoribus
937 4843 1162 4899 omissa.
1194 4845 1316 4897 Hzec
1347 4847 1473 4900 item
1505 4847 1694 4901 recitat
1723 4843 2023 4903 Antiochus
2068 4850 2171 4903 ho-

604 4913 728 4971 niil.
766 4911 854 4967 61.
901 4912 1147 4968 Laudant
1178 4924 1359 4969 autem
1402 4916 1546 4970 hunc
1593 4915 1802 4971 Hermte
1830 4917 2006 4973 locum
2051 4918 2172 4974 Ori-

608 4983 991 5056 genes‘ho‘mil.
1023 4984 1112 5050 35,
1141 4986 1194 5038 in
1219 4983 1439 5049 Lucam,
1470 4994 1523 5039 et
1549 4985 1624 5039 De
1651 4988 1947 5056 principiis,
1973 4989 2166 5054 lib.ui,

607 5053 728 5122 cap.
759 5053 1140 5125 2.‘Cassiaﬁnus
1169 5056 1362 5109 Collat.
1398 5073 1528 5118 vni,
1570 5053 1693 5125 cap.
1737 5053 1836 5124 17,
1883 5069 1936 5113 et
1976 5053 2169 5114 Collat.

608 5140 732 5188 ιιιιι,
756 5139 877 5194 cap.
909 5125 994 5179 12.
1022 5124 1266 5196 Prosch
1291 5135 1459 5179 contr.
1495 5124 1722 5191 Colla’t.,
1749 5144 1866 5196 cap.
1904 5129 1992 5184 50.
2035 5130 2171 5185 Beda

609 5195 678 5248 ad
717 5193 839 5249 Act.
867 5211 967 5262 xu,
1003 5195 1089 5260 15,
1120 5206 1171 5250 ct
1200 5193 1531 5253 Walal‘ridus
1559 5197 1776 5263 Strabo,
1804 5193 1856 5252 θ.
1890 5200 2014 5255 675.
2041 5199 2174 5255 Vide

608 5264 865 5319 Veterum
896 5267 1098 5321 testim.

681 5336 794 5405 (91)
819 5335 949 5392 Mss.
975 5334 1361 5403 Carm.,Vict.,
1376 5335 1563 5393 Lamb.
1598 5346 1651 5391 et
1672 5335 1873 5405 Fellus,
1903 5339 2095 5406 nuntii,
2121 5348 2172 5394 et

610 5407 691 5465 sic
713 5406 989 5477 deinceps.

704 5477 793 5545 92)
829 5475 955 5548 [.eg.
984 5475 1159 5548 οὗτος,
1190 5486 1247 5531 ιιι
1283 5478 1443 5532 habet
1468 5477 1807 5548 Antiochus.
1890 5500 1893 5501 ν

704 5548 794 5615 95)
832 5546 983 5602 Bodl.
1012 5556 1065 5602 et
1094 5546 1280 5601 Lamb.
1306 5558 1449 5601 tener
1476 5564 1572 5616 pro
1594 5548 1745 5601 lenis.
1770 5547 1910 5603 Editi
1936 5557 2078 5602 tener
2097 5556 2174 5602 est

610 5628 665 5740 gl.
686 5606 854 5740 ιονιξεὲ
868 5618 1203 5740 Allterutruni
1243 5606 1529 5674 redundat.
1563 5618 1748 5689 Neque
1785 5620 1940 5675 aliter
1963 5619 2170 5675 Grmea.

657 5703 704 5740 lC
733 5704 760 5740 e
856 5704 886 5740 e
932 5703 1015 5740 us.

614 5688 704 5741 Sic
733 5696 787 5741 et
814 5688 1015 5743 Fellus.

683 5757 795 5825 (91)
827 5757 1011 5813 Graeca
1049 5743 1281 5833 ίσχυρός.
1314 5760 1608 5819 Antiochus
1638 5770 1813 5817 tamen
1844 5761 2077 5833 ἡσύχως,
2116 5769 2173 5815 ιιι

2348 4498 2460 4568 (95)
2489 4494 2680 4568 Lamb.
2717 4503 2770 4568 et
2799 4494 2950 4568 Bodl.
2984 4494 3329 4568 indulgentia.

2346 4564 2458 4638 (96)
2489 4566 2679 4638 Lamb.
2720 4564 2984 4638 intelliges,
3010 4564 3229 4638 eunt'ab
3262 4564 3510 4638 operibus
3533 4564 3702 4638 _eju§_,_
3734 4567 3854 4635 quia

2275 4633 2361 4693 hic
2379 4633 2454 4693 est
2476 4637 2694 4692 nuntius
2715 4633 3033 4705 iniquitatis.
3067 4634 3158 4691 Sic
3180 4645 3233 4691 et
3261 4634 3393 4690 Felli
3415 4635 3607 4688 editio.
3639 4633 3851 4691 Videsis

2276 4709 2485 4765 Graeca.

2344 4779 2459 4851 (97)
2489 4777 2682 4851 bamb.
2711 4777 2835 4847 quia
2861 4776 2971 4851 ipse
2995 4778 3045 4830 in
3078 4786 3125 4831 te
3153 4785 3249 4831 est.
3280 4774 3357 4830 ita
3392 4784 3445 4830 et
3474 4775 3649 4851 editio
3669 4776 3845 4832 Oxon.

2369 4848 2460 4915 98)
2485 4847 2583 4903 Ms.
2612 4847 2794 4902 Carm.
2820 4848 3111 4901 multarum
3134 4864 3311 4915 opum.
3640 4848 3643 4853 ’

2369 4860 2438 4903 98
2485 4860 2583 4903 Ms.
2612 4860 2794 4902 uarm.
2820 4860 3111 4901 multarum
3134 4864 3269 4915 opun

2347 4860 2460 4989 (99;
2491 4917 2733 4989 B_odl.et
2758 4916 2947 4989 Lamb.
2974 4918 3269 4989 ebrietates.

2347 4987 2493 5061 (100)
2520 4987 2710 5061 Lamb.
2745 4988 3087 5061 desiderium.
3112 4988 3201 5043 Sic
3233 4988 3402 5061 etiam
3440 4987 3628 5043 Fellus
3662 4988 3848 5061 in_sua

2273 5057 2402 5116 edit.
2432 5058 2584 5125 Quod
2616 5067 2796 5113 autem
2826 5059 3094 5127 sequitur,
3134 5057 3423 5112 multarum
3468 5074 3668 5123 rerum,
3698 5058 3847 5112 Grae-

2274 5148 2339 5186 ca
2368 5140 2481 5184 tum
2511 5129 2634 5195 hic,
2668 5137 2780 5183 tum
2819 5145 2945 5183 mox
2978 5128 3118 5198 apud
3147 5130 3509 5192 Antiochum,
3559 5128 3845 5197 legendum

2275 5202 2540 5267 suadent,
2581 5208 2836 5255 monente
2879 5199 2961 5254 Cl.
3010 5198 3315 5267 Cotelerio,
3357 5200 3643 5253 mulierum
3672 5208 3725 5251 et
3770 5214 3853 5251 rc—

2273 5287 2411 5324 rum.

2346 5340 2423 5409 (1)
2459 5340 2650 5394 Lamb.
2683 5340 3052 5393 antbitiositas.

2345 5412 2423 5477 (2)
2450 5410 2638 5481 Lamb.
2671 5421 3008 5481 utrorumque
3031 5411 3270 5463 nuntium
3300 5426 3533 5481 operum.

2347 5480 2423 5549 (5)
2452 5480 2676 5550 Reliqua
2706 5480 2890 5535 Graeca
2926 5479 3052 5549 Quae
3094 5481 3179 5535 his
3208 5482 3392 5537 subdit
3420 5479 3742 5543 Fabricius,
3774 5494 3839 5532 ex

2273 5565 2447 5619 eoque
2475 5550 2721 5606 Clericus
2765 5560 2819 5606 et
2859 5551 3165 5617 Russelius,
3194 5566 3303 5605 non
3334 5559 3553 5605 suntex
3588 5551 3843 5604 Doctrina

2274 5622 2343 5691 ad
2386 5622 2699 5674 Antiochum
2757 5621 3085 5676 verbotcnus
3131 5622 3436 5691 descripta,
3496 5621 3590 5675 sed
3632 5636 3694 5673 ex
3734 5628 3836 5673 vet.

2261 5689 2475 5760 'interp.
2511 5692 2579 5746 ab
2612 5693 2731 5758 ipso
2762 5689 3349 5754 Fabricioeﬂ‘ormata.
3394 5690 3524 5756 Quae
3558 5699 3839 5759 propterea

2279 5761 2586 5832 reji-eimus,
2608 5762 2691 5821 CI.
2725 5761 3115 5821 Montfauconii
3139 5762 3463 5819 sententiam
3488 5761 3682 5817 secuti.
