4002 6308
287 299 401 351 Μ
430 322 436 331 .

1251 281 1540 345 PASTOR.
1578 321 1647 331 —-
1686 286 1813 342 LIB.
1854 284 1921 355 ll,
1956 276 2343 342 MANDATUM
2383 276 2491 340 Vll.

3437 283 3539 341 950

288 419 427 489 quia
450 413 700 470 doctrina
726 411 874 467 illius
895 410 1036 465 bona
1060 418 1164 466 est.
1201 409 1352 465 Licet
1379 409 1524 465 enim
1553 406 1625 463 sit
1653 404 2005 461 felicissimus
2027 402 2213 467 homo,
2242 410 2296 456 et
2321 400 2581 471 coqitatio
2611 400 2837 456 alterius
2873 402 3014 471 genii
3062 401 3323 458 ascendat
3358 400 3414 456 in
3442 416 3541 459 cor

288 514 482 578 illius;
523 517 734 579 Oportet
756 507 907 561 illum
943 505 1117 559 virum
1150 513 1245 560 aut
1271 503 1551 559 mulierem
1583 516 1828 573 peccare.
1865 498 1924 553 Si
1972 507 2151 553 autem
2187 498 2351 552 etiam
2392 497 2765 565 nequissimus
2794 498 2879 551 vir
2914 497 3079 553 fuerit
3108 509 3203 553 aut
3234 498 3455 562 mulier,
3483 509 3541 555 et

288 605 647 663 ascenderint
683 603 737 656 in
766 616 860 657 cor
900 600 1049 654 illius
1089 610 1255 664 opera
1296 593 1442 661 genii
1471 590 1745 661 aequitatis
1776 626 1792 652 ,
1837 602 2062 643 necesse
2093 596 2195 650 est,
2227 586 2380 640 illum
2412 594 2508 640 aut
2552 584 2700 641 illam
2730 586 2934 656 aliquid
2965 587 3094 642 boni
3128 587 3325 643 facere.
3375 586 3540 645 Vides

286 710 448 766 ergo,
477 694 622 762 quod
644 692 850 747 bonum
883 698 987 753 est,
1020 686 1239 756 genium
1265 683 1538 753 aequitatis
1567 682 1741 751 sequi.
1766 678 1825 734 Si
1854 693 1983 749 ergo
2010 678 2162 733 illum
2186 685 2407 734 secutus
2440 677 2646 745 fueris,
2678 687 2733 734 et
2756 680 3053 735 credideris
3085 682 3344 751 operibus
3370 681 3548 736 illius‘

289 785 446 838 vives
478 781 623 835 Deo:
658 788 713 836 et
744 780 838 850 qui
864 778 1194 834 crediderint
1216 777 1479 847 operibus
1508 776 1675 840 illius,
1708 775 1890 828 vivent
1918 771 2049 827 Deo.

1556 888 1884 951 Aunocnns,
1915 884 2137 939 homilia
2168 885 2256 941 61.

362 983 467 1037 Δύο
498 983 605 1055 γάρ
636 983 773 1038 εἰσιν
796 984 1011 1055 ἄγγελοι
1037 988 1173 1060 μετὰ
1203 985 1297 1042 τοῦ
1331 981 1635 1056 ἀνθρώπου’
1672 975 1752 1042 εἷς
1772 981 1871 1051 τῆς

2044 978 2163 1033 Duo
2192 982 2331 1034 enim
2366 990 2489 1035 sunt
2526 982 2699 1053 angeli
2743 999 2861 1036 cum
2886 982 3094 1037 homine
3116 998 3136 1037 .'
3157 1000 3291 1037 unus
3314 986 3540 1055 (equita-

282 1074 653 1146 δικαιοσύνης,
688 1070 764 1138 εἷς
790 1078 888 1148 τῆς
920 1080 1200 1150 πονηρίας.
1226 1078 1337 1131 Καὶ
1368 1078 1396 1128 6
1433 1075 1528 1147 μὲν
1548 1074 1647 1145 τῆς
1669 1070 1871 1125 δικαιο-

1970 1071 2077 1134 tis;
2117 1087 2250 1125 unus
2274 1071 2588 1142 iniquitatis.
2625 1072 2694 1125 Et
2740 1074 3005 1144 aequitatis
3051 1076 3260 1144 quidem
3299 1077 3539 1147 angelus,

286 1166 459 1238 σύνης
490 1166 737 1234 ἄγγελος,
774 1169 1150 1241 αἱσχυντηρὸς,
1181 1171 1272 1223 καὶ
1301 1167 1494 1240 πραῢς,
1531 1166 1620 1218 καὶ
1648 1161 1868 1235 ἡσύχιός

1966 1165 2281 1215 verecundus
2307 1174 2403 1227 est,
2438 1177 2740 1219 mansuetus
2809 1178 2857 1219 et
2890 1167 3115 1235 quietus.
3158 1168 3288 1222 Cum
3312 1186 3433 1240 ergo
3454 1171 3543 1225 hic

283 1259 457 1311 ἐστιν.
479 1259 645 1312 Ὅταν
673 1255 766 1313 οὖν
790 1256 938 1324 οὗτος
966 1264 1057 1315 ἐπὶ
1079 1264 1175 1333 τὴν
1202 1262 1425 1333 καρδίαν
1448 1258 1546 1312 τοῦ
1579 1254 1864 1327 ἀνθρώπου

284 1351 483 1420 ἀναϐῇ,
534 1350 737 1414 εὐθέως
779 1351 927 1405 λαλεῖ
963 1353 1077 1423 μετ’
1122 1352 1285 1407 αὑτοῦ
1318 1352 1445 1422 περὶ
1492 1344 1863 1417 δικαιοσύνης,

282 1442 421 1511 περὶ
451 1439 687 1508 ἁγνείας,
724 1442 850 1513 περ)⁵
888 1444 1229 1514 σεμνότητος,
1256 1442 1381 1513 περὶ
1408 1439 1750 1511 αὐταρκείας,
1778 1454 1867 1491 πε-

285 1529 348 1600 ρὶ
381 1526 579 1592 παντὸς
609 1530 770 1600 ἔργου
811 1532 1018 1585 δικαίου
1039 1573 1053 1597 ,
1088 1534 1216 1604 περ).
1254 1533 1433 1602 πάσης
1477 1524 1678 1602 ἀρετῆς
1717 1528 1863 1582 ἐνδό-

285 1618 407 1683 ξου.
431 1621 594 1673 Ὅταν
626 1616 717 1673 οὖν
740 1621 910 1675 ταῦτα
942 1624 1116 1677 πάντα
1150 1624 1241 1677 ἐπὶ
1271 1624 1369 1694 τὴν
1396 1622 1617 1693 καρδίαν
1650 1620 1745 1675 τοῦ
1771 1622 1865 1674 ἀνι

285 1710 507 1782 θρώπου
540 1712 732 1783 ἀναϐῇ,
760 1713 1008 1785 ἀρίδηλὸν
1033 1715 1201 1779 ἐστιν,
1234 1715 1316 1767 ὅτι
1349 1717 1378 1766 6
1398 1712 1625 1781 ἄγγελος
1652 1710 1752 1781 τῆς
1782 1710 1864 1764 διο

283 1804 579 1874 καιοσύνης
640 1807 759 1874 μετ’
824 1804 987 1858 αὑτοῦ
1040 1805 1176 1859 ἐστι.
1229 1806 1334 1859 Τοῦ
1388 1805 1445 1858 δὲ
1494 1803 1723 1873 ἀγγέλου
1765 1802 1863 1871 τῆς

284 1893 552 1965 πονηρίας
574 1894 643 1947 τὰ
675 1894 827 1965 ἔργω
859 1894 1078 1966 Πρῶτον
1102 1895 1317 1949 πάντων
1337 1894 1588 1965 ὀξύχολός
1614 1896 1751 1958 ἐστι,
1768 1892 1861 1947 καὶ

285 1984 483 2054 πικρὸς
501 2024 515 2046 ,
550 1983 645 2036 κα)⁸
671 1984 857 2055 άφρων
876 2023 890 2047 ,
926 1982 1019 2039 καὶ
1048 1984 1117 2038 τὰ
1140 1986 1276 2057 ἔργα
1307 1984 1469 2039 αὑτοῦ
1502 1983 1731 2056 πονηρά,
1759 2001 1861 2037 κατι

282 2074 656 2147 ταστρέφοντα
679 2077 804 2139 τοὺς
825 2076 1042 2140 δούλους
1072 2076 1164 2130 τοῦ
1197 2076 1352 2131 Θεοῦ.
1383 2079 1546 2131 Ὅταν
1587 2074 1679 2131 οὖν
1711 2069 1865 2139 οὗτος

282 2167 382 2220 ἐπὶ
420 2166 643 2239 καρδίαν
673 2152 958 2240 ἀνθρώπου
997 2169 1168 2241 ἀναϐῇ
1191 2210 1207 2233 ,
1239 2169 1320 2222 δεῖ
1346 2168 1545 2238 γνῶναι
1570 2168 1730 2223 αὑτὸν
1755 2161 1863 2222 ἀπὸ

284 2258 401 2313 τῶν
428 2258 601 2331 ἔργων
623 2258 806 2312 αὐτοῦ.
832 2261 994 2313 Ὅταν
1024 2259 1133 2331 γὰρ
1170 2260 1413 2331 ὀξυχολία
1436 2258 1520 2323 τίς
1550 2278 1654 2314 τινι
1694 2275 1863 2332 προσε·

290 2349 443 2423 ἔλθῃ,
477 2351 509 2421 ἢ
540 2348 744 2422 πικρία,
781 2350 1028 2422 φανερῶς
1054 2352 1083 2403 6
1111 2349 1348 2414 τοιοῦτος
1392 2350 1450 2403 ὲν
1478 2349 1557 2421 τῷ
1587 2348 1859 2421 ἀνθρώπῳ

288 2440 461 2493 ἐστίν⁸
484 2434 600 2493 εἶτα
628 2442 893 2513 ἐπιθυμία
916 2440 1164 2514 πράξεων
1184 2442 1411 2508 πολλῶν,
1432 2441 1523 2496 καὶ
1543 2441 1857 2497 πολυτέλεια

286 2530 596 2603 ἐδεσμάτων
630 2532 857 2600 πολλῶν,
884 2535 975 2588 καὶ
1005 2534 1259 2589 ποικίλων
1278 2534 1516 2607 τρυφῶν,
1549 2535 1641 2588 καὶ
1670 2535 1862 2589 ἐπιθυ-

291 2622 390 2692 μία
419 2624 689 2692 γυναικῶν
722 2628 813 2679 καὶ
845 2626 1190 2691 πλεονεξιῶν,
1218 2627 1311 2680 καὶ
1339 2627 1735 2698 ὑπερηφάνεια,
1770 2628 1863 2681 καὶ

288 2709 574 2775 ἀλαζονεία
594 2754 609 2778 ,
656 2716 750 2768 καὶ
799 2716 897 2768 ὅσα
945 2708 1153 2779 τούτοις
1197 2716 1314 2767 ἐστὶ
1373 2717 1725 2788 παραπλήσια
1769 2716 1863 2770 καὶ

289 2803 467 2873 ὅμοια.
517 2803 674 2857 Ἀλλὰ
703 2806 796 2859 καὶ
830 2806 885 2859 αἱ
916 2806 1145 2878 πονηραὶ
1188 2806 1511 2878 ἐνθυμήσεις
1559 2806 1724 2862 αὑτοῦ
1757 2811 1863 2865 είσι

288 2896 481 2949 πᾶσαι.
510 2898 841 2968 Προοχῶμεν
873 2894 964 2952 οὖν
994 2897 1236 2970 ἀκριϐῶς
1258 2899 1489 2961 ἑαυτοῖς,
1521 2900 1613 2952 καὶ
1638 2898 1715 2971 τῷ
1763 2901 1864 2969 ἀγ-

288 2984 433 3056 γέλῳ
475 2987 554 3059 τῷ
593 2982 811 3060 πονηρῷ
849 2988 1272 3060 ἁποταξώμεθα,
1312 2988 1390 3060 τῷ
1423 2989 1635 3062 ἀγγέλῳ
1658 2990 1760 3061 τῆς
1789 2991 1866 3044 δι-

288 3077 581 3150 καιοσύνης
614 3080 1081 3152 ἀκολουθήσωμεν.

1965 1253 2021 1306 in
2052 1270 2142 1307 cor
2170 1254 2392 1308 hominis
2416 1257 2728 1324 ascenderit,
2775 1260 3023 1312 Continuo
3068 1259 3303 1331 loquitur
3332 1278 3451 1315 cum
3478 1277 3543 1316 ea

1965 1348 2029 1402 de
2054 1349 2293 1417 justitia,
2327 1350 2389 1403 de
2416 1351 2695 1420 pudicitia,
2728 1352 2791 1404 de
2821 1352 3086 1419 castitate,
3112 1355 3176 1407 de
3203 1356 3540 1425 frugalitate,

1963 1439 2027 1493 de
2055 1441 2194 1493 omni
2218 1457 2367 1509 opere
2389 1442 2559 1512 justo,
2591 1444 2654 1495 de
2676 1444 2817 1495 omni
2845 1443 3035 1497 virtute
3065 1446 3379 1514 honoriﬁca.
3410 1446 3542 1500 Ηωσ

1961 1548 2082 1602 ergo
2111 1532 2285 1585 omnia
2307 1550 2423 1585 cum
2452 1535 2779 1587 ascenderint
2810 1535 2865 1587 in
2890 1552 2979 1588 cor
3014 1536 3240 1590 hominis
3262 1578 3277 1603 ,
3307 1538 3538 1607 manife-

1961 1633 2100 1678 stum
2121 1634 2217 1688 est,
2245 1625 2383 1694 quod
2411 1632 2623 1695 angelus
2663 1628 2928 1697 aequitatis
2958 1645 3076 1681 cum
3106 1646 3166 1683 eo
3208 1640 3305 1685 est.
3349 1631 3541 1702 Angeli

1963 1728 2137 1771 autem
2165 1718 2461 1788 iniquitatis
2488 1735 2645 1789 opera
2688 1730 2853 1774 sunt:
2888 1723 3058 1790 primo
3105 1724 3338 1775 omnium
3362 1763 3377 1790 ,
3426 1724 3539 1777 ira-

1962 1806 2161 1861 cundus
2202 1817 2298 1874 est,
2347 1818 2397 1862 et
2439 1825 2676 1876 amarus,
2705 1818 2753 1862 et
2778 1810 3003 1864 stolidus
3019 1826 3041 1876 ;
3084 1819 3133 1864 et
3178 1828 3338 1880 opera
3386 1813 3537 1867 illius

1960 1900 2253 1968 perniciosa
2283 1910 2426 1967 sunt,
2454 1909 2503 1954 et
2533 1910 2765 1954 evertunt
2790 1918 2963 1955 servos
2995 1901 3114 1955 Dei.
3150 1901 3283 1958 Cum
3304 1920 3427 1975 ergo
3450 1905 3537 1959 hie

1960 1993 2015 2046 in
2038 2009 2126 2046 cor
2145 1993 2372 2046 hominis
2405 1992 2719 2059 ascenderit,
2761 2002 2966 2063 oportet
3006 1995 3297 2066 intelligere
3318 2012 3436 2051 eum
3468 1998 3536 2052 ab

1962 2083 2200 2154 operibus
2229 2083 2362 2151 ejus.
2403 2082 2536 2137 Cum
2563 2084 2703 2137 enim
2746 2084 2986 2153 quadam
3013 2083 3294 2139 iracundia
3320 2087 3535 2141 cuidam

1962 2177 2256 2241 accesserit,
2284 2189 2375 2230 aut
2406 2177 2741 2241 amaritudo;
2772 2177 3035 2248 intellige,
3074 2190 3191 2232 eum
3232 2178 3287 2233 in
3327 2179 3537 2235 homine

1961 2285 2070 2323 esse
2091 2284 2113 2323 .'
2137 2267 2321 2322 deinde
2348 2268 2613 2337 cupiditas
2665 2268 2950 2321 multorum
2993 2284 3231 2339 operum,
3259 2279 3310 2324 et
3348 2272 3535 2340 profu-

1964 2362 2042 2415 sio
2077 2360 2359 2413 multorum
2385 2369 2433 2414 et
2462 2361 2772 2429 optimorum
2804 2362 3040 2415 ciborum
3062 2380 3123 2416 ac
3144 2364 3412 2417 variarum
3441 2365 3537 2419 de-

1964 2451 2291 2517 liciarum,et
2316 2453 2613 2521 appetentia
2634 2452 2914 2505 mulierum
2935 2470 2997 2507 ac
3022 2468 3194 2507 rerum
3211 2456 3530 2522 alienarum,

1960 2550 2010 2596 et
2038 2540 2299 2609 superbia,
2326 2550 2377 2595 et
2408 2540 2647 2603 ambitio,
2679 2550 2729 2595 et
2756 2559 3074 2613 quaecunque
3118 2546 3185 2598 iis
3212 2548 3369 2610 paria
3405 2559 3531 2603 sunt

1962 2646 2025 2683 ac
2070 2629 2289 2684 similia.
2346 2627 2449 2684 Sed
2492 2642 2539 2684 et
2592 2632 2748 2685 mala:
2798 2634 3138 2702 cogitationes
3194 2636 3358 2703 ipsius
3406 2646 3532 2691 sunt

1961 2736 2156 2775 omnes.
2191 2720 2356 2775 Nobis
2386 2738 2506 2791 ergo
2533 2722 2811 2790 diligenter
2852 2724 3212 2787 attendamus,
3252 2735 3309 2779 et
3345 2728 3533 2796 angelo

1960 2813 2139 2882 iniquo
2184 2814 2569 2878 renuntiemus;
2616 2814 2859 2884 angelum
2913 2828 3032 2869 vero
3066 2816 3298 2886 justitia:
3341 2834 3531 2888 sequa-

1964 2920 2102 2958 mur.

1582 3172 2043 3238 MANDATUM
2079 3173 2213 3234 VII.

1146 3279 1233 3339 De
1277 3279 1547 3341 timendo
1586 3281 1736 3351 Deo,
1770 3288 1827 3339 et
1857 3280 2122 3341 damone
2155 3294 2283 3337 non
2309 3270 2657 3339 metuendo.

1618 3378 1844 3435 CAPUT
1902 3376 2187 3435 UNlCUM.

365 3470 440 3543 (4)
459 3469 646 3525 Φοϐοῦ
666 3470 772 3524 τὸν
796 3470 1032 3538 Κύριον,
1059 3471 1157 3525 καὶ
1176 3473 1459 3541 φύλασσε
1484 3474 1591 3540 τὰς
1611 3474 1865 3542 ἐντολὰς

288 3564 507 3620 αὐτοῦ’
543 3565 636 3618 καὶ
662 3562 757 3633 ἔσῃ
785 3563 1005 3626 δυνατὸς
1029 3565 1085 3615 ὲν
1113 3562 1329 3635 πράξει,
1366 3565 1461 3618 καὶ
1485 3566 1517 3636 ἡ
1542 3564 1738 3637 πρᾶξίς
1769 3582 1863 3618 σου

288 3656 621 3725 ἀσύγκριτος
639 3656 810 3709 ἔσται.
827 3653 997 3707 Φοϐού
1006 3671 1161 3724 μενος
1178 3654 1270 3711 τὸν
1289 3655 1512 3727 Κύριον,
1533 3656 1705 3710 πάντα
1725 3657 1865 3710 καλὰ

291 3746 523 3819 ἐργάσῃ.
553 3741 717 3809 Οὗτός
745 3748 890 3798 ἐστιν
916 3746 944 3798 6
964 3745 1125 3813 φόϐος
1150 3744 1209 3798 ὃν
1231 3745 1310 3797 δεῖ
1331 3763 1390 3798 σε
1419 3746 1735 3817 φοϐηθῆναι.
1762 3746 1867 3800 Τὸν

289 3838 536 3892 διάϐολον
566 3838 638 3909 μὴ
669 3836 930 3908 φοϐηθῇς,
961 3837 1042 3889 ὅτι
1067 3834 1291 3908 δύναμις
1314 3837 1372 3889 ὲν
1395 3836 1543 3909 αύτῷ
1571 3839 1670 3891 οὐκ
1694 3838 1862 3902 ἔστιν,

2034 3473 2201 3537 Time,
2217 3470 2412 3541 inquit,
2430 3470 2733 3536 Dominum,
2748 3483 2796 3528 et
2821 3472 3076 3531 mandata
3093 3477 3208 3548 ejus
3229 3478 3437 3536 custodi
3454 3481 3525 3537 ⁸⁸.

1960 3564 2196 3620 Servans
2238 3564 2383 3618 enim
2428 3573 2693 3632 praecepta
2736 3563 2869 3632 Dei,
2914 3568 3025 3624 eris
3055 3580 3247 3640 potens
3291 3576 3345 3627 in
3377 3577 3527 3631 omni

1957 3664 2103 3719 actu,
2134 3665 2187 3711 et
2212 3670 2371 3709 omne
2396 3655 2672 3724 negotium
2699 3657 2777 3725 (5)
2806 3659 2910 3711 erit
2954 3660 3400 3732 incomparabile.
3428 3667 3527 3723 Ti-

1958 3761 2115 3800 mens
2141 3745 2283 3800 enim
2316 3743 2604 3799 Dominum
2629 3784 2642 3809 ,
2678 3747 2863 3801 omnia
2906 3747 3049 3803 bona
3084 3754 3395 3821 operaberis
3424 3755 3525 3825 (6).

1958 3836 2059 3891 llic
2081 3846 2164 3892 cst
2194 3836 2356 3890 timor
2381 3851 2491 3904 quo
2519 3836 2711 3891 timere
2742 3847 2953 3907 oportet
2978 3838 3076 3910 (7),
3109 3849 3168 3895 ut
3198 3845 3378 3900 salvus
3405 3860 3528 3902 esse

290 3928 416 3980 οὐδὲ
441 3928 619 3997 φόϐος.
640 3928 726 3980 Ἐν
745 3921 788 3994 ᾧ
804 3927 860 3979 δὲ
885 3927 918 3997 ἡ
939 3926 1161 3998 δύναμις
1188 3923 1446 4001 ἔνδοξος
1461 3970 1474 3994 ,
1497 3928 1591 3981 καὶ
1615 3927 1776 3997 φόϐος
1806 3930 1863 3981 ὲν
1887 3951 1889 3973 ι

1961 3925 2157 3995 possis.
2205 3923 2489 3979 Diabolum
2536 3934 2715 3979 autem
2758 3942 2827 3981 ne
2866 3929 3100 3998 timeas;
3149 3932 3346 3990 timens
3377 3937 3526 3992 enim

289 4020 462 4091 αὐτῷ.
489 4021 605 4083 Πᾶς
629 4019 736 4092 γὰρ
763 4022 790 4073 6
818 4019 1044 4090 δύναμιν
1082 4019 1239 4089 ἔχων,
1266 4021 1357 4072 καὶ
1390 4019 1550 4088 φόϐον
1583 4019 1723 4092 ἔχει’
1750 4022 1778 4074 6
1807 4019 1864 4073 δὲ

294 4112 377 4184 μὴ
402 4111 540 4181 ἔχων
556 4110 800 4183 δύναμιν,
824 4110 927 4163 ὑπὸ
954 4112 1167 4164 πάντων
1187 4113 1644 4182 καταφρονεῖται..
1691 4113 1718 4165 6
1741 4110 1864 4165 δοῦ-

1960 4014 2283 4082 Dominum,
2323 4014 2695 4070 dominaberis
2743 4017 2892 4073 illius
2937 4018 3050 4089 (8);
3099 4022 3228 4091 quia
3261 4025 3435 4081 virtus
3466 4027 3525 4083 in

1958 4106 2055 4161 illo
2085 4106 2231 4160 nulla
2260 4113 2364 4161 est.
2410 4104 2467 4159 ln
2498 4121 2606 4176 quo
2637 4114 2818 4162 autem
2844 4108 3017 4165 virtus
3047 4126 3155 4167 non
3188 4122 3271 4169 est
3292 4155 3309 4182 ,
3358 4116 3406 4171 is
3455 4133 3525 4175 ne

291 4204 388 4267 λος
412 4200 504 4257 οὖν
525 4201 618 4257 τοῦ
649 4203 854 4274 Κυρίου
884 4202 1101 4274 ἰσχυρός
1126 4204 1241 4256 ὲστι
1268 4202 1363 4256 καὶ
1386 4202 1655 4275 [ἔνδοξος]
1688 4202 1871 4275 Φοϐήδ

1961 4198 2235 4255 timendus
2277 4198 2495 4268 quidem
2526 4208 2630 4254 est.
2674 4198 2729 4253 In
2767 4216 2877 4270 quo
2914 4219 3043 4258 vero
3084 4205 3259 4262 virtus
3286 4209 3526 4279 gloriosa

294 4295 422 4367 θητι
447 4293 540 4349 οὖν
570 4295 660 4348 τὸν
699 4294 923 4366 Κύριον,
966 4296 1059 4347 καὶ
1092 4294 1231 4368 ζήσῃ
1258 4293 1425 4366 αύτῷ,
1454 4294 1741 4364 φυλάσσων
1766 4295 1865 4359 τὰς

294 4385 516 4449 ἐντολὰς
545 4384 729 4451 αὐτοῦ,
759 4386 839 4447 είς
866 4384 991 4447 τοὺς
1020 4383 1239 4448 αίῶνας.

1959 4300 2045 4348 est
2068 4332 2084 4357 ,
2136 4291 2185 4346 is
2226 4290 2390 4345 etiam
2437 4290 2710 4345 timendus
2738 4300 2841 4345 est.
2870 4290 3060 4349 Omnis
3088 4296 3231 4350 enim
3266 4300 3522 4355 virtutem

1962 4384 2169 4439 habens
2191 4421 2207 4447 ,
2241 4382 2403 4437 etiam
2433 4381 2708 4437 timendus
2730 4392 2811 4438 est
2843 4384 2951 4455 (9);
2988 4401 3110 4441 nam
3141 4389 3235 4459 qui
3266 4391 3523 4447 virtutem

294 4492 412 4531 non
446 4477 639 4540 habet,
676 4476 745 4529 ab
773 4476 1029 4529 omnibus
1059 4476 1450 4531 contemnitur.
1488 4474 1643 4530 Time
1672 4476 1831 4546 plane
1862 4474 2004 4531 facta
2043 4474 2275 4539 diaboli,
2309 4475 2569 4543 quoniam
2599 4475 2832 4546 maligna
2866 4487 2993 4533 sunt
3036 4496 3050 4533 :
3091 4490 3340 4538 metuens
3375 4486 3523 4541 enim

300 4572 617 4639 Dominum,
657 4572 897 4637 timebis,
933 4580 987 4625 et
1013 4584 1176 4638 opera
1213 4569 1411 4624 diaboli
1444 4585 1551 4623 non
1594 4568 1780 4634 facies,
1814 4570 1908 4625 sed
1937 4570 2047 4641 (l0)
2078 4568 2377 4624 abstinebis
2406 4580 2455 4622 te
2481 4568 2548 4623 ab
2579 4569 2677 4623 eis.
2713 4570 2919 4641 Duplex
2952 4574 3098 4629 enim
3134 4577 3295 4633 timor
3327 4589 3430 4635 est.
3466 4580 3523 4637 Si

295 4672 447 4725 enim
477 4671 678 4724 malum
707 4668 919 4740 operari
950 4668 1191 4722 volueris
1216 4666 1329 4737 (ll)
1353 4708 1369 4733 ,
1404 4667 1602 4722 timens
1634 4666 1947 4735 Dominum,
1975 4683 2043 4722 ne
2073 4667 2123 4721 id
2154 4666 2370 4737 quidem
2404 4665 2569 4721 facies
2597 4666 2731 4737 (ίῖ).
2770 4666 2826 4721 Si
2855 4678 3037 4724 autem
3075 4671 3277 4729 bonum
3306 4678 3523 4747 operari

304 4763 569 4826 volueris,
605 4763 768 4817 timor
797 4762 986 4832 utique
1021 4764 1133 4832 (15)
1164 4761 1378 4817 Domini
1408 4764 1640 4831 validus,
1672 4774 1725 4820 et
1756 4763 1968 4835 ingens,
2018 4772 2071 4821 et
2116 4764 2390 4837 gloriosus
2420 4773 2522 4819 est.
2553 4761 2709 4819 Time
2753 4765 2919 4838 igitur
2947 4766 3143 4836 Deum,
3169 4781 3225 4827 et
3253 4773 3420 4831 vives.
3459 4774 3525 4832 Et

366 4882 414 4914 ⁸⁰
430 4880 604 4938 Eccle.
638 4882 847 4949 “1,15.

1338 4977 1603 5035 .VARIAL‘
1640 4975 2022 5035 LECTIONES
2059 4975 2148 5033 ΕΤ
2190 4974 2422 5032 NOTAE-

377 5071 455 5143 (l)
490 5071 567 5126 Ex
601 5070 781 5127 Doctr.
813 5072 884 5127 ad
908 5071 1147 5126 Antioch.
1174 5086 1326 5127 num.
1359 5070 1411 5135 7,
1442 5074 1720 5143 pag.‘255.
1750 5070 1858 5129 Ista

2026 5071 2137 5139 (10)
2179 5069 2368 5125 Lamb.
2403 5068 2608 5123 timebis
2637 5079 2687 5125 et
2727 5084 2889 5140 opera
2928 5071 3147 5125 diaboli.
3194 5068 3307 5125 Nec
3351 5072 3520 5139 facies

300 5141 465 5197 etiam
496 5144 679 5198 Crteca
725 5144 922 5198 desunt
958 5146 1013 5196 in
1050 5143 1209 5196 editis
1242 5142 1499 5195 Pastoris.
1524 5141 1775 5197 Exhibet
1804 5153 1860 5197 et
1952 5160 2037 5205 ea,
2071 5141 2180 5195 sed.

301 5213 603 5268 Antiochus
629 5213 817 5268 homil.
851 5214 972 5267 127.
1004 5211 1119 5265 lluc
1147 5221 1324 5266 autem
1349 5214 1582 5278 respexit
1610 5215 1863 5269 Clemens

304 5284 460 5337 Alex.
485 5283 731 5351 Στρωμ.,
763 5285 854 5338 lib.
884 5300 942 5346 ιι,
968 5299 1085 5352 cap.
1114 5283 1209 5347 12,
1231 5298 1355 5352 pag.
1386 5282 1510 5336 458.

377 5298 460 5337 ex.
485 5298 731 5351 ιτρωμη
764 5298 854 5338 Im.
884 5300 942 5346 ιι,
968 5299 1085 5352 cap.
1114 5298 1209 5347 η,
1272 5298 1355 5351 ag.
1386 5298 1510 5336 ωδ.

377 5353 453 5419 (5)
496 5352 587 5407 Sic
617 5352 767 5408 Bodl.
801 5358 868 5407 At
895 5353 1026 5414 Felli
1057 5354 1186 5407 edit.
1216 5298 1389 5407 ὄχθη.
1426 5353 1724 5407 consilium.

378 5422 455 5487 (6)
493 5422 682 5477 Lamb.
714 5423 1031 5491 operabitur.

378 5492 456 5562 (7)
494 5492 650 5564 Bodl.
676 5504 729 5547 et
758 5494 946 5549 Lamb.
984 5510 1154 5564 quem.
1190 5492 1279 5547 Sic
1321 5492 1522 5550 Fellus.
1563 5492 1662 5550 llic
1702 5509 1857 5548 men-

307 5564 436 5621 dum
466 5566 605 5631 apud
639 5563 943 5617 Fabricium
974 5574 1027 5619 et
1048 5564 1336 5618 Clericum.

379 5636 458 5697 (8)
498 5633 629 5688 Ibid.
655 5634 757 5687 illi.
791 5633 993 5688 Fellum
1025 5635 1267 5689 consule.

381 5638 435 5697 (8
498 5638 629 5688 Ibid.
655 5638 757 5687 illi.
791 5638 993 5688 Fellum
1025 5638 1267 5689 consule.

381 5638 458 5774 (9;
498 5702 686 5759 Lamb.
712 5716 814 5771 est,
842 5721 930 5758 nec
961 5707 1118 5759 timor
1153 5706 1207 5758 in
1237 5705 1369 5774 ipso.

2028 5212 2141 5280 (ll)
2184 5206 2365 5266 Fellus
2394 5210 2598 5273 mallet.
2629 5210 2879 5265 nolueris.
2912 5211 3003 5266 Sic
3028 5220 3081 5265 et
3108 5208 3425 5280 Antiochus.
3448 5210 3521 5265 At

1955 5279 2258 5337 Cotelerius
2303 5290 2487 5336 censet
2536 5282 2852 5349 corrigenda
2900 5283 3078 5349 potius
3122 5279 3305 5335 Greca
3351 5296 3520 5349 quam

1958 5351 2170 5425 ιειξηε,
2194 5352 2503 5425 scribens;
2544 5368 2559 5425 =_
2596 5347 2782 5425 Εξρβν
2807 5347 2968 5425 θέλῃς
2993 5352 3055 5425 τι
3086 5350 3319 5425 πονηριν
3348 5347 3516 5425 w-

1957 5422 2161 5544 {czgaa
2194 5420 2412 5477 Veteres
2441 5421 2563 5476 libri
2590 5438 2603 5474 :
2650 5420 2772 5475 Ἐὰν
2802 5420 2960 5495 θέλῄς
2998 5421 3059 5475 τὸ
3091 5420 3327 5490 πονηρὸν
3354 5420 3523 5493 ἐργάκ

1958 5509 2027 5544 σα
2096 5509 2173 5544 αι.

1958 5509 2173 5545 σασοαι.

2055 5561 2141 5628 12)
2183 5559 2334 5615 Bodl.
2366 5570 2419 5614 et
2445 5559 2634 5616 Lamb.
2661 5577 2764 5615 non
2790 5561 2845 5613 id
2875 5562 3058 5629 facies.

1980 5629 2143 5755 ςιςίὲ)
2184 5629 2312 5686 Mss.
2338 5630 2528 5688 Lamb.
2557 5640 2614 5688 et
2642 5629 2780 5688 Vict.
2822 5631 3013 5700 itaque.
3065 5630 3277 5689 Vidcsis
3331 5633 3519 5689 Αιιιὶοι

1980 5716 2046 5755 :u
2130 5716 2289 5755 mea.

1960 5715 2046 5755 ειιι
2078 5715 2289 5757 ϋΓὶΙΣΕἱΙ.
