4002 6308
555 278 653 338 93!

1988 254 2355 329 Simus:
2425 278 2434 286 ·

3692 271 3798 325 952

558 398 876 468 quicunque
900 409 1026 450 eum
1054 396 1372 461 metuerint,
1399 392 1768 451 custodientes
1798 391 2054 449 mandata
2077 393 2217 464 ejus,
2246 406 2435 448 eorum
2461 388 2573 445 vita
2599 398 2681 445 est
2705 380 2847 459 apud
2870 386 3162 444 Dominum
3188 404 3201 439 :
3229 399 3339 439 non
3366 382 3798 439 custodientium

555 501 761 557 autem,
797 503 898 544 nec
925 487 1036 541 vita
1072 488 1123 542 in
1164 489 1269 546 illis
1294 500 1400 547 est.

1801 582 2145 646 ANTIOCHUS,
2182 577 2397 630 homilia
2432 576 2552 631 127.

631 678 788 734 Time
816 680 955 733 enim
975 718 989 740 ,
1022 679 1225 749 inquit,
1265 677 1555 731 Dominum
1580 716 1595 741 ,
1630 684 1683 731 et
1712 675 1965 729 mandata
1996 675 2114 744 ejus

2288 669 2578 738 Φοϐήθητι
2606 672 2736 745 γὰρ,
2779 672 2933 742 φησὶ,
2970 669 3078 723 τὸν
3117 670 3356 736 Κύριον,
3389 668 3489 721 καὶ
3516 668 3800 736 φύλασσε

555 770 789 826 custodi.
824 768 1045 823 Servans
1077 780 1253 822 autem
1286 777 1544 837 prwcepta
1574 766 1690 831 Dei,
1722 768 1824 819 eris
1855 776 2035 835 potens
2065 766 2120 819 in

554 861 697 914 omni
728 870 871 924 actu,
902 869 951 912 et
979 861 1238 928 negotium
1264 862 1415 911 'luum
1439 860 1537 912 erit
1571 858 1997 926 incomparabile.
2031 856 2123 910 Ti-

557 964 699 999 mens
726 947 865 1000 enim
896 946 1198 1011 Dominum,
1226 948 1402 999 omnia
1431 946 1552 999 bene
1573 947 1887 1016 operaberis.
1921 946 2023 999 llic
2044 954 2121 999 est

557 1036 732 1101 timor,
760 1052 861 1105 quo
887 1046 1088 1104 oportet
1115 1047 1169 1087 ut
1200 1036 1383 1090 linteas
1408 1045 1456 1090 et
1486 1037 1661 1090 salvus
1692 1038 1816 1091 eris.
1844 1033 2122 1090 Diabolum

556 1137 733 1177 autem
764 1143 825 1179 ne
852 1129 1057 1178 timeas.
1094 1125 1299 1180 Timens
1327 1127 1466 1181 enim
1500 1128 1782 1181 Dominum
1815 1128 2120 1182 dominabe-

556 1216 629 1267 ris
660 1216 894 1279 diaboli;
926 1218 1048 1286 quia
1082 1218 1247 1271 virtus
1289 1219 1340 1271 in
1372 1217 1463 1271 illo
1494 1218 1644 1271 nulla
1671 1227 1768 1271 est.
1804 1217 1869 1270 In
1896 1234 1996 1287 quo
2024 1235 2121 1271 au-

556 1314 657 1358 tem
690 1308 853 1358 virtus
888 1323 989 1359 non
1027 1319 1142 1373 est,
1195 1310 1240 1362 is
1286 1326 1347 1362 ne
1378 1310 1634 1362 timendus
1671 1309 1877 1379 quidem
1905 1320 1980 1363 est
2011 1325 2029 1362 :
2066 1310 2121 1363 in

552 1414 652 1466 quo
684 1414 799 1452 vero
831 1399 994 1452 virtus
1036 1400 1266 1468 gloriosa
1296 1411 1371 1454 est
1395 1443 1409 1466 ,
1451 1403 1494 1454 is
1527 1403 1687 1455 etiam
1728 1402 1987 1454 timendus
2017 1411 2116 1457 est.

556 1489 738 1544 Omnis
768 1492 908 1543 enim
946 1492 1193 1544 virtutem
1237 1491 1463 1555 habens,
1510 1492 1671 1545 etiam
1717 1493 1973 1545 timendus
2018 1501 2116 1547 est.
2156 1506 2163 1513 '

554 1578 698 1632 Nam
730 1583 820 1650 qui
851 1582 1098 1634 virtutem
1129 1598 1231 1635 non
1259 1581 1431 1648 habet,
1466 1582 1528 1635 ab
1559 1582 1795 1635 omnibus
1830 1584 2118 1636 contemni-

552 1680 657 1724 tur.
683 1670 827 1724 Time
849 1670 1005 1740 plane
1031 1672 1175 1741 facta
1198 1671 1418 1738 diaboli,
1443 1674 1693 1742 quoniam
1716 1672 1949 1743 maligna
1974 1681 2115 1727 sunt.

551 1761 792 1815 Metuens
822 1772 995 1815 autem
1026 1762 1331 1827 Dominum,
1364 1780 1463 1817 non
1490 1764 1692 1817 timebis
1723 1781 1879 1834 opera
1900 1765 2118 1832 diaboli,

548 1862 598 1905 et
642 1868 745 1904 non
778 1852 939 1920 facies
984 1868 1081 1917 ea;
1129 1854 1219 1906 sed
1249 1855 1529 1909 abstinebis
1565 1863 1611 1908 te
1658 1856 1723 1908 ab
1769 1856 1863 1909 eis.
1914 1856 2121 1924 Duplex

549 1958 672 2011 ergo
712 1943 869 1996 timor
894 1953 992 1997 est.
1023 1939 1083 1997 Si
1110 1944 1306 1997 malum
1336 1946 1543 2015 operari
1573 1944 1825 2011 nolueris,
1862 1946 1985 1999 time
2014 1945 2121 1998 Do-

2223 762 2328 826 τὰς
2357 762 2605 827 ἐντολὰς
2645 762 2847 815 αὑτοῦ.
2894 761 3184 814 Φυλάσσων
3223 760 3278 813 δὲ
3325 764 3425 822 τὰς
3457 758 3681 820 ἐντολὰς
3712 756 3800 811 τοῦ

2223 851 2356 905 Θεοῦ
2386 893 2400 917 ,
2453 854 2552 925 ἔσῃ
2595 853 2817 916 δυνατὸς
2862 856 2919 907 ἐν
2961 856 3107 925 πάσῃ
3150 852 3374 924 πράξειο
3411 852 3505 904 καὶ
3538 852 3572 921 ὴ
3608 850 3802 920 πρᾶξίς

2225 963 2315 998 σου
2349 945 2675 1017 ἀσύγκριτος
2709 946 2878 999 ἔσται.
2912 946 3247 1017 Φοϐούμενος
3278 945 3387 1016 γὰρ
3433 945 3531 997 τὸν
3574 943 3801 1013 Κύριον,

2224 1038 2398 1091 πάντα
2432 1036 2612 1100 καλῶς
2643 1039 2870 1109 ἐργάσῃ.
2908 1032 3074 1100 Οὗτός
3099 1039 3246 1089 ἐστιν
3276 1038 3305 1089 6
3340 1036 3523 1105 φόϐος,
3552 1034 3613 1086 ὃν
3642 1035 3723 1087 δεῖ
3750 1052 3801 1087 σε

2225 1128 2556 1200 φοϐηθῆναι,
2601 1124 2693 1181 καὶ
2730 1128 2967 1202 σωθήσῃ.
3005 1128 3107 1181 Τὸν
3138 1128 3195 1181 δὲ
3227 1128 3469 1183 διάϐολον
3510 1128 3585 1198 μὴ
3634 1127 3800 1197 φοϐη-

2224 1221 2340 1292 θῇς.
2388 1220 2720 1291 Φοϐούμενος
2771 1220 2879 1292 γὰρ
2924 1219 3013 1273 τὸν
3062 1221 3296 1292 Κύριον,
3346 1219 3801 1289 κατακυριεύσειξ

2221 1313 2315 1366 τοῦ
2349 1313 2612 1378 διαϐόλου,
2648 1314 2728 1366 ὅτι
2759 1312 2983 1384 δύναμις
3015 1313 3113 1366 οὐκ
3146 1314 3290 1366 ἔστιν
3324 1313 3382 1366 ὲν
3416 1311 3589 1382 αὐτῷ.
3644 1312 3730 1366 Ἐν
3763 1307 3803 1379 ᾧ

2221 1406 2277 1459 δὲ
2303 1404 2527 1477 δύναμις
2552 1406 2650 1458 οὐκ
2682 1405 2854 1469 ἔστιν,
2889 1405 3005 1457 οὐδὲ
3040 1405 3228 1474 φόϐος·
3266 1406 3322 1457 ὲν
3352 1397 3396 1473 ᾧ
3431 1406 3463 1476 ἡ
3498 1403 3738 1474 δύναμις

2222 1496 2447 1561 ἔνδοξος,
2482 1498 2573 1551 καὶ
2604 1498 2631 1549 6
2659 1496 2817 1566 φόϐος
2850 1498 2908 1550 ὲν
2949 1498 3120 1567 αὐτῷ’
3174 1498 3290 1560 Πᾶς
3339 1496 3448 1569 γὰρ
3497 1499 3528 1550 6
3573 1497 3802 1566 δύναμιν

2222 1588 2387 1658 ἔχων,
2437 1591 2529 1641 καὶ
2562 1589 2723 1658 φόϐον
2758 1589 2895 1659 ἔχει’
2937 1591 2965 1642 6
2998 1590 3054 1642 δὲ
3092 1589 3164 1661 μὴ
3207 1589 3343 1659 ἔχων
3387 1588 3657 1659 δύναμιν,
3706 1589 3803 1640 ὑπὸ

2222 1678 2437 1732 πάντων
2464 1680 2897 1749 καταφρονεῖται.
2922 1676 3187 1748 Φοϐήθητι
3214 1677 3270 1730 δὲ
3292 1676 3362 1730 τὰ
3392 1678 3534 1749 ἔργα
3566 1677 3667 1731 τοῦ
3695 1679 3803 1731 δια-

2222 1770 2375 1823 ϐόλου
2400 1810 2415 1835 ,
2466 1770 2546 1822 ὅτι
2578 1770 2787 1841 πονηρά
2821 1770 2944 1822 εἰσι.
2980 1768 3313 1839 Φοϐούμενος
3342 1769 3397 1822 δὲ
3430 1770 3524 1822 τὸν
3558 1768 3799 1841 Κύριον,

2220 1862 2282 1914 οὐ
2315 1860 2593 1933 φοϐηθήσῃ
2618 1860 2687 1914 τὰ
2718 1861 2853 1932 ἔργα
2884 1859 2977 1914 τοῦ
3010 1860 3283 1926 διαϐόλου,
3322 1861 3419 1915 καὶ
3454 1860 3558 1913 οὑκ
3591 1841 3800 1932 ὲρίὰσῃ

2221 1954 2386 2007 αὑτά’
2425 1944 2558 2007 ἀλλὰ
2590 1953 2762 2026 φεύξῃ
2813 1952 2905 2006 ἀπ’
2940 1949 3137 2005 αὐτῶν.
3189 1951 3371 2005 Δισσοὶ
3419 1946 3513 2005 οὖν
3570 1953 3715 2004 εἰσιν
3758 1953 3800 2005 oi

550 2036 782 2099 minum,
829 2041 879 2085 et
924 2032 979 2085 id
1026 2049 1131 2086 non
1163 2033 1347 2102 facies.
1396 2033 1457 2088 Si
1502 2045 1673 2087 autem
1724 2035 1895 2086 adhuc
1928 2033 2115 2085 bonum

2222 2038 2393 2115 φόϐοι.
2431 2044 2493 2097 Ei
2536 2044 2596 2097 οὺ
2640 2043 2802 2117 θέλῃς
2846 2043 2908 2097 τὸ
2954 2041 3188 2115 πονηρὸν
3238 2041 3591 2114 ἐργάζεσθαι,
3638 2042 3800 2112 φοϐή-

551 2122 760 2189 operari
783 2122 1025 2186 volueris,
1053 2123 1174 2176 time
1198 2122 1478 2176 Dominum
1506 2132 1555 2177 et
1578 2124 1740 2193 facies
1765 2124 1920 2177 illud.
1944 2121 2123 2175 Timor

551 2214 734 2283 itaque
768 2212 984 2266 Domini
1014 2215 1219 2267 validus
1242 2226 1290 2268 et
1322 2215 1582 2284 gloriosus
1610 2225 1705 2270 est.
1734 2215 1802 2269 Et
1831 2218 2122 2286 quicunque

549 2321 668 2358 eum
708 2306 1007 2374 meruerint,
1043 2316 1091 2361 et
1126 2307 1469 2360 custodierint
1500 2309 1753 2361 mandata
1780 2307 1927 2377 ejus,
1954 2308 2118 2361 vivent

551 2393 681 2450 Deo.

2224 2136 2345 2207 θητι
2367 2136 2455 2189 τὸν
2488 2134 2709 2207 Κύριον,
2740 2137 2833 2188 καὶ
2865 2136 2963 2189 οὐκ
2989 2134 3195 2207 ἐργάζῃ
3219 2133 3366 2186 αὑτό.
3408 2133 3537 2186 Ἐὰν
3563 2134 3623 2187 δὲ
3650 2132 3800 2206 θέλῃς

2221 2227 2380 2281 πάλιν
2411 2226 2471 2279 τὸ
2504 2225 2705 2295 ἀγαθὸν
2736 2225 3105 2299 ἐργάσασθαι,
3150 2225 3412 2296 φοϐήθητι
3445 2225 3541 2277 τὸν
3575 2224 3796 2295 Κύριον,

2218 2320 2313 2373 καὶ¹
2345 2317 2552 2391 ἐργάζῃ
2578 2318 2725 2371 αὑτό.
2755 2318 2916 2370 Ὥστε
2940 2318 2967 2370 6
3010 2315 3171 2386 φόϐος
3201 2316 3297 2368 τοῦ
3331 2317 3543 2387 Κυρίου
3583 2318 3799 2388 ἰσχυρό-

2215 2408 2373 2481 τερός
2405 2410 2550 2474 ἐστι,
2584 2409 2678 2462 καὶ
2710 2406 2936 2474 ἔνδοξος.
2969 2408 3080 2460 Καὶ
3110 2407 3224 2461 ὅσοι
3258 2407 3322 2460 ἂν
3356 2406 3679 2477 φοϐηθῶσιν
3710 2408 3797 2461 αὑ-

2215 2498 2307 2553 τὸν
2332 2540 2346 2566 ,
2382 2500 2473 2553 καὶ
2504 2499 2785 2571 τηρήσωσι
2825 2498 2927 2562 τὰς
2957 2496 3177 2563 ἐντολὰς
3205 2496 3395 2563 αὑτοῦ,
3434 2495 3699 2569 ζὴσονται
3731 2499 3798 2568 τῷ

2216 2593 2353 2665 Θεῷ.

1837 2750 2295 2813 MANDATUM
2339 2752 2509 2815 VIII.

1457 2866 1908 2934 Declinandum
1940 2885 2028 2935 est
2059 2894 2097 2933 a
2126 2875 2311 2948 malo,
2342 2884 2399 2934 et
2435 2873 2723 2953 facienda
2753 2874 2933 2940 bona.

617 2994 737 3050 Dixi
769 2995 896 3061 tibi,
928 2996 1126 3066 inquit,
1158 2998 1305 3067 quod
1337 3006 1600 3053 creatura:
1624 2998 1735 3066 (14)
1767 2998 1979 3051 Domini
2008 2998 2110 3052 du-

543 3085 711 3153 plices
740 3096 887 3149 sunt,
918 3095 972 3139 et
998 3085 1323 3141 abstinentia
1354 3088 1551 3157 duplex
1576 3097 1678 3142 est.
1711 3088 1757 3140 Α
1782 3089 2107 3157 quibusdam

542 3192 673 3245 ergo
732 3176 1005 3230 abstinere
1050 3187 1295 3246 oportet.
1346 3195 1376 3233 a
1425 3178 1750 3249 quibusdam
1797 3195 1925 3233 vero
1974 3195 2104 3234 non.

543 3262 852 3326 Manifesta.
888 3266 1111 3335 inquam
1139 3309 1153 3333 ,
1183 3269 1339 3335 mibi,
1377 3269 1614 3333 domine,
1645 3285 1675 3323 a
1709 3270 1907 3339 quibus
1937 3270 2108 3325 absti-

544 3370 672 3409 nere
702 3364 931 3425 oportet,
958 3367 1010 3411 et
1033 3374 1061 3412 a
1091 3360 1288 3427 quibus
1315 3376 1445 3417 non.
1470 3361 1631 3427 Audi,
1656 3362 1830 3431 inquit
1857 3384 1867 3417 :
1897 3364 1944 3415 A
1966 3363 2111 3417 malo

544 3446 780 3513 abstine,
810 3458 862 3501 et
886 3450 995 3503 noli
1021 3450 1150 3505 illud
1179 3450 1376 3506 facere.
1402 3453 1444 3505 A
1468 3453 1613 3507 bono
1637 3463 1815 3507 autem
1840 3453 2112 3517 abstinere

541 3539 692 3604 noli,
734 3542 824 3594 sed
858 3541 943 3595 lac
974 3543 1127 3597 illud.
1165 3543 1221 3597 Si
1248 3545 1392 3598 enim
1420 3545 1749 3600 abstinueris
1776 3562 1806 3599 a
1838 3546 1981 3600 bono
2005 3587 2018 3611 ,
2060 3554 2114 3600 et

540 3642 652 3682 non
704 3629 754 3683 id
812 3628 1025 3695 ieceris,
1077 3634 1349 3702 peccabis.
1401 3635 1631 3690 Abstine
1666 3637 1829 3706 igitur
1859 3636 1927 3691 ab
1963 3636 2113 3690 omni

541 3719 722 3785 malo,
774 3729 827 3774 et
859 3722 1001 3777 scies
1027 3723 1139 3793 (16)
1171 3739 1387 3779 omnem
1410 3726 1700 3795 justitiam.
1735 3726 1933 3793 Quales
1955 3767 1970 3791 ,
2024 3727 2105 3781 in-

539 3827 705 3880 quam
728 3854 743 3879 ,
791 3814 1156 3884 malignitates
1206 3826 1332 3871 sunt
1373 3818 1457 3873 ha:
1482 3859 1497 3883 ,
1551 3834 1581 3872 a
1612 3820 1809 3889 quibus
1838 3820 2111 3875 abstinere

539 3904 794 3971 oportet?
849 3905 991 3959 Audi
1036 3907 1184 3977 (17),
1218 3909 1397 3978 inquit
1449 3932 1462 3967 :
1515 3910 1598 3965 Ab
1642 3912 1922 3967 adulteriis
1975 3914 2108 3983 (18),

539 3996 894 4069 ebrietatibus
929 4008 983 4053 et
1028 4002 1520 4059 comessationibus
1568 4005 1678 4072 (19)
1712 4007 1994 4077 malignis,
2043 4010 2112 4063 ab

541 4099 672 4139 esca
710 4087 875 4142 nimia
900 4128 914 4153 ,
967 4104 998 4142 a
1047 4090 1256 4144 lautitia
1297 4100 1350 4146 et
1390 4092 1748 4160 inbonestate,
1781 4097 1849 4150 ab
1876 4097 2111 4167 abnega-

538 4175 691 4232 tione
715 4179 851 4249 (20),
880 4194 911 4233 a
936 4182 1244 4249 mendacio,
1274 4199 1303 4236 a
1336 4182 1671 4239 detractione
1696 4186 1829 4256 (21),
1862 4202 1890 4241 a
1921 4190 2115 4258 nequi-

538 4265 613 4319 tia
671 4267 815 4335 licta,
870 4286 901 4323 a
949 4272 1327 4326 recordatione
1373 4274 1586 4342 injuriae
1629 4275 1743 4346 (22)
1791 4286 1845 4331 et
1889 4293 1918 4331 a
1966 4277 2108 4333 fama

2296 3102 2406 3171 (15)
2461 3103 2521 3155 Ἢ
2555 3102 2849 3173 ἐγκράτεια
2880 3102 3041 3172 διπλῆ
3073 3104 3211 3157 ἐστι.
3252 3102 3374 3156 Ἐπί
3398 3118 3565 3155 τινων
3589 3100 3701 3171 γὰρ
3726 3099 3799 3153 δει

2223 3210 2282 3245 σε
2308 3193 2751 3265 ὲγκρατεύεσθαι,
2786 3194 2876 3246 ἐπί
2907 3212 3066 3248 τινων
3098 3196 3151 3248 δὲ
3184 3194 3244 3248 οὐ
3273 3195 3371 3248 δεῖ.

2288 3368 2361 3423 Τὸ
2401 3368 2633 3440 πονηρὸν
2666 3368 3112 3441 ὲγκρατεύεσθαι,
3147 3370 3239 3422 καὶ
3281 3370 3353 3441 μὴ
3400 3372 3577 3423 ποιεῖν
3625 3370 3790 3423 αὑτό·

2215 3460 2275 3515 τὸ
2306 3461 2361 3515 δὲ
2393 3460 2592 3529 ἀγαθὸν
2628 3459 2703 3531 μὴ
2730 3460 3083 3532 ὲγκρατεύου,
3120 3460 3254 3514 ἀλλὰ
3284 3461 3427 3513 ποίει
3460 3461 3619 3515 αὑτό.

2300 3637 2655 3710 Ἐγκρατεύου
2684 3637 2790 3691 ἀπὸ
2819 3638 2998 3709 πάσης
3030 3638 3295 3709 πονηρίας
3313 3678 3327 3701 ,
3365 3639 3471 3693 ἀπὸ
3505 3640 3793 3711 μεθύσμα-

2215 3748 2338 3793 τος,
2374 3729 2627 3799 ἀνομίας,
2663 3728 2770 3781 ἀπὸ
2802 3730 3006 3800 τροφῆς
3039 3730 3301 3799 πονηρᾶς,
3337 3729 3444 3781 ἀπὸ
3476 3730 3791 3800 ἐδεσμάτων

2217 3821 2423 3875 πολλῶν
2457 3821 2549 3874 καὶ
2582 3820 2903 3885 πολυτελῶν,
2938 3820 3187 3885 πλούτου,
3213 3821 3551 3891 καυχήσεως,
3590 3822 3790 3892 ὑψηλο-

2217 3916 2487 3988 φροσύνης
2518 3916 2612 3969 καὶ
2646 3913 3021 3985 ὑπερηφανίας
3040 3953 3054 3976 ,
3104 3913 3199 3966 καὶ
3236 3912 3462 3983 ψεύδους
3494 3915 3591 3967 καὶ
3622 3931 3787 3968 λατα-

2214 4005 2419 4068 λαλιᾶς,
2454 4006 2547 4057 καί
2569 4003 2923 4075 ὑποκρίσεως,
2950 4005 3042 4057 καὶ
3070 4004 3450 4076 μνησικακίας,
3481 4004 3577 4056 καὶ
3608 4005 3786 4074 πάσης

2219 4096 2584 4169 βλασφημίας.

538 4358 779 4425 pessima
805 4360 942 4427 (25).
977 4359 1103 4418 Ilaec
1133 4362 1277 4416 enim
1312 4374 1439 4418 sunt
1465 4380 1626 4435 opera
1655 4366 2024 4437 iniquitatum,
2075 4385 2103 4423 a

2279 4366 2464 4422 Ταῦτα
2495 4368 2565 4420 τὰ
2614 4366 2747 4438 ἔργα
2794 4366 3006 4437 πονηρά
3037 4367 3152 4418 ὲστι
3183 4368 3248 4436 τῇ
3284 4364 3395 4436 ζωῇ
3427 4364 3537 4418 τῶν
3572 4364 3780 4436 ἀνθρὼ-

544 4448 746 4514 quibus
776 4450 1046 4505 abstinere
1073 4462 1285 4522 oportet
1316 4469 1530 4509 servum
1562 4454 1678 4510 Dei.
1717 4455 1820 4521 Qui
1865 4459 2007 4513 enim
2046 4460 2113 4512 ab

542 4537 610 4591 iis
659 4540 933 4595 abstinere
978 4556 1088 4598 non
1132 4554 1330 4613 potest,
1380 4547 1563 4601 vivere
1612 4546 1721 4602 Deo
1766 4564 1871 4605 non
1916 4560 2109 4620 potest.

539 4630 682 4685 Audi
722 4647 903 4698 nunc,
956 4635 1165 4704 inquit,
1214 4646 1268 4691 et
1313 4639 1591 4707 sequentia
1638 4655 1830 4695 eorum
1880 4642 2010 4712 (21).
2048 4643 2114 4698 Ει

541 4722 761 4791 quidem
789 4724 959 4779 multa
993 4735 1121 4779 sunt
1149 4727 1348 4789 adhuc.
1380 4744 1408 4781 a
1437 4729 1636 4799 quibus
1662 4731 1933 4787 abstinere
1956 4721 2113 4789 debet

544 4828 735 4869 senius
766 4813 883 4870 Dei.
933 4815 978 4868 A
1026 4814 1173 4871 furto
1195 4857 1208 4883 ,
1252 4818 1321 4872 ab
1353 4819 1711 4892 abnegatione
1739 4822 1875 4893 (25),
1906 4839 1936 4878 a
1976 4824 2113 4880 falso

2210 4476 2358 4513 πων’
2394 4458 2597 4511 τούτων
2629 4454 2721 4511 οὖν
2754 4457 2860 4509 τῶν
2894 4457 3069 4528 ἔργων
3100 4457 3179 4509 δεῖ
3223 4457 3649 4528 ὲγκρατεύεσθαι
3694 4459 3779 4509 τὸν

2208 4550 2389 4603 δοῦλον
2420 4549 2513 4602 τοῦ
2557 4549 2710 4602 Θεοῦ.
2749 4549 2805 4601 ’0
2838 4547 2946 4619 γὰρ
2974 4548 3046 4619 μὴ
3072 4548 3533 4619 ἐγκρατευόμενος
3556 4548 3777 4609 τούτων,

2208 4643 2268 4695 οὐ
2301 4642 2517 4695 δύναται
2543 4638 2703 4712 ζῆσαι
2735 4639 2814 4709 τῷ
2838 4638 2976 4709 Θεῷ.
3007 4641 3201 4692 ’Ἄκουε
3224 4640 3279 4693 δὲ
3304 4641 3398 4693 καὶ
3422 4639 3494 4692 τὰ
3517 4640 3776 4694 ἀκόλουθα

2206 4733 2437 4787 τούτων·
2474 4733 2584 4785 Καὶ
2616 4730 2784 4784 πολλά
2814 4732 2950 4783 εἰσιν
2983 4731 3077 4799 ἀφ’
3106 4724 3179 4784 ὧν
3210 4731 3290 4784 δεῖ
3337 4732 3429 4784 τὸν
3469 4732 3657 4786 δοῦλον
3686 4732 3772 4785 τοῦ

2208 4822 2342 4878 Θεοῦ
2376 4821 2799 4895 ὲγκρατεύεσθαι
2824 4863 2837 4887 ,
2872 4822 3045 4893 κλοπὴ
3069 4863 3083 4887 ,
3115 4821 3337 4893 ψεῦδος,
3372 4823 3737 4896 ἀποστέρησις
3757 4865 3770 4887 ,

1615 4954 1853 5009 VARUE
1890 4955 2271 5014 LECTIONES
2306 4956 2395 5013 ET
2429 4953 2637 5010 NOTE

613 5060 728 5132 (14)
765 5059 920 5132 Dold.
953 5062 1259 5117 creationes.
1290 5061 1481 5120 Lamb.
1511 5068 1798 5122 orationes.

613 5130 726 5203 (15)
767 5130 846 5184 Ex
872 5131 1055 5186 Doctr.
1087 5134 1157 5203 ad
1180 5134 1424 5188 Antioch.
1451 5152 1601 5191 num.
1631 5136 1685 5192 8.
1714 5138 1913 5194 Eadem
1947 5140 2109 5197 habet

541 5199 844 5257 Antiochus
877 5203 1065 5257 homil.
1098 5202 1185 5257 79.
1476 5224 1479 5225 ν

769 5271 928 5348 forte
956 5272 1138 5348 facies.
1177 5273 1501 5348 Antiochus,
1534 5276 1913 5348 ἐργαζόμενος.

613 5341 724 5411 (17)
769 5341 858 5396 Sic
890 5341 1063 5410 Bodl.,
1093 5342 1282 5398 Lamb.
1315 5353 1369 5399 et
1399 5341 1578 5400 CotelI
1604 5341 1689 5402 At.
1722 5341 1926 5403 addunt
1960 5367 1973 5403 :
2001 5348 2107 5404 Re-

542 5414 750 5479 spondit
768 5413 919 5466 milii.

619 5482 730 5549 (18)
770 5483 879 5567 Aut
906 5484 1113 5567 legebat
1138 5483 1244 5538 ἀπὸ
1276 5488 1554 5567 μοιχείας,
1604 5489 1898 5560 πονηρίας,
1947 5490 2107 5560 μεθύ-

546 5566 776 5630 σματος..
793 5562 885 5606 aut
904 5553 1250 5630 μεθύσματος
1271 5553 1532 5630 iungebat
1558 5574 1681 5613 cum
1707 5553 1839 5614 v'bce
1869 5553 1991 5630 qua:
2020 5578 2109 5615 se-

545 5624 727 5745 quatur
755 5623 981 5694 ἀνομίας
1002 5664 1015 5687 ,
1064 5623 1207 5682 sicut
1240 5623 1498 5685 exhibent
1535 5630 1643 5685 duo
1673 5623 1899 5687 codices
1919 5630 2103 5745 Regis:

2279 5068 2391 5139 (19)
2431 5067 2582 5139 Bodl.
2614 5076 2668 5120 et
2695 5064 2885 5139 Lamb.
2916 5068 3183 5139 conviviis.

2276 5136 2389 5210 (⁷20)
2430 5136 2620 5210 Lamb.
2654 5136 2987 5210 abn‘egantia.

2276 5206 2389 5278 (21)
2428 5206 2621 5278 Lamb.
2655 5206 2855 5260 omittit
2879 5207 3224 5278 detractione.

2274 5276 2387 5345 (22)
2428 5276 2622 5331 Lamb.
2652 5278 2903 5329 memoria
2929 5276 3298 5345 malignitatis.

2274 5344 2386 5418 (25)
2420 5346 2615 5418 _Gr:eca
2670 5344 3186 5418 pseudo-Athanasii
3219 5356 3270 5401 et
3320 5344 3616 5415 Antiocb.,
3664 5360 3767 5405 etc.

2203 5416 2381 5489 πάσης
2411 5416 2619 5489 βλασφη
2629 5416 2775 5486 μίας.

2275 5485 2387 5558 (21)
2415 5485 2567 5559 Mss.
2588 5485 2771 5540 Carm.
2798 5496 2849 5541 et
2872 5485 3013 5559 Vict.
3042 5488 3247 5541 horum.
3276 5486 3465 5541 Adhuc
3494 5505 3618 5559 ergo
3649 5504 3768 5543 sunt

2204 5559 2472 5628 sequentia
2505 5558 2711 5620 horum,
2739 5574 2770 5609 a
2796 5557 3002 5626 quibus,
3032 5566 3136 5613 etc.

2203 5692 2215 5700 _
2270 5627 2389 5697 (25)
2431 5627 2804 5700 Lamb.__apud
2835 5628 3452 5700 Clericnm.negatione.
3481 5630 3663 5686 Fellus
3690 5641 3769 5683 ta-

2205 5696 2329 5754 ineu
2362 5700 2417 5753 in
2454 5714 2553 5755 sua
2584 5696 2714 5753 edit.
2758 5696 2934 5754 Oxon.
2987 5715 3018 5751 a
3057 5696 3461 5777 de[raudatione
3486 5743 3501 5765 .
3554 5720 3584 5755 α
3630 5702 3763 5771 falsa
