4002 6308
257 258 366 316 933

1258 259 1545 316 PAS’I‘OR
1579 290 1648 302 -
1684 260 1811 317 LIB.
1850 260 1919 330 II,
1960 261 2348 319 MANDATUM
2386 260 2519 317 VIII.

3411 266 3513 324 934

252 374 717 445 ψευδομαρτυρία,
749 373 1045 442 πλεονεξία,
1074 376 1358 442 ἀλαζονεία
1399 380 1493 431 καὶ
1516 380 1616 432 ὃσα
1635 380 1839 445 τούτοις

1946 384 2278 449 testimonio,
2309 397 2338 436 a
2372 381 2689 451 cupiditate,
2723 398 2753 437 a
2782 381 3058 453 superbia,
3086 392 3141 439 et
3171 398 3513 455 quaecunque

252 464 439 535 ὃμοια.
477 466 538 517 Εἰ
559 462 651 517 οὖν
663 466 807 518 δοκεί
834 484 912 519 σοι
938 468 1147 539 πονηρά
1170 466 1306 521 εἶναι
1338 469 1508 523 ταῦτα
1537 471 1680 542 (26);
1731 472 1839 524 Καὶ

252 554 381 608 λίαν
417 556 625 627 πονηρά
650 558 761 618 τοῖς
792 557 995 621 δούλοις
1026 558 1119 610 τοῦ
1154 560 1307 613 Θεοῦ.
1328 562 1719 632 Ἑγκράτευσαι
1748 559 1839 616 οὖν

250 646 370 699 ἀπὸ
394 646 630 709 πάντων,
658 646 743 703 ἵνα
770 646 940 720 ζήσῃς
961 648 1040 719 τῷ
1058 649 1195 719 Θεῷ,
1221 652 1313 703 καὶ
1346 653 1669 724 ὲγγραφήση
1704 652 1842 723 μετά

249 738 369 790 τῶν
405 739 901 808 ὲγκρατευομένων.
944 741 1009 791 "A
1045 742 1139 810 μὲν
1165 738 1255 795 οὖν
1279 743 1358 795 δεῖ
1390 744 1837 815 ὲγκρατεύεσθαι,

249 832 435 884 ταῦτά
469 834 633 883 ἐστιν.
670 832 735 881 Ἀ
767 832 823 884 δὲ
867 833 947 885 δεῖ
979 851 1036 885 σε
1088 834 1160 903 μὴ
1196 836 1652 905 ὲγκρατεύεσθαι,
1708 835 1843 888 ἀλλά

250 926 454 987 ποιεῖν,
483 924 643 977 ἄκουε
664 940 677 952 ’
708 925 924 978 πάντων
952 926 1165 997 πρῶτον
1194 929 1392 991 πίστις,
1427 929 1586 998 φόϐος
1612 930 1836 1000 Κυρίου,

248 1015 517 1084 ὁμόνοια,
570 1014 798 1084 ἀγάπη,
868 1017 1085 1085 ῥήματα
1142 1018 1518 1089 δικαιοσύνης,
1579 1019 1837 1089 ἀλήθεια,

253 1107 527 1177 ὑπομονὴ.
566 1106 780 1158 Τούτων
812 1108 1154 1180 ἀγαθὼτερον
1189 1110 1339 1162 ούδέν
1372 1112 1519 1163 ἐστιν
1544 1112 1601 1163 ἐν
1633 1115 1699 1181 τῇ
1727 1111 1836 1182 ζωῇ

248 1198 370 1250 τῶν
421 1197 753 1269 ἀνθρώπων’
807 1199 977 1252 ταῦτα
1027 1202 1119 1253 ὲάν
1154 1220 1235 1264 τις
1288 1203 1585 1271 φυλάσσει,
1638 1204 1841 1274 καὶμὴ

184 1356 187 1359 ν
251 1289 654 1361 ἐγκρατεύεται
687 1291 780 1343 ἀπ’
816 1291 1014 1356 αὐτῶν,
1055 1294 1322 1365 μακάριός
1357 1296 1503 1346 ἐστιν
1537 1297 1594 1347 ὲν
1626 1298 1692 1365 τῇ
1728 1294 1838 1365 ζωῇ

250 1380 449 1438 αὐτοῦ.
486 1378 619 1434 Εἶτα
652 1383 854 1435 τούτων
886 1382 955 1434 τὰ
988 1384 1252 1437 ἀκόλουθα
1286 1385 1477 1438 ἄκουεο
1505 1386 1674 1455 χήρας
1703 1386 1843 1454 ὑπη-

261 1478 462 1545 ρετεῖν,
499 1474 590 1526 καὶ¹
624 1476 890 1545 ὀρφανοὺς
923 1476 1345 1547 ὑστερουμένους
1384 1478 1800 1529 ἐπισκέπτεσθαι
1824 1518 1839 1541 ,

256 1563 323 1629 ὲξ
354 1564 599 1632 ἀνάγκης
630 1562 1005 1634 λυτρώσασθαι
1033 1566 1158 1628 τοὺς
1188 1565 1405 1629 δούλους
1438 1565 1530 1617 τοῦ
1564 1566 1718 1629 Θεοῦ,
1755 1584 1842 1635 φι-

252 1652 471 1718 λόξενον
506 1649 663 1717 εἶναι,
698 1655 755 1705 ὲν
788 1654 895 1725 γάρ
929 1658 992 1724 τῇ
1031 1654 1302 1726 φιλοξενίᾳ
1348 1656 1658 1727 εὑρίσκεται
1707 1659 1842 1725 ἀγα-

1941 472 2008 527 iis
2038 472 2238 527 similia
2270 481 2417 526 sunt.
2450 472 2715 527 Videntur
2742 475 2993 543 ergotibi
3035 475 3149 529 brec
3184 476 3320 529 mala
3353 491 3509 541 esse,

1941 576 2010 615 an
2040 562 2186 616 non?
2217 561 2481 631 Equidem
2520 564 2675 617 valde
2712 563 2855 616 mala
2886 574 3012 618 sunt
3053 566 3223 620 servis
3264 565 3378 619 Dei.
3429 566 3511 619 Ab

1940 652 2026 706 his
2060 668 2188 724 ergo
2218 653 2476 707 omnibus
2511 652 2623 723 ('27)
2658 654 2816 707 debet
2851 654 3126 708 abstinere
3153 671 3343 710 servus
3388 655 3506 711 Dei.

1940 743 2171 799 Abstine
2196 760 2326 815 ergo
2353 745 2421 798 ab
2452 745 2710 799 omnibus
2736 746 2843 809 his,
2874 756 2932 799 ut
2968 747 3117 802 vivas
3149 746 3288 811 Deo,
3314 756 3368 801 et
3396 747 3510 817 (‘28)

1942 835 2204 889 scribaris
2237 852 2359 889 cum
2394 829 2812 890 abstinentibus.
2852 837 2892 889 A
2926 838 3127 905 quibus
3154 854 3281 907 ergo
3313 838 3511 892 debeas
3550 830 3553 831 ⁷

1942 927 2238 993 abstinere,
2276 928 2365 980 illa
2416 938 2563 982 sunt.
2621 928 2663 979 A
2694 927 2893 997 quibus
2935 938 3114 982 autem
3165 945 3269 982 non
3313 930 3512 984 debeas

1941 1017 2234 1081 abstinere,
2286 1018 2432 1073 audi.
2486 1018 2569 1071 Ab
2607 1019 2862 1071 omnibus
2907 1018 3066 1071 bonis
3108 1018 3365 1086 operibus
3400 1018 3511 1071 noli

1942 1108 2236 1170 abstinere,
2288 1110 2377 1162 sed
2430 1108 2514 1163 fac
2548 1110 2659 1162 illa.
2692 1110 2853 1171 Audi,
2890 1109 3087 1177 inquit,
3121 1108 3375 1161 virtutem
3408 1108 3511 1161 bo-

1942 1215 2136 1253 norum
2171 1215 2396 1269 operum
2426 1214 2546 1267 qua:
2569 1199 2767 1253 debeas
2800 1199 3038 1267 operari,
3087 1209 3145 1251 ut
3184 1198 3366 1251 salvus
3391 1211 3512 1251 esse

1943 1292 2141 1361 possis.
2175 1290 2417 1344 Primum
2465 1290 2709 1344 omnium
2758 1298 2842 1343 est
2885 1288 3040 1353 ﬁdes,
3078 1290 3241 1342 timor
3270 1287 3507 1353 Domini,

1942 1382 2203 1449 Charitas,
2229 1384 2542 1448 concordia,
2569 1382 2794 1450 aequitas
2820 1380 2956 1448 (29),
2978 1381 3197 1441 veritas,
3226 1380 3508 1449 patientia,

1943 1473 2188 1529 castitas.
2224 1472 2295 1527 lis
2323 1473 2456 1526 nihil
2489 1484 2570 1527 est
2604 1474 2797 1526 melius
2830 1473 2881 1525 in
2916 1474 3019 1526 vita
3054 1472 3330 1526 hominum
3355 1513 3368 1537 ,
3415 1470 3510 1541 qui

1944 1565 2059 1620 hinc
2084 1566 2437 1619 eustodierint
2458 1575 2509 1619 et
2541 1564 2768 1619 fecerint
2790 1565 2844 1617 in
2874 1564 2977 1617 vita
3010 1581 3105 1619 sua
3135 1564 3269 1635 (30).
3306 1563 3512 1619 Deinde

1944 1658 2137 1710 horum
2168 1656 2446 1726 sequentia
2477 1656 2622 1710 audi.
2658 1655 2842 1710 Viduis
2870 1656 3271 1735 administrare,
3307 1656 3511 1725 orpha-

256 1744 571 1815 θοποίησις·
638 1744 859 1815 ἡσύχιον
922 1742 1098 1810 εἶναι,
1165 1746 1498 1819 ἐνδεέστερον
1556 1748 1839 1817 γενέσθαι,

1945 1764 2044 1802 nos
2063 1757 2116 1802 et
2132 1764 2394 1818 pauperes
2417 1764 2524 1803 non
2543 1748 2841 1817 despicere,
2859 1757 2911 1803 et
2931 1732 3118 1803 servos
3136 1746 3308 1801 Deiex
3326 1763 3513 1803 neces-

252 1836 439 1889 πάντα
474 1836 754 1907 ἄνθρωπον
788 1836 1097 1908 πρεσϐύτην
1125 1837 1395 1901 σέϐεσθαι,
1421 1839 1610 1892 ἀσκεῖν
1641 1841 1845 1895 δικαιο-

256 1926 451 1997 σύνην,
488 1927 821 1997 ἀδελφότητα
856 1931 1163 1999 συντηρεῖν,
1201 1928 1357 2000 ὓϐριν
1392 1931 1703 2004 ὑποφέρειν,
1736 1953 1843 2004 μα-

256 2016 545 2088 κρὸθυμον
578 2012 748 2081 εἶναι’,
783 2019 1183 2088 ἀμνησίκακον,
1232 2020 1538 2089 κάμνοντας
1586 2025 1649 2092 τῇ
1696 2023 1840 2095 ψυχῇ

257 2109 599 2180 παρακαλεῖν
620 2149 634 2171 ,
681 2109 1199 2179 ἐσκανδαλισμένους
1233 2111 1339 2164 ἀπὸ
1370 2113 1469 2181 τῆς
1501 2113 1733 2177 πίστεως
1765 2116 1839 2187 μὴ

256 2200 649 2265 ἀποϐαλέσθαι,
687 2201 799 2254 ἀλλ’
833 2202 1179 2273 ἐπιστρέφειν
1212 2203 1305 2255 καλ⁵
1341 2204 1604 2274 ἐνθύμους
1646 2210 1838 2273 ποιεῖν,

260 2292 677 2361 ἁμαρτάνοντας
709 2292 1005 2357 νουθετεῖν,
1055 2292 1331 2364 χρεώστας
1367 2295 1439 2365 μὴ
1474 2294 1705 2359 θλίϐειν,
1755 2299 1840 2350 ὲν-

259 2383 409 2445 δεεῖς
443 2381 514 2453 μὴ
545 2382 754 2447 λυπεῖν,
791 2384 884 2435 καὶ
917 2386 1015 2437 ὅσα
1048 2384 1257 2447 τούτοις
1291 2386 1449 2455 ὅμοιά
1481 2388 1646 2440 ἐστιν.
1686 2392 1843 2444 Δοκεῖ

265 2491 351 2527 σοι
384 2473 553 2526 ταῦτα
579 2475 759 2542 ἀγαθά
791 2472 962 2540 εἷναι;
1000 2476 1063 2527 Τί
1095 2476 1202 2547 γὰρ
1229 2475 1447 2530 δύναται
1472 2479 1675 2532 τούτων
1702 2484 1839 2549 ἀγα-

262 2563 500 2636 Θώτερον
534 2562 703 2631 εἶναις
740 2567 986 2637 Γύμναζε
1023 2568 1244 2620 σεαυτὸν
1277 2570 1333 2621 ἐν
1360 2568 1600 2636 τούτοις,
1638 2574 1729 2625 καὶ
1765 2574 1839 2644 μὴ

261 2657 598 2728 ὲγκρατεύου
633 2659 869 2723 πάντων,
900 2660 993 2711 καὶ
1027 2658 1165 2731 ζήσῃ
1196 2660 1273 2730 τῷ
1307 2661 1443 2731 Θεῷ.

1943 1843 2102 1897 sitate
2130 1843 2413 1906 redimere,
2446 1842 2766 1911 hospitalem
2792 1856 2947 1907 esse;
2992 1840 3355 1910 hospitalitate
3391 1840 3510 1913 (5i)

1942 1935 2088 1988 enim
2124 1933 2397 1987 invenitur
2427 1932 2720 2002 aliquando
2753 1932 2965 1987 fructus
2995 1932 3172 1986 bonus
3200 1951 3213 1985 :
3243 1948 3348 1987 non
3375 1948 3510 1988 con-

1938 2026 2229 2090 tradicere,
2260 2023 2506 2093 quietum
2538 2039 2680 2088 esse,
2712 2023 3079 2076 humillimum
3104 2021 3216 2093 (32)
3243 2023 3359 2077 tieri
3387 2036 3509 2078 om-

1941 2117 2093 2170 nium
2130 2115 2411 2169 hominum
2438 2154 2452 2178 ,
2487 2115 2725 2183 majores
2768 2124 2899 2167 natu
2932 2116 3108 2168 colere
3130 2157 3145 2180 ,
3179 2117 3395 2171 studere
3418 2119 3509 2187 ju-

1935 2211 2117 2276 stitiaz,
2169 2208 2561 2264 fraternitatem
2605 2222 2949 2273 conservare,
2996 2206 3356 2265 contumelias
3390 2211 3509 2266 suf-

1939 2307 2103 2373 ferre,
2128 2306 2486 2376 aequanimem
2509 2320 2630 2359 esse
2656 2322 2669 2370 ;
2694 2304 2878 2373 lapsos
2916 2320 2947 2358 a
2992 2304 3093 2359 fide
3134 2321 3238 2361 non
3276 2307 3509 2377 projice-

1938 2414 2028 2462 re,
2080 2398 2174 2453 sed
2229 2396 2561 2467 atquanimes
2604 2395 2815 2461 facere;
2850 2407 3136 2464 peccantes
3192 2401 3502 2464 admonere,

1948 2488 2216 2542 debitores
2247 2502 2351 2539 non
2396 2500 2675 2556 premere;
2727 2492 2780 2537 et
2822 2484 2865 2539 si
2911 2501 3017 2555 qua
3049 2487 3114 2540 iis
3152 2488 3372 2545 similia.
3412 2487 3504 2542 Vi-

1938 2579 2136 2632 dentur
2167 2577 2259 2631 tibi
2302 2578 2414 2630 haec
2442 2591 2561 2631 esse
2589 2576 2753 2640 bona,
2778 2590 2845 2628 an
2880 2578 3031 2630 non?
3056 2576 3193 2643 Quid
3224 2582 3367 2634 enim
3392 2596 3506 2637 me-

1938 2668 2046 2722 lius
2070 2676 2171 2731 est,
2200 2668 2445 2736 inquam,
2471 2666 2650 2720 verbis
2672 2665 2790 2720 istis
2807 2666 2946 2737 (53)?
2972 2666 3097 2722 Vive
3122 2684 3272 2740 ergo,
3305 2672 3502 2742 inquit,

262 2747 321 2801 in
354 2748 439 2801 bis
481 2749 785 2815 mandatis,
831 2757 885 2803 et
914 2748 1023 2802 noli
1060 2750 1128 2804 ab
1155 2750 1233 2804 eis
1264 2752 1536 2807 recedere.
1572 2750 1629 2807 Si
1660 2754 1805 2809 enim
1838 2758 2166 2814 custodieris
2195 2757 2311 2813 haec
2335 2758 2518 2813 omnia
2548 2757 2828 2825 mandata,
2861 2759 3012 2815 vives
3048 2761 3192 2829 Deo;
3224 2770 3277 2818 et
3307 2777 3500 2822 omnes

261 2841 361 2910 qui
388 2841 747 2896 custodierint
777 2840 891 2895 hinc
926 2840 1199 2905 mandata,
1240 2842 1421 2896 vivent
1447 2842 1579 2898 Deo.

1522 2942 1865 3010 ANTIOCHUS,
1909 2948 2131 3002 homilia
2172 2946 2258 3001 79.

352 3033 416 3084 Ἡ
447 3026 538 3084 οὖν
570 3032 859 3103 ἐγκράτεια
894 3032 1052 3103 διπλῆ
1086 3033 1258 3086 ἐστιν’
1298 3035 1388 3088 ὲπί
1433 3053 1592 3089 τινων
1624 3038 1731 3109 γὰρ
1762 3040 1844 3094 δεῖ
1867 3049 1912 3110 c

260 3116 710 3192 ὲγκρατεύεσθαι,
746 3123 835 3177 ἐπί
866 3141 1026 3175 τινων
1056 3124 1112 3176 δὲ
1144 3125 1204 3177 ού
1236 3125 1332 3178 δεῖ.
1372 3127 1442 3179 Τὸ
1470 3128 1701 3199 πονηρὸν
1734 3129 1840 3201 γὰρ

258 3214 345 3267 δεῖ
378 3214 819 3285 ἐγκρατεύεσθαι,
846 3217 937 3268 καὶ
966 3216 1037 3287 μὴ
1072 3220 1243 3270 ποιεῖν
1270 3219 1399 3271 αύτό
1419 3235 1430 3246 ’
1468 3220 1526 3272 τὸ
1558 3220 1613 3272 δὲ
1640 3221 1839 3289 ἀγαθὸν

264 3305 347 3375 μὴ
386 3306 839 3375 ἐγκρατεύεσθαι,
877 3307 1011 3359 ἀλλά
1060 3312 1248 3360 ποιεῖν.
1312 3310 1701 3380 Ἐγκράτευσαι
1748 3308 1838 3366 οὖν

261 3398 375 3449 ἀπὸ
402 3399 577 3468 πάσης
602 3398 881 3469 πονηρίας,
912 3399 1273 3470 ἐργαζόμενος
1302 3401 1362 3453 τὸ
1388 3402 1612 3469 ἀγαθόν’
1640 3404 1840 3475 ἐγκρά-

260 3507 454 3541 τευσαι
478 3489 582 3541 ἀπὸ
610 3490 869 3558 μοιχείας,
900 3491 1171 3561 πορνείας,
1202 3492 1562 3563 μεθύσματος,
1588 3496 1834 3566 ἀνομίας,

262 3582 375 3634 ἀπὸ
398 3584 624 3653 τρυφῆς,
648 3583 755 3635 ἀπὸ
789 3586 1069 3654 πονηρίας,
1094 3586 1199 3638 ἀπό
1223 3604 1282 3638 τε
1308 3588 1614 3658 ἐδεσμάτων
1630 3591 1838 3645 πολλῶν

261 3676 362 3727 καὶ
382 3674 745 3737 πολυτελείας,
766 3674 1015 3739 πλούτου,
1047 3678 1141 3730 καὶ
1180 3680 1514 3749 καυχήσεως,
1536 3682 1741 3752 {id/nlo?
1751 3701 1837 3755 po-

263 3766 453 3838 σύνης,
470 3769 560 3819 καὶ
580 3768 680 3819 ύπε
690 3769 974 3838 ρηφανίας,
994 3771 1085 3821 καὶ
1099 3769 1204 3822 ἀπὸ
1220 3770 1549 3841 ψεύσματος,
1566 3775 1655 3827 καὶ
1675 3793 1840 3828 κατα-

2018 3042 2193 3113 Igitur
2228 3043 2544 3097 abstinentia
2573 3043 2763 3113 duplex
2790 3053 2865 3098 est
2905 3059 2923 3097 :
2958 3062 2990 3098 a
3024 3046 3337 3115 quibusdam
3365 3048 3503 3101 enim

1942 3134 2202 3187 abstinere
2231 3144 2466 3202 oportet;
2500 3153 2530 3188 a
2562 3136 2878 3205 quibusdam
2918 3154 3035 3191 vero
3070 3156 3169 3192 non
3208 3149 3426 3209 oportet.
3455 3141 3501 3192 Α

1941 3229 2081 3281 ηιαΙο
2104 3231 2239 3281 enim
2264 3228 2525 3281 abstinere
2552 3238 2773 3297 oportet,
2797 3239 2845 3283 et
2874 3231 2928 3283 id
2953 3248 3054 3284 non
3082 3233 3253 3300 facere
3278 3251 3296 3288 :
3317 3251 3348 3286 a
3372 3234 3504 3289 bono

1940 3331 2113 3373 autent
2145 3338 2246 3373 non
2290 3322 2585 3387 abstinere,
2629 3322 2717 3374 sed
2757 3322 2946 3390 facere.
2994 3324 3211 3379 Abstine
3249 3326 3411 3395 igitur
3437 3326 3503 3380 ab

1940 3415 2082 3466 omni
2114 3414 2273 3478 malo,
2302 3414 2499 3482 faciens
2523 3416 2658 3483 quod
2684 3416 2872 3468 bonum
2894 3426 2969 3468 est
2998 3431 3016 3467 :
3037 3416 3238 3471 abstine
3260 3418 3324 3470 ab
3349 3418 3506 3472 adul-

1942 3506 2093 3568 terio,
2118 3505 2485 3573 fornicatione,
2516 3504 2784 3571 ebrietate,
2815 3506 3021 3559 malitia
3044 3524 3133 3559 seu
3157 3508 3502 3573 inhonestate,

1939 3613 1972 3649 a
2001 3595 2203 3649 deliciis
2228 3636 2241 3659 ,
2283 3595 2346 3647 ab
2380 3612 2497 3648 esca
2528 3597 2693 3649 nimia
2728 3602 2777 3650 et
2808 3598 3044 3661 lautitia,
3079 3600 3280 3652 divitiis
3309 3610 3357 3652 et
3388 3600 3504 3670 glo-
3554 3586 3570 3615 δ

1939 3690 2185 3752 riatione,
2214 3699 2259 3740 et
2291 3688 2515 3742 elatione
2539 3689 2703 3741 animi
2731 3701 2779 3743 et
2805 3692 3071 3760 superbia,
3100 3702 3149 3744 et
3179 3710 3212 3744 rt
3235 3693 3504 3745 mendacio

1940 3796 2001 3831 ac
2030 3780 2372 3843 detractione,
2402 3788 2451 3833 et
2484 3781 2716 3850 nequitia
2745 3782 2872 3850 ﬁcta
2894 3824 2907 3848 ,
2938 3793 2986 3836 et
3020 3785 3379 3837 recordatione
3416 3786 3504 3837 in-

260 3854 473 3917 λαλιᾶς,
510 3856 602 3907 καὶ
623 3856 975 3926 ὑποκρίσεως,
1000 3860 1091 3910 καὶ
1127 3862 1504 3929 μνησικακίας,
1538 3865 1631 3916 καὶ
1662 3865 1839 3936 πάσης

1939 3872 2113 3940 ᾔειν-ἔω,
2148 3880 2194 3923 et
2220 3871 2359 3923 omni
2382 3870 2703 3940 blasphemia
2733 3870 2843 3943 [seu
2869 3873 3013 3941 fama
3036 3874 3308 3947 pessima,]
3336 3876 3501 3944 furto,

264 3944 635 4015 βλασφημίας,
672 3945 1009 4015 κλέμματος,
1048 3948 1494 4019 ἀποστερήσεως,
1529 3951 1835 4025 ψευδομαρ-

259 4036 493 4107 τυρίας,
542 4036 885 4102 πλεονεξίας,
934 4039 1225 4109 ἐπιθυμίας
1272 4044 1541 4111 πονηρᾶς,
1592 4044 1833 4116 ἀπάτης,

261 4128 593 4194 κενοδοξίας,
623 4128 955 4193 ἀλαζονείας,
990 4132 1083 4182 καὶ
1127 4132 1226 4183 ὅσα
1257 4132 1461 4195 τούτοις
1503 4134 1660 4204 ὅμοιά
1698 4138 1832 4189 ἐστι.

262 4221 484 4274 Τούτων
517 4222 580 4291 δὴ
613 4221 719 4272 τῶν
746 4221 921 4292 ἔργων
954 4222 1034 4274 δεῖ
1064 4221 1485 4294 ἐγκρατεύεσοαι
1517 4227 1605 4278 τὸν
1638 4228 1835 4295 ἀγωνι-
1862 4241 1899 4263 ·’

266 4315 401 4387 στὴν
433 4315 526 4368 καὶ
559 4314 742 4367 δοῦλον
773 4314 866 4367 τοῦ
900 4315 1055 4368 Θεοῦ.
1090 4318 1209 4370 Εἰσὶ
1242 4318 1332 4369 καὶ
1366 4319 1499 4389 ἔργα
1544 4321 1753 4388 ἀγαθὰ,
1799 4323 1835 4377 ἃ

1940 3966 2127 4035 fraude
2157 3981 2246 4017 seu
2278 3964 2653 4034 abnegatione,
2686 3965 2823 4033 falso
2856 3968 3153 4020 testimonio
3174 4010 3189 4035 ,
3234 3970 3462 4022 avaritia
3482 4012 3498 4033 ,

1938 4054 2222 4124 cupiditate
2264 4056 2437 4115 mala,
2490 4055 2613 4109 dolo
2638 4097 2653 4121 ,
2694 4056 2841 4110 inani
2888 4058 3093 4127 gloria,
3135 4062 3411 4129 superbia,
3451 4073 3503 4116 et

1936 4163 2253 4216 quwcunque
2293 4147 2357 4199 iis
2398 4146 2593 4199 similia
2640 4156 2780 4201 sunt.
2830 4149 2908 4201 Ab
2960 4150 3039 4204 Itis
3090 4168 3211 4221 ergo
3261 4152 3501 4218 operibus

1936 4248 2137 4307 oportet
2163 4238 2420 4291 abstinere
2443 4238 2668 4307 pugilem
2703 4256 2764 4291 ac
2790 4256 2991 4293 servum
3020 4242 3134 4296 Dei.
3166 4242 3298 4297 Sunt
3326 4253 3503 4297 autem

1938 4340 1985 4384 et
2012 4347 2167 4399 opera
2196 4331 2328 4382 bona
2348 4372 2362 4394 ,
2392 4346 2507 4399 qua:
2547 4340 2747 4399 oportet
2788 4332 2991 4400 facere,
3027 4343 3077 4387 et
3105 4351 3138 4387 a
3174 4334 3362 4404 quibus
3395 4351 3502 4389 non

1354 4422 1589 4479 ῩΛΒΙᾸΞ
1628 4425 2009 4482 LECTIONES
2046 4427 2134 4482 ΕΤ
2173 4425 2406 4481 NOTAE.

266 4517 605 4595 testimoniq,
637 4534 669 4569 a
705 4517 992 4595 cupiditate
1014 4557 1046 4595 ,_
1076 4537 1106 4571 a
1143 4519 1437 4588 jactantia,
1487 4531 1535 4595 et
1584 4537 1832 4589 quarcun-
1865 4539 1909 4595 ι)
1935 4523 2078 4592 quod
2113 4523 2164 4573 in
2193 4521 2381 4595 Grzeco
2406 4520 2615 4595 legatur
2638 4520 2831 4591 ἔργων.
2854 4517 3048 4595 _Neque
3076 4516 3279 4595 fallitur
3308 4519 3391 4595 vir
3412 4520 3496 4577 CI.

264 4597 519 4659 que,etc.
549 4587 638 4641 Sic
666 4599 844 4641 autem
879 4588 986 4647 ille,
1015 4587 1671 4659 licetagnoscateditt.1ct
1700 4609 1830 4646 mss.

263 4658 525 4712 exhibere
552 4659 910 4727 abnegatione,
944 4668 995 4710 et
1024 4662 1201 4711 statim
1232 4660 1472 4725 superbia
1496 4674 1513 4709 :
1544 4678 1561 4709 ι
1597 4658 1720 4724 Sed,
1752 4663 1835 4715 in-

264 4728 409 4797 quit,
440 4743 601 4781 vores
634 4729 749 4781 istae
794 4729 955 4796 paulo
1006 4732 1257 4796 superius
1299 4731 1583 4792 habentur,
1634 4748 1731 4785 nec
1766 4733 1835 4784 ab

266 4808 495 4852 auctore
518 4799 757 4866 repetita}
778 4815 871 4867 per
891 4800 1241 4866 ταυτολογίαν
1260 4800 1406 4852 credi
1432 4800 1643 4853 debent.
1664 4800 1835 4856 Voces

263 4884 399 4938 ergo
426 4868 559 4921 alias
581 4886 642 4920 ex
671 4867 859 4921 Graeco
888 4869 1151 4938 Antiochi
1178 4871 1494 4938 repetendas
1524 4871 1671 4923 duxi.
1703 4890 1721 4922 ι

346 4934 458 5012 (26)
502 4938 556 4990 In
575 4940 734 4993 editis
757 4939 941 5012 Graeca
963 4940 1044 5012 sic
1066 4957 1078 4991 :
1103 4934 1434 5012 εἶναιπαῦτα
1456 4955 1468 5002 ;
1502 4940 1793 5012 ’ᾼπεκρίθη
1815 4959 1828 4970 ·

265 5010 383 5062 Καὶ
410 5010 550 5071 λίαν,
586 5026 639 5081 κ.
673 5028 721 5061 τ.
757 5009 805 5060 λ.
830 5007 928 5062 Ubi
961 5009 1344 5081 vultClericus
1378 5009 1477 5078 leg.
1509 5007 1828 5081 ἀπεκρίθην.

265 5080 340 5135 At
372 5080 938 5148 pseudooAthanasius
985 5079 1127 5132 unde
1172 5082 1272 5133 ista
1302 5080 1582 5148 desumpta
1612 5122 1626 5144 ,
1657 5079 1835 5135 habet

266 5151 541 5223 ἀπεκρίθη
560 5160 663 5223 ;__et
692 5151 908 5220 quidem
941 5160 1151 5223 _recte;_
1183 5151 1711 5223 ejus_e_nimhoratio
1760 5152 1830 5205 ita

267 5218 539 5291 postulat,
564 5218 777 5275 Hermae
802 5237 909 5275 non
938 5221 1086 5274 item.
1114 5218 1190 5273 Ex
1221 5236 1285 5274 eo
1318 5220 1480 5289 igitur
1505 5220 1593 5274 illa
1625 5230 1831 5275 tantum

270 5296 501 5361 petenda
529 5308 651 5361 quae
703 5308 767 5345 ex
800 5291 996 5345 Ilerma
1040 5291 1329 5359 descripsit
1372 5308 1385 5343 :
1425 5301 1616 5361 czetera
1672 5294 1835 5345 omit-

272 5359 459 5425 ienda,
496 5359 558 5415 ut
580 5378 719 5431 smpe
752 5363 905 5415 alias.
940 5362 1123 5429 Neque
1154 5362 1299 5414 enim
1330 5359 1719 5415 conformanda
1750 5362 1831 5414 vi-

271 5436 471 5488 dentur
523 5432 1169 5501 pseudo-Athanasium,
1223 5441 1282 5483 ut
1332 5432 1496 5501 veteri
1552 5432 1832 5499 lnterpreti

270 5499 641 5571 respondeant
662 5523 675 5557 :
700 5506 841 5572 quod
866 5513 1043 5555 tamen
1070 5502 1267 5572 passim
1295 5517 1329 5572 a
1358 5499 1607 5572 Fabricio
1632 5501 1830 5555 factum

270 5570 463 5640 video,
511 5584 674 5644 atque
715 5570 745 5628 ἐι
792 5574 1001 5627 Clerico
1031 5582 1083 5627 et
1116 5571 1365 5625 Russelio
1397 5570 1703 5626 Fabricium
1744 5588 1833 5626 εε-

269 5648 431 5700 cutis.

351 5717 463 5786 (‘27)
505 5716 735 5785 Conjicit
765 5716 1063 5772 Cotelerius
1102 5716 1189 5769 hic
1233 5712 1535 5769 addendum
1570 5713 1831 5782 operibus,

1936 4590 2128 4669 contra
2158 4608 2224 4669 ac
2252 4591 2450 4669 scribit
2476 4590 2741 4669 Clericus,
2763 4591 2865 4669 Aqui
2905 4591 3314 4669 putavitjpsum
3348 4590 3501 4669 Ineu-

1937 4673 2051 4716 tum
2078 4663 2144 4715 de
2176 4662 2258 4715 his
2282 4660 2483 4714 Graecis
2513 4661 3052 4729 pseudo-Athanasii,
3083 4658 3169 4712 ubi
3195 4675 3325 4713 sane
3346 4661 3501 4717 deest

1935 4734 2129 4804 ἔργων.
2162 4730 2689 4804 Verum‘Cotclerjus
2721 4731 2970 4804 Antiochi
3002 4730 3185 4804 Graeca
3224 4733 3494 4799 respexit,

1934 4800 1986 4857 et
2016 4804 2101 4856 hic
2130 4802 2345 4871 quidem
2374 4801 2561 4853 homil.
2594 4801 2677 4861 79,
2710 4811 2766 4853 ut
2797 4818 2918 4853 mox
2949 4800 3108 4854 infra.
3140 4800 3324 4869 Neque
3348 4804 3495 4857 enim

1936 4874 1988 4925 in
2036 4870 2692 4940 istapseudo-Athanasii
2738 4870 2922 4924 Graeca
2954 4873 3181 4939 digitum
3217 4871 3495 4926 intendere

2008 4952 2162 5006 terat,
2192 4956 2312 5009 quae
2346 4943 2588 4993 nondum
2622 4941 2763 4994 edita
2798 4942 3032 5005 fuerant,
3064 4957 3185 4995 cum
3219 4941 3305 4994 ille
3336 4957 3494 4995 suam

2008 4959 2162 5006 terat,
2192 4959 2312 5009 qua:
2346 4959 2588 4993 nondum
2622 4959 2763 4994 emta
2798 4959 3032 5005 luerunt,
3064 4959 3185 4995 cum
3219 4959 3305 4994 me
3336 4959 3454 4994 sua!

1935 4959 2589 5081 Rtrumppostolicorum
2622 5011 2912 5063 editionem
2954 5012 3007 5065 iu
3034 5012 3226 5081 vulgus
3252 5011 3454 5065 emisit.

2006 5084 2117 5154 (28)
2160 5079 2347 5154 Lamb.
2376 5082 2593 5154 desunt,
2617 5082 2758 5134 vivas
2786 5082 2894 5134 Deo
2917 5092 2987 5136 et.

2008 5152 2119 5222 (29)
2161 5152 2348 5222 Lamb.
2375 5152 2561 5218 pietas,
2593 5154 2832 5221 tequitas.

2008 5219 2119 5293 (50)
2158 5221 2347 5276 Lamb.
2382 5230 2434 5274 et
2460 5219 2657 5275 Carm.
2686 5224 2739 5275 in
2782 5224 2886 5274 vita
2917 5222 3202 5293 hominum.
3249 5219 3352 5285 Qui
3381 5220 3493 5273 Iure

1935 5291 2233 5347 custodierit
2265 5302 2315 5346 et
2344 5293 2519 5356 fecerit
2552 5293 2603 5344 in
2636 5294 2739 5344 vita
2768 5310 2884 5358 sua,
2918 5293 3045 5344 viret
3076 5291 3199 5345 Deo.

2006 5366 2118 5434 (51)
2160 5366 2348 5416 Lamb.
2382 5360 2446 5434 In
2476 5362 2719 5434 hospitio.

2006 5429 2118 5504 (δεῖ)
2161 5434 2393 5504 Βυάιωι
2421 5430 2609 5485 Lamb.
2637 5432 2997 5504 humiliorem:
3023 5429 3191 5504 Vetus
3222 5433 3493 5504 interpres

1937 5500 2070 5560 forte
2112 5506 2213 5574 leg.
2256 5503 2590 5574 ἐνδεέστερον
2632 5501 2880 5568 γενέσθαι
2928 5500 3141 5574 πάντων
3172 5501 3490 5573 ἀνθρώπων.

1937 5575 2027 5630 Sic
2058 5585 2112 5630 et
2148 5570 2467 5627 Antiochus.
2500 5570 2671 5625 'Aliter
2698 5570 3273 5639 pseudo-Athanasius.

2006 5648 2117 5713 (33)
2158 5645 2308 5701 Bodl.
2340 5654 2389 5700 et
2422 5642 2609 5697 Lamb.
2637 5642 2822 5694 horum
2858 5641 3146 5697 verberant.
