4002 6308
552 262 658 317 935

2006 244 2065 307 S.
2097 243 2362 308 ῊΕΒΜᾸΞ

3684 244 3796 304 9'56

553 370 705 426 debes
735 368 1014 423 abstinere.
1044 366 1287 421 Primum
1311 382 1430 421 vero
1458 365 1690 422 omnium
1726 374 1803 419 est
1828 364 1957 434 fides
1979 405 1994 431 ,
2041 364 2113 417 ti-

2224 364 2294 417 δεῖ
2321 362 2669 435 ἐργάζεσθαι,
2706 358 2797 416 καὶ
2835 361 2908 432 μὴ
2940 350 3386 432 ὲγκρατεύεσθαι.
3422 355 3541 428 Πρὸ
3570 355 3627 408 δὲ
3663 358 3801 409 πάν-

556 480 672 518 mor
708 463 953 527 Domini,
991 462 1253 525 charitas,
1286 460 1598 523 concordia,
1627 458 1780 513 verba
1814 456 2112 529 wquitatis,

554 558 781 621 veritas,
830 554 1123 624 patientia,
1171 552 1341 605 viduis
1391 551 1801 616 administrare,
1855 548 2114 619 orphanos

555 662 803 717 pauperes
832 654 881 698 et
919 643 1111 698 solatio
1151 643 1432 696 destitutos
1461 642 1695 706 visitare,
1728 654 1899 694 servos
1928 638 2023 692 Dei
2052 653 2118 692 es

558 737 863 792 necessitate
891 736 1172 796 redimere,
1202 732 1518 802 hospitalem
1557 747 1698 796 esse,
1728 730 1991 799 quietum,
2022 730 2121 780 hu-

558 829 836 882 millimum
852 829 968 897 ﬁeri
991 827 1221 880 omnium
1239 825 1530 891 hominum,
1550 823 1772 892 majores
1790 821 2116 883 natncolere,

556 920 765 974 studere
796 918 1058 986 justitiat,
1100 916 1484 985 fraternitatem
1527 929 1849 975 conservare,
1889 913 2121 983 aequani-

557 1025 689 1063 mem
720 1024 856 1075 esse,
890 1006 1231 1062 contumelias
1261 1006 1479 1074 suﬁ‘erre
1509 1003 1637 1076 {seu
1666 1021 1768 1058 non
1799 1003 1985 1057 habere
2016 1018 2122 1055 me-

556 1102 781 1155 moriam
830 1096 1197 1169 injuriarum],
1249 1098 1428 1150 animo
1477 1096 1777 1150 laborantes
1821 1093 2117 1157 consolari;

556 1194 731 1265 lapsos
760 1211 792 1247 a
824 1195 926 1263 ﬁde
966 1210 1067 1246 non
1095 1192 1368 1262 projicere,
1403 1190 1494 1244 sed
1526 1197 1817 1243 convertere
1847 1204 1908 1240 ac
1943 1201 2121 1255 aequa—

555 1288 720 1340 nimes
749 1286 955 1355 facere;
995 1295 1265 1355 peccantes
1308 1283 1584 1337 admonere
1605 1323 1619 1345 ,
1654 1279 1911 1334 debitores
1942 1279 2119 1345 inopes

542 1395 658 1431 'non
693 1393 958 1446 premere;
1013 1388 1060 1430 et
1111 1376 1158 1429 si
1206 1393 1310 1446 qua
1358 1375 1425 1427 iis
1478 1372 1699 1428 similia.
1746 1367 1806 1424 Si
1836 1368 1973 1422 enim
2002 1367 2118 1437 quis

557 1470 860 1521 custodierit
877 1470 1005 1534 haec,
1032 1478 1080 1521 et
1102 1484 1204 1522 non
1226 1466 1288 1520 ab
1310 1467 1384 1520 eis
1402 1464 1666 1518 recesserit
1692 1478 1753 1515 ac
1788 1458 2118 1524 abstinuerit,

557 1562 686 1615 vivet
721 1560 846 1615 Deo.

2214 472 2342 521 των,
2376 456 2577 519 πίστις,
2613 453 2776 523 φόϐος
2806 453 3033 525 Κυρίου,
3058 450 3267 522 ἀγάπη,
3293 449 3539 519 ὁμόνοια,
3577 450 3797 519 ῥήματα

2216 544 2590 617 δικαιοσύνης,
2626 544 2883 616 ἀλήθεια,
2920 541 3192 615 προμονὴ,
3238 541 3436 611 χήραις
3477 540 3795 609 ὑπηρετεῖν,

2219 640 2487 712 ὀρφανοὺς
2520 637 2944 709 ὑστερουμένους
2974 634 3421 697 ἐπισκέπτεσθαι,
3451 633 3513 697 ἐξ
3544 632 3797 699 ἀναγκῶν

2221 728 2544 802 λυτροῦσθαι
2573 729 2701 791 τοὺς
2731 726 2950 790 δούλους
2979 725 3073 779 τοῦ
3104 724 3240 778 Θεοῦ
3258 764 3273 788 ,
3316 723 3593 794 φιλόξενον
3627 717 3796 787 εἶναι,

2220 819 2419 890 ἥσυχον
2440 857 2454 881 ,
2506 812 2842 890 ἐνδεέστερον
2894 815 3137 885 γίνεσθαι
3185 816 3403 869 πάντων
3457 811 3796 885 ἀνθρώπων,

2222 907 2527 979 πρεσϐύτας
2557 907 2825 973 σέϐεσθαι,
2851 908 3037 961 ἀσκεῖν
3068 905 3429 977 δικαιοσύνην,
3464 904 3799 975 ἀδελφότητα

2224 1002 2527 1070 συντηρεῖν,
2565 992 2912 1072 μακρόθυμον
2937 995 3097 1063 εἶναι,
3136 999 3501 1070 μνησικακίαν
3538 996 3615 1067 μὴ
3636 996 3797 1065 ἔχειν,

2220 1092 2525 1162 κάμνοντας
2566 1094 2633 1163 τῇ
2682 1091 2826 1162 ψυχῇ
2875 1091 3227 1163 παρακαλεῖν,
3274 1088 3798 1158 ὲσκανδαλισμένους

2219 1184 2329 1235 ἀπὸ
2361 1183 2598 1246 πίστεως
2633 1182 2705 1253 μὴ
2736 1181 3153 1247 ἀποϐάλλεσθαι,
3180 1180 3294 1235 ἀλλ’
3319 1180 3678 1251 ἐπιστρέφειν
3711 1178 3799 1231 καὶ

2216 1274 2489 1340 εὐθύμους
2518 1278 2709 1337 ποιεῖν,
2752 1275 3161 1345 ἁμαρτάνοντας
3193 1272 3481 1331 νουθετεῖν.
3519 1271 3799 1342 χρεώστας

2221 1364 2301 1436 μὴ
2333 1363 2537 1417 θλίϐειν
2571 1364 2801 1428 ἐνδεεῖς,
2841 1365 2935 1417 καὶ
2979 1364 3033 1417 εί
3058 1382 3177 1418 τινα
3206 1364 3415 1426 τούτοις
3454 1362 3625 1434 ὅμοιά
3668 1363 3797 1414 ἐστι.

2221 1456 2406 1511 Ταῦτα
2438 1456 2546 1529 γάρ
2586 1456 2681 1510 ὲάν
2715 1475 2798 1521 τις
2832 1456 3059 1530 φυλάξῃ,
3105 1458 3200 1510 καὶ
3247 1457 3322 1527 μὴ
3365 1454 3799 1529 ὲγκρατεύσηται

2220 1547 2317 1600 ἀπ’
2352 1546 2550 1612 αὐτῶν,
2585 1546 2808 1617 ζήσεται
2838 1546 2916 1617 τῷ
2951 1546 3089 1617 Θεῷ.

1860 1667 2320 1731 MANDATUM
2354 1667 2464 1727 IX.

1352 1772 1807 1839 Postula’ndum
1837 1792 1875 1833 a
1904 1774 2027 1833 Deo
2061 1768 2331 1839 assidue,
2376 1776 2429 1827 et
2458 1766 2592 1828 sine
2619 1764 3024 1827 hmsitatione.

1951 1895 2134 1951 APUT
2173 1893 2458 1950 UNICUM.
3701 1913 3719 1935 ι

1902 1896 2124 1953 CAPUT

544 2044 547 2045 ν
627 1999 825 2054 Iterum
855 1997 990 2053 dixit
1038 1995 1214 2052 mihi:
1254 1992 1407 2050 Tolle
1436 2002 1552 2049 ate
1594 1991 2011 2058 dubitationem,
2065 1998 2119 2044 et

2272 1896 2287 1946 1
2388 1896 2458 1949 Μ.
3701 1913 3719 1935 ι

2224 1896 2266 1949 N
2291 1896 2404 2056 ἓξ)
2444 1981 2611 2055 *Λρον
2638 1984 2745 2039 ἀπὸ
2770 1984 2863 2039 σοῦ
2889 1984 2990 2056 τὴν
3010 1981 3283 2055 διψυχίαν,
3312 1980 3405 2034 καὶ
3441 1977 3676 2050 μηδενὸς
3694 1978 3801 2047 (35)

558 2091 694 2146 nihil
720 2092 945 2145 omnino
970 2089 1204 2144 dubites.
1233 2086 1431 2142 Petens
1475 2084 1680 2154 aliquid
1710 2099 1739 2137 a
1764 2082 2019 2146 Domino,
2053 2096 2122 2137 ne

558 2181 709 2236 dicas
737 2181 876 2235 intra
907 2176 1303 2245 te:'Quomodo
1342 2176 1453 2247 (36)
1494 2191 1623 2231 vero
1661 2189 1882 2245 possum
1917 2171 2123 2243 aliquid

559 2280 742 2342 petere
760 2288 788 2325 a
820 2270 1071 2336 Domino,
1091 2269 1409 2324 et'obtinere
1435 2266 1574 2337 (58),
1600 2281 1724 2321 cum
1752 2266 1853 2320 sim
1872 2272 2123 2334 peccator

561 2374 835 2420 tantorum
859 2364 1125 2418 malorum
1146 2362 1208 2416 in
1239 2359 1565 2416 Dominum?
1587 2358 1707 2413 Noli
1738 2359 1841 2413 hoc
1862 2357 2120 2427 cogitare;

558 2456 653 2512 sed
707 2471 774 2513 ex
823 2455 954 2511 totis
983 2453 1299 2524 praecordiis
1325 2460 1640 2509 convertere
1695 2450 1761 2505 ad
1810 2426 2121 2504 Dominum.

561 2543 689 2600 Pete
715 2545 835 2600 sine
868 2543 1241 2610 dubitatione,
1264 2549 1319 2595 et
1352 2541 1493 2596 scies
1538 2538 1968 2596 misericordiam
2013 2536 2123 2590 Do-

560 2636 727 2702 mini;
788 2636 932 2706 quod
980 2650 1091 2689 non
1129 2642 1180 2689 te
1231 2633 1613 2703 derelinquet,
1663 2632 1757 2688 sed
1808 2630 2123 2700 petitionem

557 2725 757 2781 anima:
814 2733 921 2779 tuae
951 2722 1269 2795 adimplebit
1300 2724 1435 2795 (ii).
1486 2720 1605 2776 Non
1649 2727 1733 2775 est
1790 2717 1936 2773 enim
1981 2715 2126 2771 Deus

558 2804 703 2871 sicut
744 2814 1036 2882 homines,
1107 2827 1380 2869 memores
1441 2810 1552 2882 (42)
1603 2809 1956 2878 injuriarum;
2032 2805 2128 2861 sed

557 2917 647 2964 est
698 2908 989 2963 immemor
1037 2907 1403 2977 iniuriarum,
1457 2913 1511 2959 et
1560 2902 1848 2957 miseretur
1884 2902 2124 2972 ﬁgmenti

558 3000 646 3056 sui
675 3000 808 3070 (44).
841 2998 983 3070 Ergo
1022 2997 1254 3067 puriﬁca
1284 3011 1381 3052 cor
1422 3003 1572 3049 tuum
1605 2993 1673 3047 ab
1704 2993 1960 3048 omnibus
1980 2992 2127 3049 vitiis

560 3091 728 3161 hujus
751 3092 934 3147 saeculi
964 3090 1101 3161 (45),
1128 3098 1183 3144 et
1217 3088 1444 3143 observa
1480 3085 1735 3156 praedicta
1771 3085 1937 3139 verba
1969 3084 2065 3138 tibi
2095 3100 2127 3141 ι

562 3180 676 3238 Deo
704 3183 829 3238 data
857 3182 1001 3252 (46);
1031 3186 1084 3235 et
1103 3178 1338 3248 accipies
1357 3177 1540 3232 omnia
1564 3176 1705 3231 bona
1733 3190 1854 3246 quae
1881 3175 2053 3245 petis:
2076 3183 2130 3230 et

561 3288 631 3328 ex
664 3271 925 3327 omnibus
968 3268 1326 3341 petitionibus
1354 3268 1465 3322 tuis
1494 3265 1631 3321 nihil
1676 3265 1851 3321 deerit
1899 3264 2041 3330 tibi,
2079 3264 2125 3321 si

2222 2074 2358 2140 ὅλως
2383 2074 2704 2149 διψυχήσῃς,
2730 2076 3053 2147 αίτήσασθαι
3104 2073 3254 2146 παρὰ
3290 2071 3384 2126 τοῦ
3419 2070 3595 2133 Θεοῦ,
3632 2069 3804 2136 λέγων

2222 2166 2279 2219 ὲν
2309 2166 2549 2237 σεαυτῷ·
2621 2165 2807 2229 Ὅπως
2842 2166 3137 2237 δυνήσομαι
3173 2163 3496 2235 αἰτήσασθαι
3520 2161 3636 2232 (⁸57)
3661 2159 3807 2231 παρὰ

2221 2255 2314 2310 τοῦ
2346 2257 2553 2329 Κυρίου
2585 2255 2720 2328 (καὶ)
2737 2255 2940 2322 λαϐεῖν,
2969 2254 3303 2329 ἡμαρτηκὼς
3324 2253 3564 2307 τοσαῦτα
3602 2254 3689 2315 είς
3713 2252 3803 2305 αὑ-

2221 2349 2348 2417 τόν;
2376 2350 2466 2422 Μὴ
2500 2349 2802 2421 διαλογίξου
2832 2349 3025 2413 ταῦτα,
3062 2348 3177 2402 ἀλλ’
3206 2346 3265 2413 ἐξ
3293 2346 3420 2417 ὅλης
3450 2346 3687 2417 καρδίας
3716 2362 3802 2398 σου

2224 2441 2711 2515 ὲπίστρεψονηπρὸς
2747 2441 2951 2513 Κύριον
2982 2439 3117 2512 (59),
3160 2438 3255 2493 καὶ⁵
3301 2438 3453 2491 αἰτοῦ
3479 2439 3615 2509 παρ’
3642 2434 3800 2489 αὑτοῦ

2224 2534 2582 2597 ἀδιστάκτως,
2613 2533 2708 2586 καὶ
2742 2532 2926 2604 γνώσῃ
2967 2530 3068 2601 τὴν
3105 2526 3653 2598 πολυευσπλαγχνίαν
3697 2526 3800 2597 (40)

2225 2625 2410 2689 αὐτοῦ,
2433 2626 2513 2678 ὅτι
2534 2625 2595 2677 ού
2621 2626 2693 2695 μή
2712 2640 2771 2676 σε
2805 2622 3194 2696 ἐγκαταλείπῃ,
3232 2620 3367 2675 ἀλλὰ
3394 2618 3455 2672 τὸ
3481 2618 3802 2689 αῖτηματῆς

2224 2718 2401 2789 ψυχῆς
2422 2733 2515 2771 σου
2552 2716 2974 2789 πληροφορήσει.
3006 2712 3121 2768 Οὐκ
3151 2714 3265 2768 ἔστι
3295 2712 3404 2785 γάρ
3432 2715 3460 2766 ὁ
3488 2710 3626 2775 Θεὸς
3658 2712 3734 2774 ὡς
3755 2713 3801 2763 οἱ

2225 2808 2497 2878 ἄνθρωποι
2522 2804 3003 2877 μνησικακοῦντες,
3031 2803 3147 2857 ἀλλ’
3176 2802 3333 2866 αὐτὸς
3356 2803 3467 2873 (45)
3488 2802 3801 2873 ἀμνησίκαο

2226 2900 2322 2963 κός
2348 2900 2486 2962 ἐστι,
2530 2896 2625 2950 καὶ
2660 2895 3083 2966 σπλαγχνίζεται
3120 2895 3211 2946 ἐπὶ
3240 2893 3338 2964 τὴν
3369 2893 3585 2964 ποίησιν
3614 2893 3799 2947 αὐτοῦ.

2226 2988 2299 3043 Σὺ
2337 2983 2429 3042 οὖν
2453 2987 2747 3059 καθάρισον
2794 2987 2893 3057 τὴν
2923 2986 3145 3059 καρδίαν
3169 3003 3263 3039 σου
3292 2984 3398 3038 ἀπὸ
3435 2985 3661 3038 πάντων
3698 2984 3803 3037 τῶν

2230 3081 2471 3154 ματαίων
2504 3079 2727 3147 τούτων,
2768 3079 2993 3133 καὶτῶν
3043 3078 3455 3151 προειρημένων
3503 3095 3587 3131 σοι
3624 3078 3802 3149 ῥημά-

2225 3192 2354 3240 των,
2383 3173 2477 3228 καὶ
2503 3172 2653 3227 αίτοῦ
2678 3172 2829 3245 παρὰ
2856 3170 2951 3225 τοῦ
2979 3171 3209 3243 Κυρίου,
3238 3171 3333 3224 καὶ
3366 3171 3511 3243 λήψῃ
3532 3212 3546 3235 ,
3571 3172 3670 3223 καὶ
3701 3168 3805 3224 άπὸ

2230 3265 2444 3320 πάντων
2470 3264 2578 3318 τῶν
2610 3265 2925 3336 αίτημάτων
2955 3280 3046 3317 σου
3074 3263 3370 3335 ἀστέρητος
3392 3262 3511 3336 ἔσῃ,
3552 3262 3652 3316 ἐὰν
3692 3262 3803 3314 ἀδι-

564 3365 684 3420 sine
720 3361 1058 3418 dubitatione
1079 3359 1301 3432 petieris
1336 3373 1369 3414 a
1402 3356 1654 3413 Domino.
1691 3357 1792 3425 Qui
1818 3373 1947 3428 ergo
1994 3358 2124 3415 tales

2230 3357 2475 3420 στάκτως
2507 3350 2766 3428 αίτήσεις.
2825 3353 2951 3408 Ἐάν
3002 3352 3058 3407 δὲ
3085 3353 3346 3427 διστάσῃς
3385 3354 3445 3407 ὲν
3494 3355 3563 3425 τῇ
3608 3353 3805 3424 καρδία

564 3469 674 3510 non
701 3461 830 3508 sunt
858 3452 993 3524 (47),
1018 3450 1245 3507 omnino
1275 3447 1411 3504 nihil
1441 3448 1733 3518 impetrant
1769 3463 1959 3504 eorum
2005 3465 2127 3520 qua:

564 3553 757 3615 petunt
782 3544 917 3613 (i8).
942 3542 1078 3599 Nam
1106 3542 1200 3613 qui
1230 3542 1376 3612 pleni
1405 3548 1533 3596 sunt
1552 3539 1676 3607 ﬁde,
1728 3542 1911 3595 omnia
1938 3549 2130 3612 petunt

566 3638 881 3702 ﬁdentes,et
898 3635 1216 3705 accipiunta
1232 3632 1484 3699 Domino,
1502 3632 1629 3702 quia
1652 3632 1769 3689 sine
1792 3632 2129 3688 dubitatione

564 3737 775 3799 petunt.
792 3725 981 3783 Omnis
1003 3726 1146 3780 enim
1169 3723 1422 3779 dubitans
1450 3723 1634 3791 homo,
1655 3724 1701 3779 si
1720 3739 1826 3779 non
1853 3724 2124 3794 pmnitcn-

563 3823 694 3876 tiam
722 3819 917 3890 egerit,
935 3816 1150 3873 diiiicile
1164 3814 1271 3871 Deo
1292 3814 1452 3869 vivet.
1466 3813 1697 3869 Puriﬁca
1720 3830 1847 3885 ergo
1864 3830 1958 3870 cor
1977 3825 2128 3869 tuum

563 3929 596 3968 a
618 3912 1043 3977 dubitatione,et
1064 3909 1227 3964 indue
1259 3908 1507 3973 ﬁdem,et
1525 3910 1682 3963 crede
1706 3908 1844 3974 Deo;
1870 3917 1923 3962 et
1946 3908 2129 3963 omnia

565 4020 687 4075 quae
709 4004 951 4075 petieris,
964 4001 1220 4073 accipies.
1240 4000 1343 4057 Sed
1369 4005 1414 4059 si
1431 4008 1582 4069 petas
1604 4000 1894 4069 aliquando
1914 4000 2137 4070 petitio.

566 4111 716 4163 nem,
745 4106 800 4151 et
829 4112 937 4150 non
971 4095 1212 4165 accipias
1245 4095 1357 4166 (49)
1378 4138 1393 4163 ,
1420 4096 1533 4151 noli
1559 4094 1827 4158 dubitare,
1850 4094 1978 4164 quia
2010 4108 2123 4149 non

566 4190 677 4246 cito
704 4188 981 4259 acceperis
1008 4187 1323 4257 petitionem
1350 4189 1546 4243 anima:
1569 4197 1693 4242 tute.
1707 4185 1954 4242 Forsitan
1982 4186 2125 4241 enim

567 4290 792 4353 propter
818 4280 1195 4350 tentationem,
1219 4289 1314 4335 aut
1348 4296 1447 4352 pro
1470 4289 1692 4351 peccato
1725 4287 1852 4344 tuo,
1897 4277 2041 4348 quod
2071 4288 2128 4334 tu

2224 3466 2338 3512 σου,
2373 3447 2525 3502 οὐδὲν
2556 3445 2617 3501 ού
2664 3446 2737 3518 μὴ
2930 3444 3039 3499 τῶν
3078 3446 3395 3517 αίτημάτων
3437 3461 3552 3498 σου.
3594 3446 3659 3497 Οί
3700 3443 3802 3514 γάρ

2221 3539 2558 3607 διστάζοντες
2586 3540 2666 3602 είς
2699 3539 2791 3592 τὸν
2813 3539 2965 3603 Θεὸν,
2998 3532 3139 3592 οὗτοί
3170 3538 3305 3591 είσιν
3326 3536 3402 3600 ὡς
3425 3535 3641 3607 δίψυχοι
3660 3577 3677 3599 ,
3720 3534 3805 3588 καὶ

2222 3632 2375 3687 οὐδὲν
2394 3634 2531 3697 ὅλως
2554 3631 2890 3703 λαμϐάνουσι
2909 3630 3018 3684 τῶν
3056 3630 3371 3702 αἰτημάτων
3417 3630 3617 3683 αὐτῶν.
3656 3631 3722 3684 Οἱ
3750 3630 3803 3683 δὲ

2224 3725 2489 3789 ὁλοτελεῖς
2518 3725 2671 3787 ὄντες
2701 3725 2759 3778 ὲν
2797 3726 2864 3795 τῇ
2890 3722 3071 3777 πίστει
3091 3723 3269 3776 πάντα
3301 3721 3596 3783 αἰτοῦνται,
3614 3732 3804 3774 πεποι-

2228 3817 2379 3883 θότες
2408 3818 2500 3871 ἐπὶ
2528 3816 2619 3871 τὸν
2649 3816 2801 3882 Θεὸν,
2832 3817 2924 3869 καὶ
2946 3814 3332 3887 λαμϐάνουσιν,
3356 3814 3435 3867 ὃτι
3466 3814 3803 3875 άδιστάκτως

2225 3909 2520 3973 αἰτοῦνται,
2548 3906 2713 3979 μηδὲν
2738 3905 3104 3978 διψυχοῦντες.
3138 3904 3386 3977 Πᾶςγὰρ
3404 3903 3624 3976 δίψυχος
3641 3907 3799 3976 ἀνὴρ.

2227 4003 2321 4057 ἐὰν
2354 4003 2428 4075 μὴ
2465 4002 2806 4074 μετανοήσει,
2839 3999 3111 4062 δυσκόλως
3134 3998 3454 4069 σωθήσεται.
3486 3997 3800 4069 Καθάρισον

2221 4092 2314 4152 οῦν
2339 4095 2437 4167 τὴν
2458 4093 2680 4165 καρδίαν
2711 4110 2804 4146 σου
2836 4091 2943 4145 ἀπὸ
2956 4090 3053 4162 τῆς
3078 4090 3347 4160 διψυχίας,
3378 4089 3598 4142 ἔνδυσαι
3627 4090 3685 4142 δὲ
3708 4090 3799 4159 τὴν

2224 4187 2426 4249 πίστιν,
2444 4186 2523 4239 ὅτι
2545 4183 2738 4257 ἰσχυρά
2776 4183 2912 4248 ἐστι,
2929 4182 3021 4237 κα).
3036 4182 3255 4236 πίστευε
3275 4180 3353 4252 τῷ
3367 4181 3505 4253 Θεῷ,
3528 4182 3610 4235 ὅτι
3628 4183 3796 4235 πάντα

2224 4278 2295 4332 τὰ
2321 4277 2599 4350 αίτήματά
2638 4293 2755 4343 σου,
2782 4275 2983 4347 ἃαίτῇ,
3014 4274 3180 4350 λήψῃ.
3220 4278 3329 4331 Καὶ
3361 4277 3457 4333 ἐὰν
3498 4277 3796 4349 αἰτησάμε·

1642 4393 1880 4451 ἾΑΒΙᾹΞ
1919 4392 2298 4451 LECTIONES
2334 4394 2424 4450 ET
2462 4392 2694 4449 ΝΟΤᾹΞ.

639 4490 751 4571 (ξι)
793 4488 871 4543 Ex
911 4488 1088 4571 Doctr.
1128 4489 1499 4571 nti-Antioch.
1537 4490 1758 4571 numgu9
1774 4504 1952 4571 _,_p_ag.
1998 4488 2124 4544 256.
2162 4493 2207 4550 D
2242 4557 2253 4570 .
2307 4488 2419 4571 (ᾴῖ)
2462 4487 2653 4543 Lamb.
2676 4486 2830 4540 homo
2859 4499 3074 4538 memor.
3098 4480 3253 4536 Bodl.
3282 4479 3544 4533 malarum
3568 4496 3670 4550 pro
3719 4484 3793 4537 itt-

568 4559 772 4615 Eadem
804 4561 1094 4628 exscripsit
1115 4560 1415 4615 Antiochus
1446 4560 1635 4614 homil.
1658 4559 1746 4613 85.
1773 4559 1946 4629 lluju’s
1974 4574 2130 4612 man-

568 4631 678 4686 dati
701 4629 1061 4700 fragmentum
1091 4630 1257 4685 edidit
1279 4629 1510 4686 Grabius
1535 4629 1592 4700 in,
1623 4629 1870 4700 Spicileg.
1905 4629 2129 4700 fatrum

568 4710 703 4782 tom.
733 4700 775 4782 ί,
795 4697 927 4767 pag.
954 4699 1083 4782 βθῦ,
1110 4714 1177 4753 ex
1209 4700 1537 4782 mSJ‘Qatena
1566 4697 1877 4782 Graecorum
1906 4697 2125 4782 Patrum

568 4770 624 4825 in
653 4771 785 4850 dcta
809 4769 1183 4850 apostolorum
1213 4778 1266 4824 et
1289 4769 1557 4850 Epistolas
1580 4769 1902 4850 catliglicas,
1920 4768 2029 4850 Iubi
2061 4767 2128 4821 ad

568 4840 987 4909 explicationem
1009 4841 1297 4893 verborum
1325 4837 1382 4893 S.
1408 4839 1593 4893 Jacobi
1621 4856 1680 4905 ιι,
1703 4839 1757 4906 6,
1786 4840 1886 4894 ista
1920 4837 2130 4893 Hermae

568 4912 934 4964 adducuntur.
960 4907 1141 4961 Latuit
1168 4924 1297 4963 sane
1324 4909 1584 4964 Grabium
1610 4910 1714 4964 hoc
1736 4908 2130 4964 pseudo-Atha-

568 4917 934 4964 adducuntur.
960 4917 1141 4961 Latuil
1168 4924 1297 4963 sane
1324 4917 1584 4964 Grabium
1610 4917 1714 4964 hoc
1735 4917 2131 4979 pseudo-Atha-

568 4980 710 5035 nasii
739 4994 897 5059 opus,
919 4977 1048 5059 licet
1076 4987 1205 5059 tunc
1229 4981 1341 5059 jam
1369 4981 1604 5059 editum,
1628 4996 1694 5059 (εξ
1714 4994 1838 5059 ⁸(ιυι)
1884 4978 1988 5059 alia
2013 4978 2127 5059 ple-

567 5065 737 5136 raque
776 5047 1090 5136 hausisse-LI
1115 5047 1226 5130 μσς
1250 5049 1537 5136 fragmenti
1566 5047 1825 5131 Grabiani
1853 5050 2128 5136 variantes

569 5117 829 5175 lectiones
874 5119 1276 5173 adnotabimus.
1331 5117 1422 5174 Sic
1474 5131 1652 5173 autem
1704 5120 1932 5189 incipit:
1957 5117 2127 5187 'Apov

570 5188 815 5259 σεαυτοῦ,
842 5190 1046 5259 absque
1068 5188 1193 5242 ἀπό.
1221 5188 1306 5242 Al.
1335 5188 1441 5243 άπὸ
1472 5186 1717 5244 σεαυτοῦ.

636 5262 748 5329 (55)
788 5258 1099 5330 Gralncum
1130 5260 1200 5312 al.
1233 5259 1327 5311 καὶ
1348 5259 1530 5330 μηδέν.

638 5331 752 5401 (56)
794 5329 981 5401 Lamb.
1012 5329 1277 5401 Quoniam
1303 5329 1402 5399 quo
1435 5329 1608 5401 modo.

639 5397 752 5470 (57)
794 5400 956 5470 ςγδι».
977 5399 1176 5469 aliique
1199 5397 1427 5469 δύναμαι
1451 5397 1771 5470 αἰτήσασθαί
1800 5415 1873 5451 τι.

640 5468 753 5538 (58)
794 5468 984 5523 Lamb.
1018 5468 1269 5538 accipere,
1300 5468 1357 5522 ut
1379 5468 1575 5523 habent
1597 5469 1808 5524 Grmca.

641 5540 751 5611 (39)
792 5538 955 5611 (ἐισί).
981 5540 1114 5611 πρὸς
1135 5540 1223 5593 τὸν
1252 5539 1473 5611 Κύριον.

640 5610 753 5677 (40)
795 5607 957 5679 βταὶ).
989 5607 1111 5679 cum
1145 5611 1215 5664 al.
1263 5607 1751 5679 πολυσπλαγχνίαν.

642 5679 754 5747 (Μ)
794 5677 944 5734 Bodl.
968 5689 1022 5736 et
1052 5678 1239 5737 Lamb.
1280 5680 1511 5750 replebit.

2257 4575 2518 4613 urtarum.

2222 4575 2518 4629 Juriarum.

2272 4629 2415 4700 (4'5)
2456 4627 2621 4700 Grab.
2650 4628 2700 4700 oi
2729 4621 3186 4700 μνησικακοῦντες
3217 4620 3591 4700 ἀλλήλους-.-1η
3620 4639 3795 4700 evcmf

2233 4692 2373 4821 21m
2400 4692 2949 4768 pseudo-Athanasii
3009 4692 3211 4747 excidit
3253 4692 3393 4747 forte
3436 4692 3699 4763 ἀλλήλους
3732 4693 3792 4745 ob

2270 4768 2349 4821 λλ⁹
2366 4769 2623 4821 continuo
2645 4781 2898 4821 sequens.
2925 4763 3023 4818 llic
3047 4771 3225 4816 autem
3252 4762 3514 4815 mendosa
3545 4772 3601 4816 et
3622 4764 3789 4816 hiuh-a

2270 4768 2349 4822 λλ⁹
2366 4762 2623 4823 continuo
2645 4763 3023 4836 scquens.liic
3047 4771 3225 4836 autem
3252 4762 3514 4836 mendosa
3545 4762 3601 4836 et
3622 4764 3789 4836 hiuh-a

2230 4839 2398 4893 editio
2429 4838 2623 4892 Clerici
2652 4876 2667 4904 ,
2726 4832 2817 4891 ubi
2877 4834 2957 4888 sic
2985 4852 2998 4888 :
3030 4834 3079 4885 οί
3125 4832 3616 4904 μνησίκακοίᾎείσι
3643 4874 3657 4895 ,
3711 4834 3791 4884 καὶ

2232 4900 2670 4979 ς-πλαγχνίξεται.
2724 4906 2883 4979 idem
2932 4900 3187 4979 mendum
3219 4900 3226 4903 ⁷
3258 4902 3413 4979 apud
3462 4900 3786 4979 Russelium.

2231 4971 2475 5060 ytraqiie
2516 4980 2642 5031 item
2674 4977 2851 5059 editio,
2872 4975 3036 5060 inﬁda
3057 4981 3140 5027 est
3174 4986 3337 5060 stupra
3367 4971 3548 5060 Manil:
3586 4990 3649 5035 ν,
3676 4990 3783 5051 cap.

2229 5047 2285 5115 2,
2310 5042 2401 5103 ubi
2437 5063 2533 5119 pro
2559 5045 2919 5116 συνισταμένη
2950 5044 3178 5119 γίνεται,
3208 5042 3401 5111 legitur
3430 5043 3753 5119 συνίσταται.

2271 5111 2417 5190 ’(44)
2437 5111 2647 5173 ἰωυυ.
2674 5111 2921 5189 ﬁgmento
2951 5111 3065 5168 suo.
3092 5111 3386 5181 Hucusque
3434 5112 3782 5182 fragmentum

2230 5188 2587 5244 Grabianum.

2281 5204 2587 5244 rabianum.

2304 5260 2417 5337 (45)
2461 5258 2609 5337 Bodl.
2640 5275 2671 5311 a
2726 5258 2881 5337 malis
2915 5250 3336 5328 cogitationibus,
3362 5263 3412 5307 et
3444 5255 3509 5307 ab
3560 5254 3784 5307 omnibus

2230 5328 2384 5399 hujus
2415 5328 2597 5399 εφαιίί
2624 5329 2865 5397 negotiis.

2303 5400 2415 5472 (4ο)
2448 5398 2641 5472 Lamb.
2669 5405 2838 5472 deest,
2870 5398 3018 5451 data.

2303 5468 2416 5537 (47)
2456 5468 2557 5523 Ms.
2585 5468 2722 5523 Vict.
2748 5469 2964 5533 desunt,
2989 5486 3092 5523 non
3124 5478 3269 5522 sunt.

2303 5540 2417 5610 (48)
2458 5538 2647 5610 Lamb.
2673 5554 2737 5592 ea:
2764 5541 3101 5607 petitionibus
3141 5556 3275 5593 suis.

2302 5608 2416 5681 (49)
2456 5609 2646 5665 Lamb.
2677 5619 2725 5663 et
2758 5610 2963 5662 tardius
3002 5610 3235 5680 accipias
3256 5608 3557 5679 petitionem
3585 5620 3746 5661 tuam.
