4002 6308
299 202 408 259 95'!

1311 204 1603 263 PASTOR.
1640 233 1709 244 —
1744 202 1876 263 LIB.
1916 204 1985 270 ΙΙ,
2022 202 2408 263 MANDATUM
2443 202 2534 262 IX.

3457 206 3574 283 ess,

297 321 391 383 v6;
421 334 551 373 ποτε
585 321 736 393 παρὰ
765 319 861 374 τοῦ
889 319 1097 394 Κυρίου
1126 319 1336 393 αἴτημά
1359 337 1447 386 τι,
1492 320 1586 373 καὶ
1614 316 1718 390 [μὴ
1752 317 1881 371 ἀπο-

1990 316 2230 388 ignoras,
2254 315 2466 372 tardius
2502 314 2738 387 accipies
2773 316 3091 387 petitionem
3146 327 3317 376 tuam.
3368 320 3477 376 bed
3504 330 3561 376 tu

296 410 494 487 λήψῃ,]
519 412 593 484 μὴ
614 410 962 483 διψυχήσεις,
1010 412 1092 465 ὅτι
1130 411 1319 483 τάχιον
1349 411 1453 464 οὐκ
1483 409 1675 471 ἔλαϐες
1710 407 1773 461 τὸ
1799 407 1888 461 ατ-

297 523 452 579 τημα
472 506 573 577 τῆς
624 504 805 576 ψυχῆς
860 520 987 558 σου·
1023 505 1241 568 πάντως
1291 502 1402 575 γάρ
1454 500 1543 555 διὰ
1580 500 1890 574 πειρασμόν

296 614 442 661 τινα,
473 595 508 667 ἢ
552 592 907 666 παράπτωμά
920 611 972 647 τι
1001 593 1029 647 ὃ
1061 594 1125 647 σὺ
1152 595 1386 662 ἀγνοεῖς,
1417 592 1519 645 οὐκ
1550 590 1762 655 ἔλαϐες.
1812 590 1884 644 Σὺ

1986 409 2098 464 noli
2127 409 2378 464 desinere
2404 406 2520 479 (50)
2560 409 2792 479 petendo
2813 410 3132 483 petitionem
3177 412 3375 480 animae
3416 422 3561 473 tute:

1986 507 2041 556 et
2069 499 2326 570 accipies.
2360 497 2417 553 Si
2443 508 2624 555 autem
2648 500 2953 557 cessaveris
2974 502 3207 573 petendo
3221 542 3238 570 ,
3260 503 3326 560 de
3354 512 3406 560 te
3429 518 3565 576 que-

1991 590 2155 657 raris,
2188 604 2296 644 non
2320 589 2389 644 de
2418 589 2549 657 Deo,
2584 591 2729 662 quod
2765 607 2876 647 non
2905 593 3114 651 dederit
3136 595 3252 650 tibi.

296 685 392 743 οῦν
415 688 491 759 μὴ
522 686 777 758 διαλίπῃς
818 684 1110 757 εὐχόμενος
1133 684 1196 737 τὸ
1219 686 1426 756 αἴτημα
1446 684 1548 755 τῆς
1588 682 1767 754 ψυχῆς
1782 698 1899 745 σου,
1951 681 2057 745 ἓως
2081 675 2144 735 οῦ
2177 680 2433 754 ἀπολήψῃ
2463 681 2615 736 αὐτό.
2669 680 2794 737 Ἐὰν
2849 682 2908 737 δὲ
2957 684 3274 760 ἐκκακήσῃς
3291 686 3388 743 καὶ
3414 686 3570 762 διφυ-

282 782 474 853 ,νχήσῃς
497 780 834 850 αἰτούμενος,
866 769 1055 831 ἑαυτδν
1087 777 1265 845 αἰτιῶ,
1305 779 1400 832 καὶ
1427 777 1502 851 μὴ
1541 776 1633 830 τὸν
1673 775 1883 831 διδόντα
1916 792 2017 829 σοι.

370 894 544 947 Βλέπε
566 890 661 947 οὖν
682 893 780 966 τὴν
792 894 1043 965 διψυχίαν
1060 910 1076 923 ·
1102 890 1315 965 πονηρὰ
1329 892 1437 965 γάρ
1465 893 1581 946 ἐστι
1600 892 1696 947 καὶ
1717 890 1885 945 ἀσύν-

294 1005 419 1052 ετος
439 1029 455 1053 ,
487 990 581 1043 καὶ
619 989 847 1054 πολλοὺς
875 988 1085 1062 ὲκριζοῖ
1113 989 1223 1044 ἀπὸ
1248 990 1349 1061 τῆς
1374 988 1651 1055 πίστεωςν,
1694 987 1785 1042 καί
1818 1003 1883 1056 γε

293 1077 417 1134 λίαν
449 1080 679 1145 πιστοὺς
710 1082 804 1136 καὶ
832 1080 1105 1153 ἰσχυρούς.

291 1288 725 1359 Καταφρόνησον
760 1282 855 1341 οῦν
884 1286 1053 1358 αὐτῆς
1081 1286 1141 1341 ὲν
1179 1286 1343 1340 παντί
1382 1286 1689 1357 πράγματι,
1730 1280 1884 1335 ἐνδυ-

294 1378 532 1448 σάμενος
570 1378 672 1451 τὴν
714 1378 898 1431 πίστιν
932 1378 1032 1449 τὴν
1076 1377 1302 1449 ἰσχυράν
1354 1377 1449 1430 καί
1496 1374 1750 1446 δυνατήν.
1815 1372 1882 1425 Ἦ

291 1473 404 1545 γὰρ
434 1473 624 1535 πίστις
647 1472 825 1526 πάντα
849 1471 1265 1543 ξπαγγὲλλεται,
1301 1471 1477 1525 πάντα
1505 1468 1705 1523 τελειοί
1724 1484 1737 1499 ·
1765 1468 1799 1538 ἠ
1824 1465 1883 1520 δὲ

292 1563 538 1634 διψυχία,
577 1564 651 1634 μὴ
692 1562 1166 1617 καταπιστεύουσα
1215 1561 1445 1633 ἑαυτὴν,
1484 1560 1704 1616 πάντων
1745 1558 1886 1613 ἀπο-

290 1654 552 1727 τυγχάνει
574 1654 750 1727 ξργων
794 1653 985 1725 αὐτῆς,
1013 1648 1090 1708 ὧν
1112 1654 1370 1725 πράσσει.

291 1926 367 2041 ἐὺ
403 1980 495 2041 οὖν
536 1984 752 2040 δούλευε
771 1986 836 2057 τῇ
861 1981 994 2056 εὐχῇ
1019 2000 1136 2049 σου,
1158 1985 1226 2056 τῇ
1242 1982 1469 2054 δυνάμει
1490 1982 1590 2053 τῆς
1621 1981 1879 2048 πίστεως,

291 2078 392 2133 καὶ
426 2078 568 2153 ζήσῃ
611 2078 691 2153 τῷ
745 2078 897 2152 Θεῷ⁶
943 2078 1039 2134 καίΙ
1085 2078 1289 2144 πάντες
1339 2080 1390 2136 oi
1434 2079 1882 2151 καταφρονήσαν-

288 2188 387 2238 τες
409 2172 545 2246 (55).
1564 2172 1565 2175 ‘

2062 886 2199 944 Vide
2227 904 2361 961 ergo
2391 890 2787 955 dubitationem
2817 896 2999 965 hanc,
3043 884 3209 969 quam
3234 904 3568 974 perniciosa

1988 983 2059 1040 sit
2084 990 2137 1037 et
2172 997 2338 1051 saeva,
2362 992 2417 1039 ct
2448 985 2651 1041 multos
2676 987 2941 1046 radicitus
2966 992 3164 1047 evellat
3185 1008 3215 1048 a
3245 995 3371 1061 lide,
3402 998 3566 1052 etiam

1985 1078 2143 1133 valde
2167 1080 2355 1135 ﬁdeles
2400 1089 2454 1136 et
2486 1080 2697 1137 ﬁrmos.
2745 1082 2957 1140 Etenim
2997 1085 3111 1159 (51)
3146 1088 3263 1145 haec
3299 1090 3570 1150 dubitatio

1987 1168 2099 1226 tilia
2145 1179 2230 1226 est
2273 1171 2499 1237 diaboli,
2542 1182 2595 1229 et
2648 1175 2806 1232 valde
2850 1178 3104 1249 nequiter
3125 1182 3236 1252 agit
3283 1200 3408 1239 cum
3453 1201 3572 1243 scr-

1986 1261 2069 1318 vis
2098 1263 2212 1335 (52)
2254 1263 2373 1321 Dei.
2411 1265 2716 1323 Contemne
2753 1284 2885 1340 ergo
2929 1270 3365 1332 dubitationem:
3390 1286 3445 1333 et
3471 1278 3572 1334 do-

1987 1353 2286 1410 minaberis
2319 1354 2469 1411 illius
2509 1355 2565 1410 in
2590 1356 2739 1411 omni
2769 1371 2849 1413 re.
2875 1356 3045 1415 Indue
3076 1360 3290 1419 ﬁrmam
3327 1363 3488 1420 ﬁdem
3517 1373 3572 1425 et

1986 1453 2284 1515 potentem.
2324 1446 2485 1504 Fides
2514 1449 2662 1505 enim
2686 1450 2873 1507 omnia
2904 1456 3257 1524 repromittit,
3286 1467 3340 1514 et
3380 1460 3569 1517 omnia

1986 1548 2368 1608 consummat;
2403 1541 2671 1599 dubitatio
2708 1554 2890 1601 autem
2918 1562 3027 1602 non
3058 1550 3233 1606 credit
3268 1567 3328 1608 se
3360 1553 3570 1624 aliquid

1986 1628 2399 1699 impetraturam
2430 1635 2688 1691 omnibus
2727 1637 2990 1707 operibus
3007 1640 3125 1697 suis
3142 1658 3266 1713 qua:
3288 1644 3401 1717 agit
3428 1648 3566 1719 (55).

1916 1728 1957 1783 Β
1986 1721 2150 1780 Vides
2187 1738 2339 1795 ergo,
2365 1724 2565 1797 inquit,
2596 1729 2742 1798 quod
2772 1730 2907 1788 ﬁdes
2929 1731 3223 1791 desursum
3254 1745 3338 1795 est
3372 1752 3403 1795 a
3432 1737 3567 1811 Deo,

1985 1820 2040 1867 et
2081 1812 2242 1869 habet
2268 1814 2523 1871 virtutem
2546 1833 2838 1889 magnam;
2877 1820 3146 1882 dubitatio
3178 1836 3362 1884 autem
3390 1840 3569 1888 terre-

1985 1917 2091 1956 nus
2114 1903 2341 1973 spiritus
2367 1916 2472 1974 cst,
2510 1917 2565 1962 et
2588 1923 2618 1962 a
2651 1908 2890 1979 diabolo,
2916 1912 3175 1971 virtutem
3196 1922 3307 1973 non
3336 1918 3565 1979 habens.

1985 1991 2068 2047 Tu
2099 1993 2267 2067 igitur
2316 2013 2473 2054 serva
2516 1999 2774 2057 virtutem
2804 2002 2929 2059 ﬁdei
2960 2005 3115 2077 (54):
3146 2024 3177 2064 a
3228 2009 3571 2073 dubitatione

1988 2093 2171 2140 autem
2212 2089 2427 2157 recede,
2461 2106 2584 2161 quae
2631 2107 2742 2147 non
2786 2092 2951 2151 liabet
2981 2097 3271 2169 virtutem;
3317 2111 3374 2159 et
3419 2104 3569 2163 vives

1983 2172 2117 2231 Deo.
2154 2174 2223 2233 Et
2242 2195 2437 2238 omnes
2466 2182 2649 2239 vivent
2679 2183 2813 2255 Deo,
2842 2188 3160 2263 quicunque
3201 2192 3318 2250 haec
3336 2196 3566 2265 egerint.

1565 2308 1902 2375 ANTIOCHUS,
1934 2307 2154 2367 humilia
2178 2312 2268 2370 85.

378 2453 630 2525 ’Δρωμεν
649 2446 745 2507 οῦν
779 2450 873 2521 ἀφ’
905 2448 1064 2522 ἡμῶν
1093 2448 1195 2521 τὴν
1224 2446 1477 2519 διψυχίαν
1509 2447 1604 2501 καὶ
1630 2444 1884 2515 ὀλιγαψυ-

295 2546 444 2620 χίαν,
478 2545 575 2600 καὶ
608 2545 731 2617 μηδ’
753 2544 890 2607 ὅλως
909 2542 1290 2615 διψυχήσωμεν
1312 2540 1636 2613 αἰτήσασθαί
1655 2557 1708 2593 τι
1730 2537 1883 2611 παρὰ

295 2638 397 2693 τοῦ
429 2637 587 2703 Θεοῦ,
632 2635 884 2705 λέγοντες
925 2635 984 2687 ἐν
1016 2633 1257 2696 ἑαυτοῖς⁸
1310 2631 1432 2685 ’Ότι
1483 2628 1603 2694 πῶς
1648 2628 1884 2701 δύναμαι

297 2729 629 2801 αἰτήσασθαι
664 2727 815 2802 παρὰ
828 2727 1056 2799 Κυρίου,
1075 2726 1169 2779 καὶ
1183 2724 1388 2789 λαϐεῖν,
1406 2722 1741 2796 ἡμαρτηκὼς
1754 2738 1883 2776 τοσ-

295 2820 440 2875 αῦτα
463 2822 545 2885 εἰς
560 2820 742 2885 αὐτόνς
770 2818 885 2873 ἀλλ’
907 2818 965 2885 ἐξ
988 2817 1116 2889 ὅλης
1135 2817 1233 2889 τῆς
1257 2816 1482 2888 καρδίας
1514 2833 1607 2868 σου
1638 2814 1886 2886 ἐπίστρε-

295 2913 400 2984 ψον
422 2912 517 2966 ἐπὶ
546 2912 637 2967 τὸν
669 2911 873 2984 Κύριον
895 2909 1154 2965 καὶαίτοῦ
1178 2911 1309 2981 παρ’
1328 2907 1494 2962 αὑτοῦ
1522 2907 1881 2971 ἀδιστάκτως,

298 3006 395 3060 καί
419 3004 650 3074 γνώσεις
672 3004 772 3076 τὴν
807 3002 1010 3073 πολλὴν
1031 3001 1197 3055 αὑτοῦ
1231 2999 1665 3071 εὐσπλαγχνίαν,
1711 3000 1794 3054 ὅτι
1821 2997 1882 3051 ού

301 3101 377 3172 μή
409 3116 467 3152 σε
498 3095 870 3169 ἐγκαταλίπῃ,
912 3093 1048 3148 ἀλλὰ
1090 3095 1152 3147 τὸ
1190 3096 1399 3166 αἴτημα
1428 3093 1528 3164 τῆς
1565 3092 1742 3165 ψυχῆς
1789 3108 1883 3145 σου

2061 2449 2335 2511 Tollamus
2365 2474 2487 2529 ergo
2514 2476 2546 2515 a
2578 2462 2730 2518 nobis
2764 2463 3153 2521 dubitationem
3189 2478 3240 2522 et
3279 2468 3569 2537 pusillania

1988 2543 2250 2610 mitatem,
2283 2557 2333 2605 et
2360 2549 2493 2605 nihil
2515 2552 2727 2609 omnino
2753 2554 3052 2611 dubitemus
3086 2566 3262 2626 petere
3294 2560 3502 2633 aliquid
3532 2579 3567 2617 a

1985 2635 2120 2705 Deo,
2179 2640 2414 2698 dicentes
2441 2644 2584 2699 intra
2614 2662 2743 2702 nos:
2772 2644 3048 2715 Quomodo
3098 2667 3315 2722 possum
3356 2655 3567 2725 aliquid

1984 2740 2159 2800 petere
2178 2749 2213 2786 a
2244 2732 2471 2790 Domino
2493 2748 2543 2793 et
2575 2740 2831 2808 obtinere,
2861 2756 2981 2799 cum
3023 2741 3127 2796 sim
3164 2755 3412 2813 peccator
3442 2757 3569 2803 tan-

1987 2833 2164 2881 torum
2214 2822 2479 2882 malorum
2523 2830 2577 2884 in
2615 2834 2782 2888 eum?
2835 2831 2940 2890 Sed
2977 2850 3058 2889 ex.
3088 2836 3211 2890 totis
3254 2840 3565 2906 prwcordiis

1985 2926 2281 2971 convertere
2311 2920 2384 2973 ad
2423 2921 2731 2991 Dominum,
2760 2935 2809 2979 et
2839 2935 2953 2994 pete
2979 2926 3043 2980 ab
3093 2943 3153 2982 eo
3200 2929 3316 2983 sine
3345 2929 3567 2987 dubitab

1987 3009 2169 3075 tione;
2216 3020 2268 3064 et
2288 3014 2423 3068 scies
2476 3031 2722 3087 magnam
2768 3016 2882 3087 ejus
2940 3019 3383 3086 misericordiane,
3425 3020 3569 3095 quod

1985 3118 2090 3156 non
2121 3112 2170 3157 te
2201 3108 2543 3175 derelinquat,
2566 3108 2656 3161 sed
2686 3109 2989 3177 petitionem
3033 3112 3228 3166 animle
3257 3121 3363 3171 tua:
3386 3115 3567 3168 adim-

296 3191 731 3264 πληροφορήσει.
760 3189 876 3242 Ούκ
898 3187 1013 3240 ἔστι
1036 3185 1147 3257 γάρ
1167 3183 1363 3271 ὁΘεδς,
1395 3185 1471 3250 ὡς
1500 3185 1549 3238 οἱ
1582 3184 1878 3257 ἄνθρωποι,

1990 3194 2165 3265 plebit.
2186 3194 2309 3251 Nor
2336 3210 2414 3253 est
2438 3200 2577 3253 enim
2588 3199 2750 3268 Deus,
2772 3203 2909 3258 sicut
2938 3203 3191 3271 homines,
3211 3222 3461 3262 memores
3478 3209 3565 3262 in-

300 3281 773 3355 μνησικακοῦντες
794 3320 810 3346 ,
847 3280 962 3335 ἀλλ’
1000 3278 1161 3343 αὐτὸς
1197 3277 1749 3367 ἀμνησίκακὸςῌὲστι,
1786 3276 1881 3329 καὶ

1990 3290 2254 3358 furiarum
2271 3307 2289 3356 ,'
2318 3292 2409 3346 sed
2441 3301 2518 3347 est
2546 3294 2818 3350 immemor
2840 3297 3186 3367 injuriarum,
3214 3308 3265 3352 et
3292 3300 3567 3355 miseretur

300 3375 729 3446 σπλαγχνίζεται
756 3372 849 3426 ἐπὶ
870 3372 967 3442 τὴν
988 3371 1205 3442 ποίησιν
1234 3368 1420 3424 αὐτοῦ.
1440 3369 1514 3423 Σὺ
1537 3364 1630 3422 οῦν
1652 3368 1883 3441 καθάρι-

301 3487 393 3523 σον
424 3470 522 3539 τὴν
542 3466 765 3537 καρδίαν
794 3481 886 3518 σου
913 3463 1128 3517 ἀπὸτοῦ
1148 3461 1439 3525 διστάζειν,
1464 3461 1555 3515 καὶ
1589 3460 1741 3514 αἰτοῦ
1756 3461 1884 3532 παρ’

300 3559 473 3631 αὐτῷ,
501 3559 597 3611 καὶ
625 3556 772 3631 λήψῃ
797 3556 858 3610 τὸ
886 3555 1093 3627 αἴτημά
1132 3571 1247 3608 σου.
1300 3554 1469 3607 Ἐπὰν
1494 3552 1552 3606 δὲ
1592 3552 1882 3618 διατάξεις,

297 3654 362 3707 ού
395 3652 562 3727 λήψῃ.
616 3652 680 3705 Oi
714 3649 823 3722 γάρ
866 3648 1208 3713 διστάζοντες
1261 3648 1341 3710 εἰς
1393 3646 1485 3701 τὸν
1529 3646 1683 3711 Θεὸν,
1739 3642 1885 3702 οὗτοί

300 3746 438 3797 εἰσιν
463 3745 513 3797 οἱ
547 3742 779 3813 δίψυχοι,
813 3741 906 3795 καὶ
950 3740 1107 3793 οὐδὲν
1149 3738 1285 3801 ὅλως
1321 3737 1743 3815 ἐπιτυγχάνουσι
1770 3736 1881 3789 τῶν

297 3834 619 3907 αἰτημάτων
649 3833 851 3887 αὐτῶν.
874 3832 937 3885 Ol
954 3831 1011 3885 δὲ
1039 3830 1304 3894 ὁλοτελεῖς
1334 3829 1487 3892 δντες
1501 3830 1560 3881 ὲν
1576 3831 1644 3901 τῇ
1676 3828 1879 3890 πίστει,

298 3929 479 3983 πάντα
525 3927 839 3989 αἰτοῦνται,
888 3923 1210 3986 πεποιθότες
1248 3923 1342 3977 ἐπὶ
1383 3921 1477 3975 τὸν
1516 3921 1757 3994 Κύριον,
1786 3922 1883 3974 καὶ

296 4017 688 4091 λαμϐάνουσιν,
730 4017 812 4070 ὅτι
836 4016 1171 4078 άδιστάκτως
1202 4012 1496 4067 αἰτοῦνται.
1533 4013 1659 4066 Ἐάν
1692 4011 1749 4065 δὲ
1787 4013 1882 4066 καὶ

300 4110 629 4183 βραδύτερον
659 4108 974 4179 λαμϐάνεις,
1012 4106 1087 4179 μὴ
1106 4105 1429 4179 διψυχήσῃς,
1458 4105 1540 4158 ὅτι
1558 4105 1659 4158 οὐκ
1690 4103 1881 4169 ἔλαϐες

1984 3384 2221 3453 ﬂamentt
2276 3384 2382 3439 sui.
2416 3382 2559 3457 largo
2579 3387 2809 3456 pnriﬁca
2829 3405 2922 3442 cor
2951 3398 3099 3445 tuum
3148 3408 3182 3444 a
3207 3391 3561 3461 dubitatione,

1984 3483 2035 3527 et
2054 3484 2171 3541 pete
2192 3474 2258 3530 ab
2281 3489 2359 3542 eo,
2384 3484 2436 3530 et
2450 3476 2679 3546 accipies
2699 3479 3008 3547 petitionem
3027 3491 3197 3536 tuam.
3223 3479 3357 3537 Cum
3385 3493 3564 3539 autem

1987 3568 2335 3630 dubitaveris,
2366 3584 2469 3623 non
2505 3570 2754 3639 accipies.
2789 3570 2894 3636 Qui
2912 3572 3052 3626 enim
3075 3573 3326 3629 dubitant
3352 3576 3416 3630 de
3436 3575 3564 3644 Deo,

1987 3663 2041 3717 hi
2072 3672 2194 3717 sunt
2232 3662 2401 3729 dubii,
2428 3671 2479 3717 et
2509 3664 2721 3717 omnino
2751 3665 2886 3719 nihil
2908 3665 3192 3735 impetrant
3218 3683 3401 3723 eorum
3449 3685 3567 3740 qua:

1986 3766 2188 3830 petunt.
2217 3755 2361 3810 Nam
2384 3756 2475 3827 qui
2508 3755 2650 3827 pleni
2671 3765 2795 3813 sunt
2820 3756 2944 3826 fide,
2977 3760 3156 3812 omnia
3183 3769 3362 3827 petunt
3397 3762 3567 3831 ﬁden-

1990 3862 2063 3907 tes
2091 3850 2341 3916 Domino,
2386 3860 2437 3905 et
2465 3851 2756 3922 accipiunt,
2789 3852 2917 3921 quia
2957 3851 3069 3906 sine
3094 3852 3426 3909 dubitatione
3477 3872 3567 3926 pe-

1989 3954 2125 4001 tunt.
2157 3942 2261 4000 Sed
2292 3944 2339 3998 si
2370 3944 2579 3998 tardius
2602 3944 2859 4013 accipias,
2881 3942 2993 3997 noli
3019 3944 3282 4012 dubitare,
3306 3947 3433 4016 quia
3459 3964 3565 4003 non

1988 4040 2092 4093 cito
2125 4037 2385 4107 acceperis
2424 4037 2733 4107 petitionem
2777 4038 2970 4093 animle
3001 4048 3126 4094 tute.
3160 4037 3390 4096 Omnino
3422 4044 3565 4097 enim

1985 4142 2199 4203 propter
2225 4130 2587 4197 tentationem,
2609 4139 2703 4184 aut
2722 4145 2817 4200 pro
2840 4140 3075 4200 peccato,
3089 4132 3227 4201 quod
3252 4141 3306 4186 tu
3329 4132 3566 4206 ignoras,

297 4204 437 4274 ταχὺ
471 4204 533 4256 τὸ
563 4205 773 4274 αἰτημα
800 4202 900 4272 τῆς
917 4198 1096 4271 ψυχῆς
1127 4215 1244 4252 σου.
1278 4199 1502 4262 Πάντως
1521 4198 1631 4271 γάρ
1663 4198 1753 4253 διὰ
1770 4215 1881 4295 πει-

1990 4198 2197 4279 tardius
2226 4224 2448 4293 accipis.
2479 4221 2584 4277 Sed
2614 4231 2674 4276 tu
2709 4198 2820 4277 noli
2841 4198 3084 4277 desinere
3101 4198 3325 4294 petendo
3347 4198 3567 4295 petitio;

300 4294 510 4366 ρασμὸν
541 4311 683 4355 τινα,
713 4293 746 4365 ἦ
779 4290 1134 4365 παράπτωμά
1155 4307 1230 4353 τι,
1256 4290 1284 4343 ὃ
1309 4290 1372 4345 σὺ
1399 4290 1614 4359 ἀγνοεῖς
1633 4330 1647 4353 ,
1682 4289 1880 4362 βραδύ-

297 4403 456 4458 τερον
488 4385 802 4456 λαμϐάνεις.
836 4384 908 4437 Σὺ
944 4378 1039 4437 οῦν
1082 4382 1156 4454 μὴ
1187 4381 1440 4454 διαλίπῃς
1467 4381 1786 4452 αἰτούμενος
1820 4382 1883 4436 τὸ

298 4481 506 4549 αἴτημα
534 4476 637 4547 τῆς
664 4475 845 4547 ψυχῆς
868 4492 984 4542 σου,
1018 4475 1113 4529 καὶ
1141 4473 1286 4548 λήψῃ
1327 4473 1478 4527 αὐτό.
1534 4473 1659 4527 Ἐὰν
1690 4474 1748 4528 δὲ
1787 4476 1879 4529 ὲκ-

299 4570 562 4640 κακήσεις
587 4568 925 4639 αἰτούμενος,
960 4566 1183 4621 σεαυτὸν
1227 4566 1407 4631 αἰτιῶ,
1434 4567 1529 4621 καὶ
1571 4566 1647 4638 μὴ
1677 4567 1769 4620 τὸν
1799 4568 1878 4621 δι-

295 4665 458 4718 δόντα
479 4664 579 4717 σοί.
624 4664 687 4715 Ἦ
716 4661 826 4733 γάρ
856 4657 1078 4729 διψυχία
1103 4655 1352 4728 θυγάτηρ
1408 4656 1528 4709 ἐστὶ
1566 4655 1661 4709 τοῦ
1699 4656 1880 4710 διαϐό-

298 4758 414 4819 λου,
447 4757 539 4809 καὶ
559 4754 679 4808 λίαν
707 4750 1067 4825 πονηρεύεται
1096 4749 1178 4812 εἰς
1204 4749 1333 4812 τοὺς
1362 4746 1579 4812 δούλους
1596 4747 1691 4801 τοῦ
1719 4748 1877 4803 Θεοῦ.

299 4850 374 4902 Σὺ
402 4844 497 4902 οὖν
519 4847 732 4900 ἔνδυσαι
754 4844 853 4917 τὴν
878 4843 1062 4897 πίστιν
1089 4841 1193 4912 τὴν
1217 4839 1469 4911 ἰσχυράν.

1990 4333 2107 4371 nem
2159 4316 2355 4369 animm
2412 4325 2518 4369 tua:
2546 4354 2562 4381 ,
2613 4322 2664 4369 et
2695 4314 2945 4385 accipies.
2979 4311 3040 4369 Si
3068 4326 3245 4370 autem
3282 4322 3565 4375 cessaveris

1988 4408 2209 4479 petendo
2233 4446 2250 4473 ,
2272 4407 2356 4483 .de
2388 4416 2437 4460 te
2461 4407 2723 4476 queraris,
2770 4421 2872 4459 non
2894 4406 2959 4460 de
2985 4422 3044 4460 eo
3072 4408 3164 4477 qui
3213 4424 3316 4462 non
3363 4410 3565 4467 dederit

1993 4502 2111 4555 tibi.
2160 4499 2375 4554 Etenim
2408 4499 2674 4554 dubitatio
2707 4499 2823 4569 ﬁlia
2862 4510 2937 4553 est
2964 4499 3188 4569 diaboli,
3212 4513 3261 4556 et
3290 4504 3441 4559 valde
3477 4521 3568 4559 ne—

1988 4597 2165 4666 quiter
2189 4594 2299 4666 agit
2356 4608 2475 4646 cum
2518 4592 2681 4647 servis
2728 4591 2848 4646 Dei.
2883 4590 2963 4646 Tu
2990 4608 3113 4664 ergo
3154 4594 3315 4651 indue
3355 4597 3566 4666 firmam

1989 4687 2150 4757 fidem
2180 4695 2229 4741 et
2255 4694 2539 4757 potentem.

1400 5000 1635 5057 VARIIE
1675 5000 2059 5059 LECTIONES
2096 4999 2187 5056 ET
2226 4999 2463 5056 NOTAE.

375 5120 489 5191 (50)
531 5122 719 5176 Lamb.
750 5124 1008 5178 deserere.

377 5194 491 5261 (51)
534 5192 743 5247 Laudat
772 5195 917 5247 hunc
945 5194 1125 5248 locum
1176 5193 1510 5248 Athanasius
1542 5195 1636 5249 lib.
1669 5194 1746 5249 De
1781 5198 1879 5250 de-

300 5265 461 5336 cretis
501 5262 625 5336 Nic.
646 5281 761 5333 syn.
786 5280 939 5336 num.
966 5265 1023 5331 4,
1052 5274 1188 5321 ιοιη.
1220 5264 1260 5332 Ι,
1305 5280 1427 5336 pag.
1455 5265 1585 5331 2H,
1618 5266 1875 5321 cdit.BB.

378 5335 493 5403 (52)
536 5333 723 5388 Lamb.
754 5334 823 5387 ad
845 5352 1041 5391 servos.

382 5405 496 5473 (55)
538 5404 725 5478 Lamb.
755 5405 855 5458 sibi
875 5408 1108 5461 omnium
1132 5407 1415 5477 impetrare
1432 5423 1646 5478 operum
1662 5424 1882 5461 suorum

342 5492 424 5530 ua:
462 5488 591 5539 agit.

303 5493 633 5619 “Egilia
666 5544 807 5601 Vict.
855 5551 990 5604 servi
1026 5548 1270 5603 virtutem
1317 5547 1528 5603 habenti
1569 5550 1717 5619 ﬁdei.
1770 5547 1876 5602 Sed

306 5635 414 5674 ms.
443 5616 628 5672 Carm.
665 5631 834 5672 ‘servu
861 5622 1020 5689 ﬁdem
1058 5620 1329 5675 habentem
1375 5616 1643 5677 virtutem.
1682 5619 1876 5675 Lamb.

551 5743 822 5805 Parnm.
872 5742 989 5802 Gn.
1026 5740 1103 5802 Il.

1980 5136 2366 5197 autem,_s_erva
2384 5124 2634 5197 eirttttem
2659 5125 2855 5197 habita:
2881 5128 3029 5197 fidei.

2054 5193 2169 5263 (55)
2200 5193 2363 5284 Vetu‘s
2383 5193 2894 5284 interpres‘videtur
2919 5200 3117 5269 legisse
3140 5198 3400 5284 oi‘eat‘na
3426 5216 3560 5284 φρο-

1981 5267 2262 5342 νήσαντες.
2306 5264 2363 5342 S_i
2397 5280 2535 5342 _vcr_a
2588 5274 2679 5342 est
2716 5267 2876 5323 lectio
2900 5264 3450 5342 καταφρονήσαντες,
3471 5264 3561 5326 ’ἰη-

1986 5334 2165 5407 ιεἸΙίιόῡ
2194 5336 2294 5408 ’Ξῆς
2331 5334 2581 5408 διψυχ-ίας
2602 5376 2617 5399 ,
2648 5338 2713 5408 de
2732 5354 2841 5408 qua
2878 5334 3039 5408 paulo
3067 5334 3228 5395 ante}
3274 5334 3428 5396 Κατα

1988 5360 2165 5407 wltlgc
2194 5360 2293 5407 της
2331 5360 2579 5406 οιψυχιας
2602 5376 2617 5399 ,
2648 5360 2713 5390 uc
2736 5360 2841 5407 qua
2878 5360 3039 5408 anIO
3071 5360 3228 5395 ante:
3274 5360 3428 5396 nam

1988 5424 2151 5481 νῃσον
2172 5404 2457 5481 οῦν-αὑτῆς
2489 5406 2912 5481 [Ατ-ῆςρδιψυχίας
3016 5409 3088 5464 Ita
3115 5360 3559 5469 Fabricius

1995 5476 2232 5552 ειη-ΥΟΕ
2262 5476 2327 5552 _V,
2356 5476 2597 5548 pa'gflS.
2629 5476 2882 5552 Quamin
2921 5476 3246 5536 sententiam
3278 5484 3565 5552 prwivcrat

1987 5547 2072 5602 Cl.
2100 5547 2561 5620 Montfauconus:
2607 5550 2685 5620 sic
2738 5550 2884 5620 enim
2919 5552 3116 5620 vertit:
3152 5552 3220 5605 Et
3268 5547 3371 5609 Deo
3399 5556 3560 5620 vives.

1988 5628 2141 5688 atque
2173 5636 2348 5674 omnes
2377 5621 2467 5691 qui
2496 5618 2963 5692 [dubitationem]
2989 5626 3418 5694 contempserint.

3244 5740 3326 5801 30
