4002 6308
1915 229 1970 288 S.
2014 229 2272 292 ΙΙΕΒΜᾸΞ

1801 351 2259 414 MANDATUM
2301 351 2381 416 X.

899 476 988 536 De
1015 477 1213 540 animi
1252 476 1521 540 tristitia
1543 519 1562 548 ,
1595 485 1652 538 et
1680 493 1807 536 non
1836 475 2272 538 contristando
2299 477 2550 555 Spiritu
2579 477 2690 539 Dei
2721 479 2830 558 qui
2861 478 2930 540 in
2951 475 3133 540 nobis
3163 484 3277 538 est.

1795 627 2026 684 CAPUT
2066 628 2358 684 PRIMUM.

529 736 714 810 Longe
745 738 831 795 fac
879 755 909 796 a
959 749 1011 795 te
1047 755 1268 796 omnem
1318 740 1637 796 tristitiam:
1672 741 1872 796 etenim
1916 741 2013 796 han

2210 743 2320 815 (56)
2361 740 2530 816 τΑρον
2568 744 2675 797 ἀπὸ
2729 744 2824 798 σοῦ
2880 745 2982 816 τὴν
3019 744 3227 817 λύπηνο
3269 745 3365 799 καὶ
3408 745 3520 817 γὰρ
3573 744 3713 819 αὕτη

454 849 612 889 soror
657 843 740 889 est
793 833 1194 898 dubitationis,
1245 841 1299 889 et
1354 834 1669 889 iracundiae.
1721 833 2006 900 Quomodo

2137 834 2338 906 ἀδελφή
2379 836 2494 888 ἐστι
2526 835 2626 905 τῆς
2661 834 2912 904 διψυχίας
2949 833 3042 888 καὶ
3081 836 3180 906 τῆς
3215 835 3517 906 ὀξυχολίας.
3564 835 3712 902 Πῶς,

455 928 706 996 inquam,
731 925 974 992 domine,
1013 941 1174 981 soror
1200 936 1284 982 est
1309 925 1547 980 harum?
1587 925 1747 979 Aliud
1780 926 1916 980 mihi
1944 927 2013 979 vi-

2136 929 2328 1000 κύριε,
2378 928 2580 998 ἀδελφή
2632 929 2777 981 ἐστιν
2830 927 3034 998 αὐτῆς;
3071 927 3233 980 Ἀλλο
3275 929 3382 999 γάρ
3424 945 3516 998 μοι
3569 927 3718 981 δοκεῖ

455 1022 615 1076 detur
642 1020 886 1086 tristitia,
925 1019 1072 1073 aliud
1112 1019 1404 1074 dubitatio.
1462 1017 1661 1072 Etait:
1697 1016 1828 1071 Sine
1863 1033 2013 1073 senSt

2136 1021 2404 1091 ὀξυχολία,
2430 1021 2523 1074 καὶ
2547 1020 2674 1075 ἄλλο
2693 1020 2932 1090 διψυχία,
2959 1019 3054 1072 καὶ
3080 1020 3208 1074 ἄλλο
3230 1018 3396 1091 λύπη.
3422 1019 3606 1087 Λέγει·
3627 1058 3640 1070 .
3661 1058 3674 1070 .
3696 1059 3712 1072 .

455 1130 566 1168 non
617 1112 897 1181 intelligis.
944 1111 1190 1166 Tristitia
1248 1110 1393 1164 enim
1444 1110 1691 1163 omnimn
1735 1111 2013 1179 spirituun‘

2136 1113 2220 1166 διὰ
2252 1114 2305 1166 τί
2331 1114 2392 1165 οὐ
2427 1114 2568 1176 νοεῖς
2593 1111 2662 1164 τὰ
2691 1110 2957 1182 λεγόμενά
2989 1128 3070 1164 σοι
3096 1128 3147 1174 ;.
3174 1153 3183 1162 .
3209 1149 3224 1164 .
3247 1151 3260 1164 .
3302 1112 3363 1163 οὐ
3389 1114 3534 1174 νοεῖς
3556 1112 3642 1163 ὅτι
3679 1109 3712 1182 ἡ

453 1205 832 1275 nequissimus
881 1214 986 1267 est,
1050 1212 1103 1257 et
1133 1203 1404 1274 pessimus
1439 1203 1552 1272 (57)
1591 1203 1764 1257 servis
1808 1201 1934 1264 Dei;
1975 1216 2013 1258 (ιι

2136 1202 2275 1273 λύπη
2301 1202 2517 1255 πάντων
2549 1202 2657 1256 τῶν
2675 1201 2859 1256 παθῶν
2882 1202 3216 1274 πονηροτέρα
3237 1203 3404 1267 ἐστὶν,
3433 1204 3529 1257 καὶ
3545 1203 3714 1255 δεινο-

451 1298 701 1352 omnium
740 1297 968 1367 spiritus
1019 1295 1370 1357 exterminat,
1413 1304 1468 1350 ct
1511 1295 1721 1349 cruciat
1754 1295 1866 1365 (58)
1908 1295 2013 1365 Spi-

2136 1297 2266 1367 τάτη
2287 1299 2400 1358 τοῖς
2420 1295 2624 1358 δούλοις
2647 1294 2741 1347 τοῦ
2762 1293 2919 1357 Θεοῦ,
2944 1294 3218 1366 καὶπαρὰ
3247 1295 3426 1350 πάντα
3444 1295 3517 1348 τὰ
3551 1295 3714 1348 πνεύ-

452 1388 618 1442 ritum
649 1396 899 1442 sanctum
927 1404 941 1451 ;
973 1396 1026 1440 et
1071 1386 1268 1439 iterum
1316 1386 1525 1438 salvum
1561 1385 1710 1439 facit.
1765 1385 1898 1455 Ego,
1947 1387 2013 1439 ini

2136 1403 2281 1457 ματα
2310 1385 2665 1457 καταφθείρει
2687 1385 2779 1438 τὸν
2803 1385 3115 1456 ἄνθρωπον;

463 232 494 287 9

498 233 565 287 39

453 1497 646 1552 quam,
683 1480 931 1545 domine,
960 1479 1228 1548 insipiens
1253 1497 1396 1546 sum,
1424 1490 1610 1535 etnon
1644 1481 1886 1551 inteHigo
1913 1482 2247 1551 quaestiones
2279 1481 2444 1537 istas:
2471 1497 2581 1552 quo
2627 1480 2792 1535 modo
2842 1479 3017 1550 possit
3069 1481 3340 1548 cruciare,
3387 1490 3446 1536 et
3504 1481 3710 1537 iterum

451 1576 662 1630 salvum
688 1575 889 1637 facere,
930 1589 1038 1629 non
1067 1573 1333 1645 intelligo.
1391 1577 1552 1642 Audi,
1611 1577 1810 1646 inquit,
1843 1586 1896 1631 et
1932 1578 2192 1648 intellige.
2235 1576 2302 1632 Hi
2338 1577 2430 1648 qui
2475 1577 2590 1647 (59)
2639 1590 2921 1645 nunquam
2965 1574 3346 1643 exquisierunt
3396 1577 3710 1638 veritatem,

451 1689 630 1744 neque
655 1671 1028 1742 inquisicrunt
1051 1669 1119 1724 de
1163 1669 1468 1736 majestate,
1520 1668 1612 1723 sed
1641 1678 1850 1722 tantmn
1877 1669 2244 1734 crediderunt,
2287 1678 2416 1724 sunt
2447 1668 2560 1739 (60)
2593 1666 2823 1721 involuti
2878 1666 2932 1720 in
2966 1657 3204 1734 negotiis
3249 1665 3364 1736 (61)
3415 1666 3710 1722 hominum

449 1767 820 1820 ethnicorum.
859 1762 923 1816 Et
951 1761 1092 1816 alius
1121 1760 1354 1815 mendax
1386 1760 1674 1829 prophetes
1697 1768 1802 1826 est,
1835 1761 1928 1830 qui
1968 1761 2143 1831 perdit
2167 1777 2365 1816 sensus
2399 1775 2685 1816 servorum
2718 1760 2847 1825 Dei,
2877 1758 3170 1812 dubiorum
3198 1767 3405 1823 autem,
3441 1774 3553 1812 non
3583 1759 3709 1813 ilio-

450 1876 573 1914 ium
625 1858 717 1927 qui
753 1857 926 1910 ﬁdunt
955 1856 1009 1908 in
1042 1853 1275 1908 Domino
1297 1853 1476 1922 plene.
1501 1851 1580 1906 llli
1613 1867 1742 1924 ergo
1776 1852 1927 1907 dubii
1955 1853 2113 1923 quasi
2144 1853 2210 1907 ad
2240 1853 2486 1907 divinum
2514 1850 2775 1921 Spiritum
2808 1849 3054 1914 veniunt,
3078 1857 3132 1903 et
3159 1849 3500 1918 interrogant
3529 1848 3708 1915 illum,

447 1955 580 2024 quid
616 1953 723 2008 illis
753 1952 997 2006 futurum
1057 1949 1146 2004 sit.
1197 1948 1263 2003 Et
1294 1949 1384 2002 ille
1422 1949 1656 2004 menda-it
1690 1949 2003 2034 prophetes,
2038 1949 2244 2004 nullam
2286 1949 2499 2003 habens
2556 1948 2609 2002 in
2662 1963 2720 2002 se
2753 1946 3010 2000 virtutem
3058 1943 3298 2013 Spiritus
3353 1941 3530 1996 divini
3565 1941 3720 2011 (62)}

447 2049 693 2121 loquitur
734 2048 843 2103 illis
873 2046 1176 2102 secundum
1217 2045 1704 2115 interrogationem
1730 2045 1973 2111 illorum,
2005 2056 2060 2099 et
2108 2046 2294 2116 implet
2324 2045 2539 2100 animas
2593 2045 2812 2098 illorum
2843 2041 3159 2113 promissis,
3211 2039 3356 2095 sicut
3382 2039 3460 2094 illi
3488 2039 3705 2095 volunt.

446 2139 539 2197 ille
561 2152 740 2197 autem
766 2139 1057 2211 prophetes
1086 2135 1267 2191 inanis
1291 2145 1394 2198 est,
1421 2143 1473 2189 et
1504 2135 1688 2188 inania
1728 2135 2024 2204 reSpondct
2047 2133 2325 2190 inanibus.
2361 2133 2640 2204 Quidquid
2668 2134 2812 2188 enim
2853 2133 3224 2201 interrogatur
3253 2146 3284 2184 a
3333 2129 3493 2185 vanis
3522 2129 3708 2184 homi-

445 2231 630 2296 nibus,
655 2245 794 2285 vana
827 2228 1127 2299 respondet
1157 2224 1290 2279 illis.
1319 2223 1576 2289 Quaedam
1602 2233 1784 2280 autem
1819 2226 1984 2280 verba
2016 2241 2144 2281 vera
2173 2227 2435 2296 loquitur.
2481 2225 2744 2281 Diabolus
2775 2225 2921 2280 enim
2953 2226 3142 2296 implet
3185 2224 3300 2296 (63)
3325 2238 3456 2281 eum
3506 2226 3706 2296 spiritu

443 2343 568 2394 suo,
602 2336 662 2382 ut
699 2325 925 2395 dejiciat
963 2323 1199 2392 aliquem
1230 2337 1294 2376 ex
1327 2322 1492 2391 justis
1526 2321 1663 2392 (6.1).

1869 2469 2100 2525 CAPUT
2140 2469 2203 2525 ll.

511 2576 839 2648 Quicunque
861 2593 992 2651 ergo
1017 2580 1188 2636 lortcs
1213 2591 1340 2637 sunt
1371 2583 1425 2637 in
1453 2583 1557 2656 lide
1589 2583 1828 2647 Domini,
1853 2594 1907 2639 et
1938 2585 2109 2640 induti
2140 2595 2270 2642 sunt
2305 2585 2609 2650 veritatem,
2652 2587 2852 2642 talibus
2892 2585 3177 2656 spiritibus
3230 2600 3341 2639 non
3369 2584 3704 2656 junguntur,

441 2677 535 2731 sed
562 2677 851 2731 discedunt
882 2678 1104 2733 abillis.
1130 2676 1410 2747 Quotquot
1456 2677 1831 2732 autem-dubii
1881 2687 2030 2744 sunt,
2081 2688 2135 2734 et
2177 2680 2412 2735 subinde
2455 2681 2826 2751 paenitentiam
2866 2689 3054 2751 agunt,
3103 2675 3399 2732 consulunt
3440 2688 3702 2745 tanquam

438 2768 666 2835 ethnici,
692 2777 748 2824 et
776 2784 1134 2840 permagnum
1165 2770 1266 2825 sibi
1297 2777 1577 2838 peccatum
1615 2781 1917 2840 congerunt
1949 2772 2086 2841 (65),
2132 2771 2294 2828 idolis
2339 2775 2659 2830 servientes.
2702 2772 3026 2840 Quicunque
3063 2785 3192 2839 ergo
3241 2768 3376 2822 tales
3416 2776 3571 2829 sunt,
3621 2768 3705 2819 in-

440 2869 718 2933 terrogant
757 2879 855 2934 pro
878 2865 1097 2934 negotio
1123 2865 1387 2933 quolibet,
1416 2864 1710 2919 simulacra
1742 2865 1952 2930 colunt,
1986 2873 2040 2918 et
2071 2865 2218 2919 stulti
2246 2878 2392 2928 sunt,
2422 2877 2474 2920 et
2516 2867 2704 2921 inanes
2732 2883 2760 2920 a
2794 2866 3040 2920 veritate.
3076 2860 3266 2915 Omnis
3289 2859 3435 2915 enim
3474 2860 3702 2929 spiritus

438 2968 467 3010 a
496 2955 605 3010 Deo
643 2957 804 3011 datus
840 2971 947 3009 non
975 2956 1373 3026 interrogatur;
1415 2956 1506 3010 sed
1541 2955 1746 3008 habens
1772 2956 2026 3009 virtutem
2055 2955 2167 3026 (66)
2201 2957 2522 3020 divinitatis,
2549 2974 2578 3012 a
2620 2974 2678 3013 se
2712 2960 2895 3013 omnia
2932 2958 3206 3028 loquitur;
3243 2956 3372 3026 quia
3408 2957 3700 3011 desursum

436 3054 520 3105 est
553 3065 582 3105 a
613 3051 816 3105 virtute
837 3049 1008 3104 divini
1051 3048 1308 3118 Spiritus.
1343 3046 1446 3113 Qui
1486 3061 1666 3103 autem
1707 3046 2096 3122 interrogatus,
2134 3051 2378 3123 loquitur
2416 3056 2714 3110 secundum
2747 3055 3102 3120 desiderium,
3124 3062 3180 3108 et
3213 3052 3336 3106 aliis
3371 3050 3485 3120 (67)
3516 3053 3702 3106 multis

438 3146 603 3198 rebus
632 3143 796 3213 hujus
830 3141 1035 3197 szeculi.
1063 3140 1385 3208 llujnsmodi
1426 3139 1536 3208 (68)
1583 3156 1692 3194 non
1736 3141 2048 3211 intelligunt
2097 3145 2428 3214 quaestiones
2465 3146 2800 3211 divinitatis;
2857 3147 3228 3200 obscurantur
3275 3143 3420 3198 enim
3475 3143 3589 3211 (69)
3634 3144 3702 3198 iis

439 3235 694 3305 negotiis,
717 3243 770 3288 et
795 3241 1244 3302 corrumpuntur,
1277 3239 1330 3284 et
1358 3229 1797 3302 confringuntur.
1832 3232 1988 3288 Sicut
2012 3235 2151 3290 vites
2177 3233 2334 3289 bonae
2376 3253 2497 3306 qua:
2530 3237 2901 3308 negliguntur,
2935 3237 3002 3290 ab
3034 3235 3218 3290 herbis
3263 3241 3318 3288 et
3363 3234 3541 3303 spinis
3577 3249 3700 3303 pre-

437 3339 662 3383 tnnntur
685 3337 739 3383 et
768 3334 1034 3381 necantur
1073 3323 1227 3394 ('70):
1262 3323 1342 3377 sic
1387 3332 1440 3378 et
1494 3322 1746 3378 homines
1785 3325 1874 3394 qui
1925 3325 2125 3380 talibus
2165 3329 2532 3394 crediderunt,
2566 3329 2602 3383 ii
2632 3328 2863 3399 negotiis
2893 3337 2947 3383 et
2987 3328 3297 3383 actionibus
3335 3327 3523 3380 multis
3561 3326 3702 3379 inci-

433 3424 653 3482 derunt,
688 3429 741 3473 et
778 3425 1111 3472 evacuantur
1135 3415 1248 3485 (7|)
1284 3431 1314 3469 a
1343 3431 1506 3469 sensu
1541 3431 1663 3480 suo,
1695 3426 1749 3471 et
1786 3417 1924 3470 nihil
1969 3419 2193 3474 omnino
2243 3420 2570 3491 intelligunt,
2627 3421 2694 3476 de
2739 3420 2944 3475 divitiis
2994 3421 3296 3490 cogitantes
3325 3414 3462 3488 (72).
3505 3415 3613 3471 Sed
3652 3411 3698 3468 si

434 3511 658 3579 quando
696 3509 967 3563 audierint
1000 3508 1065 3562 de
1093 3506 1345 3568 Domino,
1370 3521 1567 3562 sensus
1595 3521 1788 3561 eorum
1822 3508 1874 3561 in
1898 3511 2132 3580 negotiis
2162 3512 2406 3583 ipsorum
2432 3525 2533 3568 est.

502 3624 604 3691 Qui
641 3632 821 3678 autem
856 3622 1104 3676 timorem
1149 3618 1363 3673 Domini
1407 3619 1628 3685 habent,
1679 3628 1734 3673 et
1763 3629 2012 3674 scrutan-
2043 3611 2084 3664 Β

435 3729 522 3773 tur
543 3718 608 3773 de
641 3715 750 3770 Deo
786 3715 1071 3768 veritatem
1098 3753 1114 3777 ,
1153 3711 1540 3782 cogitationem
1565 3725 1782 3765 omnem
1811 3710 2009 3766 habent

432 3812 498 3866 ad
543 3809 854 3863 Dominum.
882 3804 1078 3860 Omnia
1109 3818 1232 3873 qua:
1264 3803 1524 3857 dicuntur
1545 3803 1646 3869 eis,
1676 3803 2007 3874 percipiunt,

431 3915 485 3960 et
513 3905 694 3960 statim
731 3899 1033 3970 intelligunt
1058 3896 1192 3967 (74),
1230 3895 1357 3965 quia
1386 3893 1585 3949 habent
1616 3895 1866 3950 timorem
1898 3895 2008 3952 Do-

434 3996 565 4050 mini
603 3995 656 4048 in
689 4009 766 4048 se.
807 3989 908 4045 Ubi
946 3989 1090 4045 enim
1125 3985 1360 4055 Spiritus
1392 3983 1609 4040 Domini
1651 3982 1763 4057 (75)
1792 3986 2004 4043 inhabi-

1527 4127 1764 4183 VARUE
1805 4128 2186 4189 LECTlONES
2223 4133 2312 4187 ET
2351 4134 2581 4189 ΝΟΤίΕ.

499 4246 611 4318 (56)
759 4243 936 4322 Doctr.
973 4245 1042 4322 at!
1082 4246 1520 4322 Antiochanum.
1573 4247 1660 4322 li,
1709 4261 1833 4322 pag.
1870 4247 1997 4322 257.

2183 4252 2297 4322 (64)
2338 4253 2492 4307 Bodl.
2523 4265 2577 4309 et
2603 4253 2793 4308 Lamb.
2825 4253 2956 4308 illis.

430 4315 530 4370 me
557 4317 805 4393 ordinem
837 4315 1060 4393 invertit
1083 4317 1685 4393 pseudo-Athanasius.
1712 4315 1829 4393 Ipsi
1848 4320 1994 4373 enim
2180 4315 2291 4392 (65)
2331 4323 2520 4378 Lamb.
2547 4325 2842 4393 conferunt.

426 4396 512 4444 est
545 4387 860 4461 mandatum
903 4386 1276 4461 undecimum,
1328 4389 1472 4458 quod
1506 4388 1998 4461 inveterillcrnne
2179 4386 2290 4461 (66)
2333 4393 2520 4447 Lamb.
2550 4386 2841 4450 veritatem.

430 4458 680 4513 versione
708 4467 790 4511 est
820 4456 1114 4513 decimum.
1146 4458 1201 4515 Id
1233 4456 1601 4515 non'advertit
1623 4458 2004 4516 cl.'Montfau-
2119 4534 2128 4536 _
2178 4456 2291 4531 (67)
2332 4464 2589 4522 Fortasse
2611 4466 2675 4521 de
2705 4467 2850 4520 aliis.
2885 4464 3066 4520 Fellns
3097 4484 3111 4520 :
3139 4474 3189 4518 et
3230 4465 3552 4536 de‘aliis...;
3587 4466 3678 4518 Im-

427 4544 623 4583 conus.
2111 4534 2358 4588 iusmodi.

499 4552 848 4679 (EliiLamb.
889 4599 1104 4679 nequior
1129 4608 1198 4679 et_
1208 4600 1460 4670 pessima.
1515 4599 1700 4679 Graeca
1750 4600 1860 4656 sic:
1892 4602 2002 4679 An;
2099 4552 2521 4679 {uiglgiuLamb
2556 4617 2610 4660 ct
2667 4607 2837 4679 Bodl,
2867 4607 3020 4661 deest
3068 4606 3393 4674 Imjnsmodi.
3419 4604 3684 4679 APseudof

429 4667 815 4746 noitinteliigis
841 4667 1074 4746 omnium
1116 4667 1400 4746 a/[ectuum
1434 4672 1875 4746 pessimum_esse
1907 4674 2004 4726 tri—
2107 4667 2440 4732 Athanasius
2484 4679 2665 4733 verbis
2716 4678 2879 4733 modo
2940 4667 3202 4741 recitatis,
3255 4685 3380 4745 post
3419 4675 3685 4746 λεγόμενα

427 4739 656 4821 stiriam,
691 4737 887 4821 Deique
936 4740 1098 4821 servis
1139 4737 1524 4821 durissimum;
1551 4758 1668 4810 qua:
1694 4741 1813 4810 plus
1843 4759 2000 4812 quam

2136 4763 2211 4810 οι,
2246 4749 2358 4804 lucc
2396 4749 2546 4803 addit
2576 4768 2589 4804 :
2615 4752 2723 4803 Καὶ
2755 4750 2863 4821 γὰρ
2896 4750 3092 4801 ἐκεῖνοι
3119 4737 3444 4821 οὑίνόοῦσιν,
3479 4737 3528 4821 οἱ
3553 4737 3681 4821 ’βάλε

551 4824 726 4892 omnes
753 4806 1080 4892 [ne-quitiai’)
1106 4812 1328 4890 spiritus
1366 4806 1627 4892 hominem
1671 4806 2004 4892 corrumpit?

2138 4806 2287 4880 ονλτες
2320 4821 2548 4883 ἑαυτοὺς
2591 4823 2670 4884 εἰς
2719 4806 2789 4874 τὰ
2833 4806 3077 4892 ’σαρκικὰ
3122 4819 3214 4871 καὶ
3262 4806 3505 4886 magna
3546 4806 3682 4890 τερά-

431 4879 531 4935 Hic
562 4879 698 4958 bene
754 4878 924 4933 inulta
975 4878 1162 4958 omisit
1219 4882 1830 4958 psvudo-Athanasius_
1876 4878 2001 4958 nam
2105 4878 2288 4958 γματα

431 4948 885 5032 ροεξιᾶνρρωπρν,
917 4966 981 5004 ea
1022 4952 1204 5004 statim
1220 4948 1557 5032 sequuntur,
1577 4963 1637 5008 ut
1659 4969 1786 5008 mox
1817 4953 1958 5008 infra
1989 4974 1999 5008 :
2117 4948 2156 4958 ”
2180 4961 2291 5032 (69)
2332 4959 2520 5016 Lamb.
2547 4979 2611 5016 ex
2642 4977 2739 5030 pro
2761 4963 2920 5016 enim.

430 5017 492 5076 Oi
524 5017 769 5101 ξξφρϐον
798 5017 1117 5101 βχοντεςηξε.
1139 5039 1191 5101 ςε.
1224 5022 1273 5075 λ.
1310 5017 1327 5023 ⁷
1545 5017 1549 5019 Ἴ
1668 5095 1700 5101 __
1765 5097 1774 5101 _

2177 5017 2288 5097 (76)
2329 5033 2513 5086 Carm.
2547 5042 2600 5086 et
2623 5017 2762 5086 Vict.
2791 5044 3065 5088 noceatur.

501 5093 616 5164 (58)
659 5091 850 5164 Lamb.
887 5092 1230 5155 contribulat,
1257 5102 1310 5148 et
1342 5110 1470 5148 mox
1507 5095 1888 5150 contribularc.

504 5161 618 5232 (59)
659 5161 850 5216 Lamb.
883 5164 1034 5217 deest
1057 5165 1165 5232 qui.

503 5233 617 5306 (60)
656 5232 799 5306 Χῖοι.
829 5234 1012 5306 Carm.
1048 5242 1102 5288 et
1117 5233 1318 5306 _Lam_b.
1344 5244 1392 5288 et
1432 5246 1575 5290 sunt.

501 5303 614 5374 (61)
655 5303 796 5359 Vict.
825 5304 1007 5359 Carm.
1038 5315 1092 5359 et
1117 5304 1306 5359 Lamb.
1343 5307 1563 5374 negoti-is
1593 5319 1640 5361 et
1665 5309 1886 5362 divitiis.

499 5375 613 5445 (62)
653 5374 845 5430 Lamb.
877 5379 1147 5430 veritatem
1198 5376 1251 5429 in
1284 5393 1338 5430 se
1383 5378 1577 5445 spiritu
1620 5380 1818 5433 divino.
1860 5379 2002 5436 Lau-

427 5446 589 5522 datur
640 5448 926 5522 hic‘l‘ocus
956 5463 986 5501 a
1023 5449 1194 5522 Clem.
1233 5448 1646 5522 _Alex._.‘.'tpwn.
1679 5451 1771 5504 lib.
1803 5467 1848 5522 VI,
1877 5467 1996 5522 cap.

427 5517 517 5580 17,
552 5533 672 5586 pag.
702 5517 826 5572 369.
864 5518 994 5587 Ejus
1026 5519 1190 5581 verba
1231 5519 1374 5576 inter
1402 5517 1651 5575 Veterum
1695 5517 1999 5579 testimonia

425 5589 677 5656 superius
723 5591 911 5645 relata.

497 5657 611 5729 (65)
655 5658 842 5716 Lamb.
874 5670 1047 5715 autent
1079 5662 1352 5733 adimplet.

2187 3623 2296 3696 (75)
2353 3627 2415 3679 Οἱ
2462 3625 2519 3679 δὲ
2575 3626 2734 3696 φόϐον
2785 3625 2998 3696 ἔχοντες
3031 3626 3186 3689 Θεοῦ,
3228 3626 3322 3678 καὶ
3365 3624 3699 3696 ἐρευνῶντες

2115 3717 2242 3788 περ).
2282 3717 2414 3770 Θεοῦ
2469 3717 2644 3788 ἔργων
2698 3719 2792 3772 καὶ
2837 3718 3112 3790 ἀληθείας,
3166 3719 3259 3771 καὶ
3320 3714 3420 3788 τὴν
3466 3715 3698 3787 καρδίαν

2115 3808 2332 3880 ἔχοντες
2365 3811 2501 3883 πρὸς
2533 3808 2757 3881 Κύριον,
2785 3810 2962 3864 πάντα
2994 3809 3061 3864 τὰ
3094 3810 3361 3881 λεγόμενα
3393 3809 3578 3868 αὐτοῖς
3596 3807 3694 3862 τά-

2111 3917 2227 3970 χιον
2259 3901 2440 3954 νοοῦσι
2465 3903 2558 3955 καὶ
2582 3900 2874 3965 συνιοῦσιν,
2920 3902 3068 3956 ὃτι...
3111 3896 3204 3953 τὸν
3240 3895 3401 3970 φόϐον
3434 3899 3528 3953 τοῦ
3557 3895 3694 3953 Θεοῦ

2109 3990 2320 4061 ἔχουσιν
2365 3993 2422 4044 ἐν
2469 3994 2701 4056 ἑαυτοῖς.
2758 3993 2930 4046 ’Ὅπου
2967 3991 3075 4063 γὰρ
3118 3995 3146 4043 ὁ
3192 3987 3396 4062 Κύριος
3429 3991 3696 4048 κατοικεῖ.

2177 5101 2288 5163 (71)
2335 5101 2473 5157 Vict.
2502 5113 2802 5157 evocantur.

2178 5171 2289 5244 (Ῑῗῖ)
2333 5172 2522 5244 Lamb.
2556 5185 2786 5244 agentes.

2176 5241 2289 5316 (75)
2330 5242 2455 5316 Hice
2499 5241 2663 5316 habet
2718 5245 3293 5313 pseudo-Athanasius
3341 5253 3466 5316 post
3517 5259 3670 5299 mu-

2105 5312 2315 5386 φθείρει
2338 5312 2758 5386 *τὸνᾈᾷνθρωπον
2787 5316 2950 5386 modg
2983 5316 3168 5377 relata.

2177 5381 2289 5455 (74)
2332 5384 2423 5458 Sic
2447 5381 2592 5441 Vict.‘
2617 5397 2670 5441 et
2697 5385 2883 5458 Carm.
2919 5383 3010 5441 Sic
3035 5404 3256 5458 quoque
3295 5388 3504 5444 Grieca.
3541 5381 3679 5458 Editi

2106 5454 2301 5531 praeter
2357 5454 2534 5531 Oxon.
2589 5457 2980 5528 intelliguntur.
3033 5454 3465 5531 Pro-sequente
3517 5457 3675 5528 quia.

2106 5524 2545 5598 VictretgLamb.
2573 5531 2683 5598 qui.

2175 5596 2290 5668 (75$)
2332 5597 2485 5652 Bodl.
2511 5608 2564 5652 et
2585 5593 2725 5653 Vict.
2766 5598 3041 5654 Dominus.
3085 5601 3177 5657 Sic
3217 5611 3270 5657 et
3328 5599 3541 5664 (ἔντερα,
3584 5593 3676 5650 ubi

2105 5667 2362 5725 mendbse
2392 5668 2446 5723 in
2473 5671 2601 5725 edit.
2645 5668 2898 5735 Russclii,
2929 5671 3176 5744 Χριστός.

3706 5503 3743 5544 Κ
