4002 6308
257 255 361 312 θιι

1296 253 1586 311 PASTOR.
1625 286 1693 295 —
1735 254 1863 311 LIB.
1905 253 2396 329 ll,MAND.-\TUM
2436 249 2504 311 Χ.

3427 250 3534 310 932

254 369 380 423 ἐκεῖ
419 366 516 422 καὶ¹
551 367 766 432 σύνεσις
797 367 985 440 πολλή.
1026 367 1330 441 Κολλήοητι
1367 367 1461 422 οῦν
1494 365 1588 420 τοῦ
1622 367 1828 435 Κυρίου

1958 375 2054 434 tat,
2080 365 2152 420 ibi
2179 377 2234 421 et
2279 380 2478 421 sensus
2508 365 2716 421 multus
2743 365 3078 441 adiungitur.
3120 368 3371 441 Adjunge
3397 383 3530 442 ergo

255 464 356 516 καὶ
389 461 609 516 πάντων
643 461 754 534 (76)
783 463 1017 533 νοήσεις.

1959 467 2010 513 te
2045 458 2313 525 Domino;
2343 467 2396 514 et
2416 444 2602 513 omnia
2631 459 2900 532 intelliges
2929 477 2994 518 ac
3015 463 3220 520 senties
3256 461 3416 535 (76‘).

1724 596 1954 653 CAPUT
1994 597 2083 654 Ill.

334 721 533 773 Ἄκουε
564 713 658 772 οῦν
681 717 798 782 πῶς
831 720 864 789 ἠ
896 716 1038 790 λύπη
1083 718 1321 798 ἐκτρίϐει
1358 718 1419 771 τὸ
1462 715 1706 788 Πνεῦμα,
1751 717 1846 769 καὶ

250 812 419 865 πάλιν
457 810 637 877 σώζει.
677 813 843 866 Ὅταν
874 814 902 866 ὁ
933 812 1154 883 δίψυχος
1186 811 1510 882 ἐπιϐάληται
1541 808 1743 881 πρᾶξαί
1769 825 1842 871 τι,

250 905 351 958 καὶ
380 905 626 979 ἀποτύχῃ
662 904 749 958 διὰ
788 905 888 976 τὴν
925 905 1174 976 διψυχίαν
1207 903 1392 966 αὐτοῦ,
1427 906 1462 974 ἡ
1491 902 1635 973 λύπη
1676 904 1843 954 ἐκπο-

254 996 474 1069 ρεύεται
507 997 588 1060 εἰς
627 997 719 1049 τὸν
763 996 1075 1068 ἄνθρωπον,
1110 997 1206 1051 καὶ
1236 996 1398 1050 λυπεῖ
1425 994 1487 1048 τὸ
1528 993 1755 1065 Πνεῦμα
1783 993 1845 1046 τὸ

253 1089 434 1156 ἅγιον,
489 1089 583 1142 καὶ
631 1093 958 1161 στενοχωρεί
1007 1089 1157 1144 αὑτό.
1207 1085 1344 1142 Εἶτα
1388 1087 1549 1141 πάλιν
1596 1085 1844 1157 ὀξύχολία

251 1181 380 1233 ὅταν
429 1179 660 1251 κολληθῇ
707 1179 786 1250 τῷ
819 1179 1091 1252 ἀνθρώπῳ
1138 1181 1266 1252 περ)⁵
1311 1179 1635 1251 πράγματός
1678 1195 1840 1242 τινος,

251 1272 352 1324 καὶ⁹
405 1271 525 1326 λίαν
568 1272 842 1344 πικρανθῇ
905 1274 1000 1327 καὶ
1039 1274 1238 1344 ποιήσῃ
1284 1290 1337 1325 τι
1383 1271 1570 1334 κακὸν,
1607 1270 1768 1323 πάλιν
1807 1271 1841 1340 ἡ

249 1361 398 1432 λύπη
443 1361 820 1433 εἰσπορεύεται
871 1363 951 1426 είς
999 1363 1099 1432 τὴν
1154 1361 1378 1434 καρδίαν
1414 1360 1508 1413 τοῦ
1553 1358 1840 1431 ἀνθρώπου

247 1455 348 1508 τοῦ
383 1455 827 1526 ὀξυχολήσαντος,
871 1457 965 1508 καὶ
1002 1454 1252 1508 λυπεῖται
1285 1455 1376 1506 ἐπὶ
1408 1456 1474 1524 τῇ
1512 1451 1707 1524 πράξει
1740 1452 1839 1505 αύ-

247 1545 369 1610 τοῦ,
453 1546 824 1616 ἐπραξεν,καὶ
860 1547 1113 1616 μετανοεῖ
1143 1546 1224 1598 ὅτι
1259 1543 1497 1615 πονηρὸν
1519 1543 1834 1614 εἰργάσατο⁹

247 1641 392 1711 αὕτη
425 1636 516 1693 οῦν
547 1642 580 1711 ἡ
618 1639 761 1711 λύπη
791 1640 946 1710 δοκεῖ⁷
971 1640 1242 1710 σωτηρίαν
1274 1639 1436 1710 ἔχειν,
1472 1640 1552 1692 ὅτι
1583 1638 1644 1691 τὸ
1678 1655 1842 1708 πονη-

2021 715 2161 770 Audi
2215 731 2381 781 nunc,
2432 712 2730 786 insipiens,
2781 715 3246 787 quemadmodum
3305 713 3528 771 tristitia

1949 807 2162 861 cruciat
2187 805 2450 877 Spiritum
2483 817 2759 872 sanctum,
2785 817 2839 862 et
2859 823 2970 878 quo
2997 809 3160 863 modo
3191 806 3402 863 salvum
3440 807 3527 864 fa-

1947 896 2041 950 cit.
2074 895 2212 950 Cum
2253 897 2452 953 dubius
2499 899 2753 954 inciderit
2789 899 2845 953 in
2887 899 3160 970 negotium
3195 899 3440 971 aliquod,
3474 909 3530 955 ct

1946 1003 2054 1041 non
2087 990 2331 1058 provenil
2365 983 2479 1060 (77)
2521 989 2595 1043 illi
2636 999 2858 1060 propter
2889 992 3285 1046 dubitationem
3306 1032 3320 1058 ,
3353 991 3528 1046 tristi-

1948 1080 2020 1133 tia
2051 1080 2165 1135 haec
2205 1080 2371 1136 intrat
2411 1083 2463 1136 in
2505 1083 2804 1152 hominem,
2851 1091 2905 1139 et
2937 1084 3146 1140 tristem
3178 1083 3308 1141 facit
3351 1084 3528 1156 Spiri—

1945 1177 2063 1225 tum
2093 1184 2366 1238 sanctum,
2398 1183 2453 1228 ct
2476 1185 2802 1231 vexateum.
2836 1176 3040 1232 Deinde
3068 1180 3265 1233 iterum
3302 1178 3526 1234 iracun-

1944 1259 2032 1318 dia
2061 1281 2185 1318 cum
2223 1267 2519 1321 accesserit
2559 1266 2768 1323 homini
2808 1286 2907 1340 pro
2937 1271 3155 1339 negotio
3183 1271 3391 1341 aliquo,
3421 1288 3520 1328 ve-

1910 1411 1912 1413 .
1945 1356 2228 1412 hemeuter
2254 1358 2540 1426 irascitur;
2579 1370 2633 1415 et
2665 1362 2779 1417 haec
2809 1363 2890 1418 ira
2926 1363 3091 1418 intrat
3131 1364 3184 1418 in
3218 1365 3522 1434 prazcordia

1943 1449 2254 1517 irascentis,
2305 1462 2358 1506 et
2397 1463 2625 1508 vexatur
2654 1453 2706 1509 in
2737 1456 2956 1526 negotio
3003 1472 3105 1512 suo
3139 1457 3283 1527 quod
3315 1458 3445 1530 agit,
3469 1465 3527 1515 et

1943 1553 2131 1611 postca
2181 1545 2427 1613 ptenitet,
2461 1547 2606 1615 quod
2664 1547 2806 1602 male
2851 1547 3056 1603 fecerit.
3099 1547 3352 1620 Utraque
3390 1565 3522 1622 ergo

1945 1651 2033 1689 res
2059 1636 2260 1690 laedunt
2306 1635 2571 1706 Spiritum
2609 1648 2901 1706 sanctum;
2934 1640 3224 1708 dubitatio,
3259 1652 3310 1697 et
3353 1643 3524 1698 tristi-

249 1734 346 1805 ρὸν
381 1706 593 1805 πράξας
629 1706 968 1804 μετενόησεν.
1427 1731 1484 1784 δὲ
1519 1730 1652 1803 τῶν]
1692 1706 1831 1802 πράη

1944 1728 2017 1781 tia
2055 1746 2067 1781 :
2107 1729 2399 1795 dubitatio,
2450 1731 2580 1800 quia
2613 1747 2719 1785 non
2755 1734 3023 1788 successit
3066 1706 3222 1790 actus
3273 1735 3427 1806 ejus;
3467 1745 3523 1792 et

246 1827 387 1893 ξεων
418 1825 645 1879 λυποῦσι
677 1825 768 1879 τὸν
791 1824 1094 1898 ἄνθρωπον·
1135 1825 1192 1896 [ἡ
1225 1825 1322 1895 μὲν
1355 1824 1522 1894 λύπη,
1568 1822 1675 1894 ὅτι]
1705 1823 1840 1876 ἀπέ-

243 1932 380 1990 τυχε
405 1919 506 1988 τῆς
540 1918 810 1990 πράξεως,
859 1920 892 1990 ἡ
939 1919 996 1972 δὲ
1040 1917 1310 1988 ὀξυχολία,
1369 1918 1450 1970 ὅτι
1515 1915 1719 1986 ἔπραξε
1777 1914 1840 1967 τὸ

247 2012 506 2082 πονηρόν.
556 2012 863 2082 Ἀμφότερα
893 2006 985 2064 οὖν
1017 2010 1236 2081 λυπηρά
1277 2011 1394 2064 ἐστι
1440 2009 1518 2080 τῷ
1561 2007 1840 2079 Πνεύματι

243 2101 328 2171 τῷ
361 2102 501 2171 ἁγίῳ
525 2100 657 2171 (78).
693 2097 863 2172 ’Ἆρον
894 2096 986 2154 οῦν
1021 2101 1130 2154 ἀπὸ
1163 2099 1258 2153 σοῦ
1281 2101 1380 2172 τὴν
1401 2099 1598 2170 λύπην,
1635 2097 1729 2152 καὶ
1763 2097 1837 2168 μὴ

245 2192 399 2245 ϋλῖϐε
430 2193 491 2245 τὸ
526 2191 748 2263 Πνεῦμα
781 2193 843 2245 τὸ
882 2193 1058 2262 ἅγιον,
1093 2193 1153 2245 τὸ
1182 2194 1238 2244 ὲν
1271 2193 1354 2246 σο)⁷
1384 2190 1693 2254 κατοικοῦν,
1727 2191 1836 2261 μή·

243 2298 383 2334 ποτε
421 2281 734 2352 ὲντεύξηται
769 2281 849 2352 τῷ
876 2282 1015 2353 Θεῷ,
1050 2283 1141 2336 καὶ
1185 2283 1394 2352 ἀποστῇ
1441 2278 1549 2333 ἀπὸ
1595 2277 1708 2332 σοῦ.
1764 2277 1839 2330 Τὸ

244 2374 364 2446 γὰρ
385 2373 600 2446 πνεῦμα
625 2375 719 2428 τοῦ
739 2373 874 2428 Θεοῦ
894 2375 956 2427 τὸ
983 2374 1136 2428 δοθὲν
1167 2376 1248 2438 εἰς
1278 2374 1378 2445 τὴν
1412 2373 1591 2444 σάρκα
1609 2371 1833 2441 ταύτην,

243 2465 428 2536 λύπην
461 2466 723 2537 σαρκικὴν
763 2467 858 2536 οὐχ
906 2467 1200 2538 ὑποφέρει,
1249 2465 1368 2520 οὐδὲ
1408 2466 1837 2540 στενοχωρίαν...

247 2557 508 2611 Ἔνδυσαι
541 2553 635 2611 οῦν
674 2558 772 2630 τὴν
820 2559 1129 2631 ἱλαρότητα,
1175 2561 1276 2630 τὴν
1323 2561 1553 2614 πάντοτε
1608 2561 1836 2633 ἔχουσαν

240 2651 409 2722 χάριν
442 2649 592 2723 παρὰ
620 2650 698 2722 τῷ
725 2649 865 2721 Θεῷ,
916 2651 1011 2706 καὶ
1043 2651 1435 2721 εύπρόσδεκτον
1467 2649 1632 2706 οὖσαν
1666 2653 1836 2725 αὐτῷ,

241 2746 344 2798 καὶ
367 2743 699 2816 ἐντρύφησον
717 2744 774 2796 ἐν
806 2744 963 2816 αὐτῇ.
993 2744 1107 2807 Πᾶς
1133 2743 1242 2815 γὰρ
1277 2743 1458 2816 ἱλαρὸς
1495 2744 1632 2817 ἀνὴρ
1655 2744 1838 2814 ἀγαθὰ

241 2836 557 2910 ἐργάζεται,
599 2837 692 2890 καὶ
746 2835 926 2905 ἀγαθά
974 2838 1178 2907 φρονεῖ,
1226 2835 1321 2887 καὶ
1365 2838 1694 2904 καταφρονεῖ
1736 2835 1838 2907 τῆς·

243 2929 484 3001 ματαίας
511 2929 707 3000 λύπης.
761 2927 818 2980 Ὁ
856 2925 912 2980 δὲ
944 2924 1188 2997 λυπηρὸς
1224 2924 1363 2997 ἀνὴρ
1419 2925 1646 2978 πάντοτε
1682 2923 1835 2995 ὀργί-

229 3023 402 3088 ’ζεται
432 3023 527 3076 καὶ
570 3021 794 3093 ἀνομίαν
843 3017 1156 3092 ἐργάζεται,
1199 3017 1271 3089 μὴ
1317 3015 1835 3115 ἐντυγχάνων-μηδὲ
1863 3057 1907 3115 C

239 3114 736 3187 ἐξομολογούμενος
766 3113 844 3184 τῷ
877 3111 1014 3183 Θεῷ.
1046 3112 1284 3165 Πάντοτε
1315 3110 1424 3182 γὰρ
1451 3108 1694 3180 λυπηροῦ
1737 3109 1835 3161 ἀν-

238 3209 370 3279 δρὸς
403 3209 435 3278 ἡ
468 3207 709 3272 ἔντευξις
751 3207 849 3260 οὐκ
899 3204 1010 3276 ἔχει
1047 3203 1273 3273 δύναμιν
1317 3201 1412 3255 τοῦ
1445 3200 1710 3272 ἀναϐῆναι
1743 3201 1834 3254 ἐπὶ

237 3301 308 3353 τὸ
349 3299 735 3370 Θυσιαστήριον
796 3295 891 3350 τοῦ
949 3294 1106 3349 Θεοῦ.
1153 3335 1166 3348 .
1210 3333 1225 3348 .
1271 3333 1285 3347 .
1331 3335 1344 3348 .
1391 3335 1406 3348 .
1451 3334 1464 3346 .
1513 3335 1525 3346 .
1570 3333 1585 3348 .
1631 3334 1645 3348 .
1690 3335 1704 3349 .
1752 3335 1765 3347 .
1813 3335 1825 3347 .

243 3396 424 3466 Ὀτιή
451 3394 595 3465 λύπη
623 3391 918 3462 ἐγκάθηται
945 3391 1025 3453 είς
1048 3389 1146 3460 τὴν
1175 3388 1401 3460 καρδίαν
1429 3387 1615 3442 αὐτοῦ.
1645 3390 1826 3459 Μεμι-

237 3487 420 3558 γμένη
450 3481 541 3539 οῦν
583 3486 616 3556 ἡ
658 3483 802 3553 λύπη
846 3484 880 3554 ἡ
931 3481 1169 3552 κοσμικὴ
1213 3479 1350 3551 μετά
1381 3481 1480 3551 τῆς
1517 3479 1828 3546 ἐντεύξεως,

236 3583 345 3635 οὐκ
387 3579 578 3649 ἀφίησι
618 3577 715 3649 τὴν
767 3573 1004 3641 ἔντευξιν
1050 3572 1314 3643 ἀναϐῆναι
1353 3571 1600 3644 καθαρὰν
1647 3572 1727 3634 είς
1770 3571 1831 3624 τὸ

239 3672 643 3742 Θυσιαστήριον.
687 3668 893 3738 Ὥσπερ
954 3663 1063 3736 γὰρ
1131 3662 1252 3730 ὅξος
1313 3663 1441 3733 οἴνῳ
1497 3662 1831 3734 μεμιγμένον

237 3766 342 3836 τὴν
362 3764 529 3834 αὐτὴν
561 3760 751 3832 ἡδονὴν
781 3759 882 3812 οὐκ
909 3756 1141 3829 ἔχουσιν·
1170 3753 1340 3818 οὕτως
1366 3756 1458 3808 καὶ
1483 3752 1627 3825 λύπη
1674 3770 1832 3824 μεμι-

240 3858 420 3929 γμένη
456 3854 594 3927 μετά
620 3853 714 3907 τοῦ
761 3851 914 3921 ἁγίου
944 3849 1282 3920 Πνεύματος,
1316 3848 1416 3917 τὴν
1450 3847 1618 3917 αὐτὴν
1646 3845 1827 3898 ἔντευ-

238 3953 326 4020 ξιν
345 3949 469 4023 [οὐκ
498 3949 659 4021 ἕχει.]
693 3948 1004 4019 Καθάρισον
1032 3942 1124 3999 οῦν
1162 3944 1350 3998 ἑαυτὸν
1377 3944 1485 3997 ἀπὸ
1515 3945 1615 4014 τῆς
1649 3943 1825 4014 λύπης

238 4043 486 4114 πονηρᾶς
517 4041 737 4110 ταύτης,
772 4038 868 4092 καὶ
901 4036 1042 4110 ζήσῃ
1073 4037 1150 4108 τῷ
1180 4035 1321 4106 Θεῷ.

1944 1820 2186 1886 tristitia,
2223 1823 2352 1892 quia
2390 1821 2882 1880 fecitiracundiam
2921 1825 3145 1896 Spiritui
3178 1827 3313 1898 (78).
3351 1828 3523 1885 Aufer

1942 1927 2071 1981 ergo
2095 1914 2374 1969 tristitiam
2408 1931 2440 1970 a
2464 1927 2536 1982 te,
2568 1927 2620 1972 et
2649 1917 2760 1972 noli
2789 1918 3066 1974 offendere
3097 1917 3361 1990 Spiritum
3386 1937 3520 1977 san-

1941 2014 2090 2059 ctum
2118 2005 2212 2075 qui
2245 2006 2297 2060 in
2325 2018 2378 2062 te
2409 2008 2649 2076 habitat;
2682 2025 2750 2063 ne
2784 2019 2938 2081 roget
2976 2009 3294 2081 Dominum,
3326 2025 3380 2070 et
3406 2015 3522 2071 dis-

1940 2097 2097 2152 cedat
2151 2113 2182 2152 a
2221 2106 2292 2154 te.
2341 2097 2576 2168 Spiritus
2608 2103 2754 2155 enim
2784 2101 2874 2156 Dei
2902 2103 2996 2173 qui
3023 2103 3184 2159 datus
3210 2115 3294 2161 est
3316 2106 3371 2161 in
3395 2122 3533 2162 car-

1940 2205 2066 2244 nem
2090 2190 2226 2262 (79),
2265 2192 2540 2247 tristitiam
2583 2209 2691 2250 non
2723 2195 2974 2252 sustinet.
3003 2195 3170 2252 Indue
3194 2209 3244 2254 te
3275 2214 3402 2269 ergo
3432 2200 3520 2256 hi—

1937 2281 2175 2349 laritate,
2239 2300 2362 2355 qua:
2412 2302 2628 2357 semper
2680 2289 2840 2346 habet
2885 2291 3113 2363 gratiam
3153 2296 3296 2366 apud
3328 2295 3515 2353 Domi-

1940 2391 2107 2443 num;
2167 2385 2221 2432 et
2269 2379 2539 2434 laetaberis
2580 2380 2634 2434 in
2681 2397 2765 2436 ea.
2815 2383 3006 2440 Omnis
3042 2387 3187 2442 enim
3219 2388 3409 2446 hilaris
3434 2391 3518 2446 vir

1940 2468 2080 2524 bene
2117 2479 2398 2539 operatur,
2422 2481 2474 2526 et
2502 2472 2645 2528 bona
2672 2474 2834 2544 sapit,
2871 2487 2926 2531 et
2962 2481 3265 2536 contemnit
3299 2482 3519 2553 injusti-

1939 2562 2072 2616 tiam
2120 2562 2254 2634 (80).
2312 2562 2409 2618 Vir
2451 2576 2629 2620 autem
2665 2567 2838 2623 tristis
2887 2570 3028 2625 male
3066 2570 3228 2640 facit;
3268 2578 3396 2644 quia
3421 2577 3519 2632 tri-

1939 2662 2077 2708 stem
2107 2654 2237 2710 facit
2271 2655 2534 2726 Spiritum
2563 2670 2836 2724 sanctum,
2870 2663 2963 2732 qui
3002 2664 3163 2719 datus
3193 2676 3274 2722 est
3304 2668 3520 2726 homini

1941 2745 2098 2799 hilari
2124 2745 2258 2817 (8!).
2291 2746 2357 2802 Et
2387 2748 2584 2804 iterum
2614 2751 2757 2806 male
2800 2748 2950 2820 facit,
2993 2755 3138 2825 quod
3186 2758 3360 2815 tristis
3397 2773 3523 2818 ora:

1941 2835 2259 2906 Dominum,
2288 2849 2343 2894 et
2378 2857 2484 2894 non
2528 2851 2654 2898 ante
2693 2841 2824 2899 facit
2863 2847 3295 2920 exomologesin,
3323 2862 3378 2906 et
3405 2867 3516 2908 non

1939 2930 2254 3000 impetrata
2297 2930 2409 2987 Deo
2456 2923 2604 3003 quod
2653 2935 2804 3004 petit.
2870 2935 3097 3010 Semper
3145 2941 3289 2996 enim
3337 2945 3515 3001 oratio

1940 3023 2114 3079 tristis
2142 3023 2381 3080 hominis
2414 3041 2524 3081 non
2557 3027 2720 3082 habet
2739 3028 3018 3099 virtutem,
3052 3041 3110 3088 ut
3141 3036 3364 3091 accedat
3400 3036 3514 3110 (82)

1941 3115 2008 3169 ad
2039 3115 2210 3172 altare
2230 3115 2348 3172 Dei.
2373 3115 2439 3172 Et
2459 3117 2569 3171 dixi
2605 3118 2681 3173 illi
2727 3139 2741 3174 :
2778 3119 3025 3188 Domine,
3064 3141 3234 3195 quare
3269 3144 3378 3183 non
3419 3131 3518 3186 ha-

1940 3205 2033 3261 bet
2068 3207 2330 3262 virtutem
2359 3209 2535 3262 oratio
2571 3207 2742 3266 tristis
2780 3212 3042 3283 hominis,
3074 3219 3410 3275 utascendat
3445 3223 3515 3276 ad

1940 3299 2112 3354 altare
2145 3297 2402 3354 Domini?
2449 3299 2742 3371 Quoniam,
2775 3305 2972 3376 inquit,
3025 3308 3242 3365 tristitia
3279 3311 3428 3369 sedet
3458 3313 3515 3369 in

1940 3391 2104 3446 corde
2146 3390 2285 3461 ejus.
2327 3390 2463 3446 Cum
2491 3409 2620 3464 ergo
2652 3395 2813 3452 mista
2847 3397 3011 3455 fuerit
3046 3403 3222 3458 oratio
3251 3403 3354 3459 viri
3387 3421 3514 3462 cum

1941 3483 2186 3549 tristitia,
2212 3499 2318 3539 non
2345 3486 2581 3554 patietur
2604 3488 2907 3545 orationem
2938 3495 3194 3549 mundam
3218 3497 3514 3555 ascendere

1939 3574 2007 3628 ad
2060 3575 2229 3630 altare
2274 3576 2390 3630 Dei.
2453 3577 2608 3634 Sicut
2657 3582 2803 3636 enim
2856 3583 3042 3638 vinum
3088 3595 3243 3642 aceto
3289 3589 3512 3646 mistum

1937 3668 2185 3724 eamdem
2221 3670 2545 3726 suavitatem
2582 3689 2690 3728 non
2730 3676 2893 3732 habet
2923 3696 2935 3731 :
2963 3678 3042 3732 sic
3070 3689 3123 3733 et
3147 3681 3365 3737 tristitia
3391 3682 3517 3754 Spi-

1934 3761 2065 3815 ritui
2097 3772 2286 3818 sancto
2317 3765 2477 3820 mista
2507 3767 2751 3822 eamdem
2786 3770 3088 3825 orationem
3116 3773 3375 3828 mundam
3398 3790 3510 3830 non

1937 3854 2118 3910 habet.
2155 3854 2354 3911 Munda
2389 3873 2521 3928 ergo
2579 3867 2630 3914 te
2676 3874 2706 3912 a
2756 3861 2976 3916 tristitia
3027 3863 3203 3930 mala,
3253 3873 3308 3919 et
3358 3865 3508 3920 vives

1936 3950 2090 4004 Deo:
2125 3958 2179 4004 et
2218 3965 2410 4005 omnes
2446 3951 2627 4006 vivent
2673 3951 2804 4019 Deo,
2849 3954 2942 4024 qui
2993 3956 3324 4027 projeccrint
3368 3973 3402 4015 a
3446 3975 3510 4018 se

1935 4043 2232 4110 tristitiam,
2269 4053 2322 4098 et
2347 4044 2624 4098 induerint
2653 4045 3001 4102 hilaritatem.

1511 4214 1852 4280 Asrlocuus,
1887 4212 2106 4267 homilia
2140 4209 2231 4262 25.

310 4351 480 4426 'Apov
503 4349 598 4407 οὖν
631 4353 739 4406 ἀπὸ
774 4350 867 4404 σοῦ
899 4349 1100 4421 ταύτην
1131 4347 1228 4419 τὴν
1268 4346 1462 4416 λύπην,
1497 4348 1590 4398 καὶ
1623 4347 1696 4417 μὴ
1727 4346 1820 4399 λύ-

238 4465 335 4502 πει
379 4448 440 4500 τὸ
485 4445 710 4515 Πνεῦμα
753 4444 815 4496 τὸ
859 4443 1036 4510 ἅγιον,
1072 4441 1134 4494 τὸ
1170 4435 1457 4492 κατοικοῦν
1488 4437 1546 4490 ἐν
1583 4435 1680 4489 σοί·
1722 4439 1823 4507 μή-

1997 4345 2167 4412 Aufer
2194 4358 2317 4412 ergo
2347 4341 2481 4394 hanc
2522 4341 2798 4394 tristitiam
2838 4358 2871 4394 a
2913 4350 2979 4406 te,
3017 4354 3065 4397 et
3110 4344 3220 4398 noli
3246 4346 3506 4415 o/fendere

1929 4437 2187 4506 Spiritum
2227 4443 2468 4487 sanctum
2492 4434 2582 4502 qui
2611 4435 2664 4487 in
2695 4445 2744 4487 te
2780 4433 3007 4498 habitat,
3041 4453 3102 4493 ne
3141 4453 3282 4509 roget
3316 4440 3503 4496 Domi-

236 4556 374 4592 ποτε
417 4536 729 4608 ἐντεύξηται
773 4533 850 4604 τῷ
903 4532 1042 4604 Θεῷ,
1078 4532 1172 4585 καὶ
1203 4532 1412 4600 ἀποστῇ
1449 4528 1558 4581 ἀπὸ
1601 4529 1714 4580 σοῦ.
1749 4529 1822 4580 Τὸ

1943 4545 2073 4594 tum,
2096 4540 2144 4582 et
2188 4526 2395 4580 recedat
2424 4538 2546 4580 ate.
2575 4525 2806 4595 Spiritus
2833 4529 2970 4581 enim
2991 4527 3092 4583 Dei
3122 4534 3214 4601 qui
3239 4534 3396 4588 datus
3425 4546 3504 4590 est

235 4634 350 4705 γὰρ
384 4631 598 4702 πνεῦμα
630 4629 723 4687 τοῦ
761 4627 918 4705 Θεοῦ,
948 4627 1009 4680 τὸ
1052 4626 1201 4680 δοθὲν
1246 4625 1326 4687 εἰς
1355 4625 1454 4695 τὴν
1489 4622 1667 4694 σάρκα
1700 4621 1800 4675 ταύ

234 4743 362 4797 την,
398 4724 573 4794 λύπην
605 4723 704 4793 οὐχ
740 4720 1023 4790 ὑποφέρει,
1052 4719 1174 4772 οὐδὲ
1207 4715 1587 4787 στενοχωρίαν.
1638 4715 1822 4768 ’Ἐνδυ-

237 4835 326 4871 σαι
375 4813 466 4870 οὖν
513 4816 608 4888 τὴν
643 4815 954 4887 ἱλαρότητα,
989 4812 1087 4883 τὴν
1130 4811 1358 4864 πάντοτε
1395 4807 1620 4877 ἔχουσαν
1661 4808 1820 4878 χάριν

1923 4627 1979 4677 in
2013 4623 2147 4674 hanc
2182 4636 2414 4681 carnem,
2462 4620 2739 4672 tristitiam
2782 4638 2884 4674 non
2932 4625 3180 4690 sustinet,
3223 4643 3382 4696 neque
3413 4647 3506 4684 au-

1925 4718 2195 4769 a‘ietatem.
2238 4712 2406 4765 Indue
2441 4722 2486 4764 te
2513 4728 2636 4780 ergo
2680 4710 2974 4780 hilaritate,
3007 4733 3124 4785 qua:
3163 4735 3363 4788 semper
3399 4720 3501 4772 ha-

1925 4808 2005 4861 bet
2040 4808 2271 4877 gratiam
2313 4805 2455 4874 apud
2509 4803 2708 4867 Deum;
2755 4816 2802 4858 et
2851 4805 3033 4862 [tutare
3080 4810 3134 4862 in
3172 4827 3252 4863 ea.
3293 4809 3500 4864 Hilaris

236 4910 392 4982 παρὰ
417 4909 494 4980 τῷ
530 4909 667 4980 Θεῷ,
706 4907 798 4960 καὶ
835 4905 1074 4978 ἐντρύφα
1105 4905 1161 4956 ὲν
1199 4903 1357 4974 αὐτῇ.
1402 4902 1459 4954 '0
1491 4900 1599 4972 γὰρ
1635 4901 1819 4971 ἱλαρὸς

1943 4901 2058 4952 rnim
2093 4900 2172 4951 vir
2195 4898 2318 4950 bene
2339 4908 2616 4964 operatur,
2660 4906 2708 4949 et
2745 4903 3028 4952 contemnit
3060 4903 3336 4954 tristitiam
3365 4917 3384 4956 :
3423 4905 3502 4956 vir

229 4999 376 5072 ἀνὴρ
422 4998 600 5069 ἀγαοά
640 4996 953 5071 ἐργάζεται,
1002 4994 1094 5048 καὶ
1127 4994 1454 5063 καταφρονεῖ
1481 4993 1578 5063 τῆς
1617 4990 1813 5063 λύπης·

1923 5001 2098 5044 autem
2139 4990 2306 5042 tristis
2329 5004 2530 5057 semper
2565 4987 2700 5041 male
2726 4989 2879 5058 facit.
2910 4989 3093 5044 Primo
3121 4993 3331 5062 quidem
3363 4993 3499 5047 male

1336 5102 1575 5157 VARUE
1615 5101 1999 5158 LECTIONES
2033 5101 2122 5155 ET
2165 5099 2393 5156 NOTAL‘.

307 5228 421 5294 (76)
463 5228 572 5292 Sic,
608 5225 916 5294 refragante
949 5222 1337 5292 grammatica,
1371 5236 1471 5290 pro
1501 5219 1580 5290 τῷ
1601 5219 1810 5292 Κυρίῳ,

229 5299 329 5354 καὶ
350 5297 546 5353 πάντα.
585 5297 681 5350 Eu.
704 5297 950 5350 ΡΑτιιοιη

308 5369 446 5439 (76')
464 5368 679 5439 _Lamb.
715 5368 868 5439 scies.

308 5437 422 5509 (77)
463 5437 654 5509 Lamb.
687 5438 873 5509 evenit.

306 5505 420 5574 (78)
461 5508 585 5562 Haec
616 5510 744 5562 item
777 5508 940 5563 habet
965 5506 1269 5561 Antiochus
1293 5505 1484 5560 homil.
1513 5505 1602 5558 25.

1913 5236 2039 5276 mox
2061 5219 2205 5289 enim
2231 5236 2242 5272 :
2264 5215 2527 5287 Spiritum
2560 5227 2824 5289 sanctum,
2846 5220 2936 5289 qui
2955 5219 3115 5272 datus
3153 5228 3229 5289 est
3269 5217 3490 5274 homini.

1984 5291 2096 5359 (80)
2139 5287 2300 5343 Forte
2335 5289 2634 5342 tristitiam.
2664 5288 2740 5344 lla
2772 5287 2960 5346 Grieca
2988 5307 3000 5342 :
3029 5288 3173 5357 quod
3207 5304 3338 5344 sane
3360 5303 3494 5343 con-

1913 5370 2092 5415 textus
2125 5359 2399 5428 postulare
2416 5360 2664 5414 .vidctur.

1986 5432 2098 5499 (8|)
2142 5429 2322 5492 Forte,
2351 5429 2563 5482 hilaris.
3465 5453 3468 5456 ~

1985 5502 2096 5571 (82)
2138 5499 2394 5555 Fortasse
2435 5499 2728 5571 ascendat._
2750 5499 2894 5555 Sane
2920 5500 3492 5568 pseudo-Athanasius

307 5569 422 5648 (7'9)
461 5577 1068 5633 Pseudo-Athanasius
1115 5585 1169 5631 et
1233 5577 1541 5631 Antiochus
1609 5573 1816 5628 addunt
1911 5582 1964 5625 ct
1994 5569 2325 5636 Antiochus,
2355 5570 2641 5639 ἀναϐῆναι.
2697 5569 2838 5634 Quin
2882 5579 2934 5624 et
2984 5588 3112 5654 mor
3157 5573 3281 5696 Iipse
3334 5580 3490 5626 vetus

307 5649 528 5699 51min
556 5665 766 5699 carnem
799 5649 931 5699 hunc
957 5664 974 5699 :
1016 5648 1161 5699 quod
1201 5646 1461 5699 Spiritum
1509 5647 1693 5699 datum
1728 5644 1817 5697 ho-
1911 5641 2201 5699 Interpres.
2259 5641 2510 5693 ascendat
2557 5640 2626 5692 ad
2682 5641 2853 5696 altare
2893 5640 3129 5698 Demtm.
3205 5653 3225 5699 ι
3263 5651 3485 5699 lterum.

227 5644 455 5720 ταύτην,
476 5651 528 5703 in
556 5665 766 5702 carnem
799 5649 974 5702 hanc:
1016 5648 1161 5720 quod
1201 5646 1461 5717 Spiritum
1509 5647 1693 5720 datum
1728 5644 1817 5697 ho-

227 5714 460 5777 minibus
523 5720 784 5789 designat,
835 5729 895 5775 ut
940 5714 1085 5776 recte
1134 5714 1520 5788 interpretatur
1573 5714 1798 5781 Fcllus;

1911 5641 2201 5710 luterpres,
2259 5641 2520 5710 ascendat,
2557 5640 2626 5692 ad
2682 5641 2853 5696 altare
2893 5640 3129 5698 Domini.

1908 5709 2184 5776 ascendere
2206 5711 2275 5766 ad
2301 5711 2469 5766 altare
2492 5709 2609 5766 Dei.

3263 5643 3485 5710 iterum,
