  <div class='ocr_page' id='page_1' title='image "/cluster/home/n/w/nwhite01/storage/ocr_20150623/2/hvd.32044073501249/478.png"; bbox 0 0 4002 6308; ppageno 0'>
   <div class='ocr_carea' id='block_1_1' title="bbox 275 355 384 412">
    <p class='ocr_par' dir='ltr' id='par_1_1' title="bbox 275 355 384 412">
     <span class='ocr_line' id='line_1_1' title="bbox 275 355 384 412; baseline 0.018 -2"><span class='ocrx_word' id='word_1_1' title='bbox 275 355 384 412; x_wconf 67' lang='grc'><strong>945</strong></span> 
     </span>
    </p>
   </div>
   <div class='ocr_carea' id='block_1_2' title="bbox 1306 352 2568 423">
    <p class='ocr_par' dir='ltr' id='par_1_2' title="bbox 1306 352 2568 423">
     <span class='ocr_line' id='line_1_2' title="bbox 1306 352 2568 423; baseline -0.01 -6"><span class='ocrx_word' id='word_1_2' title='bbox 1306 358 1602 417; x_wconf 78' lang='lat' dir='ltr'><strong>PASTOR.</strong></span> <span class='ocrx_word' id='word_1_3' title='bbox 1640 389 1712 401; x_wconf 90' lang='lat'><strong>—</strong></span> <span class='ocrx_word' id='word_1_4' title='bbox 1750 358 1881 415; x_wconf 86' lang='lat' dir='ltr'><strong>LIB.</strong></span> <span class='ocrx_word' id='word_1_5' title='bbox 1922 357 1988 423; x_wconf 89' lang='lat' dir='ltr'><strong>ll,</strong></span> <span class='ocrx_word' id='word_1_6' title='bbox 2029 353 2415 411; x_wconf 71' lang='lat' dir='ltr'><strong>MANDATUM</strong></span> <span class='ocrx_word' id='word_1_7' title='bbox 2452 352 2568 409; x_wconf 80' lang='lat' dir='ltr'><strong>Xll.</strong></span> 
     </span>
    </p>
   </div>
   <div class='ocr_carea' id='block_1_3' title="bbox 3416 348 3522 409">
    <p class='ocr_par' dir='ltr' id='par_1_3' title="bbox 3416 348 3522 409">
     <span class='ocr_line' id='line_1_3' title="bbox 3416 348 3522 409; baseline 0 -1"><span class='ocrx_word' id='word_1_8' title='bbox 3416 348 3522 409; x_wconf 69' lang='grc'>916</span> 
     </span>
    </p>
   </div>
   <div class='ocr_carea' id='block_1_4' title="bbox 275 470 1852 558">
    <p class='ocr_par' dir='ltr' id='par_1_4' title="bbox 275 480 1852 558">
     <span class='ocr_line' id='line_1_4' title="bbox 275 480 1852 558; baseline -0.006 -16"><span class='ocrx_word' id='word_1_9' title='bbox 275 489 494 542; x_wconf 77' lang='grc' dir='ltr'><strong>ἔνδυσαι</strong></span> <span class='ocrx_word' id='word_1_10' title='bbox 521 486 619 558; x_wconf 80' lang='grc' dir='ltr'><strong>τὴν</strong></span> <span class='ocrx_word' id='word_1_11' title='bbox 648 484 943 555; x_wconf 73' lang='grc' dir='ltr'><strong>ἐπιθυμίαν</strong></span> <span class='ocrx_word' id='word_1_12' title='bbox 959 485 1056 557; x_wconf 80' lang='grc' dir='ltr'><strong>τὴν</strong></span> <span class='ocrx_word' id='word_1_13' title='bbox 1076 481 1286 553; x_wconf 77' lang='grc' dir='ltr'><strong>ἀγαθὴν</strong></span> <span class='ocrx_word' id='word_1_14' title='bbox 1323 481 1419 534; x_wconf 76' lang='grc' dir='ltr'><strong>καὶ</strong></span> <span class='ocrx_word' id='word_1_15' title='bbox 1473 480 1694 551; x_wconf 76' lang='grc' dir='ltr'><strong>σεμνὴν.</strong></span> <span class='ocrx_word' id='word_1_16' title='bbox 1743 480 1852 533; x_wconf 83' lang='grc' dir='ltr'><strong>Ἑν-</strong></span> 
     </span>
    </p>
   </div>
   <div class='ocr_carea' id='block_1_5' title="bbox 1954 470 3522 558">
    <p class='ocr_par' dir='ltr' id='par_1_5' title="bbox 1960 470 3522 541">
     <span class='ocr_line' id='line_1_5' title="bbox 1960 470 3522 541; baseline 0.001 -12"><span class='ocrx_word' id='word_1_17' title='bbox 1960 477 2181 539; x_wconf 85' lang='lat' dir='ltr'><strong>malam,</strong></span> <span class='ocrx_word' id='word_1_18' title='bbox 2210 482 2264 529; x_wconf 90' lang='lat' dir='ltr'><strong>et</strong></span> <span class='ocrx_word' id='word_1_19' title='bbox 2310 473 2475 527; x_wconf 87' lang='lat' dir='ltr'><strong>indue</strong></span> <span class='ocrx_word' id='word_1_20' title='bbox 2520 470 2873 541; x_wconf 73' lang='lat' dir='ltr'><strong>cupiditatem</strong></span> <span class='ocrx_word' id='word_1_21' title='bbox 2914 472 3114 529; x_wconf 76' lang='lat' dir='ltr'><strong>bomm</strong></span> <span class='ocrx_word' id='word_1_22' title='bbox 3154 482 3209 529; x_wconf 87' lang='lat' dir='ltr'><strong>et</strong></span> <span class='ocrx_word' id='word_1_23' title='bbox 3253 483 3522 533; x_wconf 76' lang='lat' dir='ltr'><strong>sanctam.</strong></span> 
     </span>
    </p>
   </div>
   <div class='ocr_carea' id='block_1_6' title="bbox 272 570 1858 651">
    <p class='ocr_par' dir='ltr' id='par_1_6' title="bbox 272 570 1858 651">
     <span class='ocr_line' id='line_1_6' title="bbox 272 570 1858 651; baseline -0.006 -18"><span class='ocrx_word' id='word_1_24' title='bbox 272 578 566 651; x_wconf 71' lang='grc' dir='ltr'><strong>δεδυμένος</strong></span> <span class='ocrx_word' id='word_1_25' title='bbox 594 578 703 648; x_wconf 84' lang='grc' dir='ltr'><strong>γὰρ</strong></span> <span class='ocrx_word' id='word_1_26' title='bbox 741 578 842 647; x_wconf 84' lang='grc' dir='ltr'><strong>τὴν</strong></span> <span class='ocrx_word' id='word_1_27' title='bbox 878 576 1175 646; x_wconf 78' lang='grc' dir='ltr'><strong>ἐπιθυμίαν</strong></span> <span class='ocrx_word' id='word_1_28' title='bbox 1217 572 1449 643; x_wconf 81' lang='grc' dir='ltr'><strong>ταύτην,</strong></span> <span class='ocrx_word' id='word_1_29' title='bbox 1480 572 1731 642; x_wconf 81' lang='grc' dir='ltr'><strong>μισήσεις</strong></span> <span class='ocrx_word' id='word_1_30' title='bbox 1757 570 1858 640; x_wconf 79' lang='grc' dir='ltr'><strong>τὴν</strong></span> 
     </span>
    </p>
   </div>
   <div class='ocr_carea' id='block_1_7' title="bbox 278 660 1857 741">
    <p class='ocr_par' dir='ltr' id='par_1_7' title="bbox 278 660 1857 741">
     <span class='ocr_line' id='line_1_7' title="bbox 278 660 1857 741; baseline -0.007 -17"><span class='ocrx_word' id='word_1_31' title='bbox 278 668 527 741; x_wconf 83' lang='grc' dir='ltr'><strong>πονηρὰν</strong></span> <span class='ocrx_word' id='word_1_32' title='bbox 571 667 887 737; x_wconf 85' lang='grc' dir='ltr'><strong>ἐπιθυμίαν.</strong></span> <span class='ocrx_word' id='word_1_33' title='bbox 925 666 1115 738; x_wconf 84' lang='grc' dir='ltr'><strong>Ἀγρία</strong></span> <span class='ocrx_word' id='word_1_34' title='bbox 1158 664 1267 735; x_wconf 81' lang='grc' dir='ltr'><strong>γὰρ</strong></span> <span class='ocrx_word' id='word_1_35' title='bbox 1303 662 1568 733; x_wconf 84' lang='grc' dir='ltr'><strong>ἐπιθυμία</strong></span> <span class='ocrx_word' id='word_1_36' title='bbox 1609 663 1687 726; x_wconf 87' lang='grc' dir='ltr'><strong>εἰς</strong></span> <span class='ocrx_word' id='word_1_37' title='bbox 1732 660 1857 714; x_wconf 84' lang='grc' dir='ltr'><strong>τάδε</strong></span> 
     </span>
    </p>
   </div>
   <div class='ocr_carea' id='block_1_8' title="bbox 274 750 1856 831">
    <p class='ocr_par' dir='ltr' id='par_1_8' title="bbox 274 750 1856 831">
     <span class='ocr_line' id='line_1_8' title="bbox 274 750 1856 831; baseline -0.007 -16"><span class='ocrx_word' id='word_1_38' title='bbox 274 761 598 831; x_wconf 85' lang='grc' dir='ltr'><strong>ἀνεμπεσεί,</strong></span> <span class='ocrx_word' id='word_1_39' title='bbox 630 760 710 822; x_wconf 83' lang='grc' dir='ltr'><strong>είς</strong></span> <span class='ocrx_word' id='word_1_40' title='bbox 746 756 923 827; x_wconf 82' lang='grc' dir='ltr'>λύπην</span> <span class='ocrx_word' id='word_1_41' title='bbox 958 756 1044 827; x_wconf 89' lang='grc'><strong>[...</strong></span> <span class='ocrx_word' id='word_1_42' title='bbox 1076 755 1171 810; x_wconf 82' lang='grc' dir='ltr'><strong>ἐὰν</strong></span> <span class='ocrx_word' id='word_1_43' title='bbox 1210 755 1283 826; x_wconf 83' lang='grc' dir='ltr'><strong>μὴ</strong></span> <span class='ocrx_word' id='word_1_44' title='bbox 1404 754 1641 818; x_wconf 84' lang='grc' dir='ltr'><strong>συνετὸς,</strong></span> <span class='ocrx_word' id='word_1_45' title='bbox 1680 752 1856 805; x_wconf 89' lang='grc' dir='ltr'><strong>δαπα-</strong></span> 
     </span>
    </p>
   </div>
   <div class='ocr_carea' id='block_1_9' title="bbox 272 842 1859 919">
    <p class='ocr_par' dir='ltr' id='par_1_9' title="bbox 272 842 1859 919">
     <span class='ocr_line' id='line_1_9' title="bbox 272 842 1859 919; baseline -0.008 -13"><span class='ocrx_word' id='word_1_46' title='bbox 272 855 434 907; x_wconf 76' lang='grc' dir='ltr'><strong>νᾶται</strong></span> <span class='ocrx_word' id='word_1_47' title='bbox 469 853 561 905; x_wconf 79' lang='grc' dir='ltr'><strong>ὑπ’</strong></span> <span class='ocrx_word' id='word_1_48' title='bbox 590 848 762 919; x_wconf 81' lang='grc' dir='ltr'><strong>αὐτῆς</strong></span> <span class='ocrx_word' id='word_1_49' title='bbox 795 848 997 911; x_wconf 81' lang='grc' dir='ltr'><strong>δεινῶς·</strong></span> <span class='ocrx_word' id='word_1_50' title='bbox 1028 848 1244 917; x_wconf 84' lang='grc' dir='ltr'><strong>δαπανᾷ</strong></span> <span class='ocrx_word' id='word_1_51' title='bbox 1270 845 1327 898; x_wconf 88' lang='grc' dir='ltr'><strong>δέ</strong></span> <span class='ocrx_word' id='word_1_52' title='bbox 1353 845 1575 908; x_wconf 80' lang='grc' dir='ltr'><strong>τούτους</strong></span> <span class='ocrx_word' id='word_1_53' title='bbox 1607 843 1681 917; x_wconf 78' lang='grc' dir='ltr'><strong>μὴ</strong></span> <span class='ocrx_word' id='word_1_54' title='bbox 1709 842 1859 912; x_wconf 77' lang='grc' dir='ltr'><strong>ἕχον-</strong></span> 
     </span>
    </p>
   </div>
   <div class='ocr_carea' id='block_1_10' title="bbox 271 935 1859 1014">
    <p class='ocr_par' dir='ltr' id='par_1_10' title="bbox 271 935 1859 1014">
     <span class='ocr_line' id='line_1_10' title="bbox 271 935 1859 1014; baseline -0.008 -16"><span class='ocrx_word' id='word_1_55' title='bbox 271 962 377 1008; x_wconf 80' lang='grc' dir='ltr'><strong>τας</strong></span> <span class='ocrx_word' id='word_1_56' title='bbox 402 944 605 1014; x_wconf 71' lang='grc' dir='ltr'><strong>ἔνδυμα</strong></span> <span class='ocrx_word' id='word_1_57' title='bbox 643 941 943 1013; x_wconf 77' lang='grc' dir='ltr'><strong>ἐπιθυμίας</strong></span> <span class='ocrx_word' id='word_1_58' title='bbox 980 939 1224 1010; x_wconf 77' lang='grc' dir='ltr'><strong>ἀγαθῆς,</strong></span> <span class='ocrx_word' id='word_1_59' title='bbox 1256 937 1373 992; x_wconf 83' lang='grc' dir='ltr'><strong>ἀλλ’</strong></span> <span class='ocrx_word' id='word_1_60' title='bbox 1404 935 1859 1009; x_wconf 80' lang='grc' dir='ltr'><strong>ἐμπεφυρμένους</strong></span> 
     </span>
    </p>
   </div>
   <div class='ocr_carea' id='block_1_11' title="bbox 273 1024 1853 1106">
    <p class='ocr_par' dir='ltr' id='par_1_11' title="bbox 273 1024 1853 1106">
     <span class='ocr_line' id='line_1_11' title="bbox 273 1024 1853 1106; baseline -0.007 -18"><span class='ocrx_word' id='word_1_61' title='bbox 273 1034 355 1106; x_wconf 80' lang='grc' dir='ltr'><strong>τῷ</strong></span> <span class='ocrx_word' id='word_1_62' title='bbox 381 1035 538 1088; x_wconf 73' lang='grc' dir='ltr'><strong>αἰῶνι</strong></span> <span class='ocrx_word' id='word_1_63' title='bbox 581 1034 776 1104; x_wconf 77' lang='grc' dir='ltr'><strong>τούτῳο</strong></span> <span class='ocrx_word' id='word_1_64' title='bbox 812 1030 1033 1094; x_wconf 83' lang='grc' dir='ltr'><strong>τούτους</strong></span> <span class='ocrx_word' id='word_1_65' title='bbox 1058 1025 1150 1084; x_wconf 78' lang='grc' dir='ltr'><strong>οὖν</strong></span> <span class='ocrx_word' id='word_1_66' title='bbox 1178 1028 1541 1101; x_wconf 84' lang='grc' dir='ltr'><strong>παραδίδωσιν</strong></span> <span class='ocrx_word' id='word_1_67' title='bbox 1580 1028 1660 1089; x_wconf 83' lang='grc' dir='ltr'><strong>είς</strong></span> <span class='ocrx_word' id='word_1_68' title='bbox 1690 1024 1853 1078; x_wconf 86' lang='grc' dir='ltr'><strong>θάνα-</strong></span> 
     </span>
    </p>
   </div>
   <div class='ocr_carea' id='block_1_12' title="bbox 277 1114 1852 1196">
    <p class='ocr_par' dir='ltr' id='par_1_12' title="bbox 277 1114 1852 1196">
     <span class='ocr_line' id='line_1_12' title="bbox 277 1114 1852 1196; baseline -0.009 -16"><span class='ocrx_word' id='word_1_69' title='bbox 277 1145 387 1181; x_wconf 87' lang='grc' dir='ltr'><strong>τον.</strong></span> <span class='ocrx_word' id='word_1_70' title='bbox 521 1127 675 1189; x_wconf 84' lang='grc' dir='ltr'><strong>Ποῖα,</strong></span> <span class='ocrx_word' id='word_1_71' title='bbox 700 1124 878 1196; x_wconf 82' lang='grc' dir='ltr'><strong>κύριε.</strong></span> <span class='ocrx_word' id='word_1_72' title='bbox 902 1123 1009 1176; x_wconf 78' lang='grc' dir='ltr'>εἰσὶ</span> <span class='ocrx_word' id='word_1_73' title='bbox 1025 1122 1123 1192; x_wconf 84' lang='grc' dir='ltr'><strong>τῆς</strong></span> <span class='ocrx_word' id='word_1_74' title='bbox 1146 1118 1439 1190; x_wconf 73' lang='grc' dir='ltr'><strong>ἐπιθυμίας</strong></span> <span class='ocrx_word' id='word_1_75' title='bbox 1466 1116 1562 1186; x_wconf 77' lang='grc' dir='ltr'><strong>τῆς</strong></span> <span class='ocrx_word' id='word_1_76' title='bbox 1591 1114 1852 1184; x_wconf 78' lang='grc' dir='ltr'><strong>πονηρᾶς,</strong></span> 
     </span>
    </p>
   </div>
   <div class='ocr_carea' id='block_1_13' title="bbox 273 1203 1856 1288">
    <p class='ocr_par' dir='ltr' id='par_1_13' title="bbox 273 1203 1856 1288">
     <span class='ocr_line' id='line_1_13' title="bbox 273 1203 1856 1288; baseline -0.009 -17"><span class='ocrx_word' id='word_1_77' title='bbox 273 1219 342 1271; x_wconf 69' lang='grc' dir='ltr'><strong>τὰ</strong></span> <span class='ocrx_word' id='word_1_78' title='bbox 370 1216 736 1288; x_wconf 82' lang='grc' dir='ltr'><strong>παραδιδόντα</strong></span> <span class='ocrx_word' id='word_1_79' title='bbox 772 1216 900 1279; x_wconf 78' lang='grc' dir='ltr'><strong>τοὺς</strong></span> <span class='ocrx_word' id='word_1_80' title='bbox 945 1212 1265 1285; x_wconf 85' lang='grc' dir='ltr'><strong>ἀνθρώπους</strong></span> <span class='ocrx_word' id='word_1_81' title='bbox 1304 1212 1384 1273; x_wconf 78' lang='grc' dir='ltr'><strong>εἰς</strong></span> <span class='ocrx_word' id='word_1_82' title='bbox 1421 1208 1683 1272; x_wconf 84' lang='grc' dir='ltr'><strong>θάνατον;</strong></span> <span class='ocrx_word' id='word_1_83' title='bbox 1716 1203 1856 1257; x_wconf 81' lang='grc' dir='ltr'><strong>Γνώ-</strong></span> 
     </span>
    </p>
   </div>
   <div class='ocr_carea' id='block_1_14' title="bbox 275 1294 1855 1379">
    <p class='ocr_par' dir='ltr' id='par_1_14' title="bbox 275 1294 1855 1379">
     <span class='ocr_line' id='line_1_14' title="bbox 275 1294 1855 1379; baseline -0.01 -17"><span class='ocrx_word' id='word_1_84' title='bbox 275 1308 428 1379; x_wconf 85' lang='grc' dir='ltr'><strong>ρισόν</strong></span> <span class='ocrx_word' id='word_1_85' title='bbox 475 1326 591 1379; x_wconf 89' lang='grc' dir='ltr'><strong>μοι,</strong></span> <span class='ocrx_word' id='word_1_86' title='bbox 624 1308 712 1360; x_wconf 81' lang='grc' dir='ltr'><strong>ἵνα</strong></span> <span class='ocrx_word' id='word_1_87' title='bbox 755 1306 911 1376; x_wconf 80' lang='grc' dir='ltr'><strong>φύγω</strong></span> <span class='ocrx_word' id='word_1_88' title='bbox 952 1305 1044 1360; x_wconf 85' lang='grc' dir='ltr'><strong>ἀπ’</strong></span> <span class='ocrx_word' id='word_1_89' title='bbox 1073 1302 1273 1357; x_wconf 83' lang='grc' dir='ltr'><strong>αὐτῶν.</strong></span> <span class='ocrx_word' id='word_1_90' title='bbox 1314 1301 1595 1353; x_wconf 75' lang='grc' dir='ltr'><strong>Ἄκουσον·</strong></span> <span class='ocrx_word' id='word_1_91' title='bbox 1634 1294 1855 1366; x_wconf 87' lang='grc' dir='ltr'><strong>Πρῶτον</strong></span> 
     </span>
    </p>
   </div>
   <div class='ocr_carea' id='block_1_15' title="bbox 1955 564 3521 636">
    <p class='ocr_par' dir='ltr' id='par_1_15' title="bbox 1955 564 3521 636">
     <span class='ocr_line' id='line_1_15' title="bbox 1955 564 3521 636; baseline -0.001 -13"><span class='ocrx_word' id='word_1_92' title='bbox 1955 568 2181 623; x_wconf 89' lang='lat' dir='ltr'><strong>lndutus</strong></span> <span class='ocrx_word' id='word_1_93' title='bbox 2212 566 2358 622; x_wconf 90' lang='lat' dir='ltr'><strong>enim</strong></span> <span class='ocrx_word' id='word_1_94' title='bbox 2398 564 2752 635; x_wconf 90' lang='lat' dir='ltr'><strong>cupiditatem</strong></span> <span class='ocrx_word' id='word_1_95' title='bbox 2794 565 3015 632; x_wconf 84' lang='lat' dir='ltr'><strong>bonam,</strong></span> <span class='ocrx_word' id='word_1_96' title='bbox 3042 566 3222 621; x_wconf 89' lang='lat' dir='ltr'><strong>oderis</strong></span> <span class='ocrx_word' id='word_1_97' title='bbox 3257 566 3373 636; x_wconf 91' lang='lat'><strong>(99)</strong></span> <span class='ocrx_word' id='word_1_98' title='bbox 3403 583 3521 621; x_wconf 76' lang='lat' dir='ltr'><strong>ma-</strong></span> 
     </span>
    </p>
   </div>
   <div class='ocr_carea' id='block_1_16' title="bbox 1954 657 3525 725">
    <p class='ocr_par' dir='ltr' id='par_1_16' title="bbox 1954 657 3525 725">
     <span class='ocr_line' id='line_1_16' title="bbox 1954 657 3525 725; baseline 0.001 -12"><span class='ocrx_word' id='word_1_99' title='bbox 1954 661 2085 725; x_wconf 88' lang='lat' dir='ltr'><strong>lam,</strong></span> <span class='ocrx_word' id='word_1_100' title='bbox 2114 668 2169 713; x_wconf 91' lang='lat' dir='ltr'><strong>ct</strong></span> <span class='ocrx_word' id='word_1_101' title='bbox 2201 657 2506 713; x_wconf 81' lang='lat' dir='ltr'><strong>refrenabis</strong></span> <span class='ocrx_word' id='word_1_102' title='bbox 2529 672 2650 710; x_wconf 85' lang='lat' dir='ltr'><strong>eam</strong></span> <span class='ocrx_word' id='word_1_103' title='bbox 2678 657 2821 711; x_wconf 80' lang='lat' dir='ltr'><strong>sicut</strong></span> <span class='ocrx_word' id='word_1_104' title='bbox 2846 660 3101 715; x_wconf 90' lang='lat' dir='ltr'><strong>volueris.</strong></span> <span class='ocrx_word' id='word_1_105' title='bbox 3131 658 3419 713; x_wconf 74' lang='lat' dir='ltr'><strong>Horrenda</strong></span> <span class='ocrx_word' id='word_1_106' title='bbox 3439 670 3525 715; x_wconf 86' lang='lat' dir='ltr'><strong>est</strong></span> 
     </span>
    </p>
   </div>
   <div class='ocr_carea' id='block_1_17' title="bbox 1954 748 3522 823">
    <p class='ocr_par' dir='ltr' id='par_1_17' title="bbox 1954 748 3522 823">
     <span class='ocr_line' id='line_1_17' title="bbox 1954 748 3522 823; baseline 0.001 -18"><span class='ocrx_word' id='word_1_107' title='bbox 1954 751 2099 805; x_wconf 91' lang='lat' dir='ltr'><strong>enim</strong></span> <span class='ocrx_word' id='word_1_108' title='bbox 2136 749 2407 820; x_wconf 83' lang='lat' dir='ltr'><strong>cupiditas</strong></span> <span class='ocrx_word' id='word_1_109' title='bbox 2442 748 2607 813; x_wconf 85' lang='lat' dir='ltr'><strong>mala,</strong></span> <span class='ocrx_word' id='word_1_110' title='bbox 2637 757 2692 803; x_wconf 90' lang='lat' dir='ltr'><strong>et</strong></span> <span class='ocrx_word' id='word_1_111' title='bbox 2737 750 2953 806; x_wconf 83' lang='lat' dir='ltr'><strong>diﬂicile</strong></span> <span class='ocrx_word' id='word_1_112' title='bbox 2995 752 3293 823; x_wconf 83' lang='lat' dir='ltr'><strong>mitigatur.</strong></span> <span class='ocrx_word' id='word_1_113' title='bbox 3331 751 3522 807; x_wconf 78' lang='lat' dir='ltr'><strong>Horri-</strong></span> 
     </span>
    </p>
   </div>
   <div class='ocr_carea' id='block_1_18' title="bbox 1955 839 3523 905">
    <p class='ocr_par' dir='ltr' id='par_1_18' title="bbox 1955 839 3523 905">
     <span class='ocr_line' id='line_1_18' title="bbox 1955 839 3523 905; baseline 0.001 -8"><span class='ocrx_word' id='word_1_114' title='bbox 1955 843 2082 899; x_wconf 82' lang='lat' dir='ltr'><strong>bilis</strong></span> <span class='ocrx_word' id='word_1_115' title='bbox 2110 851 2195 899; x_wconf 88' lang='lat' dir='ltr'><strong>est</strong></span> <span class='ocrx_word' id='word_1_116' title='bbox 2224 842 2381 898; x_wconf 88' lang='lat' dir='ltr'><strong>valde</strong></span> <span class='ocrx_word' id='word_1_117' title='bbox 2408 849 2464 897; x_wconf 89' lang='lat' dir='ltr'><strong>et</strong></span> <span class='ocrx_word' id='word_1_118' title='bbox 2493 839 2630 905; x_wconf 87' lang='lat' dir='ltr'><strong>fera,</strong></span> <span class='ocrx_word' id='word_1_119' title='bbox 2654 851 2709 897; x_wconf 93' lang='lat' dir='ltr'><strong>et</strong></span> <span class='ocrx_word' id='word_1_120' title='bbox 2750 842 2963 898; x_wconf 80' lang='lat' dir='ltr'><strong>feritate</strong></span> <span class='ocrx_word' id='word_1_121' title='bbox 2991 860 3089 899; x_wconf 89' lang='lat' dir='ltr'><strong>sua</strong></span> <span class='ocrx_word' id='word_1_122' title='bbox 3117 846 3391 901; x_wconf 86' lang='lat' dir='ltr'><strong>consumit</strong></span> <span class='ocrx_word' id='word_1_123' title='bbox 3418 847 3523 900; x_wconf 86' lang='lat' dir='ltr'><strong>ho-</strong></span> 
     </span>
    </p>
   </div>
   <div class='ocr_carea' id='block_1_19' title="bbox 1955 933 3564 1014">
    <p class='ocr_par' dir='ltr' id='par_1_19' title="bbox 1955 933 3564 1014">
     <span class='ocr_line' id='line_1_19' title="bbox 1955 933 3564 1014; baseline 0.002 -26"><span class='ocrx_word' id='word_1_124' title='bbox 1955 935 2129 990; x_wconf 86' lang='lat' dir='ltr'><strong>mines</strong></span> <span class='ocrx_word' id='word_1_125' title='bbox 2149 975 2164 1000; x_wconf 95' lang='lat'><strong>,</strong></span> <span class='ocrx_word' id='word_1_126' title='bbox 2190 934 2427 989; x_wconf 83' lang='lat' dir='ltr'><strong>maxime</strong></span> <span class='ocrx_word' id='word_1_127' title='bbox 2450 934 2497 988; x_wconf 84' lang='lat' dir='ltr'><strong>si</strong></span> <span class='ocrx_word' id='word_1_128' title='bbox 2519 933 2769 989; x_wconf 87' lang='lat' dir='ltr'><strong>inciderit</strong></span> <span class='ocrx_word' id='word_1_129' title='bbox 2790 934 2843 988; x_wconf 93' lang='lat' dir='ltr'><strong>in</strong></span> <span class='ocrx_word' id='word_1_130' title='bbox 2866 951 2983 989; x_wconf 86' lang='lat' dir='ltr'><strong>eam</strong></span> <span class='ocrx_word' id='word_1_131' title='bbox 3003 951 3193 991; x_wconf 87' lang='lat' dir='ltr'><strong>servus</strong></span> <span class='ocrx_word' id='word_1_132' title='bbox 3218 935 3309 991; x_wconf 89' lang='lat' dir='ltr'><strong>Dei</strong></span> <span class='ocrx_word' id='word_1_133' title='bbox 3338 937 3519 1007; x_wconf 75' lang='lat'><strong>(100):</strong></span> <span class='ocrx_word' id='word_1_134' title='bbox 3554 1002 3564 1014; x_wconf 44' lang='lat'>.</span> 
     </span>
    </p>
   </div>
   <div class='ocr_carea' id='block_1_20' title="bbox 1952 1024 3523 1097">
    <p class='ocr_par' dir='ltr' id='par_1_20' title="bbox 1952 1024 3523 1097">
     <span class='ocr_line' id='line_1_20' title="bbox 1952 1024 3523 1097; baseline 0.001 -16"><span class='ocrx_word' id='word_1_135' title='bbox 1952 1036 2007 1081; x_wconf 86' lang='lat' dir='ltr'><strong>et</strong></span> <span class='ocrx_word' id='word_1_136' title='bbox 2035 1025 2143 1083; x_wconf 86' lang='lat' dir='ltr'><strong>nisi</strong></span> <span class='ocrx_word' id='word_1_137' title='bbox 2187 1026 2405 1095; x_wconf 85' lang='lat' dir='ltr'><strong>sapiens</strong></span> <span class='ocrx_word' id='word_1_138' title='bbox 2447 1024 2644 1090; x_wconf 88' lang='lat' dir='ltr'><strong>fuerit,</strong></span> <span class='ocrx_word' id='word_1_139' title='bbox 2678 1037 3033 1081; x_wconf 90' lang='lat' dir='ltr'><strong>consumetur</strong></span> <span class='ocrx_word' id='word_1_140' title='bbox 3066 1026 3142 1095; x_wconf 97' lang='grc'><strong>(1)</strong></span> <span class='ocrx_word' id='word_1_141' title='bbox 3182 1027 3249 1080; x_wconf 90' lang='lat' dir='ltr'><strong>ab</strong></span> <span class='ocrx_word' id='word_1_142' title='bbox 3281 1028 3370 1081; x_wconf 86' lang='lat' dir='ltr'><strong>illa</strong></span> <span class='ocrx_word' id='word_1_143' title='bbox 3402 1045 3523 1097; x_wconf 88' lang='lat' dir='ltr'><strong>pes-</strong></span> 
     </span>
    </p>
   </div>
   <div class='ocr_carea' id='block_1_21' title="bbox 1952 1116 3520 1186">
    <p class='ocr_par' dir='ltr' id='par_1_21' title="bbox 1952 1116 3520 1186">
     <span class='ocr_line' id='line_1_21' title="bbox 1952 1116 3520 1186; baseline 0.001 -14"><span class='ocrx_word' id='word_1_144' title='bbox 1952 1118 2110 1172; x_wconf 87' lang='lat' dir='ltr'><strong>sime.</strong></span> <span class='ocrx_word' id='word_1_145' title='bbox 2139 1116 2432 1172; x_wconf 86' lang='lat' dir='ltr'><strong>Consumit</strong></span> <span class='ocrx_word' id='word_1_146' title='bbox 2475 1126 2656 1170; x_wconf 88' lang='lat' dir='ltr'><strong>autcm</strong></span> <span class='ocrx_word' id='word_1_147' title='bbox 2701 1117 2855 1183; x_wconf 83' lang='lat' dir='ltr'><strong>tales,</strong></span> <span class='ocrx_word' id='word_1_148' title='bbox 2892 1118 2985 1186; x_wconf 87' lang='lat' dir='ltr'><strong>qui</strong></span> <span class='ocrx_word' id='word_1_149' title='bbox 3033 1134 3140 1172; x_wconf 93' lang='lat' dir='ltr'><strong>non</strong></span> <span class='ocrx_word' id='word_1_150' title='bbox 3189 1119 3391 1173; x_wconf 85' lang='lat' dir='ltr'><strong>habent</strong></span> <span class='ocrx_word' id='word_1_151' title='bbox 3427 1136 3520 1173; x_wconf 60' lang='grc' dir='ltr'><strong>νοω</strong></span> 
     </span>
    </p>
   </div>
   <div class='ocr_carea' id='block_1_22' title="bbox 1952 1208 3530 1282">
    <p class='ocr_par' dir='ltr' id='par_1_22' title="bbox 1952 1208 3530 1282">
     <span class='ocr_line' id='line_1_22' title="bbox 1952 1208 3530 1282; baseline 0.003 -19"><span class='ocrx_word' id='word_1_152' title='bbox 1952 1220 2089 1263; x_wconf 85' lang='lat' dir='ltr'><strong>stem</strong></span> <span class='ocrx_word' id='word_1_153' title='bbox 2122 1208 2436 1279; x_wconf 82' lang='lat' dir='ltr'><strong>cupiditatis</strong></span> <span class='ocrx_word' id='word_1_154' title='bbox 2468 1208 2645 1272; x_wconf 71' lang='lat' dir='ltr'><strong>bonae,</strong></span> <span class='ocrx_word' id='word_1_155' title='bbox 2675 1219 2730 1262; x_wconf 92' lang='lat' dir='ltr'><strong>ct</strong></span> <span class='ocrx_word' id='word_1_156' title='bbox 2756 1209 3001 1278; x_wconf 81' lang='lat' dir='ltr'><strong>implicat</strong></span> <span class='ocrx_word' id='word_1_157' title='bbox 3037 1210 3158 1266; x_wconf 92' lang='lat' dir='ltr'><strong>illos</strong></span> <span class='ocrx_word' id='word_1_158' title='bbox 3184 1212 3260 1281; x_wconf 73' lang='lat'><strong>(2)</strong></span> <span class='ocrx_word' id='word_1_159' title='bbox 3292 1215 3530 1282; x_wconf 75' lang='lat' dir='ltr'><strong>negotiis</strong></span> 
     </span>
    </p>
   </div>
   <div class='ocr_carea' id='block_1_23' title="bbox 1953 1299 3521 1374">
    <p class='ocr_par' dir='ltr' id='par_1_23' title="bbox 1953 1299 3521 1374">
     <span class='ocr_line' id='line_1_23' title="bbox 1953 1299 3521 1374; baseline 0.003 -18"><span class='ocrx_word' id='word_1_160' title='bbox 1953 1302 2117 1372; x_wconf 84' lang='lat' dir='ltr'><strong>hujus</strong></span> <span class='ocrx_word' id='word_1_161' title='bbox 2140 1302 2344 1368; x_wconf 56' lang='lat' dir='ltr'><strong>saeculi,</strong></span> <span class='ocrx_word' id='word_1_162' title='bbox 2375 1310 2423 1356; x_wconf 90' lang='lat' dir='ltr'><strong>et</strong></span> <span class='ocrx_word' id='word_1_163' title='bbox 2452 1299 2617 1356; x_wconf 82' lang='lat' dir='ltr'><strong>tradit</strong></span> <span class='ocrx_word' id='word_1_164' title='bbox 2638 1302 2716 1371; x_wconf 79' lang='grc'>(5)</span> <span class='ocrx_word' id='word_1_165' title='bbox 2743 1302 2864 1357; x_wconf 93' lang='lat' dir='ltr'><strong>illos</strong></span> <span class='ocrx_word' id='word_1_166' title='bbox 2888 1306 3070 1359; x_wconf 88' lang='lat' dir='ltr'><strong>morti.</strong></span> <span class='ocrx_word' id='word_1_167' title='bbox 3106 1304 3238 1371; x_wconf 70' lang='lat' dir='ltr'><strong>Qua:</strong></span> <span class='ocrx_word' id='word_1_168' title='bbox 3263 1319 3408 1374; x_wconf 85' lang='lat' dir='ltr'><strong>sunt,</strong></span> <span class='ocrx_word' id='word_1_169' title='bbox 3434 1308 3521 1361; x_wconf 86' lang='lat' dir='ltr'><strong>iii-</strong></span> 
     </span>
    </p>
   </div>
   <div class='ocr_carea' id='block_1_24' title="bbox 1951 1394 3525 1467">
    <p class='ocr_par' dir='ltr' id='par_1_24' title="bbox 1951 1394 3525 1467">
     <span class='ocr_line' id='line_1_24' title="bbox 1951 1394 3525 1467; baseline 0.006 -21"><span class='ocrx_word' id='word_1_170' title='bbox 1951 1410 2138 1465; x_wconf 89' lang='lat' dir='ltr'><strong>quam,</strong></span> <span class='ocrx_word' id='word_1_171' title='bbox 2162 1394 2404 1460; x_wconf 89' lang='lat' dir='ltr'><strong>domine,</strong></span> <span class='ocrx_word' id='word_1_172' title='bbox 2428 1409 2592 1463; x_wconf 88' lang='lat' dir='ltr'><strong>opera</strong></span> <span class='ocrx_word' id='word_1_173' title='bbox 2617 1395 2933 1465; x_wconf 80' lang='lat' dir='ltr'><strong>cupiditatis</strong></span> <span class='ocrx_word' id='word_1_174' title='bbox 2962 1398 3140 1464; x_wconf 67' lang='lat' dir='ltr'><strong>malae,</strong></span> <span class='ocrx_word' id='word_1_175' title='bbox 3164 1401 3525 1467; x_wconf 67' lang='lat' dir='ltr'><strong>quaetradunt</strong></span> 
     </span>
    </p>
   </div>
   <div class='ocr_carea' id='block_1_25' title="bbox 1962 1484 3520 1554">
    <p class='ocr_par' dir='ltr' id='par_1_25' title="bbox 1962 1484 3520 1554">
     <span class='ocr_line' id='line_1_25' title="bbox 1962 1484 3520 1554; baseline 0.006 -14"><span class='ocrx_word' id='word_1_176' title='bbox 1962 1486 2212 1542; x_wconf 87' lang='lat' dir='ltr'><strong>homines</strong></span> <span class='ocrx_word' id='word_1_177' title='bbox 2234 1485 2396 1540; x_wconf 84' lang='lat' dir='ltr'><strong>morti</strong></span> <span class='ocrx_word' id='word_1_178' title='bbox 2414 1486 2436 1539; x_wconf 67' lang='grc' dir='ltr'><em>ἲ</em></span> <span class='ocrx_word' id='word_1_179' title='bbox 2453 1484 2770 1541; x_wconf 88' lang='lat' dir='ltr'><strong>Demonstra</strong></span> <span class='ocrx_word' id='word_1_180' title='bbox 2789 1487 2944 1554; x_wconf 92' lang='lat' dir='ltr'><strong>mihi,</strong></span> <span class='ocrx_word' id='word_1_181' title='bbox 2965 1491 3286 1546; x_wconf 82' lang='lat' dir='ltr'><strong>utreccdam</strong></span> <span class='ocrx_word' id='word_1_182' title='bbox 3301 1493 3370 1547; x_wconf 93' lang='lat' dir='ltr'><strong>ab</strong></span> <span class='ocrx_word' id='word_1_183' title='bbox 3393 1495 3520 1549; x_wconf 89' lang='lat' dir='ltr'><strong>illis.</strong></span> 
     </span>
    </p>
   </div>
   <div class='ocr_carea' id='block_1_26' title="bbox 272 1567 3521 1658">
    <p class='ocr_par' dir='ltr' id='par_1_26' title="bbox 272 1567 3521 1658">
     <span class='ocr_line' id='line_1_26' title="bbox 272 1567 3521 1658; baseline -0.001 -15"><span class='ocrx_word' id='word_1_184' title='bbox 272 1588 441 1655; x_wconf 80' lang='lat' dir='ltr'><strong>Audi,</strong></span> <span class='ocrx_word' id='word_1_185' title='bbox 477 1587 679 1658; x_wconf 89' lang='lat' dir='ltr'><strong>inquit,</strong></span> <span class='ocrx_word' id='word_1_186' title='bbox 705 1586 760 1640; x_wconf 94' lang='lat' dir='ltr'><strong>in</strong></span> <span class='ocrx_word' id='word_1_187' title='bbox 792 1584 995 1656; x_wconf 90' lang='lat' dir='ltr'><strong>quibus</strong></span> <span class='ocrx_word' id='word_1_188' title='bbox 1021 1582 1285 1654; x_wconf 87' lang='lat' dir='ltr'><strong>operibus</strong></span> <span class='ocrx_word' id='word_1_189' title='bbox 1308 1579 1582 1650; x_wconf 85' lang='lat' dir='ltr'><strong>cupiditas</strong></span> <span class='ocrx_word' id='word_1_190' title='bbox 1614 1580 1756 1633; x_wconf 89' lang='lat' dir='ltr'><strong>mala</strong></span> <span class='ocrx_word' id='word_1_191' title='bbox 1791 1579 1951 1632; x_wconf 85' lang='lat' dir='ltr'><strong>morti</strong></span> <span class='ocrx_word' id='word_1_192' title='bbox 1981 1579 2146 1634; x_wconf 83' lang='lat' dir='ltr'><strong>tradit</strong></span> <span class='ocrx_word' id='word_1_193' title='bbox 2172 1593 2360 1633; x_wconf 88' lang='lat' dir='ltr'><strong>servos</strong></span> <span class='ocrx_word' id='word_1_194' title='bbox 2392 1567 2795 1648; x_wconf 86' lang='lat' dir='ltr'><strong>Dei.[Spiritus</strong></span> <span class='ocrx_word' id='word_1_195' title='bbox 2838 1582 3085 1637; x_wconf 91' lang='lat' dir='ltr'><strong>omnium</strong></span> <span class='ocrx_word' id='word_1_196' title='bbox 3124 1585 3203 1655; x_wconf 76' lang='grc'>(4)</span> <span class='ocrx_word' id='word_1_197' title='bbox 3233 1585 3521 1642; x_wconf 87' lang='lat' dir='ltr'><strong>hominum</strong></span> 
     </span>
    </p>
   </div>
   <div class='ocr_carea' id='block_1_27' title="bbox 275 1672 3524 1749">
    <p class='ocr_par' dir='ltr' id='par_1_27' title="bbox 275 1672 3524 1749">
     <span class='ocr_line' id='line_1_27' title="bbox 275 1672 3524 1749; baseline -0 -10"><span class='ocrx_word' id='word_1_198' title='bbox 275 1685 560 1740; x_wconf 74' lang='lat' dir='ltr'><strong>terrestris</strong></span> <span class='ocrx_word' id='word_1_199' title='bbox 587 1692 670 1739; x_wconf 91' lang='lat' dir='ltr'><strong>est</strong></span> <span class='ocrx_word' id='word_1_200' title='bbox 700 1691 754 1737; x_wconf 92' lang='lat' dir='ltr'><strong>et</strong></span> <span class='ocrx_word' id='word_1_201' title='bbox 787 1681 943 1747; x_wconf 88' lang='lat' dir='ltr'><strong>levis,</strong></span> <span class='ocrx_word' id='word_1_202' title='bbox 970 1688 1024 1735; x_wconf 89' lang='lat' dir='ltr'><strong>et</strong></span> <span class='ocrx_word' id='word_1_203' title='bbox 1044 1679 1302 1733; x_wconf 85' lang='lat' dir='ltr'><strong>virtutem</strong></span> <span class='ocrx_word' id='word_1_204' title='bbox 1335 1694 1444 1731; x_wconf 88' lang='lat' dir='ltr'><strong>non</strong></span> <span class='ocrx_word' id='word_1_205' title='bbox 1477 1676 1638 1731; x_wconf 89' lang='lat' dir='ltr'><strong>habet</strong></span> <span class='ocrx_word' id='word_1_206' title='bbox 1669 1676 1721 1729; x_wconf 93' lang='lat' dir='ltr'><strong>in</strong></span> <span class='ocrx_word' id='word_1_207' title='bbox 1753 1684 1948 1738; x_wconf 89' lang='lat' dir='ltr'><strong>totum,</strong></span> <span class='ocrx_word' id='word_1_208' title='bbox 1978 1683 2032 1729; x_wconf 89' lang='lat' dir='ltr'><strong>et</strong></span> <span class='ocrx_word' id='word_1_209' title='bbox 2054 1674 2224 1729; x_wconf 89' lang='lat' dir='ltr'><strong>multa</strong></span> <span class='ocrx_word' id='word_1_210' title='bbox 2255 1674 2518 1743; x_wconf 90' lang='lat' dir='ltr'><strong>loquitur.</strong></span> <span class='ocrx_word' id='word_1_211' title='bbox 2550 1672 2615 1729; x_wconf 80' lang='lat' dir='ltr'><strong>Et</strong></span> <span class='ocrx_word' id='word_1_212' title='bbox 2645 1675 2782 1731; x_wconf 77' lang='lat' dir='ltr'><strong>dixit</strong></span> <span class='ocrx_word' id='word_1_213' title='bbox 2814 1691 2828 1727; x_wconf 88' lang='lat'><strong>:</strong></span> <span class='ocrx_word' id='word_1_214' title='bbox 2854 1674 2973 1743; x_wconf 87' lang='lat' dir='ltr'><strong>Quo</strong></span> <span class='ocrx_word' id='word_1_215' title='bbox 2999 1678 3159 1734; x_wconf 91' lang='lat' dir='ltr'><strong>modo</strong></span> <span class='ocrx_word' id='word_1_216' title='bbox 3187 1680 3351 1749; x_wconf 79' lang='lat' dir='ltr'><strong>igitur</strong></span> <span class='ocrx_word' id='word_1_217' title='bbox 3380 1683 3524 1739; x_wconf 87' lang='lat' dir='ltr'><strong>scire</strong></span> 
     </span>
    </p>
   </div>
   <div class='ocr_carea' id='block_1_28' title="bbox 272 1770 3521 1852">
    <p class='ocr_par' dir='ltr' id='par_1_28' title="bbox 272 1770 3521 1852">
     <span class='ocr_line' id='line_1_28' title="bbox 272 1770 3521 1852; baseline 0 -18"><span class='ocrx_word' id='word_1_218' title='bbox 272 1790 455 1852; x_wconf 85' lang='lat' dir='ltr'><strong>potest</strong></span> <span class='ocrx_word' id='word_1_219' title='bbox 484 1779 687 1850; x_wconf 89' lang='lat' dir='ltr'><strong>aliquis</strong></span> <span class='ocrx_word' id='word_1_220' title='bbox 709 1778 845 1833; x_wconf 90' lang='lat' dir='ltr'><strong>eos?</strong></span> <span class='ocrx_word' id='word_1_221' title='bbox 871 1775 1036 1844; x_wconf 86' lang='lat' dir='ltr'><strong>Audi,</strong></span> <span class='ocrx_word' id='word_1_222' title='bbox 1068 1773 1266 1845; x_wconf 89' lang='lat' dir='ltr'><strong>inquit,</strong></span> <span class='ocrx_word' id='word_1_223' title='bbox 1291 1771 1359 1827; x_wconf 90' lang='lat' dir='ltr'><strong>de</strong></span> <span class='ocrx_word' id='word_1_224' title='bbox 1390 1772 1636 1842; x_wconf 91' lang='lat' dir='ltr'><strong>utrisque</strong></span> <span class='ocrx_word' id='word_1_225' title='bbox 1661 1771 1809 1826; x_wconf 85' lang='lat' dir='ltr'><strong>vasis</strong></span> <span class='ocrx_word' id='word_1_226' title='bbox 1835 1789 1848 1826; x_wconf 90' lang='lat'>:</span> <span class='ocrx_word' id='word_1_227' title='bbox 1879 1780 1932 1826; x_wconf 89' lang='lat' dir='ltr'><strong>ct</strong></span> <span class='ocrx_word' id='word_1_228' title='bbox 1954 1771 2098 1826; x_wconf 88' lang='lat' dir='ltr'><strong>sicut</strong></span> <span class='ocrx_word' id='word_1_229' title='bbox 2125 1770 2249 1825; x_wconf 86' lang='lat' dir='ltr'><strong>dico</strong></span> <span class='ocrx_word' id='word_1_230' title='bbox 2276 1771 2393 1837; x_wconf 90' lang='lat' dir='ltr'><strong>tibi,</strong></span> <span class='ocrx_word' id='word_1_231' title='bbox 2422 1771 2502 1826; x_wconf 89' lang='lat' dir='ltr'><strong>sic</strong></span> <span class='ocrx_word' id='word_1_232' title='bbox 2536 1772 2790 1841; x_wconf 86' lang='lat' dir='ltr'><strong>probabis</strong></span> <span class='ocrx_word' id='word_1_233' title='bbox 2833 1776 3153 1845; x_wconf 88' lang='lat' dir='ltr'><strong>prophetam</strong></span> <span class='ocrx_word' id='word_1_234' title='bbox 3188 1777 3304 1843; x_wconf 87' lang='lat' dir='ltr'><strong>Dei,</strong></span> <span class='ocrx_word' id='word_1_235' title='bbox 3334 1789 3387 1833; x_wconf 92' lang='lat' dir='ltr'><strong>et</strong></span> <span class='ocrx_word' id='word_1_236' title='bbox 3416 1778 3521 1835; x_wconf 84' lang='lat' dir='ltr'><strong>fal-</strong></span> 
     </span>
    </p>
   </div>
   <div class='ocr_carea' id='block_1_29' title="bbox 270 1871 3522 1951">
    <p class='ocr_par' dir='ltr' id='par_1_29' title="bbox 270 1871 3522 1951">
     <span class='ocr_line' id='line_1_29' title="bbox 270 1871 3522 1951; baseline -0.001 -18"><span class='ocrx_word' id='word_1_237' title='bbox 270 1896 397 1934; x_wconf 80' lang='lat' dir='ltr'><strong>sum</strong></span> <span class='ocrx_word' id='word_1_238' title='bbox 434 1881 780 1951; x_wconf 86' lang='lat' dir='ltr'><strong>prophetam.</strong></span> <span class='ocrx_word' id='word_1_239' title='bbox 818 1875 1061 1932; x_wconf 89' lang='lat' dir='ltr'><strong>Primum</strong></span> <span class='ocrx_word' id='word_1_240' title='bbox 1094 1876 1280 1945; x_wconf 90' lang='lat' dir='ltr'><strong>itaque</strong></span> <span class='ocrx_word' id='word_1_241' title='bbox 1312 1875 1388 1944; x_wconf 84' lang='grc'>(5)</span> <span class='ocrx_word' id='word_1_242' title='bbox 1418 1874 1588 1945; x_wconf 90' lang='lat' dir='ltr'><strong>proba</strong></span> <span class='ocrx_word' id='word_1_243' title='bbox 1615 1874 1916 1938; x_wconf 81' lang='lat' dir='ltr'><strong>hominem,</strong></span> <span class='ocrx_word' id='word_1_244' title='bbox 1958 1873 2051 1944; x_wconf 90' lang='lat' dir='ltr'><strong>qui</strong></span> <span class='ocrx_word' id='word_1_245' title='bbox 2100 1872 2265 1928; x_wconf 88' lang='lat' dir='ltr'><strong>habet</strong></span> <span class='ocrx_word' id='word_1_246' title='bbox 2294 1872 2558 1942; x_wconf 89' lang='lat' dir='ltr'><strong>Spiritum</strong></span> <span class='ocrx_word' id='word_1_247' title='bbox 2591 1871 2685 1927; x_wconf 92' lang='lat' dir='ltr'><strong>Dei</strong></span> <span class='ocrx_word' id='word_1_248' title='bbox 2722 1891 2735 1927; x_wconf 91' lang='lat'><strong>:</strong></span> <span class='ocrx_word' id='word_1_249' title='bbox 2768 1873 2897 1944; x_wconf 87' lang='lat' dir='ltr'><strong>quia</strong></span> <span class='ocrx_word' id='word_1_250' title='bbox 2931 1872 3168 1943; x_wconf 87' lang='lat' dir='ltr'><strong>Spiritus</strong></span> <span class='ocrx_word' id='word_1_251' title='bbox 3194 1877 3287 1945; x_wconf 91' lang='lat' dir='ltr'><strong>qui</strong></span> <span class='ocrx_word' id='word_1_252' title='bbox 3329 1876 3522 1931; x_wconf 87' lang='lat' dir='ltr'><strong>desur-</strong></span> 
     </span>
    </p>
   </div>
   <div class='ocr_carea' id='block_1_30' title="bbox 269 1967 3521 2043">
    <p class='ocr_par' dir='ltr' id='par_1_30' title="bbox 269 1967 3521 2043">
     <span class='ocr_line' id='line_1_30' title="bbox 269 1967 3521 2043; baseline 0 -14"><span class='ocrx_word' id='word_1_253' title='bbox 269 1990 397 2029; x_wconf 83' lang='lat' dir='ltr'><strong>sum</strong></span> <span class='ocrx_word' id='word_1_254' title='bbox 428 1981 511 2028; x_wconf 88' lang='lat' dir='ltr'><strong>est</strong></span> <span class='ocrx_word' id='word_1_255' title='bbox 535 1972 635 2043; x_wconf 86' lang='lat'><strong>(6),</strong></span> <span class='ocrx_word' id='word_1_256' title='bbox 666 1970 886 2042; x_wconf 90' lang='lat' dir='ltr'><strong>quietus</strong></span> <span class='ocrx_word' id='word_1_257' title='bbox 911 1980 994 2025; x_wconf 91' lang='lat' dir='ltr'><strong>cst</strong></span> <span class='ocrx_word' id='word_1_258' title='bbox 1015 1980 1069 2025; x_wconf 92' lang='lat' dir='ltr'><strong>et</strong></span> <span class='ocrx_word' id='word_1_259' title='bbox 1099 1969 1344 2035; x_wconf 87' lang='lat' dir='ltr'><strong>humilis,</strong></span> <span class='ocrx_word' id='word_1_260' title='bbox 1375 1979 1429 2024; x_wconf 92' lang='lat' dir='ltr'><strong>et</strong></span> <span class='ocrx_word' id='word_1_261' title='bbox 1454 1969 1658 2024; x_wconf 89' lang='lat' dir='ltr'><strong>recedit</strong></span> <span class='ocrx_word' id='word_1_262' title='bbox 1685 1969 1754 2023; x_wconf 89' lang='lat' dir='ltr'><strong>ab</strong></span> <span class='ocrx_word' id='word_1_263' title='bbox 1786 1969 1935 2022; x_wconf 87' lang='lat' dir='ltr'><strong>omni</strong></span> <span class='ocrx_word' id='word_1_264' title='bbox 1964 1967 2209 2038; x_wconf 90' lang='lat' dir='ltr'><strong>nequitia</strong></span> <span class='ocrx_word' id='word_1_265' title='bbox 2252 1977 2306 2023; x_wconf 94' lang='lat' dir='ltr'><strong>et</strong></span> <span class='ocrx_word' id='word_1_266' title='bbox 2334 1968 2610 2023; x_wconf 86' lang='lat' dir='ltr'><strong>desiderio</strong></span> <span class='ocrx_word' id='word_1_267' title='bbox 2649 1984 2793 2023; x_wconf 85' lang='lat' dir='ltr'><strong>vano</strong></span> <span class='ocrx_word' id='word_1_268' title='bbox 2819 1969 2983 2039; x_wconf 86' lang='lat' dir='ltr'><strong>hujus</strong></span> <span class='ocrx_word' id='word_1_269' title='bbox 3021 1972 3242 2039; x_wconf 70' lang='lat' dir='ltr'><strong>saiculi;</strong></span> <span class='ocrx_word' id='word_1_270' title='bbox 3276 1982 3331 2028; x_wconf 86' lang='lat' dir='ltr'><strong>et</strong></span> <span class='ocrx_word' id='word_1_271' title='bbox 3369 1975 3521 2029; x_wconf 86' lang='lat' dir='ltr'><strong>omni</strong></span> 
     </span>
    </p>
   </div>
   <div class='ocr_carea' id='block_1_31' title="bbox 269 2064 3523 2140">
    <p class='ocr_par' dir='ltr' id='par_1_31' title="bbox 269 2064 3523 2140">
     <span class='ocr_line' id='line_1_31' title="bbox 269 2064 3523 2140; baseline 0.001 -17"><span class='ocrx_word' id='word_1_272' title='bbox 269 2070 498 2124; x_wconf 86' lang='lat' dir='ltr'><strong>homine</strong></span> <span class='ocrx_word' id='word_1_273' title='bbox 525 2068 603 2139; x_wconf 86' lang='lat'><strong>(7)</strong></span> <span class='ocrx_word' id='word_1_274' title='bbox 633 2082 692 2123; x_wconf 89' lang='lat' dir='ltr'><strong>se</strong></span> <span class='ocrx_word' id='word_1_275' title='bbox 738 2066 872 2122; x_wconf 85' lang='lat' dir='ltr'><strong>facit</strong></span> <span class='ocrx_word' id='word_1_276' title='bbox 901 2066 1292 2133; x_wconf 88' lang='lat' dir='ltr'><strong>humiliorem;</strong></span> <span class='ocrx_word' id='word_1_277' title='bbox 1325 2076 1379 2120; x_wconf 93' lang='lat' dir='ltr'><strong>et</strong></span> <span class='ocrx_word' id='word_1_278' title='bbox 1413 2065 1617 2119; x_wconf 89' lang='lat' dir='ltr'><strong>nemini</strong></span> <span class='ocrx_word' id='word_1_279' title='bbox 1656 2065 1946 2135; x_wconf 77' lang='lat' dir='ltr'><strong>respondet</strong></span> <span class='ocrx_word' id='word_1_280' title='bbox 1986 2065 2351 2135; x_wconf 81' lang='lat' dir='ltr'><strong>interrogatus</strong></span> <span class='ocrx_word' id='word_1_281' title='bbox 2394 2064 2511 2135; x_wconf 89' lang='lat'><strong>(8);</strong></span> <span class='ocrx_word' id='word_1_282' title='bbox 2548 2081 2647 2121; x_wconf 89' lang='lat' dir='ltr'><strong>nec</strong></span> <span class='ocrx_word' id='word_1_283' title='bbox 2695 2066 2926 2137; x_wconf 83' lang='lat' dir='ltr'><strong>singulis</strong></span> <span class='ocrx_word' id='word_1_284' title='bbox 2959 2067 3251 2137; x_wconf 88' lang='lat' dir='ltr'><strong>respondet</strong></span> <span class='ocrx_word' id='word_1_285' title='bbox 3298 2087 3313 2125; x_wconf 86' lang='lat'><strong>:</strong></span> <span class='ocrx_word' id='word_1_286' title='bbox 3344 2085 3523 2140; x_wconf 83' lang='lat' dir='ltr'><strong>neque</strong></span> 
     </span>
    </p>
   </div>
   <div class='ocr_carea' id='block_1_32' title="bbox 267 2160 3520 2236">
    <p class='ocr_par' dir='ltr' id='par_1_32' title="bbox 267 2160 3520 2236">
     <span class='ocr_line' id='line_1_32' title="bbox 267 2160 3520 2236; baseline 0.001 -17"><span class='ocrx_word' id='word_1_287' title='bbox 267 2181 403 2219; x_wconf 89' lang='lat' dir='ltr'><strong>cum</strong></span> <span class='ocrx_word' id='word_1_288' title='bbox 438 2164 577 2231; x_wconf 81' lang='lat' dir='ltr'><strong>vult,</strong></span> <span class='ocrx_word' id='word_1_289' title='bbox 616 2163 825 2219; x_wconf 88' lang='lat' dir='ltr'><strong>homini</strong></span> <span class='ocrx_word' id='word_1_290' title='bbox 858 2162 1104 2233; x_wconf 86' lang='lat' dir='ltr'><strong>loquitur</strong></span> <span class='ocrx_word' id='word_1_291' title='bbox 1135 2160 1371 2232; x_wconf 90' lang='lat' dir='ltr'><strong>Spiritus</strong></span> <span class='ocrx_word' id='word_1_292' title='bbox 1402 2161 1532 2228; x_wconf 87' lang='lat' dir='ltr'><strong>Dei;</strong></span> <span class='ocrx_word' id='word_1_293' title='bbox 1559 2161 1653 2217; x_wconf 91' lang='lat' dir='ltr'><strong>sed</strong></span> <span class='ocrx_word' id='word_1_294' title='bbox 1686 2169 1817 2215; x_wconf 90' lang='lat' dir='ltr'><strong>tunc</strong></span> <span class='ocrx_word' id='word_1_295' title='bbox 1842 2161 2085 2231; x_wconf 90' lang='lat' dir='ltr'><strong>loquitur</strong></span> <span class='ocrx_word' id='word_1_296' title='bbox 2130 2177 2254 2217; x_wconf 92' lang='lat' dir='ltr'><strong>cum</strong></span> <span class='ocrx_word' id='word_1_297' title='bbox 2285 2161 2403 2216; x_wconf 85' lang='lat' dir='ltr'><strong>vult</strong></span> <span class='ocrx_word' id='word_1_298' title='bbox 2432 2160 2597 2217; x_wconf 91' lang='lat' dir='ltr'><strong>Deus.</strong></span> <span class='ocrx_word' id='word_1_299' title='bbox 2628 2162 2764 2217; x_wconf 91' lang='lat' dir='ltr'><strong>Cum</strong></span> <span class='ocrx_word' id='word_1_300' title='bbox 2812 2179 2945 2232; x_wconf 79' lang='lat' dir='ltr'><strong>ergo</strong></span> <span class='ocrx_word' id='word_1_301' title='bbox 2992 2165 3200 2220; x_wconf 80' lang='lat' dir='ltr'><strong>venerit</strong></span> <span class='ocrx_word' id='word_1_302' title='bbox 3234 2166 3402 2220; x_wconf 86' lang='lat' dir='ltr'><strong>homo</strong></span> <span class='ocrx_word' id='word_1_303' title='bbox 3422 2168 3520 2236; x_wconf 82' lang='lat' dir='ltr'><strong>qui</strong></span> 
     </span>
    </p>
   </div>
   <div class='ocr_carea' id='block_1_33' title="bbox 268 2251 3521 2325">
    <p class='ocr_par' dir='ltr' id='par_1_33' title="bbox 268 2251 3521 2325">
     <span class='ocr_line' id='line_1_33' title="bbox 268 2251 3521 2325; baseline 0.001 -17"><span class='ocrx_word' id='word_1_304' title='bbox 268 2255 443 2311; x_wconf 86' lang='lat' dir='ltr'><strong>habet</strong></span> <span class='ocrx_word' id='word_1_305' title='bbox 465 2255 729 2325; x_wconf 88' lang='lat' dir='ltr'><strong>Spiritum</strong></span> <span class='ocrx_word' id='word_1_306' title='bbox 762 2253 879 2320; x_wconf 91' lang='lat' dir='ltr'><strong>Dei,</strong></span> <span class='ocrx_word' id='word_1_307' title='bbox 903 2252 957 2306; x_wconf 93' lang='lat' dir='ltr'><strong>in</strong></span> <span class='ocrx_word' id='word_1_308' title='bbox 987 2251 1286 2307; x_wconf 87' lang='lat' dir='ltr'><strong>Ecclesiam</strong></span> <span class='ocrx_word' id='word_1_309' title='bbox 1312 2253 1590 2323; x_wconf 87' lang='lat' dir='ltr'><strong>justorum</strong></span> <span class='ocrx_word' id='word_1_310' title='bbox 1638 2252 1957 2308; x_wconf 84' lang='lat' dir='ltr'><strong>habentium</strong></span> <span class='ocrx_word' id='word_1_311' title='bbox 2006 2252 2165 2309; x_wconf 78' lang='lat' dir='ltr'><strong>fidem</strong></span> <span class='ocrx_word' id='word_1_312' title='bbox 2196 2253 2314 2322; x_wconf 88' lang='lat' dir='ltr'><strong>Dei,</strong></span> <span class='ocrx_word' id='word_1_313' title='bbox 2347 2265 2401 2310; x_wconf 89' lang='lat' dir='ltr'><strong>et</strong></span> <span class='ocrx_word' id='word_1_314' title='bbox 2426 2255 2601 2311; x_wconf 84' lang='lat' dir='ltr'><strong>oratio</strong></span> <span class='ocrx_word' id='word_1_315' title='bbox 2627 2255 2690 2309; x_wconf 86' lang='lat' dir='ltr'><strong>fit</strong></span> <span class='ocrx_word' id='word_1_316' title='bbox 2730 2256 2799 2311; x_wconf 91' lang='lat' dir='ltr'><strong>ad</strong></span> <span class='ocrx_word' id='word_1_317' title='bbox 2846 2254 3171 2322; x_wconf 85' lang='lat' dir='ltr'><strong>Dominum;</strong></span> <span class='ocrx_word' id='word_1_318' title='bbox 3216 2266 3350 2312; x_wconf 83' lang='lat' dir='ltr'><strong>tunc</strong></span> <span class='ocrx_word' id='word_1_319' title='bbox 3376 2273 3521 2313; x_wconf 86' lang='lat' dir='ltr'><strong>nun-</strong></span> 
     </span>
    </p>
   </div>
   <div class='ocr_carea' id='block_1_34' title="bbox 271 2348 3522 2425">
    <p class='ocr_par' dir='ltr' id='par_1_34' title="bbox 271 2348 3522 2425">
     <span class='ocr_line' id='line_1_34' title="bbox 271 2348 3522 2425; baseline 0.001 -16"><span class='ocrx_word' id='word_1_320' title='bbox 271 2356 389 2409; x_wconf 89' lang='lat' dir='ltr'><strong>tius</strong></span> <span class='ocrx_word' id='word_1_321' title='bbox 416 2354 490 2425; x_wconf 90' lang='lat'><strong>(9)</strong></span> <span class='ocrx_word' id='word_1_322' title='bbox 515 2362 740 2411; x_wconf 88' lang='lat' dir='ltr'><strong>sanctus</strong></span> <span class='ocrx_word' id='word_1_323' title='bbox 788 2349 1090 2407; x_wconf 86' lang='lat' dir='ltr'><strong>divinitatis</strong></span> <span class='ocrx_word' id='word_1_324' title='bbox 1126 2349 1314 2419; x_wconf 90' lang='lat' dir='ltr'><strong>implet</strong></span> <span class='ocrx_word' id='word_1_325' title='bbox 1346 2349 1624 2405; x_wconf 89' lang='lat' dir='ltr'><strong>hominem</strong></span> <span class='ocrx_word' id='word_1_326' title='bbox 1662 2350 1815 2405; x_wconf 91' lang='lat' dir='ltr'><strong>illum</strong></span> <span class='ocrx_word' id='word_1_327' title='bbox 1870 2348 2077 2421; x_wconf 90' lang='lat' dir='ltr'><strong>Spiritu</strong></span> <span class='ocrx_word' id='word_1_328' title='bbox 2112 2360 2304 2407; x_wconf 89' lang='lat' dir='ltr'><strong>sancto</strong></span> <span class='ocrx_word' id='word_1_329' title='bbox 2333 2350 2480 2421; x_wconf 72' lang='lat'><strong>(10);</strong></span> <span class='ocrx_word' id='word_1_330' title='bbox 2510 2362 2565 2407; x_wconf 89' lang='lat' dir='ltr'><strong>ct</strong></span> <span class='ocrx_word' id='word_1_331' title='bbox 2597 2352 2842 2422; x_wconf 89' lang='lat' dir='ltr'><strong>loquitur</strong></span> <span class='ocrx_word' id='word_1_332' title='bbox 2884 2352 2938 2406; x_wconf 91' lang='lat' dir='ltr'><strong>in</strong></span> <span class='ocrx_word' id='word_1_333' title='bbox 2991 2354 3148 2408; x_wconf 88' lang='lat' dir='ltr'><strong>turba</strong></span> <span class='ocrx_word' id='word_1_334' title='bbox 3190 2353 3334 2410; x_wconf 86' lang='lat' dir='ltr'><strong>sicut</strong></span> <span class='ocrx_word' id='word_1_335' title='bbox 3374 2352 3522 2413; x_wconf 71' lang='lat' dir='ltr'><strong>Deus</strong></span> 
     </span>
    </p>
   </div>
   <div class='ocr_carea' id='block_1_35' title="bbox 270 2444 3153 2523">
    <p class='ocr_par' dir='ltr' id='par_1_35' title="bbox 270 2444 3153 2523">
     <span class='ocr_line' id='line_1_35' title="bbox 270 2444 3153 2523; baseline 0 -18"><span class='ocrx_word' id='word_1_336' title='bbox 270 2453 414 2507; x_wconf 88' lang='lat' dir='ltr'><strong>vult.</strong></span> <span class='ocrx_word' id='word_1_337' title='bbox 450 2452 537 2509; x_wconf 88' lang='lat' dir='ltr'><strong>Sic</strong></span> <span class='ocrx_word' id='word_1_338' title='bbox 566 2468 697 2523; x_wconf 84' lang='lat' dir='ltr'><strong>ergo</strong></span> <span class='ocrx_word' id='word_1_339' title='bbox 718 2448 1058 2523; x_wconf 79' lang='lat' dir='ltr'><strong>dignoscitur</strong></span> <span class='ocrx_word' id='word_1_340' title='bbox 1084 2445 1320 2518; x_wconf 91' lang='lat' dir='ltr'><strong>Spiritus</strong></span> <span class='ocrx_word' id='word_1_341' title='bbox 1344 2446 1673 2514; x_wconf 89' lang='lat' dir='ltr'><strong>divinitatis,</strong></span> <span class='ocrx_word' id='word_1_342' title='bbox 1707 2446 1762 2501; x_wconf 92' lang='lat' dir='ltr'><strong>in</strong></span> <span class='ocrx_word' id='word_1_343' title='bbox 1799 2461 2131 2518; x_wconf 88' lang='lat' dir='ltr'><strong>quocunque</strong></span> <span class='ocrx_word' id='word_1_344' title='bbox 2150 2444 2389 2517; x_wconf 86' lang='lat' dir='ltr'><strong>Spiritus</strong></span> <span class='ocrx_word' id='word_1_345' title='bbox 2407 2446 2709 2503; x_wconf 86' lang='lat' dir='ltr'><strong>divinitatis</strong></span> <span class='ocrx_word' id='word_1_346' title='bbox 2744 2447 2986 2518; x_wconf 82' lang='lat' dir='ltr'><strong>loquitur</strong></span> <span class='ocrx_word' id='word_1_347' title='bbox 3016 2450 3153 2520; x_wconf 83' lang='grc'>(11).</span> 
     </span>
    </p>
   </div>
   <div class='ocr_carea' id='block_1_36' title="bbox 275 1390 1515 1464">
    <p class='ocr_par' dir='ltr' id='par_1_36' title="bbox 275 1390 1515 1464">
     <span class='ocr_line' id='line_1_36' title="bbox 275 1390 1515 1464; baseline -0.006 -11"><span class='ocrx_word' id='word_1_348' title='bbox 275 1401 518 1464; x_wconf 84' lang='grc' dir='ltr'><strong>πάντων,</strong></span> <span class='ocrx_word' id='word_1_349' title='bbox 547 1418 600 1455; x_wconf 86' lang='grc' dir='ltr'><strong>κ.</strong></span> <span class='ocrx_word' id='word_1_350' title='bbox 630 1418 681 1453; x_wconf 88' lang='grc' dir='ltr'><strong>τ.</strong></span> <span class='ocrx_word' id='word_1_351' title='bbox 716 1400 767 1452; x_wconf 89' lang='grc' dir='ltr'><strong>λ.</strong></span> <span class='ocrx_word' id='word_1_352' title='bbox 800 1398 934 1455; x_wconf 81' lang='lat' dir='ltr'><strong>Vide</strong></span> <span class='ocrx_word' id='word_1_353' title='bbox 967 1412 1093 1453; x_wconf 80' lang='lat' dir='ltr'><strong>mox</strong></span> <span class='ocrx_word' id='word_1_354' title='bbox 1122 1394 1287 1462; x_wconf 84' lang='lat' dir='ltr'><strong>infra,</strong></span> <span class='ocrx_word' id='word_1_355' title='bbox 1312 1409 1428 1464; x_wconf 86' lang='lat' dir='ltr'><strong>cap.</strong></span> <span class='ocrx_word' id='word_1_356' title='bbox 1461 1390 1515 1446; x_wconf 73' lang='grc'><strong>2.</strong></span> 
     </span>
    </p>
   </div>
   <div class='ocr_carea' id='block_1_37' title="bbox 1726 2613 2062 2672">
    <p class='ocr_par' dir='ltr' id='par_1_37' title="bbox 1726 2613 2062 2672">
     <span class='ocr_line' id='line_1_37' title="bbox 1726 2613 2062 2672; baseline 0.003 -2"><span class='ocrx_word' id='word_1_357' title='bbox 1726 2613 1957 2670; x_wconf 84' lang='lat' dir='ltr'><strong>CAPUT</strong></span> <span class='ocrx_word' id='word_1_358' title='bbox 1995 2614 2062 2672; x_wconf 83' lang='lat' dir='ltr'><strong>ll.</strong></span> 
     </span>
    </p>
   </div>
   <div class='ocr_carea' id='block_1_38' title="bbox 345 2724 3516 2805">
    <p class='ocr_par' dir='ltr' id='par_1_38' title="bbox 345 2724 3516 2805">
     <span class='ocr_line' id='line_1_38' title="bbox 345 2724 3516 2805; baseline 0.004 -27"><span class='ocrx_word' id='word_1_359' title='bbox 345 2724 485 2779; x_wconf 90' lang='lat' dir='ltr'><strong>Audi</strong></span> <span class='ocrx_word' id='word_1_360' title='bbox 516 2740 663 2781; x_wconf 90' lang='lat' dir='ltr'><strong>nunc</strong></span> <span class='ocrx_word' id='word_1_361' title='bbox 687 2734 738 2780; x_wconf 88' lang='lat' dir='ltr'><strong>et</strong></span> <span class='ocrx_word' id='word_1_362' title='bbox 760 2725 826 2780; x_wconf 92' lang='lat' dir='ltr'><strong>de</strong></span> <span class='ocrx_word' id='word_1_363' title='bbox 855 2724 1050 2794; x_wconf 91' lang='lat' dir='ltr'><strong>spiritu</strong></span> <span class='ocrx_word' id='word_1_364' title='bbox 1085 2725 1352 2794; x_wconf 90' lang='lat' dir='ltr'><strong>terrestri,</strong></span> <span class='ocrx_word' id='word_1_365' title='bbox 1378 2742 1553 2783; x_wconf 90' lang='lat' dir='ltr'><strong>vacuo</strong></span> <span class='ocrx_word' id='word_1_366' title='bbox 1574 2736 1628 2782; x_wconf 90' lang='lat' dir='ltr'><strong>et</strong></span> <span class='ocrx_word' id='word_1_367' title='bbox 1649 2727 1822 2795; x_wconf 90' lang='lat' dir='ltr'><strong>fatuo,</strong></span> <span class='ocrx_word' id='word_1_368' title='bbox 1855 2729 2113 2785; x_wconf 84' lang='lat' dir='ltr'><strong>virtutem</strong></span> <span class='ocrx_word' id='word_1_369' title='bbox 2138 2745 2247 2786; x_wconf 91' lang='lat' dir='ltr'><strong>non</strong></span> <span class='ocrx_word' id='word_1_370' title='bbox 2276 2729 2527 2786; x_wconf 83' lang='lat' dir='ltr'><strong>habente.</strong></span> <span class='ocrx_word' id='word_1_371' title='bbox 2556 2729 2802 2785; x_wconf 88' lang='lat' dir='ltr'><strong>Primum</strong></span> <span class='ocrx_word' id='word_1_372' title='bbox 2827 2738 3010 2785; x_wconf 87' lang='lat' dir='ltr'><strong>autem</strong></span> <span class='ocrx_word' id='word_1_373' title='bbox 3044 2731 3193 2787; x_wconf 83' lang='lat' dir='ltr'><strong>hunc</strong></span> <span class='ocrx_word' id='word_1_374' title='bbox 3217 2733 3383 2788; x_wconf 89' lang='lat' dir='ltr'><strong>homo</strong></span> <span class='ocrx_word' id='word_1_375' title='bbox 3413 2750 3516 2805; x_wconf 60' lang='lat' dir='ltr'><strong>puo</strong></span> 
     </span>
    </p>
   </div>
   <div class='ocr_carea' id='block_1_39' title="bbox 269 2821 3519 2897">
    <p class='ocr_par' dir='ltr' id='par_1_39' title="bbox 269 2821 3519 2897">
     <span class='ocr_line' id='line_1_39' title="bbox 269 2821 3519 2897; baseline 0.003 -21"><span class='ocrx_word' id='word_1_376' title='bbox 269 2830 421 2877; x_wconf 86' lang='lat' dir='ltr'><strong>tatur</strong></span> <span class='ocrx_word' id='word_1_377' title='bbox 444 2821 698 2891; x_wconf 89' lang='lat' dir='ltr'><strong>spiritum</strong></span> <span class='ocrx_word' id='word_1_378' title='bbox 724 2822 952 2888; x_wconf 87' lang='lat' dir='ltr'><strong>habere;</strong></span> <span class='ocrx_word' id='word_1_379' title='bbox 982 2822 1186 2878; x_wconf 80' lang='lat' dir='ltr'><strong>exaltat</strong></span> <span class='ocrx_word' id='word_1_380' title='bbox 1215 2824 1361 2878; x_wconf 91' lang='lat' dir='ltr'><strong>enim</strong></span> <span class='ocrx_word' id='word_1_381' title='bbox 1404 2838 1462 2879; x_wconf 87' lang='lat' dir='ltr'><strong>se</strong></span> <span class='ocrx_word' id='word_1_382' title='bbox 1493 2825 1631 2893; x_wconf 74' lang='grc'>(12),</span> <span class='ocrx_word' id='word_1_383' title='bbox 1656 2833 1710 2879; x_wconf 90' lang='lat' dir='ltr'><strong>et</strong></span> <span class='ocrx_word' id='word_1_384' title='bbox 1737 2825 1852 2880; x_wconf 86' lang='lat' dir='ltr'><strong>vult</strong></span> <span class='ocrx_word' id='word_1_385' title='bbox 1880 2827 2115 2897; x_wconf 87' lang='lat' dir='ltr'><strong>primam</strong></span> <span class='ocrx_word' id='word_1_386' title='bbox 2148 2828 2464 2884; x_wconf 88' lang='lat' dir='ltr'><strong>cathedram</strong></span> <span class='ocrx_word' id='word_1_387' title='bbox 2510 2828 2743 2894; x_wconf 90' lang='lat' dir='ltr'><strong>habere;</strong></span> <span class='ocrx_word' id='word_1_388' title='bbox 2773 2835 2827 2884; x_wconf 81' lang='lat' dir='ltr'><strong>et</strong></span> <span class='ocrx_word' id='word_1_389' title='bbox 2857 2826 3141 2896; x_wconf 90' lang='lat' dir='ltr'><strong>improbus</strong></span> <span class='ocrx_word' id='word_1_390' title='bbox 3184 2839 3288 2896; x_wconf 84' lang='lat' dir='ltr'><strong>est,</strong></span> <span class='ocrx_word' id='word_1_391' title='bbox 3317 2837 3372 2884; x_wconf 92' lang='lat' dir='ltr'><strong>et</strong></span> <span class='ocrx_word' id='word_1_392' title='bbox 3397 2846 3519 2885; x_wconf 82' lang='lat' dir='ltr'><strong>ver-</strong></span> 
     </span>
    </p>
   </div>
   <div class='ocr_carea' id='block_1_40' title="bbox 265 2915 3519 2993">
    <p class='ocr_par' dir='ltr' id='par_1_40' title="bbox 265 2915 3519 2993">
     <span class='ocr_line' id='line_1_40' title="bbox 265 2915 3519 2993; baseline 0.003 -23"><span class='ocrx_word' id='word_1_393' title='bbox 265 2917 473 2984; x_wconf 86' lang='lat' dir='ltr'><strong>bosus;</strong></span> <span class='ocrx_word' id='word_1_394' title='bbox 505 2926 560 2972; x_wconf 93' lang='lat' dir='ltr'><strong>et</strong></span> <span class='ocrx_word' id='word_1_395' title='bbox 596 2916 651 2971; x_wconf 92' lang='lat' dir='ltr'><strong>in</strong></span> <span class='ocrx_word' id='word_1_396' title='bbox 675 2915 887 2972; x_wconf 88' lang='lat' dir='ltr'><strong>deliciis</strong></span> <span class='ocrx_word' id='word_1_397' title='bbox 918 2926 1299 2985; x_wconf 88' lang='lat' dir='ltr'><strong>conversatur,</strong></span> <span class='ocrx_word' id='word_1_398' title='bbox 1330 2928 1386 2974; x_wconf 90' lang='lat' dir='ltr'><strong>et</strong></span> <span class='ocrx_word' id='word_1_399' title='bbox 1418 2920 1472 2973; x_wconf 90' lang='lat' dir='ltr'><strong>in</strong></span> <span class='ocrx_word' id='word_1_400' title='bbox 1501 2921 1874 2991; x_wconf 89' lang='lat' dir='ltr'><strong>voluptatibus</strong></span> <span class='ocrx_word' id='word_1_401' title='bbox 1902 2923 2121 2989; x_wconf 84' lang='lat' dir='ltr'><strong>multis;</strong></span> <span class='ocrx_word' id='word_1_402' title='bbox 2146 2932 2202 2979; x_wconf 88' lang='lat' dir='ltr'><strong>et</strong></span> <span class='ocrx_word' id='word_1_403' title='bbox 2228 2922 2533 2980; x_wconf 87' lang='lat' dir='ltr'><strong>mercedem</strong></span> <span class='ocrx_word' id='word_1_404' title='bbox 2580 2922 2780 2993; x_wconf 88' lang='lat' dir='ltr'><strong>accipit</strong></span> <span class='ocrx_word' id='word_1_405' title='bbox 2814 2920 3167 2977; x_wconf 86' lang='lat' dir='ltr'><strong>divinationis</strong></span> <span class='ocrx_word' id='word_1_406' title='bbox 3192 2938 3326 2977; x_wconf 63' lang='lat' dir='ltr'><strong>suae.</strong></span> <span class='ocrx_word' id='word_1_407' title='bbox 3360 2922 3519 2991; x_wconf 86' lang='lat' dir='ltr'><strong>Quod</strong></span> 
     </span>
    </p>
   </div>
   <div class='ocr_carea' id='block_1_41' title="bbox 265 3007 3514 3086">
    <p class='ocr_par' dir='ltr' id='par_1_41' title="bbox 265 3007 3514 3086">
     <span class='ocr_line' id='line_1_41' title="bbox 265 3007 3514 3086; baseline 0.003 -26"><span class='ocrx_word' id='word_1_408' title='bbox 265 3008 319 3060; x_wconf 78' lang='lat' dir='ltr'><strong>si</strong></span> <span class='ocrx_word' id='word_1_409' title='bbox 348 3022 457 3061; x_wconf 92' lang='lat' dir='ltr'><strong>non</strong></span> <span class='ocrx_word' id='word_1_410' title='bbox 491 3009 787 3077; x_wconf 85' lang='lat' dir='ltr'><strong>acceperit,</strong></span> <span class='ocrx_word' id='word_1_411' title='bbox 818 3024 927 3062; x_wconf 89' lang='lat' dir='ltr'><strong>non</strong></span> <span class='ocrx_word' id='word_1_412' title='bbox 955 3008 1183 3063; x_wconf 89' lang='lat' dir='ltr'><strong>divinat.</strong></span> <span class='ocrx_word' id='word_1_413' title='bbox 1215 3007 1367 3065; x_wconf 89' lang='lat' dir='ltr'><strong>Itane</strong></span> <span class='ocrx_word' id='word_1_414' title='bbox 1392 3010 1505 3081; x_wconf 78' lang='lat' dir='ltr'><strong>(l5)</strong></span> <span class='ocrx_word' id='word_1_415' title='bbox 1532 3009 1770 3082; x_wconf 88' lang='lat' dir='ltr'><strong>Spiritus</strong></span> <span class='ocrx_word' id='word_1_416' title='bbox 1798 3012 1890 3067; x_wconf 91' lang='lat' dir='ltr'><strong>Dei</strong></span> <span class='ocrx_word' id='word_1_417' title='bbox 1921 3020 2100 3082; x_wconf 89' lang='lat' dir='ltr'><strong>potest</strong></span> <span class='ocrx_word' id='word_1_418' title='bbox 2123 3014 2403 3071; x_wconf 84' lang='lat' dir='ltr'><strong>mercedes</strong></span> <span class='ocrx_word' id='word_1_419' title='bbox 2432 3014 2679 3086; x_wconf 87' lang='lat' dir='ltr'><strong>accipere</strong></span> <span class='ocrx_word' id='word_1_420' title='bbox 2718 3020 2775 3067; x_wconf 93' lang='lat' dir='ltr'><strong>et</strong></span> <span class='ocrx_word' id='word_1_421' title='bbox 2796 3011 3086 3068; x_wconf 86' lang='lat' dir='ltr'><strong>divinare?</strong></span> <span class='ocrx_word' id='word_1_422' title='bbox 3110 3011 3231 3068; x_wconf 81' lang='lat' dir='ltr'><strong>Non</strong></span> <span class='ocrx_word' id='word_1_423' title='bbox 3263 3016 3514 3069; x_wconf 82' lang='lat' dir='ltr'><strong>convenit</strong></span> 
     </span>
    </p>
   </div>
   <div class='ocr_carea' id='block_1_42' title="bbox 266 3088 1133 3168">
    <p class='ocr_par' dir='ltr' id='par_1_42' title="bbox 266 3088 1133 3168">
     <span class='ocr_line' id='line_1_42' title="bbox 266 3088 1133 3168; baseline 0.002 -19"><span class='ocrx_word' id='word_1_424' title='bbox 266 3097 389 3153; x_wconf 75' lang='lat' dir='ltr'><strong>haec</strong></span> <span class='ocrx_word' id='word_1_425' title='bbox 429 3095 607 3153; x_wconf 77' lang='lat' dir='ltr'><strong>facere</strong></span> <span class='ocrx_word' id='word_1_426' title='bbox 637 3097 731 3151; x_wconf 88' lang='lat' dir='ltr'><strong>Dei</strong></span> <span class='ocrx_word' id='word_1_427' title='bbox 758 3088 1133 3168; x_wconf 66' lang='lat' dir='ltr'><strong>prophetam]</strong></span> 
     </span>
    </p>
   </div>
   <div class='ocr_carea' id='block_1_43' title="bbox 341 3188 1852 3268">
    <p class='ocr_par' dir='ltr' id='par_1_43' title="bbox 341 3188 1841 3263">
     <span class='ocr_line' id='line_1_43' title="bbox 341 3188 1841 3263; baseline 0.001 -21"><span class='ocrx_word' id='word_1_428' title='bbox 341 3190 564 3263; x_wconf 85' lang='grc' dir='ltr'><strong>Πρῶτον</strong></span> <span class='ocrx_word' id='word_1_429' title='bbox 603 3189 819 3244; x_wconf 82' lang='grc' dir='ltr'><strong>πάντων</strong></span> <span class='ocrx_word' id='word_1_430' title='bbox 856 3188 1120 3261; x_wconf 83' lang='grc' dir='ltr'><strong>ἐπιθυμία</strong></span> <span class='ocrx_word' id='word_1_431' title='bbox 1162 3188 1454 3259; x_wconf 82' lang='grc' dir='ltr'><strong>γυναικὸς,</strong></span> <span class='ocrx_word' id='word_1_432' title='bbox 1486 3189 1579 3241; x_wconf 76' lang='grc' dir='ltr'><strong>καὶ</strong></span> <span class='ocrx_word' id='word_1_433' title='bbox 1618 3189 1841 3243; x_wconf 85' lang='grc' dir='ltr'><strong>πολυτέ-</strong></span> 
     </span>
    </p>
   </div>
   <div class='ocr_carea' id='block_1_44' title="bbox 1954 3188 3516 3268">
    <p class='ocr_par' dir='ltr' id='par_1_44' title="bbox 2014 3189 3516 3268">
     <span class='ocr_line' id='line_1_44' title="bbox 2014 3189 3516 3268; baseline 0.007 -23"><span class='ocrx_word' id='word_1_434' title='bbox 2014 3190 2119 3245; x_wconf 91' lang='lat' dir='ltr'><strong>Sed</strong></span> <span class='ocrx_word' id='word_1_435' title='bbox 2175 3189 2447 3261; x_wconf 89' lang='lat' dir='ltr'><strong>cupiditas</strong></span> <span class='ocrx_word' id='word_1_436' title='bbox 2492 3194 2633 3248; x_wconf 88' lang='lat' dir='ltr'><strong>mala</strong></span> <span class='ocrx_word' id='word_1_437' title='bbox 2668 3205 2791 3262; x_wconf 88' lang='lat' dir='ltr'><strong>est,</strong></span> <span class='ocrx_word' id='word_1_438' title='bbox 2846 3198 3231 3268; x_wconf 86' lang='lat' dir='ltr'><strong>concupiscere</strong></span> <span class='ocrx_word' id='word_1_439' title='bbox 3288 3215 3516 3255; x_wconf 80' lang='lat' dir='ltr'><strong>uxorem</strong></span> 
     </span>
    </p>
   </div>
   <div class='ocr_carea' id='block_1_45' title="bbox 263 3281 1852 3361">
    <p class='ocr_par' dir='ltr' id='par_1_45' title="bbox 263 3281 1849 3354">
     <span class='ocr_line' id='line_1_45' title="bbox 263 3281 1849 3354; baseline 0 -18"><span class='ocrx_word' id='word_1_440' title='bbox 263 3283 389 3336; x_wconf 85' lang='grc' dir='ltr'><strong>λεια</strong></span> <span class='ocrx_word' id='word_1_441' title='bbox 415 3281 665 3345; x_wconf 80' lang='grc' dir='ltr'><strong>πλούτου,</strong></span> <span class='ocrx_word' id='word_1_442' title='bbox 687 3282 722 3352; x_wconf 75' lang='grc' dir='ltr'>ἦ</span> <span class='ocrx_word' id='word_1_443' title='bbox 744 3283 859 3335; x_wconf 87' lang='grc' dir='ltr'><strong>ἐστι</strong></span> <span class='ocrx_word' id='word_1_444' title='bbox 889 3282 1238 3354; x_wconf 77' lang='grc' dir='ltr'><strong>φιλαργυρία,</strong></span> <span class='ocrx_word' id='word_1_445' title='bbox 1258 3283 1351 3335; x_wconf 72' lang='grc' dir='ltr'><strong>καὶ</strong></span> <span class='ocrx_word' id='word_1_446' title='bbox 1379 3282 1690 3353; x_wconf 81' lang='grc' dir='ltr'><strong>ἐδεσμάτων</strong></span> <span class='ocrx_word' id='word_1_447' title='bbox 1720 3283 1849 3336; x_wconf 92' lang='grc' dir='ltr'><strong>πολ-</strong></span> 
     </span>
    </p>
   </div>
   <div class='ocr_carea' id='block_1_46' title="bbox 1954 3281 3519 3361">
    <p class='ocr_par' dir='ltr' id='par_1_46' title="bbox 1954 3282 3519 3361">
     <span class='ocr_line' id='line_1_46' title="bbox 1954 3282 3519 3361; baseline 0.01 -25"><span class='ocrx_word' id='word_1_448' title='bbox 1954 3282 2203 3348; x_wconf 71' lang='lat' dir='ltr'><strong>alienam,</strong></span> <span class='ocrx_word' id='word_1_449' title='bbox 2258 3284 2342 3338; x_wconf 89' lang='lat' dir='ltr'><strong>vel</strong></span> <span class='ocrx_word' id='word_1_450' title='bbox 2396 3286 2680 3343; x_wconf 90' lang='lat' dir='ltr'><strong>mulierem</strong></span> <span class='ocrx_word' id='word_1_451' title='bbox 2730 3293 3120 3361; x_wconf 88' lang='lat' dir='ltr'><strong>concupiscere</strong></span> <span class='ocrx_word' id='word_1_452' title='bbox 3158 3294 3333 3349; x_wconf 89' lang='lat' dir='ltr'><strong>virum</strong></span> <span class='ocrx_word' id='word_1_453' title='bbox 3382 3295 3519 3351; x_wconf 80' lang='lat' dir='ltr'><strong>alie-</strong></span> 
     </span>
    </p>
   </div>
   <div class='ocr_carea' id='block_1_47' title="bbox 264 3373 1852 3453">
    <p class='ocr_par' dir='ltr' id='par_1_47' title="bbox 264 3373 1849 3446">
     <span class='ocr_line' id='line_1_47' title="bbox 264 3373 1849 3446; baseline 0.001 -19"><span class='ocrx_word' id='word_1_454' title='bbox 264 3373 379 3427; x_wconf 85' lang='grc' dir='ltr'><strong>λῶν</strong></span> <span class='ocrx_word' id='word_1_455' title='bbox 402 3374 496 3427; x_wconf 71' lang='grc' dir='ltr'><strong>καὶ</strong></span> <span class='ocrx_word' id='word_1_456' title='bbox 528 3374 796 3444; x_wconf 79' lang='grc' dir='ltr'><strong>ματαίων,</strong></span> <span class='ocrx_word' id='word_1_457' title='bbox 833 3375 927 3427; x_wconf 75' lang='grc' dir='ltr'><strong>καὶ</strong></span> <span class='ocrx_word' id='word_1_458' title='bbox 953 3374 1300 3446; x_wconf 86' lang='grc' dir='ltr'><strong>μεθύσματος</strong></span> <span class='ocrx_word' id='word_1_459' title='bbox 1330 3373 1546 3437; x_wconf 82' lang='grc' dir='ltr'><strong>πολλοῦ,</strong></span> <span class='ocrx_word' id='word_1_460' title='bbox 1579 3374 1849 3446; x_wconf 77' lang='grc' dir='ltr'><strong>διαφόρων</strong></span> 
     </span>
    </p>
   </div>
   <div class='ocr_carea' id='block_1_48' title="bbox 1954 3373 3519 3453">
    <p class='ocr_par' dir='ltr' id='par_1_48' title="bbox 1954 3375 3519 3453">
     <span class='ocr_line' id='line_1_48' title="bbox 1954 3375 3519 3453; baseline 0.011 -26"><span class='ocrx_word' id='word_1_461' title='bbox 1954 3389 2111 3441; x_wconf 89' lang='lat' dir='ltr'><strong>num;</strong></span> <span class='ocrx_word' id='word_1_462' title='bbox 2149 3383 2201 3429; x_wconf 89' lang='lat' dir='ltr'><strong>et</strong></span> <span class='ocrx_word' id='word_1_463' title='bbox 2228 3375 2468 3431; x_wconf 88' lang='lat' dir='ltr'><strong>lautitias</strong></span> <span class='ocrx_word' id='word_1_464' title='bbox 2496 3380 2886 3450; x_wconf 88' lang='lat' dir='ltr'><strong>concupiscere</strong></span> <span class='ocrx_word' id='word_1_465' title='bbox 2923 3384 3260 3453; x_wconf 86' lang='lat' dir='ltr'><strong>divitiarum,</strong></span> <span class='ocrx_word' id='word_1_466' title='bbox 3289 3397 3343 3442; x_wconf 92' lang='lat' dir='ltr'><strong>et</strong></span> <span class='ocrx_word' id='word_1_467' title='bbox 3373 3388 3519 3443; x_wconf 86' lang='lat' dir='ltr'><strong>mul-</strong></span> 
     </span>
    </p>
   </div>
   <div class='ocr_carea' id='block_1_49' title="bbox 264 3464 1852 3542">
    <p class='ocr_par' dir='ltr' id='par_1_49' title="bbox 264 3464 1844 3537">
     <span class='ocr_line' id='line_1_49' title="bbox 264 3464 1844 3537; baseline 0.001 -20"><span class='ocrx_word' id='word_1_468' title='bbox 264 3464 533 3535; x_wconf 81' lang='grc' dir='ltr'><strong>γεύσεων,</strong></span> <span class='ocrx_word' id='word_1_469' title='bbox 564 3467 657 3519; x_wconf 75' lang='grc' dir='ltr'><strong>καὶ</strong></span> <span class='ocrx_word' id='word_1_470' title='bbox 697 3465 900 3536; x_wconf 77' lang='grc' dir='ltr'><strong>ἐτέρων</strong></span> <span class='ocrx_word' id='word_1_471' title='bbox 939 3466 1159 3537; x_wconf 77' lang='grc' dir='ltr'><strong>τρυφῶν</strong></span> <span class='ocrx_word' id='word_1_472' title='bbox 1198 3465 1406 3518; x_wconf 86' lang='grc' dir='ltr'><strong>πολλῶν</strong></span> <span class='ocrx_word' id='word_1_473' title='bbox 1427 3504 1441 3529; x_wconf 87' lang='grc'><em>,</em></span> <span class='ocrx_word' id='word_1_474' title='bbox 1488 3466 1579 3518; x_wconf 80' lang='grc' dir='ltr'><strong>καὶ</strong></span> <span class='ocrx_word' id='word_1_475' title='bbox 1625 3464 1844 3535; x_wconf 87' lang='grc' dir='ltr'><strong>μωρῶν,</strong></span> 
     </span>
    </p>
   </div>
   <div class='ocr_carea' id='block_1_50' title="bbox 1954 3464 3521 3542">
    <p class='ocr_par' dir='ltr' id='par_1_50' title="bbox 1954 3465 3521 3542">
     <span class='ocr_line' id='line_1_50' title="bbox 1954 3465 3521 3542; baseline 0.01 -23"><span class='ocrx_word' id='word_1_476' title='bbox 1954 3465 2234 3521; x_wconf 82' lang='lat' dir='ltr'><strong>litudinem</strong></span> <span class='ocrx_word' id='word_1_477' title='bbox 2272 3468 2519 3522; x_wconf 89' lang='lat' dir='ltr'><strong>ciborum</strong></span> <span class='ocrx_word' id='word_1_478' title='bbox 2577 3486 3067 3542; x_wconf 88' lang='lat' dir='ltr'><strong>supervacuorum,</strong></span> <span class='ocrx_word' id='word_1_479' title='bbox 3109 3488 3163 3532; x_wconf 93' lang='lat' dir='ltr'><strong>et</strong></span> <span class='ocrx_word' id='word_1_480' title='bbox 3202 3479 3521 3535; x_wconf 89' lang='lat' dir='ltr'><strong>ebrietatem</strong></span> 
     </span>
    </p>
   </div>
   <div class='ocr_carea' id='block_1_51' title="bbox 265 3556 1852 3630">
    <p class='ocr_par' dir='ltr' id='par_1_51' title="bbox 265 3556 1845 3630">
     <span class='ocr_line' id='line_1_51' title="bbox 265 3556 1845 3630; baseline -0.002 -18"><span class='ocrx_word' id='word_1_481' title='bbox 265 3559 365 3612; x_wconf 77' lang='grc' dir='ltr'><strong>καὶ</strong></span> <span class='ocrx_word' id='word_1_482' title='bbox 408 3559 565 3630; x_wconf 80' lang='grc' dir='ltr'><strong>δόξης</strong></span> <span class='ocrx_word' id='word_1_483' title='bbox 615 3558 960 3629; x_wconf 83' lang='grc' dir='ltr'><strong>ἀνθρωπίνης</strong></span> <span class='ocrx_word' id='word_1_484' title='bbox 1013 3558 1107 3611; x_wconf 71' lang='grc' dir='ltr'><strong>καὶ</strong></span> <span class='ocrx_word' id='word_1_485' title='bbox 1154 3556 1409 3628; x_wconf 84' lang='grc' dir='ltr'><strong>ματαίας.</strong></span> <span class='ocrx_word' id='word_1_486' title='bbox 1465 3558 1622 3610; x_wconf 77' lang='grc' dir='ltr'><strong>Πᾶσα</strong></span> <span class='ocrx_word' id='word_1_487' title='bbox 1664 3556 1845 3628; x_wconf 81' lang='grc' dir='ltr'><strong>τρυφὴ</strong></span> 
     </span>
    </p>
   </div>
   <div class='ocr_carea' id='block_1_52' title="bbox 1954 3556 3519 3630">
    <p class='ocr_par' dir='ltr' id='par_1_52' title="bbox 1954 3558 3519 3628">
     <span class='ocr_line' id='line_1_52' title="bbox 1954 3558 3519 3628; baseline 0.01 -16"><span class='ocrx_word' id='word_1_488' title='bbox 1954 3558 2198 3627; x_wconf 87' lang='lat' dir='ltr'><strong>multam,</strong></span> <span class='ocrx_word' id='word_1_489' title='bbox 2230 3568 2283 3615; x_wconf 90' lang='lat' dir='ltr'><strong>et</strong></span> <span class='ocrx_word' id='word_1_490' title='bbox 2317 3560 2541 3617; x_wconf 87' lang='lat' dir='ltr'><strong>delicias</strong></span> <span class='ocrx_word' id='word_1_491' title='bbox 2568 3564 2790 3619; x_wconf 89' lang='lat' dir='ltr'><strong>multas.</strong></span> <span class='ocrx_word' id='word_1_492' title='bbox 2830 3564 3017 3623; x_wconf 77' lang='lat' dir='ltr'><strong>Fatua:</strong></span> <span class='ocrx_word' id='word_1_493' title='bbox 3049 3571 3194 3624; x_wconf 88' lang='lat' dir='ltr'><strong>enim</strong></span> <span class='ocrx_word' id='word_1_494' title='bbox 3223 3580 3352 3627; x_wconf 86' lang='lat' dir='ltr'><strong>sunt</strong></span> <span class='ocrx_word' id='word_1_495' title='bbox 3379 3574 3519 3628; x_wconf 88' lang='lat' dir='ltr'><strong>deli-</strong></span> 
     </span>
    </p>
   </div>
   <div class='ocr_carea' id='block_1_53' title="bbox 268 3648 1852 3732">
    <p class='ocr_par' dir='ltr' id='par_1_53' title="bbox 268 3648 1523 3722">
     <span class='ocr_line' id='line_1_53' title="bbox 268 3648 1523 3722; baseline -0.002 -18"><span class='ocrx_word' id='word_1_496' title='bbox 268 3650 434 3721; x_wconf 86' lang='grc' dir='ltr'><strong>μωρά</strong></span> <span class='ocrx_word' id='word_1_497' title='bbox 462 3651 577 3703; x_wconf 82' lang='grc' dir='ltr'><strong>ἐστι</strong></span> <span class='ocrx_word' id='word_1_498' title='bbox 605 3652 698 3703; x_wconf 76' lang='grc' dir='ltr'><strong>καὶ</strong></span> <span class='ocrx_word' id='word_1_499' title='bbox 725 3651 856 3722; x_wconf 83' lang='grc' dir='ltr'>κενὴ</span> <span class='ocrx_word' id='word_1_500' title='bbox 884 3652 996 3714; x_wconf 81' lang='grc' dir='ltr'><strong>τοῖς</strong></span> <span class='ocrx_word' id='word_1_501' title='bbox 1016 3648 1221 3713; x_wconf 84' lang='grc' dir='ltr'><strong>δούλοις</strong></span> <span class='ocrx_word' id='word_1_502' title='bbox 1249 3648 1344 3703; x_wconf 77' lang='grc' dir='ltr'><strong>τοῦ</strong></span> <span class='ocrx_word' id='word_1_503' title='bbox 1367 3648 1523 3702; x_wconf 81' lang='grc' dir='ltr'><strong>Θεοῦ.</strong></span> 
     </span>
    </p>
   </div>
   <div class='ocr_carea' id='block_1_54' title="bbox 1954 3648 3520 3732">
    <p class='ocr_par' dir='ltr' id='par_1_54' title="bbox 1954 3650 3520 3732">
     <span class='ocr_line' id='line_1_54' title="bbox 1954 3650 3520 3732; baseline 0.008 -26"><span class='ocrx_word' id='word_1_504' title='bbox 1954 3650 2042 3707; x_wconf 79' lang='lat' dir='ltr'><strong>ciae</strong></span> <span class='ocrx_word' id='word_1_505' title='bbox 2068 3652 2182 3722; x_wconf 72' lang='grc'>(14)</span> <span class='ocrx_word' id='word_1_506' title='bbox 2231 3652 2451 3720; x_wconf 68' lang='lat' dir='ltr'><strong>multae;</strong></span> <span class='ocrx_word' id='word_1_507' title='bbox 2490 3661 2546 3708; x_wconf 85' lang='lat' dir='ltr'><strong>et</strong></span> <span class='ocrx_word' id='word_1_508' title='bbox 2588 3654 2894 3726; x_wconf 84' lang='lat' dir='ltr'><strong>voluptates</strong></span> <span class='ocrx_word' id='word_1_509' title='bbox 2934 3660 3123 3715; x_wconf 74' lang='lat' dir='ltr'><strong>multa:</strong></span> <span class='ocrx_word' id='word_1_510' title='bbox 3166 3676 3520 3732; x_wconf 70' lang='lat' dir='ltr'><strong>supervacua:</strong></span> 
     </span>
    </p>
   </div>
   <div class='ocr_carea' id='block_1_55' title="bbox 1942 3742 2415 3803">
    <p class='ocr_par' dir='ltr' id='par_1_55' title="bbox 1942 3742 2415 3803">
     <span class='ocr_line' id='line_1_55' title="bbox 1942 3742 2415 3803; baseline 0.006 -8"><span class='ocrx_word' id='word_1_511' title='bbox 1942 3750 2071 3796; x_wconf 91' lang='lat' dir='ltr'><strong>sunt</strong></span> <span class='ocrx_word' id='word_1_512' title='bbox 2100 3744 2271 3803; x_wconf 89' lang='lat' dir='ltr'><strong>servis</strong></span> <span class='ocrx_word' id='word_1_513' title='bbox 2299 3742 2415 3799; x_wconf 90' lang='lat' dir='ltr'><strong>Dei.</strong></span> 
     </span>
    </p>
   </div>
   <div class='ocr_carea' id='block_1_56' title="bbox 341 3824 3520 3911">
    <p class='ocr_par' dir='ltr' id='par_1_56' title="bbox 341 3824 3520 3911">
     <span class='ocr_line' id='line_1_56' title="bbox 341 3824 3520 3911; baseline 0.008 -31"><span class='ocrx_word' id='word_1_514' title='bbox 341 3824 469 3882; x_wconf 69' lang='lat' dir='ltr'><strong>Haec</strong></span> <span class='ocrx_word' id='word_1_515' title='bbox 488 3842 617 3897; x_wconf 82' lang='lat' dir='ltr'><strong>ergo</strong></span> <span class='ocrx_word' id='word_1_516' title='bbox 638 3828 908 3897; x_wconf 83' lang='lat' dir='ltr'><strong>cupiditas</strong></span> <span class='ocrx_word' id='word_1_517' title='bbox 938 3828 1081 3883; x_wconf 87' lang='lat' dir='ltr'><strong>mala</strong></span> <span class='ocrx_word' id='word_1_518' title='bbox 1110 3837 1194 3884; x_wconf 90' lang='lat' dir='ltr'><strong>est</strong></span> <span class='ocrx_word' id='word_1_519' title='bbox 1218 3838 1273 3885; x_wconf 88' lang='lat' dir='ltr'><strong>et</strong></span> <span class='ocrx_word' id='word_1_520' title='bbox 1302 3829 1630 3900; x_wconf 87' lang='lat' dir='ltr'><strong>perniciosa,</strong></span> <span class='ocrx_word' id='word_1_521' title='bbox 1652 3848 1775 3903; x_wconf 63' lang='lat' dir='ltr'><strong>quae</strong></span> <span class='ocrx_word' id='word_1_522' title='bbox 1797 3835 2088 3893; x_wconf 84' lang='lat' dir='ltr'><strong>mortificat</strong></span> <span class='ocrx_word' id='word_1_523' title='bbox 2117 3838 2229 3908; x_wconf 82' lang='grc'>(15)</span> <span class='ocrx_word' id='word_1_524' title='bbox 2248 3854 2435 3896; x_wconf 90' lang='lat' dir='ltr'><strong>servos</strong></span> <span class='ocrx_word' id='word_1_525' title='bbox 2462 3839 2580 3896; x_wconf 91' lang='lat' dir='ltr'><strong>Dei.</strong></span> <span class='ocrx_word' id='word_1_526' title='bbox 2614 3841 2741 3901; x_wconf 66' lang='lat' dir='ltr'><strong>Haec</strong></span> <span class='ocrx_word' id='word_1_527' title='bbox 2760 3839 2910 3900; x_wconf 79' lang='lat' dir='ltr'><strong>enim</strong></span> <span class='ocrx_word' id='word_1_528' title='bbox 2936 3842 3206 3911; x_wconf 69' lang='lat' dir='ltr'><strong>Cupiditas</strong></span> <span class='ocrx_word' id='word_1_529' title='bbox 3239 3859 3271 3898; x_wconf 69' lang='grc' dir='ltr'><strong>α</strong></span> <span class='ocrx_word' id='word_1_530' title='bbox 3298 3844 3520 3898; x_wconf 73' lang='lat' dir='ltr'><strong>diabolo</strong></span> 
     </span>
    </p>
   </div>
   <div class='ocr_carea' id='block_1_57' title="bbox 268 3922 3519 4008">
    <p class='ocr_par' dir='ltr' id='par_1_57' title="bbox 268 3922 3519 4008">
     <span class='ocr_line' id='line_1_57' title="bbox 268 3922 3519 4008; baseline 0.004 -31"><span class='ocrx_word' id='word_1_531' title='bbox 268 3930 373 3978; x_wconf 85' lang='lat' dir='ltr'><strong>est.</strong></span> <span class='ocrx_word' id='word_1_532' title='bbox 403 3922 728 3994; x_wconf 86' lang='lat' dir='ltr'><strong>Quicunque</strong></span> <span class='ocrx_word' id='word_1_533' title='bbox 753 3939 883 3993; x_wconf 78' lang='lat' dir='ltr'><strong>ergo</strong></span> <span class='ocrx_word' id='word_1_534' title='bbox 903 3923 1230 3979; x_wconf 88' lang='lat' dir='ltr'><strong>recesserint</strong></span> <span class='ocrx_word' id='word_1_535' title='bbox 1255 3940 1284 3978; x_wconf 86' lang='lat' dir='ltr'><strong>a</strong></span> <span class='ocrx_word' id='word_1_536' title='bbox 1307 3925 1604 3995; x_wconf 87' lang='lat' dir='ltr'><strong>cupiditate</strong></span> <span class='ocrx_word' id='word_1_537' title='bbox 1627 3929 1791 3995; x_wconf 87' lang='lat' dir='ltr'><strong>mala,</strong></span> <span class='ocrx_word' id='word_1_538' title='bbox 1820 3929 2006 3986; x_wconf 86' lang='lat' dir='ltr'><strong>vivent</strong></span> <span class='ocrx_word' id='word_1_539' title='bbox 2034 3932 2163 3987; x_wconf 86' lang='lat' dir='ltr'><strong>Deo.</strong></span> <span class='ocrx_word' id='word_1_540' title='bbox 2198 3932 2334 3999; x_wconf 63' lang='lat' dir='ltr'><strong>Nam</strong></span> <span class='ocrx_word' id='word_1_541' title='bbox 2363 3937 2678 4008; x_wconf 89' lang='lat' dir='ltr'><strong>quicunque</strong></span> <span class='ocrx_word' id='word_1_542' title='bbox 2720 3937 2950 4008; x_wconf 85' lang='lat' dir='ltr'><strong>subjeeti</strong></span> <span class='ocrx_word' id='word_1_543' title='bbox 2983 3937 3188 3991; x_wconf 87' lang='lat' dir='ltr'><strong>fuerint</strong></span> <span class='ocrx_word' id='word_1_544' title='bbox 3232 3936 3519 4006; x_wconf 85' lang='lat' dir='ltr'><strong>cupiditati</strong></span> 
     </span>
    </p>
   </div>
   <div class='ocr_carea' id='block_1_58' title="bbox 269 4015 3513 4106">
    <p class='ocr_par' dir='ltr' id='par_1_58' title="bbox 269 4015 3513 4106">
     <span class='ocr_line' id='line_1_58' title="bbox 269 4015 3513 4106; baseline 0.007 -39"><span class='ocrx_word' id='word_1_545' title='bbox 269 4015 452 4106; x_wconf 66' lang='lat' dir='ltr'><strong>malai,</strong></span> <span class='ocrx_word' id='word_1_546' title='bbox 480 4015 533 4069; x_wconf 91' lang='lat' dir='ltr'><strong>in</strong></span> <span class='ocrx_word' id='word_1_547' title='bbox 559 4024 877 4085; x_wconf 88' lang='lat' dir='ltr'><strong>perpetuum</strong></span> <span class='ocrx_word' id='word_1_548' title='bbox 905 4020 1227 4074; x_wconf 88' lang='lat' dir='ltr'><strong>morientur.</strong></span> <span class='ocrx_word' id='word_1_549' title='bbox 1253 4018 1530 4077; x_wconf 83' lang='lat' dir='ltr'><strong>Mortifera</strong></span> <span class='ocrx_word' id='word_1_550' title='bbox 1560 4024 1705 4077; x_wconf 90' lang='lat' dir='ltr'><strong>enim</strong></span> <span class='ocrx_word' id='word_1_551' title='bbox 1735 4035 1822 4079; x_wconf 90' lang='lat' dir='ltr'><strong>est</strong></span> <span class='ocrx_word' id='word_1_552' title='bbox 1856 4026 1973 4082; x_wconf 68' lang='lat' dir='ltr'><strong>haec</strong></span> <span class='ocrx_word' id='word_1_553' title='bbox 1993 4030 2265 4098; x_wconf 87' lang='lat' dir='ltr'><strong>cupiditas</strong></span> <span class='ocrx_word' id='word_1_554' title='bbox 2292 4033 2454 4087; x_wconf 87' lang='lat' dir='ltr'><strong>mala.</strong></span> <span class='ocrx_word' id='word_1_555' title='bbox 2492 4032 2573 4087; x_wconf 89' lang='lat' dir='ltr'><strong>Tu</strong></span> <span class='ocrx_word' id='word_1_556' title='bbox 2608 4049 2741 4106; x_wconf 87' lang='lat' dir='ltr'><strong>ergo</strong></span> <span class='ocrx_word' id='word_1_557' title='bbox 2773 4035 2938 4091; x_wconf 87' lang='lat' dir='ltr'><strong>indue</strong></span> <span class='ocrx_word' id='word_1_558' title='bbox 2965 4034 3316 4104; x_wconf 89' lang='lat' dir='ltr'><strong>cupiditatem</strong></span> <span class='ocrx_word' id='word_1_559' title='bbox 3340 4033 3513 4103; x_wconf 81' lang='lat' dir='ltr'><strong>justi-</strong></span> 
     </span>
    </p>
   </div>
   <div class='ocr_carea' id='block_1_59' title="bbox 270 4105 3510 4197">
    <p class='ocr_par' dir='ltr' id='par_1_59' title="bbox 270 4105 3510 4197">
     <span class='ocr_line' id='line_1_59' title="bbox 270 4105 3510 4197; baseline 0.006 -38"><span class='ocrx_word' id='word_1_560' title='bbox 270 4105 400 4171; x_wconf 73' lang='lat' dir='ltr'><strong>tite;</strong></span> <span class='ocrx_word' id='word_1_561' title='bbox 426 4113 479 4158; x_wconf 89' lang='lat' dir='ltr'><strong>et</strong></span> <span class='ocrx_word' id='word_1_562' title='bbox 501 4114 745 4159; x_wconf 84' lang='lat' dir='ltr'><strong>armatus</strong></span> <span class='ocrx_word' id='word_1_563' title='bbox 778 4107 971 4161; x_wconf 88' lang='lat' dir='ltr'><strong>timore</strong></span> <span class='ocrx_word' id='word_1_564' title='bbox 997 4106 1234 4175; x_wconf 89' lang='lat' dir='ltr'><strong>Domini,</strong></span> <span class='ocrx_word' id='word_1_565' title='bbox 1258 4109 1453 4165; x_wconf 90' lang='lat' dir='ltr'><strong>resiste</strong></span> <span class='ocrx_word' id='word_1_566' title='bbox 1481 4113 1767 4185; x_wconf 86' lang='lat' dir='ltr'><strong>cupiditati</strong></span> <span class='ocrx_word' id='word_1_567' title='bbox 1809 4118 1985 4171; x_wconf 68' lang='lat' dir='ltr'><strong>malm.</strong></span> <span class='ocrx_word' id='word_1_568' title='bbox 2020 4117 2207 4175; x_wconf 89' lang='lat' dir='ltr'><strong>Timor</strong></span> <span class='ocrx_word' id='word_1_569' title='bbox 2234 4124 2380 4177; x_wconf 91' lang='lat' dir='ltr'><strong>enim</strong></span> <span class='ocrx_word' id='word_1_570' title='bbox 2412 4126 2623 4180; x_wconf 85' lang='lat' dir='ltr'><strong>habitat</strong></span> <span class='ocrx_word' id='word_1_571' title='bbox 2651 4105 2707 4181; x_wconf 84' lang='lat' dir='ltr'><strong>in</strong></span> <span class='ocrx_word' id='word_1_572' title='bbox 2734 4127 3030 4197; x_wconf 87' lang='lat' dir='ltr'><strong>cupiditate</strong></span> <span class='ocrx_word' id='word_1_573' title='bbox 3061 4127 3222 4181; x_wconf 84' lang='lat' dir='ltr'><strong>bona.</strong></span> <span class='ocrx_word' id='word_1_574' title='bbox 3252 4125 3319 4180; x_wconf 85' lang='lat' dir='ltr'><strong>Et</strong></span> <span class='ocrx_word' id='word_1_575' title='bbox 3352 4127 3510 4195; x_wconf 85' lang='lat' dir='ltr'><strong>cupi-</strong></span> 
     </span>
    </p>
   </div>
   <div class='ocr_carea' id='block_1_60' title="bbox 267 4204 3599 4296">
    <p class='ocr_par' dir='ltr' id='par_1_60' title="bbox 267 4204 3599 4296">
     <span class='ocr_line' id='line_1_60' title="bbox 267 4204 3599 4296; baseline 0.005 -35"><span class='ocrx_word' id='word_1_576' title='bbox 267 4204 414 4263; x_wconf 79' lang='lat' dir='ltr'><strong>ditas</strong></span> <span class='ocrx_word' id='word_1_577' title='bbox 442 4205 607 4273; x_wconf 88' lang='lat' dir='ltr'><strong>mala,</strong></span> <span class='ocrx_word' id='word_1_578' title='bbox 640 4221 762 4260; x_wconf 90' lang='lat' dir='ltr'><strong>cum</strong></span> <span class='ocrx_word' id='word_1_579' title='bbox 796 4205 991 4261; x_wconf 88' lang='lat' dir='ltr'><strong>viderit</strong></span> <span class='ocrx_word' id='word_1_580' title='bbox 1013 4215 1065 4261; x_wconf 90' lang='lat' dir='ltr'><strong>te</strong></span> <span class='ocrx_word' id='word_1_581' title='bbox 1086 4216 1356 4262; x_wconf 88' lang='lat' dir='ltr'><strong>armatum</strong></span> <span class='ocrx_word' id='word_1_582' title='bbox 1382 4209 1575 4266; x_wconf 89' lang='lat' dir='ltr'><strong>timore</strong></span> <span class='ocrx_word' id='word_1_583' title='bbox 1610 4210 1827 4268; x_wconf 92' lang='lat' dir='ltr'><strong>Domini</strong></span> <span class='ocrx_word' id='word_1_584' title='bbox 1859 4217 2147 4273; x_wconf 87' lang='lat' dir='ltr'><strong>resistente</strong></span> <span class='ocrx_word' id='word_1_585' title='bbox 2180 4219 2293 4291; x_wconf 85' lang='grc'>(16)</span> <span class='ocrx_word' id='word_1_586' title='bbox 2327 4222 2452 4290; x_wconf 87' lang='lat' dir='ltr'><strong>sibi,</strong></span> <span class='ocrx_word' id='word_1_587' title='bbox 2488 4223 2659 4295; x_wconf 83' lang='lat' dir='ltr'><strong>fugiet</strong></span> <span class='ocrx_word' id='word_1_588' title='bbox 2690 4239 2724 4279; x_wconf 69' lang='grc' dir='ltr'>ι</span> <span class='ocrx_word' id='word_1_589' title='bbox 2761 4234 2817 4280; x_wconf 80' lang='lat' dir='ltr'><strong>te</strong></span> <span class='ocrx_word' id='word_1_590' title='bbox 2841 4227 3021 4294; x_wconf 84' lang='lat' dir='ltr'><strong>longe,</strong></span> <span class='ocrx_word' id='word_1_591' title='bbox 3064 4233 3121 4279; x_wconf 84' lang='lat' dir='ltr'><strong>et</strong></span> <span class='ocrx_word' id='word_1_592' title='bbox 3154 4239 3263 4278; x_wconf 93' lang='lat' dir='ltr'><strong>non</strong></span> <span class='ocrx_word' id='word_1_593' title='bbox 3291 4239 3517 4296; x_wconf 71' lang='lat' dir='ltr'><strong>eosnpa~</strong></span> <span class='ocrx_word' id='word_1_594' title='bbox 3592 4220 3599 4231; x_wconf 71' lang='grc'><strong>“</strong></span> 
     </span>
    </p>
   </div>
   <div class='ocr_carea' id='block_1_61' title="bbox 1368 4352 2413 4418">
    <p class='ocr_par' dir='ltr' id='par_1_61' title="bbox 1368 4352 2413 4418">
     <span class='ocr_line' id='line_1_61' title="bbox 1368 4352 2413 4418; baseline 0.009 -9"><span class='ocrx_word' id='word_1_595' title='bbox 1368 4352 1602 4409; x_wconf 74' lang='lat' dir='ltr'><strong>VARUE</strong></span> <span class='ocrx_word' id='word_1_596' title='bbox 1642 4352 2023 4414; x_wconf 80' lang='lat' dir='ltr'><strong>LECTIONES</strong></span> <span class='ocrx_word' id='word_1_597' title='bbox 2056 4358 2146 4415; x_wconf 87' lang='lat' dir='ltr'><strong>ET</strong></span> <span class='ocrx_word' id='word_1_598' title='bbox 2183 4359 2413 4418; x_wconf 66' lang='lat' dir='ltr'><strong>NOT/E.</strong></span> 
     </span>
    </p>
   </div>
   <div class='ocr_carea' id='block_1_62' title="bbox 342 4488 3521 4574">
    <p class='ocr_par' dir='ltr' id='par_1_62' title="bbox 342 4488 3521 4574">
     <span class='ocr_line' id='line_1_62' title="bbox 342 4488 3521 4574; baseline 0.005 -32"><span class='ocrx_word' id='word_1_599' title='bbox 342 4488 1178 4574; x_wconf 30' lang='lat' dir='ltr'><strong>(991‘Lambzcupiditatebona,</strong></span> <span class='ocrx_word' id='word_1_600' title='bbox 1209 4491 1374 4574; x_wconf 51' lang='lat' dir='ltr'><strong>adies.</strong></span> <span class='ocrx_word' id='word_1_601' title='bbox 1456 4562 1468 4574; x_wconf 79' lang='lat'>_</span> <span class='ocrx_word' id='word_1_602' title='bbox 1582 4564 1639 4574; x_wconf 85' lang='lat'><strong>__</strong></span> <span class='ocrx_word' id='word_1_603' title='bbox 1658 4565 1696 4574; x_wconf 47' lang='grc' dir='ltr'>η</span> <span class='ocrx_word' id='word_1_604' title='bbox 1869 4503 1911 4561; x_wconf 84' lang='lat' dir='ltr'><strong><em>C</em></strong></span> <span class='ocrx_word' id='word_1_605' title='bbox 1945 4497 2071 4574; x_wconf 82' lang='lat' dir='ltr'><strong>hinc</strong></span> <span class='ocrx_word' id='word_1_606' title='bbox 2096 4499 2443 4574; x_wconf 70' lang='lat' dir='ltr'><strong>removenda,</strong></span> <span class='ocrx_word' id='word_1_607' title='bbox 2476 4510 2529 4557; x_wconf 92' lang='lat' dir='ltr'><strong>et</strong></span> <span class='ocrx_word' id='word_1_608' title='bbox 2557 4502 2612 4556; x_wconf 92' lang='lat' dir='ltr'><strong>in</strong></span> <span class='ocrx_word' id='word_1_609' title='bbox 2636 4501 2950 4574; x_wconf 74' lang='lat' dir='ltr'><strong>mandatam</strong></span> <span class='ocrx_word' id='word_1_610' title='bbox 2974 4501 3285 4570; x_wconf 69' lang='lat' dir='ltr'><strong>pmcedens</strong></span> <span class='ocrx_word' id='word_1_611' title='bbox 3314 4502 3521 4558; x_wconf 85' lang='lat' dir='ltr'><strong>immit-</strong></span> 
     </span>
    </p>
   </div>
   <div class='ocr_carea' id='block_1_63' title="bbox 370 4560 3479 4640">
    <p class='ocr_par' dir='ltr' id='par_1_63' title="bbox 370 4560 3479 4640">
     <span class='ocr_line' id='line_1_63' title="bbox 370 4560 3479 4640; baseline 0.005 -26"><span class='ocrx_word' id='word_1_612' title='bbox 370 4561 495 4640; x_wconf 73' lang='grc' dir='ltr'><strong>ωο)</strong></span> <span class='ocrx_word' id='word_1_613' title='bbox 526 4560 581 4615; x_wconf 93' lang='lat' dir='ltr'><strong>ln</strong></span> <span class='ocrx_word' id='word_1_614' title='bbox 605 4560 769 4640; x_wconf 73' lang='lat' dir='ltr'><strong>editis</strong></span> <span class='ocrx_word' id='word_1_615' title='bbox 793 4560 881 4640; x_wconf 75' lang='lat' dir='ltr'><strong>hic</strong></span> <span class='ocrx_word' id='word_1_616' title='bbox 912 4560 1396 4640; x_wconf 40' lang='grc' dir='ltr'><strong>ἱμείρων-ϐηθοὲ</strong></span> <span class='ocrx_word' id='word_1_617' title='bbox 1426 4562 1506 4640; x_wconf 60' lang='lat' dir='ltr'><strong>sic</strong></span> <span class='ocrx_word' id='word_1_618' title='bbox 1536 4578 1565 4640; x_wconf 79' lang='lat'><strong>:_</strong></span> <span class='ocrx_word' id='word_1_619' title='bbox 1582 4564 1837 4640; x_wconf 68' lang='grc' dir='ltr'><strong>Μάλιοτα</strong></span> <span class='ocrx_word' id='word_1_620' title='bbox 1887 4560 1894 4561; x_wconf 24' lang='grc' dir='ltr'><strong>ί</strong></span> <span class='ocrx_word' id='word_1_621' title='bbox 1945 4569 2222 4640; x_wconf 39' lang='grc' dir='ltr'><strong>ῑεηιιονεκ</strong></span> <span class='ocrx_word' id='word_1_622' title='bbox 2258 4560 2451 4626; x_wconf 84' lang='lat' dir='ltr'><strong>Wakio</strong></span> <span class='ocrx_word' id='word_1_623' title='bbox 2484 4572 2797 4628; x_wconf 89' lang='lat' dir='ltr'><strong>monuimus</strong></span> <span class='ocrx_word' id='word_1_624' title='bbox 2827 4572 2895 4625; x_wconf 90' lang='lat' dir='ltr'><strong>ad</strong></span> <span class='ocrx_word' id='word_1_625' title='bbox 2922 4560 3106 4626; x_wconf 75' lang='lat' dir='ltr'><strong>mand.</strong></span> <span class='ocrx_word' id='word_1_626' title='bbox 3142 4588 3219 4637; x_wconf 69' lang='grc' dir='ltr'><strong>χι,</strong></span> <span class='ocrx_word' id='word_1_627' title='bbox 3244 4583 3359 4628; x_wconf 88' lang='lat' dir='ltr'><strong>not.</strong></span> <span class='ocrx_word' id='word_1_628' title='bbox 3389 4574 3479 4631; x_wconf 74' lang='grc'><strong>84.</strong></span> 
     </span>
    </p>
   </div>
   <div class='ocr_carea' id='block_1_64' title="bbox 266 4629 1852 4709">
    <p class='ocr_par' dir='ltr' id='par_1_64' title="bbox 266 4629 1839 4709">
     <span class='ocr_line' id='line_1_64' title="bbox 266 4629 1839 4709; baseline 0.001 -22"><span class='ocrx_word' id='word_1_629' title='bbox 266 4629 411 4709; x_wconf 45' lang='lat' dir='ltr'><strong>eia):</strong></span> <span class='ocrx_word' id='word_1_630' title='bbox 448 4629 680 4709; x_wconf 63' lang='lat' dir='ltr'><strong>spissae?</strong></span> <span class='ocrx_word' id='word_1_631' title='bbox 713 4631 794 4693; x_wconf 76' lang='grc' dir='ltr'><strong>εἰς</strong></span> <span class='ocrx_word' id='word_1_632' title='bbox 819 4629 988 4709; x_wconf 59' lang='grc' dir='ltr'><strong>αυτὴν</strong></span> <span class='ocrx_word' id='word_1_633' title='bbox 1022 4632 1050 4683; x_wconf 88' lang='grc' dir='ltr'>ὁ</span> <span class='ocrx_word' id='word_1_634' title='bbox 1083 4631 1266 4709; x_wconf 77' lang='grc' dir='ltr'><strong>δοῦλος</strong></span> <span class='ocrx_word' id='word_1_635' title='bbox 1302 4631 1398 4686; x_wconf 81' lang='grc' dir='ltr'><strong>τοῦ</strong></span> <span class='ocrx_word' id='word_1_636' title='bbox 1432 4631 1588 4709; x_wconf 55' lang='grc' dir='ltr'><strong>Θεοῦ,</strong></span> <span class='ocrx_word' id='word_1_637' title='bbox 1622 4636 1717 4689; x_wconf 73' lang='grc' dir='ltr'><strong>καὶ</strong></span> <span class='ocrx_word' id='word_1_638' title='bbox 1744 4636 1839 4709; x_wconf 84' lang='grc' dir='ltr'><strong>ἐὰν</strong></span> 
     </span>
    </p>
   </div>
   <div class='ocr_carea' id='block_1_65' title="bbox 1954 4629 2989 4709">
    <p class='ocr_par' dir='ltr' id='par_1_65' title="bbox 2017 4629 2989 4709">
     <span class='ocr_line' id='line_1_65' title="bbox 2017 4629 2989 4709; baseline 0.001 -14"><span class='ocrx_word' id='word_1_639' title='bbox 2017 4641 2094 4709; x_wconf 75' lang='grc'>(5)</span> <span class='ocrx_word' id='word_1_640' title='bbox 2115 4629 2217 4697; x_wconf 86' lang='lat' dir='ltr'><strong>Sic</strong></span> <span class='ocrx_word' id='word_1_641' title='bbox 2242 4640 2373 4696; x_wconf 86' lang='lat' dir='ltr'><strong>Felli</strong></span> <span class='ocrx_word' id='word_1_642' title='bbox 2409 4643 2538 4695; x_wconf 87' lang='lat' dir='ltr'><strong>edit.</strong></span> <span class='ocrx_word' id='word_1_643' title='bbox 2564 4643 2740 4697; x_wconf 79' lang='lat' dir='ltr'><strong>Oxon.</strong></span> <span class='ocrx_word' id='word_1_644' title='bbox 2773 4643 2858 4696; x_wconf 82' lang='lat' dir='ltr'><strong>Al.</strong></span> <span class='ocrx_word' id='word_1_645' title='bbox 2891 4644 2989 4696; x_wconf 84' lang='lat' dir='ltr'><strong>ita.</strong></span> 
     </span>
    </p>
   </div>
   <div class='ocr_carea' id='block_1_66' title="bbox 269 4699 1852 4785">
    <p class='ocr_par' dir='ltr' id='par_1_66' title="bbox 269 4699 1840 4785">
     <span class='ocr_line' id='line_1_66' title="bbox 269 4699 1840 4785; baseline 0.003 -29"><span class='ocrx_word' id='word_1_646' title='bbox 269 4699 404 4776; x_wconf 79' lang='grc' dir='ltr'><strong>μ.ὴῇ</strong></span> <span class='ocrx_word' id='word_1_647' title='bbox 435 4699 671 4785; x_wconf 47' lang='lat' dir='ltr'><strong>caveres,</strong></span> <span class='ocrx_word' id='word_1_648' title='bbox 702 4718 755 4754; x_wconf 87' lang='grc' dir='ltr'><strong>κ.</strong></span> <span class='ocrx_word' id='word_1_649' title='bbox 774 4719 833 4785; x_wconf 66' lang='grc' dir='ltr'><strong>Δτ.</strong></span> <span class='ocrx_word' id='word_1_650' title='bbox 858 4699 1110 4770; x_wconf 60' lang='grc' dir='ltr'><strong>λη’(ιυω,</strong></span> <span class='ocrx_word' id='word_1_651' title='bbox 1150 4703 1198 4757; x_wconf 91' lang='lat' dir='ltr'><strong>si</strong></span> <span class='ocrx_word' id='word_1_652' title='bbox 1242 4718 1427 4785; x_wconf 73' lang='lat' dir='ltr'><strong>vocem</strong></span> <span class='ocrx_word' id='word_1_653' title='bbox 1473 4704 1717 4785; x_wconf 74' lang='lat' dir='ltr'><strong>ultimam</strong></span> <span class='ocrx_word' id='word_1_654' title='bbox 1747 4707 1840 4760; x_wconf 90' lang='lat' dir='ltr'><strong>de-</strong></span> 
     </span>
    </p>
   </div>
   <div class='ocr_carea' id='block_1_67' title="bbox 1954 4699 3409 4785">
    <p class='ocr_par' dir='ltr' id='par_1_67' title="bbox 2017 4699 3409 4785">
     <span class='ocr_line' id='line_1_67' title="bbox 2017 4699 3409 4785; baseline 0.004 -21"><span class='ocrx_word' id='word_1_655' title='bbox 2122 4711 2314 4785; x_wconf 76' lang='lat' dir='ltr'><strong>_L_amb.</strong></span> <span class='ocrx_word' id='word_1_656' title='bbox 2346 4712 2578 4785; x_wconf 77' lang='lat' dir='ltr'><strong>Spiritus</strong></span> <span class='ocrx_word' id='word_1_657' title='bbox 2601 4715 2898 4779; x_wconf 80' lang='lat' dir='ltr'><strong>desursum,</strong></span> <span class='ocrx_word' id='word_1_658' title='bbox 2931 4711 3172 4780; x_wconf 83' lang='lat' dir='ltr'><strong>omissis,</strong></span> <span class='ocrx_word' id='word_1_659' title='bbox 3195 4714 3287 4785; x_wconf 87' lang='lat' dir='ltr'><strong>qui</strong></span> <span class='ocrx_word' id='word_1_660' title='bbox 3313 4724 3409 4769; x_wconf 86' lang='lat' dir='ltr'><strong>est.</strong></span> 
     </span>
    </p>
   </div>
   <div class='ocr_carea' id='block_1_68' title="bbox 266 4773 3023 4853">
    <p class='ocr_par' dir='ltr' id='par_1_68' title="bbox 266 4773 3023 4853">
     <span class='ocr_line' id='line_1_68' title="bbox 266 4773 3023 4853; baseline 0.001 -24"><span class='ocrx_word' id='word_1_661' title='bbox 266 4773 411 4853; x_wconf 77' lang='lat' dir='ltr'><strong>inas,</strong></span> <span class='ocrx_word' id='word_1_662' title='bbox 444 4773 634 4827; x_wconf 91' lang='lat' dir='ltr'><strong>nullibi</strong></span> <span class='ocrx_word' id='word_1_663' title='bbox 670 4779 931 4853; x_wconf 47' lang='lat' dir='ltr'><strong>exstant,</strong></span> <span class='ocrx_word' id='word_1_664' title='bbox 956 4787 1132 4853; x_wconf 77' lang='lat' dir='ltr'><strong>neque</strong></span> <span class='ocrx_word' id='word_1_665' title='bbox 1180 4774 1323 4853; x_wconf 55' lang='lat' dir='ltr'><strong>apud</strong></span> <span class='ocrx_word' id='word_1_666' title='bbox 1356 4773 1840 4853; x_wconf 70' lang='lat' dir='ltr'><strong>pseudo-Athana-</strong></span> <span class='ocrx_word' id='word_1_667' title='bbox 2017 4773 2095 4853; x_wconf 57' lang='grc' dir='ltr'>(ἶ)</span> <span class='ocrx_word' id='word_1_668' title='bbox 2118 4781 2248 4853; x_wconf 65' lang='lat' dir='ltr'><strong>Mss.</strong></span> <span class='ocrx_word' id='word_1_669' title='bbox 2281 4773 2437 4853; x_wconf 68' lang='lat' dir='ltr'><strong>Ang&#39;l.</strong></span> <span class='ocrx_word' id='word_1_670' title='bbox 2476 4773 3023 4837; x_wconf 65' lang='lat' dir='ltr'><strong>omniumhominum.</strong></span> 
     </span>
    </p>
   </div>
   <div class='ocr_carea' id='block_1_69' title="bbox 266 4842 2918 4926">
    <p class='ocr_par' dir='ltr' id='par_1_69' title="bbox 266 4842 2918 4926">
     <span class='ocr_line' id='line_1_69' title="bbox 266 4842 2918 4926; baseline 0.004 -27"><span class='ocrx_word' id='word_1_671' title='bbox 266 4845 412 4926; x_wconf 78' lang='lat' dir='ltr'><strong>sium</strong></span> <span class='ocrx_word' id='word_1_672' title='bbox 444 4859 618 4926; x_wconf 83' lang='lat' dir='ltr'><strong>neque</strong></span> <span class='ocrx_word' id='word_1_673' title='bbox 644 4842 793 4926; x_wconf 74' lang='lat' dir='ltr'><strong>apud</strong></span> <span class='ocrx_word' id='word_1_674' title='bbox 808 4842 1376 4926; x_wconf 49' lang='lat' dir='ltr'><strong>Antiochumﬁlﬁcta</strong></span> <span class='ocrx_word' id='word_1_675' title='bbox 1408 4844 1572 4926; x_wconf 66' lang='lat' dir='ltr'><strong>igitur</strong></span> <span class='ocrx_word' id='word_1_676' title='bbox 1592 4861 1625 4926; x_wconf 49' lang='grc' dir='ltr'>ᾗ</span> <span class='ocrx_word' id='word_1_677' title='bbox 1652 4845 1841 4900; x_wconf 86' lang='lat' dir='ltr'><strong>Fabri-</strong></span> <span class='ocrx_word' id='word_1_678' title='bbox 2118 4851 2310 4926; x_wconf 81' lang='lat' dir='ltr'><strong>Lamb.</strong></span> <span class='ocrx_word' id='word_1_679' title='bbox 2343 4842 2517 4926; x_wconf 49' lang='lat' dir='ltr'><strong>(ripest,</strong></span> <span class='ocrx_word' id='word_1_680' title='bbox 2543 4856 2918 4926; x_wconf 77' lang='lat' dir='ltr'><strong>interrogatus.</strong></span> 
     </span>
    </p>
   </div>
   <div class='ocr_carea' id='block_1_70' title="bbox 268 4912 2479 4998">
    <p class='ocr_par' dir='ltr' id='par_1_70' title="bbox 268 4912 2479 4998">
     <span class='ocr_line' id='line_1_70' title="bbox 268 4912 2479 4998; baseline 0.004 -29"><span class='ocrx_word' id='word_1_681' title='bbox 268 4918 453 4997; x_wconf 42' lang='lat' dir='ltr'><strong>cio-ex</strong></span> <span class='ocrx_word' id='word_1_682' title='bbox 477 4912 656 4998; x_wconf 51' lang='lat' dir='ltr'><strong>vetcr‘e</strong></span> <span class='ocrx_word' id='word_1_683' title='bbox 692 4914 1007 4981; x_wconf 87' lang='lat' dir='ltr'><strong>lnterprete,</strong></span> <span class='ocrx_word' id='word_1_684' title='bbox 1029 4912 1298 4998; x_wconf 45' lang='lat' dir='ltr'><strong>IClericus_</strong></span> <span class='ocrx_word' id='word_1_685' title='bbox 1326 4923 1394 4998; x_wconf 79' lang='lat' dir='ltr'><strong>et_</strong></span> <span class='ocrx_word' id='word_1_686' title='bbox 1412 4914 1698 4998; x_wconf 50' lang='lat' dir='ltr'><strong>Busselitts</strong></span> <span class='ocrx_word' id='word_1_687' title='bbox 1716 4933 1838 4998; x_wconf 56' lang='lat' dir='ltr'><strong>“cx-</strong></span> <span class='ocrx_word' id='word_1_688' title='bbox 2124 4923 2208 4998; x_wconf 85' lang='lat' dir='ltr'><strong>A_l.</strong></span> <span class='ocrx_word' id='word_1_689' title='bbox 2244 4921 2479 4998; x_wconf 65' lang='lat' dir='ltr'><strong>angelus.</strong></span> 
     </span>
    </p>
   </div>
   <div class='ocr_carea' id='block_1_71' title="bbox 268 4982 3515 5136">
    <p class='ocr_par' dir='ltr' id='par_1_71' title="bbox 268 4982 3515 5136">
     <span class='ocr_line' id='line_1_71' title="bbox 268 4982 2875 5062; baseline 0.003 -21"><span class='ocrx_word' id='word_1_690' title='bbox 268 4986 564 5053; x_wconf 86' lang='lat' dir='ltr'><strong>scripsere.</strong></span> <span class='ocrx_word' id='word_1_691' title='bbox 616 4982 726 5037; x_wconf 86' lang='lat' dir='ltr'><strong>Nos</strong></span> <span class='ocrx_word' id='word_1_692' title='bbox 772 4998 903 5037; x_wconf 89' lang='lat' dir='ltr'><strong>vero</strong></span> <span class='ocrx_word' id='word_1_693' title='bbox 930 4985 1093 5038; x_wconf 87' lang='lat' dir='ltr'><strong>verba</strong></span> <span class='ocrx_word' id='word_1_694' title='bbox 1131 4984 1673 5054; x_wconf 57' lang='lat' dir='ltr'><strong>pseudocAtlianasii,</strong></span> <span class='ocrx_word' id='word_1_695' title='bbox 1713 4987 1840 5042; x_wconf 91' lang='lat' dir='ltr'><strong>licet</strong></span> <span class='ocrx_word' id='word_1_696' title='bbox 2021 4982 2107 5045; x_wconf 77' lang='grc' dir='ltr'><strong>’1θ</strong></span> <span class='ocrx_word' id='word_1_697' title='bbox 2166 4982 2355 5047; x_wconf 73' lang='lat' dir='ltr'><strong>Lamb.</strong></span> <span class='ocrx_word' id='word_1_698' title='bbox 2384 4992 2618 5062; x_wconf 77' lang='lat' dir='ltr'><strong>Spiritus</strong></span> <span class='ocrx_word' id='word_1_699' title='bbox 2640 5005 2875 5050; x_wconf 84' lang='lat' dir='ltr'><strong>sanctus.</strong></span> 
     </span>
     <span class='ocr_line' id='line_1_72' title="bbox 270 4994 3515 5136; baseline 0.003 -28"><span class='ocrx_word' id='word_1_700' title='bbox 270 5055 513 5136; x_wconf 53' lang='lat' dir='ltr'><strong>gustaris</strong></span> <span class='ocrx_word' id='word_1_701' title='bbox 546 5064 747 5136; x_wconf 65' lang='lat' dir='ltr'><strong>textum</strong></span> <span class='ocrx_word' id='word_1_702' title='bbox 771 5061 960 5136; x_wconf 65' lang='lat' dir='ltr'><strong>exacte</strong></span> <span class='ocrx_word' id='word_1_703' title='bbox 998 5069 1106 5108; x_wconf 90' lang='lat' dir='ltr'><strong>non</strong></span> <span class='ocrx_word' id='word_1_704' title='bbox 1149 5054 1476 5136; x_wconf 77' lang='lat' dir='ltr'><strong>exprimant,</strong></span> <span class='ocrx_word' id='word_1_705' title='bbox 1492 5056 1838 5136; x_wconf 70' lang='lat' dir='ltr'><strong>exhibemus,</strong></span> <span class='ocrx_word' id='word_1_706' title='bbox 2014 4994 2128 5131; x_wconf 53' lang='lat' dir='ltr'><strong>(il;</strong></span> <span class='ocrx_word' id='word_1_707' title='bbox 2159 5063 2313 5136; x_wconf 73' lang='lat' dir='ltr'><strong>Bodl.</strong></span> <span class='ocrx_word' id='word_1_708' title='bbox 2344 5073 2398 5119; x_wconf 92' lang='lat' dir='ltr'><strong>et</strong></span> <span class='ocrx_word' id='word_1_709' title='bbox 2426 5064 2615 5136; x_wconf 88' lang='lat' dir='ltr'><strong>Lamb.</strong></span> <span class='ocrx_word' id='word_1_710' title='bbox 2659 5067 2785 5135; x_wconf 84' lang='lat' dir='ltr'><strong>quia</strong></span> <span class='ocrx_word' id='word_1_711' title='bbox 2821 5067 3113 5136; x_wconf 81' lang='lat' dir='ltr'><strong>quicunque</strong></span> <span class='ocrx_word' id='word_1_712' title='bbox 3164 5066 3348 5135; x_wconf 75' lang='lat' dir='ltr'><strong>spiritu</strong></span> <span class='ocrx_word' id='word_1_713' title='bbox 3370 5065 3515 5136; x_wconf 61' lang='grc' dir='ltr'><strong>αἱαὶ-ο</strong></span> 
     </span>
    </p>
   </div>
   <div class='ocr_carea' id='block_1_72' title="bbox 267 5124 3516 5208">
    <p class='ocr_par' dir='ltr' id='par_1_72' title="bbox 267 5124 3516 5208">
     <span class='ocr_line' id='line_1_73' title="bbox 267 5124 3516 5208; baseline 0.004 -29"><span class='ocrx_word' id='word_1_714' title='bbox 267 5124 1109 5208; x_wconf 34' lang='grc' dir='ltr'><strong>Μοῃιῐθιιροίείθξιοιηιθιίὶθιίομθω</strong></span> <span class='ocrx_word' id='word_1_715' title='bbox 1140 5126 1839 5195; x_wconf 84' lang='lat' dir='ltr'><strong>secuti,supplendatamen</strong></span> <span class='ocrx_word' id='word_1_716' title='bbox 1944 5124 2128 5208; x_wconf 69' lang='lat' dir='ltr'><strong>uitatis</strong></span> <span class='ocrx_word' id='word_1_717' title='bbox 2169 5124 2875 5208; x_wconf 15' lang='lat' dir='ltr'><strong>loquitur,toguitu&#39;r‘sicut</strong></span> <span class='ocrx_word' id='word_1_718' title='bbox 2920 5124 3333 5208; x_wconf 58' lang='lat' dir='ltr'><strong>Dominus&#39;vult.</strong></span> <span class='ocrx_word' id='word_1_719' title='bbox 3366 5135 3516 5191; x_wconf 82' lang='lat' dir='ltr'><strong>[lane</strong></span> 
     </span>
    </p>
   </div>
   <div class='ocr_carea' id='block_1_73' title="bbox 266 5195 3267 5266">
    <p class='ocr_par' dir='ltr' id='par_1_73' title="bbox 266 5195 3267 5266">
     <span class='ocr_line' id='line_1_74' title="bbox 266 5195 3267 5266; baseline 0.002 -15"><span class='ocrx_word' id='word_1_720' title='bbox 266 5213 337 5251; x_wconf 74' lang='lat' dir='ltr'><strong>ex</strong></span> <span class='ocrx_word' id='word_1_721' title='bbox 361 5196 431 5252; x_wconf 91' lang='lat' dir='ltr'><strong>iis</strong></span> <span class='ocrx_word' id='word_1_722' title='bbox 452 5212 575 5266; x_wconf 64' lang='lat' dir='ltr'><strong>qua:</strong></span> <span class='ocrx_word' id='word_1_723' title='bbox 598 5196 762 5251; x_wconf 86' lang='lat' dir='ltr'><strong>habet</strong></span> <span class='ocrx_word' id='word_1_724' title='bbox 788 5195 1112 5266; x_wconf 67' lang='lat' dir='ltr'><strong>Antiochus.</strong></span> <span class='ocrx_word' id='word_1_725' title='bbox 1944 5195 2483 5260; x_wconf 60' lang='lat' dir='ltr'><strong>lectionem&#39;retinuit</strong></span> <span class='ocrx_word' id='word_1_726' title='bbox 2512 5195 2693 5260; x_wconf 70' lang='lat' dir='ltr'><strong>Fellus</strong></span> <span class='ocrx_word' id='word_1_727' title='bbox 2718 5206 2772 5259; x_wconf 90' lang='lat' dir='ltr'><strong>in</strong></span> <span class='ocrx_word' id='word_1_728' title='bbox 2802 5222 2900 5261; x_wconf 87' lang='lat' dir='ltr'><strong>sua</strong></span> <span class='ocrx_word' id='word_1_729' title='bbox 2933 5208 3062 5261; x_wconf 85' lang='lat' dir='ltr'><strong>edit.</strong></span> <span class='ocrx_word' id='word_1_730' title='bbox 3094 5206 3267 5259; x_wconf 74' lang='lat' dir='ltr'><strong>Oxon.</strong></span> 
     </span>
    </p>
   </div>
   <div class='ocr_carea' id='block_1_74' title="bbox 341 5264 3516 5347">
    <p class='ocr_par' dir='ltr' id='par_1_74' title="bbox 341 5264 3516 5347">
     <span class='ocr_line' id='line_1_75' title="bbox 341 5264 3516 5347; baseline 0.003 -27"><span class='ocrx_word' id='word_1_731' title='bbox 446 5264 645 5347; x_wconf 57' lang='lat' dir='ltr'><strong>Lamb.</strong></span> <span class='ocrx_word' id='word_1_732' title='bbox 672 5268 1019 5347; x_wconf 63' lang='lat' dir='ltr'><strong>consumitur.</strong></span> <span class='ocrx_word' id='word_1_733' title='bbox 1146 5281 1279 5347; x_wconf 71' lang='lat' dir='ltr'><strong>sane</strong></span> <span class='ocrx_word' id='word_1_734' title='bbox 1302 5268 1509 5347; x_wconf 57' lang='lat' dir='ltr'><strong>Graeca.</strong></span> <span class='ocrx_word' id='word_1_735' title='bbox 1805 5340 1817 5347; x_wconf 87' lang='lat'>_</span> <span class='ocrx_word' id='word_1_736' title='bbox 1958 5346 1962 5347; x_wconf 17' lang='grc' dir='ltr'><em>ν</em></span> <span class='ocrx_word' id='word_1_737' title='bbox 2016 5274 2129 5346; x_wconf 72' lang='grc'>(12)</span> <span class='ocrx_word' id='word_1_738' title='bbox 2165 5274 2358 5347; x_wconf 84' lang='lat' dir='ltr'><strong>Lamb.</strong></span> <span class='ocrx_word' id='word_1_739' title='bbox 2392 5275 2633 5329; x_wconf 85' lang='lat' dir='ltr'><strong>Primum</strong></span> <span class='ocrx_word' id='word_1_740' title='bbox 2656 5280 2802 5347; x_wconf 75' lang='lat' dir='ltr'><strong>enim</strong></span> <span class='ocrx_word' id='word_1_741' title='bbox 2842 5277 2995 5331; x_wconf 81' lang='lat' dir='ltr'><strong>homo</strong></span> <span class='ocrx_word' id='word_1_742' title='bbox 3019 5286 3237 5347; x_wconf 82' lang='lat' dir='ltr'><strong>putatur</strong></span> <span class='ocrx_word' id='word_1_743' title='bbox 3267 5276 3516 5347; x_wconf 76' lang='lat' dir='ltr'><strong>spiritum</strong></span> 
     </span>
    </p>
   </div>
   <div class='ocr_carea' id='block_1_75' title="bbox 340 5336 3515 5410">
    <p class='ocr_par' dir='ltr' id='par_1_75' title="bbox 340 5336 3515 5410">
     <span class='ocr_line' id='line_1_76' title="bbox 340 5336 3515 5410; baseline 0.003 -22"><span class='ocrx_word' id='word_1_744' title='bbox 340 5336 862 5410; x_wconf 59' lang='lat' dir='ltr'><strong>(zunquibusdam</strong></span> <span class='ocrx_word' id='word_1_745' title='bbox 891 5336 1171 5410; x_wconf 83' lang='lat' dir='ltr'><strong>codicibus</strong></span> <span class='ocrx_word' id='word_1_746' title='bbox 1195 5338 1435 5408; x_wconf 81' lang='lat' dir='ltr'><strong>implicat</strong></span> <span class='ocrx_word' id='word_1_747' title='bbox 1460 5354 1569 5406; x_wconf 83' lang='lat' dir='ltr'><strong>eos,</strong></span> <span class='ocrx_word' id='word_1_748' title='bbox 1601 5354 1700 5409; x_wconf 90' lang='lat' dir='ltr'><strong>pro</strong></span> <span class='ocrx_word' id='word_1_749' title='bbox 1726 5340 1843 5409; x_wconf 85' lang='lat' dir='ltr'><strong>qui-</strong></span> <span class='ocrx_word' id='word_1_750' title='bbox 1944 5336 2131 5400; x_wconf 69' lang='lat' dir='ltr'><strong>habere</strong></span> <span class='ocrx_word' id='word_1_751' title='bbox 2179 5345 2503 5402; x_wconf 74' lang='lat' dir='ltr'><strong>exultantem</strong></span> <span class='ocrx_word' id='word_1_752' title='bbox 2545 5364 2619 5401; x_wconf 80' lang='lat' dir='ltr'><strong>se.</strong></span> <span class='ocrx_word' id='word_1_753' title='bbox 2654 5346 2808 5401; x_wconf 87' lang='lat' dir='ltr'><strong>Bodl.</strong></span> <span class='ocrx_word' id='word_1_754' title='bbox 2857 5336 3038 5402; x_wconf 75' lang='lat' dir='ltr'><strong>autem</strong></span> <span class='ocrx_word' id='word_1_755' title='bbox 3087 5347 3166 5400; x_wconf 88' lang='lat' dir='ltr'><strong>sic</strong></span> <span class='ocrx_word' id='word_1_756' title='bbox 3216 5362 3230 5397; x_wconf 90' lang='lat'><strong>:</strong></span> <span class='ocrx_word' id='word_1_757' title='bbox 3275 5336 3515 5399; x_wconf 80' lang='lat' dir='ltr'><strong>Primum</strong></span> 
     </span>
    </p>
   </div>
   <div class='ocr_carea' id='block_1_76' title="bbox 269 5406 3442 5487">
    <p class='ocr_par' dir='ltr' id='par_1_76' title="bbox 269 5406 3442 5487">
     <span class='ocr_line' id='line_1_77' title="bbox 269 5406 3442 5487; baseline -0.003 -6"><span class='ocrx_word' id='word_1_758' title='bbox 269 5411 303 5465; x_wconf 80' lang='grc' dir='ltr'><strong>Ῐ)</strong></span> <span class='ocrx_word' id='word_1_759' title='bbox 324 5406 635 5487; x_wconf 52' lang='grc' dir='ltr'><strong>ιέ-Ῡῗεηίῖιὶδ</strong></span> <span class='ocrx_word' id='word_1_760' title='bbox 659 5408 788 5478; x_wconf 68' lang='grc' dir='ltr'><strong>ιεςίι</strong></span> <span class='ocrx_word' id='word_1_761' title='bbox 805 5406 1135 5487; x_wconf 37' lang='lat' dir='ltr'><strong>imply-atas.</strong></span> <span class='ocrx_word' id='word_1_762' title='bbox 1270 5406 1279 5408; x_wconf 42' lang='lat'>‘</span> <span class='ocrx_word' id='word_1_763' title='bbox 1372 5480 1383 5487; x_wconf 89' lang='lat'>_</span> <span class='ocrx_word' id='word_1_764' title='bbox 1602 5406 1618 5409; x_wconf 46' lang='grc'><strong>⁷</strong></span> <span class='ocrx_word' id='word_1_765' title='bbox 1744 5406 1765 5487; x_wconf 26' lang='grc' dir='ltr'><strong>’μ</strong></span> <span class='ocrx_word' id='word_1_766' title='bbox 1940 5418 2081 5471; x_wconf 86' lang='lat' dir='ltr'><strong>enim</strong></span> <span class='ocrx_word' id='word_1_767' title='bbox 2104 5416 2257 5472; x_wconf 84' lang='lat' dir='ltr'><strong>homo</strong></span> <span class='ocrx_word' id='word_1_768' title='bbox 2288 5418 2378 5487; x_wconf 84' lang='lat' dir='ltr'><strong>qui</strong></span> <span class='ocrx_word' id='word_1_769' title='bbox 2404 5426 2616 5487; x_wconf 83' lang='lat' dir='ltr'><strong>putetur</strong></span> <span class='ocrx_word' id='word_1_770' title='bbox 2640 5418 2885 5487; x_wconf 72' lang='lat' dir='ltr'><strong>spiritum</strong></span> <span class='ocrx_word' id='word_1_771' title='bbox 2906 5417 3113 5483; x_wconf 71' lang='lat' dir='ltr'><strong>habere,</strong></span> <span class='ocrx_word' id='word_1_772' title='bbox 3136 5415 3339 5487; x_wconf 64' lang='lat' dir='ltr'><strong>exultat</strong></span> <span class='ocrx_word' id='word_1_773' title='bbox 3370 5433 3442 5471; x_wconf 83' lang='lat' dir='ltr'><strong>se.</strong></span> 
     </span>
    </p>
   </div>
   <div class='ocr_carea' id='block_1_77' title="bbox 344 5434 3514 5561">
    <p class='ocr_par' dir='ltr' id='par_1_77' title="bbox 344 5434 3514 5561">
     <span class='ocr_line' id='line_1_78' title="bbox 348 5434 3442 5487; baseline 0.004 -28"><span class='ocrx_word' id='word_1_774' title='bbox 348 5434 376 5465; x_wconf 71' lang='grc' dir='ltr'>δ</span> <span class='ocrx_word' id='word_1_775' title='bbox 416 5434 635 5464; x_wconf 63' lang='lat' dir='ltr'><strong>&quot;alsius</strong></span> <span class='ocrx_word' id='word_1_776' title='bbox 659 5434 788 5478; x_wconf 68' lang='grc' dir='ltr'><strong>ιεδιι</strong></span> <span class='ocrx_word' id='word_1_777' title='bbox 812 5434 1135 5477; x_wconf 71' lang='grc' dir='ltr'><strong>ιιιψιιυιιιυδ.</strong></span> <span class='ocrx_word' id='word_1_778' title='bbox 1940 5434 2081 5471; x_wconf 76' lang='lat' dir='ltr'><strong>enim</strong></span> <span class='ocrx_word' id='word_1_779' title='bbox 2104 5434 2257 5472; x_wconf 82' lang='lat' dir='ltr'><strong>nomo</strong></span> <span class='ocrx_word' id='word_1_780' title='bbox 2325 5434 2378 5471; x_wconf 79' lang='grc' dir='ltr'><strong>αι</strong></span> <span class='ocrx_word' id='word_1_781' title='bbox 2404 5434 2616 5487; x_wconf 75' lang='lat' dir='ltr'><strong>putetur</strong></span> <span class='ocrx_word' id='word_1_782' title='bbox 2640 5434 2885 5487; x_wconf 67' lang='grc' dir='ltr'><strong>εριηιωπ</strong></span> <span class='ocrx_word' id='word_1_783' title='bbox 2906 5434 3113 5483; x_wconf 75' lang='lat' dir='ltr'><strong>name,</strong></span> <span class='ocrx_word' id='word_1_784' title='bbox 3136 5434 3339 5469; x_wconf 65' lang='lat' dir='ltr'><strong>exultat</strong></span> <span class='ocrx_word' id='word_1_785' title='bbox 3370 5434 3442 5471; x_wconf 83' lang='lat' dir='ltr'><strong>se.</strong></span> 
     </span>
     <span class='ocr_line' id='line_1_79' title="bbox 344 5434 3514 5561; baseline 0.002 -26"><span class='ocrx_word' id='word_1_786' title='bbox 344 5482 423 5550; x_wconf 81' lang='grc'>(5)</span> <span class='ocrx_word' id='word_1_787' title='bbox 454 5478 647 5561; x_wconf 73' lang='lat' dir='ltr'><strong>Lamb.</strong></span> <span class='ocrx_word' id='word_1_788' title='bbox 695 5478 886 5533; x_wconf 85' lang='lat' dir='ltr'><strong>tradet.</strong></span> <span class='ocrx_word' id='word_1_789' title='bbox 908 5478 1210 5561; x_wconf 24' lang='lat' dir='ltr'><strong>[Sicnmpx</strong></span> <span class='ocrx_word' id='word_1_790' title='bbox 1257 5480 1492 5561; x_wconf 73' lang='lat' dir='ltr'><strong>tradent,</strong></span> <span class='ocrx_word' id='word_1_791' title='bbox 1643 5480 1839 5561; x_wconf 54' lang='lat' dir='ltr'><strong>tradet.</strong></span> <span class='ocrx_word' id='word_1_792' title='bbox 2012 5487 2129 5557; x_wconf 80' lang='grc'>(15)</span> <span class='ocrx_word' id='word_1_793' title='bbox 2158 5434 2353 5543; x_wconf 46' lang='lat' dir='ltr'><strong>Lami).</strong></span> <span class='ocrx_word' id='word_1_794' title='bbox 2378 5498 2433 5543; x_wconf 84' lang='lat' dir='ltr'><strong>et</strong></span> <span class='ocrx_word' id='word_1_795' title='bbox 2459 5488 2646 5548; x_wconf 87' lang='lat' dir='ltr'><strong>Carm.</strong></span> <span class='ocrx_word' id='word_1_796' title='bbox 2674 5486 2763 5541; x_wconf 82' lang='lat' dir='ltr'><strong>Ita</strong></span> <span class='ocrx_word' id='word_1_797' title='bbox 2796 5502 2956 5543; x_wconf 73' lang='lat' dir='ltr'><strong>nunc.</strong></span> <span class='ocrx_word' id='word_1_798' title='bbox 2988 5487 3054 5543; x_wconf 87' lang='lat' dir='ltr'><strong>Et</strong></span> <span class='ocrx_word' id='word_1_799' title='bbox 3081 5501 3207 5541; x_wconf 82' lang='lat' dir='ltr'><strong>mox</strong></span> <span class='ocrx_word' id='word_1_800' title='bbox 3242 5505 3256 5542; x_wconf 90' lang='lat'><strong>:</strong></span> <span class='ocrx_word' id='word_1_801' title='bbox 3284 5485 3386 5542; x_wconf 80' lang='lat' dir='ltr'><strong>Sed</strong></span> <span class='ocrx_word' id='word_1_802' title='bbox 3410 5501 3514 5542; x_wconf 74' lang='lat' dir='ltr'><strong>non</strong></span> 
     </span>
    </p>
   </div>
   <div class='ocr_carea' id='block_1_78' title="bbox 271 5547 2199 5618">
    <p class='ocr_par' dir='ltr' id='par_1_78' title="bbox 271 5547 2199 5618">
     <span class='ocr_line' id='line_1_80' title="bbox 271 5547 2199 5618; baseline 0.003 -12"><span class='ocrx_word' id='word_1_803' title='bbox 271 5547 426 5608; x_wconf 65' lang='lat' dir='ltr'><strong>Itane</strong></span> <span class='ocrx_word' id='word_1_804' title='bbox 454 5549 739 5605; x_wconf 89' lang='lat' dir='ltr'><strong>lectionem</strong></span> <span class='ocrx_word' id='word_1_805' title='bbox 772 5548 1019 5618; x_wconf 87' lang='lat' dir='ltr'><strong>sequitur</strong></span> <span class='ocrx_word' id='word_1_806' title='bbox 1044 5547 1226 5605; x_wconf 90' lang='lat' dir='ltr'><strong>Fellus</strong></span> <span class='ocrx_word' id='word_1_807' title='bbox 1256 5551 1311 5605; x_wconf 92' lang='lat' dir='ltr'><strong>in</strong></span> <span class='ocrx_word' id='word_1_808' title='bbox 1356 5567 1454 5608; x_wconf 87' lang='lat' dir='ltr'><strong>sua</strong></span> <span class='ocrx_word' id='word_1_809' title='bbox 1490 5551 1625 5606; x_wconf 87' lang='lat' dir='ltr'><strong>edit.</strong></span> <span class='ocrx_word' id='word_1_810' title='bbox 1663 5550 1837 5606; x_wconf 79' lang='lat' dir='ltr'><strong>Oxon.</strong></span> <span class='ocrx_word' id='word_1_811' title='bbox 1942 5547 2199 5613; x_wconf 72' lang='lat' dir='ltr'><strong>convenit.</strong></span> 
     </span>
    </p>
   </div>
   <div class='ocr_carea' id='block_1_79' title="bbox 272 5618 1838 5692">
    <p class='ocr_par' dir='ltr' id='par_1_79' title="bbox 272 5618 1838 5692">
     <span class='ocr_line' id='line_1_81' title="bbox 272 5618 1838 5692; baseline -0.002 -14"><span class='ocrx_word' id='word_1_812' title='bbox 272 5624 333 5678; x_wconf 79' lang='grc' dir='ltr'><strong>ιιι</strong></span> <span class='ocrx_word' id='word_1_813' title='bbox 362 5620 523 5675; x_wconf 81' lang='lat' dir='ltr'><strong>editis</strong></span> <span class='ocrx_word' id='word_1_814' title='bbox 551 5618 747 5692; x_wconf 80' lang='lat' dir='ltr'><strong>Clerici</strong></span> <span class='ocrx_word' id='word_1_815' title='bbox 776 5628 831 5674; x_wconf 88' lang='lat' dir='ltr'><strong>et</strong></span> <span class='ocrx_word' id='word_1_816' title='bbox 852 5619 1087 5676; x_wconf 71' lang='lat' dir='ltr'><strong>ttusselii</strong></span> <span class='ocrx_word' id='word_1_817' title='bbox 1111 5621 1384 5677; x_wconf 88' lang='lat' dir='ltr'><strong>omittitur</strong></span> <span class='ocrx_word' id='word_1_818' title='bbox 1406 5621 1721 5692; x_wconf 76' lang='lat' dir='ltr'><strong>coniunctio</strong></span> <span class='ocrx_word' id='word_1_819' title='bbox 1752 5633 1838 5687; x_wconf 89' lang='lat' dir='ltr'><strong>et,</strong></span> 
     </span>
    </p>
   </div>
   <div class='ocr_carea' id='block_1_80' title="bbox 270 5690 832 5764">
    <p class='ocr_par' dir='ltr' id='par_1_80' title="bbox 270 5690 832 5764">
     <span class='ocr_line' id='line_1_82' title="bbox 270 5690 832 5764; baseline -0.007 -18"><span class='ocrx_word' id='word_1_820' title='bbox 270 5710 305 5764; x_wconf 86' lang='lat' dir='ltr'><strong>q</strong></span> <span class='ocrx_word' id='word_1_821' title='bbox 332 5691 533 5764; x_wconf 68' lang='lat' dir='ltr'><strong>iamal.</strong></span> <span class='ocrx_word' id='word_1_822' title='bbox 556 5690 832 5764; x_wconf 71' lang='lat' dir='ltr'><strong>exhibent.</strong></span> 
     </span>
    </p>
   </div>
   <div class='ocr_carea' id='block_1_81' title="bbox 342 5760 1842 5832">
    <p class='ocr_par' dir='ltr' id='par_1_81' title="bbox 342 5760 1842 5832">
     <span class='ocr_line' id='line_1_83' title="bbox 342 5760 1842 5832; baseline 0.001 -16"><span class='ocrx_word' id='word_1_823' title='bbox 342 5764 423 5832; x_wconf 72' lang='grc'>(4)</span> <span class='ocrx_word' id='word_1_824' title='bbox 448 5760 780 5832; x_wconf 42' lang='grc' dir='ltr'><strong>ΜδεηΑηεΙ.</strong></span> <span class='ocrx_word' id='word_1_825' title='bbox 816 5760 1060 5815; x_wconf 79' lang='lat' dir='ltr'><strong>Primum</strong></span> <span class='ocrx_word' id='word_1_826' title='bbox 1098 5764 1353 5817; x_wconf 81' lang='lat' dir='ltr'><strong>omnium.</strong></span> <span class='ocrx_word' id='word_1_827' title='bbox 1397 5761 1525 5819; x_wconf 62' lang='lat' dir='ltr'><strong>Haec</strong></span> <span class='ocrx_word' id='word_1_828' title='bbox 1566 5773 1747 5821; x_wconf 76' lang='lat' dir='ltr'><strong>autem</strong></span> <span class='ocrx_word' id='word_1_829' title='bbox 1786 5770 1842 5818; x_wconf 86' lang='lat' dir='ltr'><strong>et</strong></span> 
     </span>
    </p>
   </div>
   <div class='ocr_carea' id='block_1_82' title="bbox 273 5830 1841 5906">
    <p class='ocr_par' dir='ltr' id='par_1_82' title="bbox 273 5830 1841 5906">
     <span class='ocr_line' id='line_1_84' title="bbox 273 5830 1841 5906; baseline -0.001 -14"><span class='ocrx_word' id='word_1_830' title='bbox 273 5830 485 5894; x_wconf 78' lang='lat' dir='ltr'><strong>reliqua</strong></span> <span class='ocrx_word' id='word_1_831' title='bbox 516 5830 677 5899; x_wconf 80' lang='lat' dir='ltr'><strong>hujus</strong></span> <span class='ocrx_word' id='word_1_832' title='bbox 700 5832 891 5901; x_wconf 86' lang='lat' dir='ltr'><strong>capitis</strong></span> <span class='ocrx_word' id='word_1_833' title='bbox 915 5833 1128 5904; x_wconf 84' lang='lat' dir='ltr'><strong>aliaque</strong></span> <span class='ocrx_word' id='word_1_834' title='bbox 1144 5850 1266 5905; x_wconf 87' lang='lat' dir='ltr'><strong>cap.</strong></span> <span class='ocrx_word' id='word_1_835' title='bbox 1290 5836 1585 5906; x_wconf 82' lang='lat' dir='ltr'><strong>seq.,uncis</strong></span> <span class='ocrx_word' id='word_1_836' title='bbox 1608 5835 1841 5899; x_wconf 85' lang='lat' dir='ltr'><strong>inclusa,</strong></span> 
     </span>
    </p>
   </div>
   <div class='ocr_carea' id='block_1_83' title="bbox 2014 5628 2510 5700">
    <p class='ocr_par' dir='ltr' id='par_1_83' title="bbox 2014 5628 2510 5700">
     <span class='ocr_line' id='line_1_85' title="bbox 2014 5628 2510 5700; baseline -0.028 -5"><span class='ocrx_word' id='word_1_837' title='bbox 2014 5628 2127 5700; x_wconf 64' lang='grc'>(14)</span> <span class='ocrx_word' id='word_1_838' title='bbox 2157 5628 2240 5700; x_wconf 50' lang='lat' dir='ltr'><strong>An</strong></span> <span class='ocrx_word' id='word_1_839' title='bbox 2266 5628 2510 5700; x_wconf 69' lang='lat' dir='ltr'><strong>divitiis?</strong></span> 
     </span>
    </p>
   </div>
   <div class='ocr_carea' id='block_1_84' title="bbox 2012 5698 2816 5769">
    <p class='ocr_par' dir='ltr' id='par_1_84' title="bbox 2012 5698 2816 5769">
     <span class='ocr_line' id='line_1_86' title="bbox 2012 5698 2816 5769; baseline 0.004 -18"><span class='ocrx_word' id='word_1_840' title='bbox 2012 5698 2129 5769; x_wconf 69' lang='grc'>(15)</span> <span class='ocrx_word' id='word_1_841' title='bbox 2158 5698 2291 5769; x_wconf 74' lang='lat' dir='ltr'><strong>Mss.</strong></span> <span class='ocrx_word' id='word_1_842' title='bbox 2327 5699 2486 5768; x_wconf 79' lang='lat' dir='ltr'><strong>Angl.</strong></span> <span class='ocrx_word' id='word_1_843' title='bbox 2514 5702 2674 5756; x_wconf 74' lang='lat' dir='ltr'><strong>morti</strong></span> <span class='ocrx_word' id='word_1_844' title='bbox 2701 5700 2816 5755; x_wconf 78' lang='lat' dir='ltr'><strong>dat.</strong></span> 
     </span>
    </p>
   </div>
   <div class='ocr_carea' id='block_1_85' title="bbox 2012 5768 2681 5841">
    <p class='ocr_par' dir='ltr' id='par_1_85' title="bbox 2012 5768 2681 5841">
     <span class='ocr_line' id='line_1_87' title="bbox 2012 5768 2681 5841; baseline 0.009 -18"><span class='ocrx_word' id='word_1_845' title='bbox 2012 5770 2127 5841; x_wconf 82' lang='grc'>(16)</span> <span class='ocrx_word' id='word_1_846' title='bbox 2154 5768 2307 5826; x_wconf 82' lang='lat' dir='ltr'><strong>Bodl.</strong></span> <span class='ocrx_word' id='word_1_847' title='bbox 2336 5771 2681 5829; x_wconf 75' lang='lat' dir='ltr'><strong>resistentem.</strong></span> 
     </span>
    </p>
   </div>
  </div>
