4002 6308
439 349 542 405 H7
1889 345 1946 397 S.
1986 342 2040 396 HI

2145 339 2249 396 ΙᾹΞ
3595 328 3707 387 938

436 458 580 516 rebit
608 460 732 531 (17)
762 468 887 517 ante
930 468 1003 527 te,
1036 461 1239 519 timens
1262 477 1414 521 arma
1448 472 1536 517 tua
1573 479 1586 513 :
1634 459 1997 515 et-ohlincbis
2028 457 2142 527 (18)
2173 454 2490 519 victoriam,
2521 460 2577 507 et
2616 450 2973 517 coronaberis
3018 449 3091 504 ob
3117 448 3266 503 illam
3294 448 3441 518 (i9),
3482 455 3541 503 et
3579 462 3707 517 per-

438 553 624 608 venies
669 554 735 608 ad
766 554 1115 623 cupiditatem
1158 555 1392 616 bonam,
1434 562 1487 607 et
1522 552 1701 606 trades
1738 549 2019 603 victoriam
2063 547 2171 601 Deo
2209 559 2369 614 quam
2422 541 2731 610 acceperis,
2770 548 2822 593 et
2878 538 3084 593 servies
3128 538 3178 591 ei
3244 535 3524 606 Operando
3563 536 3710 590 sicut

441 642 557 712 ipse
600 643 863 697 volueris.

514 738 573 793 Si
597 750 778 795 autem
798 738 1056 795 servieris
1074 736 1355 806 cupiditati
1376 736 1549 800 honre,
1564 743 1617 789 et
1633 732 1884 788 subditus
1903 730 2017 801 (20)
2047 735 2093 791 Α

441 830 490 884 ei
521 830 967 902 fueris,'poteris
1007 830 1277 886 dominari
1318 844 1483 897 super
1515 826 1860 895 cupiditatem
1899 840 2017 878 ma-

430 924 551 995 lam
578 966 595 992 ,
626 935 681 982 et
704 926 808 981 erit
832 924 1045 981 subdita
1075 923 1193 988 tibi,
1223 924 1363 976 sicut
1400 919 1654 973 volneris.

2204 728 2327 781 Ἐὰν
2362 728 2417 781 δὲ
2447 728 2738 799 δουλεύσῃς
2765 731 2831 799 τῇ
2852 725 3120 796 ἐπιθυμίᾳ
3138 726 3204 795 τῇ
3227 723 3431 796 ἀγαθῇ,
3462 723 3560 776 καὶ
3586 722 3713 777 ὁποι

2124 824 2297 891 ταγῇς
2328 822 2487 892 αὐτῇ,
2529 822 2753 874 δύνασαι
2803 820 3230 891 κατακυριεῦσαι
3267 818 3369 888 τῆς
3411 814 3715 886 ἐπιθυμίας

2124 913 2223 984 τῆς
2252 915 2515 984 πονηρᾶς,
2542 915 2633 967 καὶ
2662 913 2925 977 ὑποτάξαι
2947 912 3115 983 αὐτὴν
3138 911 3320 974 καθὼς
3350 909 3551 980 βούλει.

1887 1030 2117 1087 CAPUT
2160 1028 2245 1083 ill.

527 1139 730 1193 Vellem
762 1138 875 1208 (2i)
904 1139 1065 1202 scire,
1090 1136 1329 1201 domine,
1367 1150 1476 1205 quo
1507 1135 1669 1190 modo
1698 1132 1899 1189 servire
1923 1130 2017 1186 de—

2200 1127 2428 1181 Ἥοελον
2474 1128 2678 1195 γνῶναι
2721 1126 2893 1189 ποίοις
2936 1126 3159 1197 τρόποις
3197 1123 3279 1177 δεῖ
3321 1139 3387 1193 με
3424 1118 3717 1174 δουλεῦσαι

454 1232 610 1286 beam
642 1231 921 1300 cupiditati
949 1230 1123 1283 bonaz.
1152 1228 1314 1291 Audi,
1345 1227 1522 1297 inquit
1553 1246 1569 1280 :
1604 1225 1752 1280 [labe
1774 1226 2024 1281 timorem

2145 1222 2190 1291 λῇ
2222 1219 2488 1290 ἐπιθυμίᾳ.
2531 1222 2595 1290 τῇ
2643 1217 2841 1288 ἀγαθῇ.
2876 1218 3096 1270 Ἀκουε·
3135 1217 3409 1287 Ἐργασαι
3437 1210 3720 1265 δικαιοσνὺ⁴⁵

457 1323 576 1389 Dei,
608 1332 659 1377 et
691 1323 846 1379 ﬁdem
886 1322 999 1392 (22)
1034 1321 1086 1375 in
1124 1320 1254 1385 Deo,
1292 1329 1344 1374 et
1374 1320 1654 1374 veritatem
1683 1334 1825 1383 ama,
1857 1329 1909 1373 et
1936 1318 2026 1387 ju-

2145 1328 2222 1381 νην
2272 1312 2365 1365 και)⁵
2412 1312 2612 1381 ἀρετὴν
2659 1308 2933 1379 ἀληθείας,
2984 1308 3077 1360 καὶ
3123 1307 3286 1376 φόϐον
3342 1304 3578 1375 Κυρίου,
3626 1301 3721 1354 καὶ

457 1416 662 1471 stitiam
702 1415 886 1487 dilige,
919 1424 970 1468 et
1012 1412 1096 1468 {ac
1143 1413 1347 1466 bonum
1377 1411 1511 1481 (25).
1557 1410 1681 1465 Haec
1726 1410 2027 1479 Operando,

456 1506 717 1576 probatus
768 1505 876 1559 eris
923 1519 1114 1558 servus
1165 1502 1406 1565 Domini,
1450 1510 1504 1556 et
1547 1501 1749 1556 servies
1786 1500 1894 1555 Deo
1928 1519 1941 1554 :
1978 1513 2033 1555 et

457 1612 648 1652 omnes
679 1596 991 1667 quicunque
1019 1594 1304 1650 servierint
1341 1594 1620 1665 cupiditati
1649 1594 1823 1658 bonae,
1852 1594 2035 1648 vivent

464 1690 595 1745 Deo.
624 1686 1036 1743 Consummatis
1086 1688 1171 1742 his
1223 1686 1496 1740 mandatis
1543 1686 1863 1754 duodecim,
1900 1686 2034 1740 dixit

462 1781 594 1835 mihi
630 1796 644 1832 :
679 1778 857 1834 Habes
888 1780 1000 1833 haec
1032 1779 1307 1845 mandata,
1340 1779 1558 1833 ambula
1602 1778 1656 1831 in
1703 1779 1787 1832 his
1812 1797 1825 1845 ;
1852 1788 1904 1833 et
1934 1795 2032 1833 au-

461 1873 672 1927 dientes
700 1872 948 1927 homines
990 1871 1238 1937 hortare,
1280 1880 1337 1925 ut
1368 1871 1739 1939 pmnitentiam
1764 1881 1945 1941 agant,
1979 1882 2033 1926 et

464 1965 777 2036 panitentia
821 1977 1010 2018 eorum
1058 1964 1259 2019 munda
1293 1964 1383 2019 ﬁat
1418 1964 1531 2034 (25)
1574 1964 1801 2034 reliquis
1840 1966 2031 2021 diebus

462 2054 585 2108 vita!
612 2066 826 2107 eorum.

2128 1587 2333 1642 δώδεκα
2378 1589 2581 1652 ταύτας
2619 1588 2858 1651 ἐντολὰς,
2907 1587 3074 1656 λέγει’

2133 1404 2331 1465 πίστιν,
2363 1404 2455 1456 καὶ
2496 1403 2830 1473 ἀγάπην.....
2862 1401 3047 1455 Ταῦτα
3082 1398 3471 1471 ἐργαζόμενος,
3522 1396 3722 1465 εὐάρε-

2132 1514 2253 1559 στος
2299 1495 2395 1568 ἔσῃ
2441 1496 2626 1559 δοῦλος
2669 1495 2826 1548 Θεοῦ.
2964 1493 3075 1565 (24)
3105 1494 3215 1547 Καὶ
3252 1491 3583 1552 συντελέσας
3622 1489 3723 1552 τὰς

3224 1585 3466 1657 Πορεύου
3503 1584 3565 1636 ἐν
3602 1585 3725 1644 ταῖς

2131 1682 2368 1744 ἐντολαῖς
2396 1682 2640 1746 ταύταις,
2674 1682 2766 1735 καὶ
2804 1679 3111 1752 παρακάλει
3142 1679 3238 1732 καὶ
3266 1679 3393 1741 τοὺς
3420 1674 3724 1735 ἀκούοντας

2131 1774 2456 1843 πορεύεσθαι
2480 1775 2536 1825 ἐν
2567 1776 2771 1838 αὑταῖς,
2809 1774 2896 1826 ἴνα
2933 1775 2966 1845 ή
3005 1773 3260 1843 μετάνοια
3296 1771 3477 1824 αὐτῶν
3499 1766 3727 1840 καθαρὰ

2129 1864 2352 1935 γένηται
2376 1864 2475 1928 τὰς
2496 1865 2690 1930 λοιπὰς
2719 1866 2933 1938 ἡμέρας
2970 1866 3069 1936 τῆς
3098 1864 3244 1934 ζωῆς
3265 1863 3467 1916 αὐτῶν.

462 2144 532 2199 Et
573 2143 936 2199 ministerium
980 2144 1087 2199 hoc
1126 2144 1269 2229 quod
1299 2145 1393 2199 tibi
1422 2146 1526 2214 do,
1574 2146 1783 2217 explica
1825 2148 2143 2220 diligenter,
2171 2161 2225 2207 et
2278 2154 2512 2208 multum
2558 2155 2912 2225 consequeris
2956 2154 3190 2209 fructum
3226 2154 3360 2225 (26),
3388 2164 3442 2208 et
3475 2155 3730 2211 invenies

464 2238 694 2307 gratiam
720 2237 864 2308 apud
891 2252 1106 2304 omnes,
1137 2239 1230 2309 qui
1264 2238 1640 2308 pmnitentiam
1670 2251 1832 2310 agent
1864 2250 1918 2295 et
1944 2243 2167 2299 credent
2196 2246 2378 2301 verbis
2407 2247 2538 2301 tuis.
2571 2245 2684 2330 Ego
2715 2247 2861 2301 enim
2891 2255 3070 2301 tecum
3100 2263 3245 2315 sum,
3276 2257 3330 2301 et
3360 2262 3554 2318 cogam
3590 2248 3719 2302 illos

631 2346 710 2389 re.

631 2346 710 2389 re.

465 2332 727 2476 cr(li-'Idtedixi
757 2420 834 2475 illi
864 2439 878 2475 :
911 2418 1158 2489 Domine,
1184 2422 1298 2477 haec
1315 2424 1567 2479 mandata
1598 2440 1793 2495 magna
1810 2433 1863 2479 et
1888 2441 2029 2494 pra:-

2208 2431 2319 2503 (27)
2353 2433 2545 2503 Κύριε,
2594 2434 2649 2486 αἱ
2685 2434 2891 2487 ἐντολαὶ
2933 2427 3095 2485 αὗται
3149 2430 3382 2502 μεγάλαι
3426 2430 3522 2483 καὶ
3564 2430 3727 2482 καλαὶ

464 2515 611 2570 clara
638 2523 786 2580 sunt,
811 2523 865 2569 et
892 2515 1198 2570 exhilarare
1232 2531 1327 2570 cor
1368 2516 1604 2571 hominis
1636 2526 1886 2587 possunt,
1938 2520 2031 2589 qui

2145 2527 2227 2579 καὶ
2258 2527 2479 2580 δυναταί
2522 2528 2695 2591 εἰσιν,
2727 2527 3023 2598 δυνάμεναι
3065 2526 3329 2596 εὐφρᾶναι
3362 2526 3462 2597 τὴν
3494 2524 3727 2595 καρδίαν

464 2608 701 2678 potuerit
744 2608 1018 2664 custodire
1066 2610 1317 2663 mandata
1363 2610 1495 2664 haec.
1536 2609 1640 2665 Sed
1682 2612 1885 2677 nescio,
1926 2612 2029 2667 do-

466 2701 633 2767 mine,
656 2716 725 2756 an
750 2701 958 2771 possint
984 2703 1240 2756 mandata
1269 2702 1383 2757 haec
1414 2704 1482 2757 ab
1505 2703 1725 2757 homine
1744 2705 2032 2760 custodiri.

465 2794 555 2851 Ait
597 2794 729 2855 mihi
765 2811 781 2855 ς
812 2791 939 2850 Haec
982 2794 1238 2853 mandata
1289 2794 1447 2851 facile
1499 2796 1796 2862 custodies,
1829 2806 1883 2850 et
1930 2813 2039 2852 non

465 2896 624 2949 erunt
646 2888 782 2942 dura
812 2886 942 2941 :sed
967 2886 1011 2939 si
1044 2892 1224 2941 tamen
1257 2888 1310 2941 in
1333 2904 1427 2941 cor
1456 2895 1607 2941 tuum
1631 2888 1897 2957 posueris,
1928 2904 2038 2944 non

468 2995 628 3049 posse
654 2981 723 3035 ab
762 2980 983 3035 homine
1012 2979 1298 3044 custodiri,
1330 2995 1437 3032 non
1461 2980 1736 3035 custodies
1763 2996 1848 3035 ea.
1880 2980 2036 3036 Nunc

467 3082 647 3129 autem
688 3072 811 3127 dico
840 3074 934 3126 tibi
961 3088 973 3123 :
1003 3071 1060 3125 Si
1093 3088 1198 3125 non
1229 3072 1557 3127 custodieris
1605 3073 1719 3127 haec
1764 3075 2039 3136 mandata,

468 3165 800 3222 ctomiseris
839 3164 990 3237 (28),
1039 3181 1145 3219 non
1174 3165 1296 3223 .eris
1336 3165 1555 3229 salvus,
1590 3181 1766 3234 neque
1806 3168 1899 3219 fil.i
1938 3168 2038 3231 tui,

470 3272 645 3331 neque
667 3256 865 3310 domus
893 3264 1021 3321 tua;
1059 3255 1185 3324 quia
1230 3256 1341 3323 ipse
1368 3256 1722 3324 judicaveris,
1756 3258 1897 3327 quod
1931 3273 2041 3311 non

470 3349 687 3418 possint
713 3348 829 3409 haec
852 3349 1105 3405 mandata
1135 3349 1202 3409 ab
1232 3350 1456 3404 homine
1476 3350 1758 3405 custodiri.

2128 2615 2222 2667 τοῦ
2254 2616 2553 2687 δυναμένου
2594 2618 2831 2688 τηρῆσαι
2872 2618 3062 2679 αὑτάς.
3112 2617 3227 2668 Οὐκ
3272 2610 3417 2677 οἶδα,
3462 2612 3647 2684 κύριε,
3673 2612 3722 2667 εἰ

2133 2706 2389 2760 δύνανται
2419 2710 2475 2759 αἱ
2503 2709 2715 2761 ἐντολαὶ
2760 2702 2920 2761 αὗται
2966 2708 3072 2760 ὑπὸ
3107 2707 3318 2759 πολλῶν
3354 2706 3728 2775 φυλαχθῆναι,

2136 2797 2268 2851 διότι
2297 2799 2527 2871 σκληραί
2562 2802 2717 2853 εἰσιν.
2762 2799 3066 2870 Ἐμόλέψας
3093 2799 3150 2851 δὲ
3181 2797 3341 2851 αὐτὸν
3364 2799 3393 2849 ὁ
3416 2795 3608 2860 δοῦλος
3633 2796 3730 2849 τοῦ

2140 2888 2275 2943 Θεοῦ
2310 2892 2446 2961 μετὰ
2488 2892 2689 2963 πολλῆς
2718 2892 3018 2965 αὐστηρίας
3058 2887 3227 2944 εἶπεν·
3260 2890 3523 2961 Ἀνανδρε
3546 2930 3562 2953 ,
3590 2892 3727 2959 ἀκη-

2142 2982 2352 3045 διαστὰ,
2381 2983 2609 3055 ῥᾴουμε,
2636 2986 2730 3038 καὶ
2764 2984 3074 3054 ὀλιγόψυχε,
3108 2985 3208 3036 οὐκ
3238 2979 3406 3045 οἶδας,
3432 2983 3516 3035 ὅτι
3548 2982 3647 3034 ἐὰν
3670 2984 3731 3033 ἐν

2143 3078 2225 3128 σοὶ
2257 3077 2437 3146 ἐαυτῷ
2476 3077 2651 3148 προοῇ
2682 3078 2764 3130 ὅτι
2807 3076 3057 3130 δύνανται
3091 3075 3457 3145 φυλαχθῆναι,
3488 3074 3730 3135 εὐκόλως

2141 3167 2310 3229 αὑτὰς
2354 3166 2628 3237 φυλάξεις,
2681 3170 2772 3221 καὶ
2821 3170 2920 3221 οὐκ
2968 3168 3182 3220 ἔσονται
3234 3166 3503 3236 σκληραξς
3566 3166 3631 3216 Εἰ
3673 3164 3730 3216 δὲ

2142 3258 2317 3329 ἀναϐῇ
2349 3261 2442 3312 ἐπὶ
2469 3261 2568 3332 τὴν
2600 3260 2829 3330 καρδίαν
2871 3276 2987 3321 σου,
3019 3260 3079 3311 οὐ
3110 3257 3371 3311 δύνασθαι
3411 3256 3584 3318 αὑτὰς
3626 3254 3732 3307 ὑπὸ

2142 3350 2443 3422 ἀνθρώπων
2469 3352 2825 3423 φυλαχθῆναι,
2859 3353 2919 3406 οὐ
2943 3351 3196 3420 φυλάξεις
3230 3350 3419 3413 αὑτάς.

1920 3466 2149 3521 CAPUT
2186 3466 2274 3521 ιγ.

539 3551 669 3609 Ηειδο
698 3553 834 3609 mihi
865 3555 1217 3609 vehementer
1255 3554 1518 3611 iracunde
1546 3556 1761 3611 locutus
1782 3565 1886 3623 est,
1919 3557 1992 3612 ita
2016 3569 2075 3613 ut
2100 3568 2432 3613 conterrerct
2468 3574 2553 3613 me
2576 3559 2753 3614 valde.
2782 3558 3001 3614 Vultum
3027 3558 3172 3612 enim
3206 3573 3366 3611 suum
3392 3566 3729 3625 mutaverat,

470 3659 546 3705 ita
574 3658 635 3705 ut
668 3666 775 3705 non
804 3659 989 3720 posset
1018 3650 1181 3705 homo
1207 3653 1479 3707 sustinere
1507 3654 1643 3708 iram
1672 3654 1811 3725 ejus.
1846 3654 2058 3709 Etcum
2082 3656 2311 3712 vidisset
2335 3672 2422 3711 me
2448 3659 2833 3713 conturbatum
2870 3668 3043 3713 totum
3092 3666 3146 3712 et
3190 3654 3483 3710 confusum
3507 3697 3524 3723 ,
3561 3655 3734 3725 C(Bpil

471 3748 620 3819 loqui
648 3747 981 3802 moderatius
1007 3756 1057 3801 et
1089 3747 1336 3812 hilarius,
1360 3748 1548 3803 dicens
1575 3767 1588 3802 :

473 3840 645 3896 Stulte
677 3850 732 3895 et
754 3840 1029 3896 insensate
1056 3840 1191 3910 (29),
1210 3822 1529 3895 inconstans
1558 3848 1613 3894 et
1641 3840 1901 3909 ignorans
1926 3839 2037 3909 (50)

2146 3840 2219 3893 Οὐ
2248 3843 2386 3904 νοεῖς
2420 3840 2517 3913 τὴν
2546 3841 2703 3907 δόξαν
2747 3842 2842 3894 τοῦ
2884 3842 3038 3907 Θεοῦ,
3077 3844 3195 3907 πῶς
3232 3844 3439 3917 μεγάλη
3484 3844 3599 3896 ἐστὶ
3637 3845 3730 3899 καὶ

472 3932 809 4001 majestatem
844 3933 959 3999 Dei,
985 3948 1150 4002 quam
1176 3948 1406 4001 magnus
1434 3932 1547 4002 (51)
1572 3948 1847 4002 quamque
1876 3931 2041 3985 mira-

472 4023 596 4079 bilis
623 4025 713 4091 sit,
751 4024 843 4094 qui
890 4024 1077 4080 orbem
1126 4026 1331 4081 creavit
1365 4035 1587 4095 propter
1633 4024 1946 4092 hominem,
1990 4033 2043 4079 et

471 4132 687 4171 omnem
718 4127 1023 4172 creaturam
1052 4118 1278 4188 subjecit
1307 4118 1537 4183 homini,
1569 4125 1623 4171 et
1652 4131 1869 4170 omnem
1898 4125 2044 4185 pote-

471 4218 666 4265 statem
698 4209 844 4263 dedit
868 4209 967 4275 illi,
1002 4219 1061 4263 ut
1081 4210 1390 4264 dominetur
1413 4209 1609 4263 horum
1636 4208 2039 4262 mandatorum.

472 4299 776 4367 Dominari,
805 4301 1001 4371 inquit,
1035 4310 1211 4371 potest
1242 4301 1488 4355 omnium
1528 4301 1723 4354 horum
1757 4301 2042 4355 mandato-

472 4408 615 4458 rum,
644 4393 737 4462 qui
767 4392 928 4447 habet
953 4392 1240 4448 Dominum
1284 4394 1337 4446 in
1380 4394 1543 4448 corde
1576 4409 1695 4447 suo.
1729 4392 1829 4457 Qui
1860 4403 2041 4449 autem

473 4483 675 4537 habent
703 4483 991 4538 Dominum
1034 4484 1089 4538 in
1118 4485 1276 4539 labiis
1298 4486 1414 4539 suis
1451 4485 1587 4553 (52),
1620 4496 1669 4539 ct
1702 4501 1799 4541 cor
1824 4486 2040 4540 illorum

473 4573 731 4629 obtusum
756 4584 860 4643 est,
892 4586 947 4631 et
973 4576 1132 4646 longe
1160 4585 1287 4631 sunt
1317 4593 1347 4630 a
1376 4575 1608 4631 Domino
1634 4578 1713 4646 ⁸¹;
1750 4579 1857 4635 illis
1886 4596 2040 4634 man-

542 4731 704 4789 ”lsa.
739 4747 891 4801 χιιι,
920 4732 1021 4800 15;
1056 4732 1215 4789 Joan.
1248 4748 1348 4799 xu,
1386 4732 1486 4799 40;
1513 4734 1558 4785 II
1597 4732 1723 4787 Cor.
1752 4748 1831 4797 ιιι,
1859 4733 1945 4785 14.

2146 3934 2338 4005 ἰσχυρὰ
2386 3935 2479 3987 καὶ⁵
2528 3934 2834 4007 θαυμαστή⁸
2886 3936 2967 3988 ὃτι
3015 3934 3225 3989 ἔκτισεν
3272 3938 3365 3989 τὸν
3399 3937 3603 4009 κόσμον
3640 3937 3728 3990 διὰ

2141 4024 2231 4079 τὸν
2275 4025 2592 4096 ἄνθρωπον,
2642 4028 2735 4079 κα)⁸
2792 4027 2892 4098 τὴν
2952 4026 3199 4092 ἐξουσίαν
3244 4030 3462 4082 ἅπασαν
3526 4029 3726 4081 ἔδωκεν

2142 4113 2289 4184 αὐτῷ
2313 4114 2583 4185 κυριεύειν
2610 4116 2826 4168 πάντων
2847 4116 2953 4169 τῶν
2982 4118 3072 4169 ἐπὶ
3101 4118 3199 4188 τῆς
3228 4119 3359 4189 γῆς;
3385 4119 3446 4171 ΕΞ
3475 4114 3567 4171 οὖν
3594 4119 3726 4171 πάν.

2142 4224 2248 4261 των
2288 4208 2494 4261 τούτων
2543 4208 2899 4279 όεᾶνθρωπος
2947 4208 3135 4280 κύριός
3180 4211 3329 4272 ἐστι,
3365 4211 3458 4262 καὶ
3506 4210 3725 4261 πάντων

2143 4302 2363 4355 δύναται
2392 4300 2842 4372 κατακυριεῦσαι,
2886 4301 3004 4363 πῶς
3051 4302 3112 4353 οὐ
3143 4301 3430 4372 δυνήσεται
3473 4302 3566 4355 καὶ
3603 4301 3725 4354 τού-

2148 4411 2256 4447 των
2301 4394 2407 4445 τῶν
2456 4393 2679 4446 ἐντολῶν
2730 4391 3187 4464 κατακυριεῦσαι;
3334 4395 3494 4447 Ὥστε
3535 4396 3722 4447 πασῶν

2148 4486 2255 4538 τῶν
2302 4486 2528 4539 ἐντολῶν
2570 4486 2773 4538 τούτων
2823 4483 3250 4556 κατακυριεῦσαι
3294 4486 3322 4538 ό
3370 4486 3722 4557 ἄνΟρωπος,ό

2150 4577 2288 4648 ἔχων
2321 4577 2411 4635 τὸν
2443 4580 2645 4650 Κύριον
2690 4579 2747 4631 ἐν
2780 4579 2847 4649 τῇ
2888 4576 3084 4648 καρδίᾳ
3112 4576 3298 4631 αὐτοῦ’
3347 4579 3395 4630 οἱ
3441 4577 3496 4630 δὲ
3525 4578 3619 4631 ἐπὶ
3655 4578 3721 4633 τὰ

1570 4846 1811 4905 VARIA‘J
1848 4847 2232 4903 LECTIONES
2270 4849 2360 4904 ET
2394 4848 2623 4903 NOT/E.

543 4964 657 5034 (17)
687 4965 877 5035 Lamb.
911 4964 1137 5035 parebit.

542 5037 657 5099 (18)
687 5034 879 5091 Lamb.
910 5034 1159 5105 accipies.

544 5108 658 5177 (19)
694 5106 825 5162 Mss.
860 5107 1019 5175 Angl.
1052 5106 1117 5160 ab
1153 5106 1271 5161 illa.

1367 5177 1528 5232 lectio
1573 5173 1934 5248 conﬁrmatur
1975 5188 2043 5248 ex
2106 5152 2109 5155 Ι

467 5244 580 5304 ms.
621 5244 777 5304 Bodl.
805 5247 895 5303 Sic
925 5260 980 5303 et
1018 5264 1165 5315 mox,
1192 5244 1426 5302 subdita.
1468 5250 1587 5317 lpse
1620 5254 1798 5299 tamen
1831 5244 2041 5309 maluit,

467 5318 736 5381 subiectus
866 5319 1121 5411 subjecta.

550 5390 657 5411 lQl\
688 5388 701 5411 I
733 5391 850 5411 Δ....ι.
921 5389 938 5411 Ι
972 5390 1072 5411 -Ι-Ι.
1090 5407 1162 5411 _-__
1217 5389 1279 5411 ἵ).
1304 5404 1427 5411 ...ι-ι--
1460 5405 1472 5411 -
1503 5404 1698 5411 _--_----
1734 5391 1860 5411 --_--.‘

546 5390 659 5458 (21)
684 5388 875 5446 Lamb.
921 5388 1187 5443 Volebam.
1217 5389 1283 5443 Et
1304 5404 1431 5443 mox
1460 5405 1472 5440 :
1499 5404 1700 5457 possem
1729 5391 1937 5442 servire.

546 5460 660 5530 (22)
695 5459 826 5519 Mss.
858 5460 1021 5531 Angl.
1054 5461 1278 5529 confide.
1308 5459 1398 5514 Sic
1441 5469 1494 5513 et
1537 5459 1667 5513 odit.
1710 5460 1837 5513 Felli
1868 5460 2042 5513 Oxon.

474 5529 558 5587 Μ.
587 5532 709 5598 ﬁde.
951 5529 971 5531 ⁷

549 5601 663 5668 (25)
695 5600 825 5671 Mss.
853 5602 1012 5671 Angl.
1043 5602 1186 5655 bene.

552 5670 667 5739 (24)
699 5670 823 5726 Hzee
856 5670 1022 5727 habet
1046 5670 1627 5742 pseudo-Athanasius
1658 5672 1904 5739 numJS,
1924 5687 2045 5742 pag.

476 5742 672 5877 2532's)
703 5811 777 5870 ua
810 5827 945 5869 mss.
981 5810 1337 5883 Vict.,Carm.
1366 5822 1421 5871 et
1443 5812 1635 5871 Lamb.
1662 5810 1739 5871 ita
1773 5823 1829 5871 et
1847 5810 2050 5869 Foslius-

2151 4964 2356 5029 (ΙΙ-ποθ,
2392 4964 2477 5015 ἴνα
2601 4963 2843 5032 γένηται.
2876 4960 3040 5027 Editi,
3070 4962 3178 5030 ﬁet.

2224 5035 2335 5099 (26)
2366 5034 2494 5089 Mss.
2522 5034 2679 5101 Angl.
2710 5035 2862 5086 deest
2889 5034 3141 5101 fructum.

2225 5106 2337 5172 (27)
2365 5105 2441 5158 Ex
2474 5100 2655 5157 Docti.
2682 5104 2751 5155 ad
2781 5100 3047 5165 Antioch"
3081 5118 3232 5156 num.
3263 5100 3355 5162 21,
3389 5117 3513 5171 pag.
3541 5101 3691 5157 265.‘

2224 5176 2339 5243 (28)
2373 5175 2563 5229 Lamb.
2614 5173 3053 5227 dissimulaveris.
3110 5172 3169 5227 ln
3217 5172 3378 5226 editis
3418 5172 3608 5227 erca
3639 5176 3720 5228 hic

2153 5247 2364 5301 mutila.

2223 5316 2337 5385 (29)
2366 5316 2495 5370 Mss.
2528 5315 2683 5385 Angl.
2725 5315 2890 5383 fatue.
2944 5313 3203 5382 Sequitur
3239 5313 3719 5383 pseudo-Athana-

2157 5388 2271 5442 sius
2296 5388 2329 5441 Ι.
2356 5404 2405 5441 c.
2430 5386 2858 5455 przecedentilius
2881 5386 3119 5439 omissis.

2226 5456 2339 5525 (50)
2371 5452 2779 5514 Carm..V'ictor.
2802 5465 2851 5509 et
2879 5455 3330 5525 Lamb.jgnoras.
3355 5453 3493 5509 Vide
3514 5453 3715 5525 Grreca.

2227 5522 2340 5595 (51)
2381 5526 2509 5580 Mss.
2551 5525 2925 5596 Angl.,(2arm.
2960 5533 3012 5596 et
3045 5522 3259 5596 Victor.
3287 5542 3503 5596 magna.
3549 5524 3638 5579 Sic
3669 5536 3718 5577 et

2156 5599 2363 5653 Graeca.
2397 5596 2491 5649 llic
2514 5594 2769 5649 mendum
2796 5594 3013 5664 irrepsit
3041 5595 3093 5646 in
3124 5596 3253 5648 edit.
3281 5594 3461 5649 Οκοιι.
3491 5596 3582 5650 ubi
3612 5596 3713 5649 sic:

2155 5684 2311 5735 quam
2334 5683 2573 5735 magnus,
2610 5682 2864 5735 quamque
2890 5665 3203 5735 miserabilis
3229 5667 3320 5718 sit.

2230 5738 2343 5808 (52)
2376 5734 2559 5793 carm.
2603 5734 2659 5790 et
2695 5734 2884 5808 Lamb.
2916 5734 3102 5800 deest,
3133 5737 3280 5808 suis.
3306 5736 3382 5790 Ita
3417 5746 3473 5790 et
3512 5736 3713 5801 Gram,

2160 5805 2259 5865 nec
2289 5822 2400 5866 non
2426 5822 2581 5866 sacer
2607 5807 2777 5869 codex
2800 5819 2963 5879 quem
2990 5806 3217 5880 respicit
3237 5805 3489 5864 Hennas.
