4002 6308
1276 379 1575 437 PASTOR.
1609 408 1679 418 —
1716 377 1846 436 LIB.
1887 380 1952 443 ll,
1995 376 2385 434 MANDATUM
2420 375 2536 432 XII.

3431 375 3548 432 950

282 502 444 574 χείλη
482 501 696 572 ἔχοντες
727 499 822 554 τδν
857 498 1083 570 Κύριον,
1112 497 1214 568 τὴν
1245 495 1304 548 δὲ
1334 495 1563 568 καρδίαν
1602 511 1864 566 πεπωρω-

1975 495 2098 549 data
2133 493 2246 548 haec
2268 493 2408 548 dura
2451 498 2582 548 sunt
2614 499 2669 545 et
2693 488 2951 545 difﬁcilia.
2978 489 3169 546 Ponite
3201 505 3332 558 ergo
3361 489 3534 554 vobis,

216 604 229 614 '
285 596 488 668 μένην,
527 596 621 650 καὶ
660 592 878 665 μακρὰν
912 592 1065 654 ὄντες
1107 589 1216 644 ἀπὸ
1248 588 1343 642 τοῦ
1392 587 1598 659 Κυρίου
1642 586 1749 640 διὰ·
1767 586 1867 657 τὴν

283 686 499 739 ἑαυτῶν
531 683 823 756 ρᾳθυμίαν,
857 681 1087 744 ἐκείνοις
1118 680 1174 732 αἱ
1205 677 1417 731 ἐντολαὶ
1445 670 1603 729 αὗται
1637 675 1868 746 σκληραί

281 781 449 840 εἰσιν,
489 778 582 830 καὶ
610 773 1063 845 δυσκατόρθωτοι.
1099 770 1265 824 Θέσθε
1291 766 1407 835 οὖν,
1435 770 1592 840 ὑμεῖς
1616 769 1664 820 οἱ
1693 767 1866 836 ὀλιγό-

277 869 478 939 ψυχοι,
495 869 589 922 καὶ
611 867 836 937 ἐλαφροὶ
857 868 923 936 τῇ
949 865 1147 925 πίστει,
1168 863 1257 915 τὸν
1279 861 1480 932 Κύριον
1509 859 1865 922 ἀδιαλείπτως

276 964 367 1025 εἰς
394 961 496 1023 τὰς
527 958 754 1031 καρδίας
785 955 960 1028 ὑμῶν,
995 955 1088 1008 καὶ
1121 951 1394 1022 γνώσεσθε
1422 951 1503 1006 ὅτι
1540 950 1690 1003 οὐδέν
1718 949 1863 1001 ἐστιν

275 1051 653 1125 εὐκολώτερον
677 1049 785 1102 τῶν
821 1045 1047 1102 ἐντολῶν
1091 1045 1324 1108 τούτων,
1357 1042 1480 1096 οὔτε
1512 1040 1864 1111 γλυκύτερον,

211 1151 227 1158 “
275 1145 408 1199 οὔτε
437 1141 900 1216 ἡμερώτερον.....
936 1138 1046 1209 (55)
1065 1137 1237 1190 Βλέπε
1264 1134 1518 1206 στερεῶς,
1543 1134 1635 1186 καὶ
1659 1133 1716 1199 ἐξ
1740 1132 1866 1202 ὅλης

275 1241 384 1311 τῆς
409 1238 634 1309 καρδίας
655 1237 951 1306 ἐπίστρεφε
984 1233 1121 1304 πρὸς
1142 1229 1366 1302 Κύριον,
1397 1228 1491 1281 καὶ
1524 1228 1598 1299 μὴ
1624 1226 1865 1298 φοϐηὒῇς

278 1333 376 1390 τὸν
398 1331 662 1386 διάϐολον·
700 1329 927 1401 δύναμις
950 1326 1060 1397 γὰρ
1101 1325 1158 1376 ἐν
1200 1323 1349 1393 αὐτῷ
1393 1323 1498 1378 οὐκ
1534 1322 1678 1375 ἔστιν
1725 1321 1864 1374 κατὰ

277 1424 392 1476 τῶν
425 1422 626 1482 δούλων
672 1419 766 1474 τοῦ
813 1419 968 1472 Θεοῦ·
989 1420 1017 1470 ὁ
1045 1417 1176 1480 Θεὸς
1223 1415 1334 1486 γάρ
1375 1415 1520 1466 ἐστιν
1549 1415 1577 1466 ὁ
1609 1412 1861 1483 παρέχων

276 1517 382 1589 τὴν
405 1516 581 1586 νίκην.
628 1515 684 1567 Ὀ
709 1511 950 1574 διάϐολος
995 1509 1153 1581 μόνον
1193 1507 1354 1576 φόϐον
1399 1505 1532 1578 ἔχεις
1569 1507 1597 1558 ὁ
1619 1505 1675 1558 δὲ
1699 1504 1861 1574 φόϐος

275 1607 452 1663 αὐτοῦ
481 1607 667 1668 τόνους
696 1606 796 1659 οὐκ
836 1604 967 1674 ἔχει.
1000 1601 1092 1671 Μὴ
1115 1599 1368 1670 ,φοϐηθῇς
1405 1594 1498 1651 οὖν
1546 1597 1727 1660 αὐτὸν,
1768 1597 1860 1651 καὶ

275 1699 538 1769 φεύξεται
568 1697 676 1751 ἀπὸ
698 1681 813 1748 σοῦί

1970 585 2064 655 qui
2101 585 2258 645 vacui
2304 593 2359 638 et
2403 583 2548 638 leves
2583 581 2715 637 estis
2747 582 2800 636 in
2854 581 2987 646 fide,
3023 580 3310 636 Dominum
3368 580 3535 636 Deum

1969 685 2208 731 vestrum
2246 677 2297 728 in
2332 676 2495 730 corde
2528 674 2726 728 habere
2757 674 2909 742 (55);
2937 685 2991 729 et
3033 673 3363 744 intelligetis,
3389 673 3537 742 quod

1971 767 2107 821 nihil
2140 767 2352 822 facilius
2383 775 2466 822 est
2502 767 2592 822 his
2627 765 2934 831 mandatis,
2967 781 3142 835 neque
3181 766 3416 830 dulcius,
3446 779 3539 819 ne-

1969 874 2076 927 que
2111 859 2475 922 mansuetius,
2508 872 2683 927 neque
2715 857 2959 912 sanctius
2996 871 3010 909 :
3041 866 3094 911 et
3123 858 3418 911 convertite
3443 871 3540 911 vos

1970 948 2038 1002 ad
2067 948 2356 1004 Dominum
2391 947 2582 1012 Deum,
2610 955 2662 1002 et
2693 948 2982 1018 relinquite
3003 947 3276 1002 diabolmn
3308 957 3361 1002 et
3388 947 3540 1001 volu-

1968 1046 2147 1110 ptates
2174 1037 2285 1105 (54)
2309 1037 2459 1105 ejus;
2488 1036 2614 1107 quia
2647 1037 2804 1091 malae
2833 1045 2980 1100 sunt,
3013 1044 3065 1090 et
3102 1051 3320 1099 amarae,
3353 1036 3539 1097 etaim-

1973 1130 2208 1186 mundae.
2248 1128 2312 1182 Et
2346 1129 2512 1186 nolite
2562 1129 2752 1182 timere
2796 1128 3095 1193 diabolmn,
3139 1129 3267 1199 quia
3309 1129 3362 1182 in
3388 1127 3541 1184 vobis

1971 1231 2292 1293 potestatem
2348 1237 2457 1276 non
2504 1221 2686 1279 habet.
2745 1219 2854 1290 Ego
2893 1222 3036 1275 enim
3087 1222 3366 1280 vobiscum
3417 1233 3537 1274 sum

1968 1310 2192 1364 nuntius
2231 1309 2580 1380 paenitentiae,
2627 1309 2719 1380 qui
2763 1310 3014 1364 dominor
3063 1310 3226 1365 illius.
3283 1310 3554 1377 Diabolus,

1968 1412 2147 1456 autem
2196 1403 2446 1457 timorem
2478 1403 2636 1462 facit;
2671 1403 2764 1456 sed
2810 1404 2973 1456 timor
3017 1404 3162 1457 illius
3215 1420 3387 1458 vanus
3433 1414 3546 1464 est.

1968 1494 2144 1550 Nolite
2179 1509 2309 1565 ergo
2333 1493 2525 1550 timere
2551 1509 2702 1561 cum,
2727 1503 2781 1549 et
2811 1493 2980 1565 fugiet
2999 1511 3030 1548 a
3065 1494 3233 1551 vobis.

1732 1804 1962 1861 CAPUT
2019 1805 2084 1861 V.

356 1896 418 1952 Et
448 1897 560 1952 dixi
593 1896 670 1951 illi
706 1913 722 1950 :
752 1894 1000 1963 Domine,
1031 1895 1159 1951 audi
1193 1909 1280 1950 me
1313 1910 1486 1966 pauca
1521 1894 1688 1950 verba
1724 1895 1994 1950 dicentem
2032 1896 2145 1969 (56)
2185 1897 2303 1952 tibi.
2339 1897 2456 1963 Dic,
2495 1897 2700 1968 inquit.
2734 1897 2931 1967 llomo,
2957 1903 3202 1971 inquam,
3238 1903 3388 1970 cupit
3415 1905 3542 1973 qui-

273 1990 406 2046 dem
450 1989 708 2044 mandata
749 1987 844 2044 Dei
872 1989 1189 2055 custodire;
1227 1995 1279 2052 et
1306 2002 1468 2042 nemo
1498 1997 1582 2043 est
1616 1987 1709 2057 qui
1741 2003 1850 2042 non
1883 1999 2028 2057 petat
2058 2006 2089 2044 a
2121 1989 2354 2047 Domino
2377 2034 2392 2060 ,
2447 2001 2506 2045 ut
2529 1993 2704 2062 possit
2738 1993 2992 2048 mandata
3013 1994 3132 2065 ejus
3160 2009 3397 2050 servare.
3437 1994 3542 2049 Sed

272 2083 534 2141 diabolus
553 2082 723 2137 durus
754 2091 872 2149 est;
917 2089 971 2137 et
1002 2082 1245 2152 potentia
1281 2097 1378 2137 sua
1405 2081 1724 2136 dominatur
1748 2082 1799 2135 in
1837 2081 1933 2137 Dei
1964 2100 2177 2142 servos.

353 2181 466 2252 (57)
515 2181 589 2234 Ού
639 2177 860 2233 δύναται
911 2178 1020 2250 γὰρ
1066 2176 1552 2232 καταδυναστεύειν
1595 2177 1703 2230 τῶν
1747 2176 1864 2230 δού-

2043 2177 2111 2234 Ει
2138 2180 2276 2235 dixit
2311 2178 2467 2236 :Non
2502 2188 2680 2251 potest
2717 2179 2988 2235 dominari
3015 2179 3067 2234 in
3094 2179 3187 2234 Dei
3219 2196 3426 2250 servos,
3450 2183 3541 2252 qui

272 2273 392 2327 λων
425 2273 518 2326 τοῦ
553 2272 710 2336 Θεοῦ,
748 2271 855 2324 τῶν
887 2270 948 2336 ἐξ
993 2270 1120 2342 ὅλης
1159 2270 1385 2341 καρδίας
1418 2267 1744 2333 ἐλπιζόντων
1776 2269 1862 2321 ἐπ’

275 2364 466 2420 αὐτόν.
520 2364 749 2418 Δύναται
785 2358 878 2417 οῦν
923 2364 952 2416 ὁ
995 2361 1238 2424 διάϐολος
1287 2359 1564 2428 παλαῖσαι,
1616 2351 1863 2413 καταπαλ-

278 2457 467 2511 λαῖσαι
497 2457 552 2510 δὲ
588 2458 650 2510 οὐ
683 2455 927 2510 δύναται.
946 2455 1070 2508 Ἐὰν
1095 2450 1187 2507 οὖν
1221 2454 1474 2524 ἀντιστῇς
1498 2452 1679 2518 αὐτὸν,
1712 2469 1864 2522 νικη-

278 2552 401 2616 Oet;
424 2552 672 2622 φεύξεται
705 2551 812 2605 ἀπὸ
846 2549 938 2603 σοῦ
962 2548 1431 2622 κατῃσχυμμένος.

1971 2285 2038 2326 ex
2087 2272 2216 2327 totis
2245 2273 2557 2342 praecordiis
2586 2273 2638 2326 in
2671 2271 2963 2326 Dominum
3001 2273 3230 2328 credunt
3264 2275 3400 2345 (58).
3441 2273 3546 2328 Po-

1973 2373 2280 2420 testantem
2311 2365 2559 2420 diabolus
2587 2365 2780 2420 luctari
2804 2383 2818 2431 ;
2847 2369 2938 2421 sed
2969 2369 3184 2424 vincere
3213 2385 3322 2422 non
3343 2377 3541 2439 potest.

1974 2456 2032 2510 Si
2065 2455 2213 2512 enim
2261 2457 2519 2512 resistitis
2564 2456 2662 2524 illi,
2720 2455 2889 2528 fugiet
2939 2475 2967 2513 a
3011 2460 3165 2515 vobis
3187 2460 3448 2515 confusus
3474 2459 3542 2514 θ’.

1971 2547 2105 2603 Nam
2128 2550 2441 2621 quicunque
2463 2548 2565 2604 fide
2583 2549 2724 2619 pleni
2745 2565 2851 2604 non
2870 2561 3016 2619 sunt,
3037 2554 3228 2609 timent
3246 2553 3544 2621 diabolum,

274 2645 440 2724 quasi
476 2653 799 2715 potestatem
827 2641 1139 2706 habentem.
1180 2637 1438 2693 Diabolus
1472 2637 1617 2692 enim
1651 2646 1826 2693 tentat
1855 2653 2042 2694 servos
2093 2638 2218 2705 Dei,
2253 2649 2341 2706 et,
2394 2641 2440 2694 si
2475 2641 2740 2696 invenerit
2773 2658 2997 2709 vacuos,
3032 2647 3380 2702 exterminat.
3427 2646 3549 2710 Sic-

276 2744 474 2817 ut(39)
497 2745 643 2801 enim
680 2743 865 2806 homo,
891 2754 1016 2795 cum
1048 2737 1291 2807 implevit
1319 2737 1612 2806 amphoras
1636 2737 1780 2792 bono
1801 2737 1945 2805 vino,
1959 2745 2013 2792 et
2042 2737 2182 2793 inter
2207 2738 2328 2794 illas
2357 2739 2653 2808 amphoras
2668 2753 2874 2809 paucas
2904 2740 3235 2808 semiplenas
3261 2739 3468 2810 posuit,
3491 2749 3547 2794 et

276 2845 433 2900 venit
459 2855 518 2899 ut
544 2849 715 2898 tentet
740 2849 792 2894 et
819 2844 1000 2908 gustet
1024 2835 1360 2904 amphoras;
1396 2848 1505 2888 non
1533 2842 1704 2889 tentat
1729 2835 1950 2916 plenas;
1979 2836 2082 2890 scit
2102 2836 2247 2890 enim
2279 2837 2424 2906 quod
2465 2837 2620 2891 bonae
2655 2849 2822 2906 sunt;
2869 2839 3197 2908 semiplenas
3233 2846 3414 2893 autem
3442 2851 3545 2909 gu-

277 2948 414 3006 stat,
448 2955 516 2994 ne
544 2939 655 2994 sint
685 2933 854 2990 acidae
881 2931 1037 2986 facta:
1070 2945 1084 2984 :
1119 2930 1228 2984 cito
1258 2929 1402 2983 enim
1444 2930 1755 3000 semiplenae
1789 2931 2068 3000 amphorae
2104 2941 2384 2997 acescunt,
2410 2943 2464 2986 et
2489 2934 2722 3003 perdunt
2747 2947 2999 3000 saporem
3038 2930 3169 2985 vini.
3209 2930 3303 2984 Sic
3335 2939 3389 2984 et
3419 2929 3539 2985 dia—

277 3036 445 3090 bolus
467 3032 615 3087 venit
653 3029 720 3083 ad
762 3026 1010 3081 homines
1033 3041 1223 3082 servos
1253 3025 1370 3089 Dei,
1409 3035 1468 3080 ut
1489 3036 1656 3081 tentet
1691 3027 1834 3083 illos.
1869 3027 2198 3098 Quicunque
2223 3037 2404 3084 autem
2430 3029 2572 3098 pleni
2595 3038 2723 3084 sunt
2748 3029 2872 3092 tide,
2917 3029 3180 3082 resistunt
3207 3027 3257 3081 ei
3283 3025 3537 3092 fortiter;

277 3143 338 3190 et
359 3133 450 3187 ille
487 3127 692 3184 recedit
716 3125 785 3179 ab
807 3124 909 3189 eis,
954 3123 1083 3193 quia
1113 3137 1223 3177 non
1257 3123 1416 3177 habet
1445 3123 1626 3177 locum
1670 3123 1928 3178 intrandi.
1977 3123 2131 3180 Tune
2161 3125 2311 3180 vadit
2340 3125 2407 3180 ad
2457 3125 2582 3179 illos
2621 3125 2713 3194 qui
2761 3141 2868 3179 non
2934 3132 3062 3176 sunt
3121 3123 3225 3177 fide
3265 3120 3435 3191 pleni,
3482 3129 3539 3175 et

279 3221 545 3295 quoniam
578 3217 742 3272 habet
770 3215 974 3279 locum,
1003 3216 1128 3270 inde
1165 3215 1332 3269 intrat
1366 3215 1420 3270 in
1449 3216 1600 3282 illos;
1637 3224 1690 3270 et
1725 3232 2065 3286 quaecunque
2094 3218 2230 3283 vult,
2262 3218 2394 3273 facit
2417 3218 2550 3286 illis,
2573 3227 2628 3273 et
2652 3221 2790 3274 fiunt
2821 3218 3011 3274 famuli
3041 3217 3184 3287 ejus.

1738 3333 1971 3390 CAPUT
2004 3333 2086 3389 Vl.

359 3436 468 3494 Sed
521 3436 679 3490 vobis
728 3432 853 3488 dico
899 3444 1003 3500 ego
1042 3428 1270 3484 nuntius
1297 3428 1630 3498 poenitentiae
1659 3448 1673 3484 :
1702 3427 1780 3484 Ne
1818 3431 2062 3487 timeatis
2088 3431 2390 3488 diabolum.
2424 3433 2624 3491 Missus
2656 3435 2801 3491 enim
2836 3447 2982 3500 sum,
3016 3440 3076 3486 ut
3101 3431 3386 3487 vobiscum
3420 3429 3552 3493 sim,

280 3532 604 3603 quicunque
652 3542 716 3582 ex
769 3526 899 3580 totis
953 3521 1269 3594 praecordiis
1309 3521 1531 3591 egeritis
1578 3522 1980 3591 pmnitentiam,
2016 3532 2078 3579 ut
2107 3526 2424 3581 confirmem
2477 3543 2576 3582 vos
2607 3527 2662 3580 in
2697 3527 2821 3582 fide.
2862 3524 3084 3580 Credite
3125 3540 3257 3595 ergo
3287 3523 3424 3592 (40),
3455 3522 3551 3591 qui

282 3635 510 3697 propter
537 3621 734 3678 delicta
764 3627 946 3676 vestra
975 3616 1128 3673 obliti
1160 3615 1294 3672 estis
1326 3615 1519 3683 Deum,
1552 3626 1608 3672 et
1633 3618 1727 3687 qui
1755 3617 1982 3672 salutem
2024 3629 2260 3673 vestram
2286 3620 2608 3690 objicientes
2639 3621 2754 3690 (41)
2783 3621 3023 3691 peccatis
3056 3619 3276 3684 vestris,
3307 3617 3550 3688 gravatis

283 3718 455 3772 vitam
483 3727 720 3772 vestram
740 3711 928 3797 ,lquod
953 3712 998 3765 si
1025 3710 1278 3766 conversi
1307 3709 1524 3766 fueritis
1559 3711 1628 3766 ad
1652 3711 1946 3767 Dominum
1974 3729 2040 3768 ex
2075 3715 2206 3770 totis
2233 3716 2554 3785 praecordiis
2579 3717 2800 3783 vestris,
2833 3730 2889 3776 et
2921 3715 3227 3774 servieritis
3258 3715 3310 3768 ei
3352 3729 3548 3767 secun-

281 3817 416 3871 dum
461 3799 796 3870 voluntatem
838 3811 1033 3881 ipsius,
1078 3807 1229 3862 dabit
1273 3808 1575 3863 remedium
1605 3808 1897 3864 animabus
1926 3811 2121 3866 vestris
2157 3811 2296 3882 (42),
2335 3813 2676 3883 posthabitis
2705 3810 2946 3884 peccatis
2984 3807 3183 3864 vestris
3226 3803 3546 3876 prioribus;

282 3916 342 3964 et
364 3907 638 3962 habebitis
667 3912 988 3976 potestatem
1012 3905 1333 3961 dominandi
1367 3906 1624 3962 omnibus
1655 3907 1916 3976 operibus
1948 3906 2063 3979 (45)
2088 3908 2314 3964 diaboli.
3385 3953 3388 3958 .

357 4001 470 4075 (M)
504 4003 597 4074 Μὴ
629 4001 687 4054 δὲ
719 4001 818 4072 τὴν
857 4000 1086 4073 ἀπειλὴν
1123 3999 1286 4053 αὑτοῦ
1322 4001 1595 4073 δειλιάσῃς
1618 4019 1632 4032 ·
1681 4002 1864 4066 ἄτονος

2045 4001 2219 4058 Minas
2248 4015 2428 4061 autem
2470 4006 2618 4061 illius
2651 4007 2703 4059 in
2741 4013 2911 4060 totum
2944 4002 3134 4056 timere
3172 3998 3340 4054 nolite
3376 4013 3390 4050 :
3433 3994 3550 4048 sine

282 4094 400 4168 γὰρ
424 4095 500 4158 ὡς
534 4092 730 4164 νεκροῦ
772 4090 959 4164 νεῦρα.
1098 4093 1312 4146 Μᾶλλον
1337 4091 1599 4164 φοϐήθητι
1630 4092 1720 4145 τὸν
1754 4093 1864 4145 Κύ-

1977 4101 2177 4155 virtute
2200 4100 2344 4154 enim
2383 4109 2531 4165 sunt,
2562 4098 2706 4152 sicut
2734 4093 2973 4149 hominis
2994 4090 3194 4145 mortui
3226 4087 3397 4143 nervi.
3440 4085 3549 4140 Au-

291 4203 407 4258 ριον
437 4186 530 4240 τὸν
555 4183 850 4255 δυνάμενον
883 4181 1052 4236 σῶσαι
1085 4184 1180 4236 καὶ
1203 4183 1479 4238 ἀπολέσαι.

1979 4192 2090 4247 dite
2139 4208 2270 4263 ergo
2313 4206 2440 4257 me;
2474 4199 2527 4245 et
2566 4189 2751 4244 timete
2796 4187 3082 4239 Dominum
3115 4181 3548 4250 omnipotentem

287 4281 384 4350 qui
417 4288 596 4349 potest
623 4294 722 4334 vos
750 4278 932 4333 salvos
961 4277 1144 4332 facere
1180 4277 1293 4348 (45)
1334 4285 1388 4332 et
1424 4279 1649 4348 perdere
1675 4280 1756 4347 ⁸³;
1803 4293 1856 4337 et
1901 4286 2171 4341 custodite
2205 4285 2462 4340 mandata
2508 4283 2663 4353 ejus,
2695 4291 2754 4336 ut
2780 4279 2976 4334 vivatis
3006 4277 3136 4329 Deo.
3175 4271 3242 4326 Et
3282 4271 3392 4326 dixi
3431 4270 3502 4322 illi
3534 4287 3548 4322 :

289 4371 543 4436 Domine,
590 4370 756 4426 modo
790 4367 1150 4425 confirmatus
1190 4383 1312 4422 sum
1344 4368 1398 4422 in
1431 4369 1690 4426 omnibus
1728 4374 2001 4430 mandatis
2038 4374 2274 4441 Domini,
2313 4372 2555 4444 quandiu
2593 4387 2806 4426 mecum
2850 4386 2947 4433 es;
2997 4379 3049 4424 et
3077 4367 3196 4422 scio
3234 4363 3381 4434 quod
3411 4376 3544 4414 con-

287 4465 496 4536 fringes
519 4479 738 4520 omnem
761 4463 1011 4518 virtutem
1037 4459 1239 4514 diaboli
1265 4460 1399 4530 (46).
1430 4459 1536 4516 Sed
1562 4472 1616 4518 et
1641 4479 1741 4520 nos
1770 4469 2222 4537 exsuperahimus
2251 4467 2428 4532 illum,
2460 4465 2506 4521 si
2533 4479 2828 4533 possumus
2862 4462 2975 4530 (4⁸1)
3005 4447 3260 4513 mandata
3289 4455 3404 4508 haec
3431 4467 3554 4521 qua:

289 4557 625 4629 praecepisti,
677 4555 910 4611 Domino
945 4554 1328 4618 conlirmante,
1376 4553 1675 4609 custodire.
1709 4555 2021 4625 Custodies,
2058 4559 2260 4628 inquit,
2285 4555 2332 4612 si
2379 4570 2474 4610 cor
2520 4563 2673 4608 tuum
2705 4552 3084 4624 puriticaveris
3136 4549 3202 4604 ad
3235 4545 3548 4600 Dominum.

294 4651 400 4709 Sed
433 4665 489 4708 et
518 4667 712 4708 omnes
741 4650 1050 4706 custodient
1072 4686 1088 4710 ,
1125 4646 1224 4716 qui
1260 4646 1670 4717 puriticaverint
1691 4649 1861 4704 corda
1896 4665 1996 4706 sua
2019 4668 2050 4705 a
2076 4650 2236 4707 vanis
2264 4649 2659 4722 cupiditatibus
2694 4647 2860 4718 hujus
2895 4643 3104 4708 saeculi,
3135 4653 3190 4698 et
3216 4642 3400 4697 vivent
3421 4636 3575 4707 Deo.‘

434 4771 481 4802 ⁸³
503 4767 620 4825 Jac.
649 4785 723 4837 iv,
754 4770 804 4823 7.
882 4768 1135 4825 8’Matth.
1163 4787 1218 4839 ι,
1243 4769 1348 4838 28;
1373 4770 1507 4825 Luc.
1534 4785 1634 4837 xu,
1661 4771 1713 4825 5.

1397 4908 1635 4966 νΑκιΑς
1678 4905 2057 4964 LECTIONES
2092 4904 2180 4960 ΕΤ
2214 4902 2443 4961 NOTAE.

360 5003 477 5074 (55)
504 5000 591 5074 Al.
631 5008 860 5074 vestrum
905 5009 954 5074 et
1002 5002 1058 5054 in
1098 5001 1250 5055 corde
1297 5000 1504 5055 habere.
1555 4998 1688 5054 Felli
1732 4999 1862 5054 edit.

286 5071 469 5132 Oxon.
493 5081 542 5125 et
570 5072 625 5124 in
653 5071 808 5124 corde
836 5071 1038 5125 habete.

364 5141 605 5224 (34)_Ms.
632 5139 839 5195 Victor.
876 5141 1191 5195 voluntates.
1240 5141 1306 5196 Et
1345 5155 1471 5199 mox
1527 5139 1718 5195 Lamb.
1751 5155 1868 5210 qua:

327 5229 392 5270 ro
415 5230 562 5276 quia.

285 5231 796 5353 Ρΐῗῦιξὶπῖίιιριθηυε
823 5281 1399 5352 pseudo-Athanasius
1425 5297 1577 5336 num.
1612 5281 1704 5348 21,
1734 5298 1860 5350 pag.

283 5355 416 5412 264.
461 5355 592 5419 Quae
635 5361 816 5406 autem
862 5362 1167 5422 sequuntur
1216 5353 1437 5406 exhibet
1479 5362 1670 5407 auctor
1717 5368 1867 5405 num.

290 5428 395 5496 l2,
415 5439 538 5496 pag.
571 5422 699 5496 258,
724 5423 1067 5496 aliquantum
1091 5424 1326 5496 diversa,
1355 5431 1410 5477 ut
1433 5424 1654 5478 assolet.

362 5491 598 5562 (36)'Sic
623 5491 778 5545 Bodl.
807 5491 988 5548 Fellus
1020 5501 1224 5557 autem,
1253 5494 1568 5563 loquentem.

365 5561 481 5633 (57)
508 5565 583 5635 Εγκ
609 5564 1152 5635 pseudo-Athanasio
1178 5561 1326 5616 num.
1363 5564 1464 5635 12,
1491 5580 1615 5635 pag.
1647 5561 1775 5616 258.

366 5635 480 5704 (58)
501 5634 612 5704 Ms.
656 5634 797 5704 Yict.
843 5634 896 5686 in
931 5633 1096 5686 Deum
1135 5643 1369 5704 sperant.
1404 5633 1632 5689 Exhibet
1661 5640 1870 5702 sperant

291 5703 460 5762 etiam
492 5703 644 5758 Bodl.
683 5703 756 5756 Ita
787 5713 842 5756 et
867 5703 1073 5758 Graeca.

369 5772 668 5849 (59)_Hu_t_ic
703 5775 880 5849 locum
913 5774 1392 5849 laudatOrigenes,
1413 5785 1570 5831 tract.
1602 5775 1692 5841 51,
1720 5773 1874 5828 Cont-

298 5843 472 5901 meut.
492 5846 544 5898 in
572 5843 765 5899 Matth.
800 5861 944 5910 xxiv,
975 5845 1060 5899 li.

2045 4995 2158 5065 (40)
2189 4995 2296 5065 Ista
2325 4989 2616 5065 exscripsit
2640 4989 2942 5065 Antiochus
2968 4987 3156 5042 homil.
3183 4985 3256 5043 71

2049 5056 2161 5137 (41)
2220 5063 2350 5118 Mss.
2387 5056 2550 5137 Αιιείτ
2597 5072 2645 5114 et
2701 5059 2925 5137 salutem
2981 5071 3208 5137 vestram
3239 5056 3548 5137 “adﬁrmas.

1977 5125 2208 5191 wakius
2232 5143 2414 5191 autem
2439 5125 2510 5186 ita
2538 5132 2683 5186 hunc
2705 5133 2882 5186 locum
2911 5128 3149 5183 restituit
3180 5143 3194 5180 :
3232 5125 3396 5180 Obliti
3425 5126 3552 5177 em.

1975 5206 2147 5261 Deum
2169 5216 2218 5260 et
2250 5204 2475 5258 salutem
2509 5212 2732 5256 vestram
2755 5219 2772 5265 ;
2798 5213 2846 5255 et
2883 5201 2974 5270 qui
2996 5197 3304 5267 adjicientes
3326 5198 3552 5265 peccatis

1975 5279 2185 5341 vestris,
2218 5274 2453 5347 grauatis
2483 5275 2646 5347 vitam
2680 5283 2924 5347 vestram.

2049 5335 2182 5419 (ιε)
2206 5335 2284 5419 luta
2328 5344 2512 5399 Fcllus
2545 5345 2598 5396 in
2618 5360 2731 5419 sua
2755 5344 2884 5398 edit.
2914 5341 3090 5396 Oxon.
3122 5352 3189 5394 ex
3220 5350 3352 5391 mss.
3389 5335 3547 5407 Angl.

1977 5420 2061 5474 Al.
2096 5417 2381 5486 remedium
2427 5417 2674 5486 peccatis.

2047 5491 2157 5558 (15)
2189 5489 2316 5542 Mss.
2350 5485 2534 5557 Angl.,
2565 5486 2796 5558 omnium
2823 5498 3056 5558 operum.

2050 5545 2163 5630 (44)
2195 5559 2321 5612 llaec
2352 5545 2918 5630 pseudo-Athanasius
2967 5567 3112 5630 num.
3167 5549 3253 5630 12,
3299 5546 3402 5604 sub
3423 5545 3550 5628 init.

1979 5618 2102 5700 pair.
2134 5618 2261 5700 958,
2287 5618 2520 5700 quorum
2555 5625 2773 5700 quidem
2813 5623 2993 5700 priora
3047 5624 3115 5677 ab
3155 5621 3279 5700 aliis
3323 5618 3551 5680 omissa.

2053 5694 2166 5769 (45)
2381 5694 2769 5769 potest‘salvum
2800 5694 2990 5766 [πέντε.
3154 5699 3158 5704 .

2054 5766 2167 5836 (Mi)
2197 5768 2384 5822 Lamb.
2423 5766 2642 5820 inimici.

2066 5841 2177 5909 (47)
2210 5839 2337 5895 Mss.
2371 5837 2528 5908 Angl.
2560 5846 2609 5890 et
2643 5849 2944 5908 possumus.
