4002 6308
193 350 310 410 955
1319 342 1617 402 PASTOR.
1655 371 1728 386 ν-
1764 340 1894 399 LIB.
1931 342 2020 409 Ill,
2061 342 2261 400 SlMlL.
2299 344 2367 400 ll.
3368 340 3474 400 95’s

192 476 319 535 sua,
353 464 470 522 sine
496 464 696 536 injuria
717 464 931 521 hilaris.
965 466 1077 524 Vos
1105 465 1272 538 igitur
1294 466 1472 523 videte
1496 466 1591 538 qui
1619 465 1837 522 servitis
1878 465 2011 534 Deo,
2051 476 2104 522 et
2140 467 2357 522 habetis
2379 482 2507 522 eum
2529 466 2585 522 in
2609 462 2868 523 cordibus
2897 461 3099 520 vestris
3125 478 3139 518 :
3164 462 3471 533 operamini

134 584 144 639 ς
192 574 368 632 opera
397 558 511 625 Dei,
539 571 812 613 memores
843 559 1227 615 mandatorum
1254 565 1309 614 et
1335 558 1736 629 promissorum
1758 556 1881 628 ejus
1905 573 2029 631 qua:
2055 557 2169 628 (59)
2198 559 2486 629 promisit;
2519 567 2575 614 et
2601 558 2812 614 credite
2830 557 2902 625 ei,
2926 557 3072 628 quod
3102 556 3264 612 faciet
3290 556 3468 621 vobis,

191 655 246 712 si
296 654 552 710 mandata
582 651 705 723 ejus
745 652 1135 710 custodieritis.
1183 651 1291 708 Pro
1319 653 1467 724 agris
1495 668 1627 724 ergo
1659 667 1802 723 quos
1847 667 2032 708 emere
2055 653 2361 722 volueritis,
2393 654 2645 710 redimite
2686 655 2903 710 animas
2927 655 2995 709 de
3024 652 3466 715 necessitatibus,

190 757 366 819 prout
390 748 623 819 quisque
652 757 857 821 potest;
882 754 939 802 et
966 747 1160 802 viduas
1180 746 1229 778 ⁸⁵
1248 746 1535 811 absolvite,
1564 744 1828 815 orphanis
1851 744 1964 816 (60)
1990 745 2253 815 judicate,
2279 756 2333 802 et
2355 759 2487 817 opes
2509 762 2573 802 ac
2595 746 2815 804 divitias
2841 756 3052 803 vestras
3075 748 3127 802 in
3155 745 3469 817 huiusmodi

181 841 459 913 operibus
480 841 590 912 (6i)
609 840 938 897 consumite.
966 839 1021 893 In
1043 840 1149 894 hoc
1172 838 1319 893 enim
1344 851 1442 893 vos
1465 835 2115 905 Dominuslocupletavit,
2131 846 2191 891 ut
2210 837 2525 909 huiusmodi
2543 838 2847 894 ministeria
2867 841 3151 908 expleatis.
3171 838 3336 892 Multo
3355 853 3469 891 me-

180 936 302 991 lius
328 945 414 992 est
437 934 552 991 haec
580 934 781 1003 facere,
807 948 973 1006 quam
996 948 1160 1003 agros
1190 942 1285 987 aut
1306 932 1500 987 domos
1520 946 1743 997 emere;
1775 931 2043 1001 quoniam
2077 932 2193 987 haec
2226 933 2411 989 omnia
2442 935 2701 1004 peribunt
2726 935 2780 988 in
2811 934 3014 989 saecqu
3047 951 3059 986 :
3092 940 3148 985 at
3192 928 3303 1001 (62)
3347 942 3470 997 quae

179 1041 293 1097 pro
328 1028 551 1084 nomine
583 1028 678 1083 Dei
712 1028 930 1097 feceris,
964 1029 1214 1086 invenies
1240 1030 1295 1085 in
1327 1028 1550 1086 civitate
1574 1036 1691 1093 tua,
1716 1035 1772 1082 et
1797 1027 2025 1082 habebis
2043 1028 2309 1099 gaudium
2333 1030 2454 1085 sine
2478 1030 2702 1086 tristitia
2733 1038 2787 1085 et
2821 1029 3043 1083 timore.
3075 1024 3303 1079 Divitias
3338 1036 3470 1091 ergo

185 1122 442 1195 gentium
465 1122 633 1178 nolite
654 1138 876 1194 cupere,
907 1123 1231 1195 perniciosa:
1259 1131 1390 1180 sunt
1418 1122 1564 1179 enim
1589 1120 1765 1177 servis
1798 1119 1889 1176 Dei
1913 1138 1928 1188 ;
1955 1121 2023 1177 de
2055 1122 2296 1193 propriis
2328 1133 2517 1179 autem
2545 1139 2685 1194 quas
2723 1123 2957 1187 habetis,
2978 1135 3042 1176 ea
3070 1117 3235 1189 agite,
3269 1113 3471 1185 quibus

181 1216 425 1287 possitis
463 1216 725 1288 consequi
752 1217 1035 1289 gaudium.
1068 1215 1131 1272 Et
1163 1216 1332 1273 nolite
1363 1216 1695 1279 adulterare,
1739 1227 1840 1269 nec
1869 1213 2096 1271 alterius
2118 1215 2233 1286 (63)
2271 1230 2499 1272 uxorem
2537 1225 2796 1288 tangere,
2840 1227 3019 1285 neque
3059 1208 3469 1280 concupiscere.

183 1313 540 1386 Concupisce
562 1321 717 1370 tuum
742 1329 904 1385 opus,
939 1323 993 1369 et
1027 1314 1218 1370 salvus
1240 1313 1371 1369 eris.

948 1428 1029 1484 Ex
1057 1430 1161 1485 ista
1187 1428 1538 1483 similitudine
1567 1426 1678 1481 harc
1717 1421 1871 1478 verba
1902 1422 2034 1492 facit
2071 1424 2411 1493 ANTIOCIIIJS,
2445 1425 2663 1481 homilia
2691 1426 2779 1482 13.

264 1547 333 1601 El
358 1507 451 1601 όῦν
492 1544 585 1600 ἐπὶ
615 1544 775 1618 ξένης
801 1546 1184 1618 κατοικοῦμεν,
1219 1545 1314 1600 καὶ
1356 1547 1391 1618 ἡ
1427 1544 1583 1608 πόλις
1619 1540 1775 1614 ἡμῶν

1952 1538 2012 1596 Si
2039 1559 2162 1613 ergo
2189 1543 2245 1596 in
2269 1544 2694 1613 peregrinatione
2724 1557 3023 1606 moramur,
3064 1546 3113 1593 et
3147 1535 3333 1591 civitas
3369 1546 3468 1586 no-

188 1636 417 1710 μακρὰν
441 1636 634 1707 ἀπέχει
667 1636 776 1690 ἀπὸ
812 1637 913 1708 τῆς
938 1635 1145 1700 πόλεως
1175 1635 1403 1708 ταύτης,
1430 1637 1525 1689 καὶ
1556 1634 1779 1705 οἴδαμεν

186 1731 295 1803 τὴν
328 1729 482 1783 πόλιν
518 1727 674 1801 ἡμῶν
706 1730 764 1781 ὲν
798 1723 830 1803 ᾖ
857 1728 1125 1800 μέλλομεν
1151 1730 1425 1783 κατοικεῖν
1448 1744 1461 1759 ⁸
1498 1726 1551 1781 τι
1577 1728 1656 1790 είς
1679 1725 1780 1796 τὴν

187 1821 483 1894 ἀλλοτρίαν
532 1819 895 1892 ἑτοιμάζομεν
933 1821 1157 1894 ἀγροὺς,
1192 1821 1287 1875 καὶ
1324 1818 1611 1890 οἰκοδομὰς
1636 1859 1651 1884 ,
1685 1817 1781 1871 καὶ

186 1914 468 1985 οίκήματα
503 1913 721 1984 μάταια,
757 1912 848 1966 καὶ
880 1911 1209 1983 παρατάξεις
1226 1911 1567 1977 πολυτελεῖς;
1597 1909 1780 1964 Ταῦτα

187 2003 288 2061 οὖν
328 2004 629 2077 ἐτοιμάξων
662 2007 743 2070 είς
780 2005 1065 2077 ἀλλοτρίαν
1098 2004 1274 2069 πόλιν,
1309 2003 1468 2076 δῆλός
1494 2006 1663 2072 ἐστιν,
1698 2004 1781 2056 ὅτι

187 2098 255 2151 οὐ
281 2096 558 2170 προσδοκᾷ
583 2094 978 2169 ὲπανακάμψαι
1012 2096 1091 2159 εἰς
1114 2095 1215 2167 τὴν
1255 2095 1388 2150 ἰδίαν
1421 2093 1594 2160 πόλιν,
1622 2112 1779 2149 τουτ-

188 2192 457 2258 setmet;
482 2192 581 2262 τὴν
614 2191 726 2245 ἄνω
752 2188 1123 2263 Ἰερουσαλήμ.
1155 2188 1213 2242 Ὀ
1228 2188 1337 2259 γὰρ
1357 2188 1615 2261 λογισμὸς
1629 2182 1784 2251 οὗτος

186 2284 465 2357 ἀφρόνων,
500 2284 593 2336 καὶ
632 2282 894 2353 διψύχων,
936 2284 1032 2337 καὶ
1070 2280 1432 2352 ταλαιπώρων
1480 2280 1781 2355 ἀνθρώπων

188 2377 366 2431 ἐστίν.
386 2378 457 2431 Οὐ
472 2376 578 2450 γὰρ
592 2377 781 2442 συνίει,
796 2377 877 2429 ὅτι
891 2376 1063 2429 ταῦτα
1078 2375 1256 2429 πάντα
1271 2374 1526 2447 ἀλλότριά
1544 2376 1671 2440 εἰσι,
1686 2374 1782 2428 καὶ

189 2471 304 2525 ὑπὸ
335 2468 574 2535 ἐξουσίας
604 2469 791 2541 ἑτέρου
825 2468 952 2534 είσὶ,
985 2466 1231 2521 τουτέστι
1262 2466 1356 2520 τοῦ
1396 2468 1669 2539 ἄρχοντοςο
1686 2463 1780 2519 τοῦ

187 2566 389 2629 αἰῶνος
418 2565 629 2621 τούτου.
652 2567 769 2620 Οὐκ
782 2560 874 2620 οὖν
891 2564 1202 2635 ὀφείλομεν,
1224 2563 1301 2627 ὡς
1316 2563 1407 2616 ἐπὶ
1423 2563 1580 2635 ξένης
1596 2577 1780 2615 κατοι-

1880 1642 1993 1686 stra
2038 1631 2188 1703 longe
2233 1642 2312 1687 est
2352 1634 2417 1685 ab
2464 1633 2563 1687 hac
2603 1634 2836 1699 civitate,
2876 1641 2924 1684 et
2958 1631 3155 1683 scimus
3202 1625 3469 1679 civitatem

1881 1733 2114 1777 nostram
2164 1726 2216 1778 in
2255 1741 2361 1796 qua
2404 1726 2708 1779 habitaturi
2746 1740 2964 1788 sumus,
3008 1721 3133 1792 quid
3188 1718 3242 1770 in
3294 1714 3469 1768 aliena

1880 1834 2199 1886 apparamus
2240 1836 2433 1891 agros,
2488 1830 2536 1874 et
2574 1819 2830 1889 aediﬁcia,
2872 1826 2921 1871 et
2970 1813 3325 1869 habitationes
3376 1825 3467 1862 su-

1879 1927 2187 1980 pervacuas,
2236 1922 2286 1966 et
2326 1912 2503 1969 lautas
2555 1910 3020 1968 constructiones?
3064 1908 3191 1965 Ilwc
3218 1926 3340 1980 ergo
3377 1909 3468 1977 qui

1881 2013 2155 2071 comparat
2184 2005 2239 2058 in
2262 2005 2439 2059 aliena
2471 2006 2717 2082 civitate,
2746 2006 2929 2076 palam
2954 2013 3051 2068 est,
3082 2002 3220 2074 quod
3253 2019 3355 2055 non
3382 2018 3470 2054 co—

1880 2095 2013 2163 gitat
2042 2094 2095 2148 in
2124 2113 2276 2149 suam
2316 2098 2585 2152 civitatem
2626 2098 2816 2164 redire,
2859 2098 2956 2149 hoc
2991 2105 3068 2150 est
3104 2095 3156 2148 in
3189 2111 3470 2164 supernam

1884 2184 2333 2256 Hierosolymam.
2367 2187 2462 2241 Est
2500 2189 2642 2242 enim
2666 2188 2776 2242 lucc
2808 2187 3161 2240 consideratio
3184 2184 3468 2239 stultorum

1880 2288 1929 2333 et
1956 2279 2261 2344 dubiorum,
2290 2289 2340 2333 et
2380 2280 2697 2334 miserorum
2723 2280 3016 2333 hominum.
3049 2277 3171 2332 Non
3209 2279 3351 2332 enim
3387 2278 3470 2331 in-

1883 2371 2094 2443 telligit,
2128 2371 2238 2427 haec
2277 2373 2456 2426 omnia
2491 2372 2666 2427 aliena
2696 2390 2829 2439 esse,
2872 2383 2923 2427 et
2961 2372 3055 2426 sub
3103 2371 3324 2426 alterius
3369 2388 3468 2440 po-

1884 2474 2090 2533 testate,
2113 2466 2209 2519 hoc
2220 2468 2561 2537 estprincipis
2585 2466 2771 2522 swculi
2794 2466 2972 2535 hujus.
2998 2464 3257 2521 Debemus
3280 2466 3468 2536 igitur,

1881 2556 2019 2609 sicut
2046 2572 2257 2627 peregre
2295 2559 2665 2621 consistentes,
2711 2556 2847 2609 nihil
2890 2555 3123 2625 amplius
3158 2571 3470 2625 comparare

189 2661 452 2727 κοῦντες,
490 2662 656 2733 μηδὲν
688 2661 848 2715 πλέον
883 2660 1194 2733 ἑτοιμάζειν
1232 2661 1469 2723 ἑαυτοῖς,
1504 2658 1553 2709 εἰ
1585 2657 1659 2728 μὴ
1682 2655 1775 2726 τὴν

1884 2648 2057 2717 nobis,
2090 2667 2249 2722 quam
2276 2650 2349 2705 sit
2387 2650 2745 2705 necessarium
2782 2659 2833 2704 et
2862 2649 3157 2719 sufﬁciens.
3193 2649 3296 2713 Qui
3327 2648 3469 2701 enim

189 2755 524 2828 αὐτάρκειαν
569 2754 669 2827 τὴν
716 2753 973 2826 ἀρκετήν.
1038 2754 1103 2807 Oi.
1156 2751 1266 2825 γὰρ
1316 2750 1639 2819 ἀγαπῶντες
1692 2748 1775 2802 τὸν

1886 2752 2071 2797 amant
2105 2742 2393 2797 Dominum
2436 2761 2627 2807 suum,
2673 2752 2725 2798 et
2775 2742 2964 2796 habent
3014 2757 3132 2795 eum
3179 2756 3383 2809 semper
3412 2739 3470 2791 iu

189 2846 403 2901 ἑαυτῶν
430 2844 634 2917 Κύριον
656 2882 671 2910 ,
706 2844 803 2898 κα)⁵
835 2843 1053 2914 ἔχοντες
1079 2842 1240 2896 αὐτὸν
1274 2841 1362 2894 ἀεὶ
1382 2842 1439 2894 ὲν
1466 2842 1532 2911 τῇ
1568 2838 1775 2892 ἑαυτῶν

1888 2836 2136 2890 cordibus
2171 2836 2305 2901 suis,
2340 2836 2396 2889 in
2430 2836 2698 2890 mandatis
2727 2835 2840 2905 ejus
2874 2833 3149 2898 incedent,
3180 2841 3231 2886 et
3264 2832 3320 2885 in
3345 2846 3468 2900 pro-

190 2938 408 3011 καρδίᾳ,
441 2940 499 2992 ὲν
529 2940 651 3001 ταῖς
681 2936 922 2999 ἐντολαῖς
947 2934 1113 2989 αὐτοῦ
1138 2933 1515 3005 πορεύσονται,
1543 2933 1638 2985 καὶ
1658 2932 1775 2994 ταῖς

1885 2930 2049 2983 missa
2078 2928 2191 2999 ejus
2226 2928 2447 2985 credunt
2469 2971 2485 2999 ,
2526 2940 2687 3001 atque
2715 2938 3041 2998 exspectant.
3074 2927 3281 2981 Bonum
3301 2927 3469 2996 igitur

189 3028 549 3099 ἐπαγγελίαις
601 3026 766 3083 αὐτοῦ
819 3027 1175 3092 πιστεύουσι,
1240 3025 1335 3080 καὶ
1396 3024 1777 3098 καραδοκοῦσι.

189 3121 376 3174 Καλὸν
397 3114 489 3174 οὖν
520 3121 667 3172 ἐστιν
691 3119 813 3173 ἀντὶ
841 3117 953 3172 τῶν
983 3116 1298 3189 κτισμάτων
1330 3118 1425 3171 καὶ
1458 3116 1779 3188 χρημάτων,

186 3213 300 3266 τῶν
347 3210 585 3282 σήμερον
615 3209 718 3280 μὲν
759 3207 1083 3281 ἡμετέρων,
1133 3207 1322 3279 αύριον
1364 3208 1425 3262 δὲ
1463 3207 1778 3281 ἀλλοτρίων,

188 3302 506 3374 ὠνήσασθαι
556 3301 736 3373 ψυχὰς
780 3300 1121 3373 θλιϐομένας,
1161 3298 1345 3364 καθώς
1391 3317 1480 3363 τις
1518 3299 1776 3354 δύναται·

189 3397 289 3450 ua't
311 3395 487 3467 χήρας
517 3394 611 3448 καὶ
652 3393 921 3466 ὀρφανοὺς
954 3391 1401 3458 ἐπισκέπτεσθαι,
1441 3392 1536 3446 καὶ
1562 3392 1636 3465 μὴ
1669 3410 1777 3446 πα-

192 3486 481 3561 ραϐλέπειν
524 3484 720 3549 αὐτούς
741 3501 757 3515 ’
805 3482 1067 3548 ὡσαύτως
1112 3483 1208 3538 καὶ
1251 3485 1311 3538 ὲν
1361 3485 1775 3557 μοναστηρίοις,

189 3582 290 3635 καὶ
333 3578 476 3633 οὕτω
516 3576 695 3642 καλῶς
731 3577 952 3631 διοικεῖν
993 3575 1064 3631 τὰ
1098 3576 1222 3630 καθ’
1263 3578 1489 3641 ἑαυτούς
1510 3595 1525 3609 ο
1562 3580 1656 3634 καὶ
1685 3580 1778 3634 τὸν

189 3672 439 3738 πλοῦτον,
490 3671 549 3725 ὃν
580 3669 731 3741 παρά
776 3668 912 3724 Θεοῦ
943 3668 1245 3741 εἰλήφαμεν
1282 3670 1340 3722 ὲν
1366 3668 1501 3741 τῷδε
1540 3669 1618 3741 τῷ
1648 3670 1774 3743 βίῳ,

189 3767 272 3830 είς
316 3765 513 3829 αὐτοὺς
545 3762 868 3817 ἀναλίσκειν.
917 3762 1013 3825 Εἰς
1053 3760 1211 3815 τοῦτο
1235 3759 1344 3833 γάρ
1370 3762 1465 3815 καὶ¹
1498 3762 1776 3835 παρέσχεν

189 3859 324 3930 ἡμῖν
345 3856 485 3910 αύτά
514 3856 543 3908 ὁ
565 3854 767 3924 ἀγαθὸς
790 3851 948 3924 ἡμῶν
973 3851 1272 3922 Δεσπότης,
1307 3853 1393 3905 ἴνα
1420 3852 1501 3916 είς
1530 3853 1629 3926 τὴν
1657 3854 1775 3909 δια-

189 3949 373 4004 κονίαν
409 3948 612 4019 ταύτην
642 3943 1012 4016 δαπανηθῶσι,
1046 3944 1141 3997 καὶ
1178 3944 1292 3999 ἀντ’
1320 3944 1501 3998 αὐτῶν
1529 3947 1774 4018 κομισώ-

192 4043 332 4115 μεθα
363 4041 635 4115 θησαυρὸν
677 4038 1042 4093 ἀνέκλειπτον.
1080 4036 1221 4090 Πολὺ
1255 4033 1349 4093 οὖν
1389 4038 1598 4109 βέλτιόν
1635 4043 1772 4109 ἐστι,

189 4135 465 4198 τοιούτους
490 4133 713 4202 ἀγροὺς,
747 4130 843 4183 καὶ
864 4130 1118 4200 κτήματα
1142 4126 1252 4199 (64)
1279 4128 1589 4202 ἀγοράζειν,
1616 4132 1775 4189 ἅτινα

1881 3031 1980 3088 est,
2015 3038 2109 3091 pro
2138 3021 2381 3077 domibus
2417 3032 2467 3078 et
2503 3022 2763 3093 pecuniis,
2802 3020 2956 3075 hodie
2983 3018 3198 3091 quidem
3239 3019 3464 3079 nostris,

1882 3131 2004 3170 cras
2026 3131 2146 3170 vero
2176 3115 2390 3183 alienis,
2421 3116 2675 3170 redimere
2698 3115 2908 3168 animas
2936 3112 3001 3167 de
3037 3110 3466 3179 necessitatibus,

1881 3219 2038 3281 prout
2074 3211 2294 3282 quisque
2320 3220 2529 3280 potest;
2557 3219 2607 3264 et
2624 3210 2810 3264 viduas
2839 3225 2903 3262 ac
2933 3209 3195 3278 orphanos
3227 3208 3465 3273 visitare,

1882 3319 1975 3358 nec
2014 3303 2280 3372 despicere
2320 3318 2339 3356 :
2369 3302 2622 3356 similiter
2663 3310 2715 3356 et
2765 3303 2819 3355 in
2881 3301 3241 3366 monasteriis,
3289 3300 3468 3369 sicque

1880 3403 2017 3449 recte
2051 3410 2148 3448 sua
2182 3394 2566 3448 administrare
2586 3409 2609 3457 ,'
2643 3402 2693 3449 et
2728 3393 2973 3458 divitias,
3018 3409 3148 3464 quas
3187 3409 3219 3445 a
3252 3391 3358 3445 Deo
3376 3408 3468 3444 ac—

1881 3486 2114 3555 cepimus
2158 3486 2215 3539 in
2261 3485 2361 3538 hac
2392 3486 2520 3548 vita,
2564 3486 2621 3538 in
2652 3484 2959 3553 hujusmodi
3002 3486 3238 3538 homines
3275 3499 3467 3537 consu-

1879 3594 2039 3632 mere.
2079 3575 2148 3630 In
2180 3576 2276 3631 hoc
2306 3576 2447 3631 enim
2477 3586 2527 3631 et
2560 3576 2786 3646 praebuit
2812 3574 2961 3629 nobis
2997 3593 3059 3630 ea
3098 3575 3264 3630 bonus
3290 3585 3467 3629 noster

1862 3670 2165 3737 ‘Dominus,
2205 3680 2262 3724 ut
2295 3670 2350 3724 in
2375 3669 2642 3740 ejusmodi
2668 3670 2971 3725 ministeria
3008 3670 3384 3733 insumantur;
3414 3677 3466 3723 et

1876 3780 1973 3835 pro
2001 3765 2070 3819 iis
2095 3775 2417 3834 reportemus
2450 3762 2754 3817 thesaurum
2787 3779 2887 3816 non
2914 3762 3260 3831 deﬁcientem.
3292 3760 3463 3814 Multo

1878 3858 2054 3928 itaque
2098 3856 2285 3911 melius
2327 3865 2428 3921 est,
2465 3855 2596 3909 tales
2631 3855 2784 3910 villas
2816 3864 2865 3909 et
2895 3855 3078 3910 domos
3123 3871 3309 3916 emere,
3342 3870 3463 3923 qua:

1876 3949 2096 4006 stabiles
2142 3960 2265 4004 sunt
2313 3958 2363 4004 et
2412 3948 2677 4003 deducunt
2722 3949 2776 4001 in
2819 3957 3056 4002 nostram
3105 3945 3459 4016 metropolim,

1875 4041 2088 4112 quando
2135 4040 2191 4094 in
2238 4056 2355 4095 eam
2391 4039 2758 4110 migrabimus.
2802 4037 3147 4109 Negligamus
3185 4053 3307 4107 ergo
3347 4036 3461 4107 [seu

1878 4135 2106 4189 nolimus
2146 4132 2378 4207 cupere],
2419 4132 2745 4200 charissimi,
2787 4131 3129 4201 temporalia,
3171 4138 3228 4185 ut
3264 4144 3462 4186 wtcrna

189 4229 285 4283 καὶ
326 4224 620 4299 παράμονά
652 4224 777 4290 εἱσι,
828 4222 924 4276 καὶ
961 4219 1291 4292 προάγουσιν
1335 4223 1417 4286 είς
1465 4223 1565 4296 τὴν
1607 4227 1764 4298 ἡμῶν

1878 4229 2131 4291 possimus
2159 4228 2425 4297 consequi.

189 4319 540 4395 μητρόπολιν,
590 4318 715 4370 ὅταν
771 4313 1209 4386 ἀποδημήσωμεν
1250 4313 1330 4378 εἰς
1374 4314 1561 4390 αὑτήν.
1600 4320 2092 4399 ’Δμεριμνήσωμεν
2133 4319 2248 4389 οὖν,
2309 4320 2603 4393 ἀγαπητοὶ,
2638 4318 2748 4373 τῶν
2805 4320 3177 4393 προσκαίρων,
3212 4320 3301 4374 ἴνα
3350 4316 3462 4373 τῶν

184 4418 373 4477 ἀϊδίων
406 4414 775 4487 ὲπιτύχωμεν.

1508 4534 1983 4603 SlMILlTUDO
2032 4537 2113 4599 II.

760 4663 837 4726 Ut
872 4660 1023 4723 citis
1049 4657 1218 4721 ulmo
1246 4657 1558 4738 fulcitur,
1596 4665 1692 4725 sic
1728 4664 1900 4727 dives
1943 4663 2233 4726 oratione
2264 4659 2572 4741 pauperis
2586 4661 2887 4740 juvatur.

1530 4784 1763 4842 CAPUT
1816 4785 2106 4843 UNICUM.

256 4890 394 4946 Cum
425 4889 759 4944 ambularem
783 4884 836 4939 in
869 4895 1061 4955 agrum
1089 4886 1146 4935 et
1175 4878 1577 4936 considerarem
1602 4882 1813 4938 ulmum
1848 4894 1903 4940 et
1928 4886 2119 4951 vitem,
2145 4881 2514 4953 etcogitarcm
2551 4876 2664 4948 (65)
2691 4876 2836 4930 intra
2862 4887 2949 4929 me
2973 4874 3041 4931 de
3066 4874 3339 4931 fructibus
3365 4891 3460 4933 ea-

182 5000 343 5050 rum,
370 4981 620 5053 apparuit
644 4980 778 5036 mihi
807 4978 1056 5050 angelus,
1087 4984 1143 5034 et
1171 4976 1311 5033 dixit
1333 4975 1468 5031 mihi
1507 4995 1521 5033 :
1549 4977 1692 5045 Quid
1720 4980 1815 5036 diu
1844 4979 1959 5054 (66)
1996 4982 2139 5039 intra
2172 4988 2224 5035 te
2245 4977 2495 5049 cogitas?
2525 4974 2594 5030 Et
2620 4972 2733 5029 dixi
2760 4972 2838 5027 illi
2875 4990 2890 5028 :
2922 4972 2999 5027 De
3023 4972 3129 5029 hac
3155 4973 3266 5028 vite
3294 4984 3347 5030 et
3377 4974 3454 5028 ul-

210 5114 455 5183 “182.1,
478 5113 567 5168 17.

1282 5200 1521 5259 ἾΑΒΙιίΕ
1561 5204 1945 5263 LECTIONES
1982 5204 2072 5261 ΕΤ
2110 5200 2343 5259 NOTIE.

254 5302 369 5373 (59)
394 5303 480 5359 Al.
512 5303 919 5373 promissionum
942 5301 1079 5372 ejus,
1105 5316 1261 5373 quas.

257 5370 369 5443 (60)
404 5370 589 5429 Carm.
617 5371 757 5429 Vict.
789 5384 843 5429 et
872 5370 1065 5429 Lamb.
1108 5370 1430 5443 iustiﬁcata,
1475 5372 1761 5443 orphanos.

256 5444 370 5513 (61)
399 5444 583 5499 Carm.
615 5443 754 5499 Vict.
783 5455 836 5500 et
862 5444 1055 5501 Lamb.
1092 5443 1246 5499 deest
1268 5443 1535 5511 operibus.
1585 5491 1588 5495 .

254 5515 369 5584 (62)
404 5514 595 5569 Lamb.
628 5531 769 5569 nam.
796 5516 862 5569 Et
894 5532 1043 5583 mox,
1076 5516 1351 5571 civitatem
1379 5526 1547 5571 tuam.

256 5586 369 5656 (65)
422 5584 612 5657 Lamb.
664 5585 988 5651 adulterari,
1039 5596 1089 5642 et
1132 5586 1355 5645 alterius
1406 5585 1633 5657 aliquid.
1692 5585 1763 5643 At

180 5657 325 5711 Vict.
356 5664 410 5711 et
437 5656 618 5711 Carm.
653 5657 875 5712 alterius
918 5674 1049 5713 rem.

254 5726 369 5849 (64)
405 5724 564 5781 Forte
586 5727 877 5797 κτίσματα,
912 5739 972 5783 ut
1012 5730 1175 5797 paulo
1216 5731 1471 5800 superius
1513 5728 1753 5799 κτισμά-

254 5816 309 5849 ~.
362 5797 506 5849 daue
537 5796 781 5849 insinuat
805 5805 966 5849 vetus
999 5799 1211 5849 Hermm
1250 5802 1541 5849 internres.

175 5797 506 5871 vow.__l_dgue
537 5797 792 5871 insinuat,
805 5805 966 5871 vetus
999 5799 1211 5871 ilermgc
1250 5797 1541 5871 interpres.

247 5868 365 5942 (65)
402 5866 531 5926 Mss.
568 5867 728 5940 Angl.
756 5868 1109 5940 disputarem.
1135 5870 1203 5928 Et
1218 5887 1347 5929 mox
1375 5866 1541 5940 inira,
1566 5872 1752 5934 dispu-

1872 5313 1956 5357 tas
1993 5312 2046 5357 et
2067 5302 2307 5369 disputo.
2338 5298 2512 5365 Quem
2550 5301 2604 5357 in
2625 5300 2804 5357 locum
2827 5297 2971 5353 Cler.
3002 5316 3015 5353 :
3048 5315 3067 5348 ‹
3104 5296 3451 5354 Ciceroniani

1871 5373 2136 5443 temporis
2170 5380 2272 5433 est,
2299 5370 2496 5440 inquit,
2535 5388 2637 5426 vox
2665 5374 2959 5443 disputare,
2988 5384 3177 5443 proco
3202 5370 3455 5443 quodest

1868 5439 2031 5514 agere
2057 5444 2124 5497 de
2158 5459 2215 5496 re
2230 5439 2493 5514 quapiam
2520 5460 2535 5508 ;
2566 5459 2689 5514 qua:
2715 5439 2983 5514 legiturin
3011 5439 3454 5514 codd._Anglica-

1868 5511 1978 5581 nis,
2014 5522 2069 5569 et
2093 5513 2298 5583 passim
2330 5521 2536 5567 mutata
2568 5511 2650 5569 est
2676 5513 2730 5566 in
2759 5511 3023 5583 cogitare;
3050 5511 3197 5579 quod
3237 5512 3451 5566 exscri-

1868 5593 2053 5710 pltores
2076 5581 2185 5709 sign
2211 5582 2708 5655 intelligerenteam
2728 5596 2919 5637 vocem
2944 5581 3055 5635 alio
3071 5598 3259 5649 sensu,
3285 5598 3450 5653 quam

1868 5672 1897 5710 a
1925 5665 2109 5710 tercan
2152 5672 2189 5710 ι.
2227 5672 2248 5706 ι

1866 5656 2189 5711 altercandi.
2227 5672 2248 5706 ι

1908 5725 2053 5807 ⁹(66)
2085 5724 2162 5782 lta
2193 5741 2297 5783 ms.
2331 5722 2469 5780 Vict.
2496 5723 2577 5782 Ita
2604 5733 2661 5782 et
2688 5722 2822 5780 edit.
2860 5720 3042 5782 Oxon.
3068 5723 3157 5782 Al.
3191 5727 3453 5784 omittunt

1863 5800 1977 5852 diu.
