  <div class='ocr_page' id='page_1' title='image "/cluster/home/n/w/nwhite01/storage/ocr_20150623/2/hvd.32044073501249/483.png"; bbox 0 0 4002 6308; ppageno 0'>
   <div class='ocr_carea' id='block_1_1' title="bbox 555 343 3831 414">
    <p class='ocr_par' dir='ltr' id='par_1_1' title="bbox 555 343 3831 414">
     <span class='ocr_line' id='line_1_1' title="bbox 555 343 3831 414; baseline 0.005 -16"><span class='ocrx_word' id='word_1_1' title='bbox 555 343 673 400; x_wconf 76' lang='lat'><strong>.955</strong></span> <span class='ocrx_word' id='word_1_2' title='bbox 2019 353 2079 408; x_wconf 89' lang='lat' dir='ltr'><strong>S.</strong></span> <span class='ocrx_word' id='word_1_3' title='bbox 2112 351 2374 409; x_wconf 71' lang='grc' dir='ltr'><strong>ΗΕΗΜᾸΞ</strong></span> <span class='ocrx_word' id='word_1_4' title='bbox 3727 359 3831 414; x_wconf 74' lang='lat'><strong>956</strong></span> 
     </span>
    </p>
   </div>
   <div class='ocr_carea' id='block_1_2' title="bbox 563 459 3828 555">
    <p class='ocr_par' dir='ltr' id='par_1_2' title="bbox 563 459 3828 555">
     <span class='ocr_line' id='line_1_2' title="bbox 563 459 3828 555; baseline 0.007 -44"><span class='ocrx_word' id='word_1_5' title='bbox 563 474 655 512; x_wconf 89' lang='lat' dir='ltr'><strong>mo</strong></span> <span class='ocrx_word' id='word_1_6' title='bbox 676 459 916 530; x_wconf 85' lang='lat' dir='ltr'><strong>disputo.</strong></span> <span class='ocrx_word' id='word_1_7' title='bbox 945 461 1197 528; x_wconf 81' lang='lat' dir='ltr'><strong>domine,</strong></span> <span class='ocrx_word' id='word_1_8' title='bbox 1228 466 1486 534; x_wconf 90' lang='lat' dir='ltr'><strong>quoniam</strong></span> <span class='ocrx_word' id='word_1_9' title='bbox 1531 466 1746 555; x_wconf 74' lang='lat' dir='ltr'><strong>fructus</strong></span> <span class='ocrx_word' id='word_1_10' title='bbox 1777 467 1993 522; x_wconf 89' lang='lat' dir='ltr'><strong>illarum</strong></span> <span class='ocrx_word' id='word_1_11' title='bbox 2034 469 2217 522; x_wconf 81' lang='lat' dir='ltr'><strong>decori</strong></span> <span class='ocrx_word' id='word_1_12' title='bbox 2251 479 2398 523; x_wconf 89' lang='lat' dir='ltr'><strong>sunt.</strong></span> <span class='ocrx_word' id='word_1_13' title='bbox 2428 467 2495 524; x_wconf 86' lang='lat' dir='ltr'><strong>Et</strong></span> <span class='ocrx_word' id='word_1_14' title='bbox 2523 469 2660 524; x_wconf 76' lang='lat' dir='ltr'><strong>dixit</strong></span> <span class='ocrx_word' id='word_1_15' title='bbox 2694 470 2830 526; x_wconf 88' lang='lat' dir='ltr'><strong>mihi</strong></span> <span class='ocrx_word' id='word_1_16' title='bbox 2861 490 2874 526; x_wconf 87' lang='lat'><strong>:</strong></span> <span class='ocrx_word' id='word_1_17' title='bbox 2903 470 2998 530; x_wconf 68' lang='lat' dir='ltr'><strong>Ha:</strong></span> <span class='ocrx_word' id='word_1_18' title='bbox 3031 473 3152 531; x_wconf 68' lang='lat' dir='ltr'><strong>duas</strong></span> <span class='ocrx_word' id='word_1_19' title='bbox 3177 477 3407 534; x_wconf 83' lang='lat' dir='ltr'><strong>arbores</strong></span> <span class='ocrx_word' id='word_1_20' title='bbox 3434 479 3491 533; x_wconf 90' lang='lat' dir='ltr'><strong>lu</strong></span> <span class='ocrx_word' id='word_1_21' title='bbox 3518 480 3828 550; x_wconf 78' lang='lat' dir='ltr'><strong>exemplum</strong></span> 
     </span>
    </p>
   </div>
   <div class='ocr_carea' id='block_1_3' title="bbox 562 552 3830 644">
    <p class='ocr_par' dir='ltr' id='par_1_3' title="bbox 562 552 3830 644">
     <span class='ocr_line' id='line_1_3' title="bbox 562 552 3830 644; baseline 0.009 -39"><span class='ocrx_word' id='word_1_22' title='bbox 562 552 753 618; x_wconf 63' lang='lat' dir='ltr'><strong>positae</strong></span> <span class='ocrx_word' id='word_1_23' title='bbox 777 564 907 608; x_wconf 87' lang='lat' dir='ltr'><strong>sunt</strong></span> <span class='ocrx_word' id='word_1_24' title='bbox 926 555 1096 611; x_wconf 85' lang='lat' dir='ltr'><strong>servis</strong></span> <span class='ocrx_word' id='word_1_25' title='bbox 1121 556 1233 611; x_wconf 90' lang='lat' dir='ltr'><strong>Dei.</strong></span> <span class='ocrx_word' id='word_1_26' title='bbox 1263 561 1326 615; x_wconf 86' lang='lat' dir='ltr'><strong>Et</strong></span> <span class='ocrx_word' id='word_1_27' title='bbox 1351 565 1461 619; x_wconf 78' lang='lat' dir='ltr'><strong>dixi</strong></span> <span class='ocrx_word' id='word_1_28' title='bbox 1489 565 1566 620; x_wconf 85' lang='lat' dir='ltr'><strong>illi</strong></span> <span class='ocrx_word' id='word_1_29' title='bbox 1593 585 1606 620; x_wconf 89' lang='lat'>:</span> <span class='ocrx_word' id='word_1_30' title='bbox 1631 552 1834 622; x_wconf 91' lang='lat' dir='ltr'><strong>Vellem</strong></span> <span class='ocrx_word' id='word_1_31' title='bbox 1862 567 2024 636; x_wconf 87' lang='lat' dir='ltr'><strong>scire,</strong></span> <span class='ocrx_word' id='word_1_32' title='bbox 2047 568 2289 634; x_wconf 82' lang='lat' dir='ltr'><strong>domine,</strong></span> <span class='ocrx_word' id='word_1_33' title='bbox 2317 569 2509 623; x_wconf 87' lang='lat' dir='ltr'><strong>harum</strong></span> <span class='ocrx_word' id='word_1_34' title='bbox 2543 570 2802 624; x_wconf 88' lang='lat' dir='ltr'><strong>arborum</strong></span> <span class='ocrx_word' id='word_1_35' title='bbox 2833 572 3144 641; x_wconf 77' lang='lat' dir='ltr'><strong>exemplum</strong></span> <span class='ocrx_word' id='word_1_36' title='bbox 3174 576 3322 644; x_wconf 88' lang='lat' dir='ltr'><strong>quod</strong></span> <span class='ocrx_word' id='word_1_37' title='bbox 3356 575 3516 631; x_wconf 83' lang='lat' dir='ltr'><strong>dicis.</strong></span> <span class='ocrx_word' id='word_1_38' title='bbox 3551 575 3718 641; x_wconf 87' lang='lat' dir='ltr'><strong>Audi,</strong></span> <span class='ocrx_word' id='word_1_39' title='bbox 3743 579 3830 636; x_wconf 85' lang='lat' dir='ltr'><strong>in-</strong></span> 
     </span>
    </p>
   </div>
   <div class='ocr_carea' id='block_1_4' title="bbox 563 646 3825 737">
    <p class='ocr_par' dir='ltr' id='par_1_4' title="bbox 563 646 3825 737">
     <span class='ocr_line' id='line_1_4' title="bbox 563 646 3825 737; baseline 0.008 -39"><span class='ocrx_word' id='word_1_40' title='bbox 563 646 682 713; x_wconf 87' lang='lat' dir='ltr'><strong>quit</strong></span> <span class='ocrx_word' id='word_1_41' title='bbox 712 664 723 698; x_wconf 90' lang='lat'>:</span> <span class='ocrx_word' id='word_1_42' title='bbox 754 647 917 704; x_wconf 87' lang='lat' dir='ltr'><strong>Vides</strong></span> <span class='ocrx_word' id='word_1_43' title='bbox 948 650 1089 706; x_wconf 89' lang='lat' dir='ltr'><strong>hanc</strong></span> <span class='ocrx_word' id='word_1_44' title='bbox 1114 653 1275 708; x_wconf 88' lang='lat' dir='ltr'><strong>vitem</strong></span> <span class='ocrx_word' id='word_1_45' title='bbox 1330 665 1386 710; x_wconf 84' lang='lat' dir='ltr'><strong>et</strong></span> <span class='ocrx_word' id='word_1_46' title='bbox 1415 659 1556 724; x_wconf 74' lang='lat' dir='ltr'><strong>hanc</strong></span> <span class='ocrx_word' id='word_1_47' title='bbox 1586 660 1793 714; x_wconf 90' lang='lat' dir='ltr'><strong>ulmum</strong></span> <span class='ocrx_word' id='word_1_48' title='bbox 1823 682 1835 714; x_wconf 86' lang='lat'><strong>:</strong></span> <span class='ocrx_word' id='word_1_49' title='bbox 1869 659 2057 724; x_wconf 89' lang='lat' dir='ltr'><strong>Video,</strong></span> <span class='ocrx_word' id='word_1_50' title='bbox 2093 660 2341 730; x_wconf 88' lang='lat' dir='ltr'><strong>inquam,</strong></span> <span class='ocrx_word' id='word_1_51' title='bbox 2380 661 2618 715; x_wconf 85' lang='lat' dir='ltr'><strong>domine.</strong></span> <span class='ocrx_word' id='word_1_52' title='bbox 2645 659 2771 718; x_wconf 71' lang='lat' dir='ltr'><strong>Ilaec</strong></span> <span class='ocrx_word' id='word_1_53' title='bbox 2812 662 2926 732; x_wconf 85' lang='lat'><strong>(67)</strong></span> <span class='ocrx_word' id='word_1_54' title='bbox 2963 663 3114 726; x_wconf 87' lang='lat' dir='ltr'><strong>vitis,</strong></span> <span class='ocrx_word' id='word_1_55' title='bbox 3151 665 3368 737; x_wconf 88' lang='lat' dir='ltr'><strong>inquit,</strong></span> <span class='ocrx_word' id='word_1_56' title='bbox 3397 663 3687 724; x_wconf 71' lang='lat' dir='ltr'><strong>fructifera</strong></span> <span class='ocrx_word' id='word_1_57' title='bbox 3715 681 3825 736; x_wconf 84' lang='lat' dir='ltr'><strong>est;</strong></span> 
     </span>
    </p>
   </div>
   <div class='ocr_carea' id='block_1_5' title="bbox 564 737 3825 834">
    <p class='ocr_par' dir='ltr' id='par_1_5' title="bbox 564 737 3825 834">
     <span class='ocr_line' id='line_1_5' title="bbox 564 737 3825 834; baseline 0.01 -45"><span class='ocrx_word' id='word_1_58' title='bbox 564 737 744 794; x_wconf 90' lang='lat' dir='ltr'><strong>ulmus</strong></span> <span class='ocrx_word' id='word_1_59' title='bbox 773 752 978 809; x_wconf 87' lang='lat' dir='ltr'><strong>autem,</strong></span> <span class='ocrx_word' id='word_1_60' title='bbox 1003 744 1210 814; x_wconf 71' lang='lat' dir='ltr'><strong>lignum</strong></span> <span class='ocrx_word' id='word_1_61' title='bbox 1235 749 1353 805; x_wconf 88' lang='lat' dir='ltr'><strong>sine</strong></span> <span class='ocrx_word' id='word_1_62' title='bbox 1378 753 1555 809; x_wconf 83' lang='lat' dir='ltr'><strong>fructu</strong></span> <span class='ocrx_word' id='word_1_63' title='bbox 1573 765 1692 821; x_wconf 85' lang='lat' dir='ltr'><strong>est;</strong></span> <span class='ocrx_word' id='word_1_64' title='bbox 1722 773 1814 812; x_wconf 70' lang='lat' dir='ltr'><strong>sca</strong></span> <span class='ocrx_word' id='word_1_65' title='bbox 1837 757 1963 812; x_wconf 88' lang='lat' dir='ltr'><strong>vitis</strong></span> <span class='ocrx_word' id='word_1_66' title='bbox 1982 759 2115 822; x_wconf 74' lang='lat' dir='ltr'><strong>hmo,</strong></span> <span class='ocrx_word' id='word_1_67' title='bbox 2146 757 2251 810; x_wconf 91' lang='lat' dir='ltr'><strong>nisi</strong></span> <span class='ocrx_word' id='word_1_68' title='bbox 2279 756 2532 826; x_wconf 83' lang='lat' dir='ltr'><strong>applieita</strong></span> <span class='ocrx_word' id='word_1_69' title='bbox 2564 756 2728 812; x_wconf 85' lang='lat' dir='ltr'><strong>fuerit</strong></span> <span class='ocrx_word' id='word_1_70' title='bbox 2745 758 2894 812; x_wconf 92' lang='lat' dir='ltr'><strong>ulmo</strong></span> <span class='ocrx_word' id='word_1_71' title='bbox 2917 767 2972 813; x_wconf 89' lang='lat' dir='ltr'><strong>et</strong></span> <span class='ocrx_word' id='word_1_72' title='bbox 2989 774 3154 828; x_wconf 85' lang='lat' dir='ltr'><strong>super</strong></span> <span class='ocrx_word' id='word_1_73' title='bbox 3180 761 3328 816; x_wconf 78' lang='lat' dir='ltr'><strong>illam</strong></span> <span class='ocrx_word' id='word_1_74' title='bbox 3346 764 3825 834; x_wconf 78' lang='lat' dir='ltr'><strong>requieverit(68),</strong></span> 
     </span>
    </p>
   </div>
   <div class='ocr_carea' id='block_1_6' title="bbox 563 841 3828 926">
    <p class='ocr_par' dir='ltr' id='par_1_6' title="bbox 563 841 3828 926">
     <span class='ocr_line' id='line_1_6' title="bbox 563 841 3828 926; baseline 0.007 -37"><span class='ocrx_word' id='word_1_75' title='bbox 563 849 670 887; x_wconf 81' lang='lat' dir='ltr'><strong>non</strong></span> <span class='ocrx_word' id='word_1_76' title='bbox 707 845 888 904; x_wconf 91' lang='lat' dir='ltr'><strong>potest</strong></span> <span class='ocrx_word' id='word_1_77' title='bbox 918 841 1147 896; x_wconf 89' lang='lat' dir='ltr'><strong>multum</strong></span> <span class='ocrx_word' id='word_1_78' title='bbox 1176 842 1412 902; x_wconf 86' lang='lat' dir='ltr'><strong>fructum</strong></span> <span class='ocrx_word' id='word_1_79' title='bbox 1445 848 1641 906; x_wconf 85' lang='lat' dir='ltr'><strong>facere.</strong></span> <span class='ocrx_word' id='word_1_80' title='bbox 1699 850 1897 907; x_wconf 69' lang='lat' dir='ltr'><strong>Iacens</strong></span> <span class='ocrx_word' id='word_1_81' title='bbox 1955 853 2102 906; x_wconf 91' lang='lat' dir='ltr'><strong>enim</strong></span> <span class='ocrx_word' id='word_1_82' title='bbox 2163 850 2218 904; x_wconf 92' lang='lat' dir='ltr'><strong>in</strong></span> <span class='ocrx_word' id='word_1_83' title='bbox 2273 861 2418 906; x_wconf 89' lang='lat' dir='ltr'><strong>terra</strong></span> <span class='ocrx_word' id='word_1_84' title='bbox 2445 893 2462 916; x_wconf 95' lang='lat'><strong>,</strong></span> <span class='ocrx_word' id='word_1_85' title='bbox 2515 852 2688 906; x_wconf 90' lang='lat' dir='ltr'><strong>malos</strong></span> <span class='ocrx_word' id='word_1_86' title='bbox 2724 851 2937 907; x_wconf 83' lang='lat' dir='ltr'><strong>fructus</strong></span> <span class='ocrx_word' id='word_1_87' title='bbox 2967 852 3082 920; x_wconf 88' lang='lat' dir='ltr'><strong>dat,</strong></span> <span class='ocrx_word' id='word_1_88' title='bbox 3143 853 3272 923; x_wconf 86' lang='lat' dir='ltr'><strong>quia</strong></span> <span class='ocrx_word' id='word_1_89' title='bbox 3294 869 3403 909; x_wconf 92' lang='lat' dir='ltr'><strong>non</strong></span> <span class='ocrx_word' id='word_1_90' title='bbox 3435 857 3645 926; x_wconf 86' lang='lat' dir='ltr'><strong>pendet</strong></span> <span class='ocrx_word' id='word_1_91' title='bbox 3671 873 3828 926; x_wconf 77' lang='lat' dir='ltr'><strong>super</strong></span> 
     </span>
    </p>
   </div>
   <div class='ocr_carea' id='block_1_7' title="bbox 564 926 3825 1024">
    <p class='ocr_par' dir='ltr' id='par_1_7' title="bbox 564 926 3825 1024">
     <span class='ocr_line' id='line_1_7' title="bbox 564 926 3825 1024; baseline 0.007 -45"><span class='ocrx_word' id='word_1_92' title='bbox 564 926 777 1024; x_wconf 79' lang='lat' dir='ltr'><strong>ulmum</strong></span> <span class='ocrx_word' id='word_1_93' title='bbox 805 947 828 1024; x_wconf 40' lang='grc' dir='ltr'><strong>ε.</strong></span> <span class='ocrx_word' id='word_1_94' title='bbox 847 939 901 984; x_wconf 90' lang='lat' dir='ltr'><strong>et</strong></span> <span class='ocrx_word' id='word_1_95' title='bbox 924 946 1024 999; x_wconf 90' lang='lat' dir='ltr'><strong>pro</strong></span> <span class='ocrx_word' id='word_1_96' title='bbox 1048 948 1106 987; x_wconf 90' lang='lat' dir='ltr'><strong>se</strong></span> <span class='ocrx_word' id='word_1_97' title='bbox 1131 945 1184 988; x_wconf 90' lang='lat' dir='ltr'><strong>et</strong></span> <span class='ocrx_word' id='word_1_98' title='bbox 1212 952 1318 1004; x_wconf 81' lang='lat' dir='ltr'><strong>pro</strong></span> <span class='ocrx_word' id='word_1_99' title='bbox 1340 939 1486 995; x_wconf 91' lang='lat' dir='ltr'><strong>ulmo</strong></span> <span class='ocrx_word' id='word_1_100' title='bbox 1514 939 1750 997; x_wconf 86' lang='lat' dir='ltr'><strong>fructum</strong></span> <span class='ocrx_word' id='word_1_101' title='bbox 1782 939 2059 995; x_wconf 84' lang='lat' dir='ltr'><strong>dat.-Vide</strong></span> <span class='ocrx_word' id='word_1_102' title='bbox 2092 955 2246 1010; x_wconf 83' lang='lat' dir='ltr'><strong>ergo,</strong></span> <span class='ocrx_word' id='word_1_103' title='bbox 2279 941 2424 1010; x_wconf 91' lang='lat' dir='ltr'><strong>quod</strong></span> <span class='ocrx_word' id='word_1_104' title='bbox 2460 941 2572 1009; x_wconf 81' lang='lat'><strong>(69)</strong></span> <span class='ocrx_word' id='word_1_105' title='bbox 2603 941 2782 997; x_wconf 92' lang='lat' dir='ltr'><strong>ulmus</strong></span> <span class='ocrx_word' id='word_1_106' title='bbox 2821 940 3061 996; x_wconf 91' lang='lat' dir='ltr'><strong>fructum</strong></span> <span class='ocrx_word' id='word_1_107' title='bbox 3091 943 3186 997; x_wconf 87' lang='lat' dir='ltr'><strong>dat</strong></span> <span class='ocrx_word' id='word_1_108' title='bbox 3206 959 3312 998; x_wconf 89' lang='lat' dir='ltr'><strong>non</strong></span> <span class='ocrx_word' id='word_1_109' title='bbox 3339 943 3641 1013; x_wconf 86' lang='lat' dir='ltr'><strong>minorem,</strong></span> <span class='ocrx_word' id='word_1_110' title='bbox 3667 964 3825 1017; x_wconf 72' lang='lat' dir='ltr'><strong>quam</strong></span> 
     </span>
    </p>
   </div>
   <div class='ocr_carea' id='block_1_8' title="bbox 566 1016 3826 1107">
    <p class='ocr_par' dir='ltr' id='par_1_8' title="bbox 566 1016 3826 1107">
     <span class='ocr_line' id='line_1_8' title="bbox 566 1016 3826 1107; baseline 0.005 -27"><span class='ocrx_word' id='word_1_111' title='bbox 566 1016 710 1080; x_wconf 61' lang='lat' dir='ltr'><strong>“i135,</strong></span> <span class='ocrx_word' id='word_1_112' title='bbox 738 1017 829 1071; x_wconf 58' lang='lat' dir='ltr'><strong>Sed</strong></span> <span class='ocrx_word' id='word_1_113' title='bbox 859 1021 1036 1086; x_wconf 75' lang='lat' dir='ltr'><strong>Potius</strong></span> <span class='ocrx_word' id='word_1_114' title='bbox 1070 1024 1353 1093; x_wconf 84' lang='lat' dir='ltr'><strong>majorem.</strong></span> <span class='ocrx_word' id='word_1_115' title='bbox 1387 1029 1695 1099; x_wconf 86' lang='lat' dir='ltr'><strong>Quomodo,</strong></span> <span class='ocrx_word' id='word_1_116' title='bbox 1751 1033 1997 1101; x_wconf 88' lang='lat' dir='ltr'><strong>inquam,</strong></span> <span class='ocrx_word' id='word_1_117' title='bbox 2029 1031 2271 1098; x_wconf 88' lang='lat' dir='ltr'><strong>domine,</strong></span> <span class='ocrx_word' id='word_1_118' title='bbox 2309 1033 2574 1102; x_wconf 78' lang='lat' dir='ltr'><strong>majorem</strong></span> <span class='ocrx_word' id='word_1_119' title='bbox 2609 1049 2775 1102; x_wconf 89' lang='lat' dir='ltr'><strong>quam</strong></span> <span class='ocrx_word' id='word_1_120' title='bbox 2826 1033 2990 1088; x_wconf 76' lang='lat' dir='ltr'><strong>vitis?</strong></span> <span class='ocrx_word' id='word_1_121' title='bbox 3045 1033 3343 1104; x_wconf 90' lang='lat' dir='ltr'><strong>Suspensa,</strong></span> <span class='ocrx_word' id='word_1_122' title='bbox 3397 1037 3601 1107; x_wconf 83' lang='lat' dir='ltr'><strong>inquit,</strong></span> <span class='ocrx_word' id='word_1_123' title='bbox 3657 1016 3721 1094; x_wconf 84' lang='lat' dir='ltr'><strong>ad</strong></span> <span class='ocrx_word' id='word_1_124' title='bbox 3753 1042 3826 1095; x_wconf 89' lang='lat' dir='ltr'><strong>ul-</strong></span> 
     </span>
    </p>
   </div>
   <div class='ocr_carea' id='block_1_9' title="bbox 565 1115 3818 1202">
    <p class='ocr_par' dir='ltr' id='par_1_9' title="bbox 565 1115 3818 1202">
     <span class='ocr_line' id='line_1_9' title="bbox 565 1115 3818 1202; baseline 0.008 -37"><span class='ocrx_word' id='word_1_125' title='bbox 565 1129 711 1167; x_wconf 89' lang='lat' dir='ltr'><strong>mum</strong></span> <span class='ocrx_word' id='word_1_126' title='bbox 738 1115 872 1185; x_wconf 85' lang='lat'><strong>(70),</strong></span> <span class='ocrx_word' id='word_1_127' title='bbox 903 1117 1138 1175; x_wconf 89' lang='lat' dir='ltr'><strong>fructum</strong></span> <span class='ocrx_word' id='word_1_128' title='bbox 1169 1125 1399 1180; x_wconf 88' lang='lat' dir='ltr'><strong>multum</strong></span> <span class='ocrx_word' id='word_1_129' title='bbox 1422 1137 1476 1182; x_wconf 91' lang='lat' dir='ltr'><strong>et</strong></span> <span class='ocrx_word' id='word_1_130' title='bbox 1500 1128 1702 1183; x_wconf 90' lang='lat' dir='ltr'><strong>bonum</strong></span> <span class='ocrx_word' id='word_1_131' title='bbox 1726 1129 1851 1194; x_wconf 89' lang='lat' dir='ltr'><strong>dat;</strong></span> <span class='ocrx_word' id='word_1_132' title='bbox 1878 1129 2068 1198; x_wconf 85' lang='lat' dir='ltr'><strong>jacens</strong></span> <span class='ocrx_word' id='word_1_133' title='bbox 2101 1138 2280 1183; x_wconf 89' lang='lat' dir='ltr'><strong>autem</strong></span> <span class='ocrx_word' id='word_1_134' title='bbox 2317 1129 2370 1182; x_wconf 90' lang='lat' dir='ltr'><strong>in</strong></span> <span class='ocrx_word' id='word_1_135' title='bbox 2411 1136 2576 1193; x_wconf 85' lang='lat' dir='ltr'><strong>terra,</strong></span> <span class='ocrx_word' id='word_1_136' title='bbox 2601 1130 2857 1199; x_wconf 75' lang='lat' dir='ltr'><strong>exiguum</strong></span> <span class='ocrx_word' id='word_1_137' title='bbox 2884 1140 2938 1185; x_wconf 92' lang='lat' dir='ltr'><strong>et</strong></span> <span class='ocrx_word' id='word_1_138' title='bbox 2967 1131 3270 1200; x_wconf 91' lang='lat' dir='ltr'><strong>pessimum</strong></span> <span class='ocrx_word' id='word_1_139' title='bbox 3302 1131 3547 1190; x_wconf 83' lang='lat' dir='ltr'><strong>fructum</strong></span> <span class='ocrx_word' id='word_1_140' title='bbox 3569 1135 3818 1202; x_wconf 81' lang='lat' dir='ltr'><strong>dat(7l).</strong></span> 
     </span>
    </p>
   </div>
   <div class='ocr_carea' id='block_1_10' title="bbox 566 1203 3821 1296">
    <p class='ocr_par' dir='ltr' id='par_1_10' title="bbox 566 1203 3821 1296">
     <span class='ocr_line' id='line_1_10' title="bbox 566 1203 3821 1296; baseline 0.008 -34"><span class='ocrx_word' id='word_1_141' title='bbox 566 1207 688 1265; x_wconf 75' lang='lat' dir='ltr'><strong>llzec</strong></span> <span class='ocrx_word' id='word_1_142' title='bbox 722 1212 884 1282; x_wconf 81' lang='lat' dir='ltr'><strong>igitur</strong></span> <span class='ocrx_word' id='word_1_143' title='bbox 906 1216 1204 1274; x_wconf 87' lang='lat' dir='ltr'><strong>similitudo</strong></span> <span class='ocrx_word' id='word_1_144' title='bbox 1228 1223 1400 1290; x_wconf 85' lang='lat' dir='ltr'><strong>posita</strong></span> <span class='ocrx_word' id='word_1_145' title='bbox 1427 1233 1512 1279; x_wconf 88' lang='lat' dir='ltr'><strong>est</strong></span> <span class='ocrx_word' id='word_1_146' title='bbox 1542 1225 1714 1280; x_wconf 78' lang='lat' dir='ltr'><strong>servis</strong></span> <span class='ocrx_word' id='word_1_147' title='bbox 1749 1225 1862 1290; x_wconf 91' lang='lat' dir='ltr'><strong>Dei,</strong></span> <span class='ocrx_word' id='word_1_148' title='bbox 1895 1224 2120 1295; x_wconf 85' lang='lat' dir='ltr'><strong>pauperi</strong></span> <span class='ocrx_word' id='word_1_149' title='bbox 2151 1233 2205 1279; x_wconf 90' lang='lat' dir='ltr'><strong>et</strong></span> <span class='ocrx_word' id='word_1_150' title='bbox 2226 1224 2377 1278; x_wconf 88' lang='lat' dir='ltr'><strong>diviti</strong></span> <span class='ocrx_word' id='word_1_151' title='bbox 2411 1224 2548 1293; x_wconf 68' lang='lat'><strong>(7—2).</strong></span> <span class='ocrx_word' id='word_1_152' title='bbox 2581 1223 2877 1294; x_wconf 82' lang='lat' dir='ltr'><strong>Respondi,</strong></span> <span class='ocrx_word' id='word_1_153' title='bbox 2902 1225 3154 1296; x_wconf 89' lang='lat' dir='ltr'><strong>inquiens</strong></span> <span class='ocrx_word' id='word_1_154' title='bbox 3189 1244 3202 1280; x_wconf 93' lang='lat'>:</span> <span class='ocrx_word' id='word_1_155' title='bbox 3233 1225 3484 1295; x_wconf 83' lang='lat' dir='ltr'><strong>Domine,</strong></span> <span class='ocrx_word' id='word_1_156' title='bbox 3509 1203 3821 1289; x_wconf 79' lang='lat' dir='ltr'><strong>demonstra</strong></span> 
     </span>
    </p>
   </div>
   <div class='ocr_carea' id='block_1_11' title="bbox 567 1302 3824 1393">
    <p class='ocr_par' dir='ltr' id='par_1_11' title="bbox 567 1302 3824 1393">
     <span class='ocr_line' id='line_1_11' title="bbox 567 1302 3824 1393; baseline 0.01 -41"><span class='ocrx_word' id='word_1_157' title='bbox 567 1302 718 1355; x_wconf 90' lang='lat' dir='ltr'><strong>mihi.</strong></span> <span class='ocrx_word' id='word_1_158' title='bbox 746 1303 908 1372; x_wconf 82' lang='lat' dir='ltr'><strong>Audi,</strong></span> <span class='ocrx_word' id='word_1_159' title='bbox 930 1307 1105 1379; x_wconf 82' lang='lat' dir='ltr'><strong>inquit</strong></span> <span class='ocrx_word' id='word_1_160' title='bbox 1139 1327 1152 1363; x_wconf 91' lang='lat'>:</span> <span class='ocrx_word' id='word_1_161' title='bbox 1185 1313 1342 1372; x_wconf 84' lang='lat' dir='ltr'><strong>Dives</strong></span> <span class='ocrx_word' id='word_1_162' title='bbox 1373 1319 1535 1374; x_wconf 89' lang='lat' dir='ltr'><strong>habet</strong></span> <span class='ocrx_word' id='word_1_163' title='bbox 1561 1336 1711 1390; x_wconf 90' lang='lat' dir='ltr'><strong>opes,</strong></span> <span class='ocrx_word' id='word_1_164' title='bbox 1742 1336 1772 1375; x_wconf 86' lang='lat' dir='ltr'><strong>a</strong></span> <span class='ocrx_word' id='word_1_165' title='bbox 1811 1320 2042 1375; x_wconf 86' lang='lat' dir='ltr'><strong>Domino</strong></span> <span class='ocrx_word' id='word_1_166' title='bbox 2076 1335 2206 1375; x_wconf 85' lang='lat' dir='ltr'><strong>vero</strong></span> <span class='ocrx_word' id='word_1_167' title='bbox 2257 1335 2461 1389; x_wconf 84' lang='lat' dir='ltr'><strong>pauper</strong></span> <span class='ocrx_word' id='word_1_168' title='bbox 2489 1319 2949 1385; x_wconf 87' lang='lat' dir='ltr'><strong>est;distrahitur</strong></span> <span class='ocrx_word' id='word_1_169' title='bbox 2982 1320 3130 1374; x_wconf 88' lang='lat' dir='ltr'><strong>enim</strong></span> <span class='ocrx_word' id='word_1_170' title='bbox 3161 1321 3304 1376; x_wconf 88' lang='lat' dir='ltr'><strong>circa</strong></span> <span class='ocrx_word' id='word_1_171' title='bbox 3332 1323 3555 1379; x_wconf 85' lang='lat' dir='ltr'><strong>divitias</strong></span> <span class='ocrx_word' id='word_1_172' title='bbox 3581 1341 3753 1393; x_wconf 85' lang='lat' dir='ltr'><strong>suas,</strong></span> <span class='ocrx_word' id='word_1_173' title='bbox 3779 1343 3824 1384; x_wconf 78' lang='lat' dir='ltr'><strong>et</strong></span> 
     </span>
    </p>
   </div>
   <div class='ocr_carea' id='block_1_12' title="bbox 565 1393 3817 1480">
    <p class='ocr_par' dir='ltr' id='par_1_12' title="bbox 565 1393 3817 1480">
     <span class='ocr_line' id='line_1_12' title="bbox 565 1393 3817 1480; baseline 0.008 -35"><span class='ocrx_word' id='word_1_174' title='bbox 565 1393 718 1448; x_wconf 78' lang='lat' dir='ltr'><strong>valde</strong></span> <span class='ocrx_word' id='word_1_175' title='bbox 741 1397 990 1467; x_wconf 80' lang='lat' dir='ltr'><strong>exiguam</strong></span> <span class='ocrx_word' id='word_1_176' title='bbox 1032 1401 1194 1458; x_wconf 89' lang='lat' dir='ltr'><strong>habet</strong></span> <span class='ocrx_word' id='word_1_177' title='bbox 1219 1409 1520 1464; x_wconf 88' lang='lat' dir='ltr'><strong>orationem</strong></span> <span class='ocrx_word' id='word_1_178' title='bbox 1552 1411 1618 1466; x_wconf 90' lang='lat' dir='ltr'><strong>ad</strong></span> <span class='ocrx_word' id='word_1_179' title='bbox 1648 1411 1939 1466; x_wconf 90' lang='lat' dir='ltr'><strong>Dominum</strong></span> <span class='ocrx_word' id='word_1_180' title='bbox 1954 1409 1970 1475; x_wconf 68' lang='grc' dir='ltr'><strong>’ζ</strong></span> <span class='ocrx_word' id='word_1_181' title='bbox 1994 1420 2050 1465; x_wconf 91' lang='lat' dir='ltr'><strong>et</strong></span> <span class='ocrx_word' id='word_1_182' title='bbox 2080 1425 2246 1480; x_wconf 90' lang='lat' dir='ltr'><strong>quam</strong></span> <span class='ocrx_word' id='word_1_183' title='bbox 2275 1410 2437 1463; x_wconf 88' lang='lat' dir='ltr'><strong>habet</strong></span> <span class='ocrx_word' id='word_1_184' title='bbox 2466 1450 2481 1476; x_wconf 90' lang='lat'><strong>,</strong></span> <span class='ocrx_word' id='word_1_185' title='bbox 2516 1409 2743 1463; x_wconf 85' lang='lat' dir='ltr'><strong>inertem</strong></span> <span class='ocrx_word' id='word_1_186' title='bbox 2767 1408 2950 1472; x_wconf 85' lang='lat' dir='ltr'><strong>habet,</strong></span> <span class='ocrx_word' id='word_1_187' title='bbox 2984 1417 3040 1464; x_wconf 90' lang='lat' dir='ltr'><strong>et</strong></span> <span class='ocrx_word' id='word_1_188' title='bbox 3070 1423 3181 1463; x_wconf 92' lang='lat' dir='ltr'><strong>non</strong></span> <span class='ocrx_word' id='word_1_189' title='bbox 3207 1409 3501 1468; x_wconf 84' lang='lat' dir='ltr'><strong>habentem</strong></span> <span class='ocrx_word' id='word_1_190' title='bbox 3532 1415 3817 1471; x_wconf 87' lang='lat' dir='ltr'><strong>virtutem.</strong></span> 
     </span>
    </p>
   </div>
   <div class='ocr_carea' id='block_1_13' title="bbox 564 1489 3825 1578">
    <p class='ocr_par' dir='ltr' id='par_1_13' title="bbox 564 1489 3825 1578">
     <span class='ocr_line' id='line_1_13' title="bbox 564 1489 3825 1578; baseline 0.008 -32"><span class='ocrx_word' id='word_1_191' title='bbox 564 1489 698 1543; x_wconf 80' lang='lat' dir='ltr'><strong>Cum</strong></span> <span class='ocrx_word' id='word_1_192' title='bbox 732 1491 896 1561; x_wconf 80' lang='lat' dir='ltr'><strong>igitur</strong></span> <span class='ocrx_word' id='word_1_193' title='bbox 927 1495 1079 1552; x_wconf 83' lang='lat' dir='ltr'><strong>dives</strong></span> <span class='ocrx_word' id='word_1_194' title='bbox 1108 1511 1329 1568; x_wconf 65' lang='lat' dir='ltr'><strong>priestat</strong></span> <span class='ocrx_word' id='word_1_195' title='bbox 1354 1509 1602 1577; x_wconf 83' lang='lat' dir='ltr'><strong>pauperi,</strong></span> <span class='ocrx_word' id='word_1_196' title='bbox 1627 1524 1747 1578; x_wconf 75' lang='lat' dir='ltr'><strong>qua:</strong></span> <span class='ocrx_word' id='word_1_197' title='bbox 1771 1509 1848 1563; x_wconf 92' lang='lat' dir='ltr'><strong>illi</strong></span> <span class='ocrx_word' id='word_1_198' title='bbox 1878 1509 1990 1576; x_wconf 79' lang='grc'>(75)</span> <span class='ocrx_word' id='word_1_199' title='bbox 2026 1524 2165 1578; x_wconf 87' lang='lat' dir='ltr'><strong>opus</strong></span> <span class='ocrx_word' id='word_1_200' title='bbox 2201 1518 2350 1568; x_wconf 87' lang='lat' dir='ltr'><strong>sunt,</strong></span> <span class='ocrx_word' id='word_1_201' title='bbox 2377 1522 2584 1577; x_wconf 83' lang='lat' dir='ltr'><strong>pauper</strong></span> <span class='ocrx_word' id='word_1_202' title='bbox 2631 1515 2752 1562; x_wconf 90' lang='lat' dir='ltr'><strong>orat</strong></span> <span class='ocrx_word' id='word_1_203' title='bbox 2779 1507 2847 1561; x_wconf 81' lang='lat' dir='ltr'><strong>ad</strong></span> <span class='ocrx_word' id='word_1_204' title='bbox 2891 1506 3184 1561; x_wconf 86' lang='lat' dir='ltr'><strong>Dominum</strong></span> <span class='ocrx_word' id='word_1_205' title='bbox 3217 1515 3316 1578; x_wconf 84' lang='lat' dir='ltr'><strong>pro</strong></span> <span class='ocrx_word' id='word_1_206' title='bbox 3345 1509 3552 1578; x_wconf 82' lang='lat' dir='ltr'><strong>divite,</strong></span> <span class='ocrx_word' id='word_1_207' title='bbox 3587 1523 3658 1569; x_wconf 70' lang='lat' dir='ltr'><strong>et</strong></span> <span class='ocrx_word' id='word_1_208' title='bbox 3693 1514 3825 1571; x_wconf 82' lang='lat' dir='ltr'><strong>Deus</strong></span> 
     </span>
    </p>
   </div>
   <div class='ocr_carea' id='block_1_14' title="bbox 565 1585 3822 1677">
    <p class='ocr_par' dir='ltr' id='par_1_14' title="bbox 565 1585 3822 1677">
     <span class='ocr_line' id='line_1_14' title="bbox 565 1585 3822 1677; baseline 0.008 -43"><span class='ocrx_word' id='word_1_209' title='bbox 565 1591 783 1649; x_wconf 64' lang='lat' dir='ltr'><strong>praestat</strong></span> <span class='ocrx_word' id='word_1_210' title='bbox 819 1585 972 1640; x_wconf 83' lang='lat' dir='ltr'><strong>diviti</strong></span> <span class='ocrx_word' id='word_1_211' title='bbox 1005 1590 1186 1644; x_wconf 89' lang='lat' dir='ltr'><strong>omnia</strong></span> <span class='ocrx_word' id='word_1_212' title='bbox 1224 1591 1363 1649; x_wconf 83' lang='lat' dir='ltr'><strong>bona</strong></span> <span class='ocrx_word' id='word_1_213' title='bbox 1395 1615 1408 1663; x_wconf 89' lang='lat'><strong>;</strong></span> <span class='ocrx_word' id='word_1_214' title='bbox 1445 1599 1573 1668; x_wconf 86' lang='lat' dir='ltr'><strong>quia</strong></span> <span class='ocrx_word' id='word_1_215' title='bbox 1602 1615 1807 1669; x_wconf 86' lang='lat' dir='ltr'><strong>pauper</strong></span> <span class='ocrx_word' id='word_1_216' title='bbox 1828 1598 1983 1654; x_wconf 86' lang='lat' dir='ltr'><strong>dives</strong></span> <span class='ocrx_word' id='word_1_217' title='bbox 2006 1607 2088 1653; x_wconf 94' lang='lat' dir='ltr'><strong>cst</strong></span> <span class='ocrx_word' id='word_1_218' title='bbox 2112 1598 2166 1651; x_wconf 93' lang='lat' dir='ltr'><strong>in</strong></span> <span class='ocrx_word' id='word_1_219' title='bbox 2200 1597 2449 1652; x_wconf 84' lang='lat' dir='ltr'><strong>oratione</strong></span> <span class='ocrx_word' id='word_1_220' title='bbox 2469 1637 2482 1659; x_wconf 94' lang='lat'><strong>,</strong></span> <span class='ocrx_word' id='word_1_221' title='bbox 2513 1605 2566 1650; x_wconf 81' lang='lat' dir='ltr'><strong>et</strong></span> <span class='ocrx_word' id='word_1_222' title='bbox 2596 1595 2851 1651; x_wconf 89' lang='lat' dir='ltr'><strong>virtutem</strong></span> <span class='ocrx_word' id='word_1_223' title='bbox 2878 1612 3131 1666; x_wconf 71' lang='lat' dir='ltr'><strong>linguam</strong></span> <span class='ocrx_word' id='word_1_224' title='bbox 3163 1603 3325 1660; x_wconf 85' lang='lat' dir='ltr'><strong>habet</strong></span> <span class='ocrx_word' id='word_1_225' title='bbox 3353 1609 3502 1677; x_wconf 91' lang='lat' dir='ltr'><strong>apud</strong></span> <span class='ocrx_word' id='word_1_226' title='bbox 3532 1608 3822 1666; x_wconf 83' lang='lat' dir='ltr'><strong>Dominum</strong></span> 
     </span>
    </p>
   </div>
   <div class='ocr_carea' id='block_1_15' title="bbox 563 1685 3824 1765">
    <p class='ocr_par' dir='ltr' id='par_1_15' title="bbox 563 1685 3824 1765">
     <span class='ocr_line' id='line_1_15' title="bbox 563 1685 3824 1765; baseline 0.008 -31"><span class='ocrx_word' id='word_1_227' title='bbox 563 1685 739 1737; x_wconf 84' lang='lat' dir='ltr'><strong>oratio</strong></span> <span class='ocrx_word' id='word_1_228' title='bbox 768 1685 908 1755; x_wconf 84' lang='lat' dir='ltr'><strong>ejus.</strong></span> <span class='ocrx_word' id='word_1_229' title='bbox 935 1685 1089 1743; x_wconf 85' lang='lat' dir='ltr'><strong>Tune</strong></span> <span class='ocrx_word' id='word_1_230' title='bbox 1114 1705 1243 1760; x_wconf 73' lang='lat' dir='ltr'><strong>ergo</strong></span> <span class='ocrx_word' id='word_1_231' title='bbox 1268 1691 1418 1746; x_wconf 87' lang='lat' dir='ltr'><strong>dives</strong></span> <span class='ocrx_word' id='word_1_232' title='bbox 1450 1701 1669 1762; x_wconf 72' lang='lat' dir='ltr'><strong>prmstat</strong></span> <span class='ocrx_word' id='word_1_233' title='bbox 1696 1691 1879 1746; x_wconf 84' lang='lat' dir='ltr'><strong>omnia</strong></span> <span class='ocrx_word' id='word_1_234' title='bbox 1905 1704 2127 1759; x_wconf 82' lang='lat' dir='ltr'><strong>pauperi</strong></span> <span class='ocrx_word' id='word_1_235' title='bbox 2155 1730 2170 1755; x_wconf 87' lang='lat'><strong>,</strong></span> <span class='ocrx_word' id='word_1_236' title='bbox 2201 1689 2328 1758; x_wconf 89' lang='lat' dir='ltr'><strong>quia</strong></span> <span class='ocrx_word' id='word_1_237' title='bbox 2365 1688 2530 1743; x_wconf 88' lang='lat' dir='ltr'><strong>sentit</strong></span> <span class='ocrx_word' id='word_1_238' title='bbox 2561 1687 2715 1741; x_wconf 90' lang='lat' dir='ltr'><strong>illum</strong></span> <span class='ocrx_word' id='word_1_239' title='bbox 2751 1687 2999 1742; x_wconf 80' lang='lat' dir='ltr'><strong>exaudiri</strong></span> <span class='ocrx_word' id='word_1_240' title='bbox 3027 1705 3056 1743; x_wconf 91' lang='lat' dir='ltr'><strong>a</strong></span> <span class='ocrx_word' id='word_1_241' title='bbox 3091 1691 3323 1752; x_wconf 90' lang='lat' dir='ltr'><strong>Domino</strong></span> <span class='ocrx_word' id='word_1_242' title='bbox 3346 1718 3360 1765; x_wconf 94' lang='lat'><strong>;</strong></span> <span class='ocrx_word' id='word_1_243' title='bbox 3382 1711 3435 1755; x_wconf 93' lang='lat' dir='ltr'><strong>et</strong></span> <span class='ocrx_word' id='word_1_244' title='bbox 3460 1703 3735 1760; x_wconf 81' lang='lat' dir='ltr'><strong>libentius</strong></span> <span class='ocrx_word' id='word_1_245' title='bbox 3771 1723 3824 1760; x_wconf 85' lang='lat' dir='ltr'><strong>ac</strong></span> 
     </span>
    </p>
   </div>
   <div class='ocr_carea' id='block_1_16' title="bbox 564 1777 3825 1864">
    <p class='ocr_par' dir='ltr' id='par_1_16' title="bbox 564 1777 3825 1864">
     <span class='ocr_line' id='line_1_16' title="bbox 564 1777 3825 1864; baseline 0.006 -34"><span class='ocrx_word' id='word_1_246' title='bbox 564 1777 684 1830; x_wconf 90' lang='lat' dir='ltr'><strong>sine</strong></span> <span class='ocrx_word' id='word_1_247' title='bbox 725 1777 1065 1835; x_wconf 88' lang='lat' dir='ltr'><strong>dubitatione</strong></span> <span class='ocrx_word' id='word_1_248' title='bbox 1088 1794 1310 1852; x_wconf 66' lang='lat' dir='ltr'><strong>praestat</strong></span> <span class='ocrx_word' id='word_1_249' title='bbox 1338 1785 1384 1840; x_wconf 90' lang='lat' dir='ltr'><strong>ei</strong></span> <span class='ocrx_word' id='word_1_250' title='bbox 1420 1785 1625 1853; x_wconf 87' lang='lat' dir='ltr'><strong>omnia,</strong></span> <span class='ocrx_word' id='word_1_251' title='bbox 1657 1795 1711 1840; x_wconf 92' lang='lat' dir='ltr'><strong>et</strong></span> <span class='ocrx_word' id='word_1_252' title='bbox 1736 1792 1892 1840; x_wconf 88' lang='lat' dir='ltr'><strong>curat</strong></span> <span class='ocrx_word' id='word_1_253' title='bbox 1922 1800 1971 1838; x_wconf 80' lang='grc' dir='ltr'><strong>ιι.</strong></span> <span class='ocrx_word' id='word_1_254' title='bbox 2013 1784 2142 1854; x_wconf 85' lang='lat' dir='ltr'><strong>quid</strong></span> <span class='ocrx_word' id='word_1_255' title='bbox 2173 1785 2225 1838; x_wconf 91' lang='lat' dir='ltr'><strong>ei</strong></span> <span class='ocrx_word' id='word_1_256' title='bbox 2267 1783 2424 1839; x_wconf 84' lang='lat' dir='ltr'><strong>desit.</strong></span> <span class='ocrx_word' id='word_1_257' title='bbox 2457 1783 2668 1853; x_wconf 89' lang='lat' dir='ltr'><strong>Pauper</strong></span> <span class='ocrx_word' id='word_1_258' title='bbox 2689 1782 2800 1838; x_wconf 91' lang='lat' dir='ltr'><strong>Deo</strong></span> <span class='ocrx_word' id='word_1_259' title='bbox 2824 1785 3028 1856; x_wconf 84' lang='lat' dir='ltr'><strong>gratias</strong></span> <span class='ocrx_word' id='word_1_260' title='bbox 3057 1786 3169 1855; x_wconf 81' lang='lat' dir='ltr'><strong>agit</strong></span> <span class='ocrx_word' id='word_1_261' title='bbox 3197 1803 3297 1856; x_wconf 89' lang='lat' dir='ltr'><strong>pro</strong></span> <span class='ocrx_word' id='word_1_262' title='bbox 3321 1789 3512 1855; x_wconf 81' lang='lat' dir='ltr'><strong>divite,</strong></span> <span class='ocrx_word' id='word_1_263' title='bbox 3536 1795 3671 1863; x_wconf 86' lang='lat' dir='ltr'><strong>quia</strong></span> <span class='ocrx_word' id='word_1_264' title='bbox 3696 1811 3825 1864; x_wconf 83' lang='lat' dir='ltr'><strong>opus</strong></span> 
     </span>
    </p>
   </div>
   <div class='ocr_carea' id='block_1_17' title="bbox 564 1872 3827 1956">
    <p class='ocr_par' dir='ltr' id='par_1_17' title="bbox 564 1872 3827 1956">
     <span class='ocr_line' id='line_1_17' title="bbox 564 1872 3827 1956; baseline 0.005 -30"><span class='ocrx_word' id='word_1_265' title='bbox 564 1872 772 1929; x_wconf 85' lang='lat' dir='ltr'><strong>faciunt</strong></span> <span class='ocrx_word' id='word_1_266' title='bbox 797 1892 828 1930; x_wconf 91' lang='lat' dir='ltr'><strong>a</strong></span> <span class='ocrx_word' id='word_1_267' title='bbox 860 1877 1112 1934; x_wconf 88' lang='lat' dir='ltr'><strong>Domino.</strong></span> <span class='ocrx_word' id='word_1_268' title='bbox 1145 1881 1299 1951; x_wconf 85' lang='lat' dir='ltr'><strong>Apud</strong></span> <span class='ocrx_word' id='word_1_269' title='bbox 1333 1879 1582 1934; x_wconf 88' lang='lat' dir='ltr'><strong>homines</strong></span> <span class='ocrx_word' id='word_1_270' title='bbox 1605 1894 1736 1949; x_wconf 85' lang='lat' dir='ltr'><strong>ergo</strong></span> <span class='ocrx_word' id='word_1_271' title='bbox 1767 1880 1948 1936; x_wconf 90' lang='lat' dir='ltr'><strong>ulmus</strong></span> <span class='ocrx_word' id='word_1_272' title='bbox 1976 1894 2085 1934; x_wconf 92' lang='lat' dir='ltr'><strong>non</strong></span> <span class='ocrx_word' id='word_1_273' title='bbox 2117 1889 2338 1952; x_wconf 85' lang='lat' dir='ltr'><strong>putatur</strong></span> <span class='ocrx_word' id='word_1_274' title='bbox 2367 1881 2506 1936; x_wconf 90' lang='lat' dir='ltr'><strong>dare</strong></span> <span class='ocrx_word' id='word_1_275' title='bbox 2546 1881 2784 1935; x_wconf 90' lang='lat' dir='ltr'><strong>fructum</strong></span> <span class='ocrx_word' id='word_1_276' title='bbox 2811 1880 2954 1950; x_wconf 72' lang='lat'><strong>(74);</strong></span> <span class='ocrx_word' id='word_1_277' title='bbox 2981 1892 3036 1935; x_wconf 88' lang='lat' dir='ltr'><strong>et</strong></span> <span class='ocrx_word' id='word_1_278' title='bbox 3067 1884 3352 1948; x_wconf 90' lang='lat' dir='ltr'><strong>nesciunt,</strong></span> <span class='ocrx_word' id='word_1_279' title='bbox 3405 1903 3590 1956; x_wconf 90' lang='lat' dir='ltr'><strong>neque</strong></span> <span class='ocrx_word' id='word_1_280' title='bbox 3631 1889 3827 1944; x_wconf 84' lang='lat' dir='ltr'><strong>intelli-</strong></span> 
     </span>
    </p>
   </div>
   <div class='ocr_carea' id='block_1_18' title="bbox 564 1974 3827 2049">
    <p class='ocr_par' dir='ltr' id='par_1_18' title="bbox 564 1974 3827 2049">
     <span class='ocr_line' id='line_1_18' title="bbox 564 1974 3827 2049; baseline 0.004 -25"><span class='ocrx_word' id='word_1_281' title='bbox 564 1980 718 2040; x_wconf 83' lang='lat' dir='ltr'><strong>gunt,</strong></span> <span class='ocrx_word' id='word_1_282' title='bbox 743 1975 888 2042; x_wconf 92' lang='lat' dir='ltr'><strong>quod</strong></span> <span class='ocrx_word' id='word_1_283' title='bbox 925 1976 970 2031; x_wconf 89' lang='lat' dir='ltr'><strong>si</strong></span> <span class='ocrx_word' id='word_1_284' title='bbox 997 1977 1235 2034; x_wconf 88' lang='lat' dir='ltr'><strong>societas</strong></span> <span class='ocrx_word' id='word_1_285' title='bbox 1279 1976 1560 2032; x_wconf 86' lang='lat' dir='ltr'><strong>advenerit</strong></span> <span class='ocrx_word' id='word_1_286' title='bbox 1591 1975 1705 2046; x_wconf 83' lang='lat'><strong>(75)</strong></span> <span class='ocrx_word' id='word_1_287' title='bbox 1739 1976 1871 2044; x_wconf 78' lang='lat' dir='ltr'><strong>viti;</strong></span> <span class='ocrx_word' id='word_1_288' title='bbox 1915 1984 1968 2031; x_wconf 91' lang='lat' dir='ltr'><strong>et</strong></span> <span class='ocrx_word' id='word_1_289' title='bbox 1997 1977 2125 2032; x_wconf 88' lang='lat' dir='ltr'><strong>vitis</strong></span> <span class='ocrx_word' id='word_1_290' title='bbox 2153 1977 2380 2047; x_wconf 88' lang='lat' dir='ltr'><strong>duplum</strong></span> <span class='ocrx_word' id='word_1_291' title='bbox 2405 1976 2498 2032; x_wconf 89' lang='lat' dir='ltr'><strong>dat</strong></span> <span class='ocrx_word' id='word_1_292' title='bbox 2527 1974 2764 2031; x_wconf 86' lang='lat' dir='ltr'><strong>fructum</strong></span> <span class='ocrx_word' id='word_1_293' title='bbox 2799 1975 2933 2045; x_wconf 87' lang='lat'><strong>(76),</strong></span> <span class='ocrx_word' id='word_1_294' title='bbox 2965 1985 3019 2030; x_wconf 91' lang='lat' dir='ltr'><strong>et</strong></span> <span class='ocrx_word' id='word_1_295' title='bbox 3044 1991 3143 2046; x_wconf 91' lang='lat' dir='ltr'><strong>pro</strong></span> <span class='ocrx_word' id='word_1_296' title='bbox 3189 1991 3249 2031; x_wconf 93' lang='lat' dir='ltr'><strong>se</strong></span> <span class='ocrx_word' id='word_1_297' title='bbox 3301 1987 3356 2032; x_wconf 90' lang='lat' dir='ltr'><strong>et</strong></span> <span class='ocrx_word' id='word_1_298' title='bbox 3389 1993 3491 2049; x_wconf 86' lang='lat' dir='ltr'><strong>pro</strong></span> <span class='ocrx_word' id='word_1_299' title='bbox 3517 1979 3698 2035; x_wconf 88' lang='lat' dir='ltr'><strong>ulmo.</strong></span> <span class='ocrx_word' id='word_1_300' title='bbox 3743 1982 3827 2037; x_wconf 80' lang='lat' dir='ltr'><strong>Sic</strong></span> 
     </span>
    </p>
   </div>
   <div class='ocr_carea' id='block_1_19' title="bbox 562 2070 3828 2148">
    <p class='ocr_par' dir='ltr' id='par_1_19' title="bbox 562 2070 3828 2148">
     <span class='ocr_line' id='line_1_19' title="bbox 562 2070 3828 2148; baseline 0.005 -28"><span class='ocrx_word' id='word_1_301' title='bbox 562 2076 618 2121; x_wconf 87' lang='lat' dir='ltr'><strong>et</strong></span> <span class='ocrx_word' id='word_1_302' title='bbox 644 2083 907 2140; x_wconf 83' lang='lat' dir='ltr'><strong>pauperes</strong></span> <span class='ocrx_word' id='word_1_303' title='bbox 937 2088 1036 2141; x_wconf 91' lang='lat' dir='ltr'><strong>pro</strong></span> <span class='ocrx_word' id='word_1_304' title='bbox 1065 2072 1425 2143; x_wconf 91' lang='lat' dir='ltr'><strong>locupletibus</strong></span> <span class='ocrx_word' id='word_1_305' title='bbox 1459 2070 1572 2141; x_wconf 83' lang='lat'><strong>(77)</strong></span> <span class='ocrx_word' id='word_1_306' title='bbox 1603 2081 1823 2125; x_wconf 86' lang='lat' dir='ltr'><strong>orantes</strong></span> <span class='ocrx_word' id='word_1_307' title='bbox 1849 2071 1916 2126; x_wconf 89' lang='lat' dir='ltr'><strong>ad</strong></span> <span class='ocrx_word' id='word_1_308' title='bbox 1947 2071 2239 2128; x_wconf 78' lang='lat' dir='ltr'><strong>Dominum</strong></span> <span class='ocrx_word' id='word_1_309' title='bbox 2267 2116 2283 2141; x_wconf 95' lang='lat'><strong>,</strong></span> <span class='ocrx_word' id='word_1_310' title='bbox 2312 2073 2715 2140; x_wconf 83' lang='lat' dir='ltr'><strong>exaudiuntur;</strong></span> <span class='ocrx_word' id='word_1_311' title='bbox 2763 2083 2816 2129; x_wconf 92' lang='lat' dir='ltr'><strong>et</strong></span> <span class='ocrx_word' id='word_1_312' title='bbox 2849 2081 3119 2143; x_wconf 80' lang='lat' dir='ltr'><strong>augentur</strong></span> <span class='ocrx_word' id='word_1_313' title='bbox 3158 2089 3288 2144; x_wconf 87' lang='lat' dir='ltr'><strong>opes</strong></span> <span class='ocrx_word' id='word_1_314' title='bbox 3320 2090 3541 2144; x_wconf 89' lang='lat' dir='ltr'><strong>eorum,</strong></span> <span class='ocrx_word' id='word_1_315' title='bbox 3565 2082 3828 2148; x_wconf 83' lang='lat' dir='ltr'><strong>quoniam</strong></span> 
     </span>
    </p>
   </div>
   <div class='ocr_carea' id='block_1_20' title="bbox 565 2165 3827 2241">
    <p class='ocr_par' dir='ltr' id='par_1_20' title="bbox 565 2165 3827 2241">
     <span class='ocr_line' id='line_1_20' title="bbox 565 2165 3827 2241; baseline 0.004 -25"><span class='ocrx_word' id='word_1_316' title='bbox 565 2177 600 2230; x_wconf 80' lang='grc' dir='ltr'>ν</span> <span class='ocrx_word' id='word_1_317' title='bbox 632 2173 827 2218; x_wconf 69' lang='grc' dir='ltr'><strong>ωεῑξιηι</strong></span> <span class='ocrx_word' id='word_1_318' title='bbox 872 2168 1204 2237; x_wconf 91' lang='lat' dir='ltr'><strong>pauperibus</strong></span> <span class='ocrx_word' id='word_1_319' title='bbox 1251 2183 1318 2223; x_wconf 83' lang='lat' dir='ltr'><strong>ex</strong></span> <span class='ocrx_word' id='word_1_320' title='bbox 1360 2167 1557 2237; x_wconf 89' lang='lat' dir='ltr'><strong>opibus</strong></span> <span class='ocrx_word' id='word_1_321' title='bbox 1605 2166 1740 2222; x_wconf 73' lang='lat' dir='ltr'><strong>suis.</strong></span> <span class='ocrx_word' id='word_1_322' title='bbox 1774 2165 1914 2222; x_wconf 89' lang='lat' dir='ltr'><strong>Sunt</strong></span> <span class='ocrx_word' id='word_1_323' title='bbox 1937 2167 2102 2239; x_wconf 81' lang='lat' dir='ltr'><strong>igitur</strong></span> <span class='ocrx_word' id='word_1_324' title='bbox 2141 2169 2304 2223; x_wconf 76' lang='lat' dir='ltr'><strong>ambo</strong></span> <span class='ocrx_word' id='word_1_325' title='bbox 2328 2176 2610 2224; x_wconf 85' lang='lat' dir='ltr'><strong>consortes</strong></span> <span class='ocrx_word' id='word_1_326' title='bbox 2644 2169 2915 2224; x_wconf 92' lang='lat' dir='ltr'><strong>bonorum</strong></span> <span class='ocrx_word' id='word_1_327' title='bbox 2948 2181 3174 2239; x_wconf 84' lang='lat' dir='ltr'><strong>cpernm</strong></span> <span class='ocrx_word' id='word_1_328' title='bbox 3208 2181 3460 2222; x_wconf 90' lang='lat' dir='ltr'><strong>suorum.</strong></span> <span class='ocrx_word' id='word_1_329' title='bbox 3497 2169 3827 2241; x_wconf 81' lang='lat' dir='ltr'><strong>Quicunque</strong></span> 
     </span>
    </p>
   </div>
   <div class='ocr_carea' id='block_1_21' title="bbox 565 2253 3822 2335">
    <p class='ocr_par' dir='ltr' id='par_1_21' title="bbox 565 2253 3822 2335">
     <span class='ocr_line' id='line_1_21' title="bbox 565 2253 3822 2335; baseline 0.004 -28"><span class='ocrx_word' id='word_1_330' title='bbox 565 2253 699 2324; x_wconf 78' lang='lat' dir='ltr'><strong>igitu</strong></span> <span class='ocrx_word' id='word_1_331' title='bbox 769 2255 883 2313; x_wconf 72' lang='lat' dir='ltr'><strong>haec</strong></span> <span class='ocrx_word' id='word_1_332' title='bbox 919 2257 1126 2325; x_wconf 76' lang='lat' dir='ltr'><strong>fecerit,</strong></span> <span class='ocrx_word' id='word_1_333' title='bbox 1167 2277 1273 2317; x_wconf 92' lang='lat' dir='ltr'><strong>non</strong></span> <span class='ocrx_word' id='word_1_334' title='bbox 1304 2263 1586 2318; x_wconf 90' lang='lat' dir='ltr'><strong>deseretur</strong></span> <span class='ocrx_word' id='word_1_335' title='bbox 1609 2278 1641 2317; x_wconf 90' lang='lat' dir='ltr'><strong>a</strong></span> <span class='ocrx_word' id='word_1_336' title='bbox 1674 2261 1928 2329; x_wconf 90' lang='lat' dir='ltr'><strong>Domino,</strong></span> <span class='ocrx_word' id='word_1_337' title='bbox 1963 2280 2026 2318; x_wconf 88' lang='lat' dir='ltr'><strong>ac</strong></span> <span class='ocrx_word' id='word_1_338' title='bbox 2051 2264 2154 2318; x_wconf 90' lang='lat' dir='ltr'><strong>erit</strong></span> <span class='ocrx_word' id='word_1_339' title='bbox 2185 2265 2423 2333; x_wconf 89' lang='lat' dir='ltr'><strong>scriptus</strong></span> <span class='ocrx_word' id='word_1_340' title='bbox 2462 2264 2515 2318; x_wconf 91' lang='lat' dir='ltr'><strong>in</strong></span> <span class='ocrx_word' id='word_1_341' title='bbox 2557 2265 2696 2318; x_wconf 90' lang='lat' dir='ltr'><strong>libro</strong></span> <span class='ocrx_word' id='word_1_342' title='bbox 2733 2267 2874 2319; x_wconf 80' lang='lat' dir='ltr'><strong>vitae.</strong></span> <span class='ocrx_word' id='word_1_343' title='bbox 2904 2264 3112 2320; x_wconf 85' lang='lat' dir='ltr'><strong>Felices</strong></span> <span class='ocrx_word' id='word_1_344' title='bbox 3157 2260 3322 2331; x_wconf 83' lang='lat' dir='ltr'><strong>igitur</strong></span> <span class='ocrx_word' id='word_1_345' title='bbox 3358 2262 3456 2335; x_wconf 91' lang='lat' dir='ltr'><strong>qui</strong></span> <span class='ocrx_word' id='word_1_346' title='bbox 3499 2266 3822 2334; x_wconf 78' lang='lat' dir='ltr'><strong>possident,</strong></span> 
     </span>
    </p>
   </div>
   <div class='ocr_carea' id='block_1_22' title="bbox 563 2343 3001 2426">
    <p class='ocr_par' dir='ltr' id='par_1_22' title="bbox 563 2343 3001 2426">
     <span class='ocr_line' id='line_1_22' title="bbox 563 2343 3001 2426; baseline 0.003 -24"><span class='ocrx_word' id='word_1_347' title='bbox 563 2355 619 2403; x_wconf 84' lang='lat' dir='ltr'><strong>et</strong></span> <span class='ocrx_word' id='word_1_348' title='bbox 649 2350 894 2406; x_wconf 87' lang='lat' dir='ltr'><strong>sentiunt</strong></span> <span class='ocrx_word' id='word_1_349' title='bbox 919 2368 978 2407; x_wconf 91' lang='lat' dir='ltr'><strong>se</strong></span> <span class='ocrx_word' id='word_1_350' title='bbox 1007 2352 1370 2425; x_wconf 89' lang='lat' dir='ltr'><strong>locupletari;</strong></span> <span class='ocrx_word' id='word_1_351' title='bbox 1396 2356 1490 2426; x_wconf 92' lang='lat' dir='ltr'><strong>qui</strong></span> <span class='ocrx_word' id='word_1_352' title='bbox 1524 2356 1626 2410; x_wconf 90' lang='lat' dir='ltr'><strong>hoc</strong></span> <span class='ocrx_word' id='word_1_353' title='bbox 1663 2356 1808 2410; x_wconf 91' lang='lat' dir='ltr'><strong>enim</strong></span> <span class='ocrx_word' id='word_1_354' title='bbox 1837 2355 2093 2422; x_wconf 89' lang='lat' dir='ltr'><strong>senserit,</strong></span> <span class='ocrx_word' id='word_1_355' title='bbox 2123 2356 2322 2425; x_wconf 89' lang='lat' dir='ltr'><strong>poterit</strong></span> <span class='ocrx_word' id='word_1_356' title='bbox 2353 2355 2558 2425; x_wconf 91' lang='lat' dir='ltr'><strong>aliquid</strong></span> <span class='ocrx_word' id='word_1_357' title='bbox 2591 2343 3001 2409; x_wconf 82' lang='lat' dir='ltr'><strong>administrare.</strong></span> 
     </span>
    </p>
   </div>
   <div class='ocr_carea' id='block_1_23' title="bbox 1874 2472 2518 2534">
    <p class='ocr_par' dir='ltr' id='par_1_23' title="bbox 1874 2472 2518 2534">
     <span class='ocr_line' id='line_1_23' title="bbox 1874 2472 2518 2534; baseline -0.002 0"><span class='ocrx_word' id='word_1_358' title='bbox 1874 2472 2346 2534; x_wconf 88' lang='lat' dir='ltr'><strong>SIMILITUDO</strong></span> <span class='ocrx_word' id='word_1_359' title='bbox 2407 2472 2518 2534; x_wconf 91' lang='grc'><strong>111.</strong></span> 
     </span>
    </p>
   </div>
   <div class='ocr_carea' id='block_1_24' title="bbox 566 2568 3823 2657">
    <p class='ocr_par' dir='ltr' id='par_1_24' title="bbox 566 2568 3823 2657">
     <span class='ocr_line' id='line_1_24' title="bbox 566 2568 3823 2657; baseline 0.002 -26"><span class='ocrx_word' id='word_1_360' title='bbox 566 2568 646 2631; x_wconf 88' lang='lat' dir='ltr'><strong>Ut</strong></span> <span class='ocrx_word' id='word_1_361' title='bbox 697 2568 893 2632; x_wconf 83' lang='lat' dir='ltr'><strong>hieme</strong></span> <span class='ocrx_word' id='word_1_362' title='bbox 937 2571 1172 2635; x_wconf 78' lang='lat' dir='ltr'><strong>virides</strong></span> <span class='ocrx_word' id='word_1_363' title='bbox 1228 2575 1482 2638; x_wconf 80' lang='lat' dir='ltr'><strong>arbores</strong></span> <span class='ocrx_word' id='word_1_364' title='bbox 1539 2577 1614 2639; x_wconf 88' lang='lat' dir='ltr'><strong>ab</strong></span> <span class='ocrx_word' id='word_1_365' title='bbox 1656 2575 1889 2646; x_wconf 69' lang='lat' dir='ltr'><strong>aridis,</strong></span> <span class='ocrx_word' id='word_1_366' title='bbox 1955 2577 2046 2637; x_wconf 84' lang='lat' dir='ltr'><strong>sic</strong></span> <span class='ocrx_word' id='word_1_367' title='bbox 2101 2575 2170 2636; x_wconf 84' lang='lat' dir='ltr'><strong>in</strong></span> <span class='ocrx_word' id='word_1_368' title='bbox 2219 2576 2336 2637; x_wconf 86' lang='lat' dir='ltr'><strong>hoc</strong></span> <span class='ocrx_word' id='word_1_369' title='bbox 2393 2575 2617 2636; x_wconf 74' lang='lat' dir='ltr'><strong>scacqu</strong></span> <span class='ocrx_word' id='word_1_370' title='bbox 2662 2575 2828 2653; x_wconf 79' lang='lat' dir='ltr'><strong>justi</strong></span> <span class='ocrx_word' id='word_1_371' title='bbox 2887 2574 2961 2635; x_wconf 85' lang='lat' dir='ltr'><strong>ab</strong></span> <span class='ocrx_word' id='word_1_372' title='bbox 2994 2576 3253 2657; x_wconf 82' lang='lat' dir='ltr'><strong>injustis</strong></span> <span class='ocrx_word' id='word_1_373' title='bbox 3307 2577 3674 2638; x_wconf 75' lang='lat' dir='ltr'><strong>internosci</strong></span> <span class='ocrx_word' id='word_1_374' title='bbox 3706 2597 3823 2637; x_wconf 70' lang='lat' dir='ltr'><strong>non</strong></span> 
     </span>
    </p>
   </div>
   <div class='ocr_carea' id='block_1_25' title="bbox 2024 2664 2316 2733">
    <p class='ocr_par' dir='ltr' id='par_1_25' title="bbox 2024 2664 2316 2733">
     <span class='ocr_line' id='line_1_25' title="bbox 2024 2664 2316 2733; baseline 0.003 -19"><span class='ocrx_word' id='word_1_375' title='bbox 2024 2664 2316 2733; x_wconf 83' lang='lat' dir='ltr'><strong>possunt.</strong></span> 
     </span>
    </p>
   </div>
   <div class='ocr_carea' id='block_1_26' title="bbox 1909 2772 2474 2830">
    <p class='ocr_par' dir='ltr' id='par_1_26' title="bbox 1909 2772 2474 2830">
     <span class='ocr_line' id='line_1_26' title="bbox 1909 2772 2474 2830; baseline -0.005 0"><span class='ocrx_word' id='word_1_376' title='bbox 1909 2773 2142 2830; x_wconf 87' lang='lat' dir='ltr'><strong>CAPUT</strong></span> <span class='ocrx_word' id='word_1_377' title='bbox 2191 2772 2474 2829; x_wconf 82' lang='lat' dir='ltr'><strong>UNICUM.</strong></span> 
     </span>
    </p>
   </div>
   <div class='ocr_carea' id='block_1_27' title="bbox 633 2863 3826 2940">
    <p class='ocr_par' dir='ltr' id='par_1_27' title="bbox 633 2863 3826 2940">
     <span class='ocr_line' id='line_1_27' title="bbox 633 2863 3826 2940; baseline -0.001 -21"><span class='ocrx_word' id='word_1_378' title='bbox 633 2863 885 2922; x_wconf 86' lang='lat' dir='ltr'><strong>Ostendit</strong></span> <span class='ocrx_word' id='word_1_379' title='bbox 937 2867 1072 2922; x_wconf 90' lang='lat' dir='ltr'><strong>mihi</strong></span> <span class='ocrx_word' id='word_1_380' title='bbox 1105 2867 1333 2924; x_wconf 86' lang='lat' dir='ltr'><strong>arbores</strong></span> <span class='ocrx_word' id='word_1_381' title='bbox 1363 2870 1564 2926; x_wconf 90' lang='lat' dir='ltr'><strong>multas</strong></span> <span class='ocrx_word' id='word_1_382' title='bbox 1613 2871 1842 2940; x_wconf 84' lang='lat' dir='ltr'><strong>abjectis</strong></span> <span class='ocrx_word' id='word_1_383' title='bbox 1897 2869 2040 2925; x_wconf 89' lang='lat' dir='ltr'><strong>foliis</strong></span> <span class='ocrx_word' id='word_1_384' title='bbox 2068 2912 2082 2935; x_wconf 93' lang='lat'><strong>,</strong></span> <span class='ocrx_word' id='word_1_385' title='bbox 2106 2885 2228 2940; x_wconf 71' lang='lat' dir='ltr'><strong>qua:</strong></span> <span class='ocrx_word' id='word_1_386' title='bbox 2266 2870 2398 2923; x_wconf 90' lang='lat' dir='ltr'><strong>mihi</strong></span> <span class='ocrx_word' id='word_1_387' title='bbox 2429 2868 2577 2924; x_wconf 88' lang='lat' dir='ltr'><strong>velut</strong></span> <span class='ocrx_word' id='word_1_388' title='bbox 2603 2869 2773 2923; x_wconf 63' lang='lat' dir='ltr'><strong>aridae</strong></span> <span class='ocrx_word' id='word_1_389' title='bbox 2801 2869 3130 2925; x_wconf 87' lang='lat' dir='ltr'><strong>videbantur</strong></span> <span class='ocrx_word' id='word_1_390' title='bbox 3157 2885 3173 2935; x_wconf 88' lang='lat'><strong>;</strong></span> <span class='ocrx_word' id='word_1_391' title='bbox 3209 2881 3406 2923; x_wconf 86' lang='lat' dir='ltr'><strong>omnes</strong></span> <span class='ocrx_word' id='word_1_392' title='bbox 3432 2863 3590 2920; x_wconf 87' lang='lat' dir='ltr'><strong>enim</strong></span> <span class='ocrx_word' id='word_1_393' title='bbox 3623 2863 3826 2923; x_wconf 76' lang='lat' dir='ltr'><strong>similes</strong></span> 
     </span>
    </p>
   </div>
   <div class='ocr_carea' id='block_1_28' title="bbox 560 2955 3820 3029">
    <p class='ocr_par' dir='ltr' id='par_1_28' title="bbox 560 2955 3820 3029">
     <span class='ocr_line' id='line_1_28' title="bbox 560 2955 3820 3029; baseline -0 -21"><span class='ocrx_word' id='word_1_394' title='bbox 560 2964 737 3009; x_wconf 77' lang='lat' dir='ltr'><strong>erant.</strong></span> <span class='ocrx_word' id='word_1_395' title='bbox 765 2955 832 3012; x_wconf 86' lang='lat' dir='ltr'><strong>Et</strong></span> <span class='ocrx_word' id='word_1_396' title='bbox 852 2957 992 3012; x_wconf 78' lang='lat' dir='ltr'><strong>dixit</strong></span> <span class='ocrx_word' id='word_1_397' title='bbox 1027 2957 1163 3013; x_wconf 90' lang='lat' dir='ltr'><strong>mihi</strong></span> <span class='ocrx_word' id='word_1_398' title='bbox 1199 2977 1214 3013; x_wconf 88' lang='lat'><strong>:</strong></span> <span class='ocrx_word' id='word_1_399' title='bbox 1257 2958 1418 3016; x_wconf 88' lang='lat' dir='ltr'><strong>Vides</strong></span> <span class='ocrx_word' id='word_1_400' title='bbox 1440 2961 1666 3016; x_wconf 89' lang='lat' dir='ltr'><strong>arbores</strong></span> <span class='ocrx_word' id='word_1_401' title='bbox 1698 2961 1797 3016; x_wconf 90' lang='lat' dir='ltr'><strong>has</strong></span> <span class='ocrx_word' id='word_1_402' title='bbox 1819 2963 1842 3016; x_wconf 89' lang='lat'><strong>?</strong></span> <span class='ocrx_word' id='word_1_403' title='bbox 1868 2960 2053 3025; x_wconf 74' lang='lat' dir='ltr'><strong>Video,</strong></span> <span class='ocrx_word' id='word_1_404' title='bbox 2090 2960 2333 3029; x_wconf 89' lang='lat' dir='ltr'><strong>inquam,</strong></span> <span class='ocrx_word' id='word_1_405' title='bbox 2362 2959 2604 3024; x_wconf 90' lang='lat' dir='ltr'><strong>domine,</strong></span> <span class='ocrx_word' id='word_1_406' title='bbox 2636 2960 2843 3016; x_wconf 90' lang='lat' dir='ltr'><strong>similes</strong></span> <span class='ocrx_word' id='word_1_407' title='bbox 2873 2961 3061 3017; x_wconf 89' lang='lat' dir='ltr'><strong>aridis.</strong></span> <span class='ocrx_word' id='word_1_408' title='bbox 3089 2957 3448 3027; x_wconf 83' lang='lat' dir='ltr'><strong>Respondens</strong></span> <span class='ocrx_word' id='word_1_409' title='bbox 3479 2955 3626 3012; x_wconf 78' lang='lat' dir='ltr'><strong>dixit</strong></span> <span class='ocrx_word' id='word_1_410' title='bbox 3655 2955 3785 3008; x_wconf 90' lang='lat' dir='ltr'><strong>mihi</strong></span> <span class='ocrx_word' id='word_1_411' title='bbox 3809 2974 3820 3008; x_wconf 91' lang='lat'>:</span> 
     </span>
    </p>
   </div>
   <div class='ocr_carea' id='block_1_29' title="bbox 564 3047 3823 3122">
    <p class='ocr_par' dir='ltr' id='par_1_29' title="bbox 564 3047 3823 3122">
     <span class='ocr_line' id='line_1_29' title="bbox 564 3047 3823 3122; baseline -0.001 -19"><span class='ocrx_word' id='word_1_412' title='bbox 564 3052 658 3104; x_wconf 74' lang='lat' dir='ltr'><strong>tim</strong></span> <span class='ocrx_word' id='word_1_413' title='bbox 692 3051 805 3122; x_wconf 85' lang='lat'><strong>(&#39;78)</strong></span> <span class='ocrx_word' id='word_1_414' title='bbox 831 3053 1058 3108; x_wconf 89' lang='lat' dir='ltr'><strong>arbores</strong></span> <span class='ocrx_word' id='word_1_415' title='bbox 1085 3053 1139 3107; x_wconf 92' lang='lat' dir='ltr'><strong>in</strong></span> <span class='ocrx_word' id='word_1_416' title='bbox 1196 3053 1608 3108; x_wconf 57' lang='lat' dir='ltr'><strong>sinsiiitudincm</strong></span> <span class='ocrx_word' id='word_1_417' title='bbox 1667 3060 1798 3106; x_wconf 89' lang='lat' dir='ltr'><strong>sunt</strong></span> <span class='ocrx_word' id='word_1_418' title='bbox 1829 3051 1941 3121; x_wconf 84' lang='lat'><strong>(79)</strong></span> <span class='ocrx_word' id='word_1_419' title='bbox 1997 3052 2304 3116; x_wconf 87' lang='lat' dir='ltr'><strong>hominum,</strong></span> <span class='ocrx_word' id='word_1_420' title='bbox 2355 3051 2448 3121; x_wconf 90' lang='lat' dir='ltr'><strong>qui</strong></span> <span class='ocrx_word' id='word_1_421' title='bbox 2512 3052 2567 3105; x_wconf 95' lang='lat' dir='ltr'><strong>in</strong></span> <span class='ocrx_word' id='word_1_422' title='bbox 2622 3052 2822 3107; x_wconf 76' lang='lat' dir='ltr'><strong>szeculo</strong></span> <span class='ocrx_word' id='word_1_423' title='bbox 2853 3061 3157 3107; x_wconf 87' lang='lat' dir='ltr'><strong>morantur.</strong></span> <span class='ocrx_word' id='word_1_424' title='bbox 3184 3047 3484 3118; x_wconf 80' lang='lat' dir='ltr'><strong>Respondi,</strong></span> <span class='ocrx_word' id='word_1_425' title='bbox 3521 3047 3823 3116; x_wconf 84' lang='lat' dir='ltr'><strong>inquiens:</strong></span> 
     </span>
    </p>
   </div>
   <div class='ocr_carea' id='block_1_30' title="bbox 565 3134 3826 3212">
    <p class='ocr_par' dir='ltr' id='par_1_30' title="bbox 565 3134 3826 3212">
     <span class='ocr_line' id='line_1_30' title="bbox 565 3134 3826 3212; baseline -0.002 -19"><span class='ocrx_word' id='word_1_426' title='bbox 565 3138 794 3198; x_wconf 76' lang='lat' dir='ltr'><strong>Domine</strong></span> <span class='ocrx_word' id='word_1_427' title='bbox 822 3183 838 3212; x_wconf 87' lang='lat'><strong>,</strong></span> <span class='ocrx_word' id='word_1_428' title='bbox 868 3159 966 3198; x_wconf 90' lang='lat' dir='ltr'><strong>cur</strong></span> <span class='ocrx_word' id='word_1_429' title='bbox 991 3143 1138 3198; x_wconf 81' lang='lat' dir='ltr'><strong>velut</strong></span> <span class='ocrx_word' id='word_1_430' title='bbox 1164 3143 1332 3199; x_wconf 86' lang='lat' dir='ltr'><strong>aridis</strong></span> <span class='ocrx_word' id='word_1_431' title='bbox 1358 3145 1565 3199; x_wconf 90' lang='lat' dir='ltr'><strong>similes</strong></span> <span class='ocrx_word' id='word_1_432' title='bbox 1592 3145 1763 3198; x_wconf 84' lang='lat' dir='ltr'><strong>sunt?</strong></span> <span class='ocrx_word' id='word_1_433' title='bbox 1793 3142 2089 3209; x_wconf 88' lang='lat' dir='ltr'><strong>Quoniam,</strong></span> <span class='ocrx_word' id='word_1_434' title='bbox 2125 3142 2320 3211; x_wconf 89' lang='lat' dir='ltr'><strong>inquit,</strong></span> <span class='ocrx_word' id='word_1_435' title='bbox 2351 3155 2451 3196; x_wconf 78' lang='lat' dir='ltr'><strong>nec</strong></span> <span class='ocrx_word' id='word_1_436' title='bbox 2479 3141 2610 3211; x_wconf 88' lang='lat' dir='ltr'><strong>justi</strong></span> <span class='ocrx_word' id='word_1_437' title='bbox 2640 3157 2740 3195; x_wconf 90' lang='lat' dir='ltr'><strong>nec</strong></span> <span class='ocrx_word' id='word_1_438' title='bbox 2771 3141 2959 3209; x_wconf 90' lang='lat' dir='ltr'><strong>injusti</strong></span> <span class='ocrx_word' id='word_1_439' title='bbox 3003 3143 3431 3209; x_wconf 85' lang='lat' dir='ltr'><strong>cognoscuntur.</strong></span> <span class='ocrx_word' id='word_1_440' title='bbox 3482 3135 3584 3190; x_wconf 90' lang='lat' dir='ltr'><strong>sed</strong></span> <span class='ocrx_word' id='word_1_441' title='bbox 3617 3134 3826 3188; x_wconf 76' lang='lat' dir='ltr'><strong>similes</strong></span> 
     </span>
    </p>
   </div>
   <div class='ocr_carea' id='block_1_31' title="bbox 563 3237 3828 3312">
    <p class='ocr_par' dir='ltr' id='par_1_31' title="bbox 563 3237 3828 3312">
     <span class='ocr_line' id='line_1_31' title="bbox 563 3237 3828 3312; baseline -0.001 -20"><span class='ocrx_word' id='word_1_442' title='bbox 563 3247 694 3293; x_wconf 75' lang='lat' dir='ltr'><strong>sunt</strong></span> <span class='ocrx_word' id='word_1_443' title='bbox 723 3240 778 3292; x_wconf 91' lang='lat' dir='ltr'><strong>in</strong></span> <span class='ocrx_word' id='word_1_444' title='bbox 825 3241 929 3294; x_wconf 90' lang='lat' dir='ltr'><strong>hoc</strong></span> <span class='ocrx_word' id='word_1_445' title='bbox 958 3240 1070 3312; x_wconf 88' lang='lat'><strong>(80)</strong></span> <span class='ocrx_word' id='word_1_446' title='bbox 1104 3242 1322 3296; x_wconf 58' lang='lat' dir='ltr'><strong>saeculo.</strong></span> <span class='ocrx_word' id='word_1_447' title='bbox 1369 3243 1480 3312; x_wconf 89' lang='lat'><strong>(8|)</strong></span> <span class='ocrx_word' id='word_1_448' title='bbox 1522 3239 1636 3296; x_wconf 83' lang='lat' dir='ltr'><strong>Hoc</strong></span> <span class='ocrx_word' id='word_1_449' title='bbox 1654 3241 1800 3298; x_wconf 90' lang='lat' dir='ltr'><strong>enim</strong></span> <span class='ocrx_word' id='word_1_450' title='bbox 1851 3241 2107 3296; x_wconf 57' lang='lat' dir='ltr'><strong>saeculum</strong></span> <span class='ocrx_word' id='word_1_451' title='bbox 2137 3241 2302 3310; x_wconf 84' lang='lat' dir='ltr'><strong>justis</strong></span> <span class='ocrx_word' id='word_1_452' title='bbox 2343 3239 2516 3294; x_wconf 88' lang='lat' dir='ltr'><strong>hiems</strong></span> <span class='ocrx_word' id='word_1_453' title='bbox 2537 3246 2649 3305; x_wconf 87' lang='lat' dir='ltr'><strong>est;</strong></span> <span class='ocrx_word' id='word_1_454' title='bbox 2685 3238 2778 3308; x_wconf 90' lang='lat' dir='ltr'><strong>qui</strong></span> <span class='ocrx_word' id='word_1_455' title='bbox 2801 3237 2912 3308; x_wconf 72' lang='grc'>(82)</span> <span class='ocrx_word' id='word_1_456' title='bbox 2942 3253 3050 3292; x_wconf 90' lang='lat' dir='ltr'><strong>non</strong></span> <span class='ocrx_word' id='word_1_457' title='bbox 3100 3245 3496 3306; x_wconf 84' lang='lat' dir='ltr'><strong>agnoscuntur,</strong></span> <span class='ocrx_word' id='word_1_458' title='bbox 3531 3250 3664 3290; x_wconf 88' lang='lat' dir='ltr'><strong>cum</strong></span> <span class='ocrx_word' id='word_1_459' title='bbox 3704 3249 3828 3303; x_wconf 86' lang='lat' dir='ltr'><strong>peo-</strong></span> 
     </span>
    </p>
   </div>
   <div class='ocr_carea' id='block_1_32' title="bbox 560 3327 3822 3400">
    <p class='ocr_par' dir='ltr' id='par_1_32' title="bbox 560 3327 3822 3400">
     <span class='ocr_line' id='line_1_32' title="bbox 560 3327 3822 3400; baseline -0.002 -14"><span class='ocrx_word' id='word_1_460' title='bbox 560 3332 841 3387; x_wconf 60' lang='lat' dir='ltr'><strong>eatorihus</strong></span> <span class='ocrx_word' id='word_1_461' title='bbox 872 3332 1195 3390; x_wconf 89' lang='lat' dir='ltr'><strong>habitantes.</strong></span> <span class='ocrx_word' id='word_1_462' title='bbox 1217 3334 1369 3389; x_wconf 88' lang='lat' dir='ltr'><strong>Sicut</strong></span> <span class='ocrx_word' id='word_1_463' title='bbox 1393 3334 1444 3386; x_wconf 90' lang='lat' dir='ltr'><strong>in</strong></span> <span class='ocrx_word' id='word_1_464' title='bbox 1472 3334 1645 3387; x_wconf 66' lang='lat' dir='ltr'><strong>hieme</strong></span> <span class='ocrx_word' id='word_1_465' title='bbox 1667 3347 1857 3388; x_wconf 91' lang='lat' dir='ltr'><strong>omnes</strong></span> <span class='ocrx_word' id='word_1_466' title='bbox 1885 3333 2127 3396; x_wconf 88' lang='lat' dir='ltr'><strong>arbores,</strong></span> <span class='ocrx_word' id='word_1_467' title='bbox 2155 3330 2381 3400; x_wconf 86' lang='lat' dir='ltr'><strong>abjectis</strong></span> <span class='ocrx_word' id='word_1_468' title='bbox 2414 3329 2582 3396; x_wconf 87' lang='lat' dir='ltr'><strong>foliis,</strong></span> <span class='ocrx_word' id='word_1_469' title='bbox 2614 3329 2784 3384; x_wconf 89' lang='lat' dir='ltr'><strong>aridis</strong></span> <span class='ocrx_word' id='word_1_470' title='bbox 2815 3329 3018 3384; x_wconf 89' lang='lat' dir='ltr'><strong>similes</strong></span> <span class='ocrx_word' id='word_1_471' title='bbox 3035 3337 3183 3392; x_wconf 89' lang='lat' dir='ltr'><strong>sunt,</strong></span> <span class='ocrx_word' id='word_1_472' title='bbox 3209 3342 3310 3383; x_wconf 87' lang='lat' dir='ltr'><strong>nec</strong></span> <span class='ocrx_word' id='word_1_473' title='bbox 3343 3335 3529 3399; x_wconf 79' lang='lat' dir='ltr'><strong>potest</strong></span> <span class='ocrx_word' id='word_1_474' title='bbox 3565 3327 3822 3399; x_wconf 77' lang='lat' dir='ltr'><strong>cognosci</strong></span> 
     </span>
    </p>
   </div>
   <div class='ocr_carea' id='block_1_33' title="bbox 563 3417 3824 3495">
    <p class='ocr_par' dir='ltr' id='par_1_33' title="bbox 563 3417 3824 3495">
     <span class='ocr_line' id='line_1_33' title="bbox 563 3417 3824 3495; baseline -0.002 -18"><span class='ocrx_word' id='word_1_475' title='bbox 563 3437 687 3492; x_wconf 66' lang='lat' dir='ltr'><strong>quae</strong></span> <span class='ocrx_word' id='word_1_476' title='bbox 714 3433 842 3477; x_wconf 91' lang='lat' dir='ltr'><strong>sunt</strong></span> <span class='ocrx_word' id='word_1_477' title='bbox 864 3423 1065 3492; x_wconf 69' lang='lat' dir='ltr'><strong>aridae,</strong></span> <span class='ocrx_word' id='word_1_478' title='bbox 1098 3432 1194 3479; x_wconf 89' lang='lat' dir='ltr'><strong>aut</strong></span> <span class='ocrx_word' id='word_1_479' title='bbox 1225 3440 1348 3495; x_wconf 66' lang='lat' dir='ltr'><strong>qua:</strong></span> <span class='ocrx_word' id='word_1_480' title='bbox 1376 3424 1575 3478; x_wconf 85' lang='lat' dir='ltr'><strong>virides</strong></span> <span class='ocrx_word' id='word_1_481' title='bbox 1607 3441 1618 3476; x_wconf 96' lang='lat'>:</span> <span class='ocrx_word' id='word_1_482' title='bbox 1662 3423 1741 3478; x_wconf 91' lang='lat' dir='ltr'><strong>sic</strong></span> <span class='ocrx_word' id='word_1_483' title='bbox 1770 3431 1824 3477; x_wconf 89' lang='lat' dir='ltr'><strong>et</strong></span> <span class='ocrx_word' id='word_1_484' title='bbox 1853 3422 1908 3475; x_wconf 89' lang='lat' dir='ltr'><strong>in</strong></span> <span class='ocrx_word' id='word_1_485' title='bbox 1935 3421 2040 3476; x_wconf 91' lang='lat' dir='ltr'><strong>hoc</strong></span> <span class='ocrx_word' id='word_1_486' title='bbox 2065 3421 2287 3488; x_wconf 68' lang='lat' dir='ltr'><strong>saeculo,</strong></span> <span class='ocrx_word' id='word_1_487' title='bbox 2317 3434 2420 3475; x_wconf 89' lang='lat' dir='ltr'><strong>nec</strong></span> <span class='ocrx_word' id='word_1_488' title='bbox 2458 3418 2594 3490; x_wconf 90' lang='lat' dir='ltr'><strong>justi</strong></span> <span class='ocrx_word' id='word_1_489' title='bbox 2623 3433 2723 3492; x_wconf 89' lang='lat' dir='ltr'><strong>nec</strong></span> <span class='ocrx_word' id='word_1_490' title='bbox 2757 3417 2946 3487; x_wconf 88' lang='lat' dir='ltr'><strong>injusti</strong></span> <span class='ocrx_word' id='word_1_491' title='bbox 2983 3428 3423 3490; x_wconf 86' lang='lat' dir='ltr'><strong>cognoscuntur;</strong></span> <span class='ocrx_word' id='word_1_492' title='bbox 3471 3419 3574 3475; x_wconf 84' lang='lat' dir='ltr'><strong>sed</strong></span> <span class='ocrx_word' id='word_1_493' title='bbox 3616 3419 3824 3475; x_wconf 82' lang='lat' dir='ltr'><strong>similes</strong></span> 
     </span>
    </p>
   </div>
   <div class='ocr_carea' id='block_1_34' title="bbox 564 3523 934 3572">
    <p class='ocr_par' dir='ltr' id='par_1_34' title="bbox 564 3523 934 3572">
     <span class='ocr_line' id='line_1_34' title="bbox 564 3523 934 3572; baseline 0.003 -3"><span class='ocrx_word' id='word_1_494' title='bbox 564 3523 695 3570; x_wconf 83' lang='lat' dir='ltr'><strong>sunt</strong></span> <span class='ocrx_word' id='word_1_495' title='bbox 722 3529 934 3572; x_wconf 87' lang='lat' dir='ltr'><strong>omnes.</strong></span> 
     </span>
    </p>
   </div>
   <div class='ocr_carea' id='block_1_35' title="bbox 1836 3613 2469 3676">
    <p class='ocr_par' dir='ltr' id='par_1_35' title="bbox 1836 3613 2469 3676">
     <span class='ocr_line' id='line_1_35' title="bbox 1836 3613 2469 3676; baseline -0.003 0"><span class='ocrx_word' id='word_1_496' title='bbox 1836 3613 2309 3676; x_wconf 83' lang='lat' dir='ltr'><strong>SIMILITUDO</strong></span> <span class='ocrx_word' id='word_1_497' title='bbox 2361 3613 2469 3675; x_wconf 82' lang='lat' dir='ltr'><strong>IV.</strong></span> 
     </span>
    </p>
   </div>
   <div class='ocr_carea' id='block_1_36' title="bbox 567 3714 3818 3799">
    <p class='ocr_par' dir='ltr' id='par_1_36' title="bbox 567 3714 3818 3799">
     <span class='ocr_line' id='line_1_36' title="bbox 567 3714 3818 3799; baseline -0.001 -22"><span class='ocrx_word' id='word_1_498' title='bbox 567 3714 647 3778; x_wconf 84' lang='lat' dir='ltr'><strong>Ut</strong></span> <span class='ocrx_word' id='word_1_499' title='bbox 672 3723 882 3778; x_wconf 75' lang='lat' dir='ltr'><strong>astate</strong></span> <span class='ocrx_word' id='word_1_500' title='bbox 908 3717 1130 3780; x_wconf 77' lang='lat' dir='ltr'><strong>vivida:</strong></span> <span class='ocrx_word' id='word_1_501' title='bbox 1161 3718 1420 3781; x_wconf 85' lang='lat' dir='ltr'><strong>arbores</strong></span> <span class='ocrx_word' id='word_1_502' title='bbox 1451 3718 1525 3780; x_wconf 89' lang='lat' dir='ltr'><strong>ab</strong></span> <span class='ocrx_word' id='word_1_503' title='bbox 1567 3717 1794 3791; x_wconf 84' lang='lat' dir='ltr'><strong>aridis,</strong></span> <span class='ocrx_word' id='word_1_504' title='bbox 1812 3718 2058 3799; x_wconf 66' lang='lat' dir='ltr'><strong>fracta</strong></span> <span class='ocrx_word' id='word_1_505' title='bbox 2096 3725 2159 3776; x_wconf 86' lang='lat' dir='ltr'><strong>et</strong></span> <span class='ocrx_word' id='word_1_506' title='bbox 2183 3716 2540 3799; x_wconf 66' lang='lat' dir='ltr'><strong>biremibus</strong></span> <span class='ocrx_word' id='word_1_507' title='bbox 2556 3714 2753 3799; x_wconf 66' lang='lat' dir='ltr'><strong>foliis</strong></span> <span class='ocrx_word' id='word_1_508' title='bbox 2774 3715 3298 3799; x_wconf 58' lang='lat' dir='ltr'><strong>internascuntur</strong></span> <span class='ocrx_word' id='word_1_509' title='bbox 3324 3734 3349 3779; x_wconf 93' lang='lat'><strong><em>:</em></strong></span> <span class='ocrx_word' id='word_1_510' title='bbox 3374 3717 3472 3780; x_wconf 77' lang='lat' dir='ltr'><strong>sic</strong></span> <span class='ocrx_word' id='word_1_511' title='bbox 3498 3717 3578 3779; x_wconf 56' lang='lat' dir='ltr'><strong>in»</strong></span> <span class='ocrx_word' id='word_1_512' title='bbox 3595 3721 3818 3799; x_wconf 66' lang='lat' dir='ltr'><strong>{utare</strong></span> 
     </span>
    </p>
   </div>
   <div class='ocr_carea' id='block_1_37' title="bbox 1401 3793 3006 3881">
    <p class='ocr_par' dir='ltr' id='par_1_37' title="bbox 1401 3793 3006 3881">
     <span class='ocr_line' id='line_1_37' title="bbox 1401 3793 3006 3881; baseline -0.004 -21"><span class='ocrx_word' id='word_1_513' title='bbox 1401 3799 1628 3860; x_wconf 68' lang='lat' dir='ltr'><strong>saeculo</strong></span> <span class='ocrx_word' id='word_1_514' title='bbox 1653 3793 1834 3881; x_wconf 71' lang='lat' dir='ltr'><strong>justi</strong></span> <span class='ocrx_word' id='word_1_515' title='bbox 1855 3796 1930 3858; x_wconf 88' lang='lat' dir='ltr'><strong>ab</strong></span> <span class='ocrx_word' id='word_1_516' title='bbox 1964 3796 2223 3876; x_wconf 80' lang='lat' dir='ltr'><strong>injustis</strong></span> <span class='ocrx_word' id='word_1_517' title='bbox 2257 3793 2648 3857; x_wconf 77' lang='lat' dir='ltr'><strong>beatitudine</strong></span> <span class='ocrx_word' id='word_1_518' title='bbox 2686 3793 3006 3874; x_wconf 73' lang='lat' dir='ltr'><strong>cii/ferent.</strong></span> 
     </span>
    </p>
   </div>
   <div class='ocr_carea' id='block_1_38' title="bbox 1903 3909 2471 3976">
    <p class='ocr_par' dir='ltr' id='par_1_38' title="bbox 1903 3909 2471 3976">
     <span class='ocr_line' id='line_1_38' title="bbox 1903 3909 2471 3976; baseline -0.004 -1"><span class='ocrx_word' id='word_1_519' title='bbox 1903 3917 2134 3976; x_wconf 81' lang='lat' dir='ltr'>CAPUT</span> <span class='ocrx_word' id='word_1_520' title='bbox 2185 3909 2471 3975; x_wconf 74' lang='lat' dir='ltr'><strong>UNICUM.</strong></span> 
     </span>
    </p>
   </div>
   <div class='ocr_carea' id='block_1_39' title="bbox 634 4015 3813 4092">
    <p class='ocr_par' dir='ltr' id='par_1_39' title="bbox 634 4015 3813 4092">
     <span class='ocr_line' id='line_1_39' title="bbox 634 4015 3813 4092; baseline -0.003 -16"><span class='ocrx_word' id='word_1_521' title='bbox 634 4019 886 4077; x_wconf 88' lang='lat' dir='ltr'><strong>Ostendit</strong></span> <span class='ocrx_word' id='word_1_522' title='bbox 920 4023 1051 4077; x_wconf 92' lang='lat' dir='ltr'><strong>mihi</strong></span> <span class='ocrx_word' id='word_1_523' title='bbox 1083 4023 1276 4078; x_wconf 91' lang='lat' dir='ltr'><strong>iterum</strong></span> <span class='ocrx_word' id='word_1_524' title='bbox 1308 4039 1533 4079; x_wconf 83' lang='lat' dir='ltr'><strong>amores</strong></span> <span class='ocrx_word' id='word_1_525' title='bbox 1563 4024 1782 4087; x_wconf 91' lang='lat' dir='ltr'><strong>multas,</strong></span> <span class='ocrx_word' id='word_1_526' title='bbox 1809 4037 2042 4092; x_wconf 87' lang='lat' dir='ltr'><strong>quarum</strong></span> <span class='ocrx_word' id='word_1_527' title='bbox 2073 4022 2195 4077; x_wconf 73' lang='lat' dir='ltr'><strong>alia:</strong></span> <span class='ocrx_word' id='word_1_528' title='bbox 2218 4019 2441 4078; x_wconf 87' lang='lat' dir='ltr'><strong>frondes</strong></span> <span class='ocrx_word' id='word_1_529' title='bbox 2469 4021 2790 4077; x_wconf 88' lang='lat' dir='ltr'><strong>emittebant</strong></span> <span class='ocrx_word' id='word_1_530' title='bbox 2818 4061 2834 4088; x_wconf 90' lang='lat'><strong>,</strong></span> <span class='ocrx_word' id='word_1_531' title='bbox 2867 4022 2988 4076; x_wconf 60' lang='lat' dir='ltr'><strong>alia;</strong></span> <span class='ocrx_word' id='word_1_532' title='bbox 3011 4017 3176 4076; x_wconf 78' lang='lat' dir='ltr'><strong>aridae</strong></span> <span class='ocrx_word' id='word_1_533' title='bbox 3195 4027 3368 4072; x_wconf 87' lang='lat' dir='ltr'><strong>erant.</strong></span> <span class='ocrx_word' id='word_1_534' title='bbox 3396 4015 3462 4071; x_wconf 87' lang='lat' dir='ltr'><strong>Et</strong></span> <span class='ocrx_word' id='word_1_535' title='bbox 3483 4015 3621 4069; x_wconf 85' lang='lat' dir='ltr'><strong>dixit</strong></span> <span class='ocrx_word' id='word_1_536' title='bbox 3648 4015 3776 4069; x_wconf 89' lang='lat' dir='ltr'><strong>mihi</strong></span> <span class='ocrx_word' id='word_1_537' title='bbox 3800 4034 3813 4067; x_wconf 94' lang='lat'>:</span> 
     </span>
    </p>
   </div>
   <div class='ocr_carea' id='block_1_40' title="bbox 564 4103 3813 4191">
    <p class='ocr_par' dir='ltr' id='par_1_40' title="bbox 564 4103 3813 4191">
     <span class='ocr_line' id='line_1_40' title="bbox 564 4103 3813 4191; baseline -0.004 -19"><span class='ocrx_word' id='word_1_538' title='bbox 564 4113 800 4172; x_wconf 88' lang='lat' dir='ltr'><strong>Videsne</strong></span> <span class='ocrx_word' id='word_1_539' title='bbox 825 4119 923 4174; x_wconf 88' lang='lat' dir='ltr'><strong>has</strong></span> <span class='ocrx_word' id='word_1_540' title='bbox 952 4120 1064 4191; x_wconf 79' lang='lat'><strong>(83)</strong></span> <span class='ocrx_word' id='word_1_541' title='bbox 1106 4116 1374 4174; x_wconf 89' lang='lat' dir='ltr'><strong>arbores?</strong></span> <span class='ocrx_word' id='word_1_542' title='bbox 1406 4113 1681 4184; x_wconf 80' lang='lat' dir='ltr'><strong>Respondi</strong></span> <span class='ocrx_word' id='word_1_543' title='bbox 1716 4131 1728 4167; x_wconf 89' lang='lat'><strong>:</strong></span> <span class='ocrx_word' id='word_1_544' title='bbox 1766 4111 1954 4178; x_wconf 88' lang='lat' dir='ltr'><strong>Video,</strong></span> <span class='ocrx_word' id='word_1_545' title='bbox 1988 4111 2238 4177; x_wconf 89' lang='lat' dir='ltr'><strong>Domine,</strong></span> <span class='ocrx_word' id='word_1_546' title='bbox 2266 4111 2403 4165; x_wconf 90' lang='lat' dir='ltr'><strong>alias</strong></span> <span class='ocrx_word' id='word_1_547' title='bbox 2441 4111 2645 4177; x_wconf 89' lang='lat' dir='ltr'><strong>aridas,</strong></span> <span class='ocrx_word' id='word_1_548' title='bbox 2670 4119 2726 4166; x_wconf 90' lang='lat' dir='ltr'><strong>et</strong></span> <span class='ocrx_word' id='word_1_549' title='bbox 2757 4111 2893 4166; x_wconf 88' lang='lat' dir='ltr'><strong>alias</strong></span> <span class='ocrx_word' id='word_1_550' title='bbox 2939 4110 3255 4165; x_wconf 80' lang='lat' dir='ltr'><strong>frondentes</strong></span> <span class='ocrx_word' id='word_1_551' title='bbox 3282 4105 3418 4178; x_wconf 69' lang='grc'>(84).</span> <span class='ocrx_word' id='word_1_552' title='bbox 3446 4103 3544 4161; x_wconf 64' lang='lat' dir='ltr'><strong>Hie</strong></span> <span class='ocrx_word' id='word_1_553' title='bbox 3567 4103 3813 4168; x_wconf 82' lang='lat' dir='ltr'><strong>arbores,</strong></span> 
     </span>
    </p>
   </div>
   <div class='ocr_carea' id='block_1_41' title="bbox 565 4199 3814 4276">
    <p class='ocr_par' dir='ltr' id='par_1_41' title="bbox 565 4199 3814 4276">
     <span class='ocr_line' id='line_1_41' title="bbox 565 4199 3814 4276; baseline -0.002 -17"><span class='ocrx_word' id='word_1_554' title='bbox 565 4205 763 4276; x_wconf 89' lang='lat' dir='ltr'><strong>inquit,</strong></span> <span class='ocrx_word' id='word_1_555' title='bbox 797 4225 918 4276; x_wconf 69' lang='lat' dir='ltr'><strong>qua:</strong></span> <span class='ocrx_word' id='word_1_556' title='bbox 939 4210 1138 4263; x_wconf 87' lang='lat' dir='ltr'><strong>virides</strong></span> <span class='ocrx_word' id='word_1_557' title='bbox 1173 4215 1322 4273; x_wconf 65' lang='lat' dir='ltr'><strong>sum,</strong></span> <span class='ocrx_word' id='word_1_558' title='bbox 1358 4204 1494 4275; x_wconf 89' lang='lat' dir='ltr'><strong>justi</strong></span> <span class='ocrx_word' id='word_1_559' title='bbox 1520 4212 1649 4259; x_wconf 87' lang='lat' dir='ltr'><strong>sunt</strong></span> <span class='ocrx_word' id='word_1_560' title='bbox 1676 4203 1770 4274; x_wconf 90' lang='lat' dir='ltr'><strong>qui</strong></span> <span class='ocrx_word' id='word_1_561' title='bbox 1804 4202 2105 4258; x_wconf 89' lang='lat' dir='ltr'><strong>habitaturi</strong></span> <span class='ocrx_word' id='word_1_562' title='bbox 2137 4203 2345 4258; x_wconf 88' lang='lat' dir='ltr'><strong>suntin</strong></span> <span class='ocrx_word' id='word_1_563' title='bbox 2375 4201 2561 4258; x_wconf 90' lang='lat' dir='ltr'><strong>futuro</strong></span> <span class='ocrx_word' id='word_1_564' title='bbox 2591 4204 2790 4258; x_wconf 59' lang='lat' dir='ltr'><strong>saeulo</strong></span> <span class='ocrx_word' id='word_1_565' title='bbox 2819 4203 2954 4273; x_wconf 80' lang='lat'><strong>(85).</strong></span> <span class='ocrx_word' id='word_1_566' title='bbox 2987 4203 3123 4258; x_wconf 89' lang='lat' dir='ltr'><strong>lllud</strong></span> <span class='ocrx_word' id='word_1_567' title='bbox 3157 4203 3305 4256; x_wconf 91' lang='lat' dir='ltr'><strong>enim</strong></span> <span class='ocrx_word' id='word_1_568' title='bbox 3350 4199 3596 4256; x_wconf 84' lang='lat' dir='ltr'><strong>futurum</strong></span> <span class='ocrx_word' id='word_1_569' title='bbox 3645 4216 3814 4255; x_wconf 66' lang='grc' dir='ltr'><strong>δίρρυ-</strong></span> 
     </span>
    </p>
   </div>
   <div class='ocr_carea' id='block_1_42' title="bbox 567 4292 3803 4368">
    <p class='ocr_par' dir='ltr' id='par_1_42' title="bbox 567 4292 3803 4368">
     <span class='ocr_line' id='line_1_42' title="bbox 567 4292 3803 4368; baseline -0 -22"><span class='ocrx_word' id='word_1_570' title='bbox 567 4293 680 4347; x_wconf 90' lang='lat' dir='ltr'><strong>lum</strong></span> <span class='ocrx_word' id='word_1_571' title='bbox 713 4307 874 4350; x_wconf 66' lang='lat' dir='ltr'><strong>aestas</strong></span> <span class='ocrx_word' id='word_1_572' title='bbox 902 4306 984 4351; x_wconf 87' lang='lat' dir='ltr'><strong>est</strong></span> <span class='ocrx_word' id='word_1_573' title='bbox 1009 4298 1174 4366; x_wconf 88' lang='lat' dir='ltr'><strong>jnstis</strong></span> <span class='ocrx_word' id='word_1_574' title='bbox 1203 4317 1216 4360; x_wconf 82' lang='lat'><strong>;</strong></span> <span class='ocrx_word' id='word_1_575' title='bbox 1249 4299 1633 4368; x_wconf 86' lang='lat' dir='ltr'><strong>peccatoribus</strong></span> <span class='ocrx_word' id='word_1_576' title='bbox 1663 4307 1841 4352; x_wconf 86' lang='lat' dir='ltr'><strong>autem</strong></span> <span class='ocrx_word' id='word_1_577' title='bbox 1866 4297 2061 4351; x_wconf 86' lang='lat' dir='ltr'><strong>hiems.</strong></span> <span class='ocrx_word' id='word_1_578' title='bbox 2093 4294 2228 4348; x_wconf 90' lang='lat' dir='ltr'><strong>Cum</strong></span> <span class='ocrx_word' id='word_1_579' title='bbox 2252 4309 2382 4363; x_wconf 84' lang='lat' dir='ltr'><strong>ergo</strong></span> <span class='ocrx_word' id='word_1_580' title='bbox 2413 4294 2654 4349; x_wconf 77' lang='lat' dir='ltr'><strong>illuxerit</strong></span> <span class='ocrx_word' id='word_1_581' title='bbox 2692 4295 3073 4349; x_wconf 89' lang='lat' dir='ltr'><strong>misericordia</strong></span> <span class='ocrx_word' id='word_1_582' title='bbox 3114 4293 3369 4360; x_wconf 91' lang='lat' dir='ltr'><strong>Domini,</strong></span> <span class='ocrx_word' id='word_1_583' title='bbox 3400 4300 3532 4346; x_wconf 91' lang='lat' dir='ltr'><strong>tunc</strong></span> <span class='ocrx_word' id='word_1_584' title='bbox 3562 4292 3803 4346; x_wconf 60' lang='lat' dir='ltr'><strong>declam-</strong></span> 
     </span>
    </p>
   </div>
   <div class='ocr_carea' id='block_1_43' title="bbox 567 4383 3806 4460">
    <p class='ocr_par' dir='ltr' id='par_1_43' title="bbox 567 4383 3806 4460">
     <span class='ocr_line' id='line_1_43' title="bbox 567 4383 3806 4460; baseline -0.001 -21"><span class='ocrx_word' id='word_1_585' title='bbox 567 4383 769 4441; x_wconf 83' lang='lat' dir='ltr'><strong>buutur</strong></span> <span class='ocrx_word' id='word_1_586' title='bbox 795 4387 887 4457; x_wconf 90' lang='lat' dir='ltr'><strong>qui</strong></span> <span class='ocrx_word' id='word_1_587' title='bbox 915 4390 1159 4443; x_wconf 85' lang='lat' dir='ltr'><strong>serviunt</strong></span> <span class='ocrx_word' id='word_1_588' title='bbox 1187 4389 1320 4458; x_wconf 88' lang='lat' dir='ltr'><strong>Deo,</strong></span> <span class='ocrx_word' id='word_1_589' title='bbox 1349 4399 1402 4445; x_wconf 84' lang='lat' dir='ltr'><strong>et</strong></span> <span class='ocrx_word' id='word_1_590' title='bbox 1430 4391 1686 4445; x_wconf 89' lang='lat' dir='ltr'><strong>omnibus</strong></span> <span class='ocrx_word' id='word_1_591' title='bbox 1713 4389 1824 4460; x_wconf 88' lang='lat'><strong>(86)</strong></span> <span class='ocrx_word' id='word_1_592' title='bbox 1880 4386 2157 4458; x_wconf 87' lang='lat' dir='ltr'><strong>perspicui</strong></span> <span class='ocrx_word' id='word_1_593' title='bbox 2199 4394 2379 4440; x_wconf 86' lang='lat' dir='ltr'><strong>erunt.</strong></span> <span class='ocrx_word' id='word_1_594' title='bbox 2428 4384 2584 4441; x_wconf 91' lang='lat' dir='ltr'><strong>Sicut</strong></span> <span class='ocrx_word' id='word_1_595' title='bbox 2629 4386 2776 4440; x_wconf 89' lang='lat' dir='ltr'><strong>enim</strong></span> <span class='ocrx_word' id='word_1_596' title='bbox 2809 4387 2862 4441; x_wconf 93' lang='lat' dir='ltr'><strong>in</strong></span> <span class='ocrx_word' id='word_1_597' title='bbox 2901 4394 3090 4442; x_wconf 62' lang='lat' dir='ltr'><strong>testate</strong></span> <span class='ocrx_word' id='word_1_598' title='bbox 3125 4385 3336 4441; x_wconf 88' lang='lat' dir='ltr'><strong>fructus</strong></span> <span class='ocrx_word' id='word_1_599' title='bbox 3371 4384 3588 4439; x_wconf 88' lang='lat' dir='ltr'><strong>arboris</strong></span> <span class='ocrx_word' id='word_1_600' title='bbox 3618 4383 3806 4452; x_wconf 87' lang='lat' dir='ltr'><strong>cujus-</strong></span> 
     </span>
    </p>
   </div>
   <div class='ocr_carea' id='block_1_44' title="bbox 569 4478 3812 4555">
    <p class='ocr_par' dir='ltr' id='par_1_44' title="bbox 569 4478 3812 4555">
     <span class='ocr_line' id='line_1_44' title="bbox 569 4478 3812 4555; baseline 0.001 -25"><span class='ocrx_word' id='word_1_601' title='bbox 569 4491 787 4546; x_wconf 87' lang='lat' dir='ltr'><strong>cunque</strong></span> <span class='ocrx_word' id='word_1_602' title='bbox 815 4479 1145 4548; x_wconf 88' lang='lat' dir='ltr'><strong>declaratur,</strong></span> <span class='ocrx_word' id='word_1_603' title='bbox 1172 4491 1225 4538; x_wconf 93' lang='lat' dir='ltr'><strong>et</strong></span> <span class='ocrx_word' id='word_1_604' title='bbox 1251 4494 1398 4554; x_wconf 88' lang='lat' dir='ltr'><strong>patet</strong></span> <span class='ocrx_word' id='word_1_605' title='bbox 1424 4485 1538 4555; x_wconf 89' lang='lat'><strong>(87)</strong></span> <span class='ocrx_word' id='word_1_606' title='bbox 1571 4502 1584 4539; x_wconf 91' lang='lat'><strong>:</strong></span> <span class='ocrx_word' id='word_1_607' title='bbox 1624 4485 1705 4540; x_wconf 90' lang='lat' dir='ltr'><strong>sic</strong></span> <span class='ocrx_word' id='word_1_608' title='bbox 1732 4492 1788 4538; x_wconf 90' lang='lat' dir='ltr'><strong>et</strong></span> <span class='ocrx_word' id='word_1_609' title='bbox 1821 4482 2096 4552; x_wconf 89' lang='lat' dir='ltr'><strong>justorum</strong></span> <span class='ocrx_word' id='word_1_610' title='bbox 2150 4478 2353 4534; x_wconf 84' lang='lat' dir='ltr'><strong>factum</strong></span> <span class='ocrx_word' id='word_1_611' title='bbox 2410 4480 2798 4546; x_wconf 86' lang='lat' dir='ltr'><strong>declarabitur,</strong></span> <span class='ocrx_word' id='word_1_612' title='bbox 2849 4491 2904 4538; x_wconf 85' lang='lat' dir='ltr'><strong>et</strong></span> <span class='ocrx_word' id='word_1_613' title='bbox 2949 4482 3191 4553; x_wconf 88' lang='lat' dir='ltr'><strong>patebit;</strong></span> <span class='ocrx_word' id='word_1_614' title='bbox 3237 4493 3294 4538; x_wconf 93' lang='lat' dir='ltr'><strong>et</strong></span> <span class='ocrx_word' id='word_1_615' title='bbox 3324 4495 3516 4537; x_wconf 90' lang='lat' dir='ltr'><strong>omnes</strong></span> <span class='ocrx_word' id='word_1_616' title='bbox 3541 4481 3742 4534; x_wconf 86' lang='lat' dir='ltr'><strong>hilares</strong></span> <span class='ocrx_word' id='word_1_617' title='bbox 3761 4490 3812 4533; x_wconf 87' lang='lat' dir='ltr'><strong>et</strong></span> 
     </span>
    </p>
   </div>
   <div class='ocr_carea' id='block_1_45' title="bbox 1650 4597 2700 4659">
    <p class='ocr_par' dir='ltr' id='par_1_45' title="bbox 1650 4597 2700 4659">
     <span class='ocr_line' id='line_1_45' title="bbox 1650 4597 2700 4659; baseline -0.005 0"><span class='ocrx_word' id='word_1_618' title='bbox 1650 4601 1885 4659; x_wconf 63' lang='lat' dir='ltr'><strong>VARIE</strong></span> <span class='ocrx_word' id='word_1_619' title='bbox 1928 4597 2308 4654; x_wconf 79' lang='lat' dir='ltr'><strong>LECTIONES</strong></span> <span class='ocrx_word' id='word_1_620' title='bbox 2342 4598 2430 4652; x_wconf 88' lang='grc' dir='ltr'>ΕΤ</span> <span class='ocrx_word' id='word_1_621' title='bbox 2474 4599 2700 4657; x_wconf 65' lang='lat' dir='ltr'><strong>NOTE.</strong></span> 
     </span>
    </p>
   </div>
   <div class='ocr_carea' id='block_1_46' title="bbox 640 4688 3139 4767">
    <p class='ocr_par' dir='ltr' id='par_1_46' title="bbox 640 4688 3139 4767">
     <span class='ocr_line' id='line_1_46' title="bbox 640 4688 3139 4767; baseline -0.001 -17"><span class='ocrx_word' id='word_1_622' title='bbox 640 4695 754 4765; x_wconf 86' lang='lat'><strong>(67)</strong></span> <span class='ocrx_word' id='word_1_623' title='bbox 793 4695 1004 4751; x_wconf 87' lang='lat' dir='ltr'><strong>Laudat</strong></span> <span class='ocrx_word' id='word_1_624' title='bbox 1035 4697 1382 4752; x_wconf 86' lang='lat' dir='ltr'><strong>hunclocnm</strong></span> <span class='ocrx_word' id='word_1_625' title='bbox 1419 4695 1684 4767; x_wconf 81' lang='lat' dir='ltr'><strong>Origenes</strong></span> <span class='ocrx_word' id='word_1_626' title='bbox 1720 4692 1913 4767; x_wconf 51' lang='lat' dir='ltr'><strong>homil:</strong></span> <span class='ocrx_word' id='word_1_627' title='bbox 1945 4690 2031 4755; x_wconf 50' lang='lat'><strong>&#39;10,</strong></span> <span class='ocrx_word' id='word_1_628' title='bbox 2078 4691 2133 4741; x_wconf 85' lang='lat' dir='ltr'><strong>in</strong></span> <span class='ocrx_word' id='word_1_629' title='bbox 2462 4688 2652 4767; x_wconf 80' lang='lat' dir='ltr'><strong>Lamb.</strong></span> <span class='ocrx_word' id='word_1_630' title='bbox 2679 4690 3139 4767; x_wconf 76' lang='lat' dir='ltr'><strong>locupletantibus.</strong></span> 
     </span>
    </p>
   </div>
   <div class='ocr_carea' id='block_1_47' title="bbox 564 4759 3064 4835">
    <p class='ocr_par' dir='ltr' id='par_1_47' title="bbox 564 4759 3064 4835">
     <span class='ocr_line' id='line_1_47' title="bbox 564 4759 3064 4835; baseline -0.003 -14"><span class='ocrx_word' id='word_1_631' title='bbox 564 4759 813 4827; x_wconf 75' lang='lat' dir='ltr'><strong>Josuam,</strong></span> <span class='ocrx_word' id='word_1_632' title='bbox 843 4769 971 4820; x_wconf 84' lang='lat' dir='ltr'><strong>edit.</strong></span> <span class='ocrx_word' id='word_1_633' title='bbox 1000 4769 1204 4822; x_wconf 83' lang='lat' dir='ltr'><strong>noviss.</strong></span> <span class='ocrx_word' id='word_1_634' title='bbox 1244 4768 1348 4820; x_wconf 81' lang='lat' dir='ltr'><strong>BB.</strong></span> <span class='ocrx_word' id='word_1_635' title='bbox 1379 4759 1631 4828; x_wconf 44' lang='lat' dir='ltr'><strong>tomf&#39;lll,</strong></span> <span class='ocrx_word' id='word_1_636' title='bbox 1661 4781 1785 4835; x_wconf 80' lang='lat' dir='ltr'><strong>pag.</strong></span> <span class='ocrx_word' id='word_1_637' title='bbox 1811 4763 1937 4816; x_wconf 66' lang='lat'><strong>4‘25.</strong></span> <span class='ocrx_word' id='word_1_638' title='bbox 1957 4830 1995 4835; x_wconf 88' lang='lat'><strong><em>_</em></strong></span> <span class='ocrx_word' id='word_1_639' title='bbox 2033 4831 2063 4835; x_wconf 88' lang='lat'>__</span> <span class='ocrx_word' id='word_1_640' title='bbox 2463 4760 2654 4835; x_wconf 64' lang='lat' dir='ltr'><strong>Lamb.</strong></span> <span class='ocrx_word' id='word_1_641' title='bbox 2689 4759 2851 4835; x_wconf 60' lang='lat' dir='ltr'><strong>a.ldit_</strong></span> <span class='ocrx_word' id='word_1_642' title='bbox 2875 4761 3064 4835; x_wconf 67' lang='lat' dir='ltr'><strong>aridas.</strong></span> 
     </span>
    </p>
   </div>
   <div class='ocr_carea' id='block_1_48' title="bbox 639 4828 3668 4906">
    <p class='ocr_par' dir='ltr' id='par_1_48' title="bbox 639 4828 3668 4906">
     <span class='ocr_line' id='line_1_48' title="bbox 639 4828 3668 4906; baseline -0.003 -16"><span class='ocrx_word' id='word_1_643' title='bbox 639 4838 751 4906; x_wconf 72' lang='lat'><strong>((38)</strong></span> <span class='ocrx_word' id='word_1_644' title='bbox 777 4837 905 4891; x_wconf 88' lang='lat' dir='ltr'><strong>Mss.</strong></span> <span class='ocrx_word' id='word_1_645' title='bbox 942 4839 1097 4906; x_wconf 84' lang='lat' dir='ltr'><strong>Angl.</strong></span> <span class='ocrx_word' id='word_1_646' title='bbox 1154 4850 1206 4893; x_wconf 82' lang='lat' dir='ltr'><strong>ut</strong></span> <span class='ocrx_word' id='word_1_647' title='bbox 1251 4855 1405 4906; x_wconf 83' lang='lat' dir='ltr'><strong>super</strong></span> <span class='ocrx_word' id='word_1_648' title='bbox 1449 4839 1596 4890; x_wconf 72' lang='lat' dir='ltr'><strong>illam</strong></span> <span class='ocrx_word' id='word_1_649' title='bbox 1628 4828 2134 4906; x_wconf 74' lang='lat' dir='ltr'><strong>refrigeret._Fr|lus</strong></span> <span class='ocrx_word' id='word_1_650' title='bbox 2313 4830 2426 4906; x_wconf 65' lang='lat'><strong>(71))</strong></span> <span class='ocrx_word' id='word_1_651' title='bbox 2454 4829 2541 4906; x_wconf 85' lang='lat' dir='ltr'><strong>_l_ta</strong></span> <span class='ocrx_word' id='word_1_652' title='bbox 2587 4830 2776 4906; x_wconf 80' lang='lat' dir='ltr'><strong>Lamb.</strong></span> <span class='ocrx_word' id='word_1_653' title='bbox 2821 4831 2910 4906; x_wconf 83' lang='lat' dir='ltr'><strong>_Ita</strong></span> <span class='ocrx_word' id='word_1_654' title='bbox 2959 4842 3012 4884; x_wconf 88' lang='lat' dir='ltr'><strong>et</strong></span> <span class='ocrx_word' id='word_1_655' title='bbox 3051 4831 3254 4887; x_wconf 83' lang='lat' dir='ltr'><strong>Fellus.</strong></span> <span class='ocrx_word' id='word_1_656' title='bbox 3309 4828 3395 4886; x_wconf 74' lang='lat' dir='ltr'><strong>Ai.</strong></span> <span class='ocrx_word' id='word_1_657' title='bbox 3453 4841 3668 4885; x_wconf 67' lang='lat' dir='ltr'><strong>nomn.</strong></span> 
     </span>
    </p>
   </div>
   <div class='ocr_carea' id='block_1_49' title="bbox 553 4900 2950 4982">
    <p class='ocr_par' dir='ltr' id='par_1_49' title="bbox 553 4900 2950 4982">
     <span class='ocr_line' id='line_1_49' title="bbox 553 4900 2950 4982; baseline -0.003 -20"><span class='ocrx_word' id='word_1_658' title='bbox 553 4900 744 4982; x_wconf 74' lang='lat' dir='ltr'><strong>paulo</strong></span> <span class='ocrx_word' id='word_1_659' title='bbox 756 4908 1010 4982; x_wconf 79' lang='lat' dir='ltr'><strong>superius</strong></span> <span class='ocrx_word' id='word_1_660' title='bbox 1030 4900 1245 4964; x_wconf 77' lang='lat' dir='ltr'><strong>exhibet</strong></span> <span class='ocrx_word' id='word_1_661' title='bbox 1267 4900 1555 4978; x_wconf 67' lang='lat' dir='ltr'><strong>applicata,</strong></span> <span class='ocrx_word' id='word_1_662' title='bbox 1585 4900 1837 4976; x_wconf 77' lang='lat' dir='ltr'><strong>rejieiens</strong></span> <span class='ocrx_word' id='word_1_663' title='bbox 1865 4903 2135 4960; x_wconf 88' lang='lat' dir='ltr'><strong>editorum</strong></span> <span class='ocrx_word' id='word_1_664' title='bbox 2452 4900 2582 4982; x_wconf 77' lang='lat' dir='ltr'><strong>Mss.</strong></span> <span class='ocrx_word' id='word_1_665' title='bbox 2602 4901 2779 4982; x_wconf 82' lang='lat' dir='ltr'><strong>_An_gl.</strong></span> <span class='ocrx_word' id='word_1_666' title='bbox 2810 4902 2950 4980; x_wconf 72' lang='lat' dir='ltr'><strong>huic.</strong></span> 
     </span>
    </p>
   </div>
   <div class='ocr_carea' id='block_1_50' title="bbox 566 4970 3807 5102">
    <p class='ocr_par' dir='ltr' id='par_1_50' title="bbox 566 4970 3807 5102">
     <span class='ocr_line' id='line_1_50' title="bbox 566 4970 3807 5049; baseline -0.002 -15"><span class='ocrx_word' id='word_1_667' title='bbox 566 4970 840 5049; x_wconf 58' lang='lat' dir='ltr'><strong>implicita:</strong></span> <span class='ocrx_word' id='word_1_668' title='bbox 1302 4970 1346 4978; x_wconf 86' lang='grc'>”</span> <span class='ocrx_word' id='word_1_669' title='bbox 1541 4970 1549 4973; x_wconf 57' lang='grc'>⁷</span> <span class='ocrx_word' id='word_1_670' title='bbox 1639 4970 1657 4976; x_wconf 77' lang='grc'><em>’</em></span> <span class='ocrx_word' id='word_1_671' title='bbox 2313 4970 2426 5041; x_wconf 83' lang='grc'>(8))</span> <span class='ocrx_word' id='word_1_672' title='bbox 2465 4971 2674 5026; x_wconf 88' lang='lat' dir='ltr'><strong>Laudat</strong></span> <span class='ocrx_word' id='word_1_673' title='bbox 2705 4970 2845 5026; x_wconf 88' lang='lat' dir='ltr'><strong>hanc</strong></span> <span class='ocrx_word' id='word_1_674' title='bbox 2878 4973 3286 5028; x_wconf 86' lang='lat' dir='ltr'><strong>similitudinem</strong></span> <span class='ocrx_word' id='word_1_675' title='bbox 3331 4972 3603 5046; x_wconf 81' lang='lat' dir='ltr'><strong>Origenes</strong></span> <span class='ocrx_word' id='word_1_676' title='bbox 3651 4984 3807 5028; x_wconf 83' lang='lat' dir='ltr'><strong>tract.</strong></span> 
     </span>
     <span class='ocr_line' id='line_1_51' title="bbox 631 5040 3807 5102; baseline 0.001 -3"><span class='ocrx_word' id='word_1_677' title='bbox 631 5047 753 5102; x_wconf 82' lang='grc'>(69)</span> <span class='ocrx_word' id='word_1_678' title='bbox 784 5049 893 5102; x_wconf 88' lang='lat' dir='ltr'><strong>Mss</strong></span> <span class='ocrx_word' id='word_1_679' title='bbox 944 5049 1101 5102; x_wconf 70' lang='lat' dir='ltr'><strong>Angl.</strong></span> <span class='ocrx_word' id='word_1_680' title='bbox 1127 5053 1273 5102; x_wconf 84' lang='lat' dir='ltr'><strong>auia.</strong></span> <span class='ocrx_word' id='word_1_681' title='bbox 1296 5065 1367 5102; x_wconf 74' lang='grc' dir='ltr'><strong>ρι-</strong></span> <span class='ocrx_word' id='word_1_682' title='bbox 2243 5040 2332 5096; x_wconf 80' lang='grc'><strong>50.</strong></span> <span class='ocrx_word' id='word_1_683' title='bbox 2368 5041 2658 5096; x_wconf 79' lang='lat' dir='ltr'><strong>Comment.</strong></span> <span class='ocrx_word' id='word_1_684' title='bbox 2693 5044 2747 5095; x_wconf 87' lang='lat' dir='ltr'><strong>in</strong></span> <span class='ocrx_word' id='word_1_685' title='bbox 2770 5043 2962 5098; x_wconf 90' lang='lat' dir='ltr'><strong>Matth.</strong></span> <span class='ocrx_word' id='word_1_686' title='bbox 2994 5061 3140 5102; x_wconf 78' lang='lat' dir='ltr'><strong>xxw.</strong></span> <span class='ocrx_word' id='word_1_687' title='bbox 3160 5045 3252 5102; x_wconf 75' lang='grc'><strong>52,</strong></span> <span class='ocrx_word' id='word_1_688' title='bbox 3278 5045 3487 5099; x_wconf 78' lang='lat' dir='ltr'><strong>noviss.</strong></span> <span class='ocrx_word' id='word_1_689' title='bbox 3511 5043 3669 5102; x_wconf 83' lang='lat' dir='ltr'><strong>edit..</strong></span> <span class='ocrx_word' id='word_1_690' title='bbox 3694 5045 3807 5102; x_wconf 80' lang='lat' dir='ltr'><strong>t.ll.</strong></span> 
     </span>
    </p>
   </div>
   <div class='ocr_carea' id='block_1_51' title="bbox 1032 5053 2612 5108">
    <p class='ocr_par' dir='ltr' id='par_1_51' title="bbox 1032 5053 2612 5108">
     <span class='ocr_line' id='line_1_52' title="bbox 1032 5053 2612 5108; baseline -0.003 -10"><span class='ocrx_word' id='word_1_691' title='bbox 1032 5053 1101 5108; x_wconf 75' lang='lat' dir='ltr'><strong>gl.</strong></span> <span class='ocrx_word' id='word_1_692' title='bbox 1127 5053 1273 5108; x_wconf 70' lang='lat' dir='ltr'><strong>quia,</strong></span> <span class='ocrx_word' id='word_1_693' title='bbox 1296 5065 1368 5108; x_wconf 73' lang='grc' dir='ltr'><strong>ει,</strong></span> <span class='ocrx_word' id='word_1_694' title='bbox 2243 5053 2332 5096; x_wconf 70' lang='grc' dir='ltr'><strong>δυ.</strong></span> <span class='ocrx_word' id='word_1_695' title='bbox 2368 5053 2612 5096; x_wconf 68' lang='lat' dir='ltr'><strong>Uommen</strong></span> 
     </span>
    </p>
   </div>
   <div class='ocr_carea' id='block_1_52' title="bbox 2226 5053 3806 5108">
    <p class='ocr_par' dir='ltr' id='par_1_52' title="bbox 2243 5053 3806 5108">
     <span class='ocr_line' id='line_1_53' title="bbox 2243 5053 3806 5108; baseline 0.001 -12"><span class='ocrx_word' id='word_1_696' title='bbox 2243 5053 2332 5096; x_wconf 70' lang='grc' dir='ltr'><strong>δυ.</strong></span> <span class='ocrx_word' id='word_1_697' title='bbox 2368 5053 2658 5096; x_wconf 64' lang='lat' dir='ltr'><strong>Comment.</strong></span> <span class='ocrx_word' id='word_1_698' title='bbox 2693 5053 2747 5095; x_wconf 81' lang='lat' dir='ltr'><strong>tn</strong></span> <span class='ocrx_word' id='word_1_699' title='bbox 2770 5053 2962 5098; x_wconf 89' lang='lat' dir='ltr'><strong>Matth.</strong></span> <span class='ocrx_word' id='word_1_700' title='bbox 2994 5061 3140 5108; x_wconf 75' lang='lat' dir='ltr'><strong>xxrv,</strong></span> <span class='ocrx_word' id='word_1_701' title='bbox 3160 5053 3252 5108; x_wconf 75' lang='grc'><strong>52,</strong></span> <span class='ocrx_word' id='word_1_702' title='bbox 3278 5053 3487 5099; x_wconf 76' lang='lat' dir='ltr'><strong>noviss.</strong></span> <span class='ocrx_word' id='word_1_703' title='bbox 3511 5053 3669 5108; x_wconf 61' lang='lat' dir='ltr'><strong>eam,</strong></span> <span class='ocrx_word' id='word_1_704' title='bbox 3694 5056 3730 5098; x_wconf 91' lang='lat' dir='ltr'><strong>t.</strong></span> <span class='ocrx_word' id='word_1_705' title='bbox 3749 5053 3806 5106; x_wconf 86' lang='lat' dir='ltr'><strong>ll,</strong></span> 
     </span>
    </p>
   </div>
   <div class='ocr_carea' id='block_1_53' title="bbox 626 5050 3252 5191">
    <p class='ocr_par' dir='ltr' id='par_1_53' title="bbox 626 5050 3252 5191">
     <span class='ocr_line' id='line_1_54' title="bbox 631 5050 3252 5122; baseline -0.002 -20"><span class='ocrx_word' id='word_1_706' title='bbox 631 5050 753 5120; x_wconf 85' lang='lat'><strong>(69)</strong></span> <span class='ocrx_word' id='word_1_707' title='bbox 784 5050 893 5105; x_wconf 92' lang='lat' dir='ltr'><strong>Mss</strong></span> <span class='ocrx_word' id='word_1_708' title='bbox 944 5050 1101 5121; x_wconf 88' lang='lat' dir='ltr'><strong>Angl.</strong></span> <span class='ocrx_word' id='word_1_709' title='bbox 1127 5053 1273 5122; x_wconf 82' lang='lat' dir='ltr'><strong>quia,</strong></span> <span class='ocrx_word' id='word_1_710' title='bbox 1296 5065 1368 5112; x_wconf 81' lang='grc' dir='ltr'><strong>ει,</strong></span> <span class='ocrx_word' id='word_1_711' title='bbox 2243 5050 2332 5096; x_wconf 71' lang='grc' dir='ltr'><strong>δυ.</strong></span> <span class='ocrx_word' id='word_1_712' title='bbox 2368 5050 2658 5096; x_wconf 70' lang='lat' dir='ltr'><strong>Comment.</strong></span> <span class='ocrx_word' id='word_1_713' title='bbox 2693 5050 2747 5095; x_wconf 80' lang='lat' dir='ltr'><strong>in</strong></span> <span class='ocrx_word' id='word_1_714' title='bbox 2770 5050 2962 5098; x_wconf 90' lang='lat' dir='ltr'><strong>Matth.</strong></span> <span class='ocrx_word' id='word_1_715' title='bbox 2994 5050 3252 5110; x_wconf 67' lang='lat' dir='ltr'><strong>xxxv,52,</strong></span> 
     </span>
     <span class='ocr_line' id='line_1_55' title="bbox 626 5113 3176 5191; baseline 0.004 -18"><span class='ocrx_word' id='word_1_716' title='bbox 626 5119 744 5189; x_wconf 84' lang='grc'>(70)</span> <span class='ocrx_word' id='word_1_717' title='bbox 781 5121 854 5191; x_wconf 84' lang='lat' dir='ltr'><strong>Ita</strong></span> <span class='ocrx_word' id='word_1_718' title='bbox 883 5120 1064 5177; x_wconf 87' lang='lat' dir='ltr'><strong>Fellns</strong></span> <span class='ocrx_word' id='word_1_719' title='bbox 1091 5137 1155 5176; x_wconf 74' lang='lat' dir='ltr'><strong>ex</strong></span> <span class='ocrx_word' id='word_1_720' title='bbox 1183 5137 1316 5176; x_wconf 88' lang='lat' dir='ltr'><strong>mss.</strong></span> <span class='ocrx_word' id='word_1_721' title='bbox 1344 5121 1501 5191; x_wconf 83' lang='lat' dir='ltr'><strong>Angl.</strong></span> <span class='ocrx_word' id='word_1_722' title='bbox 1533 5119 1616 5174; x_wconf 89' lang='lat' dir='ltr'><strong>Al.</strong></span> <span class='ocrx_word' id='word_1_723' title='bbox 1646 5120 1701 5173; x_wconf 88' lang='lat' dir='ltr'><strong>in</strong></span> <span class='ocrx_word' id='word_1_724' title='bbox 1737 5117 1898 5171; x_wconf 83' lang='lat' dir='ltr'><strong>ulmo.</strong></span> <span class='ocrx_word' id='word_1_725' title='bbox 1953 5187 1964 5191; x_wconf 28' lang='grc' dir='ltr'><strong>Α</strong></span> <span class='ocrx_word' id='word_1_726' title='bbox 2241 5113 2521 5191; x_wconf 36' lang='grc' dir='ltr'><strong>νίιξζλλδῖὲ-</strong></span> <span class='ocrx_word' id='word_1_727' title='bbox 2622 5181 2684 5191; x_wconf 41' lang='grc' dir='ltr'><strong>,ῃ</strong></span> <span class='ocrx_word' id='word_1_728' title='bbox 2877 5183 2908 5191; x_wconf 49' lang='grc' dir='ltr'><strong>Λ</strong></span> <span class='ocrx_word' id='word_1_729' title='bbox 3166 5187 3176 5191; x_wconf 96' lang='lat'>_</span> 
     </span>
    </p>
   </div>
   <div class='ocr_carea' id='block_1_54' title="bbox 635 5181 3809 5264">
    <p class='ocr_par' dir='ltr' id='par_1_54' title="bbox 635 5181 3809 5264">
     <span class='ocr_line' id='line_1_56' title="bbox 635 5181 3809 5264; baseline -0.001 -19"><span class='ocrx_word' id='word_1_730' title='bbox 635 5181 749 5261; x_wconf 81' lang='grc'>(71)</span> <span class='ocrx_word' id='word_1_731' title='bbox 778 5190 878 5247; x_wconf 89' lang='lat' dir='ltr'><strong>Ms.</strong></span> <span class='ocrx_word' id='word_1_732' title='bbox 903 5191 1094 5248; x_wconf 87' lang='lat' dir='ltr'><strong>Lamb.</strong></span> <span class='ocrx_word' id='word_1_733' title='bbox 1131 5193 1244 5247; x_wconf 75' lang='lat' dir='ltr'><strong>hzec</strong></span> <span class='ocrx_word' id='word_1_734' title='bbox 1267 5181 1468 5264; x_wconf 74' lang='lat' dir='ltr'><strong>omittit</strong></span> <span class='ocrx_word' id='word_1_735' title='bbox 1499 5211 1512 5245; x_wconf 92' lang='lat'>:</span> <span class='ocrx_word' id='word_1_736' title='bbox 1530 5191 1712 5264; x_wconf 81' lang='lat' dir='ltr'><strong>jacens</strong></span> <span class='ocrx_word' id='word_1_737' title='bbox 1742 5200 1916 5243; x_wconf 79' lang='lat' dir='ltr'><strong>autem</strong></span> <span class='ocrx_word' id='word_1_738' title='bbox 1947 5187 2000 5240; x_wconf 85' lang='lat' dir='ltr'><strong>in</strong></span> <span class='ocrx_word' id='word_1_739' title='bbox 2021 5195 2126 5240; x_wconf 86' lang='lat' dir='ltr'><strong>ter-</strong></span> <span class='ocrx_word' id='word_1_740' title='bbox 2243 5181 2246 5182; x_wconf 19' lang='grc' dir='ltr'><em>ν</em></span> <span class='ocrx_word' id='word_1_741' title='bbox 2312 5183 2424 5264; x_wconf 61' lang='lat'><strong>(82)</strong></span> <span class='ocrx_word' id='word_1_742' title='bbox 2461 5183 2589 5237; x_wconf 82' lang='lat' dir='ltr'><strong>Mss.</strong></span> <span class='ocrx_word' id='word_1_743' title='bbox 2622 5181 2759 5238; x_wconf 87' lang='lat' dir='ltr'><strong>Vict.</strong></span> <span class='ocrx_word' id='word_1_744' title='bbox 2786 5198 2839 5238; x_wconf 74' lang='lat' dir='ltr'><strong>et</strong></span> <span class='ocrx_word' id='word_1_745' title='bbox 2871 5183 3054 5241; x_wconf 80' lang='lat' dir='ltr'><strong>Carm.</strong></span> <span class='ocrx_word' id='word_1_746' title='bbox 3088 5187 3234 5256; x_wconf 86' lang='lat' dir='ltr'><strong>quia.</strong></span> <span class='ocrx_word' id='word_1_747' title='bbox 3264 5186 3398 5241; x_wconf 87' lang='lat' dir='ltr'><strong>Felli</strong></span> <span class='ocrx_word' id='word_1_748' title='bbox 3431 5187 3606 5243; x_wconf 83' lang='lat' dir='ltr'><strong>editio</strong></span> <span class='ocrx_word' id='word_1_749' title='bbox 3632 5186 3809 5243; x_wconf 69' lang='lat' dir='ltr'><strong>Oxon.</strong></span> 
     </span>
    </p>
   </div>
   <div class='ocr_carea' id='block_1_55' title="bbox 566 5261 2510 5334">
    <p class='ocr_par' dir='ltr' id='par_1_55' title="bbox 566 5261 2510 5334">
     <span class='ocr_line' id='line_1_57' title="bbox 566 5261 2510 5334; baseline -0.007 -15"><span class='ocrx_word' id='word_1_750' title='bbox 566 5280 652 5332; x_wconf 81' lang='lat' dir='ltr'><strong>ra,</strong></span> <span class='ocrx_word' id='word_1_751' title='bbox 693 5265 940 5330; x_wconf 71' lang='lat' dir='ltr'><strong>exiguum</strong></span> <span class='ocrx_word' id='word_1_752' title='bbox 968 5280 995 5316; x_wconf 89' lang='lat' dir='ltr'><strong>e</strong></span> <span class='ocrx_word' id='word_1_753' title='bbox 1044 5265 1327 5334; x_wconf 77' lang='lat' dir='ltr'><strong>pessiumm</strong></span> <span class='ocrx_word' id='word_1_754' title='bbox 1357 5262 1597 5334; x_wconf 64' lang='lat' dir='ltr'><strong>{meumr</strong></span> <span class='ocrx_word' id='word_1_755' title='bbox 1623 5261 1736 5314; x_wconf 85' lang='lat' dir='ltr'><strong>dat.</strong></span> <span class='ocrx_word' id='word_1_756' title='bbox 2074 5328 2105 5334; x_wconf 43' lang='grc' dir='ltr'>η</span> <span class='ocrx_word' id='word_1_757' title='bbox 2239 5261 2510 5334; x_wconf 54' lang='lat' dir='ltr'><strong>quoniam.</strong></span> 
     </span>
    </p>
   </div>
   <div class='ocr_carea' id='block_1_56' title="bbox 637 5324 2992 5405">
    <p class='ocr_par' dir='ltr' id='par_1_56' title="bbox 637 5324 2992 5405">
     <span class='ocr_line' id='line_1_58' title="bbox 637 5324 2992 5405; baseline -0.003 -18"><span class='ocrx_word' id='word_1_758' title='bbox 637 5324 750 5403; x_wconf 71' lang='lat'><strong>(72)</strong></span> <span class='ocrx_word' id='word_1_759' title='bbox 779 5324 916 5405; x_wconf 70' lang='lat' dir='ltr'><strong>Mss.</strong></span> <span class='ocrx_word' id='word_1_760' title='bbox 959 5324 1118 5405; x_wconf 73' lang='lat' dir='ltr'><strong>Angl.</strong></span> <span class='ocrx_word' id='word_1_761' title='bbox 1151 5335 1206 5386; x_wconf 87' lang='lat' dir='ltr'><strong>in</strong></span> <span class='ocrx_word' id='word_1_762' title='bbox 1233 5324 1404 5386; x_wconf 76' lang='lat' dir='ltr'><strong>servos</strong></span> <span class='ocrx_word' id='word_1_763' title='bbox 1432 5332 1544 5405; x_wconf 77' lang='lat' dir='ltr'><strong>Dei,</strong></span> <span class='ocrx_word' id='word_1_764' title='bbox 1581 5332 1636 5405; x_wconf 64' lang='lat' dir='ltr'><strong>in</strong></span> <span class='ocrx_word' id='word_1_765' title='bbox 1657 5345 1941 5405; x_wconf 74' lang='lat' dir='ltr'><strong>pauperem</strong></span> <span class='ocrx_word' id='word_1_766' title='bbox 1969 5337 2018 5383; x_wconf 89' lang='lat' dir='ltr'><strong>et</strong></span> <span class='ocrx_word' id='word_1_767' title='bbox 2048 5328 2134 5382; x_wconf 83' lang='lat' dir='ltr'><strong>di-</strong></span> <span class='ocrx_word' id='word_1_768' title='bbox 2455 5324 2648 5405; x_wconf 51' lang='lat' dir='ltr'><strong>Lamb:</strong></span> <span class='ocrx_word' id='word_1_769' title='bbox 2692 5327 2843 5405; x_wconf 76' lang='lat' dir='ltr'><strong>(leest</strong></span> <span class='ocrx_word' id='word_1_770' title='bbox 2877 5327 2992 5405; x_wconf 72' lang='lat' dir='ltr'><strong>has.</strong></span> 
     </span>
    </p>
   </div>
   <div class='ocr_carea' id='block_1_57' title="bbox 565 5395 3142 5472">
    <p class='ocr_par' dir='ltr' id='par_1_57' title="bbox 565 5395 3142 5472">
     <span class='ocr_line' id='line_1_59' title="bbox 565 5395 3142 5472; baseline -0.001 -14"><span class='ocrx_word' id='word_1_771' title='bbox 565 5395 743 5458; x_wconf 69' lang='lat' dir='ltr'><strong>titem.</strong></span> <span class='ocrx_word' id='word_1_772' title='bbox 775 5404 925 5460; x_wconf 87' lang='lat' dir='ltr'><strong>llanc</strong></span> <span class='ocrx_word' id='word_1_773' title='bbox 981 5395 1266 5460; x_wconf 54' lang='lat' dir='ltr'><strong>lectionem</strong></span> <span class='ocrx_word' id='word_1_774' title='bbox 1318 5403 1564 5472; x_wconf 86' lang='lat' dir='ltr'><strong>sequitur</strong></span> <span class='ocrx_word' id='word_1_775' title='bbox 1597 5395 1808 5467; x_wconf 81' lang='lat' dir='ltr'><strong>Fellus,</strong></span> <span class='ocrx_word' id='word_1_776' title='bbox 1857 5401 2128 5471; x_wconf 79' lang='lat' dir='ltr'><strong>vulgatam</strong></span> <span class='ocrx_word' id='word_1_777' title='bbox 2313 5395 2424 5472; x_wconf 47' lang='grc' dir='ltr'>(ξᾴ)</span> <span class='ocrx_word' id='word_1_778' title='bbox 2454 5395 2584 5472; x_wconf 65' lang='lat' dir='ltr'><strong>Mss.</strong></span> <span class='ocrx_word' id='word_1_779' title='bbox 2609 5395 3142 5472; x_wconf 59' lang='lat' dir='ltr'><strong>Angl.frondescere.</strong></span> 
     </span>
    </p>
   </div>
   <div class='ocr_carea' id='block_1_58' title="bbox 564 5465 3852 5555">
    <p class='ocr_par' dir='ltr' id='par_1_58' title="bbox 564 5465 3852 5555">
     <span class='ocr_line' id='line_1_60' title="bbox 564 5465 3852 5555; baseline 0.006 -52"><span class='ocrx_word' id='word_1_780' title='bbox 564 5490 849 5555; x_wconf 28' lang='lat' dir='ltr'><strong>regimen-8:</strong></span> <span class='ocrx_word' id='word_1_781' title='bbox 1083 5547 1096 5555; x_wconf 35' lang='grc' dir='ltr'>ι</span> <span class='ocrx_word' id='word_1_782' title='bbox 1171 5546 1185 5555; x_wconf 46' lang='grc'>.</span> <span class='ocrx_word' id='word_1_783' title='bbox 1796 5465 1802 5467; x_wconf 64' lang='grc'><strong><em>⁷</em></strong></span> <span class='ocrx_word' id='word_1_784' title='bbox 1953 5465 1976 5471; x_wconf 65' lang='grc'>⁷</span> <span class='ocrx_word' id='word_1_785' title='bbox 2461 5465 2665 5555; x_wconf 57' lang='lat' dir='ltr'><strong>&#39;Lainb.</strong></span> <span class='ocrx_word' id='word_1_786' title='bbox 2703 5468 2940 5555; x_wconf 64' lang='lat' dir='ltr'><strong>hqbitnri</strong></span> <span class='ocrx_word' id='word_1_787' title='bbox 2976 5481 3097 5555; x_wconf 48' lang='lat' dir='ltr'><strong>sunt</strong></span> <span class='ocrx_word' id='word_1_788' title='bbox 3123 5472 3360 5555; x_wconf 53' lang='lat' dir='ltr'><strong>futuram</strong></span> <span class='ocrx_word' id='word_1_789' title='bbox 3387 5470 3665 5524; x_wconf 72' lang='lat' dir='ltr'><strong>swculum.</strong></span> <span class='ocrx_word' id='word_1_790' title='bbox 3696 5541 3726 5555; x_wconf 52' lang='grc' dir='ltr'><strong>ν</strong></span> <span class='ocrx_word' id='word_1_791' title='bbox 3756 5538 3768 5551; x_wconf 46' lang='grc'><em>.</em></span> <span class='ocrx_word' id='word_1_792' title='bbox 3835 5483 3852 5532; x_wconf 74' lang='lat'><strong>~;</strong></span> 
     </span>
    </p>
   </div>
   <div class='ocr_carea' id='block_1_59' title="bbox 635 5535 2215 5685">
    <p class='ocr_par' dir='ltr' id='par_1_59' title="bbox 635 5535 1698 5685">
     <span class='ocr_line' id='line_1_61' title="bbox 635 5535 1434 5615; baseline -0.004 -18"><span class='ocrx_word' id='word_1_793' title='bbox 635 5535 748 5606; x_wconf 79' lang='grc'>(75)</span> <span class='ocrx_word' id='word_1_794' title='bbox 791 5545 920 5601; x_wconf 84' lang='lat' dir='ltr'><strong>Mss.</strong></span> <span class='ocrx_word' id='word_1_795' title='bbox 964 5547 1120 5615; x_wconf 83' lang='lat' dir='ltr'><strong>Angl.</strong></span> <span class='ocrx_word' id='word_1_796' title='bbox 1154 5546 1306 5601; x_wconf 85' lang='lat' dir='ltr'><strong>deest</strong></span> <span class='ocrx_word' id='word_1_797' title='bbox 1332 5543 1434 5597; x_wconf 83' lang='lat' dir='ltr'><strong>illi.</strong></span> 
     </span>
     <span class='ocr_line' id='line_1_62' title="bbox 636 5615 1698 5685; baseline 0.001 -21"><span class='ocrx_word' id='word_1_798' title='bbox 636 5616 748 5683; x_wconf 75' lang='grc'>(74)</span> <span class='ocrx_word' id='word_1_799' title='bbox 791 5615 919 5685; x_wconf 69' lang='lat' dir='ltr'><strong>Mss.</strong></span> <span class='ocrx_word' id='word_1_800' title='bbox 949 5617 1103 5681; x_wconf 77' lang='lat' dir='ltr'><strong>Angl.</strong></span> <span class='ocrx_word' id='word_1_801' title='bbox 1132 5617 1332 5685; x_wconf 74' lang='lat' dir='ltr'><strong>[ructus</strong></span> <span class='ocrx_word' id='word_1_802' title='bbox 1358 5615 1504 5667; x_wconf 83' lang='lat' dir='ltr'><strong>dare.</strong></span> <span class='ocrx_word' id='word_1_803' title='bbox 1678 5683 1698 5685; x_wconf 95' lang='lat'>_</span> 
     </span>
    </p>
   </div>
   <div class='ocr_carea' id='block_1_60' title="bbox 2275 5535 3855 5685">
    <p class='ocr_par' dir='ltr' id='par_1_60' title="bbox 2275 5535 3855 5685">
     <span class='ocr_line' id='line_1_63' title="bbox 2313 5535 3855 5611; baseline 0 -20"><span class='ocrx_word' id='word_1_804' title='bbox 2313 5535 2424 5608; x_wconf 86' lang='lat'><strong>(86)</strong></span> <span class='ocrx_word' id='word_1_805' title='bbox 2461 5535 2534 5590; x_wconf 90' lang='lat' dir='ltr'><strong>Ita</strong></span> <span class='ocrx_word' id='word_1_806' title='bbox 2571 5551 2702 5592; x_wconf 89' lang='lat' dir='ltr'><strong>mss.</strong></span> <span class='ocrx_word' id='word_1_807' title='bbox 2739 5539 2896 5610; x_wconf 86' lang='lat' dir='ltr'><strong>Angl.</strong></span> <span class='ocrx_word' id='word_1_808' title='bbox 2941 5551 2998 5596; x_wconf 87' lang='lat' dir='ltr'><strong>et</strong></span> <span class='ocrx_word' id='word_1_809' title='bbox 3045 5535 3226 5596; x_wconf 79' lang='lat' dir='ltr'><strong>Carm.</strong></span> <span class='ocrx_word' id='word_1_810' title='bbox 3265 5543 3339 5597; x_wconf 82' lang='lat' dir='ltr'><strong>lla</strong></span> <span class='ocrx_word' id='word_1_811' title='bbox 3385 5555 3606 5611; x_wconf 83' lang='lat' dir='ltr'><strong>quoque</strong></span> <span class='ocrx_word' id='word_1_812' title='bbox 3645 5538 3803 5596; x_wconf 66' lang='lat' dir='ltr'><strong>editio</strong></span> <span class='ocrx_word' id='word_1_813' title='bbox 3851 5541 3855 5556; x_wconf 83' lang='grc'>¹</span> 
     </span>
     <span class='ocr_line' id='line_1_64' title="bbox 2275 5604 3697 5685; baseline -0.005 -24"><span class='ocrx_word' id='word_1_814' title='bbox 2275 5608 2376 5685; x_wconf 74' lang='lat' dir='ltr'><strong>&#39;ell.</strong></span> <span class='ocrx_word' id='word_1_815' title='bbox 2418 5604 2593 5685; x_wconf 72' lang='lat' dir='ltr'><strong>0_x_on.</strong></span> <span class='ocrx_word' id='word_1_816' title='bbox 2738 5626 2932 5685; x_wconf 74' lang='lat' dir='ltr'><strong>omnes.</strong></span> <span class='ocrx_word' id='word_1_817' title='bbox 3030 5682 3038 5685; x_wconf 82' lang='lat'>_</span> <span class='ocrx_word' id='word_1_818' title='bbox 3307 5682 3340 5685; x_wconf 38' lang='grc' dir='ltr'>μ</span> <span class='ocrx_word' id='word_1_819' title='bbox 3691 5683 3697 5685; x_wconf 61' lang='lat'>_</span> 
     </span>
    </p>
   </div>
   <div class='ocr_carea' id='block_1_61' title="bbox 844 5627 2932 5670">
    <p class='ocr_par' dir='ltr' id='par_1_61' title="bbox 844 5627 2932 5670">
     <span class='ocr_line' id='line_1_65' title="bbox 844 5627 2932 5670; baseline -0.004 0"><span class='ocrx_word' id='word_1_820' title='bbox 844 5633 919 5670; x_wconf 55' lang='grc' dir='ltr'><strong>ὃς.</strong></span> <span class='ocrx_word' id='word_1_821' title='bbox 949 5627 1103 5670; x_wconf 64' lang='lat' dir='ltr'><strong>Angl.</strong></span> <span class='ocrx_word' id='word_1_822' title='bbox 1133 5627 1332 5670; x_wconf 73' lang='lat' dir='ltr'><strong>tractus</strong></span> <span class='ocrx_word' id='word_1_823' title='bbox 1358 5627 1504 5667; x_wconf 81' lang='lat' dir='ltr'><strong>dare.</strong></span> <span class='ocrx_word' id='word_1_824' title='bbox 2244 5627 2376 5670; x_wconf 68' lang='lat' dir='ltr'><strong>I‘Cll.</strong></span> <span class='ocrx_word' id='word_1_825' title='bbox 2418 5627 2593 5662; x_wconf 70' lang='lat' dir='ltr'><strong>UKUII.</strong></span> <span class='ocrx_word' id='word_1_826' title='bbox 2625 5627 2708 5661; x_wconf 72' lang='lat' dir='ltr'><strong>AI.</strong></span> <span class='ocrx_word' id='word_1_827' title='bbox 2738 5627 2932 5663; x_wconf 84' lang='lat' dir='ltr'><strong>onmes.</strong></span> 
     </span>
    </p>
   </div>
   <div class='ocr_carea' id='block_1_62' title="bbox 636 5635 2216 5753">
    <p class='ocr_par' dir='ltr' id='par_1_62' title="bbox 636 5635 2131 5752">
     <span class='ocr_line' id='line_1_66' title="bbox 636 5635 1504 5685; baseline 0.002 -21"><span class='ocrx_word' id='word_1_828' title='bbox 636 5635 748 5683; x_wconf 75' lang='lat' dir='ltr'><strong>(NH</strong></span> <span class='ocrx_word' id='word_1_829' title='bbox 791 5635 919 5670; x_wconf 44' lang='lat' dir='ltr'><strong>M54.</strong></span> <span class='ocrx_word' id='word_1_830' title='bbox 949 5635 1103 5681; x_wconf 63' lang='lat' dir='ltr'><strong>augt.</strong></span> <span class='ocrx_word' id='word_1_831' title='bbox 1132 5635 1332 5685; x_wconf 72' lang='grc' dir='ltr'><strong>μἠατιδ</strong></span> <span class='ocrx_word' id='word_1_832' title='bbox 1358 5635 1504 5667; x_wconf 80' lang='lat' dir='ltr'><strong>aal&#39;e.</strong></span> 
     </span>
     <span class='ocr_line' id='line_1_67' title="bbox 636 5683 2131 5752; baseline 0.002 -16"><span class='ocrx_word' id='word_1_833' title='bbox 636 5686 744 5752; x_wconf 73' lang='lat'><strong>(75,</strong></span> <span class='ocrx_word' id='word_1_834' title='bbox 788 5684 945 5742; x_wconf 86' lang='lat' dir='ltr'><strong>Bodl.</strong></span> <span class='ocrx_word' id='word_1_835' title='bbox 973 5687 1186 5742; x_wconf 79' lang='lat' dir='ltr'><strong>siccita;</strong></span> <span class='ocrx_word' id='word_1_836' title='bbox 1215 5703 1317 5740; x_wconf 83' lang='lat' dir='ltr'><strong>non</strong></span> <span class='ocrx_word' id='word_1_837' title='bbox 1360 5686 1646 5740; x_wconf 72' lang='lat' dir='ltr'><strong>adtenerit.</strong></span> <span class='ocrx_word' id='word_1_838' title='bbox 1678 5683 1868 5741; x_wconf 86' lang='lat' dir='ltr'><strong>Lamb.</strong></span> <span class='ocrx_word' id='word_1_839' title='bbox 1917 5687 2131 5741; x_wconf 76' lang='lat' dir='ltr'><strong>siccitas</strong></span> 
     </span>
    </p>
   </div>
   <div class='ocr_carea' id='block_1_63' title="bbox 2219 5635 3799 5753">
    <p class='ocr_par' dir='ltr' id='par_1_63' title="bbox 2244 5635 3799 5753">
     <span class='ocr_line' id='line_1_68' title="bbox 2244 5635 2932 5670; baseline 0 -8"><span class='ocrx_word' id='word_1_840' title='bbox 2244 5635 2376 5670; x_wconf 56' lang='grc' dir='ltr'><strong>ι’ςτιι.</strong></span> <span class='ocrx_word' id='word_1_841' title='bbox 2418 5635 2593 5662; x_wconf 60' lang='grc' dir='ltr'><strong>υΧΙΙΙΙ.</strong></span> <span class='ocrx_word' id='word_1_842' title='bbox 2625 5635 2708 5661; x_wconf 64' lang='lat' dir='ltr'><strong>III.</strong></span> <span class='ocrx_word' id='word_1_843' title='bbox 2738 5635 2932 5663; x_wconf 76' lang='grc' dir='ltr'><strong>υηυιεδ.</strong></span> 
     </span>
     <span class='ocr_line' id='line_1_69' title="bbox 2311 5677 3799 5753; baseline 0.001 -23"><span class='ocrx_word' id='word_1_844' title='bbox 2311 5680 2432 5749; x_wconf 53' lang='grc'>’(87)</span> <span class='ocrx_word' id='word_1_845' title='bbox 2462 5677 2593 5732; x_wconf 86' lang='lat' dir='ltr'><strong>Mss.</strong></span> <span class='ocrx_word' id='word_1_846' title='bbox 2619 5679 2873 5753; x_wconf 60' lang='lat' dir='ltr'><strong>(damnet</strong></span> <span class='ocrx_word' id='word_1_847' title='bbox 2892 5680 3080 5735; x_wconf 79' lang='lat' dir='ltr'><strong>Lamb.</strong></span> <span class='ocrx_word' id='word_1_848' title='bbox 3107 5692 3273 5751; x_wconf 75' lang='lat' dir='ltr'><strong>paret.</strong></span> <span class='ocrx_word' id='word_1_849' title='bbox 3305 5682 3368 5738; x_wconf 72' lang='lat' dir='ltr'><strong>Et</strong></span> <span class='ocrx_word' id='word_1_850' title='bbox 3387 5700 3533 5750; x_wconf 74' lang='lat' dir='ltr'><strong>lllU‘i,</strong></span> <span class='ocrx_word' id='word_1_851' title='bbox 3553 5683 3799 5753; x_wconf 73' lang='lat' dir='ltr'><strong>parebunt</strong></span> 
     </span>
    </p>
   </div>
   <div class='ocr_carea' id='block_1_64' title="bbox 576 5752 3129 5820">
    <p class='ocr_par' dir='ltr' id='par_1_64' title="bbox 576 5752 3129 5820">
     <span class='ocr_line' id='line_1_70' title="bbox 576 5752 3129 5820; baseline 0.001 -12"><span class='ocrx_word' id='word_1_852' title='bbox 576 5770 752 5810; x_wconf 63' lang='lat' dir='ltr'><strong>perm.</strong></span> <span class='ocrx_word' id='word_1_853' title='bbox 2250 5767 2425 5804; x_wconf 78' lang='lat' dir='ltr'><strong>onmes</strong></span> <span class='ocrx_word' id='word_1_854' title='bbox 2456 5766 2554 5819; x_wconf 88' lang='lat' dir='ltr'><strong>pro</strong></span> <span class='ocrx_word' id='word_1_855' title='bbox 2584 5752 2818 5820; x_wconf 63' lang='lat' dir='ltr'><strong>puum;</strong></span> <span class='ocrx_word' id='word_1_856' title='bbox 2843 5761 2893 5807; x_wconf 71' lang='lat' dir='ltr'><strong>et</strong></span> <span class='ocrx_word' id='word_1_857' title='bbox 2931 5768 3129 5810; x_wconf 77' lang='lat' dir='ltr'><strong>ontnes.</strong></span> 
     </span>
    </p>
   </div>
   <div class='ocr_carea' id='block_1_65' title="bbox 643 5823 1476 5899">
    <p class='ocr_par' dir='ltr' id='par_1_65' title="bbox 643 5823 1476 5899">
     <span class='ocr_line' id='line_1_71' title="bbox 643 5823 1476 5899; baseline 0.006 -22"><span class='ocrx_word' id='word_1_858' title='bbox 643 5824 752 5899; x_wconf 48' lang='lat'><strong>(76.“</strong></span> <span class='ocrx_word' id='word_1_859' title='bbox 789 5823 982 5884; x_wconf 84' lang='lat' dir='ltr'><strong>Lamb.</strong></span> <span class='ocrx_word' id='word_1_860' title='bbox 1017 5826 1254 5886; x_wconf 75' lang='lat' dir='ltr'><strong>abundat</strong></span> <span class='ocrx_word' id='word_1_861' title='bbox 1277 5828 1476 5896; x_wconf 74' lang='lat' dir='ltr'><strong>fructu.</strong></span> 
     </span>
    </p>
   </div>
  </div>
