4002 6308
235 365 340 420 957
585 367 591 374 ’
662 415 670 425 ,
1345 360 1635 417 PASTOR.
1678 393 1743 401 —
1779 361 1815 415 L

1949 360 2035 426 ill,
2075 361 2276 416 SIMIL.
2322 360 2385 414 ν.
2561 365 2569 375 ”
3048 349 3054 354 ’
3390 359 3491 414 938

231 476 538 548 gaudentes
574 476 628 532 in
659 476 754 533 illo
792 477 992 534 saeculo
1021 481 1392 537 restituentur.
1427 481 1562 538 Nam
1590 492 1801 540 caetera:
1832 483 1946 554 (88)
1978 491 2187 553 gentes,
2210 490 2528 552 peccatores
2551 478 2760 534 scilicet
2783 477 2918 549 (89),
2950 479 3093 534 sicut
3114 479 3338 533 arbores
3354 493 3494 549 quas
3551 552 3562 559 .

232 569 421 624 VidiSli
456 567 662 634 aridas,
689 570 824 626 tales
853 571 1195 634 invenientur
1225 580 1361 635 aridi
1399 590 1454 635 et
1477 581 1600 636 sine
1640 579 1816 635 fructu
1847 580 1900 633 in
1943 580 2036 633 illo
2056 578 2258 634 saeculo
2285 595 2299 642 ;
2333 585 2386 631 et
2408 577 2552 632 sicut
2581 575 2734 630 arida
2767 573 2937 644 ligna,
2966 573 3362 628 comburantur
3397 592 3411 629 :
3439 583 3495 628 et

172 657 178 664 ’
233 659 418 730 palam
447 661 535 717 ﬁet
559 661 695 733 (90),
721 664 977 733 quoniam
1009 672 1151 726 male
1177 670 1424 726 fecerunt
1446 673 1501 727 in
1526 673 1676 727 omni
1707 681 1950 742 tempore
1981 672 2106 725 vitae
2128 686 2272 736 sure;
2303 679 2358 724 ct
2389 668 2782 724 comburantur
2811 670 2956 736 ideo,
2981 671 3108 740 quia
3135 679 3494 741 peccaverunt

233 769 294 814 et
315 770 664 830 peccatorum
692 777 917 820 suorum
941 781 1050 821 non
1073 778 1302 838 egerunt
1335 769 1709 838 paenitentiam
1743 770 1811 823 ⁸⁸.
1850 767 1958 823 Sed
1989 777 2043 822 et
2067 776 2279 824 caetera:
2313 775 2500 838 gentes
2531 765 2947 831 comburentur,
2984 767 3112 835 quia
3141 782 3247 820 non
3298 781 3476 835 agno-

197 887 202 897 ι
233 861 436 907 verunt
467 851 637 909 Deum
660 865 958 912 creatorem
985 871 1167 911 suum.
1204 855 1288 911 Tu
1315 872 1446 928 ergo
1481 857 1566 913 fac
1599 859 1837 912 fructum
1876 859 2102 923 bonum,
2139 867 2200 912 ut
2227 859 2280 912 in
2306 865 2493 912 aestate
2516 855 2629 928 (91)
2667 868 3035 926 cognoscatur
3067 855 3283 912 fructus
3311 865 3440 912 tuus
3469 875 3486 923 ;

210 956 294 1004 .et
316 947 530 1002 abstine
556 957 606 1004 te
631 964 660 1003 a
686 949 876 1004 multis
909 948 1160 1019 negotiis,
1195 960 1249 1004 et
1282 949 1416 1004 nihil
1442 951 1746 1020 delinques.
1777 950 2266 1017 Quicunque'enim
2293 949 2460 1002 amita
2481 947 2695 1017 negotia
2729 955 2917 1017 agunt,
2937 948 3107 1002 multa
3134 948 3490 1018 delinquunt;

187 1023 370 1108 "quia
397 1041 678 1097 constricti
714 1050 844 1096 sunt
866 1044 1010 1099 circa
1045 1045 1270 1112 negotia
1295 1061 1417 1110 sua,
1459 1055 1513 1101 et
1548 1063 1659 1101 non
1696 1047 1944 1100 serviunt
1979 1048 2108 1101 Deo.
2146 1045 2281 1100 Nam
2308 1045 2586 1116 quomodo
2638 1052 2816 1115 potest
2850 1044 3015 1098 homo
3050 1044 3144 1114 qui
3181 1059 3290 1098 non
3327 1044 3497 1100 servit

239 1136 378 1202 Deo,
402 1138 606 1209 aliquid
638 1147 823 1210 petere
850 1149 905 1196 et
935 1141 1182 1212 accipere
1215 1158 1244 1196 a
1275 1141 1429 1198 Deo?
1459 1141 1564 1209 Qui
1594 1143 1740 1198 enim
1776 1143 2020 1198 serviunt
2048 1143 2158 1196 Deo
2189 1183 2203 1206 ,
2232 1149 2423 1212 petunt
2455 1149 2510 1196 et
2543 1142 2819 1210 accipiunt
2865 1158 2964 1196 sua
3004 1141 3297 1196 desideria.
3335 1141 3495 1208 Quod

239 1225 292 1279 si
335 1241 503 1281 unum
538 1232 812 1298 negotium
849 1241 1046 1291 tractat
1075 1239 1296 1308 aliquis,
1332 1242 1534 1310 poterit
1564 1241 1768 1296 servire
1801 1240 1948 1304 Deo;
1979 1241 2240 1304 quoniam
2279 1255 2388 1292 non
2424 1238 2693 1292 alienatur
2724 1237 2942 1292 animus
2978 1239 3098 1307 ejus
3143 1254 3173 1293 a
3212 1237 3446 1292 Domino
3471 1277 3485 1300 ,

242 1325 340 1382 sed
376 1339 509 1394 pura
544 1339 723 1382 mente
753 1330 918 1385 servit
951 1331 1082 1389 Deo.
1120 1334 1234 1391 Hoc
1265 1351 1396 1409 ergo
1429 1339 1474 1394 si
1504 1337 1718 1402 feceris,
1755 1338 1958 1408 poteris
1995 1338 2048 1391 in
2075 1345 2305 1391 venturo
2339 1334 2540 1390 s-.eculo
2567 1333 2766 1388 habere
2789 1332 3064 1400 fructum;
3090 1335 3185 1390 sed
3223 1345 3274 1390 et
3303 1351 3495 1391 omnes

240 1417 341 1488 qui
375 1417 604 1475 fecerint
625 1419 761 1488 hinc,
796 1421 1034 1479 fructum
1073 1423 1267 1480 ferent.

1570 1521 2048 1583 SIMILITUDO
2088 1522 2165 1604 v.

765 1633 855 1695 De
881 1653 1027 1696 vero
1047 1637 1324 1718 jejunio,
1359 1647 1417 1701 et
1449 1643 1579 1722 ejus
1603 1642 1916 1712 mercede;
1949 1653 2082 1705 tum
2119 1653 2176 1705 et
2209 1644 2282 1706 de
2316 1647 2611 1726 corporis
2641 1649 2980 1712 munditia.

1593 1769 1821 1825 CAPUT
1855 1770 2150 1828 PRIMUM.

323 1845 460 1902 Cum
488 1847 794 1919 jejunarem
821 1861 876 1907 et
899 1854 1144 1912 sederem
1176 1862 1231 1914 in
1267 1874 1452 1919 monte
1478 1865 1740 1935 quodam,
1773 1878 1826 1923 et
1855 1871 2058 1940 gratias
2079 1885 2296 1941 agerem
2333 1871 2444 1927 Deo
2475 1887 2575 1943 pro
2596 1873 2850 1928 omnibus
2881 1887 3003 1942 quae
3026 1869 3230 1924 fecerat
3250 1879 3500 1929 mecum,

242 1943 406 1999 video
438 1955 711 2015 pastorem
747 1948 898 2004 illum
933 1950 1210 2007 sedentem
1239 1953 1398 2024 juxta
1422 1973 1529 2023 me,
1557 1974 1621 2013 ae
1653 1959 1766 2028 (92)
1793 1961 2063 2016 dicentem
2105 1963 2239 2019 mihi
2280 1983 2293 2019 :
2330 1963 2470 2032 Quid
2504 1973 2612 2019 tam
2643 1980 2803 2020 mane
2833 1965 2941 2018 huc
2975 1960 3214 2017 venisti?
3251 1957 3501 2027 Respon-

332 2052 345 2088 ε
374 2034 666 2127 QUQIIiam,
708 2037 947 2108 domine,
984 2043 1276 2098 stationem
1311 2045 1506 2103 habeo.
1533 2048 1677 2116 Quid
1697 2059 1800 2115 est,
1835 2053 2031 2122 inquit,
2059 2056 2266 2111 statio?
2296 2055 2364 2110 Et
2393 2057 2507 2112 dixi
2543 2075 2557 2112 :
2593 2057 2892 2127 Jejunium.
2931 2053 2997 2109 Et
3029 2053 3165 2107 dixit
3193 2073 3206 2106 :
3235 2043 3378 2117 (Quid
3419 2058 3503 2104 est

249 2125 381 2223 illud
411 2126 721 2223 jejunium?
759 2129 912 2223 Sicut
945 2137 1208 2206 solebam,
1245 2143 1494 2214 inquam,
1531 2147 1613 2201 sic
1643 2147 1857 2218 jejuno.
1883 2148 2141 2218 Nescitis,
2190 2152 2409 2222 inquit,
2436 2153 2547 2208 Deo
2577 2125 2830 2223 jejunare
2857 2168 2872 2215 ;
2903 2163 3080 2218 neque
3119 2157 3202 2202 est
3225 2145 3499 2216 jejunium

251 2221 357 2274 hoc
403 2220 563 2312 (111011
597 2220 860 2290 ieiunatis
880 2263 895 2286 .
944 2224 1058 2283 Deo
1093 2233 1230 2287 nihil
1261 2236 1630 2306 proficientes.
1667 2241 1868 2306 Quare,
1905 2240 2152 2312 inquam,
2178 2220 2433 2309 domine,
2464 2245 2538 2299 ita
2568 2220 2750 2298 dicis?
2783 2241 2914 2294 Dico
2940 2248 3088 2293 certe
3111 2278 3126 2301 ,
3159 2236 3358 2306 inquit,
3394 2248 3503 2287 non

247 2327 377 2365 esse
405 2311 517 2381 (93)
546 2311 816 2382 jejunium
855 2315 978 2383 hoe,
1003 2325 1148 2391 quod
1176 2329 1379 2396 putatis
1413 2331 1819 2402 vosjejunare;
1869 2335 1965 2389 sed
1989 2311 2098 2405 ego
2145 2344 2198 2390 te
2229 2335 2441 2390 docebo
2469 2336 2617 2406 quod
2651 2334 2722 2389 sit
2751 2336 3022 2406 jejunium
3057 2336 3278 2406 plenum
3307 2346 3504 2400 accep—

252 2416 480 2478 tumque
503 2410 634 2463 Deo.
662 2411 824 2470 Audi.
855 2413 1070 2483 inquit:
1096 2413 1362 2472 Dominus
1393 2435 1502 2474 non
1545 2419 1820 2477 desiderat
1850 2425 1957 2479 tale
1985 2423 2254 2495 jejunium
2292 2441 2693 2496 supervacuum
2721 2443 2736 2490 ;
2774 2427 2853 2483 sic
2903 2428 3048 2481 enim
3087 2424 3389 2496 jejunando
3417 2422 3504 2476 ni-

252 2506 332 2560 hii
366 2516 587 2576 praestas
613 2509 881 2578 aequitati.
919 2509 1113 2584 Jejuna
1147 2525 1292 2571 certe
1324 2533 1513 2572 verum
1541 2519 1815 2590 jejunium
1843 2523 1948 2577 tale
1989 2523 2123 2596 (9.1).
2153 2522 2300 2578 Nihil
2331 2524 2384 2578 in
2412 2524 2520 2578 vita
2557 2534 2647 2578 tua
2680 2519 2931 2591 nequiter
2956 2517 3164 2582 facias;
3199 2517 3296 2572 sed
3323 2521 3506 2570 mente

248 2617 388 2672 pura
414 2603 553 2658 servi
586 2603 718 2670 Deo,
747 2606 1058 2663 custodiens
1091 2607 1347 2663 mandata
1373 2610 1514 2680 ejus,
1550 2611 1686 2667 etin
1728 2623 1992 2683 praecepta
2038 2614 2159 2684 ejus
2194 2614 2305 2684 (95)
2343 2615 2684 2686 ingrediaris,
2721 2625 2896 2680 neque
2943 2607 3231 2676 admiseris
3275 2604 3498 2660 deside-

249 2695 395 2749 rium
432 2711 634 2752 nocens
669 2697 723 2751 in
763 2699 950 2754 animo
978 2709 1090 2756 tuo.
1127 2699 1299 2756 Crede
1331 2712 1512 2758 autem
1555 2702 1810 2771 Domino,
1857 2707 1901 2761 si
1939 2707 2052 2762 lucc
2092 2706 2306 2772 feceris,
2335 2706 2696 2776 timoremque
2728 2707 2847 2777 ejus
2875 2707 3152 2770 habueris,
3178 2714 3345 2774 atque
3377 2703 3509 2757 abs-

249 2791 483 2848 tinueris
516 2792 586 2848 ab
627 2794 777 2848 omni
813 2795 1029 2866 negotio
1072 2795 1237 2861 malo,
1272 2794 1382 2852 Deo
1414 2807 1466 2852 te
1497 2779 1789 2852 victurum.
1825 2796 1953 2856 Haec
1985 2800 2033 2854 si
2078 2799 2293 2864 feceris,
2321 2798 2591 2870 jejunium
2639 2815 2897 2870 maguum
2936 2797 3350 2855 consummabis
3405 2806 3504 2849 ac-

247 2893 584 2955 ceptumque
608 2883 863 2942 Domino.

1725 2979 1952 3037 CAPUT
1985 2981 2050 3036 11.

322 3073 466 3129 Audi
495 3073 910 3130 similitudinem
935 3089 1100 3144 quam
1125 3074 1373 3131 dicturus
1402 3091 1522 3130 sum
1551 3075 1647 3129 tibi
1682 3076 1748 3130 ad
1770 3075 2042 3145 jejunium
2068 3077 2450 3146 pertinentem.
2478 3077 2711 3145 Quidam
2734 3093 2856 3133 cum
2879 3077 3105 3130 haberet
3136 3074 3364 3129 fundum
3394 3089 3511 3128 ser-

247 3181 464 3236 vosque
495 3165 722 3229 multos,
755 3165 808 3219 in
834 3165 1069 3234 quadam
1105 3175 1259 3234 parte
1286 3165 1439 3220 fundi
1476 3167 1560 3222 sui
1597 3167 1780 3236 posuit
1813 3167 2025 3221 vineam
2052 3168 2468 3222 successoribus
2499 3168 2610 3238 (96)
2637 3186 2652 3234 ;
2688 3170 2884 3225 deinde
2919 3185 3144 3240 peregre
3200 3168 3508 3238 profectus,

249 3264 427 3335 elegit
457 3278 678 3319 servum
715 3277 875 3332 quem
897 3261 1132 3315 habebat
1160 3261 1538 3318 fidelissimum
1559 3279 1623 3317 ac
1657 3263 1761 3318 sibi
1787 3264 2114 3332 probatum;
2150 3265 2311 3334 eique
2346 3265 2648 3336 assignavit
2682 3268 2922 3335 vincam,
2959 3267 3283 3338 praecipiens
3303 3275 3363 3319 ut
3388 3264 3515 3319 viti-

252 3355 634 3427 busjungerct
661 3354 848 3424 palos;
874 3353 1018 3422 quod
1054 3355 1099 3409 si
1121 3355 1748 3412 fecissetetmandatum
1769 3373 1928 3412 suum
1948 3369 2418 3427 consummasset,
2456 3362 2765 3417 libertatem
2796 3365 2969 3419 eidem
3005 3380 3064 3420 se
3089 3365 3344 3419 daturum
3384 3377 3514 3432 pro-

254 3453 434 3509 misit.
460 3451 569 3508 Nec
618 3461 877 3521 przeterea
929 3454 1229 3523 quidquam
1264 3455 1412 3510 aliud
1455 3455 1708 3524 prmcepit
1748 3455 1847 3518 illi,
1874 3455 2019 3524 quod
2052 3457 2104 3509 in
2137 3472 2199 3510 ea
2229 3456 2432 3512 faceret
2466 3459 2581 3526 (97)
2610 3500 2626 3524 ,
2658 3468 2824 3530 atque
2859 3461 2932 3513 ita
2978 3474 3202 3529 peregre
3236 3455 3515 3528 profectus

254 3558 365 3606 est.
389 3547 686 3618 Postquam
714 3555 896 3601 autem
921 3559 1112 3602 servus
1133 3543 1222 3598 ille
1246 3557 1435 3598 curam
1470 3543 1829 3612 apprehendit
1861 3543 1976 3614 (98)
1996 3585 2011 3609 ,
2051 3542 2181 3598 fecit
2213 3561 2557 3616 quaecunque
2589 3557 2924 3618 praeceperat
2961 3548 3241 3603 dominus.
3267 3547 3517 3616 Cumque

255 3644 566 3716 depaiasset
591 3645 804 3699 vineam
832 3643 1000 3710 illam,
1026 3651 1080 3698 et
1102 3638 1575 3695 animadvertisset
1606 3653 1726 3693 eam
1754 3639 1938 3695 herbis
1975 3641 2270 3709 repletam,
2300 3643 2466 3712 coepit
2488 3659 2673 3698 secum
2715 3643 2788 3697 ita
2829 3641 3070 3713 cogitare
3107 3642 3246 3708 (99),
3284 3640 3514 3695 dicens:

256 3734 450 3806 Peregi
485 3735 632 3806 quod
660 3735 794 3789 mihi
822 3742 1148 3804 prmceperat
1171 3731 1464 3796 dominus;
1490 3729 1692 3785 fodiam
1728 3746 1874 3785 nunc
1899 3731 2116 3785 vineam
2146 3732 2310 3794 hanc,
2332 3733 2509 3787 eterit
2529 3733 2822 3788 formosior
2846 3747 2969 3786 cum
2991 3729 3158 3786 fuerit
3176 3729 3322 3786 fossa
3343 3728 3516 3798 (100);

258 3837 318 3883 et
349 3826 611 3882 extractis
655 3824 865 3888 herbis,
923 3827 1188 3897 majorem
1240 3822 1395 3878 dabit
1428 3820 1667 3876 fructum
1692 3861 1707 3887 ,
1739 3831 1789 3876 et
1819 3837 1927 3875 non
1975 3822 2332 3877 suﬂ‘ocabitur
2379 3824 2447 3878 ab
2483 3823 2688 3878 herbis.
2724 3823 3027 3894 Aggressus
3052 3822 3246 3876 deinde
3273 3819 3428 3884 fodit,
3465 3827 3518 3872 et

263 3938 457 3978 omnes
480 3923 681 3978 herbas
714 3937 837 3992 quaa
872 3921 925 3975 in
960 3899 1024 3974 ea
1058 3924 1235 3980 erant,
1267 3913 1544 3978 extraxit;
1586 3921 1757 3982 atque
1800 3912 1875 3967 ita
1905 3916 2079 3968 evasit
2104 3915 2265 3969 vinea
2294 3916 2704 3985 speciosissima
2745 3931 2810 3970 ac
2832 3915 2982 3976 laeta,
3016 3928 3126 3968 non
3161 3911 3425 3967 suil‘ocata
3449 3909 3519 3965 ab

264 4015 470 4070 herbis.
501 4013 635 4069 Post
666 4013 1010 4083 aliquantum
1033 4025 1164 4065 vero
1186 4007 1447 4077 temporis
1480 4006 1628 4061 venit
1651 4007 1907 4068 dominus
1928 4007 2067 4076 ejus,
2103 4016 2158 4062 et
2192 4009 2472 4079 ingressus
2500 4017 2583 4065 est
2617 4009 2830 4062 vineam
2863 4023 2876 4060 :
2913 4020 3077 4071 quam
3128 3995 3252 4058 cum
3293 4001 3514 4070 depala-

259 4112 377 4158 tam
407 4103 634 4158 vidisset
660 4090 934 4166 decenter,
970 4117 1036 4157 ac
1068 4098 1488 4156 circumfossam
1525 4097 1625 4168 (1),
1652 4105 1706 4151 et
1723 4105 1996 4153 extractas
2033 4097 2232 4153 nerbas
2264 4099 2332 4153 ah
2377 4115 2464 4162 ea,
2489 4107 2543 4153 et
2576 4099 2728 4153 laetas
2767 4109 2889 4150 esse
2922 4095 3091 4158 vites;
3126 4108 3191 4147 ex
3228 4090 3372 4146 facto
3415 4091 3520 4143 hoc

265 4195 416 4252 servi
451 4196 537 4251 sui
563 4196 822 4267 gaudium
858 4195 1018 4264 cepit.
1076 4192 1335 4248 Adhibita
1370 4192 1553 4261 itaque
1592 4189 1705 4244 ﬁlio
1727 4205 1889 4260 quem
1913 4191 2142 4245 charum
2171 4200 2225 4246 et
2261 4191 2528 4246 hzeredem
2565 4190 2818 4256 habebat,
2845 4199 2896 4245 et
2922 4189 3113 4244 amicis
3135 4204 3275 4259 quos
3308 4190 3362 4240 in
3387 4202 3520 4240 con-

267 4289 397 4345 silio
434 4288 765 4351 advocabat,
793 4287 998 4344 indicat
1029 4307 1092 4346 ea
1127 4307 1248 4361 quae
1277 4304 1435 4345 servo
1475 4303 1576 4343 suo
1609 4285 1861 4360 facienda
1888 4287 2224 4352 mandasset,
2249 4304 2370 4359 qua:
2393 4299 2653 4358 praeterea
2678 4287 2768 4342 ille
2800 4288 3037 4343 fecisset.
3073 4287 3140 4340 At
3167 4285 3242 4338 illi
3271 4283 3522 4354 protinus

267 4383 528 4455 gratulati
561 4391 692 4438 sunt
719 4398 880 4438 servo
915 4384 1016 4450 illi,
1043 4385 1190 4456 quod
1225 4393 1335 4440 tam
1375 4383 1598 4454 plenum
1651 4382 2029 4438 testimonium
2066 4384 2276 4439 domini
2314 4383 2404 4439 sui
2441 4397 2728 4439 assecutus
2767 4381 2982 4436 fuisset.
3018 4380 3108 4433 Ait
3148 4377 3344 4432 deinde
3372 4375 3518 4429 illis:

267 4477 390 4550 Ego
417 4478 633 4550 quidem
676 4479 806 4533 huic
833 4495 992 4534 servo
1023 4480 1324 4533 libertatem
1349 4473 1601 4546 promisi,
1633 4473 1678 4529 si
1713 4473 2042 4530 custodisset
2070 4475 2389 4530 mandatum
2428 4491 2612 4530 meum
2645 4473 2790 4545 quod
2838 4472 3125 4534 dederam;
3153 4477 3205 4522 et
3230 4466 3522 4522 custodivit

268 4575 430 4642 illud,
455 4583 508 4630 et
533 4583 794 4646 praeterea
819 4589 957 4644 opus
981 4573 1185 4628 bonum
1209 4570 1409 4643 adjecit
1434 4569 1489 4624 in
1527 4569 1766 4636 vineam,
1802 4571 1950 4640 quod
1980 4571 2142 4643 [mihi
2171 4573 2634 4644 quamplurimum
2689 4572 2768 4644 (ἓ)
2815 4569 3040 4641 placuit.
3075 4565 3183 4621 Pro
3227 4565 3333 4646 hoc
3359 4563 3524 4634 igitur

343 4689 601 4746 "Matth.
646 4705 732 4758 ut,
766 4687 859 4757 10;
888 4703 985 4752 vn,
1022 4686 1106 4741 t9.
1729 4708 1734 4712 -

1355 4771 1590 4831 VARUE
1628 4769 2012 4827 LECTIONES
2049 4769 2138 4827 ET
2175 4768 2421 4826 NOTAE)

350 4903 464 4973 (88)
490 4902 624 4959 Mss.
653 4901 809 4972 Angl.
836 4910 890 4956 et
910 4900 1098 4973 Carm.
1135 4904 1348 4950 exterae.
1949 4891 2204 4973 exhibere
2227 4891 2280 4944 in
2308 4891 2582 4961 praeceptis
2617 4907 2752 4960 ejus.
2779 4893 2862 4946 Al.
2899 4892 2952 4944 in
3002 4894 3280 4960 praeceptis
3307 4891 3422 4960 ejus
3450 4892 3527 4944 in-

372 4962 463 5043 89)
499 4973 689 5028 Lamb.
722 4962 1119 5043 deestscilicet.
1162 5035 1202 5043 __
1394 5034 1426 5043 __
1529 5032 1564 5043 η
1767 5032 1815 5043 η
1949 4962 2208 5043 gradiens:

372 4982 463 5043 89)
499 4982 689 5028 Lamb.
722 4982 874 5027 deest
899 4982 1119 5024 scutcet.
1281 5034 1292 5046 .
1415 5034 1426 5045 .
1949 4982 2208 5046 greazeus.
2759 5035 2767 5044 .
2896 5034 2905 5044 .
3096 5035 3106 5046 .

347 4982 465 5172 £93)
489 5044 564 5100 ιω
598 5059 733 5099 mss.
758 5042 919 5112 Angl.
957 5040 1036 5094 lta
1081 5046 1135 5094 et
1162 5035 1294 5090 Felh
1344 5034 1474 5089 edit.
1525 5032 1703 5087 Oxon.
1752 5032 1838 5086 Al.
1952 5104 2008 5175 fu
2017 5030 2301 5156 ((3%.5153.
2332 5031 2490 5102 Angl.
2523 5033 2817 5103 adfuturts.
2853 5033 2944 5089 Sic
2969 5045 3023 5090 et
3046 5033 3186 5090 Vict.
3212 5034 3282 5088 At
3328 5031 3523 5085 Lamb.

262 5119 330 5172 [ξε
347 5106 427 5172 διε,
448 5106 459 5114 ’
849 5106 876 5112 ⁷
1952 5106 2170 5172 futuris.

376 5170 468 5256 91)
501 5185 691 5241 Lamb.
725 5185 1061 5256 incestare.
1952 5170 1983 5256 ’Δ
2024 5171 2304 5256 (θῇῇῐεξ.
2336 5173 2495 5241 Angl.
2532 5177 2705 5241 facere
2737 5180 2959 5256 deberet.
2990 5177 3081 5256 βία
3109 5185 3164 5256 et
3187 5175 3315 5256 edit.
3345 5170 3523 5256 Oxon.

376 5189 468 5256 9|)
501 5189 691 5241 Lamb.
725 5189 781 5238 in
809 5201 868 5238 eo
900 5193 1061 5236 stare.
2024 5189 2138 5243 (vi;
2176 5189 2304 5256 mss.
2336 5189 2495 5241 angi.
2532 5189 2705 5241 [acere
2737 5189 2959 5233 deberet.
2990 5189 3081 5231 διο
3109 5189 3164 5231 et
3187 5189 3315 5230 emt.
3345 5189 3523 5253 uxon.

352 5189 468 5328 {92)
507 5257 664 5328 Bodl.
699 5255 850 5328 addit
874 5255 1007 5328 haec.
1337 5317 1390 5328 Μ
1499 5325 1507 5328 Α
1557 5316 1593 5328 η
1954 5243 2112 5312 Apud
2146 5245 2575 5328 Clericumvero
2607 5249 3040 5328 ms._L_amb.‘_sic
3057 5263 3114 5301 se
3145 5247 3307 5328 habet
3333 5242 3525 5328 :_quzd-

353 5314 470 5398 (95)
501 5327 694 5381 Lamb.
740 5315 879 5378 enim
901 5324 1043 5398 quia
1067 5337 1170 5374 non
1194 5329 1292 5398 est.
1336 5317 1429 5372 Sic
1461 5325 1514 5370 et
1552 5316 1683 5398 Felli
1711 5316 1844 5398 edit.
1954 5317 2378 5398 qlttllﬁ‘p‘rfb’c‘tzpif
2399 5315 2581 5398 μιῇ-πίε
2613 5319 2739 5388 quid
2768 5321 2830 5398 in
2852 5337 2914 5373 ea
2946 5319 3118 5384 ['acere
3158 5314 3384 5368 deberet.

277 5384 464 5455 Ox‘on:
508 5413 631 5466 qua:
672 5405 850 5466 tamen
901 5384 1062 5466 habet
1109 5391 1363 5466 quoniam
1407 5402 1505 5466 pro
1530 5389 1675 5466 quia.
1711 5385 1852 5466 Hinc
2263 5386 2434 5466 Codd.
2461 5384 2673 5466 addunt
2702 5391 2961 5458 caspia“,

280 5456 547 5525 nonnulla
569 5456 1433 5534 excerpsitpseudo-Athanasius
1476 5456 1550 5512 in’
1573 5457 1754 5534 Doctr.
1779 5457 1848 5534 a_d
2027 5456 2140 5525 (99)
2169 5458 2298 5512 Mss.
2338 5457 2499 5527 Angl.
2555 5456 2846 5529 disputare,
2873 5469 2934 5514 ut
2973 5457 3136 5512 modo
3164 5471 3285 5526 sup.
3321 5469 3442 5526 cap.
3481 5470 3526 5523 ι,

279 5540 529 5594 Antioch.
561 5553 710 5592 num.
733 5527 1098 5605 16,pag.260,
1115 5546 1348 5602 quorum
1374 5544 1500 5599 pars
1525 5527 1849 5598 proferenda
1957 5535 2222 5605 notatum.

279 5625 412 5665 mox
442 5610 584 5664 infra
624 5624 743 5677 cap.
769 5597 852 5660 3.-
906 5597 934 5605 ⁷
1259 5676 1264 5677 ί
1374 5597 1389 5599 “
1467 5672 1477 5677 _
1527 5597 1532 5598 ί
1679 5669 1724 5677 __
1761 5669 1773 5677 _
2028 5598 2176 5677 (1119)
2223 5597 2352 5677 Mss.
2384 5598 2544 5677 angi.
2584 5598 2866 5667 formosior
2891 5601 3056 5670 fossa.

355 5680 470 5751 (94)
503 5668 707 5734 Lamb:
741 5677 872 5732 Leve
912 5679 1051 5751 enin}
1077 5676 1360 5751 jejunium
1397 5672 1504 5727 tale
1552 5679 1651 5726 est.
1679 5669 1850 5725 liabet
2132 5668 2329 5751 Lamb.
2379 5668 2599 5751 fossam.

280 5739 669 5822 quoqueieninl
706 5764 807 5822 pro
831 5758 967 5803 certe
999 5739 1286 5822 Felli'edit.
1317 5743 1494 5822 0_x_o.n.
1631 5821 1634 5822 ν
1693 5811 1729 5822 n
1789 5812 1820 5822 __
2022 5741 2101 5811 (‘2)
2131 5739 2258 5798 Mss.
2287 5741 2446 5810 Angl.
2477 5741 2815 5795 validissime.

357 5811 473 5895 (95)
508 5821 599 5878 Sic
630 5811 806 5876 Feilus
834 5835 899 5874 ex
931 5835 1066 5876 mss.
1118 5819 1275 5888 Angl.
1327 5815 1415 5871 ubi
1463 5821 1643 5870 monet
1693 5811 1846 5868 Bodl.
