4002 6308
275 205 375 261 961
1383 210 1676 267 PASTOR.
1714 240 1782 252 —
1822 210 1949 266 LIB.
1993 210 2083 277 111,
2122 213 2325 270 SIMIL.
2367 214 2433 271 V.
3425 230 3531 287 902

276 318 784 416 adhibuerat.
821 318 1065 416 Intellexi
1096 327 1266 394 enim,
1303 343 1427 385 esse
1457 330 1590 385 illud
1626 329 2065 387 similitudinem.
2093 333 2181 389 Ait
2203 334 2340 390 mihi
2369 354 2383 390 :
2409 334 2579 393 Valde
2612 339 2791 395 audax
2843 354 2905 397 es
2940 339 3007 395 ad
3053 340 3527 416 interrogandum.

270 407 424 463 Nihil
458 412 604 465 enim
640 411 804 467 debes
863 413 1199 489 interrogare
1234 436 1247 473 :
1286 433 1411 473 nam
1466 420 1512 473 si
1566 420 1867 489 oportuerit
1893 422 2301 489 demonstran,
2326 425 2794 485 demonstrabitur
2824 433 2942 489 tibi.
2973 436 3106 492 Dico
3139 438 3228 495 ei:
3264 407 3527 507 Domine,

270 510 961 601 quzeeunqueostendcris
986 511 1144 574 mihi,
1184 524 1285 565 nec
1313 511 1703 576 declaraveris,
1731 511 1934 568 frustra
1969 514 2159 569 videro
2196 514 2312 587 (l9)
2343 516 2456 581 illa,
2485 519 2531 573 si
2566 535 2675 574 non
2713 523 3031 581 intellexero
3073 530 3334 598 quidnam
3381 535 3527 601 sint,

268 608 331 696 et
359 600 752 696 similitudines
786 602 830 656 si
871 618 1011 696 quas
1040 604 1506 696 proposueris,_ct
1535 619 1644 696 non
1669 606 2014 675 exposueris,
2047 606 2254 663 frustra
2284 611 2513 667 audiero
2539 612 2651 685 (20)
2678 631 2789 673 eas.
2817 616 3118 691 Respondit
3138 628 3269 681 mihi
3308 645 3526 696 rursus,

269 691 466 746 dicens
500 708 514 745 :
550 689 878 762 Quicunque
913 691 1006 748 Dei
1055 708 1247 748 servus
1275 703 1380 758 est,
1418 694 1822 765 Dominumque
1864 695 1975 766 (21)
2010 697 2172 753 habet
2196 698 2248 752 in
2275 702 2592 769 praecordiis
2617 707 2752 772 suis,
2800 689 2945 779 pem—
2967 715 3037 768 ab
3070 731 3136 771 eo
3168 717 3502 778 intellectum

266 791 330 887 et
366 780 612 883 obtinet;
644 789 698 834 et
722 795 941 887 omnem
964 783 1379 887 similitudinem
1391 786 1629 887 explicat
1655 787 1799 887 (722);
1828 787 2162 887 ctuintelligit
2206 765 2369 844 verba
2397 790 2636 887 Domini,
2668 765 3527 887 quaeliInquisitione-eg‘eniva'i):

268 870 603 941 Quicunque
642 887 774 927 vero
804 872 1005 928 inertes
1030 886 1159 930 sunt
1195 888 1247 931 et
1270 877 1405 948 pigri
1434 877 1501 931 ad
1525 878 1815 943 orandum,
1845 878 1924 932 illi
1949 878 2205 934 dubitant
2236 890 2418 950 petere
2457 898 2487 937 a
2532 883 2801 957 Domino;
2840 870 2967 948 cum
3010 897 3082 952 sit
3112 870 3527 961 Dominus‘tatln

268 968 563 1038 profunda:
589 970 872 1037 bonitatis,
898 980 959 1026 ut
988 969 1297 1041 petentibus
1326 986 1356 1023 a
1381 984 1439 1024 se
1480 978 1677 1024 cuncta
1709 969 1828 1039 (24)
1860 970 1979 1025 sine
1999 970 2410 1027 intermissione
2428 975 2649 1032 tribuat.
2677 978 2757 1034 Tu
2780 980 2941 1053 ergo,
2966 988 3058 1057 qui
3086 992 3441 1052 confirmatus
3465 1013 3529 1055 es

266 1060 344 1113 ab
373 1060 467 1113 illo
494 1060 789 1114 venerabili
823 1062 1019 1115 nuntio
1059 1058 1199 1127 (25),
1223 1069 1276 1113 et
1304 1058 1561 1128 accepisti
1589 1058 1894 1113 orationem
1928 1066 2040 1112 tam
2088 1068 2397 1128 potentem,
2429 1076 2557 1118 cum
2595 1066 2747 1136 piger
2772 1086 2883 1127 non
2924 1078 3004 1131 sis
3029 1118 3045 1143 ,
3079 1095 3179 1135 cur
3216 1083 3332 1152 jam
3360 1102 3392 1141 a
3422 1088 3528 1141 Do-

269 1151 427 1253 mino
465 1150 799 1205 intellectum
838 1168 946 1254 non
975 1155 1136 1223 petis,
1159 1166 1220 1254 7et
1253 1157 1490 1254 accipis?
1518 1157 1650 1213 Dico
1672 1158 1721 1212 ei
1750 1177 1763 1213 :
1805 1158 1943 1213 Cum
1970 1168 2021 1213 te
2049 1169 2372 1229 praesentem
2413 1162 2641 1219 habeam
2660 1207 2676 1230 ,
2704 1183 2929 1229 necesse
2962 1187 3046 1232 est
3076 1190 3135 1235 ut
3161 1198 3191 1236 a
3219 1150 3279 1239 te
3314 1195 3527 1254 petam,

266 1252 326 1295 et
365 1241 734 1312 interrogem;
772 1251 827 1297 tu
854 1244 1000 1299 enim
1022 1248 1205 1301 omnia
1233 1248 1365 1302 mihi
1389 1249 1654 1315 ostendis,
1678 1258 1733 1304 et
1768 1249 2035 1319 loqueris,
2061 1267 2187 1307 cum
2219 1252 2367 1308 ades.
2394 1253 2529 1311 Nam
2566 1258 2681 1329 (26)
2705 1261 2751 1316 si
2783 1263 2903 1320 sine
2933 1275 2983 1322 te
3014 1282 3077 1323 ea
3126 1241 3368 1330 viderein
3399 1320 3414 1345 ,

267 1334 555 1398 audirem,
592 1342 721 1389 tunc
754 1334 1046 1393 Dominum
1077 1354 1348 1411 rogarem,
1374 1350 1434 1395 ut
1460 1342 1768 1397 ostenderet
1794 1340 1911 1412 (27.)
1937 1342 2097 1396 mihi.

1737 1452 1967 1509 CAPUT
1997 1454 2066 1510 V.

342 1546 411 1600 Et
436 1546 722 1617 respondit
757 1568 768 1603 :
794 1545 1047 1602 Dixeram
1076 1547 1173 1602 tibi
1212 1546 1374 1617 paulo
1430 1557 1575 1614 ante,
1598 1545 1857 1602 callidum
1889 1556 1941 1603 te
1970 1563 2092 1603 esse
2117 1557 2172 1603 et
2198 1552 2482 1619 audacem,
2515 1553 2609 1624 qui
2639 1554 2941 1613 solutiones
2971 1558 3393 1621 similitudinum
3439 1569 3523 1623 in-

270 1654 536 1715 terrogas.
583 1642 689 1699 Sed
712 1645 839 1714 quia
867 1643 982 1715 (28)
1016 1646 1090 1701 ita
1122 1660 1185 1701 es
1216 1645 1486 1716 pertinax,
1520 1645 1729 1701 solvam
1751 1644 1847 1699 tibi
1878 1645 2019 1700 hanc
2048 1662 2212 1716 quam
2239 1648 2519 1704 desideras
2556 1650 2972 1709 similitudinem
2992 1698 3006 1721 ,
3033 1668 3092 1714 ut
3122 1664 3379 1720 omnibus
3418 1682 3521 1720 no-

269 1748 384 1795 tam
418 1738 590 1795 facias
618 1754 759 1793 eam.
800 1738 941 1793 Audi
977 1753 1144 1805 nunc,
1170 1736 1367 1808 inquit,
1398 1735 1684 1806 ctpercipe
1716 1736 1924 1790 animo.
1949 1733 2148 1791 Orbem
2176 1746 2444 1794 terrarum
2481 1739 2683 1796 fundus
2713 1742 2805 1798 ille
2841 1748 3131 1817 signiﬁcat,
3166 1753 3259 1822 qui
3292 1756 3344 1810 in
3373 1758 3522 1813 simi-

267 1836 557 1891 litudinem
580 1843 663 1890 est
688 1835 918 1905 positus.
948 1833 1214 1889 Dominus
1249 1845 1430 1887 autem
1459 1831 1611 1887 fundi
1644 1832 2054 1887 demonstratur
2082 1846 2202 1887 esse
2230 1833 2297 1900 is,
2335 1835 2428 1905 qui
2477 1835 2686 1890 creavit
2735 1847 2932 1892 cuncta
2983 1848 3036 1894 et
3084 1852 3519 1919 consummavit,

262 1939 321 1984 et
355 1930 610 1983 virtutem
640 1928 747 1983 illis
774 1927 939 2009 dedit.
972 1924 1146 1979 Filius
1173 1929 1377 1987 autem,
1412 1918 1648 1989 Spiritus
1673 1929 1898 2011 sanctus
1921 1929 2032 1986 est;
2064 1936 2256 2011 servus
2284 1939 2413 1979 vero
2441 1924 2531 1979 ille
2551 1966 2567 1991 ,
2613 1924 2785 1981 Filius
2814 1925 2909 1983 Dei
2955 1940 3069 1997 est;
3108 1934 3265 1991 vinea
3312 1918 3520 2011 autem,

262 2020 505 2091 populus
534 2028 615 2075 est
641 2033 802 2088 quem
829 2006 1011 2073 servat
1040 2014 1191 2085 ipse;
1226 2011 1336 2081 pali
1360 2026 1512 2075 vero,
1538 2008 1719 2102 nuntii
1758 2018 1907 2102 sunt,
1932 2011 2025 2102 qui
2067 2025 2099 2102 7a
2144 2010 2376 2068 Domino
2413 2016 2687 2085 prmpositi
2733 2027 2860 2071 sunt
2888 2018 2956 2073 ad
2999 2024 3387 2083 continendum
3424 2006 3521 2102 ροζ

260 2113 460 2182 pulum
484 2110 640 2180 ejus;
674 2109 856 2164 herbae
879 2115 1059 2162 autem
1093 2119 1216 2175 qua:
1248 2102 1452 2157 evulsa:
1480 2110 1611 2155 sunt
1636 2100 1704 2155 de
1727 2100 1910 2167 vinea,
1935 2100 2174 2156 admissa
2202 2102 2316 2173 (29)
2347 2113 2474 2157 sunt
2504 2119 2788 2160 servorum
2820 2106 2914 2162 Dei
2944 2126 2958 2163 :
2991 2110 3100 2165 cibi
3128 2128 3257 2169 vero
3282 2100 3521 2188 quos—tle

260 2222 430 2263 caena
454 2206 603 2260 misit
633 2205 747 2271 illi,
778 2201 1035 2258 mandata
1065 2207 1195 2255 sunt
1215 2211 1337 2268 qua:
1362 2209 1459 2265 per
1488 2194 1689 2249 Filium
1711 2195 1862 2250 dedit
1890 2196 2092 2265 populo
2119 2211 2256 2262 suo;
2283 2198 2445 2253 amici
2466 2210 2646 2254 autem
2677 2201 2753 2255 illi
2782 2218 2924 2271 quos
2952 2204 3006 2258 in
3034 2209 3263 2265 consilio
3284 2214 3520 2271 advoca-

263 2300 373 2364 vit,
397 2298 569 2370 angeli
594 2296 710 2368 (50)
744 2304 873 2351 sunt
902 2292 1074 2349 sancti
1096 2305 1237 2361 quos
1263 2288 1443 2378 primo
1474 2286 1589 2378 (51)
1621 2286 1848 2378 creavit.
1883 2287 2145 2378 Absentia
2173 2303 2303 2343 vero
2321 2289 2483 2378 illius
2510 2291 2940 2363 patrisfamilias,
2972 2307 3185 2370 tempus
3233 2316 3319 2363 est
3369 2311 3517 2378 quod

266 2393 328 2446 in
355 2391 662 2454 adventum
695 2388 817 2457 ejus
844 2393 1032 2441 restat.
1068 2380 1201 2435 Dico
1222 2377 1272 2432 ei
1302 2395 1317 2433 :
1346 2375 1594 2441 Domine,
1628 2376 1915 2445 magnifice
1941 2383 1996 2430 et
2018 2374 2156 2431 mire
2184 2376 2368 2431 omnia
2393 2376 2507 2432 haec
2536 2394 2595 2433 se
2624 2379 2843 2447 habent,
2874 2394 3038 2454 atque
3065 2388 3320 2459 honeste,
3347 2374 3515 2452 num-

263 2483 405 2553 quid
441 2497 591 2553 ergo,
626 2478 868 2540 domine,
903 2476 1151 2544 inquam,
1176 2469 1293 2523 haec
1308 2476 1561 2547 poteram
1596 2464 1934 2533 intelligere?
1961 2462 2038 2517 Ne
2059 2464 2279 2534 quidem
2312 2466 2584 2536 quispiam
2617 2478 2873 2537 praeterea
2905 2477 3092 2548 homo,
3122 2488 3336 2542 tametsi
3362 2490 3518 2547 valde

259 2574 510 2643 prudens
533 2573 629 2639 sit,
670 2567 872 2642 poterit
919 2561 1035 2637 (52)
1085 2554 1670 2654 ἰηιυιιίεθξρηεει.“5(ει1
1700 2554 2027 2654 nu7nc77niih7i
2066 2554 2431 2654 demonstra,7
2442 2557 2688 2654 domine,
2733 2568 2879 2632 quod
2908 2586 3116 2640 quau-0.
3140 2576 3334 2643 Quane
3364 2585 3513 2654 quod

259 2666 356 2720 vis
396 2664 536 2736 ('53),
570 2663 771 2734 inquit.
797 2658 1000 2727 Quare,
1025 2654 1273 2723 inquam,
1322 2649 1495 2703 Filius
1526 2646 1621 2701 Dei
1653 2647 1707 2703 in
1741 2647 2100 2703 similitudine
2142 2648 2272 2715 hac,
2293 2650 2476 2705 servili
2503 2652 2626 2710 loco
2656 2656 2924 2725 ponitur?

1715 2765 1947 2823 CAPUT
1990 2767 2076 2823 Vl.

342 2872 505 2937 Audi,
535 2870 713 2943 inquit
748 2888 761 2925 :
795 2868 851 2923 in
882 2864 1063 2923 servili
1094 2861 1408 2957 conditione
1433 2874 1546 2957 non
1581 2858 1995 2957 ponitur-Pilius
2020 2860 2139 2957 Dei,
2166 2862 2345 2957 sedin
2374 2880 2569 2957 magna
2615 2878 2879 2937 potestate
2918 2885 2973 2931 et
3014 2878 3245 2951 imperio
3283 2886 3419 2957 (54).
3446 2889 3509 2944 Ei

258 2966 381 3021 dixi
415 2964 740 3031 τριιοηιοαο
769 2962 908 3034 (55),
933 2960 1180 3029 inquam,
1209 2953 1467 3009 domine?
1503 2950 1621 3008 Non
1653 2951 1915 3023 intelligo.
1949 2952 2243 3022 Quoniam,
2265 2955 2467 3026 inquit,
2492 2958 2573 3011 eis
2594 2973 2734 3028 quos
2761 2961 2873 3033 (56)
2903 2966 3041 3023 Filio
3089 2950 3192 3028 suo
3247 2950 3509 3045 tradidit,

260 3061 441 3118 Filius
463 3062 581 3133 ejus
604 3061 827 3116 nuntios
857 3054 1174 3129 praeposuit,
1198 3053 1264 3107 ad
1285 3049 1689 3108 conservandos
1715 3048 1838 3119 (57)
1864 3049 2144 3120 singulos;
2179 3051 2296 3121 ipse
2333 3061 2515 3107 autem
2556 3054 2849 3123 plurimum
2876 3058 3161 3128 laboravit,
3186 3064 3511 3134 plurimum-

258 3176 375 3232 que
402 3174 693 3231 perpessus
728 3167 831 3222 est,
882 3165 942 3210 ut
976 3151 1218 3207 aboleret
1264 3149 1461 3204 delicta
1491 3162 1704 3202 eorum.
1744 3144 1903 3201 Nulla
1929 3149 2077 3202 enim
2109 3148 2265 3203 vinea
2295 3157 2473 3220 potest
2508 3148 2619 3204 fodi
2645 3150 2765 3206 sine
2827 3150 3017 3207 labore
3074 3169 3140 3209 ac
3161 3155 3370 3213 dolore.
3399 3157 3507 3214 De-

261 3251 394 3306 letis
421 3253 588 3323 igitur
608 3248 853 3321 peccatis
874 3247 1060 3318 populi
1092 3246 1197 3310 sui,
1233 3245 1347 3315 ipse
1374 3242 1579 3299 eisdem
1609 3244 1934 3298 monstravit
1960 3244 2155 3300 itinera
2192 3246 2335 3313 vitze,
2377 3246 2501 3300 data
2532 3247 2613 3303 eis
2654 3248 2769 3317 lege
2811 3266 2976 3320 quam
3002 3266 3032 3304 a
3077 3249 3239 3308 Patre
3281 3270 3509 3325 accepe-

255 3360 372 3404 rat.
406 3349 569 3405 Vidcs
595 3350 781 3421 igitur,
819 3362 940 3403 esse
977 3345 1266 3401 Dominum
1294 3343 1500 3414 populi,
1524 3352 1796 3410 acccptaa
1836 3339 1997 3396 Patre
2034 3358 2134 3396 suo
2161 3343 2310 3397 omni
2342 3351 2628 3412 potestate.
2675 3342 2856 3410 Quare
2902 3356 3082 3401 autem
3141 3346 3405 3402 Dominus
3448 3349 3502 3404 in

258 3445 498 3500 consilio
518 3444 829 3499 adhibuerit
855 3442 1053 3497 Filium
1074 3442 1141 3495 de
1160 3438 1490 3504 hmrcditatc,
1509 3448 1561 3493 et
1582 3438 1755 3491 bonos
1773 3436 1885 3507 (58)
1906 3438 2315 3508 angelos?Quia
2348 3438 2571 3494 nuntius
2589 3440 2741 3495 audit
2759 3438 2909 3494 illum
2938 3437 3052 3507 (59)
3088 3435 3348 3506 Spiritum
3374 3453 3505 3493 san-

257 3546 438 3599 ctum,
461 3537 552 3606 qui
571 3534 788 3591 infusus
807 3537 919 3608 (40)
950 3537 1288 3592 estomnium
1319 3535 1529 3606 primus
1550 3535 1604 3589 in
1623 3533 1942 3603 corpore,in
1974 3550 2084 3605 quo
2109 3535 2382 3591 habitaret
2399 3535 2559 3591 Deus.
2582 3536 3037 3593 Collocavitenim
3051 3551 3174 3590 eum
3198 3537 3506 3592 intellectus

261 3630 323 3682 in
353 3643 599 3698 corpore,
642 3638 701 3684 ut
730 3629 779 3683 ei
814 3629 1099 3684 videbatur
1140 3629 1276 3701 (41).
1310 3626 1569 3699 llocergo
1610 3632 1841 3697 corpus,
1880 3628 1933 3682 in
1968 3627 2113 3698 quod
2144 3627 2398 3683 inductus
2427 3628 2539 3700 (42)
2577 3640 2661 3685 est
2701 3629 2937 3700 Spiritus
2983 3637 3234 3693 sanctus,
3278 3628 3505 3683 servivit

259 3728 345 3780 illi
373 3726 619 3797 Spiritui,
654 3736 797 3782 recte
830 3727 883 3782 in
915 3726 1183 3784 modestia
1226 3725 1516 3781 ambulans
1543 3736 1597 3781 et
1623 3738 1791 3792 caste,
1826 3742 2003 3797 neque
2032 3725 2258 3781 omnino
2301 3726 2598 3781 maculavit
2629 3725 2894 3797 Spiritum
2943 3725 3117 3779 illum.
3151 3724 3287 3778 Cum
3337 3723 3502 3792 igitur

256 3836 465 3891 corpus
488 3819 620 3875 illud
658 3821 929 3891 paruisset
955 3820 1106 3875 omni
1138 3828 1383 3889 tempore
1410 3815 1634 3888 Spiritui
1665 3829 1875 3878 sancto.
1901 3828 2153 3887 recteque
2174 3826 2228 3871 ct
2254 3826 2402 3872 caste
2431 3816 2730 3871 laborasset
2771 3831 2895 3871 cum
2924 3831 3010 3878 eo,
3047 3830 3145 3869 nec
3182 3815 3505 3869 succubuis-

258 3916 350 3962 sct
383 3908 435 3961 in
460 3909 609 3962 omni
638 3919 912 3979 tempore;
940 3908 1226 3981 fatigatum
1269 3926 1471 3981 corpus
1506 3910 1637 3966 illud
1670 3913 1938 3967 serviliter
1974 3919 2358 3967 conversatum
2389 3910 2501 3981 (45)
2526 3920 2609 3964 est
2636 3951 2649 3974 ,
2688 3911 2781 3967 sed
2838 3910 3054 3966 fortiter
3104 3925 3229 3964 cum
3294 3907 3499 3981 Spiritu

257 4013 457 4059 sancto
484 4005 898 4074 comprobatum
934 4006 1044 4063 Deo
1083 4015 1360 4095 receptum
1396 4005 1511 4077 (44)
1529 4015 1633 4061 est.
1660 4005 1872 4063 Placuit
1901 4007 2068 4076 igitur
2089 4005 2198 4061 Deo
2221 4005 2533 4074 hujusmodi
2580 4006 2693 4077 (45)
2727 4015 2919 4077 potens
2959 4020 3193 4071 cursus;
3232 4005 3361 4075 quia
3384 4020 3503 4059 ma—

1346 4098 1579 4155 VARl/E
1618 4099 1999 4156 LECTIONES
2032 4099 2121 4154 ET
2152 4098 2383 4155 NOTAE.

336 4190 451 4261 (19)
498 4190 693 4261 Lamb.
721 4189 1185 4252 demonstraveris,
1220 4188 1424 4259 frustra
1455 4191 1657 4245 videbo.
1757 4256 1769 4261 _
1936 4191 2063 4247 leret
2088 4200 2321 4261 peccata.

335 4256 451 4382 (1270')
490 4260 679 4314 Lamb.
712 4262 1012 4329 exposueris
1039 4270 1089 4314 et
1137 4256 1241 4314 non
1278 4260 1593 4327 absolveris,
1623 4256 1836 4332 frust'ra'
1934 4330 1975 4385 Α
2006 4261 2121 4383 (ἐξ)
2142 4260 2269 4398 1:253.
2290 4257 3222 4334 Angl.honestosque.Fell.etbonos
3246 4261 3496 4315 nuntios.‘

373 4348 500 4385 tam.
1984 4348 2016 4384 u
2058 4347 2119 4384 ιε
2208 4349 2320 4387 uta.

254 4347 500 4385 aaatam.
1934 4347 2075 4385 Αααι
2102 4347 2119 4384 .'
2158 4347 2320 4387 υιηα.

337 4401 450 4472 (21)
482 4402 671 4457 Lamb.
699 4401 980 4456 Dominum
1010 4416 1181 4472 quem.
2008 4401 2123 4472 (39)
2148 4402 2340 4458 Lamb.
2372 4402 2523 4458 deest
2547 4402 2718 4456 illum.

333 4471 448 4543 (22)
482 4472 669 4543 Lamb.
696 4473 933 4526 exsolvit.
1025 4471 1029 4472 ί
1227 4541 1237 4543 _
2006 4471 2120 4543 (4,0)
2150 4472 2477 4543 1llas.7Attgl.
2504 4484 2556 4527 et
2584 4473 2765 4527 Carm.
2800 4479 3031 4525 creatus.

328 4542 446 4613 (25)
476 4542 604 4613 Mss.
652 4543 810 4613 Angl.
840 4544 1180 4613 quwstionem
1210 4541 1407 4611 ferunt.
2005 4540 2119 4611 (41)
2157 4540 2347 4613 Lamb.
2389 4540 2443 4595 in
2473 4559 2685 4613 corpore
2708 4544 2847 4613 quod
2878 4543 2926 4595 ei
2952 4543 3242 4597 videbatur.
3272 4540 3387 4596 Hoc
3410 4559 3497 4597 er-

331 4612 451 4680 (24)
476 4612 666 4667 Lamb.
712 4612 765 4667 et
800 4612 936 4668 Vict.
970 4616 1202 4669 cunctis.
1933 4628 1996 4681 go
2017 4628 2204 4681 corpus
2236 4612 2291 4666 in
2333 4629 2434 4682 quo
2470 4612 2730 4665 habitaret
2772 4612 2935 4675 Deus,
2976 4612 3251 4667 collocavit
3286 4614 3495 4667 intelle-

334 4683 450 4753 (25)
478 4684 568 4755 Sic
610 4699 740 4738 mss.
776 4685 933 4755 Augl.
978 4694 1033 4739 et
1062 4684 1248 4739 Carm.
1276 4683 1367 4740 Sic
1395 4691 1448 4739 et
1492 4683 1623 4740 edit.
1648 4682 1826 4743 Oxon.
1934 4683 2518 4755 7ctus__scilicet7corpore
2546 4684 2684 4751 quod
2713 4684 2762 4736 ei
2789 4683 3082 4755 videbatur.
3111 4684 3181 4738 At
3209 4700 3312 4739 ms.
3340 4682 3491 4755 Vict.

258 4756 347 4811 Al.
376 4757 440 4805 ab
468 4753 610 4807 illius
638 4756 840 4808 nuntio.
870 4752 884 4755 θ
1914 4753 2195 4822 intellecto
2222 4753 2423 4807 scilicet
2446 4769 2657 4821 corpore
2689 4755 2827 4822 quod
2855 4755 2903 4807 ei
2928 4754 3219 4808 videbatur.
3250 4752 3495 4809 ——ﬂunc

332 4825 448 4894 (26)
480 4823 668 4894 Lamb.
695 4826 920 4893 loqueris
964 4826 1112 4879 mihi.
1140 4826 1300 4879 Ades.
1340 4823 1502 4891 Nam,
1528 4835 1633 4881 etc.
1929 4821 2108 4894 locum
2134 4822 2286 4877 valde
2309 4833 2647 4894 corruptum,
2669 4821 2733 4877 ex
2758 4840 2891 4879 mss.
2915 4833 2967 4878 et
2993 4823 3291 4879 editionum
3321 4826 3492 4878 colla-

334 4892 449 4962 (27)
478 4893 627 4948 Bodl.
657 4892 1061 4952 demonstraret.
1091 4895 1281 4950 Lamb.
1306 4895 1777 4951 demonstraretur.
1930 4892 2076 4947 tione
2100 4893 2179 4947 sic
2201 4893 2427 4961 corrigit
2475 4892 2830 4949 doctissimus
2860 4894 3100 4950 Grabius
3126 4912 3140 4948 :
3181 4896 3358 4959 Quare
3392 4912 3491 4946 au-

331 4965 449 5031 (28)
477 4963 660 5035 Lamb.
697 4970 946 5035 7uamvis.
1929 4971 2037 5035 tem
2062 4962 2321 5017 Dominus
2370 4964 2423 5017 in
2454 4964 2673 5017 consilio
2719 4966 3018 5018 adhibuerit
3056 4963 3105 5035 lt:
3104 4966 3253 5018 ilium
3292 4966 3355 5017 de
3379 4965 3492 5017 IMP-

334 5036 451 5104 (29)
480 5034 667 5090 Lamb.
704 5034 1012 5091 commissa.
1926 5034 2169 5096 reditate,
2202 5034 2541 5104 honestosque
2584 5036 2818 5100 nuntios,
2868 5035 2994 5088 audi
3019 5049 3040 5087 :
3069 5034 3327 5104 Spiritum
3363 5050 3489 5086 san-

335 5106 450 5175 (50)
484 5105 612 5161 Mss.
641 5108 799 5175 Angl.
835 5109 1027 5162 nuntii.
1072 5105 1164 5163 Sic
1192 5115 1246 5163 et
1275 5106 1407 5163 edit.
1441 5106 1617 5163 Oxon.
1925 5105 2179 5175 ctumqui
2211 5114 2417 5175 creatus
2446 5112 2521 5158 est
2551 5107 2782 5158 omnium
2813 5107 3034 5175 primus,
3076 5107 3141 5175 in
3189 5119 3403 5170 corpore
3430 5107 3484 5158 in

331 5173 449 5243 (51)
477 5175 663 5230 Lamb.
687 5173 905 5245 primos.
1924 5188 2027 5242 quo
2067 5173 2327 5245 habitaret
2366 5173 2840 5245 Deus7,_collocavit
2859 5192 2878 5240 ;
2912 5177 2967 5228 in
2998 5174 3193 5228 delecto
3231 5189 3482 5241 corpore,

330 5247 449 5315 (52)
478 5245 670 5317 Lamb,
688 5243 787 5317 ηυξ
810 5250 999 5317 possit,
1922 5245 2139 5317 quodet:
2154 5244 2455 5317 videbatur.
2468 5316 2473 5317 7
2488 5243 2646 5300 WAR.

330 5314 446 5389 (7577i)
474 5315 603 5389 Mss.
648 5314 818 5389 Angl.
838 5318 958 5383 Dic,
984 5319 1031 5371 si
1052 5318 1178 5388 quid
1206 5319 1305 5373 vis.
1698 5388 1701 5389 7
1995 5314 2251 5389 (472)Mss.
2272 5315 2429 5388 Angl.
2458 5316 2512 5368 in
2537 5333 2639 5386 quo
2663 5316 2940 5370 deductus.
2969 5314 3059 5371 Sic
3090 5326 3142 5371 et
3168 5316 3307 5370 Vict.
3344 5316 3478 5374 abs-

327 5387 442 5460 (54)
473 5386 616 5460 _Mss.7
636 5386 793 5460 Aug].
820 5386 1072 5460 magnam
1098 5397 1408 5457 potestatem
1433 5398 1482 5444 et
1514 5388 1815 5458 imperium.
1922 5387 2125 5460 que_i_n.

328 5454 443 5530 (55)
472 5457 659 5530 Lamb.
711 5454 778 5513 Et
812 5454 965 5514 dixi:
1012 5454 1545 5530 Quemadmodum._
1588 5454 1599 5458 ⁷
1746 5529 1752 5530 7
2132 5454 2738 5530 Lamb._conservat_unt.

330 5524 444 5598 ('36)
474 5528 663 5583 Lamb.
705 5545 824 5584 cum
872 5524 1043 5601 quem.
1104 5531 1167 5585 ιςι
1218 5546 1344 5585 mox
1372 5547 1384 5583 :
1415 5540 1462 5583 et
1498 5527 1673 5583 Filius
1704 5529 1817 5598 ejus
2004 5524 2116 5595 (44)
2161 5526 2291 5581 Mss.
2315 5525 2494 5580 Germ.
2524 5537 2578 5582 ct
2612 5527 2747 5583 Vict.
2786 5536 3163 5600 receptumque.
3195 5527 3263 5584 At
3291 5528 3477 5585 Carm.

253 5601 477 5659 nuntiis.
1920 5607 2298 5650 conservatum.

324 5671 439 5744 (57)
479 5670 667 5726 Lamb.
700 5673 1107 5743 conﬁrmandos.
1138 5670 1199 5726 Et
1225 5671 1384 5741 paulo
1415 5682 1535 5742 post
1565 5689 1576 5725 :
1608 5681 1662 5726 ut
1686 5669 1815 5725 abo-
1995 5666 2108 5737 (45)
2141 5666 2242 5723 Ms.
2281 5665 2413 5722 Vict.
2445 5668 2596 5736 hujus
2643 5684 2774 5727 esse.
