4002 6308
118 232 235 285 θῦΐὶ

1225 209 1519 266 PASTOR.
1558 241 1625 250 —
1662 209 1793 265 LIB.
1837 207 1927 273 111,
1968 206 2168 263 SlMlL.
2213 208 2301 265 Vl.

3293 208 3400 265 968

1572 301 1803 373 CAPUT
1862 320 1927 373 η.

189 413 304 469 Καὶ
333 410 481 483 λέγει
518 432 626 485 μοι*
666 414 893 479 Βλέπεις
924 413 1016 468 τὸν
1051 413 1285 484 ποιμένα
1323 411 1542 477 τοῦτον;
1576 412 1706 465 Βλέ-

1882 411 1972 465 Ait
1995 412 2126 466 mihi
2142 412 2370 482 angelus
2394 429 2409 466 :
2432 410 2595 467 Vides
2609 420 2789 467 autem
2810 413 2921 484 (65)
2938 414 3083 470 hunc
3097 414 3399 486 pastorem?

110 526 230 572 πω,
256 507 419 578 φημὶ,
456 506 631 578 κύριε.
663 501 849 573 Οὗτος,
890 508 1074 579 φησιν,
1111 505 1339 575 ἅγγελος
1370 507 1582 577 τρυφῆς
1615 507 1709 560 καὶ

109 600 341 669 ἀπάτης
372 596 538 650 ἐστίν.
574 595 744 662 Οὗτος
778 597 1018 669 ὲκτρίϐει
1062 595 1160 660 τὰς
1205 596 1383 666 ψυχὰς
1432 597 1540 648 τῶν
1587 597 1708 649 δού-

108 687 229 740 λων
265 685 360 739 τοῦ
398 685 557 750 Θεοῦ,
612 687 703 739 καὶ
748 686 1113 757 καταστρέφει
1153 686 1262 739 ἀπὸ
1293 686 1395 757 τῆς
1431 685 1706 756 ἀληθείας,

107 776 350 829 ἀπατῶν
374 776 545 839 αὑτὰς
578 780 699 840 ταῖς
730 776 1047 849 ἐπιθυμίαις
1080 780 1199 841 ταῖς
1225 780 1508 848 πονηραῖς,
1536 778 1592 830 ὲν
1626 775 1713 840 αἶς

112 869 454 923 ἀπόλλυνται
484 869 964 942 ἐπιλανθανόμενοι
986 870 1095 923 τῶν
1124 870 1352 923 ὲντολῶν
1382 869 1477 923 τοῦ
1512 869 1712 935 ζῶντος

106 962 217 1015 τοῦ
250 962 408 1027 Θεοῦ,
444 963 538 1016 καὶ
556 962 908 1034 πορευόμενοι
943 964 1041 1034 (ὲν)
1066 966 1186 1027 ταῖς
1217 963 1713 1035 ματαίαιςτρυφαῖς

108 1058 215 1110 καὶ
249 1057 486 1120 ἀπάταις
514 1056 608 1110 τοῦ
646 1057 761 1128 βίου
795 1056 1006 1110 τούτου.
1030 1057 1120 1110 Διὸ
1148 1058 1239 1111 καὶ
1263 1057 1590 1111 ἀπόλλυνται
1609 1057 1714 1110 ὑπὸ

109 1148 216 1202 τοῦ
243 1148 479 1217 ἀγγέλου
500 1149 689 1202 τούτου
708 1150 788 1212 είς
806 1148 1033 1203 θάνατον
1050 1150 1144 1203 καὶ
1168 1149 1535 1221 καταφθοράν.
1554 1150 1714 1217 Λέγω

112 1241 297 1313 αὐτῷ·
335 1241 408 1294 Οὐ
440 1241 715 1310 γινώσκω,
747 1241 924 1315 κύριε,
956 1243 1010 1295 τί
1039 1245 1186 1296 ἐστιν
1214 1246 1300 1309 εἰς
1337 1242 1594 1295 θάνατον
1622 1242 1716 1295 καὶ

115 1333 523 1403 καταφθοράν.
560 1336 668 1388 Καὶ
713 1333 860 1402 λέγει
896 1352 1005 1406 μοι·
1045 1337 1241 1388 Ἀκουε
1268 1375 1283 1400 ,
1321 1336 1505 1405 φησίν·
1543 1336 1610 1386 Ἀ
1637 1330 1715 1387 εἷ-

115 1430 210 1491 Ξες
245 1429 492 1499 πρόϐατα
529 1428 687 1500 ἱλαρὰ
712 1431 806 1483 καὶ
832 1430 1155 1503 σκιρτῶντα,
1172 1425 1316 1485 οὗτοί
1350 1432 1485 1485 εἰσιν
1513 1433 1560 1483 οἱ
1586 1430 1719 1483 ἅπε-

119 1520 433 1589 σπασμένοι
473 1521 581 1573 ἀπὸ
612 1520 707 1573 τοῦ
737 1521 870 1575 Θεοῦ
894 1523 974 1586 εἰς
998 1522 1173 1587 τέλος,
1202 1523 1297 1576 καὶ
1330 1522 1714 1594 παραδεδωκό-

116 1630 217 1676 τες
249 1614 474 1677 ἑαυτοὺς
504 1616 623 1677 ταῖς
652 1614 968 1687 ἐπιθυμίαις
1000 1616 1095 1669 τοῦ
1138 1616 1331 1682 αἰῶνος
1369 1618 1579 1671 τούτου.
1629 1618 1716 1671 Ἐν

118 1704 339 1768 τούτοις
374 1707 631 1775 μετάνοια
672 1707 819 1778 ζωῆς
857 1709 957 1761 οὐκ
989 1708 1154 1762 ἔστιν·
1203 1710 1283 1763 ὅτι
1317 1710 1412 1763 καὶ
1451 1710 1513 1764 τὸ
1544 1711 1716 1783 ὄνομα

1818 501 2010 567 Video,
2056 504 2302 573 inquam,
2336 505 2579 561 domine.
2623 504 2690 559 Et
2727 506 2867 560 dixit
2908 508 3040 561 mihi
3076 525 3089 562 :
3125 506 3224 562 llic
3255 523 3400 563 nun-

1814 597 1925 652 tius
1952 596 2260 651 dulcedinis
2290 612 2354 652 ac
2387 599 2683 668 voluptatis
2711 607 2796 654 est
2825 600 2959 667 (66).
2989 599 3088 655 llic
3110 617 3239 673 ergo
3269 615 3396 657 00r-

1814 685 2015 753 rumpit
2046 694 2255 738 mentes
2289 702 2575 740 servorum
2609 686 2723 753 Dei,
2752 698 2805 743 et
2836 691 3030 745 avertit
3068 706 3164 746 eos
3195 708 3225 747 a
3252 693 3399 748 veri-

1816 783 1944 841 tate,
1983 775 2267 830 oblectans
2300 777 2735 845 cupiditatibus;
2791 788 2845 833 ct
2890 791 3136 848 pereunt.
3188 782 3396 838 Oblivi-

1816 876 2050 923 scuutur
2077 867 2225 921 enim
2265 869 2521 922 mandata
2562 868 2657 923 Dei
2684 870 2813 933 vivi,
2851 870 2983 924 etin
3010 872 3399 930 Ιιιχυιείἰεοοῐιο

1816 968 2109 1015 versantur
2135 968 2188 1013 et
2216 958 2429 1015 deliciis
2460 961 2635 1026 vanis,
2660 970 2713 1015 et
2738 973 3171 1033 corrumpuntur
3197 965 3266 1020 ab
3293 966 3398 1021 hoc

1818 1051 2011 1104 nuntio
2031 1051 2175 1104 malo
2200 1050 2311 1121 (67)
2330 1052 2497 1122 aliqui
2518 1068 2691 1123 usque
2709 1054 2776 1107 ad
2799 1063 3055 1121 mortem,
3074 1055 3243 1125 aliqui
3270 1072 3401 1111 vero

1819 1157 1993 1210 usque
2015 1141 2082 1195 ad
2103 1141 2463 1213 defectionem
2482 1144 2616 1215 (68).
2640 1143 2771 1199 Dico
2791 1146 2839 1200 ei
2867 1165 2879 1199 :
2904 1145 3153 1214 Domine,
3176 1164 3284 1202 non
3317 1149 3405 1203 in-

1817 1234 2019 1303 telligo,
2046 1234 2179 1304 quid
2206 1237 2277 1291 sit
2306 1237 2374 1289 ad
2403 1246 2643 1301 mortem,
2680 1246 2735 1292 et
2768 1239 2900 1308 quid
2931 1243 3000 1291 ad
3030 1240 3398 1310 defectionem.

1816 1328 1980 1393 Audi,
2014 1329 2192 1399 inquit
2220 1347 2233 1383 :
2264 1328 2617 1399 Qumcunque
2651 1345 2847 1401 pecora
2876 1331 3059 1385 vidisti
3095 1332 3251 1389 valde
3278 1332 3402 1387 lmta

1818 1432 1873 1476 et
1894 1421 2247 1485 exsultantia,
2281 1423 2315 1475 ii
2345 1431 2473 1476 sunt
2501 1424 2594 1492 qui
2628 1423 2682 1477 in
2710 1432 3035 1493 perpetuum
3073 1422 3184 1493 (69)
3216 1439 3245 1477 a
3290 1423 3402 1477 Deo

1819 1514 2212 1579 discesserunt,
2252 1522 2307 1568 et
2329 1514 2671 1568 tradiderunt
2696 1531 2754 1569 se
2779 1515 3066 1569 desideriis
3100 1516 3265 1584 hujus
3292 1531 3398 1570 sa:—

1820 1607 1951 1662 culi.
1982 1606 2051 1661 lis
2077 1622 2209 1677 ergo
2238 1621 2348 1659 non
2371 1617 2454 1662 est
2476 1622 2571 1677 per
2605 1608 2986 1677 paenitentiam
3018 1623 3302 1679 regressus
3331 1609 3400 1663 ad

1822 1700 1987 1753 vitam
2018 1718 2032 1765 ;
2058 1700 2317 1769 quoniam
2347 1698 2565 1770 quidem
2600 1699 2919 1769 adjecerunt
2952 1701 3017 1755 ad
3065 1701 3272 1771 reliqua
3304 1701 3399 1755 de-

116 1795 220 1848 τοῦ
253 1795 390 1849 Θεοῦ
425 1797 491 1850 δι’
527 1798 722 1865 αὐτοὺς
760 1798 1179 1874 βλασφημεῖται.
1234 1804 1355 1857 Τῶν
1386 1803 1641 1859 τοιούτων
1681 1807 1713 1876 ἡ

1824 1792 1942 1847 licta
1964 1808 2084 1857 sua,
2099 1799 2361 1846 etnomen
2382 1791 2494 1863 (70)
2514 1791 2729 1848 Domini
2748 1792 2998 1847 nefandis
3022 1793 3266 1848 iusectati
3285 1794 3398 1866 (71)

122 1890 242 1963 ζωὴ
277 1892 505 1958 θάνατός
532 1895 697 1948 ἐστιν.
740 1897 806 1948 "A
846 1895 902 1949 δὲ
933 1893 1072 1961 εἶδες
1108 1898 1181 1968 μὴ
1208 1897 1544 1967 σκιρτῶντα,
1581 1898 1715 1951 ἀλλὰ

122 1986 222 2037 καὶ
253 1986 312 2038 ὲν
343 1987 497 2058 τόπῳ
531 1986 865 2058 βοσκόμενα,
900 1984 1043 2043 οῦτοί
1075 1991 1212 2043 εἰσιν
1256 1993 1302 2043 οἱ
1337 1992 1717 2063 παραδεδωκό-

121 2095 220 2141 τες
243 2079 340 2148 μὲν
365 2081 432 2150 τῇ
466 2082 645 2151 τρυφῇ
668 2080 762 2133 κα)⁸
790 2080 975 2154 ἀπάτῃ
1008 2083 1253 2147 ἑαυτοὺς,
1272 2084 1351 2146 εἰς
1384 2082 1441 2136 δὲ
1476 2084 1569 2136 τὸν
1600 2084 1717 2138 Κύ-

127 2188 246 2242 ριον
267 2170 342 2241 μὴ
375 2170 866 2243 βλασφημήσαντες
882 2189 896 2202 ·
915 2168 1057 2226 οὗτοι
1073 2170 1165 2227 οῦν
1192 2174 1625 2248 κατεφθαρμένοι
1641 2178 1720 2230 εί-

126 2269 217 2320 σὶν
250 2268 361 2321 ἀπὸ
391 2268 491 2337 τῆς
537 2267 813 2338 ἀληθείας
858 2268 917 2322 ὲν
947 2270 1157 2332 τούτοις
1200 2269 1356 2333 ἐλπίς
1388 2272 1505 2323 ἐστι
1553 2287 1719 2342 μετα-

127 2357 308 2421 νοίας,
343 2359 400 2409 ὲν
507 2356 762 2410 δύνανται
805 2357 991 2428 ζῆσαι.
1045 2359 1107 2410 Ἥ
1144 2358 1465 2431 καταφθορά
1506 2354 1600 2413 οὖν
1632 2360 1719 2412 ἐλ-

126 2446 269 2500 πίδα.
296 2446 408 2516 ἔχει
440 2447 788 2510 ἀναστάσεως
820 2446 925 2511 ἕως
964 2449 1126 2511 τινός*
1162 2451 1189 2502 ὁ
1218 2448 1276 2502 δὲ
1302 2448 1530 2513 θάνατος
1564 2449 1718 2505 ἀπώ-

126 2539 284 2593 λειαν
329 2539 440 2609 ἔχει
481 2539 717 2593 αἰώνιον.
770 2539 938 2595 Πάλιν
987 2542 1300 2613 προέϐημεν
1350 2543 1576 2614 μικρὸν,
1626 2544 1721 2597 καὶ

128 2631 374 2684 δείκνυσί
422 2650 511 2702 μοι
555 2633 740 2704 ἕτερον
788 2633 1020 2704 ποιμένα
1070 2634 1261 2705 μέγαν,
1314 2635 1389 2697 ὡς
1430 2634 1619 2707 ἄγριον
1650 2637 1718 2707 τῇ

134 2724 274 2796 ἰδέᾳ,
318 2726 694 2796 περικείμενον
736 2725 911 2797 δέρμα
942 2726 1117 2795 αἴγιον
1153 2727 1364 2791 λευκὸν,
1400 2730 1493 2781 καὶ
1540 2717 1720 2801 πήραν

128 2815 260 2870 τινὰ
291 2812 435 2887 εἶχεν
470 2818 561 2870 ἐπὶ
592 2819 682 2871 τὸν
717 2812 886 2889 ὦμον,
921 2820 1014 2871 καὶ
1051 2819 1243 2890 ῥάϐδον
1291 2820 1533 2892 σκληρὰν
1577 2822 1717 2887 λίαν,

133 2914 233 2965 καὶ
258 2912 413 2977 ὄζους
442 2913 684 2983 ἔχουσαν,
710 2914 882 2967 καὶτὸ
914 2914 1130 2985 βλέμμα
1160 2910 1303 2986 εἶχεν
1337 2916 1552 2986 πικρὸν,
1579 2915 1721 2970 ὥστε

140 3004 445 3075 ροϐηθῆναί
480 3024 547 3077 με
580 3006 760 3059 αὐτόν.
812 3001 978 3069 Οὗτος
1009 3002 1102 3060 οῦν
1133 3007 1161 3058 ὁ
1196 3010 1400 3079 ποιμὴν
1432 3008 1722 3080 παρελάμ-

134 3098 267 3150 ϐανε
301 3096 370 3150 τὰ
405 3098 651 3169 πρόϐατα
679 3100 786 3152 ἀπὸ
824 3098 919 3152 τοῦ
958 3099 1213 3169 ποιμένος
1244 3099 1336 3153 τοῦ
1377 3100 1592 3172 πρώτου
1624 3102 1720 3157 τοῦ

136 3187 444 3251 νεανίσκου,
481 3190 661 3242 ἐκεῖνα
687 3189 757 3242 τὰ
788 3188 1167 3253 σπαταλῶντα,
1189 3190 1283 3243 καὶ
1312 3190 1622 3261 τρυφῶντα,
1644 3193 1720 3266 μὴ

137 3280 450 3353 σκιρτῶντα
478 3282 555 3345 δὲ,
594 3283 688 3334 καὶ
720 3282 941 3335 ἔϐαλλεν
969 3282 1109 3335 αὐτὰ
1130 3282 1210 3345 εἷς
1233 3300 1357 3336 τινα
1388 3286 1550 3338 τόπον
1584 3303 1720 3358 κρη-

140 3373 349 3444 μνώδη,
386 3375 479 3426 καὶ
512 3372 815 3443 ἀκανθώδη,
850 3373 942 3425 καὶ
974 3374 1290 3445 τριϐολώδη·
1320 3373 1459 3429 ὥστε
1481 3377 1588 3430 ἀπὸ
1611 3376 1722 3431 τῶν

138 3467 397 3523 ἀκανθῶν
413 3468 503 3520 καὶ
534 3467 795 3537 τριϐόλων
824 3466 1167 3538 μὴδύνασθαι
1200 3469 1558 3537 ἐκπλέξαιήτά
1587 3471 1721 3543 πρός

139 3562 303 3623 ϐατα,
336 3559 451 3613 ἀλλ’
481 3560 848 3630 ὲμπλέκεσθαι
872 3564 993 3624 ταῖς
1025 3562 1288 3625 ἀκάνθαις
1308 3562 1402 3615 καὶ
1431 3563 1720 3635 τριϐόλοις,

140 3654 239 3706 καὶ
268 3654 387 3706 λίαν
420 3651 822 3723 ἐταλαιπώρουν
854 3654 1116 3725 δερόμενα
1150 3655 1240 3707 ὑπ’
1276 3654 1460 3707 αὐτοῦ·
1497 3658 1589 3710 καὶ
1622 3653 1723 3711 ὦδε

139 3749 309 3800 κάκεῖ
341 3746 687 3819 περιέλαυνεν
722 3747 878 3801 αὐτά·
914 3749 1009 3803 καὶ
1046 3748 1182 3813 ὅλως
1204 3749 1510 3804 ἀνάπαυσιν
1541 3752 1725 3817 αὐτοῖς

138 3841 244 3892 οὐκ
278 3840 469 3904 ἐδίδου,
508 3840 626 3892 οὐδὲ
661 3840 896 3892 ἵσταντο.

1820 1884 2176 1939 sunt‘verbis.
2219 1882 2543 1954 Hujusmodi
2575 1884 2823 1940 homines
2868 1885 3032 1939 morti
3068 1895 3195 1940 sunt
3225 1887 3397 1941 desti-

1819 1976 1954 2031 nati.
1987 1974 2118 2041 Quze
2149 1990 2277 2030 vero
2323 1975 2508 2030 vidisti
2553 1990 2749 2046 pecora
2787 1992 2893 2031 non
2926 1978 3275 2045 exsultantia,
3302 1976 3403 2035 sed

1820 2084 1931 2123 uno
1960 2068 2080 2123 loco
2106 2068 2410 2135 vescentis;
2446 2068 2483 2121 ii
2508 2078 2655 2134 sunt,
2691 2068 2785 2139 qui
2816 2068 3154 2124 tradiderunt
3189 2085 3247 2124 se
3273 2072 3402 2140 qui-

1821 2162 1943 2214 dem
1976 2158 2187 2214 deliciis
2218 2174 2282 2213 ac
2328 2158 2734 2229 voluptatibus,
2770 2159 2906 2213 nihil
2944 2175 3073 2214 vero
3104 2159 3401 2216 nefandum

1822 2250 1876 2305 in
1894 2250 2183 2307 Dominum
2202 2252 2369 2308 locuti
2392 2262 2541 2307 sunt.
2566 2252 2629 2306 lli
2646 2252 2810 2324 igitur
2826 2268 2935 2307 non
2956 2254 3069 2323 (72)
3085 2254 3402 2310 defecerunt

1822 2345 2131 2410 averitate,
2173 2344 2406 2415 ideoque
2436 2347 2734 2415 repositam
2774 2345 2956 2400 adhuc
3004 2346 3207 2402 habent
3249 2363 3400 2419 spem

1821 2438 1945 2492 vita:
1961 2439 2015 2491 in
2033 2437 2371 2505 pmnitentia.
2386 2436 2627 2492 Defectio
2649 2437 2794 2492 enim
2813 2437 2976 2491 habet
2994 2454 3142 2507 spem
3161 2439 3401 2509 aliquam

1822 2527 2327 2597 redintegrationis;
2363 2543 2514 2582 mors
2556 2543 2685 2583 vero
2718 2536 2982 2599 perpetuo
3010 2536 3224 2583 tenetur
3250 2526 3412 2581 inter-

1816 2618 1917 2673 itu.
1983 2617 2225 2673 Rursum
2252 2618 2526 2688 progressi
2550 2635 2742 2675 sumus
2772 2620 3094 2689 paululum:
3129 2628 3184 2674 et
3213 2630 3402 2676 osten-

1829 2710 1909 2763 dit
1938 2709 2071 2764 mihi
2106 2717 2380 2779 pastorem
2406 2725 2684 2780 magnum,
2715 2721 2770 2766 et
2794 2712 2941 2766 velut
2972 2721 3239 2781 agrestem
3266 2715 3404 2785 ligu-

1821 2817 1941 2856 ram
1996 2802 2283 2857 habentem
2323 2802 2472 2871 (75),
2502 2804 2760 2859 amictum
2803 2804 2942 2874 pelle
2985 2805 3107 2858 alba
3154 2806 3403 2876 caprina,

1822 2910 2006 2964 peram
2040 2904 2343 2966 gestantem
2373 2895 2427 2949 in
2453 2896 2701 2959 humero,
2729 2904 2783 2950 et
2810 2912 2975 2951 manu
3000 2897 3205 2967 virgam
3232 2899 3405 2954 nodo-

1823 3005 1940 3045 sam
1962 2997 2017 3043 et
2036 2987 2189 3042 valde
2219 2986 2434 3053 duram,
2453 2996 2507 3041 et
2523 2987 2790 3059 flagellum
2818 2988 2930 3059 (74)
2950 2989 3001 3043 in
3025 3005 3221 3053 manu;
3247 3006 3404 3060 aspe-

1826 3091 1973 3136 ctum
2006 3091 2185 3136 autem
2212 3091 2419 3135 trucem
2444 3080 2555 3152 (75)
2582 3089 2634 3134 et
2660 3094 2861 3135 saavum
2892 3081 3152 3149 habebat,
3183 3091 3244 3138 ut
3272 3097 3402 3153 pos-

1748 3155 1792 3211 C
1830 3185 1911 3230 set
1958 3183 2163 3230 terrere
2196 3175 2410 3243 aliquos
2444 3173 2555 3245 (76)
2596 3192 2609 3227 :
2656 3173 2781 3229 talis
2808 3183 2926 3229 erat
2977 3184 3228 3246 aspectus
3260 3176 3401 3245 ejus.

1828 3267 1927 3323 lllc
1948 3282 2076 3338 ergo
2099 3267 2397 3337 accipiebat
2412 3268 2479 3321 ab
2507 3267 2600 3320 illo
2619 3266 2818 3337 juvene
2848 3275 3067 3337 pastore
3089 3283 3154 3322 ea
3186 3283 3411 3338 pecora,

1827 3378 1949 3433 quae
1978 3361 2201 3416 delicias
2227 3360 2339 3432 (77)
2373 3360 2591 3430 quidem
2619 3361 2874 3430 agebant,
2909 3360 3004 3415 sed
3032 3376 3141 3416 non
3166 3361 3411 3417 exsulta—

1830 3473 1991 3540 bant;
2020 3482 2077 3526 et
2106 3471 2467 3541 compellebat
2490 3486 2553 3525 ea
2582 3471 2636 3524 in
2660 3472 2996 3541 praecipitem
3013 3472 3193 3527 locum
3217 3489 3410 3543 quem-

1830 3569 1980 3634 dam,
2010 3581 2076 3621 ac
2113 3566 2396 3634 spinosum
2422 3563 2751 3633 tribulisque
2766 3564 3097 3629 confertum,
3123 3580 3298 3635 usque
3312 3566 3412 3621 ad-

1831 3677 1896 3717 eo
1920 3670 1980 3716 ut
2004 3662 2070 3716 de
2097 3659 2270 3729 spinis
2308 3666 2363 3713 et
2398 3658 2614 3711 tribulis
2641 3672 2700 3711 se
2725 3671 2833 3711 non
2862 3666 3084 3726 possent
3112 3658 3407 3729 explicare;

1831 3753 1928 3810 sed
1959 3752 2221 3823 implicita
2262 3750 2335 3805 ibi
2366 3750 2732 3820 pascebantur
2769 3748 2941 3818 spinis
2972 3756 3026 3804 et
3072 3747 3322 3814 tribulis;
3356 3756 3413 3805 et

1830 3861 2023 3918 graves
2038 3843 2432 3915 (78)crueiatus
2444 3841 2866 3911 experiebantur
2883 3856 2950 3896 ex
2965 3828 3282 3897 verberibus
3295 3840 3408 3911 (79)

139 3934 267 4003 ejus
296 3949 309 3984 :
340 3933 535 4002 agebat
561 3932 705 3988 enim
729 3948 817 3997 ea,
848 3937 904 3987 et
933 3944 1033 3986 nec
1056 3931 1394 3986 consistendi
1417 3934 1499 3988 eis
1524 3934 1705 3989 locum
1731 3946 1825 3991 aut
1852 3944 2070 4004 tempus
2097 3932 2208 4003 (80)
2238 3931 2610 4001 permittebat.

1586 4044 1815 4102 CAPUT
1854 4047 1946 4099 111.

218 4140 443 4195 Βλέπων
473 4134 564 4192 οὖν
597 4135 735 4191 αὐτὰ
759 4136 869 4206 ἐγὼ
902 4135 1073 4199 οὕτως
1110 4134 1477 4208 μαστιζόμενα
1509 4138 1603 4191 καὶ
1634 4155 1732 4190 τα-

141 4230 560 4302 λαιπωροῦντα,
599 4228 909 4298 ἐλυπούμην
943 4227 1028 4280 ἐπ’
1063 4227 1263 4290 αὐτοῖς,
1298 4229 1379 4281 ὅτι
1402 4228 1573 4292 οὕτως
1602 4230 1731 4282 ἐϐα-

144 4323 448 4387 σανίζοντο,
486 4322 579 4374 καὶ
603 4320 799 4392 ἀνοχὴν
826 4319 963 4382 ὅλως
993 4319 1093 4372 ούκ
1128 4316 1291 4389 εἶχον.
1341 4321 1452 4374 Καὶ
1484 4320 1625 4390 λέγω
1656 4322 1734 4393 τῷ

139 4413 366 4483 ἀγγέλῳ
392 4412 470 4483 τῷ
506 4410 621 4482 μετ’
656 4411 790 4481 ἐμοῦ
822 4408 1093 4464 λαλοῦντι·
1130 4411 1323 4482 Κύριε,
1357 4412 1441 4475 τίς
1477 4412 1621 4465 ἐστιν
1650 4409 1737 4468 οῦ-

1913 4134 2050 4190 Cum
2091 4134 2333 4191 viderem
2376 4149 2507 4204 ergo
2552 4134 2634 4190 sic
2679 4148 2742 4188 ea
2779 4132 3041 4204 ﬂagellari
3069 4143 3123 4189 et
3156 4134 3411 4190 miserias

1843 4228 2101 4298 experiri,
2132 4227 2382 4283 doleham
2415 4241 2514 4297 pro
2540 4226 2640 4292 eis,
2673 4225 2803 4295 quia
2825 4225 2981 4280 valde
3002 4226 3409 4294 cruciahantur,

1770 4356 1813 4410 Β
1844 4338 1944 4378 nec
1975 4322 2083 4376 ulla
2133 4320 2353 4391 requies
2393 4320 2475 4374 eis
2498 4319 2751 4373 dabatur.
2782 4316 2913 4410 Dico
2939 4316 3007 4371 ad
3036 4326 3306 4387 pastorem
3339 4320 3410 4374 il-

1846 4417 1958 4471 lum
1982 4415 2075 4485 qui
2107 4424 2226 4469 erat
2253 4428 2467 4469 mecum
2499 4429 2512 4465 :
2546 4411 2680 4478 Quis
2705 4419 2809 4479 est,
2832 4409 3079 4478 Domine,
3112 4411 3202 4467 hic
3226 4420 3413 4482 pastor

1261 4522 1494 4577 VARIA‘Z
1534 4524 1920 4586 LECTIONES
1951 4530 2038 4586 ET
2074 4528 2304 4584 NOTAE.

140 4625 306 4679 sione
326 4620 535 4675 librarii
558 4619 769 4676 incuria
793 4617 1050 4670 videntur
1069 4616 1358 4687 excidisse.
1374 4615 1529 4686 Apud
1550 4617 1731 4687 ipsum

1836 4623 1965 4677 edit.
2000 4624 2171 4676 Oxon.
2204 4620 2391 4675 Graeca
2418 4638 2431 4673 :
2470 4617 2543 4673 Hi
2563 4618 2772 4689 quidem
2794 4616 3027 4686 corrupti
3050 4624 3101 4669 et
3134 4633 3166 4671 a
3192 4618 3415 4672 veritate

143 4708 394 4762 namque
420 4689 581 4762 paulo
610 4699 732 4762 post
761 4689 877 4762 ilitBC
901 4688 1158 4762 leguntur
1182 4703 1195 4739 :
1228 4686 1358 4751 Qua:
1401 4704 1518 4762 vero
1550 4686 1733 4743 vidisti
1837 4694 2038 4746 seducti
2069 4701 2215 4747 sunt.

140 4756 338 4833 pecora
367 4756 469 4815 non
509 4756 859 4833 exsultantia,
884 4756 973 4811 sed
1006 4773 1109 4810 uno
1140 4756 1584 4833 loclouvescentia;
1612 4777 1733 4833 qua:

141 4827 286 4890 sane
313 4834 517 4887 omissa
544 4828 896 4900 prmcedentia
921 4837 1177 4898 arguunt.
1206 4828 1304 4882 Cll.
1336 4827 1580 4883 Pastoris
1612 4827 1730 4885 edi—

146 4915 306 4961 tores
338 4905 387 4956 id
427 4903 632 4972 fugisse
660 4902 847 4955 miror.

1911 4764 2027 4832 (75)
2068 4762 2259 4816 Lamb.
2290 4761 2443 4832 deest
2472 4759 2769 4832 habentem.

1910 4827 2024 4903 (74)
2058 4833 2247 4887 Lamb.
2280 4841 2329 4884 et
2360 4831 2680 4903 vehementer
2709 4829 2901 4903 durum
2938 4827 3230 4897 ﬂagellum.

1908 4897 2019 4977 (75)
2056 4903 2248 4957 Lamb.
2282 4917 2544 4977 amarum.
2565 4897 2656 4953 Sic
2676 4908 2730 4953 et
2751 4899 2881 4954 edit.
2911 4903 3085 4952 Oxon.
3106 4915 3226 4967 quae
3246 4898 3412 4954 etiam

223 4976 339 5044 (65)
398 4968 590 5027 Lamb.
645 4974 841 5026 desunt
892 4968 1112 5038 angelus
1168 4977 1222 5024 et
1275 4977 1471 5022 autem.
1536 4970 1625 5026 Sic
1680 4980 1733 5026 et
1837 4968 2185 5043 sev‘erumpro
2215 4988 2409 5044 stevum
2455 4971 2636 5044 habet.

144 5046 339 5102 Graeca
351 5087 363 5098 .

223 5120 338 5187 (eo)
380 5119 456 5169 Ita
488 5114 669 5168 Fellus
693 5128 757 5187 ex
790 5128 919 5187 mss.
948 5110 1102 5187 Angl.
1139 5111 1338 5181 quibus
1371 5109 1519 5166 deest
1558 5111 1731 5166 illece-

148 5182 394 5249 braru‘m,
427 5186 571 5255 quod
604 5185 808 5237 addunt
836 5182 986 5255 editi.

224 5258 339 5329 (67)
376 5252 565 5311 Laiuh.
592 5256 741 5329 deest
766 5252 926 5305 malo.

224 5324 337 5396 ((58)
376 5329 582 5389 Gra'ca,
616 5326 683 5377 ad
714 5324 1124 5392 corruptionem.

221 5401 338 5467 (69)
374 5397 564 5452 Lamb.
592 5404 858 5467 perpetuo.

226 5464 341 5538 (70)
377 5467 569 5523 Lamb.
593 5464 735 5531 sua,
770 5466 927 5519 etiam
967 5466 1062 5518 hoc
1109 5464 1243 5520 quod
1288 5481 1495 5520 nomen.
1546 5465 1638 5520 Sic
1674 5474 1727 5520 et

150 5538 359 5594 Pullus.

226 5612 340 5675 (7|)
374 5608 503 5663 Mss.
540 5610 695 5677 Angl.
730 5607 974 5661 insecuti.

226 5682 340 5751 (72)
377 5680 505 5736 Mss.
536 5682 690 5749 Angl.
735 5681 885 5735 deest
913 5694 1013 5730 non
1040 5693 1057 5730 :
1087 5693 1260 5747 neque
1303 5677 1449 5750 illud,
1486 5678 1731 5751 agnoscit

1908 5046 2019 5127 (76)
2072 5039 2262 5098 Lamb.
2322 5043 2531 5095 horrere
2587 5040 2801 5110 aliquis.
2851 5040 2938 5094 Al.
2984 5040 3260 5094 tax/torrere
3307 5039 3413 5094 ali-

1836 5133 2024 5254 ἿυῗΞίἹ)
2057 5183 2248 5237 Lamb.
2284 5198 2407 5236 cum
2434 5181 2561 5236 edit.
2598 5182 2769 5254 Oxon.
2802 5182 3023 5235 deliciis.

1910 5250 2021 5327 (78)
2060 5253 2253 5309 Lamb.
2279 5264 2637 5324 pascerentur.
2671 5250 2864 5322 Spinas
2893 5264 2939 5305 et
2970 5250 3190 5304 tribulos
3218 5257 3267 5303 et
3295 5265 3393 5319 gra

1835 5346 2016 5480 $1.79)
2046 5397 2145 5480 ‘Sic
2178 5410 2315 5452 mss.
2350 5395 2508 5467 Angl.
2543 5404 2598 5449 et
2640 5393 2823 5450 Carm.
2851 5392 2941 5449 Sic
2968 5402 3021 5447 et
3062 5390 3193 5448 edit.
3232 5390 3390 5447 Oxon

1832 5468 2145 5610 “(8132::
2160 5537 2344 5597 Fellus
2396 5553 2462 5594 ex
2494 5550 2627 5593 mss.
2662 5533 2813 5591 Bodl.
2855 5544 2908 5591 et
2938 5532 3129 5589 Lamb.
3161 5533 3247 5589 Α1.
3291 5542 3413 5587 ante

1839 5622 2059 5664 tempus.

1861 5627 2059 5678 empus.
