4002 6308
1345 324 1635 381 PASTOR.
1677 322 1891 379 —-LlB.
1934 320 2022 378 lll.
2048 318 2258 381 ’SlMlL.
2304 320 2415 376 VII.
3356 319 3462 374 970

1689 442 1917 499 CAPUT
1960 442 2019 498 ν.

303 547 424 602 Dixi
454 547 503 601 ei
536 564 553 601 :
588 544 836 608 Domine,
865 541 1127 615 quoniam
1157 554 1265 594 non
1300 538 1542 608 intelligo
1572 536 1754 591 omnia
1782 536 1898 605 (95)
1930 546 2173 606 tempora
2219 535 2334 590 haec
2362 532 2663 590 dulcedinis
2684 531 2973 601 voluptatis
3010 547 3073 587 ac
3098 546 3298 602 paenae,
3332 530 3471 588 luci.

225 640 359 695 dius
387 638 523 694 mihi
554 639 621 694 de
650 639 735 693 his
764 650 995 708 expone.
1029 631 1325 703 Respondit
1364 630 1518 696 mihi,
1544 629 1732 683 dicens
1764 645 1777 681 :
1811 626 2126 698 [nsipientia
2154 627 2267 697 ('96)
2296 636 2387 682 tua
2431 626 2529 681 tibi
2563 637 2972 695 perseveranter
3005 629 3251 685 inhaeret.
3284 627 3473 685 Nonne

226 733 315 786 vis
345 730 525 801 potius
557 739 791 784 mentem
824 738 969 782 tuam
996 724 1305 795 purificare,
1323 729 1377 774 et
1402 719 1510 774 Deo
1538 719 1778 774 servire?
1805 716 1959 781 Vide,
1983 733 2051 774 ne
2080 716 2220 773 forte
2243 717 2355 787 (97)
2370 726 2611 788 tempore
2638 728 2848 785 exacto,
2873 729 2927 773 tu
2953 720 3212 791 insipiens
3237 723 3473 794 reperia-

230 822 336 877 ris.
366 820 507 875 Audi
541 815 1181 888 nunc,quemadmodum
1208 812 1313 877 vis,
1343 827 1453 880 quo
1490 808 1703 865 facilius
1725 810 2014 881 intelligas.

306 914 416 985 (98)
457 913 515 967 Ὀ
550 910 771 983 τρυφῶν
812 910 906 963 καὶ
941 905 1316 977 ἀπατώμενος,
1346 902 1441 955 καὶ
1482 902 1740 971 πράσσων
1771 900 1802 954 ἃ

1981 900 2084 967 Qui
2119 916 2227 956 uno
2247 900 2333 955 die
2354 900 2689 957 commiserit
2712 918 2770 959 se
2799 897 3188 973 voluptatibus,
3210 922 3263 964 et
3285 908 3474 965 fecerit

230 1005 483 1076 βούλεται
505 1046 520 1070 ,
578 1002 776 1073 πολλὴν
826 999 1133 1073 ἀφροσύνην
1184 995 1452 1050 ένδέδυται
1470 1009 1484 1024 ο
1532 992 1651 1047 ἀντὶ
1698 992 1802 1064 γὰρ

1907 991 2169 1062 quidquid
2223 992 2423 1062 appetit
2472 993 2689 1048 animus
2741 995 2900 1064 ejus,
2951 997 3180 1067 plurima
3236 1002 3471 1071 repletur

172 1168 184 1177 ,
226 1098 332 1167 τῆς
371 1096 580 1169 τρυφῆς
619 1094 713 1150 και
758 1078 971 1165 ἀπάτης
1010 1091 1245 1159 ἑκάστης
1289 1085 1521 1159 ἡμέρας,
1559 1083 1802 1138 ἀποτίσει

1908 1084 2154 1151 stultitia,
2186 1099 2287 1138 nec
2317 1083 2565 1155 intelligit
2587 1084 2715 1155 quid
2743 1087 3016 1156 admittat;
3048 1105 3111 1146 ac
3135 1092 3221 1146 die
3251 1104 3471 1163 postero

229 1190 467 1260 βάσανον
493 1185 754 1261 μεγάλην,
786 1183 1026 1241 ἐνιαυτὸν
1053 1185 1119 1255 τῇ
1145 1179 1345 1252 ἡμέρᾳ.

1907 1177 2266 1245 obliviscitur,
2305 1176 2434 1247 quid
2472 1176 2659 1233 fecerit
2687 1177 2798 1249 (99)
2834 1181 3039 1250 pridie;
3067 1184 3297 1242 dulcedo
3326 1187 3470 1242 enim

224 1297 285 1342 et
311 1285 559 1357 voluptas
584 1284 858 1339 mundana
884 1277 1030 1350 (lOO)
1065 1276 1265 1331 nullam
1311 1272 1631 1329 memoriam
1661 1271 1884 1337 habent,
1924 1284 2143 1342 propter
2172 1272 2454 1329 stultitiam
2504 1289 2626 1343 qua:
2674 1274 2834 1330 insita
2870 1288 2954 1333 est
2996 1279 3124 1336 illis.
3164 1279 3300 1337 Cum
3344 1297 3474 1341 vero

228 1377 450 1432 unodie
476 1377 766 1432 accesserit
795 1372 1002 1431 homini
1046 1370 1326 1427 cruciatus
1370 1383 1435 1424 ac
1489 1382 1674 1439 paena,
1725 1374 1837 1421 toto
1885 1381 2030 1420 anno
2060 1373 2377 1436 torquetur;
2415 1384 2668 1440 magnam
2699 1372 2844 1425 enim
2882 1376 3202 1431 memoriam
3234 1379 3475 1447 possidet

226 1484 414 1538 poena.
445 1467 585 1524 Toto
615 1467 776 1537 igitur
808 1483 953 1525 anno
990 1468 1181 1525 dolens
1221 1465 1514 1531 meminit;
1560 1472 1609 1520 et
1660 1476 1794 1521 tunc
1838 1463 2156 1519 recordatur
2176 1463 2484 1521 dulcedinis
2532 1466 2678 1522 illius
2703 1483 2855 1523 vanae
2880 1470 2956 1539 (Ι)
2988 1488 3051 1527 ac
3083 1474 3395 1545 voluptatis,
3420 1492 3476 1533 et

226 1562 397 1617 sentit
427 1569 707 1632 propterea
734 1577 792 1616 se
814 1577 1004 1632 ptenas
1032 1562 1163 1632 pati.
1200 1561 1524 1633 Quicunque
1582 1561 1749 1633 Igitur
1800 1576 1860 1617 se
1906 1562 2176 1617 dulcedini
2212 1571 2267 1617 et
2296 1562 2557 1632 voluptati
2603 1564 2698 1618 tali
2742 1566 3080 1635 tradiderint,
3117 1569 3197 1627 sic
3229 1574 3470 1643 puniun-

230 331 338 389 969

228 1663 324 1709 tur
357 1655 474 1724 (2);
510 1655 768 1726 quoniam
801 1656 967 1710 vitam
998 1657 1282 1724 habentes,
1314 1657 1415 1728 ipsi
1451 1672 1511 1713 se
1537 1657 1769 1711 reddunt
1795 1655 2061 1713 obnoxios
2097 1658 2279 1713 morti.

299 1749 411 1803 Kal.
441 1749 583 1819 λέγω
613 1750 691 1822 τῷ
722 1749 967 1822 ἀγγέλῳο
1003 1752 1159 1805 Ποῖαὶ
1206 1752 1410 1823 τρυφαι
1458 1752 1562 1803 εἱσι
1608 1748 1801 1821 βλαϐε-

228 1841 358 1912 ραί;
386 1841 510 1910 λέγε
550 1859 657 1913 μοι.
711 1843 864 1895 Πᾶσα
899 1843 1095 1915 πρᾶξις
1139 1842 1372 1916 σαρκικὴ
1404 1844 1580 1915 τρυφή
1630 1844 1799 1905 ἐστιν,

1982 1750 2100 1805 Dixi
2158 1754 2247 1807 ei:
2282 1751 2413 1819 Qua:
2457 1762 2608 1819 sunt,
2653 1754 2888 1820 domine,
2920 1757 3218 1828 voluptates
3263 1764 3472 1820 noxiae?

1905 1842 2086 1910 Omni,
2145 1844 2338 1916 inquit,
2403 1844 2609 1900 homini
2654 1846 2903 1916 voluptas
2970 1859 3046 1905 est
3109 1853 3471 1925 quodcunque

224 1931 323 1986 νῦν
366 1933 443 2004 (3)
484 1933 659 2005 ἡδέως
705 1935 850 1986 ποιεῖ
898 1934 1083 2007 αὐτὴν.
1122 1933 1214 2006 ['0
1254 1933 1385 2007 γὰρ]
1436 1934 1685 2005 ὀξύχολος
1726 1933 1802 2004 τῷ

1904 1934 2135 1992 libenter
2164 1936 2311 1993 facit.
2352 1936 2562 1993 Etenim
2591 1939 2887 1995 iracundus
2922 1944 3265 2001 satisfaciens
3302 1952 3467 2005 mori-

223 2027 420 2083 ἑαυτοῦ
450 2026 610 2081 πάθει
646 2025 707 2079 τὸ
742 2026 922 2080 ἱκανὸν
954 2027 1122 2080 ποιῶν
1168 2029 1380 2099 τρυφᾷ·
1418 2026 1620 2099 ὁμοίως
1653 2026 1747 2079 καὶ
1777 2028 1806 2080 6

227 2120 435 2192 μοιχὸς,
460 2119 553 2173 κα)⁵
576 2120 604 2171 6
632 2118 880 2191 μέθυσος,
924 2120 1017 2173 καὶ
1062 2122 1090 2173 ὁ
1137 2119 1461 2184 κατάλαλος,
1490 2119 1585 2172 καὶ
1615 2120 1644 2172 6
1671 2118 1808 2188 ψεύ-

226 2228 383 2283 στης,
410 2211 506 2265 καὶ
532 2210 562 2264 6
591 2209 937 2281 πλεονέκτης,
976 2212 1067 2263 καὶ
1096 2206 1123 2265 ὁ
1156 2210 1550 2283 ἀποστερητὴς,
1584 2211 1677 2264 καὶ
1708 2210 1808 2264 ὃσα

220 2302 483 2357 τοιαῦταο
527 2302 773 2375 τρυφῶσι
815 2303 923 2377 γὰρ
960 2305 1017 2356 ὲν
1038 2306 1104 2376 τῇ
1148 2302 1328 2357 αὐτῶν
1377 2302 1591 2373 πράξει.
1637 2296 1807 2357 Αὗται

224 2396 286 2449 δὲ
326 2395 383 2449 αἱ
429 2395 651 2468 πράξεις
686 2394 941 2468 βλαϐεραὶ
978 2397 1083 2449 εἱσι
1124 2398 1237 2459 τοῖς
1276 2394 1481 2459 δούλοις
1512 2393 1608 2447 τοῦ
1645 2393 1801 2449 Θεοῦ.

224 2488 352 2543 Εἰσὶ
383 2488 439 2542 δὲ
470 2486 563 2541 καὶ
588 2488 792 2559 τρυφαὶ
809 2485 1075 2551 σώζουσαι
1100 2488 1225 2551 τοὺς
1248 2485 1585 2558 ἀνθρώπους.
1615 2485 1805 2540 Πολλοὶ

1908 2029 2011 2084 bus
2039 2030 2153 2085 suis
2202 2031 2430 2101 percipit
2470 2032 2796 2100 voluptatem
2849 2049 3039 2101 suam;
3085 2037 3389 2105 ctadulter,
3418 2052 3472 2097 et

1905 2119 2152 2177 ebriosus
2178 2122 2277 2193 (Al),
2306 2132 2358 2177 et
2379 2123 2672 2191 detractor,
2700 2134 2749 2179 et
2781 2127 3011 2181 mendax
3041 2137 3094 2183 et
3137 2134 3384 2201 cupidus,
3418 2144 3472 2190 et

1906 2212 2209 2280 fraudator,
2236 2223 2289 2269 et
2318 2215 2628 2285 quicunque
2670 2216 2739 2272 iis
2776 2218 2954 2275 simile
2984 2221 3184 2290 aliquid
3213 2225 3466 2295 admittit,

1908 2304 2099 2359 morbo
2126 2320 2226 2361 suo
2248 2320 2466 2375 parens,
2490 2307 2719 2377 percipit
2739 2324 2805 2362 ex
2832 2325 2893 2364 ea
2920 2326 2979 2365 re
3003 2313 3352 2384 voluptatem.
3376 2317 3471 2375 lla:

1906 2407 2097 2449 omnes
2128 2394 2440 2451 dulcedines
2477 2412 2543 2451 ac
2565 2398 2868 2468 voluptates
2915 2403 3093 2460 noxia:
3133 2413 3262 2462 sunt
3297 2411 3470 2467 servis

1906 2483 2019 2540 Dei.
2068 2485 2300 2558 Propter
2339 2491 2440 2544 has
2490 2490 2677 2559 itaque
2722 2492 3037 2548 cruciantur
3086 2506 3141 2553 et
3192 2500 3471 2569 patiuntur

222 2581 337 2653 γὰρ
364 2580 541 2650 ἀγαθά
568 2578 922 2652 ἐργαζόμενοι
953 2580 1247 2652 τρυφῶσιν.
1277 2578 1424 2650 Αὕτη
1445 2574 1536 2632 οὗν
1561 2579 1595 2648 ἡ
1621 2578 1801 2649 τρυφὴ

1904 2592 2114 2647 ptenas.
2168 2577 2309 2633 Sunt
2344 2580 2507 2634 etiam
2544 2580 2869 2651 voluptates,
2900 2586 3128 2643 salutem
3158 2588 3470 2649 hominibus

220 2679 340 2739 τοῖς
389 2673 594 2738 δούλοις
644 2672 738 2727 τοῦ
794 2671 927 2726 Θεοῦ
976 2674 1334 2743 περιποιεῖται
1392 2668 1570 2744 ζωήν⁸
1629 2672 1685 2726 αἱ
1740 2671 1797 2726 δὲ

1904 2668 2207 2725 afferentes.
2276 2668 2426 2724 Multi
2476 2671 2619 2725 enim
2674 2686 2835 2742 Opera
2892 2673 3148 2733 bonitatis
3189 2678 3467 2747 facientes,

223 2761 618 2835 προειρημέναι
650 2761 851 2833 τρυφαὶ
877 2760 1123 2831 βάσανον.

1904 2762 2209 2832 percipiunt
2248 2763 2597 2833 voluptatem,
2640 2762 2924 2820 dulcedine
2971 2782 3071 2823 sua
3114 2772 3289 2825 tracti.
3348 2772 3472 2829 "me

223 2868 357 2922 ergo
386 2852 635 2921 voluptas
671 2850 821 2907 utilis
854 2861 937 2906 est
967 2852 1137 2906 servis
1168 2850 1282 2918 Dei,
1314 2862 1368 2907 ct
1401 2853 1569 2906 vitam
1599 2862 1755 2923 parat
1785 2854 2099 2924 liujusmodi
2122 2854 2458 2910 hominibus.
2488 2854 2597 2911 Illae
2619 2871 2747 2912 vero
2778 2858 2952 2913 noxite
2978 2876 3099 2929 qua:
3123 2879 3283 2933 supra
3314 2867 3472 2922 dictze

223 2954 376 3011 sunt,
405 2954 671 2999 tormenta
702 2952 756 2998 et
790 2944 982 3014 poenas
1014 2943 1253 3011 pariunt.
1285 2942 1610 3014 Quicunque
1640 2959 1771 3000 vero
1800 2947 2201 3016 permanserint
2237 2947 2293 3002 in
2334 2948 2463 3015 illis,
2490 2963 2588 3003 nec
2628 2948 2991 3006 admissorum
3015 2968 3240 3011 suorum
3264 2962 3473 3030 egerint

222 3031 635 3104 paenitentiam,
666 3041 895 3086 mortem
934 3031 1039 3086 sibi
1066 3032 1375 3102 acquirent.

1560 3127 2033 3189 SIMILITUDO
2065 3127 2206 3187 VII.

883 3223 1335 3288 Pamitentibus
1376 3228 1702 3307 faciendos
1752 3248 1878 3291 esse
1912 3230 2293 3309 poenitentiae
2325 3228 2550 3308 dignos
2583 3232 2858 3311 fructus.

1594 3358 1825 3416 CAPUT
1876 3359 2166 3417 UNICUM.
2774 3416 2797 3431 κ

295 3450 427 3508 Post
447 3450 565 3508 dies
598 3463 803 3521 paucos
831 3448 989 3505 video
1023 3451 1175 3507 illum
1207 3453 1263 3509 in
1291 3469 1357 3511 eo
1383 3469 1597 3525 campo,
1630 3456 1686 3510 in
1725 3470 1836 3527 quo
1880 3466 2126 3527 pastores
2175 3455 2296 3510 illos
2340 3463 2467 3509 ante
2498 3454 2737 3511 videram
2776 3456 2876 3527 (5).
2907 3456 2975 3514 Et
3013 3461 3089 3515 ait
3126 3461 3260 3519 mihi
3286 3481 3301 3521 :
3328 3463 3470 3535 Quid

220 3548 498 3622 inquiris?
520 3544 677 3614 Veni,
707 3545 953 3616 inquam,
984 3561 1179 3615 rogare
1211 3553 1283 3615 te,
1317 3547 1557 3612 domine,
1588 3556 1649 3603 ut
1679 3556 1957 3619 pastorem
1988 3549 2141 3603 illum
2179 3546 2531 3618 praepositum
2582 3562 2757 3617 ptenaa
2799 3549 2993 3619 jubeas
3033 3552 3101 3609 de
3140 3570 3258 3611 mea
3305 3559 3472 3615 domo

218 3646 398 3711 exire,
428 3642 559 3715 quia
586 3643 937 3698 vehementer
968 3658 1054 3699 me
1087 3642 1296 3712 allligit.
1328 3642 1397 3697 Et
1442 3645 1779 3713 respondens
1809 3666 1821 3700 :
1856 3642 2089 3702 Necesse
2124 3653 2227 3713 est,
2275 3643 2471 3716 inquit,
2503 3643 2729 3715 patiaris
2773 3642 3115 3701 incommoda
3147 3657 3199 3702 et
3227 3652 3469 3706 vexatio-

218 3757 328 3798 nes
357 3740 468 3813 (6);
500 3739 582 3796 sic
610 3737 755 3794 enim
786 3732 1041 3808 praecepit
1080 3731 1147 3786 de
1176 3740 1228 3786 te
1266 3731 1358 3787 ille
1398 3733 1627 3788 nuntius
1670 3733 1847 3791 bonus
1886 3734 2001 3806 (7):
2036 3734 2163 3805 quia
2214 3742 2424 3790 tentare
2468 3744 2519 3790 te
2558 3733 2694 3789 vult.
2749 3730 2924 3799 Quod,
2954 3734 3197 3805 inquam,
3229 3738 3466 3798 domine.

222 3850 340 3897 tam
373 3850 534 3909 grave
566 3844 850 3905 peccatum
887 3826 1103 3895 admisi,
1128 3837 1191 3881 nt
1236 3826 1364 3881 huic
1388 3826 1580 3882 nuntio
1601 3827 1881 3884 traderer?
1908 3827 2163 3893 Adverte,
2206 3829 2405 3898 inquit.
2436 3827 2728 3897 Complura
2757 3825 2973 3895 quidem
3008 3827 3176 3884 habes
3208 3843 3422 3899 peccata
3450 3851 3466 3900 ;

219 3932 324 3988 sed
352 3939 592 3985 nontam
616 3927 808 3992 multa,
838 3932 898 3979 ut
931 3923 1057 3977 huic
1084 3921 1279 3976 nuntio
1308 3921 1508 3976 debeas
1554 3922 1693 3978 tradi
1724 3923 1835 3993 (8);
1868 3922 1963 3979 sed
2000 3924 2171 3978 multa
2199 3923 2398 3979 delicta
2438 3932 2493 3978 et
2543 3922 2748 3978 scelera
2781 3922 2976 3977 domus
3022 3932 3114 3977 tua
3153 3927 3465 3995 commisit,

219 4028 458 4097 ideoque
481 4023 638 4082 factis
658 4037 846 4078 eorum
870 4020 959 4075 ille
982 4018 1158 4074 bonus
1186 4015 1415 4072 nuntius
1440 4018 1860 4084 exarcerbatus,
1893 4018 2061 4088 jussit
2093 4027 2144 4073 te
2167 4018 2503 4088 aliquantum
2532 4016 2793 4087 temporis
2822 4014 3163 4069 vexationem
3194 4017 3466 4087 experiri;

222 4126 290 4177 ut
318 4129 374 4175 et
404 4120 480 4175 illi
509 4116 877 4173 admissorum
909 4127 1133 4168 suorum
1160 4119 1324 4182 agant
1346 4110 1744 4180 ptenitentiam,
1784 4118 1838 4165 et
1877 4110 2101 4165 abluant
2144 4127 2205 4167 se
2245 4110 2313 4165 ab
2361 4110 2509 4165 omni
2533 4108 2827 4179 cupiditate
2858 4105 3025 4175 hujus
3071 4107 3277 4163 sasculi.
3327 4106 3469 4165 Cum

224 4216 415 4280 itaque
444 4210 655 4280 egerint
678 4204 1053 4278 pmnitentiam
1083 4212 1137 4258 et
1172 4202 1443 4273 purificati
1480 4200 1703 4268 fuerint,
1732 4212 1859 4258 tunc
1894 4203 2134 4258 discedet
2164 4220 2195 4257 a
2227 4211 2281 4257 te
2310 4205 2532 4258 nuntius
2561 4200 2654 4258 ille
2688 4202 2783 4273 qui
2810 4201 3133 4271 praepositus
3156 4212 3240 4258 est
3270 4218 3465 4275 ptenae.

224 4302 364 4357 Dico
391 4301 440 4356 ei
468 4316 482 4352 :
513 4298 762 4361 Domine,
788 4296 835 4352 si
862 4297 935 4350 ita
965 4295 1043 4349 illi
1072 4310 1130 4350 se
1158 4301 1465 4365 gesserunt,
1498 4302 1559 4348 ut
1603 4294 1978 4363 exasperarint
2024 4296 2274 4350 nuntium
2320 4295 2561 4362 bonum;
2592 4311 2691 4369 ego
2735 4294 2865 4363 quid
2897 4291 3034 4347 feci?
3073 4293 3465 4364 Respondens:

220 4393 424 4457 Aliter,
455 4391 652 4460 inquit,
683 4404 792 4443 non
828 4395 1055 4458 possunt
1093 4385 1168 4440 illi
1198 4384 1539 4438 vexationem
1573 4385 1705 4451 pati,
1740 4385 1848 4439 nisi
1894 4393 1948 4439 tu
1989 4386 2082 4456 qui
2122 4394 2284 4455 caput
2332 4401 2392 4441 es
2439 4386 2608 4441 totius
2650 4385 2867 4453 domus,
2914 4387 3145 4443 labores.
3193 4387 3466 4461 Quidquid

217 4485 376 4541 enim
400 4494 457 4538 tu
486 4497 680 4553 passus
714 4481 899 4547 fueris,
931 4497 1152 4539 necesse
1175 4491 1258 4536 est
1286 4488 1344 4535 ut
1373 4489 1428 4535 et
1460 4480 1535 4533 illi
1564 4480 1842 4547 sentiant;
1879 4483 2119 4551 quandiu
2157 4497 2286 4537 vero
2327 4490 2384 4536 tu
2428 4482 2565 4537 bene
2606 4481 2878 4537 stabilitus
2928 4480 3115 4548 fueris,
3150 4484 3225 4538 illi
3263 4487 3465 4543 nullam

220 4572 573 4630 vexationem
601 4580 832 4641 possunt
860 4572 1117 4642 experiri.
1144 4569 1209 4625 Et
1251 4569 1363 4623 dixi
1395 4588 1408 4623 :
1444 4568 1549 4624 Sed
1581 4584 1709 4625 ecce
1749 4571 1863 4639 jam
1902 4586 2071 4639 nunc,
2113 4570 2351 4636 domine,
2385 4579 2553 4641 agunt
2597 4571 2965 4641 paenitentiam
2989 4575 3115 4629 totis
3154 4579 3466 4649 praecordiis

226 4672 379 4728 suis.
408 4669 475 4725 Et
498 4685 599 4739 ego
627 4669 763 4733 scio,
796 4669 993 4739 inquit,
1019 4668 1147 4726 totis
1175 4668 1489 4739 praecordiis
1520 4682 1613 4723 eos
1652 4683 1812 4739 agere
1838 4671 2235 4739 paenitentiam.
2279 4668 2533 4740 Nunquid
2559 4686 2709 4740 ergo,
2746 4672 2843 4739 ait,
2870 4673 3118 4743 protinus
3147 4685 3304 4745 putas
3333 4679 3465 4734 abo-

218 4768 334 4825 leri
376 4766 574 4822 delicta
607 4779 799 4821 eorum
825 4765 918 4835 qui
956 4774 1123 4838 agunt
1146 4761 1558 4834 paenitentiam?
1585 4759 1703 4815 Non
1728 4762 1957 4831 proinde
1996 4763 2289 4828 continuo;
2321 4762 2414 4818 sed
2438 4770 2650 4832 oportet
2669 4775 2793 4818 eum
2818 4764 2911 4833 qui
2947 4765 3056 4834 agit
3089 4767 3465 4835 paenitentiam

1312 4857 1549 4914 VARIKE
1591 4856 1974 4914 LECTIONES
2011 4859 2099 4915 ET
2137 4858 2375 4914 NOTIE.

304 4956 417 5028 (95)
443 4953 634 5009 Lamb.
671 4953 843 5019 deest,
886 4952 1080 5007 omnia.
1114 4951 1234 5008 Mox
1281 4950 1501 5005 Fellus:
1535 4951 1587 5001 ιι.
1618 4964 1678 5001 ac
1710 4963 1796 5001 υο-

226 5027 475 5089 luptatis,
502 5037 573 5083 et.

596 5093 754 5163 Angl.
798 5094 1047 5164 stultitia.
1098 5091 1163 5147 Et
1194 5093 1363 5164 (paulo
1397 5098 1537 5161 post,
1573 5090 1790 5144 stultus.

305 5160 420 5235 (97)
452 5166 642 5220 Lamb.
670 5160 898 5235 quando.
932 5160 1022 5217 Sic
1042 5173 1093 5217 et
1122 5162 1254 5235 edit.
1285 5160 1459 5215 Oxon.

308 5230 419 5306 (98)
446 5237 574 5291 Post
601 5230 760 5289 verba
788 5234 1019 5306 βασάνου
1054 5233 1237 5306 πολύς,
1271 5235 1442 5306 modo
1462 5230 1795 5306 relata,_haec

230 5300 419 5366 statim
444 5307 622 5364 subdit
657 5300 1237 5376 pseudo-Athanasius,
1263 5301 1541 5376 paululum
1566 5300 1793 5376 variata:

230 5378 448 5435 castoris
474 5371 691 5432 interim
727 5375 968 5430 omissis.
1002 5374 1091 5427 Sic
1125 5382 1179 5426 et
1228 5371 1354 5427 mox
1385 5371 1547 5435 infra,
1577 5380 1698 5441 post
1729 5373 1796 5441 τῇ

230 5449 435 5523 ἡμέρᾳ,
467 5447 728 5503 continuo
760 5444 1005 5515 sequitur
1031 5462 1043 5497 :
1078 5444 1185 5496 Καὶ
1215 5442 1357 5512 λέγω
1382 5442 1460 5514 τῷ
1486 5440 1722 5511 ἀγγέλῳ.

303 5520 417 5585 (99)
448 5518 636 5571 Lamb.
663 5517 841 5585 fuerit.
1040 5566 1071 5585 ,γ
1540 5584 1543 5585 ν
1642 5583 1654 5585 _

493 5533 636 5571 aint).
663 5533 841 5577 ιιιενιι.
1040 5566 1048 5577 ,

325 5522 417 5587 99)
448 5522 636 5571 Lamb.
663 5522 841 5585 fuerit.
1040 5566 1048 5577 ,

303 5522 453 5659 (NO)
481 5588 571 5643 Sic
598 5586 776 5659 Fellus
810 5588 860 5641 in
887 5588 1015 5641 edit.
1045 5584 1218 5639 Oxon.
1254 5600 1319 5639 ex
1355 5588 1489 5642 mss.
1524 5583 1681 5654 Angl.
1710 5582 1794 5637 Al.

231 5657 497 5717 omittunt
522 5657 807 5711 mundana.

305 5732 385 5797 (l)
422 5728 553 5783 Mss.
585 5728 742 5795 Angl.
768 5728 937 5792 deest,
969 5742 1131 5782 unum.

304 5800 385 5871 (2)
418 5799 606 5854 Lamb.
630 5798 925 5866 patiuntur.

555 5893 825 5951 PATRUL.
868 5892 983 5950 (in.
1022 5889 1097 5949 ll.

1976 4952 2053 5019 (3)
2085 4949 2160 5005 ita
2190 4948 2375 5005 Graeca
2407 4950 2550 5004 edita
2586 4964 2614 5003 a
2650 4949 2720 5006 cl.
2749 4948 3156 5005 Montfaucono.
3186 4950 3465 5007 Fabricius

1902 5032 2082 5077 tamen
2111 5037 2208 5090 pro
2234 5019 2330 5073 νῦν
2362 5020 2489 5090 legit
2519 5021 2621 5085 ὅτι,
2656 5022 2816 5074 veteri
2856 5021 3133 5089 interpreti
3166 5021 3257 5073 inlt
3276 5048 3289 5067 ο
3312 5039 3460 5075 l‘t'lts.

1895 5091 2140 5147 Clericus
2187 5100 2365 5146 autem
2406 5091 2586 5145 omisit
2623 5090 2739 5154 νῦν,
2781 5105 2879 5145 nec
2926 5094 3123 5159 recepit
3151 5092 3249 5143 ὅτι.
3283 5092 3372 5146 Sic
3413 5104 3467 5146 et

1898 5163 2184 5217 Russelius
2212 5163 2385 5231 ipsum
2417 5170 2656 5231 secutus.

1969 5234 2047 5301 (4)
2077 5230 2268 5287 Lamb.
2310 5232 2505 5285 ebrius.
2549 5230 2612 5286 Et
2656 5247 2781 5286 mox
2831 5248 2955 5286 cum
2991 5231 3142 5286 Bodl.
3177 5232 3467 5288 infamatur

1898 5319 1997 5374 pro
2023 5303 2311 5358 detractor.

1970 5375 2047 5441 (5)
2076 5374 2263 5429 Lamb.
2294 5383 2554 5443 pastorem
2583 5372 2733 5426 illum
2769 5373 3020 5426 videram.
3060 5368 3240 5425 Editio
3281 5380 3463 5424 autem

1901 5444 2033 5501 Felli
2064 5444 2239 5500 Oxon.
2274 5444 2475 5507 omittit
2500 5443 2642 5496 illos.

1973 5516 2049 5586 (6)
2082 5515 2275 5586 Lamb.
2304 5523 2362 5567 ut
2388 5515 2722 5586 incompta-Ia
2742 5522 2789 5586 et
2811 5513 3113 5586 pactiones
3139 5511 3268 5564 sint.

1976 5582 2054 5656 ('77)
2082 5585 2234 5656 Bodl.
2259 5585 2523 5638 honestus.
2554 5582 2644 5656 Sic
2665 5592 2723 5656 et_
2747 5582 2909 5656 infra.

1973 5651 2051 5725 (8)
2080 5655 2268 5714 Lamb.
2293 5656 2511 5719 desunt,
2534 5654 2728 5725 sedad
2758 5653 2919 5707 tradi.
2948 5651 3211 5708 Videntur
3241 5652 3469 5719 librario

1902 5724 2171 5785 excidisse
2200 5726 2269 5781 ob
2295 5740 2527 5815 sequens
2556 5724 2665 5777 sed.

3081 5880 3153 5941 31
