4002 6308
223 306 331 364 973
1314 314 1601 379 PASTOR.
1641 358 1710 366 —-
1765 325 1893 383 LIB.
1934 328 2020 385 Ill.
2056 332 2258 389 SIMIL.
2303 334 2440 393 Vl".
3356 364 3463 421 974ν

218 445 476 503 magnam
514 432 754 489 laetitiam
799 435 1161 508 percipiebat;
1196 453 1297 494 nec
1326 441 1511 497 minus
1537 451 1723 513 pastor
1757 445 1848 500 ille
1869 462 1995 503 cum
2044 465 2110 505 eo
2143 451 2256 523 (51)
2282 469 2349 510 ex
2390 455 2581 513 eadem
2613 473 2779 518 causa
2824 464 3153 528 hilaritatem
3190 478 3459 549 capiebat.

1657 565 1886 622 CAPUT
1934 569 1997 624 ll.

288 641 447 701 Tunc
470 644 697 702 nuntius
732 645 947 706 Domini
984 668 1217 739 coronas
1239 655 1408 727 jussit
1442 659 1645 717 al‘l‘erri.
1682 663 1873 721 Allatas
1911 676 2041 723 sunt
2083 680 2266 726 autem
2298 688 2517 731 corona:
2546 678 2693 733 velut
2718 696 2785 736 ex
2810 683 3005 753 palmis
3040 687 3224 759 factm;
3265 703 3318 749 et
3360 711 3456 752 co-

208 742 434 798 ronavit
482 758 580 800 eos
609 743 759 799 viros
803 748 1056 817 nuntius,
1105 751 1161 806 in
1191 768 1425 823 quorum
1465 757 1638 827 virgis
1679 761 1968 831 pampinos
1998 764 2279 822 invenerat
2308 778 2362 824 et
2390 769 2629 827 fructum
2666 774 2816 844 (32);
2868 786 2923 833 et
2944 780 3110 850 jussit
3145 742 3240 843 eo's
3271 789 3352 845 ire
3396 790 3454 847 in

206 842 433 898 turrim.
468 841 575 899 Sed
620 852 674 899 et
700 842 823 900 illos
852 844 1002 901 viros
1032 845 1180 901 misit
1210 846 1265 901 in
1299 852 1516 918 turrim,
1555 853 1612 906 in
1647 868 1884 923 quorum
1915 857 2084 929 virgis
2114 861 2233 917 sine
2267 862 2449 920 fructu
2496 867 2610 936 (55)
2644 841 3454 952 inven’erat'pampinos,

202 936 293 993 eis
322 937 524 1009 sigillo.
548 934 694 1049 ἔδω
726 948 930 995 vestem
961 941 1223 1044 eamdem.
1240 942 1532 1014 habebant,
1565 947 1618 1002 id
1650 958 1735 1004 est
1760 952 2048 1008 candidam
2083 956 2225 1013 sicut
2254 960 2471 1029 nivem;
2505 934 2631 1019 cum
2669 981 2775 1035 qua
2804 934 3031 1039 jubebat
3059 934 3310 1043 ipsos‘ire

204 1029 265 1084 in
300 1028 519 1084 turrim.
548 1026 660 1085 Nec
690 1030 876 1086 minus
912 1041 967 1086 et
994 1045 1091 1086 eos
1131 1032 1227 1101 qui
1256 1034 1606 1091 reddiderant
1631 1038 1817 1110 virgas
1846 1056 1975 1099 suas
1998 1084 2014 1111 ,
2046 1044 2211 1101 sicuti
2244 1026 2568 1120 acceperant
2595 1026 2822 1126 virides:
2858 1061 2981 1117 data
3026 1026 3107 1118 ei;
3135 1074 3283 1121 veste
3316 1026 3451 1123 δεηί

196 1123 364 1191 dida;
396 1135 453 1182 et
479 1126 559 1183 sic
588 1142 683 1183 eos
713 1126 923 1184 dimisit
953 1128 1030 1184 ire
1062 1129 1174 1200 (55)
1212 1130 1267 1185 in
1304 1134 1521 1189 turrim.
1559 1133 1658 1191 His
1684 1141 2103 1209 consummatis,
2135 1144 2211 1198 ait
2238 1145 2306 1200 ad
2355 1157 2629 1219 pastorem
2661 1123 2812 1205 illum
2845 1171 2858 1208 :
2898 1152 3012 1226 Ego
3037 1156 3206 1225 vado;
3239 1166 3298 1214 tu
3321 1175 3454 1217 vero

195 1213 421 1273 dimitte
451 1217 553 1273 hos
584 1218 727 1273 intra
760 1235 969 1289 muros,
1005 1222 1059 1277 in
1090 1238 1156 1279 eo
1186 1225 1309 1281 loco
1338 1242 1449 1297 quo
1480 1230 1712 1300 quisque
1756 1236 1949 1291 metuit
1993 1234 2261 1304 habitare,
2295 1213 2658 1301 consideratis
2702 1249 2857 1317 prius
2885 1213 3055 1322 vii-gis
3085 1213 3277 1309 eorum
3324 1255 3450 1311 dili-

195 1320 435 1379 genter:
468 1322 676 1382 tamen,
726 1332 796 1372 ne
825 1319 950 1387 quis
998 1327 1049 1373 te
1092 1319 1266 1389 fallat,
1310 1326 1618 1382 considera.
1651 1326 1756 1384 Sed
1787 1330 1911 1387 etsi
1941 1332 2065 1402 quis
2098 1342 2148 1388 te
2191 1337 2533 1404 praeterierit,
2580 1340 2777 1411 inquit,
2816 1357 2917 1413 ego
2963 1319 3059 1398 eos
3097 1360 3263 1417 super
3293 1361 3449 1404 aram

189 1404 470 1513 probabo.
511 1404 609 1462 His
640 1409 708 1463 ad
750 1420 1026 1479 pastorem
1070 1416 1254 1484 dictis,
1285 1424 1532 1479 recessit.
1566 1423 1868 1497 Postquam
1900 1428 1989 1485 ille
2018 1430 2367 1502 discesserat,
2418 1437 2500 1490 ait
2546 1438 2681 1493 mihi
2730 1448 2955 1510 pastor:
2988 1404 3337 1513 Accipiamus
3373 1446 3446 1503 ab

192 1497 460 1554 omnibus
502 1499 716 1571 virgas;
749 1512 804 1559 et
840 1506 1148 1575 plantemus
1175 1509 1320 1571 illas.
1370 1511 1416 1567 si
1447 1515 1662 1582 possint
1704 1517 2036 1574 revirescere
2074 1520 2209 1592 (56).
2241 1497 2372 1579 Dico
2395 1525 2446 1579 ei
2478 1544 2491 1580 :
2527 1497 2776 1597 Domine,
2815 1532 2931 1588 ista:
2957 1548 3078 1603 qua:
3114 1497 3244 1589 sunt
3278 1536 3446 1593 aridae

188 1589 388 1660 virgze,
424 1608 535 1698 quo
570 1597 734 1653 modo
764 1613 997 1669 possunt
1012 1603 1500 1679 revirescere?(‘57)
1530 1610 1618 1664 Ait
1644 1612 1781 1666 mihi
1808 1631 1822 1667 :
1850 1615 2031 1671 Arbor
2053 1589 2157 1672 ista
2187 1619 2324 1675 salix
2356 1630 2463 1689 est,
2498 1631 2554 1677 et
2587 1638 2800 1694 semper
2822 1589 3172 1682 amatlvitam.
3203 1626 3258 1681 Si
3288 1629 3444 1698 plan-

193 1690 325 1786 tatae
350 1698 480 1755 ergo
505 1683 711 1786 fuerint
755 1690 839 1746 hae
882 1694 1066 1764 virgze,
1103 1703 1469 1773 exiguumque
1498 1705 1746 1763 humoris
1785 1712 2096 1781 acceperint
2137 1713 2273 1786 (58),
2314 1717 2564 1786 plurima:
2589 1735 2653 1774 ex
2688 1683 2767 1775 eis
2797 1722 3153 1778 revirescent.
3188 1683 3440 1781 Teritabo

184 1775 378 1878 enim,.
395 1786 449 1833 et
476 1779 786 1838 suﬂundam
820 1785 932 1856 (59)
968 1788 1048 1843 eis
1076 1804 1271 1861 aquam
1309 1811 1321 1845 :
1353 1802 1408 1848 et
1431 1794 1479 1848 si
1508 1811 1615 1865 qua
1647 1811 1836 1853 earum
1882 1803 2125 1871 potuerit
2155 1775 2359 1871 vivere,
2389 1807 2707 1876 gratulabor
2735 1809 2821 1876 ei;
2862 1811 3008 1881 quod
3048 1811 3093 1866 si
3130 1828 3260 1879 non,
3291 1824 3440 1870 certe

183 1879 302 1919 non
329 1867 553 1975 videbor
585 1886 685 1942 ego
718 1876 999 1949 negligens
1027 1883 1219 1941 fuisse.
1261 1884 1437 1944 Jussit
1463 1890 1660 1949 deinde
1689 1909 1777 1950 me
1805 1909 2006 1952 vocare
2037 1888 2155 1953 eos.
2185 1897 2251 1954 Et
2286 1902 2430 1957 sicut
2471 1910 2741 1959 steterunt
2767 1906 3003 1975 quisque
3026 1921 3240 1975 eorum,
3272 1924 3438 1965 vene-

182 1966 325 2013 runt
348 1960 689 2065 ordine-suo,
720 1966 1014 2043 virgasque
1053 1992 1182 2033 suas
1212 1979 1593 2039 tradiderunt:
1648 2001 1788 2055 quas
1818 1999 2072 2059 acceptas
2116 1990 2206 2046 ille
2250 1993 2496 2065 singulas
2545 1960 2810 2065 plantavit
2850 1960 3136 2054 ordinibus
3181 1960 3318 2057 sdis.
3368 2002 3438 2058 Et

180 2062 476 2125 postquam
506 2058 805 2163 plan-tasset
833 2078 1045 2135 omnes,
1075 2086 1275 2141 aquam
1307 2072 1536 2130 multam
1578 2058 2087 2152 supereﬂ‘uditMO)
2118 2083 2254 2153 illis;
2287 2058 2367 2139 ita
2400 2096 2460 2140 ut
2488 2058 2798 2158 tegerentur
2836 2089 2904 2144 ab
2942 2105 3106 2160 aqua,
3148 2107 3325 2163 neque
3363 2095 3435 2150 ab

180 2160 252 2201 ea
280 2156 581 2205 exstarent.
614 2150 819 2210 Deinde
863 2172 987 2213 cum
1020 2161 1300 2233 irrigasset
1347 2166 1491 2235 illas,
1521 2169 1598 2223 ait
1641 2170 1775 2225 mihi
1805 2190 1818 2227 :
1852 2150 2087 2242 Eam-us;
2130 2186 2185 2231 et
2214 2187 2338 2248 post
2368 2193 2574 2249 paucos
2615 2180 2732 2236 dies
2764 2190 3121 2251 revertamur,
3150 2194 3205 2240 et
3248 2186 3433 2243 visite-

178 2255 315 2299 mus
344 2259 455 2301 eas.
492 2243 597 2313 Qui
628 2250 835 2305 creavit
860 2252 1007 2306 enim
1033 2254 1176 2309 hanc
1203 2256 1481 2325 arborem,
1512 2260 1697 2317 vivere
1728 2264 1847 2319 vult
1883 2266 1996 2336 (41)
2029 2282 2221 2324 omnes
2251 2283 2366 2336 eos,
2402 2270 2495 2339 qui
2526 2286 2592 2325 ex
2621 2286 2683 2325 ea
2722 2286 3051 2345 acceperunt
3087 2277 3289 2349 virgas.
3316 2278 3430 2351 Ego

178 2350 375 2398 autem
406 2358 586 2415 spero,
618 2361 745 2402 cum
776 2348 889 2404 sint
919 2364 1061 2422 aqua
1104 2353 1466 2424 superinfusa:
1495 2357 1580 2413 ha:
1611 2360 1723 2429 (42)
1758 2362 1941 2433 virgae,
1974 2364 2238 2433 plurimas
2270 2366 2512 2422 victuras
2542 2368 2774 2427 humore
2815 2382 2975 2443 capto
3006 2374 3143 2444 (45).

1622 2481 1852 2538 CAPUT
1899 2483 1985 2540 Ill.

251 2560 389 2620 Dico
418 2566 469 2622 ei
503 2585 517 2621 :
562 2568 741 2627 Arbor
778 2571 915 2639 haec,
957 2574 1208 2646 Domine,
1241 2577 1559 2637 demonstra
1596 2583 1755 2649 mihi,
1797 2585 1927 2655 quid
1960 2586 2033 2641 sit
2063 2606 2076 2641 :
2111 2588 2271 2645 valde
2313 2589 2459 2645 enim
2496 2605 2742 2659 moveor,
2775 2591 2926 2663 quod
2957 2599 3039 2647 tot
3067 2591 3241 2646 ramis
3276 2590 3418 2646 reci.

148 2658 259 2714 .sis
308 2660 423 2730 (44)
464 2660 677 2736 integra
725 2666 979 2725 videatur
1022 2686 1178 2742 esse;
1231 2690 1331 2731 nec
1371 2677 1595 2734 omnino
1644 2681 1948 2752 quidquam
1985 2682 2053 2738 de
2075 2698 2140 2739 ea
2183 2685 2369 2743 minus
2413 2687 2629 2743 videtur
2670 2658 2838 2751 esse;
2868 2698 2978 2755 quo
3026 2682 3267 2737 maxime
3306 2680 3423 2752 (45)

172 2762 393 2823 stupeo.
417 2754 599 2824 Audi,
632 2759 810 2830 inquit
842 2761 1061 2818 :Arbor
1099 2763 1213 2821 haec
1248 2780 1443 2838 magna
1492 2785 1616 2839 quae
1654 2786 1879 2843 campos
1908 2774 2042 2845 tegit
2089 2790 2153 2831 ac
2210 2787 2427 2833 montes
2475 2788 2753 2850 totamque
2811 2754 3011 2833 terram
3036 2818 3052 2844 ,
3100 2776 3185 2830 lex
3214 2783 3296 2829 est
3326 2772 3420 2829 Dei

170 2844 232 2899 in
279 2855 451 2902 totum
507 2852 694 2908 orbem
743 2864 1014 2911 terrarum
1055 2858 1204 2915 data.
1238 2857 1349 2915 Hac
1395 2870 1575 2915 autem
1633 2862 1748 2934 lege
1799 2862 1971 2921 Filius
2016 2866 2112 2922 Dei
2168 2869 2497 2938 praedicatus
2538 2844 2771 2941 (46)-est
2824 2872 2881 2925 in
2922 2868 3181 2924 omnibus
3214 2864 3422 2920 llnibus

170 2937 328 2994 orbis
352 2952 531 2998 teme.
558 2942 753 3016 Populi
776 2964 908 3019 vero
932 2960 1142 3007 stantes
1171 2952 1274 3008 sub
1302 2956 1494 3011 umbra
1514 2999 1530 3023 ,
1556 2956 1593 3011 ii
1618 2967 1747 3012 sunt
1772 2959 1867 3029 qui
1883 2937 2184 3018 audierunt,
2202 2937 2613 3035 praedicationes
2634 2937 2775 3036 ejus,
2799 2974 2852 3019 et
2874 2961 3244 3019 crediderunt.
3268 2957 3420 3013 Nun-

168 3030 287 3087 tius
319 3041 503 3090 autem
536 3032 625 3092 ille
650 3039 975 3112 magnificus
995 3049 1050 3096 et
1074 3043 1254 3100 bonus
1278 3045 1390 3115 (47)
1416 3045 1643 3102 Michael
1671 3058 1757 3104 est
1780 3089 1797 3116 ,
1829 3051 1924 3120 qui
1976 3054 2161 3123 p0puli
2190 3030 2354 3126 bujus
2380 3056 2543 3112 habet
2571 3030 2896 3127 potestatem
2921 3062 2977 3109 et
3006 3052 3273 3124 gubernat
3293 3065 3413 3106 eos.

168 3123 276 3182 Hic
327 3128 474 3183 enim
519 3129 574 3185 in
604 3134 769 3189 corde
806 3150 997 3190 eorum
1028 3137 1122 3207 qni
1153 3139 1520 3206 crediderunt,
1555 3142 1749 3198 inserit
1787 3143 1959 3216 legem
1988 3147 2122 3220 (48).
2157 3123 2355 3205 Visitat
2381 3151 2547 3221 igitur
2572 3123 2689 3219 eos,
2724 3148 2925 3220 quibus
2955 3123 3103 3201 dedit
3137 3144 3331 3214 legem,
3363 3144 3414 3199 si

167 3233 295 3273 eam
328 3222 725 3279 custodierunt.
760 3223 918 3281 Videt
943 3238 1125 3284 autem
1161 3230 1599 3305 uniuscujusque
1633 3236 1867 3308 virgam,
1899 3249 1953 3295 et
1979 3256 2043 3295 ex
2072 3242 2152 3297 eis
2181 3244 2383 3299 multas
2414 3244 2731 3300 labefactas.
2776 3241 2885 3296 Illa:
2909 3238 3057 3294 enim
3087 3237 3271 3305 virgae,
3308 3233 3415 3289 Do-

168 3311 307 3368 mini
332 3312 418 3368 lex
442 3325 587 3370 sunt.
618 3315 912 3389 Cognoscit
936 3328 1119 3376 autem
1147 3322 1263 3392 (49)
1289 3323 1487 3381 deinde
1515 3339 1708 3383 omnes
1733 3343 1850 3395 eos,
1892 3330 1987 3400 qui
2020 3347 2129 3387 non
2156 3344 2515 3390 servaverunt
2545 3336 2750 3405 legem;
2783 3334 2964 3389 sciens
2994 3329 3178 3386 sedem
3213 3328 3410 3381 unius—

165 3404 439 3476 cujusque
466 3422 679 3464 eorum.
717 3408 848 3466 Dico
873 3410 966 3466 ei:
1004 3411 1205 3481 Quare,
1234 3415 1477 3484 inquam,
1518 3415 1773 3485 Domine,
1810 3418 1949 3475 alios
1978 3421 2187 3477 dimisit
2214 3423 2269 3476 in
2301 3424 2519 3491 turrim,
2572 3404 2710 3479 alios
2743 3414 2839 3478 tibi
2886 3421 2975 3476 hic
3009 3418 3269 3489 reliquit?
3307 3414 3410 3475 Hi.

165 3495 368 3566 inquit,
396 3497 709 3570 quicunque
736 3503 1078 3572 supergressi
1106 3514 1234 3558 sunt
1262 3504 1432 3574 legem
1463 3521 1627 3576 quam
1664 3508 1733 3563 ab
1766 3523 1833 3564 eo
1868 3520 2217 3579 acceperunt,
2258 3512 2313 3566 in
2343 3528 2465 3568 mea
2504 3514 2678 3569 relicti
2710 3523 2839 3570 sunt
2874 3520 3175 3583 potestate;
3207 3517 3270 3564 ut
3314 3509 3413 3564 ad-

166 3594 466 3649 missorum
503 3596 617 3666 (50)
650 3612 878 3653 suorum
925 3604 1089 3668 agant
1116 3596 1530 3666 paenitentiam;
1563 3601 1656 3670 qui
1693 3610 1876 3656 autem
1914 3600 2299 3659 satisfecerunt
2327 3604 2428 3673 legi
2456 3614 2511 3660 et
2544 3614 2901 3661 servaverunt
2942 3618 3086 3668 eam,
3112 3602 3215 3658 sub
3259 3601 3407 3655 illius

165 3694 437 3756 potestate
460 3698 607 3744 sunt.
641 3686 745 3756 Qui
775 3698 903 3744 sunt
938 3702 1089 3757 ergo,
1116 3685 1365 3754 Domine,
1397 3689 1644 3758 inquam,
1677 3690 1731 3745 in
1760 3691 1953 3745 turrim
1983 3700 2175 3748 euntes
2208 3693 2496 3747 coronati?
2520 3693 2611 3748 Ait
2648 3690 2783 3747 mihi
2810 3711 2824 3747 :
2856 3690 3181 3760 Quicunque
3217 3688 3406 3743 luctati

166 3791 296 3831 cum
320 3777 539 3833 diabolo
567 3778 818 3834 vicerunt
839 3793 988 3844 eum,
1021 3779 1098 3833 illi
1127 3788 1257 3835 sunt
1291 3781 1561 3835 coronati.
1594 3780 1674 3835 llli
1706 3793 1889 3838 autem
1923 3791 2073 3849 sunt,
2100 3785 2195 3854 qui
2227 3794 2289 3840 ut
2332 3794 2613 3841 servarent
2635 3788 2832 3856 legem,
2878 3781 3120 3854 perpessi
3147 3790 3278 3837 sunt
3301 3780 3409 3834 ini-

159 3884 276 3941 qua
299 3871 434 3942 (51).
474 3869 557 3926 [lli
589 3887 740 3939 vero,
767 3874 862 3944 qui
895 3873 1097 3929 virides
1137 3874 1320 3945 virgas
1355 3875 1760 3946 pampinosque
1800 3875 1920 3932 sine
1955 3876 2138 3932 fructu
2179 3877 2444 3933 habentes
2478 3878 2849 3943 tradiderunt,
2899 3882 3122 3945 propter
3154 3871 3404 3928 eamdem

160 3962 385 4031 quidem
416 3962 589 4034 legem
634 3967 977 4023 vexationem
1015 3967 1414 4036 sustinuerunt,
1458 3984 1569 4024 non
1600 3970 1856 4026 obierunt
1883 3980 2065 4027 autem
2094 3983 2326 4029 mortem
2370 3973 2524 4043 (52);
2564 3973 2659 4029 sed
2692 3986 2791 4027 nec
2830 3970 3236 4042 abnegaverunt
3275 3981 3408 4022 san-

119 4094 129 4101 .
157 4061 306 4108 ctam
332 4054 445 4124 (55)
471 4056 665 4128 legem.
690 4056 758 4113 Hi
789 4073 939 4124 vero,
972 4060 1067 4130 qui
1102 4060 1324 4127 virides,
1350 4060 1494 4116 sicut
1522 4072 1864 4133 acceperant,
1895 4062 2265 4133 tradiderunt;
2293 4064 2525 4121 modesti
2546 4074 2676 4122 sunt
2696 4077 2859 4140 atque
2883 4067 3111 4140 justi,et
3130 4067 3224 4138 qui
3247 4066 3403 4123 valde

155 4163 297 4217 pura
326 4162 506 4207 mente
540 4153 793 4209 vixerunt
817 4164 872 4210 et
897 4156 1273 4212 custodierunt
1300 4157 1554 4213 mandata
1596 4158 1725 4237 Dei.
1746 4158 1979 4229 Reliqua
2015 4170 2199 4217 autem
2240 4161 2402 4231 scies,
2430 4177 2557 4218 cum
2590 4164 3016 4221 consideravero
3059 4162 3182 4218 illas
3208 4162 3395 4235 virgas

153 4260 297 4316 quas
327 4244 569 4316 plantavi
607 4259 662 4305 et
689 4250 937 4323 irrigavi.

1605 4328 1834 4385 CAPUT
1878 4329 1971 4385 ιν.

224 4426 359 4486 Post
382 4446 589 4501 paucos
614 4448 747 4491 vero
775 4435 893 4492 dies
913 4437 1117 4494 reversi
1141 4452 1370 4506 sumus;
1401 4438 1703 4510 eodemque
1730 4439 1852 4496 loco
1878 4441 2124 4497 consedit
2147 4440 2374 4497 nuntius
2402 4440 2494 4497 ille
2517 4440 2874 4513 magniﬁcus;
2905 4456 3008 4512 ego
3039 4450 3221 4499 autem
3243 4442 3395 4499 astiti

1259 4573 1497 4629 VARIIE
1536 4574 1919 4633 LECTIONES
1955 4576 2044 4634 ΕΤ
2081 4576 2311 4634 NOTAE.

245 4689 338 4770 51)
364 4690 458 4770 _Sic
486 4691 669 4770 Ij‘ellus
690 4709 756 4770 ex
781 4692 973 4770 Lamb.
1012 4694 1097 4748 Al.
1135 4692 1417 4770 omittunt,
1450 4708 1569 4746 cum
1589 4710 1669 4770 e_o.
1889 4695 2002 4770 (45)
2028 4695 2219 4770 Lamb.
2250 4699 2408 4770 hamo
2426 4697 2854 4770 recepturaBodl.
2884 4699 3103 4770 humore
3121 4715 3380 4770 percepto.

245 4690 307 4744 51
368 4690 458 4748 Sic
486 4691 669 4749 Fellus
690 4709 756 4748 ex
781 4692 973 4748 Lamb.
1012 4694 1097 4748 Al.
1135 4692 1417 4759 omittunt,
1450 4708 1569 4746 cum
1589 4710 1669 4747 eo.
1889 4695 2002 4765 (45)
2028 4695 2219 4752 Lamb.
2250 4699 2408 4750 Immo
2426 4708 2673 4763 receptas.
2700 4697 2854 4754 Bodl.
2884 4699 3103 4752 humore
3121 4715 3205 4765 per

364 4763 561 4849 Lamb.
582 4782 665 4849 eos
696 4767 853 4849 uiros,
884 4766 938 4817 in
978 4780 1205 4845 quorum
1237 4763 1399 4849 virgis
1441 4765 1709 4832 pampino-
2030 4765 2163 4849 Mss.
2190 4767 2351 4849 Angl.
2380 4769 2634 4849 praeviis.
2664 4767 2758 4825 Sic
2784 4779 2840 4825 et
2865 4769 2999 4825 edit.
3027 4766 3205 4824 Oxon.

146 4835 562 4907 nanyenerat
586 4836 814 4907 fructum
843 4836 1115 4907 .‘70misso,
1143 4834 1380 4888 nuntius.
1886 4837 2000 4907 (45)
2033 4837 2163 4907 Mss.
2197 4834 2355 4907 Angl.
2382 4834 2611 4894 nomine.

216 4904 332 4979 (55)
355 4903 546 4979 Lamb.
579 4903 936 4979 desunt,_si_ne
963 4904 1200 4979 fructu“
1282 4971 1344 4979 ___
1465 4973 1474 4979 .
1535 4972 1545 4979 _
1598 4973 1607 4979 _
1885 4903 2001 4977 (46)
2052 4906 2242 4962 Lamb.
2287 4903 2424 4961 Ἡωσ
2464 4917 2644 4964 autem
2672 4908 2758 4964 lea:
2787 4908 2965 4964 Filius
2996 4908 3095 4964 Dei
3124 4920 3221 4979 est,
3250 4926 3387 4979 prte-

218 4971 345 5046 (54⁷)
364 4973 553 5029 Lamb.
582 4976 769 5046 quibus
794 4971 1011 5045 jubeant
1044 4975 1144 5029 ire.
1173 4974 1245 5029 At
1282 4971 1425 5029 Vict.
1455 4972 1714 5029 habebant
1813 4971 2035 5031 dic'anis.

142 5044 514 5120 proijttbgbata
596 5044 614 5120 ξ
789 5044 801 5120 _'
1810 5115 1850 5120 _
1886 5046 1997 5120 (47)
2022 5047 2162 5120 Mss1
2209 5048 2376 5120 Angl.
2401 5065 2621 5120 magna:
2652 5061 2701 5105 ea
2745 5051 3015 5120 honestus.
3051 5049 3125 5103 Ita
3166 5063 3386 5120 quoque

211 5117 328 5187 (55)
357 5114 555 5188 Lamb.
585 5116 754 5188 deest,
782 5118 878 5170 ire.
951 5186 958 5188 _
998 5186 1007 5188 _
1206 5184 1225 5188 _
1533 5182 1581 5188 _g
1809 5114 1943 5172 Felli
1969 5118 2101 5174 edit.
2130 5114 2696 5174 Oxonfﬂunc'locum
2729 5120 2917 5175 laudat
2941 5114 3202 5188 Origenes
3222 5114 3383 5188 Cdm-

210 5182 507 5266 (56)_'Bodl.
538 5196 602 5266 et
622 5185 819 5266 Lamb;
856 5186 1173 5266 reviviscere.
1205 5184 1284 5266 ita
1321 5198 1506 5266 sa:ch
1528 5182 1620 5240 Sic
1658 5194 1712 5266 et
1808 5189 2075 5266 ment.__
2140 5189 2331 5243 Matth.
2383 5198 2515 5243 tom.
2572 5188 2717 5257 XIV,
2747 5192 2880 5246 edit.
2932 5182 3066 5245 nov:
3107 5199 3240 5245 tom.
3298 5187 3379 5254 ll,

138 5253 273 5313 ms's.
314 5254 448 5312 Vict.
484 5267 536 5311 et
564 5256 746 5311 Carm.
780 5257 960 5312 Fellus
990 5266 1171 5311 autem
1204 5256 1259 5310 in
1295 5253 1428 5310 edit.
1465 5253 1641 5311 Oxon.
1665 5258 1711 5311 si
1807 5271 1931 5326 pag.
1964 5258 2090 5314 644.

137 5331 276 5399 [οι-ιε
303 5329 505 5412 pqssint
536 5329 915 5412 revirescere.”
1037 5396 1048 5406 .
1246 5397 1255 5406 '

1882 5326 1995 5412 iiii)
2016 5326 2211 5412 .LamP-
2243 5327 2403 5412 ιεθςῖη
2429 5342 2602 5412 suam.
3120 5401 3129 5411 .
3250 5402 3258 5411 .

206 5395 326 5478 (ΞΖ)
353 5395 545 5478 Lamb.
574 5397 771 5478 desunt
798 5416 813 5453 :
851 5396 978 5451 Dico
1002 5396 1120 5451 ei...
1152 5397 1479 5458 reuirescere.
1665 5417 1674 5429 ·
1819 5466 1832 5478 _
1880 5395 1992 5465 (49)
2016 5400 2211 5478 Lamb.
2234 5395 2387 5452 cxiii:
2412 5399 2605 5478 malta;
2632 5414 2866 5456 vexatas.
2896 5399 3017 5456 Ιιιω
3046 5401 3187 5456 enim
3213 5402 3374 5470 virga

205 5469 322 5535 (38)
356 5468 546 5549 Lamb.
577 5469 863 5549 hit-marem.
1815 5466 2383 5549 (emineat._Cognoscerts
2408 5468 2614 5549 deinde.

204 5540 324 5620 (ὄρ)
358 5536 547 5620 Lamb.
580 5537 867 5620 effundam:
912 5609 945 5620 η
1074 5608 1108 5620 _
1166 5609 1193 5620 Γ
2032 5536 2227 5620 Lamb.
2252 5540 2672 5618 commissorum.

228 5608 323 5672 40)
357 5607 544 5662 Lamb.
573 5608 780 5677 eﬂ'udit.
817 5608 970 5665 Bodl.
997 5608 1247 5676 suffudit.
1883 5607 1999 5677 (51)
2028 5607 2182 5677 Bodl.
2213 5608 2431 5677 iujusta.

228 5615 323 5672 40)
357 5615 544 5662 Lamb.
573 5615 780 5677 effudit.
817 5615 970 5665 Bodl.
997 5615 1247 5676 stt/fudit.
1908 5615 1999 5678 51)
2029 5615 2182 5661 Bodl.
2213 5615 2431 5677 iujusla.

228 5680 322 5745 41)
356 5677 547 5732 Lamb.
571 5679 756 5748 jussit.
1883 5615 2001 5818 £52)
2028 5676 2218 5732 Lamb.
2254 5679 2475 5758 oderunt
2507 5695 2624 5733 vero
2652 5680 2834 5767 l‘egem.

230 5749 324 5817 42)
351 5748 481 5803 Mss.
511 5749 668 5818 Angl.
696 5750 973 5818 adaquala:
1002 5749 1103 5804 har.
1355 5780 1369 5795 ο
1913 5748 2005 5818 55)
2039 5746 2173 5805 Mss.
2197 5747 2529 5818 Angl.,Vict.
2563 5759 2618 5806 et
2645 5752 2829 5807 Carm.

206 5746 324 5818 (42)
351 5748 481 5803 Mss.
511 5746 668 5818 Angl.
696 5750 973 5821 adaquala:
1002 5749 1103 5804 har.
1355 5780 1369 5795 ο
1890 5746 2005 5829 (55)
2039 5746 2173 5805 Mss.
2197 5747 2529 5818 Angl.,Vict.
2563 5759 2618 5806 et
2645 5746 2829 5807 carm.
2860 5769 3033 5809 suam.
