4002 6308
644 299 752 355 975
2076 295 2133 350 S.
2175 295 2217 350 ﬂ

2248 294 2443 352 BRMIE
2792 310 2795 317 ‘
3746 305 3828 362 916

638 417 709 473 ei.
763 414 917 468 Tune
961 412 1038 466 ait
1088 409 1219 465 mihi
1266 428 1280 463 :
1370 409 1637 481 Suecinge
1698 407 1836 477 (54)
1899 416 1950 463 to
2019 406 2257 474 sabano,
2298 418 2355 464 et
2412 406 2662 463 ministra
2698 407 2855 463 mihi.
2913 408 3175 471 Succinxi
3228 425 3315 467 me
3383 413 3585 472 sabano
3621 422 3828 491 mundo,

640 509 785 578 quod
831 513 947 561 erat
989 502 1193 558 factum
1241 516 1307 557 ex
1344 515 1526 556 sacco.
1578 499 1648 554 Ut
1689 510 1868 553 autem
1927 498 2063 553 vidit
2119 514 2204 554 me
2259 500 2519 566 cinctum,
2551 509 2605 554 et
2656 512 2906 569 paratum
2967 502 3042 557 illi
3087 505 3202 575 (55)
3228 508 3555 577 ministrare,
3589 516 3830 577 ait:Voca

638 605 786 658 viros
835 603 980 668 illos,
1024 612 1261 671 quorum
1322 594 1489 663 virga:
1531 592 1784 662 plantatze
1833 598 1981 655 sunt,
2038 605 2139 645 suo
2197 606 2474 661 quemque
2530 591 2742 659 ordine,
2795 594 2939 649 sicut
2991 610 3349 665 porrexerunt
3404 604 3542 662 illas.
3605 606 3667 663 Et
3710 612 3831 669 duxit

638 713 727 753 me
784 698 838 751 in
899 709 1183 763 campum;
1237 700 1289 746 et
1347 685 1536 742 vocavi
1590 684 1702 753 (56)
1752 698 1977 749 omnes;
2031 684 2126 753 qui
2180 686 2345 739 etiam
2402 686 2638 741 universi
2688 687 3058 745 constiterunt
3097 697 3384 755 ordinibus
3430 703 3543 772 (57)
3599 706 3718 762 suis.
3766 708 3831 766 Αίι

640 782 835 839 deinde
864 781 931 836 ad
958 780 1081 834 illos
1107 797 1119 833 :
1148 777 1392 846 Quisque
1417 777 1623 846 virgam
1651 790 1807 830 suam
1832 775 2107 840 extrahat,
2134 784 2189 830 et
2220 776 2288 831 ad
2315 791 2400 831 me
2433 776 2647 831 atterat.
2685 776 2750 833 Et
2774 779 2948 848 primo
2974 782 3332 856 tradiderunt,
3372 794 3469 861 qui
3497 794 3672 851 aridas
3690 807 3736 851 et
3755 816 3829 869 pu-

641 881 809 936 tridas
836 878 1164 933 habuerunt.
1196 874 1266 929 Et
1290 890 1525 944 quorum
1551 872 1663 944 (58)
1695 872 1926 943 putrida:
1949 881 2003 927 et
2028 872 2197 927 aridae
2238 881 2466 941 reperta:
2498 884 2629 929 sunt
2650 873 2834 944 virgae,
2858 874 3023 945 jussit
3052 892 3147 934 eos
3188 890 3335 937 stare
3363 898 3631 939 seorsum.
3675 885 3832 945 Deinde

635 982 999 1045 porrexerunt
1027 972 1121 1042 qui
1151 970 1335 1024 aridas
1368 964 1610 1037 quidem,
1644 963 1739 1018 sed
1770 979 1876 1018 non
1905 963 2153 1033 pulridas
2198 963 2527 1019 habuerunt.
2562 965 2745 1037 Aliqui
2775 982 2967 1023 eorum
3012 971 3354 1030 tradiderunt
3380 976 3563 1048 virgas
3606 977 3709 1049 (59)
3736 982 3830 1035 viri.

638 1072 773 1127 des:
806 1070 1028 1142 quidam
1078 1082 1206 1123 vero
1250 1064 1433 1121 aridas
1463 1071 1517 1117 et
1561 1060 1831 1131 putridas,
1865 1061 2013 1116 velut
2041 1077 2070 1115 a
2118 1061 2261 1116 tinea
2295 1070 2493 1117 tactas.
2526 1060 2636 1117 Eos
2663 1063 2756 1131 qui
2785 1064 2986 1120 virides
3034 1068 3399 1135 tradiderunt,
3447 1072 3608 1140 jussit
3637 1088 3831 1130 seorsum

637 1173 781 1217 stare
814 1178 827 1214 :
858 1162 979 1216 illos
1008 1173 1139 1215 vero
1170 1157 1262 1228 qui
1294 1155 1476 1210 aridas
1503 1162 1557 1209 et
1588 1152 1833 1224 putridas
1861 1153 2223 1217 tradiderunt,
2250 1167 2373 1207 cum
2394 1152 2587 1223 primis
2619 1162 2765 1208 stare
2794 1153 2909 1224 (60)
2936 1154 3124 1224 jussit.
3170 1157 3551 1218 Porrexerunt
3587 1163 3756 1219 deinde
3776 1166 3831 1220 illi

636 1261 731 1332 qui
759 1259 1081 1316 semiaridas
1111 1256 1439 1317 habuerant,
1472 1262 1526 1308 et
1555 1253 1827 1308 scissuras
1870 1251 2133 1307 habentes
2163 1269 2177 1304 :
2215 1250 2374 1306 multi
2420 1266 2487 1305 ex
2538 1250 2646 1305 illis
2693 1250 2893 1306 virides
2938 1262 3323 1321 porrexerunt,
3355 1268 3460 1310 nec
3489 1256 3740 1311 scissuras
3765 1259 3831 1312 ha-

636 1353 861 1417 bentes;
893 1352 1113 1421 quidam
1146 1365 1277 1406 vero
1304 1350 1530 1415 virides,
1559 1348 1843 1419 pampinos
1874 1348 2158 1409 habentes.
2188 1359 2243 1403 et
2271 1348 2326 1402 in
2358 1348 2633 1419 pampinis
2660 1346 2927 1413 fructum,
2961 1348 3105 1404 sicut
3133 1349 3207 1404 illi
3237 1352 3331 1421 qui
3363 1351 3421 1405 in
3453 1353 3642 1408 turrim
3670 1353 3833 1411 iverunt

635 1449 901 1505 coronati.
946 1449 1049 1502 Alii
1098 1458 1459 1518 porrexerunt
1508 1446 1712 1508 aridas,
1763 1453 1819 1500 et
1850 1460 1960 1499 non
1996 1446 2263 1514 putridas.
2300 1444 2533 1512 Quidam
2560 1460 2693 1501 vero
2721 1446 2865 1502 sicut
2896 1446 3133 1516 fuerant,
3179 1444 3512 1500 semiaridas
3542 1454 3595 1499 et
3621 1445 3833 1503 scissuras

637 1545 917 1601 habentes.
960 1542 1133 1599 Jussit
1168 1557 1614 1613 unumquemque
1641 1556 1830 1596 eorum
1860 1556 2106 1597 seorsum
2138 1551 2314 1608 stare;
2350 1542 2486 1597 alios
2513 1557 2614 1598 suo
2647 1557 2921 1613 quemque
2953 1544 3146 1601 ordine
3169 1538 3302 1611 (61),
3332 1540 3477 1595 alios
3512 1554 3755 1598 seorsum.

2086 1635 2315 1693 CAPUT
2373 1636 2440 1693 Υ.

704 1736 909 1792 Deinde
934 1740 1294 1803 porrexerunt
1324 1732 1418 1803 qui
1464 1732 1768 1789 habuerant
1796 1732 1908 1804 (62)
1936 1732 2137 1787 virides
2169 1734 2389 1805 quidem
2434 1734 2639 1807 virgas,
2669 1735 2765 1792 sed
2812 1736 3087 1792 scissuras
3116 1735 3405 1793 habentes.
3438 1733 3507 1790 lli
3540 1749 3717 1791 omnes
3738 1734 3828 1789 viri-

632 1833 728 1888 des
756 1830 1116 1895 tradiderunt,
1148 1844 1358 1899 suoque
1385 1828 1578 1883 ordine
1608 1837 1896 1884 steterunt.
1942 1828 2215 1885 Gaudium
2251 1840 2432 1885 autem
2476 1846 2541 1886 ex
2574 1831 2662 1886 his
2692 1832 2930 1902 percepit
2957 1831 3046 1887 hic
3078 1831 3273 1886 Pastor
3300 1870 3318 1897 ,
3342 1828 3495 1899 quod
3527 1842 3704 1883 omnes
3728 1826 3826 1896 poli-

633 1938 703 1983 tae
732 1927 844 1997 (65)
881 1934 1086 1991 essent,
1121 1936 1175 1981 et
1195 1925 1581 1995 deposuissent
1610 1925 1884 1982 scissuras
1930 1941 2081 1981 suas.
2112 1925 2319 1982 Deinde
2352 1936 2738 1997 porrexerunt,
2785 1930 2879 2000 qui
2909 1928 3196 1984 dimidiam
3224 1927 3488 1991 viridem,
3516 1934 3570 1981 et
3602 1922 3825 1981 dimidiam

633 2025 842 2080 aridam
874 2024 1219 2079 habuerant:
1250 2024 1611 2093 quorumdam
1643 2038 1773 2079 vero
1802 2024 2034 2079 inventa:
2062 2034 2191 2080 sunt
2216 2033 2345 2080 totae
2371 2024 2605 2090 virides;
2651 2026 2883 2081 aliorum
2915 2023 3253 2081 semiaridte:
3320 2018 3563 2073 aliorum
3604 2014 3771 2069 virides
3790 2021 3827 2066 et

633 2119 917 2189 pampinos
941 2117 1202 2173 habentes
1224 2116 1359 2188 (64).
1383 2115 1446 2170 lli
1465 2130 1655 2171 omnes
1670 2114 1883 2171 dimissi
1910 2123 2039 2172 sunt
2068 2116 2451 2188 unusquisque
2474 2117 2528 2172 in
2546 2133 2705 2173 suum
2730 2118 2973 2172 ordinem
2992 2116 3128 2187 (65).
3158 2111 3536 2169 Tradiderunt
3560 2106 3665 2179 (66)
3684 2105 3825 2161 deinde

633 2212 725 2281 qui
746 2212 1052 2267 habuerant
1085 2212 1223 2266 duas
1245 2220 1430 2281 partes
1454 2210 1728 2281 virgarum
1756 2226 1984 2267 suarum
2012 2212 2233 2275 virides,
2260 2212 2589 2284 tertiamque
2610 2214 2818 2267 aridam
2845 2212 3036 2268 :multi
3061 2227 3130 2266 ex
3164 2212 3244 2268 eis
3270 2208 3481 2264 virides
3510 2211 3823 2278 porrexerunt;

636 2308 790 2363 multi
822 2306 1185 2375 semiaridas;
1217 2308 1401 2363 caeteri
1432 2323 1563 2362 vero
1598 2308 1781 2364 aridas
1816 2316 1869 2363 et
1894 2324 2003 2363 non
2024 2310 2296 2379 putridas.
2337 2309 2403 2365 Hi
2434 2325 2626 2366 omnes
2646 2309 2860 2366 dimissi
2906 2317 3036 2366 sunt
3084 2309 3139 2364 in
3164 2322 3323 2365 suum
3354 2306 3593 2377 quisque
3613 2303 3820 2359 ordinem.

634 2403 839 2460 Deinde
865 2401 1239 2473 porrigebant,
1276 2401 1370 2472 qui
1400 2401 1705 2455 habuerant
1735 2402 1789 2455 in
1819 2402 1987 2472 virgis
2015 2403 2130 2458 suis
2161 2404 2299 2459 duas
2353 2411 2535 2473 partes
2564 2403 2768 2468 aridas,
2802 2402 3133 2469 tertiamque
3158 2400 3392 2456 viridem
3431 2417 3448 2454 :
3476 2398 3631 2452 multi
3660 2410 3820 2465 quoque

632 2517 699 2557 ex
730 2499 811 2555 eis
840 2507 1202 2571 porrexerunt
1229 2496 1583 2563 semiaridas;
1616 2497 1839 2567 quidam
1867 2513 1997 2552 vero
2027 2498 2207 2553 aridas
2237 2508 2291 2553 et
2312 2498 2587 2568 putridas;
2621 2498 2712 2552 alii
2744 2506 2925 2552 autem
2956 2496 3280 2552 somiaridas
3299 2505 3359 2551 et
3388 2496 3654 2553 scissuras
3674 2496 3819 2549 haben-

641 2608 760 2653 tes:
796 2594 956 2667 pauci
986 2608 1117 2649 vero
1150 2592 1370 2647 virides.
1412 2589 1476 2645 lli
1509 2591 1674 2661 igitur
1699 2606 1890 2646 omnes
1934 2593 2299 2648 constiterunt
2339 2593 2393 2647 in
2437 2608 2540 2648 suo
2591 2594 2825 2663 quisque
2860 2592 3051 2648 ordine
3098 2591 3238 2661 (67).
3268 2590 3480 2647 Deinde
3506 2580 3819 2662 porrexerunt.

630 2692 723 2761 qui
749 2690 967 2745 tertium
995 2686 1111 2758 (68)
1143 2686 1449 2741 habuerant
1497 2681 1693 2747 viride,
1746 2683 2019 2754 reliquum
2060 2699 2190 2739 vero
2215 2685 2429 2739 aridum
2463 2704 2476 2740 ;
2508 2686 2703 2741 horum
2740 2686 2905 2757 virga:
2946 2685 3141 2753 maiori
3193 2702 3260 2743 ex
3300 2698 3463 2757 parte
3494 2686 3710 2743 inventa!
3734 2692 3822 2741 sunt

635 2780 860 2845 virides,
892 2777 1239 2834 rumusculos
1271 2774 1556 2839 habentes,
1588 2784 1641 2827 et
1669 2774 1723 2826 in
1755 2774 1836 2829 eis
1866 2774 2197 2829 ramusculis
2230 2773 2504 2839 fructum;
2535 2785 2589 2831 et
2630 2776 2853 2846 reliquae
2881 2776 3082 2832 virides
3122 2786 3270 2833 tota.
3305 2777 3386 2833 Ex
3426 2780 3516 2837 his
3547 2778 3699 2850 virgis
3730 2792 3821 2848 gau-

629 2876 777 2929 dium
806 2872 1153 2927 vehementer
1183 2866 1421 2938 percepit
1445 2875 1630 2936 pastor
1662 2866 1774 2934 ille,
1804 2868 1930 2937 quia
1960 2868 2041 2924 sic
2071 2868 2351 2924 invenerat
2380 2884 2493 2924 eas.
2521 2869 2787 2924 Abierunt
2811 2879 2865 2925 et
2897 2868 2973 2924 illi
3000 2870 3055 2925 in
3083 2869 3303 2926 ordines
3355 2887 3511 2928 suos.

2085 2975 2313 3031 CAPUT
2364 2976 2446 3031 VI.

697 3076 993 3145 Postquam
1025 3081 1209 3127 autem
1240 3072 1484 3125 omnium
1513 3071 1626 3142 (69)
1659 3072 1839 3142 virgas
1866 3071 2289 3135 considerasset,
2333 3072 2411 3125 ait
2436 3072 2568 3125 mihi
2596 3091 2609 3126 :
2640 3071 2895 3127 Dixeram
2924 3071 3042 3137 tibi,
3076 3075 3333 3133 arborem
3378 3078 3524 3136 hanc
3548 3079 3743 3148 diligere
3760 3080 3816 3129 τί·

628 3180 763 3227 tam.
794 3170 976 3234 Vides,
1007 3169 1151 3238 quod
1183 3168 1296 3238 (70)
1324 3166 1479 3221 multi
1507 3176 1735 3237 egerunt
1762 3166 2136 3237 pmnitentiam
2157 3207 2172 3232 ,
2206 3176 2261 3221 et
2287 3167 2524 3221 assecuti
2558 3174 2684 3221 sunt
2714 3166 2972 3221 salutem.
3012 3164 3206 3234 Video,
3235 3168 3464 3237 inquam
3484 3211 3500 3237 ,
3534 3169 3745 3224 domine.
3771 3165 3816 3221 Ut

629 3263 794 3329 scias,
823 3260 1020 3330 inquit,
1044 3260 1341 3313 bonitatem
1373 3269 1427 3315 et
1448 3260 1791 3315 clementiam
1823 3259 2039 3314 Domini
2070 3275 2346 3330 magnam,
2384 3270 2439 3316 et
2484 3260 2861 3315 honorandam
2893 3261 3007 3333 (71)
3034 3278 3177 3328 esse,
3219 3265 3319 3334 qui
3348 3265 3503 3321 dedit
3528 3266 3751 3337 spiritum
3770 3263 3813 3318 iis

629 3354 723 3424 qui
760 3351 906 3423 digni
933 3360 1090 3405 erant
1110 3364 1271 3420 agere
1298 3349 1411 3421 (72)
1444 3351 1842 3420 pmnitentiam.
1874 3348 1940 3404 Et
1966 3350 2121 3406 dixi:
2153 3349 2334 3417 Quare
2368 3366 2522 3422 ergo,
2551 3349 2800 3419 Domine,
2834 3367 2945 3407 non
2977 3367 3169 3412 omnes
3205 3368 3440 3428 egerunt
3464 3357 3815 3428 paenitentiam?

628 3450 723 3503 Ait
753 3448 886 3503 mihi
916 3466 929 3503 :
968 3447 1216 3514 Quorum
1244 3448 1454 3503 viderat
1483 3446 1871 3519 (75)Dominus
1908 3463 2079 3518 puras
2102 3458 2313 3505 mentes
2356 3447 2591 3515 futuras,
2622 3458 2680 3506 et
2710 3451 3013 3507 servituros
3040 3450 3088 3505 ei
3133 3466 3201 3506 ex
3226 3453 3357 3509 totis
3383 3452 3712 3524 praecordiis;
3742 3447 3811 3503 illis

628 3544 821 3599 tribuit
865 3544 1263 3613 pmnitentiam.
1302 3544 1371 3598 At
1411 3558 1649 3613 quorum
1694 3543 1907 3614 aspexit
1950 3544 2136 3599 dolum
2168 3554 2222 3601 et
2252 3546 2547 3616 nequitias,
2590 3556 2645 3601 et
2685 3545 3073 3602 animadvertit
3117 3547 3184 3602 ad
3229 3562 3287 3602 se
3314 3546 3585 3601 fallaciter
3626 3555 3812 3599 reversu-
3912 3552 3913 3561 ‘

629 3656 722 3697 ros
750 3638 887 3711 (74),
913 3638 1125 3710 negavit
1152 3638 1220 3694 iis
1250 3639 1318 3695 ad
1339 3639 1717 3709 pceuitentiam
1751 3655 2083 3711 regressum,
2111 3656 2180 3695 ne
2220 3614 2414 3696 rursus
2453 3640 2627 3710 legem
2654 3640 2780 3710 ejus
2810 3640 3062 3698 nefandis
3091 3641 3487 3697 maledicerent
3508 3638 3694 3695 verbis.
3723 3637 3810 3691 Dico
3909 3614 3911 3665 ‘

629 3738 678 3789 ei
708 3755 720 3789 :
757 3733 913 3789 Nune
936 3733 1100 3799 mihi,
1134 3733 1375 3801 domine,
1405 3734 1748 3801 demonstra,
1772 3734 1953 3805 qualis
1984 3736 2057 3790 sit
2085 3734 2199 3804 (75)
2226 3734 2380 3791 locus
2405 3736 2675 3807 cujusque
2697 3751 2887 3792 eorum
2914 3737 3008 3807 qui
3030 3737 3213 3808 virgas
3242 3734 3613 3801 reddiderunt,
3637 3742 3684 3788 et
3703 3729 3810 3785 sedes

626 3847 817 3887 eorum
848 3830 961 3902 (76)
990 3849 1003 3885 :
1035 3838 1097 3884 ut
1127 3829 1329 3885 auditis
1362 3830 1449 3886 his
1477 3840 1533 3886 et
1560 3831 1807 3897 creditis,
1833 3830 1871 3885 ii
1893 3832 1988 3901 qui
2032 3844 2140 3886 non
2165 3830 2546 3887 custodierunt
2584 3832 2877 3902 integrum,
2902 3832 3000 3888 sed
3032 3832 3439 3902 dissipaverunt
3464 3830 3685 3901 sigillum
3708 3821 3807 3896 quod

625 3935 973 3995 acceperunt,
1018 3922 1218 3995 agnitis
1243 3923 1358 3977 suis
1398 3922 1581 3989 factis,
1612 3923 1989 3994 paenitentiam
2032 3930 2229 3990 agant;
2271 3932 2326 3977 et
2350 3931 2574 3993 accepto
2602 3938 2633 3977 a
2662 3933 2715 3979 te
2743 3924 2944 3994 sigillo,
2972 3923 3206 3979 Domino
3250 3923 3381 3979 dent
3405 3924 3660 3978 honorem
3694 3916 3805 3988 (77).

627 4020 773 4091 quod
796 4020 870 4075 sit
890 4034 1054 4090 super
1080 4016 1193 4088 (78)
1223 4031 1321 4072 eos
1351 4026 1533 4074 motus
1557 4018 1850 4073 clementia
1878 4031 2000 4083 sua,
2032 4025 2084 4071 et
2107 4015 2324 4071 miserit
2352 4024 2424 4083 te,
2447 4025 2508 4071 ut
2531 4015 2760 4087 Spiritus
2780 4031 2973 4071 eorum
3003 4030 3253 4071 renoves.
3281 4013 3449 4081 Audi,
3477 4012 3647 4082 inquit
3668 4028 3680 4063 :
3701 4006 3804 4072 Quo-

626 4133 748 4173 rum
775 4118 938 4188 virga:
966 4114 1132 4170 arida:
1160 4123 1215 4168 et
1243 4110 1475 4183 putrida:
1503 4121 1733 4180 repertae
1761 4119 1910 4174 sunt,
1940 4118 1995 4165 et
2020 4110 2167 4164 velut
2191 4125 2223 4163 a
2245 4109 2390 4164 tinea
2413 4117 2600 4173 tactae;
2631 4109 2685 4162 hi
2718 4118 2849 4166 sunt
2871 4106 3187 4179 transfugae,
3210 4116 3263 4162 et
3296 4105 3413 4179 (79)
3440 4102 3682 4162 Ecclesia
3713 4109 3803 4167 pto-

1712 4231 1950 4289 VARIA‘I
1989 4230 2371 4288 LECTIONES
2406 4230 2497 4286 ET
2534 4230 2775 4286 NOTIE.

698 4334 811 4403 (54)
843 4332 974 4388 Mss.
1012 4332 1168 4402 Angl.
1202 4330 1426 4399 incinge.
1469 4327 1699 4403 Et_mox
1734 4326 2195 4403 incinxia‘Usita-
2295 4323 2848 4403 tunt_T£adiderunt.
2882 4394 2895 4403 _
2924 4394 2933 4403 _
3248 4392 3281 4403 η
3321 4391 3333 4403 .
3480 4390 3495 4403 .
3567 4388 3580 4403 _
3604 4386 3643 4403 ._
3674 4382 3733 4403 L3

629 4383 750 4477 tam
768 4383 973 4477 Edisti;
1012 4383 1223 4477 Ergeis
1274 4383 1460 4455 vocem
1494 4397 1765 4477 σάᾷανον,,
1796 4414 1935 4477 quae
1966 4398 2196 4477 linteum
2366 4395 2479 4477 (67)
2511 4394 3039 4477 ConjieitDWal’gu-s,
3072 4392 3301 4475 librarii.
3321 4390 3530 4477 incuria
3557 4383 3794 4477 hictu‘inssE

630 4472 745 4525 sive
776 4472 1067 4526 linteamen
1100 4471 1341 4529 denotat.
1384 4479 1539 4524 vetus
1583 4460 1849 4537 interpres
1885 4468 1975 4523 hic
2013 4466 2068 4520 in
2096 4476 2201 4521 sua
2293 4460 2499 4537 omissa
2528 4460 2807 4537 sequentia
2837 4483 2849 4518 ε
2881 4465 3114 4529 Quidam
3155 4465 3493 4537 porrigebunt
3522 4460 3679 4527 virgas
3710 4464 3795 4537 mit

632 4542 881 4596 versione
907 4540 1145 4595 retinuit.
1725 4532 1741 4537 “
2292 4536 2572 4607 paululum
2598 4532 2781 4590 aridas
2798 4537 3081 4607 ,‘(oridunt
3099 4536 3237 4607 enim
3262 4543 3376 4607 erat
3400 4534 3566 4607 ipsum
3591 4532 3796 4607 σατξπιεξ)

722 4609 810 4675 55)
845 4608 1035 4662 Lalllb-
1070 4609 1188 4663 Sibi.
2292 4602 2554 4660 scissuras
2584 4622 2701 4661 vero
2740 4602 3021 4661 habebant.
3056 4605 3132 4675 De
3163 4604 3250 4659 his
3287 4604 3433 4659 enim
3474 4602 3531 4655 ﬁt
3557 4602 3729 4653 mentio
3758 4606 3793 4642 In

720 4674 809 4747 56)
840 4677 1028 4731 Lamb.
1065 4676 1131 4730 Et
1157 4680 1338 4732 eduxit
1370 4679 1423 4731 in
1463 4693 1671 4745 campo,
1698 4687 1747 4730 et
1774 4678 1993 4731 vocavit.
2293 4677 2460 4746 hujus
2490 4677 2704 4747 simili}.
2734 4691 2855 4746 cap.
2891 4677 2914 4730 1
2948 4684 3002 4731 et
3034 4674 3120 4729 10.
3232 4746 3238 4747 γ
3292 4746 3299 4747 γ
3624 4745 3629 4747 Α
3689 4734 3715 4747 Α,

697 4744 811 4817 (57)
838 4748 971 4819 Mss.
1004 4749 1162 4817 Angl.
1196 4750 1518 4819 agminibus.
1586 4744 1591 4745 7
2300 4744 2597 4819 _(68)_Ex
2629 4745 2780 4803 Fello
2804 4744 2944 4803 mss.
2978 4748 3137 4817 Angl.
3170 4746 3448 4800 minimum
3491 4753 3584 4813 pro
3615 4744 3789 4791 tertium.

697 4814 810 4887 (58)
837 4817 1029 4873 Lamb.
1059 4814 1196 4887 qua.
1232 4814 1249 4819 ⁷
2294 4814 2385 4873 Sic
2414 4814 2468 4871 et
2496 4816 2702 4887 Yietor.

694 4886 808 4959 (59)
828 4888 1017 4959 Lamb.
1046 4886 1193 4943 addit
1216 4906 1360 4945 suas.
1390 4890 1455 4945 Et
1474 4906 1599 4945 mox
1618 4890 1817 4945 omittit
1844 4890 2028 4943 aridas
2055 4894 2125 4941 et.
2365 4887 2479 4959 (69)
2510 4886 2705 4959 Lamb.
2738 4904 2938 4943 omnes.

696 4894 787 4959 (59
828 4894 1017 4943 Lamb.
1046 4894 1193 4943 addit
1216 4906 1360 4945 suas.
1390 4894 1455 4945 Et
1474 4906 1599 4945 mox
1618 4894 1817 4945 omittit
1844 4894 2028 4943 aridas
2055 4894 2125 4941 et.
2365 4894 2479 4957 (69)
2510 4894 2705 4942 Lamb.
2738 4904 2938 4943 omnes.

696 4894 808 5030 (60;
855 4957 1048 5014 Lamb.
1099 4962 1369 5028 primariis
1421 4963 1649 5017 trudere.
1706 4960 1859 5015 Bodl.
1914 4962 2191 5029 primariis
2362 4957 2476 5030 (70)
2507 4956 2638 5030 Mss.
2670 4959 2828 5030 Angl.
2856 4975 3039 5028 quam.

623 5028 796 5087 stare.
1321 5038 1330 5046 '
1916 5028 1921 5029 ί
2364 5028 2475 5100 (7!)
2510 5028 2609 5100 Ms.
2643 5028 2800 5100 Aug].
2830 5030 3121 5085 honestam.

693 5103 805 5174 (61)
835 5100 934 5174 Ms.
961 5100 1120 5171 Angl.
1151 5103 1732 5174 sug‘quoqueugmine.
1769 5100 1844 5155 Ita
1877 5118 2037 5172 saepe.
2081 5100 2189 5155 Ha-
2511 5097 2700 5174 Lamb.
2726 5097 2951 5174 diligunt
2980 5116 3155 5171 agere.

623 5168 751 5228 bent
780 5168 942 5227 etiam
974 5168 1181 5242 agmine
1215 5168 1352 5225 Vist.
1384 5168 1438 5242 et
1463 5168 1645 5225 Carm.
1958 5168 1969 5172 ’
2353 5168 2481 5242 ((75)
2511 5168 2612 5242 _Ms.
2640 5170 2799 5242 Angl.
2830 5168 2990 5226 uidit.

693 5243 808 5315 (62)
833 5239 1026 5297 Lamb.
1058 5243 1370 5295 habuerunt.
1410 5241 1499 5296 Sic
1528 5254 1581 5296 et
1611 5242 1774 5313 paulo
1807 5252 1949 5310 post,
1980 5252 2034 5297 et
2064 5257 2190 5313 pas—
2355 5239 2477 5315 (ἶέ)
2509 5239 2699 5315 [ἀραιὴ.
2740 5257 2989 5315 reuersos.

626 5292 805 5369 εῖιὸῖ“¹
833 5292 1023 5297 ww
1536 5292 1579 5296 ’⁷
1612 5292 1767 5313 rw"
2066 5292 2158 5313 ¹’“’
2364 5292 3033 5383 (75)δίῥήῶὲεξᾌήὴέίίὲι
3059 5310 3199 5368 Vict.
3233 5310 3325 5368 Sic
3347 5321 3401 5367 et
3428 5309 3552 5366 edit.
3576 5292 3778 5361 Oxon.At

686 5385 804 5455 (65)
829 5383 1059 5451 Quidam
1084 5399 1152 5455 ex
1176 5385 1456 5453 impressis
1489 5384 1686 5455 habent
1720 5384 1965 5455 imitata).
1994 5382 2079 5437 Al.
2112 5383 2190 5437 in-
2289 5381 2957 5455 ediu‘Parissquimquid
2987 5385 3055 5438 is.

628 5450 817 5509 ritotaé.
846 5450 915 5509 At
942 5472 1045 5510 ms.
1076 5450 1269 5509 Lamb.
1304 5455 1512 5507 mutati.
1543 5454 1634 5508 Sic
1666 5467 1718 5509 et
1749 5454 1951 5512 Victor.
2362 5450 2475 5519 (76)
2507 5450 2697 5505 Lamb.
2736 5450 2977 5507 sederunt
3011 5455 3249 5508 seorsim.

1453 5505 1725 5593 pampinos
1749 5505 2031 5578 habe—bunt.
2362 5505 2475 5591 (77)
2514 5520 2707 5577 Lamb.
2754 5505 2973 5592 accepto
2994 5505 3308 5595 uiti-sigillo,
3340 5524 3568 5585 Domine,
3594 5505 3771 5570 ἀστείω·

692 5596 804 5668 (65)
851 5596 936 5653 Al.
994 5596 1348 5668 unusquisque
1397 5598 1450 5647 in
1507 5612 1602 5648 suo
1662 5597 1846 5651 ordine
1902 5605 2181 5650 steterunt.
2290 5608 2490 5668 norem.

692 5600 804 5716 (.662
851 5600 936 5653 Al.
994 5600 1348 5668 unusquisque
1397 5600 1450 5647 in
1507 5612 1602 5648 suo
1662 5600 1846 5651 ordine
1902 5605 2181 5650 steterunt.
2290 5608 2490 5649 norem.
2840 5666 2851 5677 .

630 5664 872 5748 υειῖξηεεο..
965 5735 1092 5748 η...
1339 5738 1372 5748 ,-
1673 5736 1692 5748 .
1810 5738 1823 5748 .
1909 5737 1956 5748 ..
2111 5736 2142 5748 ._
2363 5660 3217 5748 t2§i¥§~Ansl-wrowrer-
3528 5733 3557 5748 ..

694 5736 806 5805 (66)
839 5734 915 5789 lta
964 5735 1094 5791 Felli
1124 5740 1289 5794 editio
1334 5738 1510 5797 Oxon.
1564 5750 1629 5794 ex
1672 5736 1862 5794 Lamb.
1896 5737 1979 5791 Al.
2016 5736 2178 5791 omit-
2361 5722 2474 5806 (79)
2505 5735 2591 5789 Al.
2625 5722 2882 5791 omittunt
2922 5722 2997 5803 'et,
3030 5722 3439 5807 ,quodexhibet
3485 5733 3596 5791 edit.
3632 5722 3746 5779 Οιοη

3878 5016 3883 5215 ί
