  <div class='ocr_page' id='page_1' title='image "/cluster/home/n/w/nwhite01/storage/ocr_20150623/2/hvd.32044073501249/494.png"; bbox 0 0 2001 3154; ppageno 0'>
   <div class='ocr_carea' id='block_1_1' title="bbox 129 143 919 178">
    <p class='ocr_par' dir='ltr' id='par_1_1' title="bbox 129 143 916 174">
     <span class='ocr_line' id='line_1_1' title="bbox 129 143 916 174; baseline 0.004 -3"><span class='ocrx_word' id='word_1_1' title='bbox 129 143 180 171; x_wconf 83' lang='lat'><strong>977</strong></span> <span class='ocrx_word' id='word_1_2' title='bbox 665 146 811 174; x_wconf 78' lang='lat' dir='ltr'><strong>PASTOR.</strong></span> <span class='ocrx_word' id='word_1_3' title='bbox 831 163 866 168; x_wconf 92' lang='lat'><strong>-—</strong></span> <span class='ocrx_word' id='word_1_4' title='bbox 885 147 916 174; x_wconf 74' lang='grc' dir='ltr'><strong>ιι</strong></span> 
     </span>
    </p>
   </div>
   <div class='ocr_carea' id='block_1_2' title="bbox 959 143 1749 178">
    <p class='ocr_par' dir='ltr' id='par_1_2' title="bbox 968 147 1749 178">
     <span class='ocr_line' id='line_1_2' title="bbox 968 147 1749 178; baseline 0.004 -3"><span class='ocrx_word' id='word_1_5' title='bbox 968 148 1012 175; x_wconf 79' lang='lat' dir='ltr'><strong>lli.</strong></span> <span class='ocrx_word' id='word_1_6' title='bbox 1030 147 1129 175; x_wconf 81' lang='lat' dir='ltr'><strong>SIMIL.</strong></span> <span class='ocrx_word' id='word_1_7' title='bbox 1150 147 1216 175; x_wconf 79' lang='grc' dir='ltr'>νιιι.</span> <span class='ocrx_word' id='word_1_8' title='bbox 1699 150 1749 178; x_wconf 81' lang='lat'><strong>978</strong></span> 
     </span>
    </p>
   </div>
   <div class='ocr_carea' id='block_1_3' title="bbox 127 202 1748 240">
    <p class='ocr_par' dir='ltr' id='par_1_3' title="bbox 127 202 1748 240">
     <span class='ocr_line' id='line_1_3' title="bbox 127 202 1748 240; baseline 0.001 -11"><span class='ocrx_word' id='word_1_9' title='bbox 127 202 233 231; x_wconf 71' lang='lat' dir='ltr'><strong>alitores</strong></span> <span class='ocrx_word' id='word_1_10' title='bbox 250 224 256 236; x_wconf 87' lang='lat'><strong>,</strong></span> <span class='ocrx_word' id='word_1_11' title='bbox 273 203 318 238; x_wconf 87' lang='lat' dir='ltr'><strong>qui</strong></span> <span class='ocrx_word' id='word_1_12' title='bbox 335 204 407 231; x_wconf 90' lang='lat' dir='ltr'><strong>inter</strong></span> <span class='ocrx_word' id='word_1_13' title='bbox 422 204 527 239; x_wconf 84' lang='lat' dir='ltr'><strong>reliqua</strong></span> <span class='ocrx_word' id='word_1_14' title='bbox 543 211 594 232; x_wconf 83' lang='lat' dir='ltr'><strong>sua</strong></span> <span class='ocrx_word' id='word_1_15' title='bbox 615 203 725 238; x_wconf 88' lang='lat' dir='ltr'><strong>delicta,</strong></span> <span class='ocrx_word' id='word_1_16' title='bbox 739 203 865 232; x_wconf 82' lang='lat' dir='ltr'><strong>nefandis</strong></span> <span class='ocrx_word' id='word_1_17' title='bbox 879 205 969 232; x_wconf 80' lang='lat' dir='ltr'><strong>verbis</strong></span> <span class='ocrx_word' id='word_1_18' title='bbox 990 204 1134 232; x_wconf 91' lang='lat' dir='ltr'><strong>Dominum</strong></span> <span class='ocrx_word' id='word_1_19' title='bbox 1148 205 1273 232; x_wconf 86' lang='lat' dir='ltr'><strong>insectati</strong></span> <span class='ocrx_word' id='word_1_20' title='bbox 1287 204 1355 240; x_wconf 86' lang='lat'><strong>(80),</strong></span> <span class='ocrx_word' id='word_1_21' title='bbox 1373 212 1472 233; x_wconf 92' lang='lat' dir='ltr'><strong>nomen</strong></span> <span class='ocrx_word' id='word_1_22' title='bbox 1493 204 1554 240; x_wconf 88' lang='lat' dir='ltr'><strong>ejus</strong></span> <span class='ocrx_word' id='word_1_23' title='bbox 1565 211 1748 240; x_wconf 75' lang='lat' dir='ltr'><strong>negaverunt,</strong></span> 
     </span>
    </p>
   </div>
   <div class='ocr_carea' id='block_1_4' title="bbox 126 243 1750 288">
    <p class='ocr_par' dir='ltr' id='par_1_4' title="bbox 126 243 1750 288">
     <span class='ocr_line' id='line_1_4' title="bbox 126 243 1750 288; baseline 0.003 -12"><span class='ocrx_word' id='word_1_24' title='bbox 126 249 203 283; x_wconf 82' lang='lat' dir='ltr'><strong>quod</strong></span> <span class='ocrx_word' id='word_1_25' title='bbox 220 257 303 284; x_wconf 82' lang='lat' dir='ltr'><strong>super</strong></span> <span class='ocrx_word' id='word_1_26' title='bbox 315 258 364 278; x_wconf 87' lang='lat' dir='ltr'><strong>eos</strong></span> <span class='ocrx_word' id='word_1_27' title='bbox 376 256 436 279; x_wconf 89' lang='lat' dir='ltr'><strong>erat</strong></span> <span class='ocrx_word' id='word_1_28' title='bbox 458 252 631 280; x_wconf 75' lang='lat' dir='ltr'><strong>invocatum.</strong></span> <span class='ocrx_word' id='word_1_29' title='bbox 651 252 683 279; x_wconf 88' lang='lat' dir='ltr'><strong>Hi</strong></span> <span class='ocrx_word' id='word_1_30' title='bbox 700 253 784 288; x_wconf 89' lang='lat' dir='ltr'><strong>igitur</strong></span> <span class='ocrx_word' id='word_1_31' title='bbox 800 261 896 281; x_wconf 86' lang='lat' dir='ltr'><strong>omnes</strong></span> <span class='ocrx_word' id='word_1_32' title='bbox 910 254 1013 281; x_wconf 78' lang='lat' dir='ltr'><strong>mortui</strong></span> <span class='ocrx_word' id='word_1_33' title='bbox 1039 258 1103 281; x_wconf 89' lang='lat' dir='ltr'><strong>sunt</strong></span> <span class='ocrx_word' id='word_1_34' title='bbox 1124 253 1196 287; x_wconf 81' lang='lat' dir='ltr'><strong>beo;</strong></span> <span class='ocrx_word' id='word_1_35' title='bbox 1213 243 1294 288; x_wconf 70' lang='lat' dir='ltr'><strong>atque</strong></span> <span class='ocrx_word' id='word_1_36' title='bbox 1307 254 1388 280; x_wconf 87' lang='lat' dir='ltr'><strong>etiam</strong></span> <span class='ocrx_word' id='word_1_37' title='bbox 1411 254 1548 281; x_wconf 83' lang='lat' dir='ltr'><strong>neminem</strong></span> <span class='ocrx_word' id='word_1_38' title='bbox 1564 261 1659 281; x_wconf 90' lang='lat' dir='ltr'><strong>eorum</strong></span> <span class='ocrx_word' id='word_1_39' title='bbox 1675 254 1750 281; x_wconf 83' lang='lat' dir='ltr'><strong>vides</strong></span> 
     </span>
    </p>
   </div>
   <div class='ocr_carea' id='block_1_5' title="bbox 126 298 1750 337">
    <p class='ocr_par' dir='ltr' id='par_1_5' title="bbox 126 298 1750 337">
     <span class='ocr_line' id='line_1_5' title="bbox 126 298 1750 337; baseline 0.003 -14"><span class='ocrx_word' id='word_1_40' title='bbox 126 298 218 332; x_wconf 85' lang='lat' dir='ltr'><strong>egisse</strong></span> <span class='ocrx_word' id='word_1_41' title='bbox 231 298 431 332; x_wconf 72' lang='lat' dir='ltr'><strong>paenitentiam,</strong></span> <span class='ocrx_word' id='word_1_42' title='bbox 447 300 555 328; x_wconf 81' lang='lat' dir='ltr'><strong>tametsi</strong></span> <span class='ocrx_word' id='word_1_43' title='bbox 570 300 707 328; x_wconf 86' lang='lat' dir='ltr'><strong>audierint</strong></span> <span class='ocrx_word' id='word_1_44' title='bbox 722 301 851 328; x_wconf 87' lang='lat' dir='ltr'><strong>mandata</strong></span> <span class='ocrx_word' id='word_1_45' title='bbox 870 309 940 335; x_wconf 90' lang='lat' dir='ltr'><strong>mea,</strong></span> <span class='ocrx_word' id='word_1_46' title='bbox 957 309 1018 336; x_wconf 64' lang='lat' dir='ltr'><strong>qua:</strong></span> <span class='ocrx_word' id='word_1_47' title='bbox 1032 305 1060 328; x_wconf 90' lang='lat' dir='ltr'><strong>tu</strong></span> <span class='ocrx_word' id='word_1_48' title='bbox 1084 302 1124 329; x_wconf 91' lang='lat' dir='ltr'><strong>eis</strong></span> <span class='ocrx_word' id='word_1_49' title='bbox 1147 301 1285 337; x_wconf 76' lang='lat' dir='ltr'><strong>protulisti</strong></span> <span class='ocrx_word' id='word_1_50' title='bbox 1306 310 1313 328; x_wconf 89' lang='lat'><strong>:</strong></span> <span class='ocrx_word' id='word_1_51' title='bbox 1329 302 1363 328; x_wconf 89' lang='lat' dir='ltr'><strong>ab</strong></span> <span class='ocrx_word' id='word_1_52' title='bbox 1386 302 1542 337; x_wconf 84' lang='lat' dir='ltr'><strong>hujusmodi</strong></span> <span class='ocrx_word' id='word_1_53' title='bbox 1554 310 1619 335; x_wconf 82' lang='lat' dir='ltr'><strong>ergo</strong></span> <span class='ocrx_word' id='word_1_54' title='bbox 1634 302 1750 329; x_wconf 88' lang='lat' dir='ltr'><strong>homini-</strong></span> 
     </span>
    </p>
   </div>
   <div class='ocr_carea' id='block_1_6' title="bbox 127 346 1749 386">
    <p class='ocr_par' dir='ltr' id='par_1_6' title="bbox 127 346 1749 386">
     <span class='ocr_line' id='line_1_6' title="bbox 127 346 1749 386; baseline 0.002 -13"><span class='ocrx_word' id='word_1_55' title='bbox 127 346 182 373; x_wconf 86' lang='lat' dir='ltr'><strong>bus</strong></span> <span class='ocrx_word' id='word_1_56' title='bbox 197 346 274 374; x_wconf 89' lang='lat' dir='ltr'><strong>abest</strong></span> <span class='ocrx_word' id='word_1_57' title='bbox 286 347 340 374; x_wconf 90' lang='lat' dir='ltr'><strong>vita</strong></span> <span class='ocrx_word' id='word_1_58' title='bbox 358 347 425 383; x_wconf 82' lang='grc'>(81).</span> <span class='ocrx_word' id='word_1_59' title='bbox 445 348 477 375; x_wconf 91' lang='lat' dir='ltr'><strong>Hi</strong></span> <span class='ocrx_word' id='word_1_60' title='bbox 493 356 604 384; x_wconf 89' lang='lat' dir='ltr'><strong>quoque</strong></span> <span class='ocrx_word' id='word_1_61' title='bbox 621 349 668 384; x_wconf 82' lang='lat' dir='ltr'><strong>qui</strong></span> <span class='ocrx_word' id='word_1_62' title='bbox 684 349 774 377; x_wconf 87' lang='lat' dir='ltr'><strong>aridas</strong></span> <span class='ocrx_word' id='word_1_63' title='bbox 790 355 818 377; x_wconf 88' lang='lat' dir='ltr'><strong>et</strong></span> <span class='ocrx_word' id='word_1_64' title='bbox 840 357 894 377; x_wconf 94' lang='lat' dir='ltr'><strong>non</strong></span> <span class='ocrx_word' id='word_1_65' title='bbox 911 350 1033 385; x_wconf 87' lang='lat' dir='ltr'><strong>putridas</strong></span> <span class='ocrx_word' id='word_1_66' title='bbox 1050 351 1230 382; x_wconf 86' lang='lat' dir='ltr'><strong>tradiderunt,</strong></span> <span class='ocrx_word' id='word_1_67' title='bbox 1247 357 1301 377; x_wconf 91' lang='lat' dir='ltr'><strong>non</strong></span> <span class='ocrx_word' id='word_1_68' title='bbox 1321 350 1417 385; x_wconf 84' lang='lat' dir='ltr'><strong>procul</strong></span> <span class='ocrx_word' id='word_1_69' title='bbox 1432 351 1466 378; x_wconf 89' lang='lat' dir='ltr'><strong>ab</strong></span> <span class='ocrx_word' id='word_1_70' title='bbox 1480 351 1535 386; x_wconf 71' lang='grc'>(82)</span> <span class='ocrx_word' id='word_1_71' title='bbox 1553 350 1604 379; x_wconf 86' lang='lat' dir='ltr'><strong>illis</strong></span> <span class='ocrx_word' id='word_1_72' title='bbox 1618 350 1728 378; x_wconf 86' lang='lat' dir='ltr'><strong>fuerunt</strong></span> <span class='ocrx_word' id='word_1_73' title='bbox 1740 370 1749 383; x_wconf 83' lang='lat'><strong>,</strong></span> 
     </span>
    </p>
   </div>
   <div class='ocr_carea' id='block_1_7' title="bbox 127 394 1748 433">
    <p class='ocr_par' dir='ltr' id='par_1_7' title="bbox 127 394 1748 433">
     <span class='ocr_line' id='line_1_7' title="bbox 127 394 1748 433; baseline 0.002 -12"><span class='ocrx_word' id='word_1_74' title='bbox 127 394 184 422; x_wconf 83' lang='lat' dir='ltr'><strong>ficti</strong></span> <span class='ocrx_word' id='word_1_75' title='bbox 200 395 273 422; x_wconf 90' lang='lat' dir='ltr'><strong>enim</strong></span> <span class='ocrx_word' id='word_1_76' title='bbox 288 400 377 429; x_wconf 83' lang='lat' dir='ltr'><strong>erant,</strong></span> <span class='ocrx_word' id='word_1_77' title='bbox 393 401 420 424; x_wconf 89' lang='lat' dir='ltr'><strong>et</strong></span> <span class='ocrx_word' id='word_1_78' title='bbox 432 397 572 425; x_wconf 83' lang='lat' dir='ltr'><strong>doctrinas</strong></span> <span class='ocrx_word' id='word_1_79' title='bbox 585 405 684 432; x_wconf 89' lang='lat' dir='ltr'><strong>pravas</strong></span> <span class='ocrx_word' id='word_1_80' title='bbox 695 397 857 430; x_wconf 80' lang='lat' dir='ltr'><strong>intulerunt,</strong></span> <span class='ocrx_word' id='word_1_81' title='bbox 874 402 901 424; x_wconf 88' lang='lat' dir='ltr'><strong>et</strong></span> <span class='ocrx_word' id='word_1_82' title='bbox 914 402 1104 432; x_wconf 89' lang='lat' dir='ltr'><strong>perverterunt</strong></span> <span class='ocrx_word' id='word_1_83' title='bbox 1117 405 1211 426; x_wconf 89' lang='lat' dir='ltr'><strong>servos</strong></span> <span class='ocrx_word' id='word_1_84' title='bbox 1230 397 1292 430; x_wconf 88' lang='lat' dir='ltr'><strong>Dei;</strong></span> <span class='ocrx_word' id='word_1_85' title='bbox 1308 397 1446 432; x_wconf 71' lang='lat' dir='ltr'><strong>praecipue</strong></span> <span class='ocrx_word' id='word_1_86' title='bbox 1461 401 1509 424; x_wconf 89' lang='lat' dir='ltr'><strong>eos</strong></span> <span class='ocrx_word' id='word_1_87' title='bbox 1520 397 1565 432; x_wconf 87' lang='lat' dir='ltr'><strong>qui</strong></span> <span class='ocrx_word' id='word_1_88' title='bbox 1579 402 1748 433; x_wconf 84' lang='lat' dir='ltr'><strong>peccassent:</strong></span> 
     </span>
    </p>
   </div>
   <div class='ocr_carea' id='block_1_8' title="bbox 127 441 1751 478">
    <p class='ocr_par' dir='ltr' id='par_1_8' title="bbox 127 441 1751 478">
     <span class='ocr_line' id='line_1_8' title="bbox 127 441 1751 478; baseline 0.001 -11"><span class='ocrx_word' id='word_1_89' title='bbox 127 449 184 468; x_wconf 78' lang='lat' dir='ltr'><strong>non</strong></span> <span class='ocrx_word' id='word_1_90' title='bbox 196 442 316 469; x_wconf 87' lang='lat' dir='ltr'><strong>sinentes</strong></span> <span class='ocrx_word' id='word_1_91' title='bbox 328 449 377 470; x_wconf 92' lang='lat' dir='ltr'><strong>eos</strong></span> <span class='ocrx_word' id='word_1_92' title='bbox 388 443 421 470; x_wconf 87' lang='lat' dir='ltr'><strong>ad</strong></span> <span class='ocrx_word' id='word_1_93' title='bbox 437 443 625 478; x_wconf 68' lang='lat' dir='ltr'><strong>paenitentiam</strong></span> <span class='ocrx_word' id='word_1_94' title='bbox 641 443 740 476; x_wconf 90' lang='lat' dir='ltr'><strong>redire,</strong></span> <span class='ocrx_word' id='word_1_95' title='bbox 756 443 803 471; x_wconf 89' lang='lat' dir='ltr'><strong>sed</strong></span> <span class='ocrx_word' id='word_1_96' title='bbox 824 442 958 470; x_wconf 86' lang='lat' dir='ltr'><strong>doctrinis</strong></span> <span class='ocrx_word' id='word_1_97' title='bbox 976 442 1059 470; x_wconf 82' lang='lat' dir='ltr'><strong>fatuis</strong></span> <span class='ocrx_word' id='word_1_98' title='bbox 1074 442 1239 470; x_wconf 82' lang='lat' dir='ltr'><strong>detinentes.</strong></span> <span class='ocrx_word' id='word_1_99' title='bbox 1258 441 1291 469; x_wconf 85' lang='lat' dir='ltr'><strong>Hi</strong></span> <span class='ocrx_word' id='word_1_100' title='bbox 1306 449 1372 477; x_wconf 88' lang='lat' dir='ltr'><strong>ergo</strong></span> <span class='ocrx_word' id='word_1_101' title='bbox 1389 441 1490 469; x_wconf 86' lang='lat' dir='ltr'><strong>habent</strong></span> <span class='ocrx_word' id='word_1_102' title='bbox 1509 442 1542 469; x_wconf 88' lang='lat' dir='ltr'><strong>ad</strong></span> <span class='ocrx_word' id='word_1_103' title='bbox 1558 449 1631 476; x_wconf 89' lang='lat' dir='ltr'><strong>spem</strong></span> <span class='ocrx_word' id='word_1_104' title='bbox 1644 449 1751 477; x_wconf 85' lang='lat' dir='ltr'><strong>regres-</strong></span> 
     </span>
    </p>
   </div>
   <div class='ocr_carea' id='block_1_9' title="bbox 126 488 1751 525">
    <p class='ocr_par' dir='ltr' id='par_1_9' title="bbox 126 488 1751 525">
     <span class='ocr_line' id='line_1_9' title="bbox 126 488 1751 525; baseline 0.002 -11"><span class='ocrx_word' id='word_1_105' title='bbox 126 494 191 515; x_wconf 92' lang='lat' dir='ltr'><strong>sum</strong></span> <span class='ocrx_word' id='word_1_106' title='bbox 206 496 213 515; x_wconf 90' lang='lat'>:</span> <span class='ocrx_word' id='word_1_107' title='bbox 229 492 312 524; x_wconf 89' lang='lat' dir='ltr'><strong>atque</strong></span> <span class='ocrx_word' id='word_1_108' title='bbox 326 488 407 516; x_wconf 88' lang='lat' dir='ltr'><strong>etiam</strong></span> <span class='ocrx_word' id='word_1_109' title='bbox 427 490 529 517; x_wconf 88' lang='lat' dir='ltr'><strong>multos</strong></span> <span class='ocrx_word' id='word_1_110' title='bbox 539 489 615 517; x_wconf 88' lang='lat' dir='ltr'><strong>vides</strong></span> <span class='ocrx_word' id='word_1_111' title='bbox 629 496 709 524; x_wconf 84' lang='lat' dir='ltr'><strong>agere</strong></span> <span class='ocrx_word' id='word_1_112' title='bbox 726 490 927 524; x_wconf 64' lang='lat' dir='ltr'><strong>penitentiam,</strong></span> <span class='ocrx_word' id='word_1_113' title='bbox 945 498 978 518; x_wconf 88' lang='lat' dir='ltr'><strong>ex</strong></span> <span class='ocrx_word' id='word_1_114' title='bbox 993 498 1050 525; x_wconf 90' lang='lat' dir='ltr'><strong>quo</strong></span> <span class='ocrx_word' id='word_1_115' title='bbox 1063 490 1103 518; x_wconf 88' lang='lat' dir='ltr'><strong>eis</strong></span> <span class='ocrx_word' id='word_1_116' title='bbox 1117 491 1245 518; x_wconf 83' lang='lat' dir='ltr'><strong>mandata</strong></span> <span class='ocrx_word' id='word_1_117' title='bbox 1261 498 1320 518; x_wconf 88' lang='lat' dir='ltr'><strong>mea</strong></span> <span class='ocrx_word' id='word_1_118' title='bbox 1336 489 1478 525; x_wconf 85' lang='lat' dir='ltr'><strong>protulisti</strong></span> <span class='ocrx_word' id='word_1_119' title='bbox 1492 498 1499 522; x_wconf 88' lang='lat'>;</span> <span class='ocrx_word' id='word_1_120' title='bbox 1516 493 1543 517; x_wconf 90' lang='lat' dir='ltr'><strong>et</strong></span> <span class='ocrx_word' id='word_1_121' title='bbox 1567 489 1656 516; x_wconf 89' lang='lat' dir='ltr'><strong>adhuc</strong></span> <span class='ocrx_word' id='word_1_122' title='bbox 1671 494 1751 524; x_wconf 83' lang='lat' dir='ltr'><strong>agent</strong></span> 
     </span>
    </p>
   </div>
   <div class='ocr_carea' id='block_1_10' title="bbox 125 535 1749 573">
    <p class='ocr_par' dir='ltr' id='par_1_10' title="bbox 125 535 1749 573">
     <span class='ocr_line' id='line_1_10' title="bbox 125 535 1749 573; baseline 0.001 -10"><span class='ocrx_word' id='word_1_123' title='bbox 125 536 330 570; x_wconf 62' lang='lat' dir='ltr'><strong>paenitentiam.</strong></span> <span class='ocrx_word' id='word_1_124' title='bbox 347 536 509 573; x_wconf 81' lang='lat' dir='ltr'><strong>Quicunque</strong></span> <span class='ocrx_word' id='word_1_125' title='bbox 521 545 586 565; x_wconf 89' lang='lat' dir='ltr'><strong>vero</strong></span> <span class='ocrx_word' id='word_1_126' title='bbox 602 545 657 564; x_wconf 90' lang='lat' dir='ltr'><strong>non</strong></span> <span class='ocrx_word' id='word_1_127' title='bbox 672 537 779 573; x_wconf 79' lang='lat' dir='ltr'><strong>egerint</strong></span> <span class='ocrx_word' id='word_1_128' title='bbox 791 537 993 573; x_wconf 58' lang='lat' dir='ltr'><strong>paenitentiam,</strong></span> <span class='ocrx_word' id='word_1_129' title='bbox 1007 538 1025 565; x_wconf 89' lang='lat' dir='ltr'><strong>ii</strong></span> <span class='ocrx_word' id='word_1_130' title='bbox 1040 542 1068 565; x_wconf 88' lang='lat' dir='ltr'><strong>et</strong></span> <span class='ocrx_word' id='word_1_131' title='bbox 1088 535 1246 569; x_wconf 79' lang='lat' dir='ltr'><strong>patientiam</strong></span> <span class='ocrx_word' id='word_1_132' title='bbox 1260 537 1447 572; x_wconf 88' lang='lat' dir='ltr'><strong>perdiderunt,</strong></span> <span class='ocrx_word' id='word_1_133' title='bbox 1462 542 1489 565; x_wconf 87' lang='lat' dir='ltr'><strong>et</strong></span> <span class='ocrx_word' id='word_1_134' title='bbox 1505 538 1588 565; x_wconf 88' lang='lat' dir='ltr'><strong>vilam</strong></span> <span class='ocrx_word' id='word_1_135' title='bbox 1604 537 1659 573; x_wconf 82' lang='lat'><strong>(8&#39;5)</strong></span> <span class='ocrx_word' id='word_1_136' title='bbox 1671 545 1749 566; x_wconf 85' lang='lat' dir='ltr'><strong>suam</strong></span> 
     </span>
    </p>
   </div>
   <div class='ocr_carea' id='block_1_11' title="bbox 124 582 1750 619">
    <p class='ocr_par' dir='ltr' id='par_1_11' title="bbox 124 582 1750 619">
     <span class='ocr_line' id='line_1_11' title="bbox 124 582 1750 619; baseline 0 -10"><span class='ocrx_word' id='word_1_137' title='bbox 124 583 266 610; x_wconf 89' lang='lat' dir='ltr'><strong>amittent.</strong></span> <span class='ocrx_word' id='word_1_138' title='bbox 278 583 366 611; x_wconf 82' lang='lat' dir='ltr'><strong>Athis</strong></span> <span class='ocrx_word' id='word_1_139' title='bbox 381 583 427 618; x_wconf 92' lang='lat' dir='ltr'><strong>qui</strong></span> <span class='ocrx_word' id='word_1_140' title='bbox 440 583 554 619; x_wconf 78' lang='lat' dir='ltr'><strong>egerint,</strong></span> <span class='ocrx_word' id='word_1_141' title='bbox 571 591 667 610; x_wconf 90' lang='lat' dir='ltr'><strong>murus</strong></span> <span class='ocrx_word' id='word_1_142' title='bbox 682 582 709 610; x_wconf 93' lang='lat' dir='ltr'><strong>in</strong></span> <span class='ocrx_word' id='word_1_143' title='bbox 726 582 824 617; x_wconf 88' lang='lat' dir='ltr'><strong>primis</strong></span> <span class='ocrx_word' id='word_1_144' title='bbox 838 583 922 617; x_wconf 68' lang='lat' dir='ltr'><strong>coepit</strong></span> <span class='ocrx_word' id='word_1_145' title='bbox 942 590 1006 610; x_wconf 89' lang='lat' dir='ltr'><strong>esse</strong></span> <span class='ocrx_word' id='word_1_146' title='bbox 1019 582 1098 611; x_wconf 86' lang='lat' dir='ltr'><strong>sedes</strong></span> <span class='ocrx_word' id='word_1_147' title='bbox 1115 582 1172 617; x_wconf 73' lang='grc'>(84)</span> <span class='ocrx_word' id='word_1_148' title='bbox 1197 589 1311 615; x_wconf 86' lang='lat' dir='ltr'><strong>eorum;</strong></span> <span class='ocrx_word' id='word_1_149' title='bbox 1336 582 1447 616; x_wconf 86' lang='lat' dir='ltr'><strong>quidam</strong></span> <span class='ocrx_word' id='word_1_150' title='bbox 1463 591 1527 610; x_wconf 92' lang='lat' dir='ltr'><strong>vero</strong></span> <span class='ocrx_word' id='word_1_151' title='bbox 1543 584 1624 610; x_wconf 85' lang='lat' dir='ltr'><strong>etiam</strong></span> <span class='ocrx_word' id='word_1_152' title='bbox 1645 582 1700 618; x_wconf 79' lang='lat'><strong>(85)</strong></span> <span class='ocrx_word' id='word_1_153' title='bbox 1722 582 1750 609; x_wconf 89' lang='lat' dir='ltr'><strong>in</strong></span> 
     </span>
    </p>
   </div>
   <div class='ocr_carea' id='block_1_12' title="bbox 122 630 1751 668">
    <p class='ocr_par' dir='ltr' id='par_1_12' title="bbox 122 630 1751 668">
     <span class='ocr_line' id='line_1_12' title="bbox 122 630 1751 668; baseline 0.001 -12"><span class='ocrx_word' id='word_1_154' title='bbox 122 632 227 657; x_wconf 85' lang='lat' dir='ltr'><strong>turrim</strong></span> <span class='ocrx_word' id='word_1_155' title='bbox 242 630 432 659; x_wconf 86' lang='lat' dir='ltr'><strong>ascenderunt.</strong></span> <span class='ocrx_word' id='word_1_156' title='bbox 458 631 539 659; x_wconf 84' lang='lat' dir='ltr'><strong>Vides</strong></span> <span class='ocrx_word' id='word_1_157' title='bbox 560 632 654 668; x_wconf 78' lang='lat' dir='ltr'><strong>igitur,</strong></span> <span class='ocrx_word' id='word_1_158' title='bbox 678 631 777 667; x_wconf 88' lang='lat' dir='ltr'><strong>inquit,</strong></span> <span class='ocrx_word' id='word_1_159' title='bbox 796 631 823 658; x_wconf 93' lang='lat' dir='ltr'><strong>in</strong></span> <span class='ocrx_word' id='word_1_160' title='bbox 839 631 1010 667; x_wconf 84' lang='lat' dir='ltr'><strong>poenitentia,</strong></span> <span class='ocrx_word' id='word_1_161' title='bbox 1027 631 1198 666; x_wconf 83' lang='lat' dir='ltr'><strong>peccantium</strong></span> <span class='ocrx_word' id='word_1_162' title='bbox 1220 630 1310 657; x_wconf 91' lang='lat' dir='ltr'><strong>inesse</strong></span> <span class='ocrx_word' id='word_1_163' title='bbox 1323 630 1423 665; x_wconf 89' lang='lat' dir='ltr'><strong>vitam;</strong></span> <span class='ocrx_word' id='word_1_164' title='bbox 1446 639 1498 658; x_wconf 91' lang='lat' dir='ltr'><strong>non</strong></span> <span class='ocrx_word' id='word_1_165' title='bbox 1514 631 1653 666; x_wconf 82' lang='lat' dir='ltr'><strong>agentium</strong></span> <span class='ocrx_word' id='word_1_166' title='bbox 1686 638 1751 658; x_wconf 88' lang='lat' dir='ltr'><strong>vero</strong></span> 
     </span>
    </p>
   </div>
   <div class='ocr_carea' id='block_1_13' title="bbox 123 678 601 715">
    <p class='ocr_par' dir='ltr' id='par_1_13' title="bbox 123 678 601 715">
     <span class='ocr_line' id='line_1_13' title="bbox 123 678 601 715; baseline 0.004 -10"><span class='ocrx_word' id='word_1_167' title='bbox 123 678 326 713; x_wconf 58' lang='lat' dir='ltr'><strong>paenitentiam,</strong></span> <span class='ocrx_word' id='word_1_168' title='bbox 339 683 454 707; x_wconf 88' lang='lat' dir='ltr'><strong>mortem</strong></span> <span class='ocrx_word' id='word_1_169' title='bbox 469 684 601 715; x_wconf 84' lang='lat' dir='ltr'><strong>paratam.</strong></span> 
     </span>
    </p>
   </div>
   <div class='ocr_carea' id='block_1_14' title="bbox 842 733 1031 762">
    <p class='ocr_par' dir='ltr' id='par_1_14' title="bbox 842 733 1031 762">
     <span class='ocr_line' id='line_1_14' title="bbox 842 733 1031 762; baseline -0.011 0"><span class='ocrx_word' id='word_1_170' title='bbox 842 733 957 762; x_wconf 83' lang='lat' dir='ltr'><strong>CAPUT</strong></span> <span class='ocrx_word' id='word_1_171' title='bbox 976 734 1031 761; x_wconf 82' lang='lat' dir='ltr'><strong>Vll.</strong></span> 
     </span>
    </p>
   </div>
   <div class='ocr_carea' id='block_1_15' title="bbox 165 776 1750 816">
    <p class='ocr_par' dir='ltr' id='par_1_15' title="bbox 165 776 1750 816">
     <span class='ocr_line' id='line_1_15' title="bbox 165 776 1750 816; baseline -0.002 -8"><span class='ocrx_word' id='word_1_172' title='bbox 165 781 203 808; x_wconf 91' lang='lat' dir='ltr'><strong>De</strong></span> <span class='ocrx_word' id='word_1_173' title='bbox 217 780 260 809; x_wconf 87' lang='lat' dir='ltr'><strong>his</strong></span> <span class='ocrx_word' id='word_1_174' title='bbox 275 788 339 809; x_wconf 90' lang='lat' dir='ltr'><strong>vero</strong></span> <span class='ocrx_word' id='word_1_175' title='bbox 353 781 399 816; x_wconf 92' lang='lat' dir='ltr'><strong>qui</strong></span> <span class='ocrx_word' id='word_1_176' title='bbox 419 781 580 809; x_wconf 88' lang='lat' dir='ltr'><strong>semiaridas</strong></span> <span class='ocrx_word' id='word_1_177' title='bbox 594 788 685 816; x_wconf 82' lang='lat' dir='ltr'><strong>virgas</strong></span> <span class='ocrx_word' id='word_1_178' title='bbox 701 785 884 815; x_wconf 83' lang='lat' dir='ltr'><strong>porrexerunt</strong></span> <span class='ocrx_word' id='word_1_179' title='bbox 897 800 904 812; x_wconf 92' lang='lat'><strong>,</strong></span> <span class='ocrx_word' id='word_1_180' title='bbox 922 784 950 808; x_wconf 88' lang='lat' dir='ltr'><strong>et</strong></span> <span class='ocrx_word' id='word_1_181' title='bbox 969 780 1105 807; x_wconf 69' lang='lat' dir='ltr'><strong>scissura:</strong></span> <span class='ocrx_word' id='word_1_182' title='bbox 1121 779 1276 806; x_wconf 89' lang='lat' dir='ltr'><strong>habuerunt</strong></span> <span class='ocrx_word' id='word_1_183' title='bbox 1288 799 1296 810; x_wconf 85' lang='lat'><strong>.</strong></span> <span class='ocrx_word' id='word_1_184' title='bbox 1312 778 1386 806; x_wconf 87' lang='lat' dir='ltr'><strong>audi.</strong></span> <span class='ocrx_word' id='word_1_185' title='bbox 1413 778 1536 812; x_wconf 88' lang='lat' dir='ltr'><strong>Quorum</strong></span> <span class='ocrx_word' id='word_1_186' title='bbox 1562 776 1750 806; x_wconf 82' lang='lat' dir='ltr'><strong>tantummodo</strong></span> 
     </span>
    </p>
   </div>
   <div class='ocr_carea' id='block_1_16' title="bbox 123 824 1750 865">
    <p class='ocr_par' dir='ltr' id='par_1_16' title="bbox 123 824 1750 865">
     <span class='ocr_line' id='line_1_16' title="bbox 123 824 1750 865; baseline -0.004 -9"><span class='ocrx_word' id='word_1_187' title='bbox 123 829 281 857; x_wconf 66' lang='lat' dir='ltr'><strong>semiaridat</strong></span> <span class='ocrx_word' id='word_1_188' title='bbox 294 834 373 857; x_wconf 88' lang='lat' dir='ltr'><strong>erant</strong></span> <span class='ocrx_word' id='word_1_189' title='bbox 386 829 484 865; x_wconf 73' lang='lat' dir='ltr'><strong>virgae;</strong></span> <span class='ocrx_word' id='word_1_190' title='bbox 501 829 528 856; x_wconf 91' lang='lat' dir='ltr'><strong>hi</strong></span> <span class='ocrx_word' id='word_1_191' title='bbox 540 829 615 857; x_wconf 88' lang='lat' dir='ltr'><strong>dubii</strong></span> <span class='ocrx_word' id='word_1_192' title='bbox 629 833 712 862; x_wconf 86' lang='lat' dir='ltr'><strong>sunt;</strong></span> <span class='ocrx_word' id='word_1_193' title='bbox 729 836 780 857; x_wconf 88' lang='lat' dir='ltr'><strong>nec</strong></span> <span class='ocrx_word' id='word_1_194' title='bbox 792 828 866 856; x_wconf 89' lang='lat' dir='ltr'><strong>enim</strong></span> <span class='ocrx_word' id='word_1_195' title='bbox 883 828 936 855; x_wconf 88' lang='lat' dir='ltr'><strong>vivi</strong></span> <span class='ocrx_word' id='word_1_196' title='bbox 953 832 1027 860; x_wconf 92' lang='lat' dir='ltr'><strong>sunt,</strong></span> <span class='ocrx_word' id='word_1_197' title='bbox 1044 835 1094 855; x_wconf 87' lang='lat' dir='ltr'><strong>nec</strong></span> <span class='ocrx_word' id='word_1_198' title='bbox 1110 827 1222 854; x_wconf 89' lang='lat' dir='ltr'><strong>mortui.</strong></span> <span class='ocrx_word' id='word_1_199' title='bbox 1238 827 1273 854; x_wconf 85' lang='lat' dir='ltr'><strong>At</strong></span> <span class='ocrx_word' id='word_1_200' title='bbox 1289 827 1315 854; x_wconf 89' lang='lat' dir='ltr'><strong>hi</strong></span> <span class='ocrx_word' id='word_1_201' title='bbox 1330 827 1377 862; x_wconf 90' lang='lat' dir='ltr'><strong>qui</strong></span> <span class='ocrx_word' id='word_1_202' title='bbox 1394 825 1559 854; x_wconf 88' lang='lat' dir='ltr'><strong>semiaridas</strong></span> <span class='ocrx_word' id='word_1_203' title='bbox 1575 829 1601 852; x_wconf 88' lang='lat' dir='ltr'><strong>ct</strong></span> <span class='ocrx_word' id='word_1_204' title='bbox 1615 824 1750 852; x_wconf 86' lang='lat' dir='ltr'><strong>scissuras</strong></span> 
     </span>
    </p>
   </div>
   <div class='ocr_carea' id='block_1_17' title="bbox 123 873 1749 911">
    <p class='ocr_par' dir='ltr' id='par_1_17' title="bbox 123 873 1749 911">
     <span class='ocr_line' id='line_1_17' title="bbox 123 873 1749 911; baseline -0.004 -7"><span class='ocrx_word' id='word_1_205' title='bbox 123 876 260 905; x_wconf 85' lang='lat' dir='ltr'><strong>habentes</strong></span> <span class='ocrx_word' id='word_1_206' title='bbox 274 877 460 911; x_wconf 87' lang='lat' dir='ltr'><strong>tradiderunt;</strong></span> <span class='ocrx_word' id='word_1_207' title='bbox 475 882 502 906; x_wconf 88' lang='lat' dir='ltr'><strong>et</strong></span> <span class='ocrx_word' id='word_1_208' title='bbox 516 878 591 905; x_wconf 89' lang='lat' dir='ltr'><strong>dubii</strong></span> <span class='ocrx_word' id='word_1_209' title='bbox 607 882 683 910; x_wconf 89' lang='lat' dir='ltr'><strong>sunt,</strong></span> <span class='ocrx_word' id='word_1_210' title='bbox 697 882 724 904; x_wconf 89' lang='lat' dir='ltr'><strong>et</strong></span> <span class='ocrx_word' id='word_1_211' title='bbox 737 876 861 904; x_wconf 84' lang='lat' dir='ltr'><strong>maledici</strong></span> <span class='ocrx_word' id='word_1_212' title='bbox 874 897 882 910; x_wconf 85' lang='lat'><strong>,</strong></span> <span class='ocrx_word' id='word_1_213' title='bbox 898 876 932 904; x_wconf 90' lang='lat' dir='ltr'><strong>de</strong></span> <span class='ocrx_word' id='word_1_214' title='bbox 948 876 1106 904; x_wconf 83' lang='lat' dir='ltr'><strong>absentibus</strong></span> <span class='ocrx_word' id='word_1_215' title='bbox 1121 875 1307 908; x_wconf 80' lang='lat' dir='ltr'><strong>detrahentes,</strong></span> <span class='ocrx_word' id='word_1_216' title='bbox 1323 879 1350 902; x_wconf 87' lang='lat' dir='ltr'><strong>et</strong></span> <span class='ocrx_word' id='word_1_217' title='bbox 1363 880 1503 908; x_wconf 85' lang='lat' dir='ltr'><strong>nunquam</strong></span> <span class='ocrx_word' id='word_1_218' title='bbox 1524 873 1595 900; x_wconf 89' lang='lat' dir='ltr'><strong>inter</strong></span> <span class='ocrx_word' id='word_1_219' title='bbox 1611 880 1641 900; x_wconf 85' lang='lat' dir='ltr'><strong>se</strong></span> <span class='ocrx_word' id='word_1_220' title='bbox 1655 878 1749 906; x_wconf 86' lang='lat' dir='ltr'><strong>pacem</strong></span> 
     </span>
    </p>
   </div>
   <div class='ocr_carea' id='block_1_18' title="bbox 124 919 1750 961">
    <p class='ocr_par' dir='ltr' id='par_1_18' title="bbox 124 919 1750 961">
     <span class='ocr_line' id='line_1_18' title="bbox 124 919 1750 961; baseline -0.003 -11"><span class='ocrx_word' id='word_1_221' title='bbox 124 923 272 957; x_wconf 77' lang='lat' dir='ltr'><strong>trahentes,</strong></span> <span class='ocrx_word' id='word_1_222' title='bbox 287 928 315 951; x_wconf 84' lang='lat' dir='ltr'><strong>et</strong></span> <span class='ocrx_word' id='word_1_223' title='bbox 330 925 399 952; x_wconf 86' lang='lat' dir='ltr'><strong>inter</strong></span> <span class='ocrx_word' id='word_1_224' title='bbox 413 933 442 952; x_wconf 86' lang='lat' dir='ltr'><strong>se</strong></span> <span class='ocrx_word' id='word_1_225' title='bbox 460 925 516 961; x_wconf 85' lang='lat'><strong>(86)</strong></span> <span class='ocrx_word' id='word_1_226' title='bbox 533 926 696 954; x_wconf 85' lang='lat' dir='ltr'><strong>invidentes.</strong></span> <span class='ocrx_word' id='word_1_227' title='bbox 714 925 747 953; x_wconf 87' lang='lat' dir='ltr'><strong>Et</strong></span> <span class='ocrx_word' id='word_1_228' title='bbox 764 926 798 953; x_wconf 91' lang='lat' dir='ltr'><strong>iis</strong></span> <span class='ocrx_word' id='word_1_229' title='bbox 812 925 921 960; x_wconf 85' lang='lat' dir='ltr'><strong>quidem</strong></span> <span class='ocrx_word' id='word_1_230' title='bbox 937 924 1078 960; x_wconf 89' lang='lat' dir='ltr'><strong>proposita</strong></span> <span class='ocrx_word' id='word_1_231' title='bbox 1092 927 1134 951; x_wconf 90' lang='lat' dir='ltr'><strong>est</strong></span> <span class='ocrx_word' id='word_1_232' title='bbox 1148 923 1327 959; x_wconf 76' lang='lat' dir='ltr'><strong>pmnitentia:</strong></span> <span class='ocrx_word' id='word_1_233' title='bbox 1343 921 1419 949; x_wconf 77' lang='lat' dir='ltr'><strong>vides</strong></span> <span class='ocrx_word' id='word_1_234' title='bbox 1436 921 1508 948; x_wconf 91' lang='lat' dir='ltr'><strong>enim</strong></span> <span class='ocrx_word' id='word_1_235' title='bbox 1528 928 1561 948; x_wconf 88' lang='lat' dir='ltr'><strong>ex</strong></span> <span class='ocrx_word' id='word_1_236' title='bbox 1584 920 1626 947; x_wconf 88' lang='lat' dir='ltr'><strong>his</strong></span> <span class='ocrx_word' id='word_1_237' title='bbox 1644 919 1750 954; x_wconf 90' lang='lat' dir='ltr'><strong>aliquos</strong></span> 
     </span>
    </p>
   </div>
   <div class='ocr_carea' id='block_1_19' title="bbox 124 961 1751 1010">
    <p class='ocr_par' dir='ltr' id='par_1_19' title="bbox 124 961 1751 1010">
     <span class='ocr_line' id='line_1_19' title="bbox 124 961 1751 1010; baseline -0.004 -9"><span class='ocrx_word' id='word_1_238' title='bbox 124 973 272 1007; x_wconf 66' lang='lat' dir='ltr'><strong>paenitere.</strong></span> <span class='ocrx_word' id='word_1_239' title='bbox 288 972 449 1009; x_wconf 86' lang='lat' dir='ltr'><strong>Quicunque</strong></span> <span class='ocrx_word' id='word_1_240' title='bbox 464 981 529 1001; x_wconf 87' lang='lat' dir='ltr'><strong>vero</strong></span> <span class='ocrx_word' id='word_1_241' title='bbox 542 982 637 1002; x_wconf 91' lang='lat' dir='ltr'><strong>eorum</strong></span> <span class='ocrx_word' id='word_1_242' title='bbox 653 974 707 1001; x_wconf 88' lang='lat' dir='ltr'><strong>cito</strong></span> <span class='ocrx_word' id='word_1_243' title='bbox 721 978 837 1010; x_wconf 87' lang='lat' dir='ltr'><strong>egerunt</strong></span> <span class='ocrx_word' id='word_1_244' title='bbox 848 973 905 1009; x_wconf 89' lang='lat'><strong>(87)</strong></span> <span class='ocrx_word' id='word_1_245' title='bbox 924 972 1113 1008; x_wconf 78' lang='lat' dir='ltr'><strong>paenitentiam</strong></span> <span class='ocrx_word' id='word_1_246' title='bbox 1125 991 1133 1003; x_wconf 94' lang='lat'><strong>,</strong></span> <span class='ocrx_word' id='word_1_247' title='bbox 1158 971 1185 998; x_wconf 93' lang='lat' dir='ltr'><strong>hi</strong></span> <span class='ocrx_word' id='word_1_248' title='bbox 1202 971 1228 997; x_wconf 90' lang='lat' dir='ltr'><strong>in</strong></span> <span class='ocrx_word' id='word_1_249' title='bbox 1245 970 1315 998; x_wconf 89' lang='lat' dir='ltr'><strong>turri</strong></span> <span class='ocrx_word' id='word_1_250' title='bbox 1349 970 1449 997; x_wconf 83' lang='lat' dir='ltr'><strong>habent</strong></span> <span class='ocrx_word' id='word_1_251' title='bbox 1473 961 1565 997; x_wconf 78' lang='lat' dir='ltr'><strong>sedem</strong></span> <span class='ocrx_word' id='word_1_252' title='bbox 1580 978 1586 996; x_wconf 90' lang='lat'><strong>:</strong></span> <span class='ocrx_word' id='word_1_253' title='bbox 1613 973 1641 995; x_wconf 90' lang='lat' dir='ltr'><strong>at</strong></span> <span class='ocrx_word' id='word_1_254' title='bbox 1662 968 1681 995; x_wconf 94' lang='lat' dir='ltr'><strong>ii</strong></span> <span class='ocrx_word' id='word_1_255' title='bbox 1704 968 1751 1003; x_wconf 90' lang='lat' dir='ltr'><strong>qui</strong></span> 
     </span>
    </p>
   </div>
   <div class='ocr_carea' id='block_1_20' title="bbox 126 1016 1750 1057">
    <p class='ocr_par' dir='ltr' id='par_1_20' title="bbox 126 1016 1750 1057">
     <span class='ocr_line' id='line_1_20' title="bbox 126 1016 1750 1057; baseline -0.003 -9"><span class='ocrx_word' id='word_1_256' title='bbox 126 1022 206 1049; x_wconf 85' lang='lat' dir='ltr'><strong>tarde</strong></span> <span class='ocrx_word' id='word_1_257' title='bbox 217 1026 342 1057; x_wconf 86' lang='lat' dir='ltr'><strong>egerunt,</strong></span> <span class='ocrx_word' id='word_1_258' title='bbox 356 1021 383 1049; x_wconf 89' lang='lat' dir='ltr'><strong>in</strong></span> <span class='ocrx_word' id='word_1_259' title='bbox 396 1022 483 1049; x_wconf 89' lang='lat' dir='ltr'><strong>muris</strong></span> <span class='ocrx_word' id='word_1_260' title='bbox 494 1021 619 1049; x_wconf 88' lang='lat' dir='ltr'><strong>habitant</strong></span> <span class='ocrx_word' id='word_1_261' title='bbox 632 1021 698 1057; x_wconf 87' lang='lat'><strong>(88).</strong></span> <span class='ocrx_word' id='word_1_262' title='bbox 711 1021 764 1055; x_wconf 90' lang='lat' dir='ltr'><strong>Qui</strong></span> <span class='ocrx_word' id='word_1_263' title='bbox 778 1029 842 1049; x_wconf 89' lang='lat' dir='ltr'><strong>vero</strong></span> <span class='ocrx_word' id='word_1_264' title='bbox 855 1029 909 1048; x_wconf 92' lang='lat' dir='ltr'><strong>non</strong></span> <span class='ocrx_word' id='word_1_265' title='bbox 921 1025 1036 1056; x_wconf 90' lang='lat' dir='ltr'><strong>egerunt</strong></span> <span class='ocrx_word' id='word_1_266' title='bbox 1045 1019 1245 1054; x_wconf 69' lang='lat' dir='ltr'><strong>paenitentiam,</strong></span> <span class='ocrx_word' id='word_1_267' title='bbox 1260 1017 1306 1045; x_wconf 87' lang='lat' dir='ltr'><strong>sed</strong></span> <span class='ocrx_word' id='word_1_268' title='bbox 1321 1017 1347 1044; x_wconf 94' lang='lat' dir='ltr'><strong>in</strong></span> <span class='ocrx_word' id='word_1_269' title='bbox 1360 1017 1419 1046; x_wconf 89' lang='lat' dir='ltr'><strong>suis</strong></span> <span class='ocrx_word' id='word_1_270' title='bbox 1430 1022 1640 1054; x_wconf 85' lang='lat' dir='ltr'><strong>permanserunt</strong></span> <span class='ocrx_word' id='word_1_271' title='bbox 1652 1016 1732 1044; x_wconf 87' lang='lat' dir='ltr'><strong>factis</strong></span> <span class='ocrx_word' id='word_1_272' title='bbox 1742 1036 1750 1049; x_wconf 91' lang='lat'><strong>,</strong></span> 
     </span>
    </p>
   </div>
   <div class='ocr_carea' id='block_1_21' title="bbox 125 1065 1802 1105">
    <p class='ocr_par' dir='ltr' id='par_1_21' title="bbox 125 1065 1802 1105">
     <span class='ocr_line' id='line_1_21' title="bbox 125 1065 1802 1105; baseline -0.004 -9"><span class='ocrx_word' id='word_1_273' title='bbox 125 1073 217 1097; x_wconf 87' lang='lat' dir='ltr'><strong>morte</strong></span> <span class='ocrx_word' id='word_1_274' title='bbox 229 1069 390 1098; x_wconf 85' lang='lat' dir='ltr'><strong>morientur.</strong></span> <span class='ocrx_word' id='word_1_275' title='bbox 404 1070 439 1097; x_wconf 83' lang='lat' dir='ltr'><strong>At</strong></span> <span class='ocrx_word' id='word_1_276' title='bbox 452 1077 518 1097; x_wconf 89' lang='lat' dir='ltr'><strong>vero</strong></span> <span class='ocrx_word' id='word_1_277' title='bbox 534 1070 560 1097; x_wconf 91' lang='lat' dir='ltr'><strong>hi</strong></span> <span class='ocrx_word' id='word_1_278' title='bbox 574 1070 621 1105; x_wconf 85' lang='lat' dir='ltr'><strong>qui</strong></span> <span class='ocrx_word' id='word_1_279' title='bbox 634 1070 735 1097; x_wconf 80' lang='lat' dir='ltr'><strong>virides</strong></span> <span class='ocrx_word' id='word_1_280' title='bbox 746 1070 855 1105; x_wconf 88' lang='lat' dir='ltr'><strong>quidem</strong></span> <span class='ocrx_word' id='word_1_281' title='bbox 867 1069 969 1105; x_wconf 82' lang='lat' dir='ltr'><strong>virgas,</strong></span> <span class='ocrx_word' id='word_1_282' title='bbox 983 1068 1030 1096; x_wconf 90' lang='lat' dir='ltr'><strong>sed</strong></span> <span class='ocrx_word' id='word_1_283' title='bbox 1044 1068 1181 1096; x_wconf 86' lang='lat' dir='ltr'><strong>scissuras</strong></span> <span class='ocrx_word' id='word_1_284' title='bbox 1195 1067 1325 1094; x_wconf 83' lang='lat' dir='ltr'><strong>habentes</strong></span> <span class='ocrx_word' id='word_1_285' title='bbox 1338 1065 1524 1098; x_wconf 84' lang='lat' dir='ltr'><strong>tradiderunt;</strong></span> <span class='ocrx_word' id='word_1_286' title='bbox 1540 1065 1630 1092; x_wconf 82' lang='lat' dir='ltr'><strong>ﬁdeles</strong></span> <span class='ocrx_word' id='word_1_287' title='bbox 1644 1071 1753 1098; x_wconf 88' lang='lat' dir='ltr'><strong>semper</strong></span> <span class='ocrx_word' id='word_1_288' title='bbox 1798 1089 1802 1095; x_wconf 84' lang='lat'><strong>,</strong></span> 
     </span>
    </p>
   </div>
   <div class='ocr_carea' id='block_1_22' title="bbox 126 1111 1752 1154">
    <p class='ocr_par' dir='ltr' id='par_1_22' title="bbox 126 1111 1752 1154">
     <span class='ocr_line' id='line_1_22' title="bbox 126 1111 1752 1154; baseline -0.003 -10"><span class='ocrx_word' id='word_1_289' title='bbox 126 1117 239 1146; x_wconf 86' lang='lat' dir='ltr'><strong>fuerunt</strong></span> <span class='ocrx_word' id='word_1_290' title='bbox 253 1123 280 1146; x_wconf 91' lang='lat' dir='ltr'><strong>et</strong></span> <span class='ocrx_word' id='word_1_291' title='bbox 294 1118 370 1150; x_wconf 86' lang='lat' dir='ltr'><strong>boni,</strong></span> <span class='ocrx_word' id='word_1_292' title='bbox 386 1118 432 1146; x_wconf 86' lang='lat' dir='ltr'><strong>sed</strong></span> <span class='ocrx_word' id='word_1_293' title='bbox 447 1118 579 1146; x_wconf 86' lang='lat' dir='ltr'><strong>habentes</strong></span> <span class='ocrx_word' id='word_1_294' title='bbox 592 1118 663 1145; x_wconf 90' lang='lat' dir='ltr'><strong>inter</strong></span> <span class='ocrx_word' id='word_1_295' title='bbox 677 1126 707 1146; x_wconf 92' lang='lat' dir='ltr'><strong>se</strong></span> <span class='ocrx_word' id='word_1_296' title='bbox 722 1118 868 1154; x_wconf 91' lang='lat' dir='ltr'><strong>quamdam</strong></span> <span class='ocrx_word' id='word_1_297' title='bbox 886 1117 1016 1144; x_wconf 79' lang='lat' dir='ltr'><strong>invidiam</strong></span> <span class='ocrx_word' id='word_1_298' title='bbox 1031 1120 1059 1144; x_wconf 84' lang='lat' dir='ltr'><strong>et</strong></span> <span class='ocrx_word' id='word_1_299' title='bbox 1074 1116 1161 1142; x_wconf 86' lang='lat' dir='ltr'><strong>zelum</strong></span> <span class='ocrx_word' id='word_1_300' title='bbox 1178 1115 1234 1150; x_wconf 85' lang='lat'><strong>(89)</strong></span> <span class='ocrx_word' id='word_1_301' title='bbox 1247 1114 1280 1142; x_wconf 91' lang='lat' dir='ltr'><strong>de</strong></span> <span class='ocrx_word' id='word_1_302' title='bbox 1294 1113 1446 1150; x_wconf 86' lang='lat' dir='ltr'><strong>principatu</strong></span> <span class='ocrx_word' id='word_1_303' title='bbox 1460 1119 1487 1142; x_wconf 93' lang='lat' dir='ltr'><strong>et</strong></span> <span class='ocrx_word' id='word_1_304' title='bbox 1497 1113 1636 1150; x_wconf 87' lang='lat' dir='ltr'><strong>dignitate.</strong></span> <span class='ocrx_word' id='word_1_305' title='bbox 1651 1111 1752 1139; x_wconf 84' lang='lat' dir='ltr'><strong>Verum</strong></span> 
     </span>
    </p>
   </div>
   <div class='ocr_carea' id='block_1_23' title="bbox 127 1159 1752 1202">
    <p class='ocr_par' dir='ltr' id='par_1_23' title="bbox 127 1159 1752 1202">
     <span class='ocr_line' id='line_1_23' title="bbox 127 1159 1752 1202; baseline -0.005 -9"><span class='ocrx_word' id='word_1_306' title='bbox 127 1173 225 1194; x_wconf 91' lang='lat' dir='ltr'><strong>omnes</strong></span> <span class='ocrx_word' id='word_1_307' title='bbox 240 1166 396 1201; x_wconf 73' lang='lat' dir='ltr'><strong>huiusmodi</strong></span> <span class='ocrx_word' id='word_1_308' title='bbox 414 1167 575 1202; x_wconf 88' lang='lat' dir='ltr'><strong>insipientes</strong></span> <span class='ocrx_word' id='word_1_309' title='bbox 589 1165 646 1201; x_wconf 90' lang='lat'><strong>(90)</strong></span> <span class='ocrx_word' id='word_1_310' title='bbox 662 1170 727 1194; x_wconf 90' lang='lat' dir='ltr'><strong>sunt</strong></span> <span class='ocrx_word' id='word_1_311' title='bbox 740 1170 768 1193; x_wconf 89' lang='lat' dir='ltr'><strong>et</strong></span> <span class='ocrx_word' id='word_1_312' title='bbox 780 1165 859 1198; x_wconf 81' lang='lat' dir='ltr'><strong>fatui,</strong></span> <span class='ocrx_word' id='word_1_313' title='bbox 873 1166 919 1201; x_wconf 92' lang='lat' dir='ltr'><strong>qui</strong></span> <span class='ocrx_word' id='word_1_314' title='bbox 938 1165 1038 1192; x_wconf 82' lang='lat' dir='ltr'><strong>habent</strong></span> <span class='ocrx_word' id='word_1_315' title='bbox 1052 1165 1123 1191; x_wconf 89' lang='lat' dir='ltr'><strong>inter</strong></span> <span class='ocrx_word' id='word_1_316' title='bbox 1137 1171 1167 1191; x_wconf 87' lang='lat' dir='ltr'><strong>se</strong></span> <span class='ocrx_word' id='word_1_317' title='bbox 1181 1162 1381 1190; x_wconf 52' lang='lat' dir='ltr'><strong>aemulationem</strong></span> <span class='ocrx_word' id='word_1_318' title='bbox 1397 1161 1430 1189; x_wconf 94' lang='lat' dir='ltr'><strong>de</strong></span> <span class='ocrx_word' id='word_1_319' title='bbox 1445 1160 1609 1195; x_wconf 85' lang='lat' dir='ltr'><strong>principatu.</strong></span> <span class='ocrx_word' id='word_1_320' title='bbox 1626 1159 1752 1187; x_wconf 80' lang='lat' dir='ltr'><strong>Attamen</strong></span> 
     </span>
    </p>
   </div>
   <div class='ocr_carea' id='block_1_24' title="bbox 127 1209 1752 1251">
    <p class='ocr_par' dir='ltr' id='par_1_24' title="bbox 127 1209 1752 1251">
     <span class='ocr_line' id='line_1_24' title="bbox 127 1209 1752 1251; baseline -0.005 -10"><span class='ocrx_word' id='word_1_321' title='bbox 127 1214 159 1241; x_wconf 92' lang='lat' dir='ltr'><strong>hi</strong></span> <span class='ocrx_word' id='word_1_322' title='bbox 171 1234 179 1247; x_wconf 87' lang='lat'><strong>,</strong></span> <span class='ocrx_word' id='word_1_323' title='bbox 193 1222 252 1242; x_wconf 88' lang='lat' dir='ltr'><strong>cum</strong></span> <span class='ocrx_word' id='word_1_324' title='bbox 271 1215 327 1243; x_wconf 89' lang='lat' dir='ltr'><strong>sint</strong></span> <span class='ocrx_word' id='word_1_325' title='bbox 340 1215 441 1251; x_wconf 87' lang='lat' dir='ltr'><strong>alioqui</strong></span> <span class='ocrx_word' id='word_1_326' title='bbox 457 1215 543 1249; x_wconf 88' lang='lat' dir='ltr'><strong>boni,</strong></span> <span class='ocrx_word' id='word_1_327' title='bbox 557 1215 580 1243; x_wconf 92' lang='lat' dir='ltr'><strong>si</strong></span> <span class='ocrx_word' id='word_1_328' title='bbox 594 1214 694 1243; x_wconf 85' lang='lat' dir='ltr'><strong>auditis</strong></span> <span class='ocrx_word' id='word_1_329' title='bbox 707 1214 844 1242; x_wconf 87' lang='lat' dir='ltr'><strong>mandatis</strong></span> <span class='ocrx_word' id='word_1_330' title='bbox 859 1214 920 1241; x_wconf 93' lang='lat' dir='ltr'><strong>istis</strong></span> <span class='ocrx_word' id='word_1_331' title='bbox 937 1214 993 1248; x_wconf 78' lang='lat'><strong>(91)</strong></span> <span class='ocrx_word' id='word_1_332' title='bbox 1009 1212 1216 1241; x_wconf 87' lang='lat' dir='ltr'><strong>emendaverint</strong></span> <span class='ocrx_word' id='word_1_333' title='bbox 1230 1219 1277 1243; x_wconf 82' lang='lat' dir='ltr'><strong>se.</strong></span> <span class='ocrx_word' id='word_1_334' title='bbox 1302 1215 1329 1239; x_wconf 89' lang='lat' dir='ltr'><strong>et</strong></span> <span class='ocrx_word' id='word_1_335' title='bbox 1344 1210 1399 1238; x_wconf 90' lang='lat' dir='ltr'><strong>cito</strong></span> <span class='ocrx_word' id='word_1_336' title='bbox 1414 1217 1463 1245; x_wconf 87' lang='lat' dir='ltr'><strong>per</strong></span> <span class='ocrx_word' id='word_1_337' title='bbox 1485 1209 1641 1236; x_wconf 84' lang='lat' dir='ltr'><strong>suasionem</strong></span> <span class='ocrx_word' id='word_1_338' title='bbox 1663 1214 1752 1234; x_wconf 85' lang='lat' dir='ltr'><strong>meam</strong></span> 
     </span>
    </p>
   </div>
   <div class='ocr_carea' id='block_1_25' title="bbox 126 1254 1752 1299">
    <p class='ocr_par' dir='ltr' id='par_1_25' title="bbox 126 1254 1752 1299">
     <span class='ocr_line' id='line_1_25' title="bbox 126 1254 1752 1299; baseline -0.006 -8"><span class='ocrx_word' id='word_1_339' title='bbox 126 1263 187 1299; x_wconf 74' lang='grc'>(92)</span> <span class='ocrx_word' id='word_1_340' title='bbox 201 1263 304 1298; x_wconf 88' lang='lat' dir='ltr'><strong>egerint</strong></span> <span class='ocrx_word' id='word_1_341' title='bbox 320 1263 526 1298; x_wconf 68' lang='lat' dir='ltr'><strong>paenitentiam;</strong></span> <span class='ocrx_word' id='word_1_342' title='bbox 543 1262 570 1289; x_wconf 92' lang='lat' dir='ltr'><strong>in</strong></span> <span class='ocrx_word' id='word_1_343' title='bbox 583 1261 652 1289; x_wconf 90' lang='lat' dir='ltr'><strong>turri</strong></span> <span class='ocrx_word' id='word_1_344' title='bbox 666 1260 784 1295; x_wconf 86' lang='lat' dir='ltr'><strong>denique</strong></span> <span class='ocrx_word' id='word_1_345' title='bbox 799 1259 930 1295; x_wconf 85' lang='lat' dir='ltr'><strong>incipient</strong></span> <span class='ocrx_word' id='word_1_346' title='bbox 944 1258 1077 1289; x_wconf 85' lang='lat' dir='ltr'><strong>habitare.</strong></span> <span class='ocrx_word' id='word_1_347' title='bbox 1094 1257 1166 1285; x_wconf 88' lang='lat' dir='ltr'><strong>sicut</strong></span> <span class='ocrx_word' id='word_1_348' title='bbox 1180 1261 1208 1284; x_wconf 87' lang='lat' dir='ltr'><strong>et</strong></span> <span class='ocrx_word' id='word_1_349' title='bbox 1223 1256 1250 1283; x_wconf 89' lang='lat' dir='ltr'><strong>hi</strong></span> <span class='ocrx_word' id='word_1_350' title='bbox 1264 1255 1312 1291; x_wconf 86' lang='lat' dir='ltr'><strong>qui</strong></span> <span class='ocrx_word' id='word_1_351' title='bbox 1325 1261 1439 1290; x_wconf 81' lang='lat' dir='ltr'><strong>egerunt</strong></span> <span class='ocrx_word' id='word_1_352' title='bbox 1453 1256 1533 1291; x_wconf 82' lang='lat' dir='ltr'><strong>digne</strong></span> <span class='ocrx_word' id='word_1_353' title='bbox 1549 1255 1605 1290; x_wconf 80' lang='grc'>(95)</span> <span class='ocrx_word' id='word_1_354' title='bbox 1618 1254 1752 1290; x_wconf 68' lang='lat' dir='ltr'><strong>paeniten-</strong></span> 
     </span>
    </p>
   </div>
   <div class='ocr_carea' id='block_1_26' title="bbox 126 1302 1751 1346">
    <p class='ocr_par' dir='ltr' id='par_1_26' title="bbox 126 1302 1751 1346">
     <span class='ocr_line' id='line_1_26' title="bbox 126 1302 1751 1346; baseline -0.004 -10"><span class='ocrx_word' id='word_1_355' title='bbox 126 1310 206 1337; x_wconf 87' lang='lat' dir='ltr'><strong>tiam.</strong></span> <span class='ocrx_word' id='word_1_356' title='bbox 222 1309 300 1343; x_wconf 83' lang='lat' dir='ltr'><strong>Quod</strong></span> <span class='ocrx_word' id='word_1_357' title='bbox 316 1310 338 1337; x_wconf 91' lang='lat' dir='ltr'><strong>si</strong></span> <span class='ocrx_word' id='word_1_358' title='bbox 353 1310 415 1346; x_wconf 89' lang='lat' dir='ltr'><strong>quis</strong></span> <span class='ocrx_word' id='word_1_359' title='bbox 430 1317 526 1337; x_wconf 91' lang='lat' dir='ltr'><strong>eorum</strong></span> <span class='ocrx_word' id='word_1_360' title='bbox 540 1317 638 1337; x_wconf 90' lang='lat' dir='ltr'><strong>rursus</strong></span> <span class='ocrx_word' id='word_1_361' title='bbox 652 1309 686 1337; x_wconf 94' lang='lat' dir='ltr'><strong>ad</strong></span> <span class='ocrx_word' id='word_1_362' title='bbox 700 1308 900 1336; x_wconf 85' lang='lat' dir='ltr'><strong>dissensionem</strong></span> <span class='ocrx_word' id='word_1_363' title='bbox 916 1306 1027 1335; x_wconf 88' lang='lat' dir='ltr'><strong>redierit</strong></span> <span class='ocrx_word' id='word_1_364' title='bbox 1037 1326 1044 1339; x_wconf 85' lang='grc'><em>,</em></span> <span class='ocrx_word' id='word_1_365' title='bbox 1062 1305 1208 1341; x_wconf 87' lang='lat' dir='ltr'><strong>repelletur</strong></span> <span class='ocrx_word' id='word_1_366' title='bbox 1223 1304 1280 1339; x_wconf 73' lang='lat'><strong>(94)</strong></span> <span class='ocrx_word' id='word_1_367' title='bbox 1293 1311 1307 1331; x_wconf 88' lang='lat' dir='ltr'><strong>a</strong></span> <span class='ocrx_word' id='word_1_368' title='bbox 1323 1304 1402 1337; x_wconf 88' lang='lat' dir='ltr'><strong>turri,</strong></span> <span class='ocrx_word' id='word_1_369' title='bbox 1414 1308 1441 1331; x_wconf 90' lang='lat' dir='ltr'><strong>et</strong></span> <span class='ocrx_word' id='word_1_370' title='bbox 1454 1304 1537 1331; x_wconf 86' lang='lat' dir='ltr'><strong>vitam</strong></span> <span class='ocrx_word' id='word_1_371' title='bbox 1555 1311 1633 1331; x_wconf 88' lang='lat' dir='ltr'><strong>suam</strong></span> <span class='ocrx_word' id='word_1_372' title='bbox 1649 1302 1751 1338; x_wconf 87' lang='lat' dir='ltr'><strong>perdet.</strong></span> 
     </span>
    </p>
   </div>
   <div class='ocr_carea' id='block_1_27' title="bbox 127 1351 1753 1394">
    <p class='ocr_par' dir='ltr' id='par_1_27' title="bbox 127 1351 1753 1394">
     <span class='ocr_line' id='line_1_27' title="bbox 127 1351 1753 1394; baseline -0.004 -10"><span class='ocrx_word' id='word_1_373' title='bbox 127 1356 190 1385; x_wconf 83' lang='lat' dir='ltr'><strong>Vita</strong></span> <span class='ocrx_word' id='word_1_374' title='bbox 202 1358 275 1385; x_wconf 91' lang='lat' dir='ltr'><strong>enim</strong></span> <span class='ocrx_word' id='word_1_375' title='bbox 289 1365 385 1385; x_wconf 88' lang='lat' dir='ltr'><strong>eorum</strong></span> <span class='ocrx_word' id='word_1_376' title='bbox 400 1358 447 1394; x_wconf 91' lang='lat' dir='ltr'><strong>qui</strong></span> <span class='ocrx_word' id='word_1_377' title='bbox 460 1359 617 1388; x_wconf 90' lang='lat' dir='ltr'><strong>custodiunt</strong></span> <span class='ocrx_word' id='word_1_378' title='bbox 636 1358 765 1386; x_wconf 89' lang='lat' dir='ltr'><strong>mandata</strong></span> <span class='ocrx_word' id='word_1_379' title='bbox 787 1356 907 1388; x_wconf 82' lang='lat' dir='ltr'><strong>Domini,</strong></span> <span class='ocrx_word' id='word_1_380' title='bbox 926 1356 953 1383; x_wconf 92' lang='lat' dir='ltr'><strong>in</strong></span> <span class='ocrx_word' id='word_1_381' title='bbox 973 1354 1110 1382; x_wconf 89' lang='lat' dir='ltr'><strong>mandatis</strong></span> <span class='ocrx_word' id='word_1_382' title='bbox 1127 1353 1270 1387; x_wconf 87' lang='lat' dir='ltr'><strong>consistit;</strong></span> <span class='ocrx_word' id='word_1_383' title='bbox 1296 1360 1350 1379; x_wconf 92' lang='lat' dir='ltr'><strong>non</strong></span> <span class='ocrx_word' id='word_1_384' title='bbox 1375 1351 1402 1379; x_wconf 89' lang='lat' dir='ltr'><strong>in</strong></span> <span class='ocrx_word' id='word_1_385' title='bbox 1421 1352 1574 1387; x_wconf 82' lang='lat' dir='ltr'><strong>principatu</strong></span> <span class='ocrx_word' id='word_1_386' title='bbox 1599 1356 1646 1379; x_wconf 86' lang='lat' dir='ltr'><strong>aut</strong></span> <span class='ocrx_word' id='word_1_387' title='bbox 1662 1351 1753 1386; x_wconf 90' lang='lat' dir='ltr'><strong>aliqua</strong></span> 
     </span>
    </p>
   </div>
   <div class='ocr_carea' id='block_1_28' title="bbox 127 1398 1754 1441">
    <p class='ocr_par' dir='ltr' id='par_1_28' title="bbox 127 1398 1754 1441">
     <span class='ocr_line' id='line_1_28' title="bbox 127 1398 1754 1441; baseline -0.005 -9"><span class='ocrx_word' id='word_1_388' title='bbox 127 1404 271 1440; x_wconf 80' lang='lat' dir='ltr'><strong>dignitate.</strong></span> <span class='ocrx_word' id='word_1_389' title='bbox 287 1405 339 1433; x_wconf 87' lang='lat' dir='ltr'><strong>Per</strong></span> <span class='ocrx_word' id='word_1_390' title='bbox 353 1407 509 1441; x_wconf 86' lang='lat' dir='ltr'><strong>patientiam</strong></span> <span class='ocrx_word' id='word_1_391' title='bbox 524 1406 596 1435; x_wconf 88' lang='lat' dir='ltr'><strong>enim</strong></span> <span class='ocrx_word' id='word_1_392' title='bbox 609 1410 636 1434; x_wconf 86' lang='lat' dir='ltr'><strong>et</strong></span> <span class='ocrx_word' id='word_1_393' title='bbox 649 1406 831 1434; x_wconf 87' lang='lat' dir='ltr'><strong>humilitatem</strong></span> <span class='ocrx_word' id='word_1_394' title='bbox 846 1404 945 1432; x_wconf 68' lang='lat' dir='ltr'><strong>animat</strong></span> <span class='ocrx_word' id='word_1_395' title='bbox 975 1404 1059 1431; x_wconf 87' lang='lat' dir='ltr'><strong>vitam</strong></span> <span class='ocrx_word' id='word_1_396' title='bbox 1074 1403 1200 1431; x_wconf 87' lang='lat' dir='ltr'><strong>homines</strong></span> <span class='ocrx_word' id='word_1_397' title='bbox 1215 1406 1436 1436; x_wconf 87' lang='lat' dir='ltr'><strong>consequentur;</strong></span> <span class='ocrx_word' id='word_1_398' title='bbox 1460 1407 1508 1435; x_wconf 92' lang='lat' dir='ltr'><strong>per</strong></span> <span class='ocrx_word' id='word_1_399' title='bbox 1521 1398 1669 1427; x_wconf 86' lang='lat' dir='ltr'><strong>seditiones</strong></span> <span class='ocrx_word' id='word_1_400' title='bbox 1688 1405 1754 1425; x_wconf 86' lang='lat' dir='ltr'><strong>vero</strong></span> 
     </span>
    </p>
   </div>
   <div class='ocr_carea' id='block_1_29' title="bbox 126 1455 804 1492">
    <p class='ocr_par' dir='ltr' id='par_1_29' title="bbox 126 1455 804 1492">
     <span class='ocr_line' id='line_1_29' title="bbox 126 1455 804 1492; baseline 0 -11"><span class='ocrx_word' id='word_1_401' title='bbox 126 1459 156 1482; x_wconf 89' lang='lat' dir='ltr'><strong>et</strong></span> <span class='ocrx_word' id='word_1_402' title='bbox 165 1459 350 1490; x_wconf 82' lang='lat' dir='ltr'><strong>contemptum</strong></span> <span class='ocrx_word' id='word_1_403' title='bbox 366 1456 433 1492; x_wconf 89' lang='lat' dir='ltr'><strong>legis</strong></span> <span class='ocrx_word' id='word_1_404' title='bbox 451 1460 566 1483; x_wconf 88' lang='lat' dir='ltr'><strong>mortem</strong></span> <span class='ocrx_word' id='word_1_405' title='bbox 583 1455 635 1483; x_wconf 86' lang='lat' dir='ltr'><strong>sibi</strong></span> <span class='ocrx_word' id='word_1_406' title='bbox 650 1455 804 1490; x_wconf 88' lang='lat' dir='ltr'><strong>acquirent.</strong></span> 
     </span>
    </p>
   </div>
   <div class='ocr_carea' id='block_1_30' title="bbox 841 1511 1047 1542">
    <p class='ocr_par' dir='ltr' id='par_1_30' title="bbox 841 1511 1047 1542">
     <span class='ocr_line' id='line_1_30' title="bbox 841 1511 1047 1542; baseline -0.015 -1"><span class='ocrx_word' id='word_1_407' title='bbox 841 1511 957 1542; x_wconf 75' lang='lat' dir='ltr'><strong>CAPUT</strong></span> <span class='ocrx_word' id='word_1_408' title='bbox 978 1511 1047 1539; x_wconf 83' lang='lat' dir='ltr'><strong>Vlll.</strong></span> 
     </span>
    </p>
   </div>
   <div class='ocr_carea' id='block_1_31' title="bbox 164 1551 1754 1594">
    <p class='ocr_par' dir='ltr' id='par_1_31' title="bbox 164 1551 1754 1594">
     <span class='ocr_line' id='line_1_31' title="bbox 164 1551 1754 1594; baseline -0.005 -7"><span class='ocrx_word' id='word_1_409' title='bbox 164 1559 216 1592; x_wconf 89' lang='lat' dir='ltr'><strong>Qui</strong></span> <span class='ocrx_word' id='word_1_410' title='bbox 229 1566 295 1587; x_wconf 90' lang='lat' dir='ltr'><strong>vero</strong></span> <span class='ocrx_word' id='word_1_411' title='bbox 308 1559 335 1587; x_wconf 91' lang='lat' dir='ltr'><strong>in</strong></span> <span class='ocrx_word' id='word_1_412' title='bbox 350 1560 433 1594; x_wconf 84' lang='lat' dir='ltr'><strong>virgis</strong></span> <span class='ocrx_word' id='word_1_413' title='bbox 448 1561 506 1589; x_wconf 88' lang='lat' dir='ltr'><strong>suis</strong></span> <span class='ocrx_word' id='word_1_414' title='bbox 519 1560 662 1588; x_wconf 88' lang='lat' dir='ltr'><strong>dimidium</strong></span> <span class='ocrx_word' id='word_1_415' title='bbox 678 1560 785 1588; x_wconf 90' lang='lat' dir='ltr'><strong>aridum</strong></span> <span class='ocrx_word' id='word_1_416' title='bbox 798 1559 945 1590; x_wconf 80' lang='lat' dir='ltr'><strong>habebant,</strong></span> <span class='ocrx_word' id='word_1_417' title='bbox 960 1563 987 1587; x_wconf 87' lang='lat' dir='ltr'><strong>et</strong></span> <span class='ocrx_word' id='word_1_418' title='bbox 1000 1556 1147 1585; x_wconf 89' lang='lat' dir='ltr'><strong>dimidium</strong></span> <span class='ocrx_word' id='word_1_419' title='bbox 1161 1555 1264 1589; x_wconf 76' lang='lat' dir='ltr'><strong>viride;</strong></span> <span class='ocrx_word' id='word_1_420' title='bbox 1280 1555 1308 1582; x_wconf 88' lang='lat' dir='ltr'><strong>hi</strong></span> <span class='ocrx_word' id='word_1_421' title='bbox 1332 1557 1396 1582; x_wconf 87' lang='lat' dir='ltr'><strong>sunt</strong></span> <span class='ocrx_word' id='word_1_422' title='bbox 1420 1552 1653 1590; x_wconf 87' lang='lat' dir='ltr'><strong>negotiationibus</strong></span> <span class='ocrx_word' id='word_1_423' title='bbox 1676 1551 1754 1579; x_wconf 90' lang='lat' dir='ltr'><strong>invo-</strong></span> 
     </span>
    </p>
   </div>
   <div class='ocr_carea' id='block_1_32' title="bbox 127 1598 1755 1644">
    <p class='ocr_par' dir='ltr' id='par_1_32' title="bbox 127 1598 1755 1644">
     <span class='ocr_line' id='line_1_32' title="bbox 127 1598 1755 1644; baseline -0.006 -10"><span class='ocrx_word' id='word_1_424' title='bbox 127 1607 178 1634; x_wconf 86' lang='lat' dir='ltr'><strong>luti</strong></span> <span class='ocrx_word' id='word_1_425' title='bbox 191 1628 199 1639; x_wconf 89' lang='lat'><strong>,</strong></span> <span class='ocrx_word' id='word_1_426' title='bbox 223 1615 311 1643; x_wconf 88' lang='lat' dir='ltr'><strong>neque</strong></span> <span class='ocrx_word' id='word_1_427' title='bbox 329 1608 449 1643; x_wconf 81' lang='lat' dir='ltr'><strong>appliciti</strong></span> <span class='ocrx_word' id='word_1_428' title='bbox 470 1610 590 1637; x_wconf 88' lang='lat' dir='ltr'><strong>sanctis:</strong></span> <span class='ocrx_word' id='word_1_429' title='bbox 607 1609 724 1644; x_wconf 87' lang='lat' dir='ltr'><strong>ideoque</strong></span> <span class='ocrx_word' id='word_1_430' title='bbox 744 1609 825 1636; x_wconf 87' lang='lat' dir='ltr'><strong>etiam</strong></span> <span class='ocrx_word' id='word_1_431' title='bbox 841 1607 985 1635; x_wconf 91' lang='lat' dir='ltr'><strong>dimidium</strong></span> <span class='ocrx_word' id='word_1_432' title='bbox 1000 1613 1096 1634; x_wconf 89' lang='lat' dir='ltr'><strong>eorum</strong></span> <span class='ocrx_word' id='word_1_433' title='bbox 1111 1605 1175 1633; x_wconf 89' lang='lat' dir='ltr'><strong>vivit</strong></span> <span class='ocrx_word' id='word_1_434' title='bbox 1189 1626 1196 1638; x_wconf 95' lang='lat'><strong>,</strong></span> <span class='ocrx_word' id='word_1_435' title='bbox 1214 1603 1357 1631; x_wconf 87' lang='lat' dir='ltr'><strong>dimidium</strong></span> <span class='ocrx_word' id='word_1_436' title='bbox 1374 1609 1440 1630; x_wconf 87' lang='lat' dir='ltr'><strong>vero</strong></span> <span class='ocrx_word' id='word_1_437' title='bbox 1456 1606 1594 1628; x_wconf 87' lang='lat' dir='ltr'><strong>mortuum</strong></span> <span class='ocrx_word' id='word_1_438' title='bbox 1608 1604 1659 1627; x_wconf 90' lang='lat' dir='ltr'><strong>est.</strong></span> <span class='ocrx_word' id='word_1_439' title='bbox 1677 1598 1755 1625; x_wconf 82' lang='lat' dir='ltr'><strong>Multi</strong></span> 
     </span>
    </p>
   </div>
   <div class='ocr_carea' id='block_1_33' title="bbox 127 1649 1755 1690">
    <p class='ocr_par' dir='ltr' id='par_1_33' title="bbox 127 1649 1755 1690">
     <span class='ocr_line' id='line_1_33' title="bbox 127 1649 1755 1690; baseline -0.004 -10"><span class='ocrx_word' id='word_1_440' title='bbox 127 1653 212 1688; x_wconf 78' lang='lat' dir='ltr'><strong>igitur</strong></span> <span class='ocrx_word' id='word_1_441' title='bbox 227 1661 261 1681; x_wconf 80' lang='lat' dir='ltr'><strong>ex</strong></span> <span class='ocrx_word' id='word_1_442' title='bbox 275 1654 338 1687; x_wconf 87' lang='lat' dir='ltr'><strong>illis,</strong></span> <span class='ocrx_word' id='word_1_443' title='bbox 353 1654 454 1682; x_wconf 84' lang='lat' dir='ltr'><strong>auditis</strong></span> <span class='ocrx_word' id='word_1_444' title='bbox 469 1654 615 1688; x_wconf 85' lang='lat' dir='ltr'><strong>mandatis,</strong></span> <span class='ocrx_word' id='word_1_445' title='bbox 628 1658 743 1690; x_wconf 85' lang='lat' dir='ltr'><strong>egerunt</strong></span> <span class='ocrx_word' id='word_1_446' title='bbox 758 1653 946 1689; x_wconf 68' lang='lat' dir='ltr'><strong>penitentiam</strong></span> <span class='ocrx_word' id='word_1_447' title='bbox 957 1673 964 1686; x_wconf 94' lang='lat'><strong>,</strong></span> <span class='ocrx_word' id='word_1_448' title='bbox 979 1656 1006 1679; x_wconf 92' lang='lat' dir='ltr'><strong>et</strong></span> <span class='ocrx_word' id='word_1_449' title='bbox 1021 1651 1048 1678; x_wconf 92' lang='lat' dir='ltr'><strong>in</strong></span> <span class='ocrx_word' id='word_1_450' title='bbox 1063 1651 1131 1678; x_wconf 85' lang='lat' dir='ltr'><strong>turri</strong></span> <span class='ocrx_word' id='word_1_451' title='bbox 1145 1649 1269 1677; x_wconf 85' lang='lat' dir='ltr'><strong>habitare</strong></span> <span class='ocrx_word' id='word_1_452' title='bbox 1281 1654 1441 1683; x_wconf 67' lang='lat' dir='ltr'><strong>coeperunt;</strong></span> <span class='ocrx_word' id='word_1_453' title='bbox 1456 1649 1567 1684; x_wconf 86' lang='lat' dir='ltr'><strong>quidam</strong></span> <span class='ocrx_word' id='word_1_454' title='bbox 1579 1655 1643 1676; x_wconf 70' lang='lat' dir='ltr'><strong>vero</strong></span> <span class='ocrx_word' id='word_1_455' title='bbox 1660 1655 1755 1675; x_wconf 89' lang='lat' dir='ltr'><strong>corum</strong></span> 
     </span>
    </p>
   </div>
   <div class='ocr_carea' id='block_1_34' title="bbox 128 1696 1755 1739">
    <p class='ocr_par' dir='ltr' id='par_1_34' title="bbox 128 1696 1755 1739">
     <span class='ocr_line' id='line_1_34' title="bbox 128 1696 1755 1739; baseline -0.002 -12"><span class='ocrx_word' id='word_1_456' title='bbox 128 1701 156 1727; x_wconf 91' lang='lat' dir='ltr'><strong>in</strong></span> <span class='ocrx_word' id='word_1_457' title='bbox 172 1705 257 1729; x_wconf 87' lang='lat' dir='ltr'><strong>totum</strong></span> <span class='ocrx_word' id='word_1_458' title='bbox 275 1701 447 1730; x_wconf 82' lang='lat' dir='ltr'><strong>destiterunt.</strong></span> <span class='ocrx_word' id='word_1_459' title='bbox 464 1701 514 1732; x_wconf 79' lang='lat' dir='ltr'><strong>llis</strong></span> <span class='ocrx_word' id='word_1_460' title='bbox 529 1703 611 1739; x_wconf 87' lang='lat' dir='ltr'><strong>igitur</strong></span> <span class='ocrx_word' id='word_1_461' title='bbox 625 1710 680 1730; x_wconf 91' lang='lat' dir='ltr'><strong>non</strong></span> <span class='ocrx_word' id='word_1_462' title='bbox 695 1706 738 1730; x_wconf 89' lang='lat' dir='ltr'><strong>est</strong></span> <span class='ocrx_word' id='word_1_463' title='bbox 752 1702 829 1730; x_wconf 83' lang='lat' dir='ltr'><strong>locus</strong></span> <span class='ocrx_word' id='word_1_464' title='bbox 844 1701 1028 1736; x_wconf 62' lang='lat' dir='ltr'><strong>paenitentiae:</strong></span> <span class='ocrx_word' id='word_1_465' title='bbox 1045 1707 1061 1727; x_wconf 85' lang='lat' dir='ltr'><strong>a</strong></span> <span class='ocrx_word' id='word_1_466' title='bbox 1075 1698 1259 1734; x_wconf 87' lang='lat' dir='ltr'><strong>negotiatione</strong></span> <span class='ocrx_word' id='word_1_467' title='bbox 1273 1698 1346 1725; x_wconf 89' lang='lat' dir='ltr'><strong>enim</strong></span> <span class='ocrx_word' id='word_1_468' title='bbox 1360 1706 1421 1730; x_wconf 90' lang='lat' dir='ltr'><strong>sua,</strong></span> <span class='ocrx_word' id='word_1_469' title='bbox 1438 1697 1555 1726; x_wconf 87' lang='lat' dir='ltr'><strong>nefanda</strong></span> <span class='ocrx_word' id='word_1_470' title='bbox 1568 1698 1595 1724; x_wconf 95' lang='lat' dir='ltr'><strong>in</strong></span> <span class='ocrx_word' id='word_1_471' title='bbox 1607 1696 1755 1725; x_wconf 88' lang='lat' dir='ltr'><strong>Dominum</strong></span> 
     </span>
    </p>
   </div>
   <div class='ocr_carea' id='block_1_35' title="bbox 127 1744 1756 1785">
    <p class='ocr_par' dir='ltr' id='par_1_35' title="bbox 127 1744 1756 1785">
     <span class='ocr_line' id='line_1_35' title="bbox 127 1744 1756 1785; baseline -0.004 -10"><span class='ocrx_word' id='word_1_472' title='bbox 127 1746 212 1775; x_wconf 88' lang='lat' dir='ltr'><strong>locuti</strong></span> <span class='ocrx_word' id='word_1_473' title='bbox 228 1754 301 1782; x_wconf 91' lang='lat' dir='ltr'><strong>sunt,</strong></span> <span class='ocrx_word' id='word_1_474' title='bbox 317 1753 343 1776; x_wconf 91' lang='lat' dir='ltr'><strong>et</strong></span> <span class='ocrx_word' id='word_1_475' title='bbox 353 1757 415 1776; x_wconf 89' lang='lat' dir='ltr'><strong>eum</strong></span> <span class='ocrx_word' id='word_1_476' title='bbox 431 1750 643 1785; x_wconf 86' lang='lat' dir='ltr'><strong>abnegaverunt.</strong></span> <span class='ocrx_word' id='word_1_477' title='bbox 661 1747 775 1784; x_wconf 89' lang='lat' dir='ltr'><strong>Propter</strong></span> <span class='ocrx_word' id='word_1_478' title='bbox 797 1749 868 1775; x_wconf 90' lang='lat' dir='ltr'><strong>hanc</strong></span> <span class='ocrx_word' id='word_1_479' title='bbox 885 1747 968 1782; x_wconf 89' lang='lat' dir='ltr'><strong>igitur</strong></span> <span class='ocrx_word' id='word_1_480' title='bbox 990 1745 1141 1780; x_wconf 86' lang='lat' dir='ltr'><strong>nequitiam</strong></span> <span class='ocrx_word' id='word_1_481' title='bbox 1167 1745 1320 1772; x_wconf 87' lang='lat' dir='ltr'><strong>amiserunt</strong></span> <span class='ocrx_word' id='word_1_482' title='bbox 1341 1745 1436 1772; x_wconf 91' lang='lat' dir='ltr'><strong>vitam.</strong></span> <span class='ocrx_word' id='word_1_483' title='bbox 1459 1744 1536 1772; x_wconf 80' lang='lat' dir='ltr'><strong>Multi</strong></span> <span class='ocrx_word' id='word_1_484' title='bbox 1565 1752 1629 1771; x_wconf 68' lang='lat' dir='ltr'><strong>vero</strong></span> <span class='ocrx_word' id='word_1_485' title='bbox 1655 1752 1689 1772; x_wconf 72' lang='lat' dir='ltr'><strong>ex</strong></span> <span class='ocrx_word' id='word_1_486' title='bbox 1712 1744 1756 1771; x_wconf 83' lang='lat' dir='ltr'><strong>his</strong></span> 
     </span>
    </p>
   </div>
   <div class='ocr_carea' id='block_1_36' title="bbox 128 1793 1756 1831">
    <p class='ocr_par' dir='ltr' id='par_1_36' title="bbox 128 1793 1756 1831">
     <span class='ocr_line' id='line_1_36' title="bbox 128 1793 1756 1831; baseline -0.001 -10"><span class='ocrx_word' id='word_1_487' title='bbox 128 1794 241 1822; x_wconf 85' lang='lat' dir='ltr'><strong>dubiam</strong></span> <span class='ocrx_word' id='word_1_488' title='bbox 260 1801 377 1824; x_wconf 86' lang='lat' dir='ltr'><strong>mentem</strong></span> <span class='ocrx_word' id='word_1_489' title='bbox 393 1796 550 1824; x_wconf 88' lang='lat' dir='ltr'><strong>induerunt.</strong></span> <span class='ocrx_word' id='word_1_490' title='bbox 564 1797 662 1825; x_wconf 86' lang='lat' dir='ltr'><strong>Adhuc</strong></span> <span class='ocrx_word' id='word_1_491' title='bbox 674 1802 701 1825; x_wconf 92' lang='lat' dir='ltr'><strong>et</strong></span> <span class='ocrx_word' id='word_1_492' title='bbox 714 1797 748 1825; x_wconf 90' lang='lat' dir='ltr'><strong>iis</strong></span> <span class='ocrx_word' id='word_1_493' title='bbox 760 1801 801 1825; x_wconf 90' lang='lat' dir='ltr'><strong>est</strong></span> <span class='ocrx_word' id='word_1_494' title='bbox 816 1802 973 1831; x_wconf 81' lang='lat' dir='ltr'><strong>regressus;</strong></span> <span class='ocrx_word' id='word_1_495' title='bbox 990 1795 1036 1830; x_wconf 89' lang='lat' dir='ltr'><strong>qui</strong></span> <span class='ocrx_word' id='word_1_496' title='bbox 1051 1794 1074 1822; x_wconf 91' lang='lat' dir='ltr'><strong>si</strong></span> <span class='ocrx_word' id='word_1_497' title='bbox 1088 1793 1143 1821; x_wconf 89' lang='lat' dir='ltr'><strong>cito</strong></span> <span class='ocrx_word' id='word_1_498' title='bbox 1158 1793 1346 1828; x_wconf 67' lang='lat' dir='ltr'><strong>paenitentiam</strong></span> <span class='ocrx_word' id='word_1_499' title='bbox 1369 1794 1494 1828; x_wconf 89' lang='lat' dir='ltr'><strong>egerint,</strong></span> <span class='ocrx_word' id='word_1_500' title='bbox 1519 1794 1545 1821; x_wconf 96' lang='lat' dir='ltr'><strong>in</strong></span> <span class='ocrx_word' id='word_1_501' title='bbox 1571 1794 1640 1821; x_wconf 87' lang='lat' dir='ltr'><strong>turri</strong></span> <span class='ocrx_word' id='word_1_502' title='bbox 1663 1795 1756 1821; x_wconf 89' lang='lat' dir='ltr'><strong>sedem</strong></span> 
     </span>
    </p>
   </div>
   <div class='ocr_carea' id='block_1_37' title="bbox 129 1839 1757 1880">
    <p class='ocr_par' dir='ltr' id='par_1_37' title="bbox 129 1839 1757 1880">
     <span class='ocr_line' id='line_1_37' title="bbox 129 1839 1757 1880; baseline -0.002 -11"><span class='ocrx_word' id='word_1_503' title='bbox 129 1842 288 1876; x_wconf 84' lang='lat' dir='ltr'><strong>habebunt;</strong></span> <span class='ocrx_word' id='word_1_504' title='bbox 304 1844 326 1871; x_wconf 90' lang='lat' dir='ltr'><strong>si</strong></span> <span class='ocrx_word' id='word_1_505' title='bbox 342 1851 406 1872; x_wconf 88' lang='lat' dir='ltr'><strong>vero</strong></span> <span class='ocrx_word' id='word_1_506' title='bbox 422 1845 525 1873; x_wconf 88' lang='lat' dir='ltr'><strong>tardius</strong></span> <span class='ocrx_word' id='word_1_507' title='bbox 538 1845 653 1880; x_wconf 85' lang='lat' dir='ltr'><strong>egerint,</strong></span> <span class='ocrx_word' id='word_1_508' title='bbox 669 1846 696 1872; x_wconf 93' lang='lat' dir='ltr'><strong>in</strong></span> <span class='ocrx_word' id='word_1_509' title='bbox 711 1845 798 1872; x_wconf 90' lang='lat' dir='ltr'><strong>muris</strong></span> <span class='ocrx_word' id='word_1_510' title='bbox 813 1844 992 1877; x_wconf 85' lang='lat' dir='ltr'><strong>habitabunt;</strong></span> <span class='ocrx_word' id='word_1_511' title='bbox 1008 1843 1030 1871; x_wconf 89' lang='lat' dir='ltr'><strong>si</strong></span> <span class='ocrx_word' id='word_1_512' title='bbox 1044 1847 1135 1870; x_wconf 90' lang='lat' dir='ltr'><strong>autem</strong></span> <span class='ocrx_word' id='word_1_513' title='bbox 1152 1849 1207 1870; x_wconf 91' lang='lat' dir='ltr'><strong>non</strong></span> <span class='ocrx_word' id='word_1_514' title='bbox 1225 1841 1330 1876; x_wconf 69' lang='lat' dir='ltr'><strong>egerint</strong></span> <span class='ocrx_word' id='word_1_515' title='bbox 1345 1841 1424 1876; x_wconf 85' lang='lat'><strong>(95),</strong></span> <span class='ocrx_word' id='word_1_516' title='bbox 1450 1845 1565 1867; x_wconf 88' lang='lat' dir='ltr'><strong>mortem</strong></span> <span class='ocrx_word' id='word_1_517' title='bbox 1588 1840 1640 1867; x_wconf 88' lang='lat' dir='ltr'><strong>sibi</strong></span> <span class='ocrx_word' id='word_1_518' title='bbox 1662 1839 1757 1874; x_wconf 87' lang='lat' dir='ltr'><strong>acqui-</strong></span> 
     </span>
    </p>
   </div>
   <div class='ocr_carea' id='block_1_38' title="bbox 129 1885 1755 1927">
    <p class='ocr_par' dir='ltr' id='par_1_38' title="bbox 129 1885 1755 1927">
     <span class='ocr_line' id='line_1_38' title="bbox 129 1885 1755 1927; baseline -0.002 -11"><span class='ocrx_word' id='word_1_519' title='bbox 129 1894 200 1917; x_wconf 89' lang='lat' dir='ltr'><strong>rent.</strong></span> <span class='ocrx_word' id='word_1_520' title='bbox 214 1890 250 1918; x_wconf 83' lang='lat' dir='ltr'><strong>At</strong></span> <span class='ocrx_word' id='word_1_521' title='bbox 262 1890 288 1918; x_wconf 91' lang='lat' dir='ltr'><strong>hi</strong></span> <span class='ocrx_word' id='word_1_522' title='bbox 304 1891 351 1926; x_wconf 91' lang='lat' dir='ltr'><strong>qui</strong></span> <span class='ocrx_word' id='word_1_523' title='bbox 367 1891 434 1919; x_wconf 88' lang='lat' dir='ltr'><strong>duas</strong></span> <span class='ocrx_word' id='word_1_524' title='bbox 449 1897 540 1926; x_wconf 86' lang='lat' dir='ltr'><strong>partes</strong></span> <span class='ocrx_word' id='word_1_525' title='bbox 554 1892 692 1927; x_wconf 83' lang='lat' dir='ltr'><strong>virgarum</strong></span> <span class='ocrx_word' id='word_1_526' title='bbox 710 1899 823 1920; x_wconf 88' lang='lat' dir='ltr'><strong>suarum</strong></span> <span class='ocrx_word' id='word_1_527' title='bbox 839 1891 938 1918; x_wconf 85' lang='lat' dir='ltr'><strong>virides</strong></span> <span class='ocrx_word' id='word_1_528' title='bbox 954 1890 1120 1923; x_wconf 84' lang='lat' dir='ltr'><strong>habuerunt.</strong></span> <span class='ocrx_word' id='word_1_529' title='bbox 1139 1893 1166 1916; x_wconf 84' lang='lat' dir='ltr'><strong>et</strong></span> <span class='ocrx_word' id='word_1_530' title='bbox 1181 1889 1289 1916; x_wconf 85' lang='lat' dir='ltr'><strong>tertiam</strong></span> <span class='ocrx_word' id='word_1_531' title='bbox 1310 1888 1415 1916; x_wconf 87' lang='lat' dir='ltr'><strong>aridam</strong></span> <span class='ocrx_word' id='word_1_532' title='bbox 1430 1897 1437 1922; x_wconf 86' lang='lat'><strong>;</strong></span> <span class='ocrx_word' id='word_1_533' title='bbox 1461 1887 1647 1923; x_wconf 88' lang='lat' dir='ltr'><strong>compluribus</strong></span> <span class='ocrx_word' id='word_1_534' title='bbox 1666 1885 1755 1913; x_wconf 88' lang='lat' dir='ltr'><strong>modis</strong></span> 
     </span>
    </p>
   </div>
   <div class='ocr_carea' id='block_1_39' title="bbox 127 1932 1755 1976">
    <p class='ocr_par' dir='ltr' id='par_1_39' title="bbox 127 1932 1755 1976">
     <span class='ocr_line' id='line_1_39' title="bbox 127 1932 1755 1976; baseline -0.005 -10"><span class='ocrx_word' id='word_1_535' title='bbox 127 1939 268 1974; x_wconf 84' lang='lat' dir='ltr'><strong>depravati</strong></span> <span class='ocrx_word' id='word_1_536' title='bbox 289 1939 364 1975; x_wconf 84' lang='lat'><strong>(96),</strong></span> <span class='ocrx_word' id='word_1_537' title='bbox 385 1945 552 1976; x_wconf 79' lang='lat' dir='ltr'><strong>negaverunt</strong></span> <span class='ocrx_word' id='word_1_538' title='bbox 565 1940 722 1968; x_wconf 89' lang='lat' dir='ltr'><strong>Dominum.</strong></span> <span class='ocrx_word' id='word_1_539' title='bbox 738 1939 778 1967; x_wconf 87' lang='lat' dir='ltr'><strong>Ex</strong></span> <span class='ocrx_word' id='word_1_540' title='bbox 793 1940 837 1967; x_wconf 88' lang='lat' dir='ltr'><strong>bis</strong></span> <span class='ocrx_word' id='word_1_541' title='bbox 852 1939 935 1973; x_wconf 79' lang='lat' dir='ltr'><strong>igitur</strong></span> <span class='ocrx_word' id='word_1_542' title='bbox 951 1938 1029 1965; x_wconf 91' lang='lat' dir='ltr'><strong>multi</strong></span> <span class='ocrx_word' id='word_1_543' title='bbox 1047 1940 1162 1973; x_wconf 83' lang='lat' dir='ltr'><strong>egerunt</strong></span> <span class='ocrx_word' id='word_1_544' title='bbox 1176 1935 1382 1972; x_wconf 60' lang='lat' dir='ltr'><strong>paenitentiam,</strong></span> <span class='ocrx_word' id='word_1_545' title='bbox 1398 1940 1480 1971; x_wconf 90' lang='lat' dir='ltr'><strong>atque</strong></span> <span class='ocrx_word' id='word_1_546' title='bbox 1494 1936 1531 1962; x_wconf 88' lang='lat' dir='ltr'><strong>ita</strong></span> <span class='ocrx_word' id='word_1_547' title='bbox 1548 1934 1574 1961; x_wconf 91' lang='lat' dir='ltr'><strong>in</strong></span> <span class='ocrx_word' id='word_1_548' title='bbox 1590 1933 1657 1961; x_wconf 85' lang='lat' dir='ltr'><strong>turri</strong></span> <span class='ocrx_word' id='word_1_549' title='bbox 1674 1932 1755 1959; x_wconf 87' lang='lat' dir='ltr'><strong>habi-</strong></span> 
     </span>
    </p>
   </div>
   <div class='ocr_carea' id='block_1_40' title="bbox 127 1978 1751 2024">
    <p class='ocr_par' dir='ltr' id='par_1_40' title="bbox 127 1978 1751 2024">
     <span class='ocr_line' id='line_1_40' title="bbox 127 1978 1751 2024; baseline -0.006 -10"><span class='ocrx_word' id='word_1_550' title='bbox 127 1991 186 2015; x_wconf 85' lang='lat' dir='ltr'><strong>tare</strong></span> <span class='ocrx_word' id='word_1_551' title='bbox 196 1993 356 2023; x_wconf 81' lang='lat' dir='ltr'><strong>cceperunt;</strong></span> <span class='ocrx_word' id='word_1_552' title='bbox 372 1993 398 2015; x_wconf 91' lang='lat' dir='ltr'><strong>et</strong></span> <span class='ocrx_word' id='word_1_553' title='bbox 411 1988 486 2016; x_wconf 92' lang='lat' dir='ltr'><strong>multi</strong></span> <span class='ocrx_word' id='word_1_554' title='bbox 502 1996 517 2015; x_wconf 92' lang='lat' dir='ltr'><strong>a</strong></span> <span class='ocrx_word' id='word_1_555' title='bbox 535 1988 590 2016; x_wconf 85' lang='lat' dir='ltr'><strong>Deo</strong></span> <span class='ocrx_word' id='word_1_556' title='bbox 604 1988 632 2016; x_wconf 92' lang='lat' dir='ltr'><strong>in</strong></span> <span class='ocrx_word' id='word_1_557' title='bbox 652 1993 814 2024; x_wconf 86' lang='lat' dir='ltr'><strong>perpetuum</strong></span> <span class='ocrx_word' id='word_1_558' title='bbox 829 1991 1017 2015; x_wconf 83' lang='lat' dir='ltr'><strong>recesserunt:</strong></span> <span class='ocrx_word' id='word_1_559' title='bbox 1034 1986 1073 2013; x_wconf 90' lang='lat' dir='ltr'><strong>illi</strong></span> <span class='ocrx_word' id='word_1_560' title='bbox 1092 1985 1173 2020; x_wconf 85' lang='lat' dir='ltr'><strong>igitur</strong></span> <span class='ocrx_word' id='word_1_561' title='bbox 1186 1985 1213 2012; x_wconf 92' lang='lat' dir='ltr'><strong>in</strong></span> <span class='ocrx_word' id='word_1_562' title='bbox 1230 1989 1316 2012; x_wconf 88' lang='lat' dir='ltr'><strong>totum</strong></span> <span class='ocrx_word' id='word_1_563' title='bbox 1332 1984 1485 2011; x_wconf 85' lang='lat' dir='ltr'><strong>amiserunt</strong></span> <span class='ocrx_word' id='word_1_564' title='bbox 1500 1981 1583 2008; x_wconf 86' lang='lat' dir='ltr'><strong>vitam</strong></span> <span class='ocrx_word' id='word_1_565' title='bbox 1599 1978 1667 2015; x_wconf 85' lang='lat'><strong>(97).</strong></span> <span class='ocrx_word' id='word_1_566' title='bbox 1682 1978 1751 2012; x_wconf 85' lang='lat' dir='ltr'><strong>Qui-</strong></span> 
     </span>
    </p>
   </div>
   <div class='ocr_carea' id='block_1_41' title="bbox 126 2026 1749 2072">
    <p class='ocr_par' dir='ltr' id='par_1_41' title="bbox 126 2026 1749 2072">
     <span class='ocr_line' id='line_1_41' title="bbox 126 2026 1749 2072; baseline -0.007 -10"><span class='ocrx_word' id='word_1_567' title='bbox 126 2035 190 2062; x_wconf 89' lang='lat' dir='ltr'><strong>dam</strong></span> <span class='ocrx_word' id='word_1_568' title='bbox 207 2042 272 2063; x_wconf 93' lang='lat' dir='ltr'><strong>vero</strong></span> <span class='ocrx_word' id='word_1_569' title='bbox 286 2034 368 2063; x_wconf 87' lang='lat' dir='ltr'><strong>dubia</strong></span> <span class='ocrx_word' id='word_1_570' title='bbox 382 2041 472 2063; x_wconf 86' lang='lat' dir='ltr'><strong>mente</strong></span> <span class='ocrx_word' id='word_1_571' title='bbox 485 2041 627 2072; x_wconf 87' lang='lat' dir='ltr'><strong>concepta,</strong></span> <span class='ocrx_word' id='word_1_572' title='bbox 641 2036 828 2064; x_wconf 87' lang='lat' dir='ltr'><strong>dissensiones</strong></span> <span class='ocrx_word' id='word_1_573' title='bbox 844 2035 1068 2064; x_wconf 86' lang='lat' dir='ltr'><strong>concitaverunt:</strong></span> <span class='ocrx_word' id='word_1_574' title='bbox 1085 2034 1119 2062; x_wconf 89' lang='lat' dir='ltr'><strong>iis</strong></span> <span class='ocrx_word' id='word_1_575' title='bbox 1136 2033 1225 2061; x_wconf 90' lang='lat' dir='ltr'><strong>adhuc</strong></span> <span class='ocrx_word' id='word_1_576' title='bbox 1241 2040 1381 2068; x_wconf 84' lang='lat' dir='ltr'><strong>regressus</strong></span> <span class='ocrx_word' id='word_1_577' title='bbox 1397 2033 1448 2063; x_wconf 87' lang='lat' dir='ltr'><strong>est,</strong></span> <span class='ocrx_word' id='word_1_578' title='bbox 1465 2029 1488 2056; x_wconf 93' lang='lat' dir='ltr'><strong>si</strong></span> <span class='ocrx_word' id='word_1_579' title='bbox 1504 2028 1558 2055; x_wconf 88' lang='lat' dir='ltr'><strong>cito</strong></span> <span class='ocrx_word' id='word_1_580' title='bbox 1572 2026 1677 2062; x_wconf 83' lang='lat' dir='ltr'><strong>egerint</strong></span> <span class='ocrx_word' id='word_1_581' title='bbox 1691 2033 1749 2061; x_wconf 72' lang='lat' dir='ltr'><strong>pte-</strong></span> 
     </span>
    </p>
   </div>
   <div class='ocr_carea' id='block_1_42' title="bbox 129 2074 1752 2117">
    <p class='ocr_par' dir='ltr' id='par_1_42' title="bbox 129 2074 1752 2117">
     <span class='ocr_line' id='line_1_42' title="bbox 129 2074 1752 2117; baseline -0.005 -11"><span class='ocrx_word' id='word_1_582' title='bbox 129 2079 291 2112; x_wconf 86' lang='lat' dir='ltr'><strong>nitentiam.</strong></span> <span class='ocrx_word' id='word_1_583' title='bbox 310 2088 360 2108; x_wconf 88' lang='lat' dir='ltr'><strong>nec</strong></span> <span class='ocrx_word' id='word_1_584' title='bbox 379 2081 564 2117; x_wconf 85' lang='lat' dir='ltr'><strong>voluptatibus</strong></span> <span class='ocrx_word' id='word_1_585' title='bbox 582 2081 638 2117; x_wconf 90' lang='lat'><strong>(98)</strong></span> <span class='ocrx_word' id='word_1_586' title='bbox 661 2081 719 2109; x_wconf 92' lang='lat' dir='ltr'><strong>suis</strong></span> <span class='ocrx_word' id='word_1_587' title='bbox 735 2081 863 2109; x_wconf 86' lang='lat' dir='ltr'><strong>remorati</strong></span> <span class='ocrx_word' id='word_1_588' title='bbox 882 2080 1001 2114; x_wconf 86' lang='lat' dir='ltr'><strong>fuerint;</strong></span> <span class='ocrx_word' id='word_1_589' title='bbox 1023 2080 1047 2107; x_wconf 93' lang='lat' dir='ltr'><strong>si</strong></span> <span class='ocrx_word' id='word_1_590' title='bbox 1070 2084 1161 2107; x_wconf 88' lang='lat' dir='ltr'><strong>autem</strong></span> <span class='ocrx_word' id='word_1_591' title='bbox 1183 2078 1383 2115; x_wconf 89' lang='lat' dir='ltr'><strong>permanserint</strong></span> <span class='ocrx_word' id='word_1_592' title='bbox 1400 2077 1428 2103; x_wconf 93' lang='lat' dir='ltr'><strong>in</strong></span> <span class='ocrx_word' id='word_1_593' title='bbox 1445 2075 1522 2103; x_wconf 84' lang='lat' dir='ltr'><strong>factis</strong></span> <span class='ocrx_word' id='word_1_594' title='bbox 1538 2074 1613 2107; x_wconf 89' lang='lat' dir='ltr'><strong>suis,</strong></span> <span class='ocrx_word' id='word_1_595' title='bbox 1635 2077 1752 2100; x_wconf 83' lang='lat' dir='ltr'><strong>mortem</strong></span> 
     </span>
    </p>
   </div>
   <div class='ocr_carea' id='block_1_43' title="bbox 128 2125 346 2162">
    <p class='ocr_par' dir='ltr' id='par_1_43' title="bbox 128 2125 346 2162">
     <span class='ocr_line' id='line_1_43' title="bbox 128 2125 346 2162; baseline 0.009 -9"><span class='ocrx_word' id='word_1_596' title='bbox 128 2125 180 2153; x_wconf 86' lang='lat' dir='ltr'><strong>sibi</strong></span> <span class='ocrx_word' id='word_1_597' title='bbox 194 2127 346 2162; x_wconf 87' lang='lat' dir='ltr'><strong>acquirent.</strong></span> 
     </span>
    </p>
   </div>
   <div class='ocr_carea' id='block_1_44' title="bbox 850 2172 1029 2202">
    <p class='ocr_par' dir='ltr' id='par_1_44' title="bbox 850 2172 1029 2202">
     <span class='ocr_line' id='line_1_44' title="bbox 850 2172 1029 2202; baseline -0.011 0"><span class='ocrx_word' id='word_1_598' title='bbox 850 2173 964 2202; x_wconf 74' lang='lat' dir='ltr'><strong>CAPUT</strong></span> <span class='ocrx_word' id='word_1_599' title='bbox 984 2172 1029 2201; x_wconf 78' lang='lat' dir='ltr'><strong>IX.</strong></span> 
     </span>
    </p>
   </div>
   <div class='ocr_carea' id='block_1_45' title="bbox 166 2228 1754 2273">
    <p class='ocr_par' dir='ltr' id='par_1_45' title="bbox 166 2228 1754 2273">
     <span class='ocr_line' id='line_1_45' title="bbox 166 2228 1754 2273; baseline -0.003 -12"><span class='ocrx_word' id='word_1_600' title='bbox 166 2233 217 2267; x_wconf 88' lang='lat' dir='ltr'><strong>Qui</strong></span> <span class='ocrx_word' id='word_1_601' title='bbox 234 2242 297 2262; x_wconf 89' lang='lat' dir='ltr'><strong>vero</strong></span> <span class='ocrx_word' id='word_1_602' title='bbox 311 2239 492 2268; x_wconf 85' lang='lat' dir='ltr'><strong>porrexerunt</strong></span> <span class='ocrx_word' id='word_1_603' title='bbox 506 2236 597 2272; x_wconf 85' lang='lat' dir='ltr'><strong>virgas</strong></span> <span class='ocrx_word' id='word_1_604' title='bbox 611 2245 686 2270; x_wconf 84' lang='lat' dir='ltr'><strong>suas,</strong></span> <span class='ocrx_word' id='word_1_605' title='bbox 702 2245 817 2273; x_wconf 85' lang='lat' dir='ltr'><strong>quarum</strong></span> <span class='ocrx_word' id='word_1_606' title='bbox 835 2237 896 2264; x_wconf 68' lang='lat' dir='ltr'><strong>duae</strong></span> <span class='ocrx_word' id='word_1_607' title='bbox 910 2241 1003 2271; x_wconf 87' lang='lat' dir='ltr'><strong>partes</strong></span> <span class='ocrx_word' id='word_1_608' title='bbox 1018 2235 1101 2263; x_wconf 67' lang='lat' dir='ltr'><strong>aridae</strong></span> <span class='ocrx_word' id='word_1_609' title='bbox 1121 2234 1240 2267; x_wconf 87' lang='lat' dir='ltr'><strong>fuerant,</strong></span> <span class='ocrx_word' id='word_1_610' title='bbox 1259 2238 1287 2261; x_wconf 92' lang='lat' dir='ltr'><strong>et</strong></span> <span class='ocrx_word' id='word_1_611' title='bbox 1301 2233 1380 2261; x_wconf 89' lang='lat' dir='ltr'><strong>tertia</strong></span> <span class='ocrx_word' id='word_1_612' title='bbox 1399 2231 1514 2264; x_wconf 89' lang='lat' dir='ltr'><strong>viridis;</strong></span> <span class='ocrx_word' id='word_1_613' title='bbox 1535 2229 1626 2257; x_wconf 85' lang='lat' dir='ltr'><strong>ﬁdeles</strong></span> <span class='ocrx_word' id='word_1_614' title='bbox 1644 2228 1754 2263; x_wconf 89' lang='lat' dir='ltr'><strong>quidem</strong></span> 
     </span>
    </p>
   </div>
   <div class='ocr_carea' id='block_1_46' title="bbox 130 2274 1753 2319">
    <p class='ocr_par' dir='ltr' id='par_1_46' title="bbox 130 2274 1753 2319">
     <span class='ocr_line' id='line_1_46' title="bbox 130 2274 1753 2319; baseline -0.004 -11"><span class='ocrx_word' id='word_1_615' title='bbox 130 2280 260 2315; x_wconf 88' lang='lat' dir='ltr'><strong>fuerunt,</strong></span> <span class='ocrx_word' id='word_1_616' title='bbox 283 2282 330 2310; x_wconf 90' lang='lat' dir='ltr'><strong>sed</strong></span> <span class='ocrx_word' id='word_1_617' title='bbox 351 2282 508 2318; x_wconf 84' lang='lat' dir='ltr'><strong>locupletati</strong></span> <span class='ocrx_word' id='word_1_618' title='bbox 523 2288 549 2311; x_wconf 88' lang='lat' dir='ltr'><strong>et</strong></span> <span class='ocrx_word' id='word_1_619' title='bbox 563 2284 712 2311; x_wconf 75' lang='lat' dir='ltr'><strong>exsaturati</strong></span> <span class='ocrx_word' id='word_1_620' title='bbox 727 2283 784 2319; x_wconf 89' lang='lat'><strong>(99)</strong></span> <span class='ocrx_word' id='word_1_621' title='bbox 800 2283 880 2311; x_wconf 87' lang='lat' dir='ltr'><strong>bonis</strong></span> <span class='ocrx_word' id='word_1_622' title='bbox 891 2302 899 2315; x_wconf 85' lang='lat'><strong>,</strong></span> <span class='ocrx_word' id='word_1_623' title='bbox 913 2282 984 2317; x_wconf 92' lang='lat' dir='ltr'><strong>apud</strong></span> <span class='ocrx_word' id='word_1_624' title='bbox 1001 2286 1111 2308; x_wconf 83' lang='lat' dir='ltr'><strong>exteras</strong></span> <span class='ocrx_word' id='word_1_625' title='bbox 1124 2285 1217 2314; x_wconf 83' lang='lat' dir='ltr'><strong>gentes</strong></span> <span class='ocrx_word' id='word_1_626' title='bbox 1230 2279 1396 2307; x_wconf 85' lang='lat' dir='ltr'><strong>celebriores</strong></span> <span class='ocrx_word' id='word_1_627' title='bbox 1413 2285 1474 2306; x_wconf 80' lang='lat' dir='ltr'><strong>e55e</strong></span> <span class='ocrx_word' id='word_1_628' title='bbox 1496 2276 1641 2310; x_wconf 88' lang='lat' dir='ltr'><strong>cupierunt</strong></span> <span class='ocrx_word' id='word_1_629' title='bbox 1660 2274 1735 2310; x_wconf 82' lang='lat'><strong>(100)</strong></span> <span class='ocrx_word' id='word_1_630' title='bbox 1746 2295 1753 2308; x_wconf 91' lang='lat'><strong>,</strong></span> 
     </span>
    </p>
   </div>
   <div class='ocr_carea' id='block_1_47' title="bbox 680 2339 1209 2374">
    <p class='ocr_par' dir='ltr' id='par_1_47' title="bbox 680 2339 1209 2374">
     <span class='ocr_line' id='line_1_47' title="bbox 680 2339 1209 2374; baseline -0.009 -1"><span class='ocrx_word' id='word_1_631' title='bbox 680 2344 797 2374; x_wconf 68' lang='lat' dir='ltr'><strong>VARl/E</strong></span> <span class='ocrx_word' id='word_1_632' title='bbox 818 2342 1010 2372; x_wconf 72' lang='lat' dir='ltr'><strong>LECTIONES</strong></span> <span class='ocrx_word' id='word_1_633' title='bbox 1026 2342 1070 2369; x_wconf 89' lang='grc' dir='ltr'><strong>ΕΤ</strong></span> <span class='ocrx_word' id='word_1_634' title='bbox 1091 2339 1209 2369; x_wconf 67' lang='grc' dir='ltr'><strong>ΝΟΤᾸΞ.</strong></span> 
     </span>
    </p>
   </div>
   <div class='ocr_carea' id='block_1_48' title="bbox 169 2395 1739 2435">
    <p class='ocr_par' dir='ltr' id='par_1_48' title="bbox 169 2395 1739 2435">
     <span class='ocr_line' id='line_1_48' title="bbox 169 2395 1739 2435; baseline -0.004 -9"><span class='ocrx_word' id='word_1_635' title='bbox 169 2399 227 2435; x_wconf 88' lang='grc'>(80)</span> <span class='ocrx_word' id='word_1_636' title='bbox 241 2398 291 2427; x_wconf 86' lang='lat' dir='ltr'><strong>Ms.</strong></span> <span class='ocrx_word' id='word_1_637' title='bbox 307 2400 387 2434; x_wconf 83' lang='lat' dir='ltr'><strong>Angl.</strong></span> <span class='ocrx_word' id='word_1_638' title='bbox 405 2400 526 2431; x_wconf 71' lang='lat' dir='ltr'><strong>insecuti.</strong></span> <span class='ocrx_word' id='word_1_639' title='bbox 1003 2398 1060 2434; x_wconf 83' lang='lat'><strong>(90)</strong></span> <span class='ocrx_word' id='word_1_640' title='bbox 1082 2398 1177 2435; x_wconf 69' lang='lat' dir='ltr'><strong>Lamb.</strong></span> <span class='ocrx_word' id='word_1_641' title='bbox 1194 2397 1304 2435; x_wconf 71' lang='lat' dir='ltr'><strong>desunt,</strong></span> <span class='ocrx_word' id='word_1_642' title='bbox 1316 2395 1469 2430; x_wconf 77' lang='lat' dir='ltr'><strong>insipientes</strong></span> <span class='ocrx_word' id='word_1_643' title='bbox 1484 2397 1520 2420; x_wconf 83' lang='lat' dir='ltr'><strong>et.</strong></span> <span class='ocrx_word' id='word_1_644' title='bbox 1737 2432 1739 2435; x_wconf 69' lang='lat'><strong><em>_</em></strong></span> 
     </span>
    </p>
   </div>
   <div class='ocr_carea' id='block_1_49' title="bbox 170 2432 1688 2470">
    <p class='ocr_par' dir='ltr' id='par_1_49' title="bbox 170 2432 1688 2470">
     <span class='ocr_line' id='line_1_49' title="bbox 170 2432 1688 2470; baseline 0.005 -10"><span class='ocrx_word' id='word_1_645' title='bbox 170 2432 227 2470; x_wconf 75' lang='lat'><strong>(81)</strong></span> <span class='ocrx_word' id='word_1_646' title='bbox 247 2435 343 2463; x_wconf 88' lang='lat' dir='ltr'><strong>Lamb.</strong></span> <span class='ocrx_word' id='word_1_647' title='bbox 352 2432 388 2463; x_wconf 57' lang='lat' dir='ltr'><strong>tu</strong></span> <span class='ocrx_word' id='word_1_648' title='bbox 404 2436 483 2465; x_wconf 67' lang='lat' dir='ltr'><strong>habet</strong></span> <span class='ocrx_word' id='word_1_649' title='bbox 497 2440 546 2468; x_wconf 77' lang='lat' dir='ltr'><strong>ita.</strong></span> <span class='ocrx_word' id='word_1_650' title='bbox 1003 2432 1061 2470; x_wconf 67' lang='grc'>(91)</span> <span class='ocrx_word' id='word_1_651' title='bbox 1083 2434 1146 2470; x_wconf 58' lang='grc' dir='ltr'><strong>Μδε·</strong></span> <span class='ocrx_word' id='word_1_652' title='bbox 1163 2432 1241 2470; x_wconf 43' lang='grc' dir='ltr'><strong>ΑΜΨ</strong></span> <span class='ocrx_word' id='word_1_653' title='bbox 1256 2432 1328 2458; x_wconf 65' lang='grc' dir='ltr'><strong>ἠείδ·</strong></span> <span class='ocrx_word' id='word_1_654' title='bbox 1369 2467 1374 2470; x_wconf 92' lang='grc'>.</span> <span class='ocrx_word' id='word_1_655' title='bbox 1414 2466 1421 2470; x_wconf 88' lang='grc'>.</span> <span class='ocrx_word' id='word_1_656' title='bbox 1531 2464 1600 2470; x_wconf 45' lang='grc' dir='ltr'><strong>,μη</strong></span> <span class='ocrx_word' id='word_1_657' title='bbox 1628 2462 1648 2470; x_wconf 82' lang='grc'><strong>..</strong></span> <span class='ocrx_word' id='word_1_658' title='bbox 1682 2463 1688 2468; x_wconf 94' lang='grc'>.</span> 
     </span>
    </p>
   </div>
   <div class='ocr_carea' id='block_1_50' title="bbox 166 2462 1752 2507">
    <p class='ocr_par' dir='ltr' id='par_1_50' title="bbox 166 2462 1752 2507">
     <span class='ocr_line' id='line_1_50' title="bbox 166 2462 1752 2507; baseline -0.006 -9"><span class='ocrx_word' id='word_1_659' title='bbox 241 2462 405 2507; x_wconf 26' lang='grc' dir='ltr'><strong>ᾏςςῇλήει.</strong></span> <span class='ocrx_word' id='word_1_660' title='bbox 1083 2468 1147 2495; x_wconf 86' lang='lat' dir='ltr'><strong>Mss.</strong></span> <span class='ocrx_word' id='word_1_661' title='bbox 1161 2462 1240 2507; x_wconf 56' lang='lat' dir='ltr'><strong>Angl.</strong></span> <span class='ocrx_word' id='word_1_662' title='bbox 1255 2466 1434 2507; x_wconf 64' lang='lat' dir='ltr'><strong>persuasionis</strong></span> <span class='ocrx_word' id='word_1_663' title='bbox 1450 2473 1520 2507; x_wconf 44' lang='lat' dir='ltr'><strong>sum;</strong></span> <span class='ocrx_word' id='word_1_664' title='bbox 1628 2462 1714 2490; x_wconf 77' lang='lat' dir='ltr'><strong>Paris.</strong></span> <span class='ocrx_word' id='word_1_665' title='bbox 1727 2468 1752 2490; x_wconf 86' lang='lat' dir='ltr'><strong>et</strong></span> 
     </span>
    </p>
   </div>
   <div class='ocr_carea' id='block_1_51' title="bbox 165 2472 1752 2540">
    <p class='ocr_par' dir='ltr' id='par_1_51' title="bbox 165 2472 1752 2540">
     <span class='ocr_line' id='line_1_51' title="bbox 166 2472 1752 2507; baseline -0.004 -10"><span class='ocrx_word' id='word_1_666' title='bbox 166 2472 213 2504; x_wconf 76' lang='grc'><strong>(82</strong></span> <span class='ocrx_word' id='word_1_667' title='bbox 241 2472 307 2498; x_wconf 78' lang='lat' dir='ltr'><strong>Mss.</strong></span> <span class='ocrx_word' id='word_1_668' title='bbox 325 2472 365 2498; x_wconf 81' lang='lat' dir='ltr'><strong>An</strong></span> <span class='ocrx_word' id='word_1_669' title='bbox 386 2472 405 2499; x_wconf 94' lang='lat' dir='ltr'><strong>l.</strong></span> <span class='ocrx_word' id='word_1_670' title='bbox 438 2482 498 2507; x_wconf 86' lang='lat' dir='ltr'><strong>rope</strong></span> <span class='ocrx_word' id='word_1_671' title='bbox 516 2476 559 2502; x_wconf 84' lang='lat' dir='ltr'><strong>ab.</strong></span> <span class='ocrx_word' id='word_1_672' title='bbox 1003 2472 1060 2503; x_wconf 72' lang='lat'><strong>(92)</strong></span> <span class='ocrx_word' id='word_1_673' title='bbox 1083 2472 1147 2495; x_wconf 85' lang='lat' dir='ltr'><strong>Mss.</strong></span> <span class='ocrx_word' id='word_1_674' title='bbox 1161 2472 1240 2507; x_wconf 67' lang='lat' dir='ltr'><strong>Angl.</strong></span> <span class='ocrx_word' id='word_1_675' title='bbox 1255 2474 1434 2501; x_wconf 69' lang='lat' dir='ltr'><strong>persuasionis</strong></span> <span class='ocrx_word' id='word_1_676' title='bbox 1450 2473 1517 2492; x_wconf 71' lang='lat' dir='ltr'><strong>suae.</strong></span> <span class='ocrx_word' id='word_1_677' title='bbox 1531 2472 1615 2505; x_wconf 34' lang='lat' dir='ltr'><strong>built...</strong></span> <span class='ocrx_word' id='word_1_678' title='bbox 1628 2472 1714 2490; x_wconf 79' lang='lat' dir='ltr'><strong>raris.</strong></span> <span class='ocrx_word' id='word_1_679' title='bbox 1727 2472 1752 2490; x_wconf 84' lang='lat' dir='ltr'><strong>et</strong></span> 
     </span>
     <span class='ocr_line' id='line_1_52' title="bbox 165 2472 1752 2540; baseline -0.009 0"><span class='ocrx_word' id='word_1_680' title='bbox 165 2472 224 2540; x_wconf 51' lang='lat'><strong>(35;</strong></span> <span class='ocrx_word' id='word_1_681' title='bbox 245 2506 291 2534; x_wconf 76' lang='lat' dir='ltr'><strong>Sic</strong></span> <span class='ocrx_word' id='word_1_682' title='bbox 306 2480 402 2536; x_wconf 46' lang='lat' dir='ltr'><strong>Lami.</strong></span> <span class='ocrx_word' id='word_1_683' title='bbox 419 2482 465 2536; x_wconf 59' lang='lat' dir='ltr'><strong>gic</strong></span> <span class='ocrx_word' id='word_1_684' title='bbox 478 2514 505 2537; x_wconf 89' lang='lat' dir='ltr'><strong>et</strong></span> <span class='ocrx_word' id='word_1_685' title='bbox 516 2510 581 2538; x_wconf 88' lang='lat' dir='ltr'><strong>Fclli</strong></span> <span class='ocrx_word' id='word_1_686' title='bbox 603 2509 669 2539; x_wconf 90' lang='lat' dir='ltr'><strong>edit.</strong></span> <span class='ocrx_word' id='word_1_687' title='bbox 684 2509 772 2537; x_wconf 84' lang='lat' dir='ltr'><strong>Oxon.</strong></span> <span class='ocrx_word' id='word_1_688' title='bbox 795 2508 838 2536; x_wconf 82' lang='lat' dir='ltr'><strong>Al.</strong></span> <span class='ocrx_word' id='word_1_689' title='bbox 857 2509 877 2535; x_wconf 84' lang='lat' dir='ltr'><strong>ii</strong></span> <span class='ocrx_word' id='word_1_690' title='bbox 893 2513 917 2536; x_wconf 85' lang='lat' dir='ltr'><strong>et</strong></span> <span class='ocrx_word' id='word_1_691' title='bbox 967 2503 1067 2540; x_wconf 63' lang='lat' dir='ltr'><strong>Clerici</strong></span> <span class='ocrx_word' id='word_1_692' title='bbox 1090 2511 1286 2540; x_wconf 59' lang='lat' dir='ltr'><strong>persuamuizcm</strong></span> <span class='ocrx_word' id='word_1_693' title='bbox 1298 2524 1315 2540; x_wconf 92' lang='lat'><strong>,_</strong></span> <span class='ocrx_word' id='word_1_694' title='bbox 1330 2502 1471 2540; x_wconf 73' lang='lat' dir='ltr'><strong>mendose.</strong></span> <span class='ocrx_word' id='word_1_695' title='bbox 1500 2499 1617 2540; x_wconf 67' lang='lat' dir='ltr'><strong>Fabricii</strong></span> <span class='ocrx_word' id='word_1_696' title='bbox 1647 2506 1752 2534; x_wconf 80' lang='lat' dir='ltr'><strong>quoque</strong></span> 
     </span>
    </p>
   </div>
   <div class='ocr_carea' id='block_1_52' title="bbox 128 2534 1630 2576">
    <p class='ocr_par' dir='ltr' id='par_1_52' title="bbox 128 2534 1630 2576">
     <span class='ocr_line' id='line_1_53' title="bbox 128 2534 1630 2576; baseline -0.004 -7"><span class='ocrx_word' id='word_1_697' title='bbox 128 2534 320 2576; x_wconf 64' lang='lat' dir='ltr'><strong>pwititéntiam,</strong></span> <span class='ocrx_word' id='word_1_698' title='bbox 335 2547 359 2569; x_wconf 86' lang='lat' dir='ltr'><strong>et</strong></span> <span class='ocrx_word' id='word_1_699' title='bbox 376 2534 467 2571; x_wconf 51' lang='lat' dir='ltr'><strong>tam</strong></span> <span class='ocrx_word' id='word_1_700' title='bbox 481 2534 504 2537; x_wconf 71' lang='grc'>“</span> <span class='ocrx_word' id='word_1_701' title='bbox 516 2534 527 2537; x_wconf 55' lang='grc'><strong><em>“</em></strong></span> <span class='ocrx_word' id='word_1_702' title='bbox 539 2534 581 2538; x_wconf 67' lang='grc'><strong>““”</strong></span> <span class='ocrx_word' id='word_1_703' title='bbox 605 2534 668 2539; x_wconf 51' lang='grc'><strong>”’”</strong></span> <span class='ocrx_word' id='word_1_704' title='bbox 689 2534 771 2537; x_wconf 60' lang='grc'><strong>’-””</strong></span> <span class='ocrx_word' id='word_1_705' title='bbox 859 2534 874 2535; x_wconf 25' lang='lat' dir='ltr'><strong><em>ﬁ</em></strong></span> <span class='ocrx_word' id='word_1_706' title='bbox 895 2534 902 2536; x_wconf 22' lang='grc' dir='ltr'><strong>Ἴ</strong></span> <span class='ocrx_word' id='word_1_707' title='bbox 967 2539 1054 2576; x_wconf 70' lang='lat' dir='ltr'><strong>editio</strong></span> <span class='ocrx_word' id='word_1_708' title='bbox 1067 2534 1212 2576; x_wconf 57' lang='lat' dir='ltr'><strong>typolheta;</strong></span> <span class='ocrx_word' id='word_1_709' title='bbox 1228 2537 1334 2576; x_wconf 75' lang='lat' dir='ltr'><strong>incuria</strong></span> <span class='ocrx_word' id='word_1_710' title='bbox 1349 2538 1395 2564; x_wconf 91' lang='lat' dir='ltr'><strong>hic</strong></span> <span class='ocrx_word' id='word_1_711' title='bbox 1411 2537 1482 2564; x_wconf 87' lang='lat' dir='ltr'><strong>male</strong></span> <span class='ocrx_word' id='word_1_712' title='bbox 1495 2543 1525 2563; x_wconf 91' lang='lat' dir='ltr'><strong>se</strong></span> <span class='ocrx_word' id='word_1_713' title='bbox 1539 2534 1630 2562; x_wconf 77' lang='lat' dir='ltr'><strong>habet.</strong></span> 
     </span>
    </p>
   </div>
   <div class='ocr_carea' id='block_1_53' title="bbox 167 2572 1373 2613">
    <p class='ocr_par' dir='ltr' id='par_1_53' title="bbox 167 2572 1373 2613">
     <span class='ocr_line' id='line_1_54' title="bbox 167 2572 1373 2613; baseline 0.003 -10"><span class='ocrx_word' id='word_1_714' title='bbox 167 2577 224 2611; x_wconf 76' lang='grc'>(84)</span> <span class='ocrx_word' id='word_1_715' title='bbox 243 2572 339 2613; x_wconf 81' lang='lat' dir='ltr'><strong>Lamb.</strong></span> <span class='ocrx_word' id='word_1_716' title='bbox 355 2578 382 2604; x_wconf 84' lang='lat' dir='ltr'><strong>Iu&#39;</strong></span> <span class='ocrx_word' id='word_1_717' title='bbox 397 2579 443 2613; x_wconf 82' lang='lat' dir='ltr'><strong>qui</strong></span> <span class='ocrx_word' id='word_1_718' title='bbox 459 2580 578 2613; x_wconf 80' lang='lat' dir='ltr'><strong>egerint;</strong></span> <span class='ocrx_word' id='word_1_719' title='bbox 596 2589 688 2607; x_wconf 81' lang='lat' dir='ltr'><strong>murus</strong></span> <span class='ocrx_word' id='word_1_720' title='bbox 710 2585 760 2607; x_wconf 84' lang='lat' dir='ltr'><strong>em</strong></span> <span class='ocrx_word' id='word_1_721' title='bbox 781 2580 863 2607; x_wconf 71' lang='lat' dir='ltr'><strong>sedes.</strong></span> <span class='ocrx_word' id='word_1_722' title='bbox 886 2580 919 2607; x_wconf 79' lang='lat' dir='ltr'><strong>At</strong></span> <span class='ocrx_word' id='word_1_723' title='bbox 1081 2572 1176 2613; x_wconf 67' lang='grc' dir='ltr'><strong>Ῐςιξιηὶὺι</strong></span> <span class='ocrx_word' id='word_1_724' title='bbox 1188 2573 1274 2613; x_wconf 58' lang='grc' dir='ltr'><strong>άεεε¹ο</strong></span> <span class='ocrx_word' id='word_1_725' title='bbox 1287 2572 1373 2607; x_wconf 54' lang='lat' dir='ltr'><strong>digne-</strong></span> 
     </span>
    </p>
   </div>
   <div class='ocr_carea' id='block_1_54' title="bbox 131 2607 921 2648">
    <p class='ocr_par' dir='ltr' id='par_1_54' title="bbox 131 2607 916 2648">
     <span class='ocr_line' id='line_1_55' title="bbox 131 2607 916 2648; baseline 0.004 -10"><span class='ocrx_word' id='word_1_726' title='bbox 131 2607 235 2648; x_wconf 64' lang='lat' dir='ltr'><strong>Yictor.</strong></span> <span class='ocrx_word' id='word_1_727' title='bbox 255 2612 340 2648; x_wconf 34' lang='lat' dir='ltr'><strong>inultis</strong></span> <span class='ocrx_word' id='word_1_728' title='bbox 365 2607 414 2647; x_wconf 79' lang='lat' dir='ltr'><strong>pro</strong></span> <span class='ocrx_word' id='word_1_729' title='bbox 434 2607 534 2641; x_wconf 49' lang='lat' dir='ltr'><strong>mavrus.</strong></span> <span class='ocrx_word' id='word_1_730' title='bbox 556 2607 620 2642; x_wconf 56' lang='lat' dir='ltr'><strong>Felli</strong></span> <span class='ocrx_word' id='word_1_731' title='bbox 642 2620 731 2642; x_wconf 81' lang='lat' dir='ltr'><strong>autem</strong></span> <span class='ocrx_word' id='word_1_732' title='bbox 747 2615 811 2642; x_wconf 89' lang='lat' dir='ltr'><strong>edit.</strong></span> <span class='ocrx_word' id='word_1_733' title='bbox 829 2616 916 2642; x_wconf 87' lang='lat' dir='ltr'><strong>Oxon.</strong></span> 
     </span>
    </p>
   </div>
   <div class='ocr_carea' id='block_1_55' title="bbox 608 2607 1398 2648">
    <p class='ocr_par' dir='ltr' id='par_1_55' title="bbox 608 2607 1398 2648">
     <span class='ocr_line' id='line_1_56' title="bbox 608 2607 1398 2648; baseline -0.01 -6"><span class='ocrx_word' id='word_1_734' title='bbox 608 2616 620 2642; x_wconf 73' lang='lat' dir='ltr'><strong>1i</strong></span> <span class='ocrx_word' id='word_1_735' title='bbox 642 2620 731 2642; x_wconf 78' lang='lat' dir='ltr'><strong>autem</strong></span> <span class='ocrx_word' id='word_1_736' title='bbox 747 2615 811 2642; x_wconf 89' lang='lat' dir='ltr'><strong>edit.</strong></span> <span class='ocrx_word' id='word_1_737' title='bbox 829 2616 916 2642; x_wconf 90' lang='lat' dir='ltr'><strong>Oxon.</strong></span> <span class='ocrx_word' id='word_1_738' title='bbox 1080 2609 1122 2648; x_wconf 64' lang='grc' dir='ltr'><strong>ᾼΙ.</strong></span> <span class='ocrx_word' id='word_1_739' title='bbox 1140 2607 1292 2648; x_wconf 53' lang='grc' dir='ltr'><strong>ἣπρειζςειιν.</strong></span> <span class='ocrx_word' id='word_1_740' title='bbox 1327 2642 1333 2648; x_wconf 42' lang='grc'><strong>.</strong></span> <span class='ocrx_word' id='word_1_741' title='bbox 1393 2642 1398 2648; x_wconf 35' lang='grc' dir='ltr'><em>η</em></span> 
     </span>
    </p>
   </div>
   <div class='ocr_carea' id='block_1_56' title="bbox 129 2643 1741 2684">
    <p class='ocr_par' dir='ltr' id='par_1_56' title="bbox 129 2643 1741 2684">
     <span class='ocr_line' id='line_1_57' title="bbox 129 2643 1741 2684; baseline 0.005 -11"><span class='ocrx_word' id='word_1_742' title='bbox 129 2647 192 2684; x_wconf 55' lang='grc' dir='ltr'><strong>εἰσί</strong></span> <span class='ocrx_word' id='word_1_743' title='bbox 201 2647 238 2684; x_wconf 53' lang='lat' dir='ltr'><strong>At</strong></span> <span class='ocrx_word' id='word_1_744' title='bbox 248 2647 270 2684; x_wconf 64' lang='lat' dir='ltr'><strong>ii</strong></span> <span class='ocrx_word' id='word_1_745' title='bbox 284 2647 329 2682; x_wconf 82' lang='lat' dir='ltr'><strong>qui</strong></span> <span class='ocrx_word' id='word_1_746' title='bbox 344 2643 443 2684; x_wconf 63' lang='lat' dir='ltr'><strong>eéeift‘nt</strong></span> <span class='ocrx_word' id='word_1_747' title='bbox 453 2669 460 2680; x_wconf 91' lang='lat'><strong>,</strong></span> <span class='ocrx_word' id='word_1_748' title='bbox 478 2649 505 2675; x_wconf 79' lang='lat' dir='ltr'><strong>in</strong></span> <span class='ocrx_word' id='word_1_749' title='bbox 521 2650 612 2683; x_wconf 78' lang='lat' dir='ltr'><strong>primis</strong></span> <span class='ocrx_word' id='word_1_750' title='bbox 632 2651 714 2677; x_wconf 82' lang='lat' dir='ltr'><strong>muris</strong></span> <span class='ocrx_word' id='word_1_751' title='bbox 730 2651 816 2684; x_wconf 65' lang='lat' dir='ltr'><strong>coepit,</strong></span> <span class='ocrx_word' id='word_1_752' title='bbox 830 2651 884 2675; x_wconf 86' lang='lat' dir='ltr'><strong>etc.</strong></span> <span class='ocrx_word' id='word_1_753' title='bbox 1079 2643 1175 2684; x_wconf 55' lang='lat' dir='ltr'><strong>Ean“);</strong></span> <span class='ocrx_word' id='word_1_754' title='bbox 1189 2643 1251 2684; x_wconf 58' lang='grc' dir='ltr'><strong>δίῳ·</strong></span> <span class='ocrx_word' id='word_1_755' title='bbox 1264 2643 1454 2684; x_wconf 67' lang='grc' dir='ltr'><strong>ρωηίιεῖιιίςιηε-</strong></span> <span class='ocrx_word' id='word_1_756' title='bbox 1559 2676 1574 2684; x_wconf 88' lang='grc'><strong>.,</strong></span> <span class='ocrx_word' id='word_1_757' title='bbox 1632 2675 1638 2684; x_wconf 56' lang='grc' dir='ltr'><em>ε</em></span> <span class='ocrx_word' id='word_1_758' title='bbox 1650 2673 1741 2684; x_wconf 39' lang='lat' dir='ltr'><strong>LL“.</strong></span> 
     </span>
    </p>
   </div>
   <div class='ocr_carea' id='block_1_57' title="bbox 169 2674 1749 2719">
    <p class='ocr_par' dir='ltr' id='par_1_57' title="bbox 169 2674 1749 2719">
     <span class='ocr_line' id='line_1_58' title="bbox 169 2674 1749 2719; baseline -0.006 -9"><span class='ocrx_word' id='word_1_759' title='bbox 169 2682 226 2719; x_wconf 80' lang='lat'><strong>(85)</strong></span> <span class='ocrx_word' id='word_1_760' title='bbox 248 2674 371 2719; x_wconf 51' lang='lat' dir='ltr'><strong>lta&#39;mss&#39;.’</strong></span> <span class='ocrx_word' id='word_1_761' title='bbox 386 2674 839 2718; x_wconf 51' lang='lat' dir='ltr'><strong>Angli,’Vi{farfercamiliia&#39;in</strong></span> <span class='ocrx_word' id='word_1_762' title='bbox 852 2674 917 2713; x_wconf 75' lang='lat' dir='ltr'><strong>Felli</strong></span> <span class='ocrx_word' id='word_1_763' title='bbox 1079 2678 1145 2719; x_wconf 47' lang='lat' dir='ltr'><strong>ltiss.</strong></span> <span class='ocrx_word' id='word_1_764' title='bbox 1160 2678 1242 2719; x_wconf 60' lang='grc' dir='ltr'><strong>Αιιεςιἶ</strong></span> <span class='ocrx_word' id='word_1_765' title='bbox 1256 2674 1459 2718; x_wconf 65' lang='lat' dir='ltr'><strong>quentplurimia</strong></span> <span class='ocrx_word' id='word_1_766' title='bbox 1478 2676 1612 2712; x_wconf 74' lang='lat' dir='ltr'><strong>generibus</strong></span> <span class='ocrx_word' id='word_1_767' title='bbox 1630 2674 1749 2710; x_wconf 77' lang='lat' dir='ltr'><strong>inﬁciali.</strong></span> 
     </span>
    </p>
   </div>
   <div class='ocr_carea' id='block_1_58' title="bbox 128 2714 1363 2754">
    <p class='ocr_par' dir='ltr' id='par_1_58' title="bbox 128 2714 1363 2754">
     <span class='ocr_line' id='line_1_59' title="bbox 128 2714 1363 2754; baseline -0.003 -8"><span class='ocrx_word' id='word_1_768' title='bbox 128 2714 357 2754; x_wconf 19' lang='lat' dir='ltr'><strong>edit.70x_on.rAl.</strong></span> <span class='ocrx_word' id='word_1_769' title='bbox 373 2714 451 2746; x_wconf 68' lang='lat' dir='ltr'><strong>etiaiiz</strong></span> <span class='ocrx_word' id='word_1_770' title='bbox 468 2714 514 2754; x_wconf 62' lang='lat' dir='ltr'><strong>qui</strong></span> <span class='ocrx_word' id='word_1_771' title='bbox 529 2728 590 2747; x_wconf 88' lang='lat' dir='ltr'><strong>non.</strong></span> <span class='ocrx_word' id='word_1_772' title='bbox 1079 2714 1156 2754; x_wconf 65' lang='grc' dir='ltr'>βοιιιτ</span> <span class='ocrx_word' id='word_1_773' title='bbox 1173 2714 1363 2754; x_wconf 56' lang='grc' dir='ltr'><strong>Ρᾳτιιὶιθῃιίᾳηξε</strong></span> 
     </span>
    </p>
   </div>
   <div class='ocr_carea' id='block_1_59' title="bbox 166 2748 1434 2789">
    <p class='ocr_par' dir='ltr' id='par_1_59' title="bbox 166 2748 1434 2789">
     <span class='ocr_line' id='line_1_60' title="bbox 166 2748 1434 2789; baseline -0.004 -10"><span class='ocrx_word' id='word_1_774' title='bbox 166 2753 224 2789; x_wconf 72' lang='grc'>(86)</span> <span class='ocrx_word' id='word_1_775' title='bbox 243 2752 320 2789; x_wconf 69' lang='lat' dir='ltr'><strong>Bodl.</strong></span> <span class='ocrx_word' id='word_1_776' title='bbox 333 2753 435 2789; x_wconf 85' lang='lat' dir='ltr'><strong>desunt</strong></span> <span class='ocrx_word' id='word_1_777' title='bbox 462 2748 532 2781; x_wconf 69' lang='lat' dir='ltr'><strong>thier</strong></span> <span class='ocrx_word' id='word_1_778' title='bbox 548 2764 585 2783; x_wconf 77' lang='lat' dir='ltr'><strong>se.</strong></span> <span class='ocrx_word' id='word_1_779' title='bbox 601 2755 698 2784; x_wconf 86' lang='lat' dir='ltr'><strong>Lamb.</strong></span> <span class='ocrx_word' id='word_1_780' title='bbox 713 2757 786 2784; x_wconf 80' lang='lat' dir='ltr'><strong>intra</strong></span> <span class='ocrx_word' id='word_1_781' title='bbox 797 2764 834 2783; x_wconf 74' lang='lat' dir='ltr'><strong>se.</strong></span> <span class='ocrx_word' id='word_1_782' title='bbox 1080 2749 1175 2789; x_wconf 70' lang='lat' dir='ltr'><strong>Lamb.</strong></span> <span class='ocrx_word' id='word_1_783' title='bbox 1191 2750 1218 2776; x_wconf 82' lang='lat' dir='ltr'><strong>in</strong></span> <span class='ocrx_word' id='word_1_784' title='bbox 1234 2748 1434 2789; x_wconf 41' lang='lat' dir='ltr'><strong>comitialibus”</strong></span> 
     </span>
    </p>
   </div>
   <div class='ocr_carea' id='block_1_60' title="bbox 167 2784 1577 2824">
    <p class='ocr_par' dir='ltr' id='par_1_60' title="bbox 167 2784 1577 2824">
     <span class='ocr_line' id='line_1_61' title="bbox 167 2784 1577 2824; baseline 0.007 -10"><span class='ocrx_word' id='word_1_785' title='bbox 246 2788 310 2824; x_wconf 64' lang='lat' dir='ltr'><strong>Mss.</strong></span> <span class='ocrx_word' id='word_1_786' title='bbox 324 2788 402 2823; x_wconf 80' lang='lat' dir='ltr'><strong>Angl.</strong></span> <span class='ocrx_word' id='word_1_787' title='bbox 419 2795 563 2824; x_wconf 78' lang='lat' dir='ltr'><strong>gesserunt.</strong></span> <span class='ocrx_word' id='word_1_788' title='bbox 1004 2784 1176 2824; x_wconf 42' lang='grc' dir='ltr'><strong>(εἶξξλιλῆηιὶλ</strong></span> <span class='ocrx_word' id='word_1_789' title='bbox 1188 2784 1289 2824; x_wconf 58' lang='grc' dir='ltr'><strong>ἔπαέίίῖ</strong></span> <span class='ocrx_word' id='word_1_790' title='bbox 1361 2818 1377 2824; x_wconf 28' lang='grc' dir='ltr'><strong>Α.</strong></span> <span class='ocrx_word' id='word_1_791' title='bbox 1572 2818 1577 2824; x_wconf 91' lang='grc'><strong>.</strong></span> 
     </span>
    </p>
   </div>
   <div class='ocr_carea' id='block_1_61' title="bbox 168 2819 958 2857">
    <p class='ocr_par' dir='ltr' id='par_1_61' title="bbox 168 2819 518 2857">
     <span class='ocr_line' id='line_1_62' title="bbox 168 2819 518 2857; baseline 0.006 -7"><span class='ocrx_word' id='word_1_792' title='bbox 168 2819 225 2857; x_wconf 76' lang='grc'>(88)</span> <span class='ocrx_word' id='word_1_793' title='bbox 246 2823 338 2850; x_wconf 83' lang='lat' dir='ltr'><strong>Lamb.</strong></span> <span class='ocrx_word' id='word_1_794' title='bbox 353 2819 518 2852; x_wconf 53' lang='lat' dir='ltr'><strong>h&#39;abiiubztnt.</strong></span> 
     </span>
    </p>
   </div>
   <div class='ocr_carea' id='block_1_62' title="bbox 841 2819 1631 2857">
    <p class='ocr_par' dir='ltr' id='par_1_62' title="bbox 1005 2819 1631 2855">
     <span class='ocr_line' id='line_1_63' title="bbox 1005 2819 1631 2855; baseline 0 -9"><span class='ocrx_word' id='word_1_795' title='bbox 1005 2820 1078 2855; x_wconf 85' lang='grc'>(100)</span> <span class='ocrx_word' id='word_1_796' title='bbox 1100 2820 1164 2848; x_wconf 78' lang='lat' dir='ltr'><strong>Mss.</strong></span> <span class='ocrx_word' id='word_1_797' title='bbox 1181 2819 1260 2854; x_wconf 85' lang='lat' dir='ltr'><strong>Angl.</strong></span> <span class='ocrx_word' id='word_1_798' title='bbox 1277 2819 1434 2846; x_wconf 73' lang='lat' dir='ltr'><strong>honestiores</strong></span> <span class='ocrx_word' id='word_1_799' title='bbox 1447 2826 1501 2846; x_wconf 71' lang='lat' dir='ltr'><strong>esse</strong></span> <span class='ocrx_word' id='word_1_800' title='bbox 1517 2819 1631 2855; x_wconf 68' lang='lat' dir='ltr'><strong>cupiere.</strong></span> 
     </span>
    </p>
   </div>
   <div class='ocr_carea' id='block_1_63' title="bbox 167 2858 829 2895">
    <p class='ocr_par' dir='ltr' id='par_1_63' title="bbox 167 2858 829 2895">
     <span class='ocr_line' id='line_1_64' title="bbox 167 2858 829 2895; baseline 0.005 -9"><span class='ocrx_word' id='word_1_801' title='bbox 167 2859 224 2895; x_wconf 85' lang='grc'>(89)</span> <span class='ocrx_word' id='word_1_802' title='bbox 245 2858 291 2887; x_wconf 85' lang='lat' dir='ltr'><strong>Sic</strong></span> <span class='ocrx_word' id='word_1_803' title='bbox 301 2858 391 2887; x_wconf 83' lang='lat' dir='ltr'><strong>Fellus</strong></span> <span class='ocrx_word' id='word_1_804' title='bbox 406 2867 438 2887; x_wconf 84' lang='lat' dir='ltr'><strong>ex</strong></span> <span class='ocrx_word' id='word_1_805' title='bbox 454 2859 548 2888; x_wconf 85' lang='lat' dir='ltr'><strong>Lamb.</strong></span> <span class='ocrx_word' id='word_1_806' title='bbox 566 2860 608 2889; x_wconf 84' lang='lat' dir='ltr'><strong>Al.</strong></span> <span class='ocrx_word' id='word_1_807' title='bbox 627 2862 829 2889; x_wconf 72' lang='lat' dir='ltr'><strong>contentionem.</strong></span> 
     </span>
    </p>
   </div>
  </div>
