4002 6308
532 202 638 259 979
1492 236 1505 249 ‘
1973 228 2032 284 S.
2074 229 2336 290 HERMAZ
3686 253 3783 305 930

523 332 578 377 et
614 330 669 379 in
704 330 1015 440 superbiam
1065 351 1316 408 magnam
1361 341 1670 405 inciderunt
1713 347 1827 416 (1).
1862 359 1916 405 et
1947 354 2103 409 sublii

2244 374 2529 430 ceperunt
2570 381 2779 434 περιίδω
2811 382 2887 436 (ι.)
2912 403 2927 425 ,
2964 379 3017 418 et
3056 378 3336 422 veritatem
3374 368 3643 433 deserere
3670 371 3781 440 (3);

522 434 701 528 lle-que
749 426 990 495 appliciti
1032 439 1160 486 sunt
1195 433 1395 503 justis,
1437 438 1532 493 sed
1564 442 1641 512 (4)
1668 458 1792 498 cum
1822 450 2028 504 exteris
2056 453 2306 521 gentibus
2332 424 2731 528 convixerunt;
2762 424 2963 517 et‘haac
2991 460 3098 516 illis
3126 462 3236 516 vita
3267 424 3483 518 dulcior
3515 424 3638 518 visa

523 513 697 626 3360
728 527 908 626 tamen
938 538 1047 579 non
1077 541 1455 626 recesserunt,
1487 544 1542 589 et
1570 536 1623 591 in
1658 537 1761 593 [ide
1797 554 2284 609 perseveraverunt
2335 551 2446 620 (5);
2502 554 2599 609 sed
2650 513 2817 626 opera
2865 557 2990 612 tidei
3034 568 3144 611 non
3191 563 3587 610 exercuerunt.
3633 553 3787 610 Multi

522 606 689 716 igitur
714 625 791 721 exi
813 612 921 670 illis
946 628 1173 686 egerunt
1202 622 1614 694 pmnilentiam;
1645 637 1699 683 et
1724 631 1883 687 sedes
1907 648 2097 689 eorum
2133 638 2186 692 in
2218 606 2351 695 turri
2385 606 2507 699 esse
2534 606 2841 716 cmpei-unt.
2875 648 2980 703 Alii
3021 665 3151 706 vero
3188 650 3439 707 viventes
3470 667 3603 707 cum
3636 661 3789 707 exte-

516 710 899 816 ris‘ggentibus,
931 723 985 816 et
1014 716 1505 816 elati-vanitatibus
1530 724 1645 779 suis
1676 727 1789 795 (6),
1822 728 1874 782 in
1904 742 2227 801 perpetuum
2260 751 2290 790 a
2329 737 2440 794 Deo
2484 710 2803 799 defecerunt
2833 743 2911 816 (7)
2933 784 2949 809 ,
2996 747 3285 804 nationum
3339 747 3691 804 facinoribus
3734 758 3789 804 et

519 796 775 861 0Dt‘a‘ribus
804 803 1121 865 servientes.
1151 808 1477 884 Hujusmodi
1505 829 1635 887 ergo
1665 817 1917 876 homines
1952 822 2295 883 adnumerati
2343 842 2474 887 sunt
2521 836 2721 892 exteris
2767 796 3105 897 nationibus.
3152 796 3285 898 Alii-
3306 859 3374 900 ex
3400 796 3513 900 this
3558 796 3786 900 dubiam

519 903 756 1006 Ἦεξηῑθηξ
786 899 987 960 habere
1015 919 1321 1006 ceperunt,
1352 927 1458 967 non
1490 924 1773 984 sperantes
1804 932 1863 972 se
1892 930 2113 991 propter
2140 921 2283 981 facta
2309 942 2406 983 sua
2440 932 2658 1002 assequi
2688 948 2851 1004 posse
2882 935 2959 1006 (8)
2991 936 3223 992 salutem
3249 954 3263 991 :
3300 899 3394 991 alii
3436 899 3596 993 dubii
3630 938 3784 1005 iacti,

518 986 890 1108 dissensiones
914 1003 1307 1066 excitaverunt.
1348 1010 1441 1067 His
1471 1012 1636 1083 igitur
1663 1026 1717 1071 et
1744 1016 1853 1071 illis
1881 1020 1975 1090 qui
2008 1033 2231 1094 propter
2260 1024 2402 1083 facta
2436 1044 2535 1084 sua
2567 986 2721 1086 dubii
2748 986 3208 1106 esse\cmperunt,
3241 1036 3423 1092 adhuc
3448 1044 3537 1092 est

517 1097 775 1206 ASth
805 1098 920 1206 haec
945 1106 1398 1206 pmnitentiacita
1428 1113 1505 1183 (9)
1540 1131 1661 1171 esse
1688 1116 1889 1185 debet,
1924 1130 1985 1175 ut
2012 1122 2087 1177 sit
2115 1123 2168 1176 in
2201 1125 2339 1179 turri
2374 1125 2533 1182 sedes
2563 1143 2779 1183 eorum.
2815 1127 2911 1186 llis
2940 1097 3070 1186 vero
3103 1097 3203 1203 qui
3234 1148 3342 1190 non
3383 1145 3558 1206 agunt
3597 1097 3785 1205 pinni-

518 1190 767 1256 tentiam,
800 1194 894 1249 sed
925 1211 1244 1265 permanent
1274 1204 1328 1259 in
1361 1208 1730 1278 voluptatibus
1760 1210 1897 1278 suis,
1932 1228 2080 1269 mors
2114 1229 2280 1285 prope
2307 1228 2409 1272 est.

1978 1339 2208 1396 CAPUT
2246 1342 2315 1399 X.

585 1399 668 1509 ﬁ“
687 1400 740 1509 ¹ξί
895 1410 1077 1482 νίνϐαε
1105 1416 1306 1474 virides
1336 1435 1701 1490 porrexerunt
1724 1468 1740 1491 ,
1771 1432 2012 1500 exceptis
2039 1433 2423 1491 cacuminibus
2449 1430 2640 1490 earum
2670 1451 2792 1508 quae
2822 1439 2938 1494 sola
2967 1440 3124 1496 arida
3154 1439 3265 1509 (10)
3296 1448 3453 1495 erant
3475 1479 3492 1505 ,
3544 1447 3601 1493 et
3636 1439 3783 1494 scis-

515 1494 1012 1608 fllttff‘ihabebant;
1043 1521 1258 1608 {semper
1286 1516 1416 1573 boni
1444 1530 1606 1592 atque
1634 1523 1821 1581 ﬁdeles
1855 1494 1919 1582 et-
1939 1530 2092 1598 probi
2127 1545 2254 1601 erga
2290 1530 2460 1586 Deum
2492 1532 2609 1603 (11)
2649 1494 2903 1600 bierunt;
2950 1535 3045 1589 sed
3063 1494 3385 1604 parumper
3423 1494 3785 1601 deliquerunt

514 1600 948 1700 Ρᾲτίξβιεΐὶίηῐξηςε
977 1604 1304 1679 voluptates,
1336 1624 1392 1669 et
1419 1618 1659 1673 minutas
1686 1622 2044 1692 cogitationes
2074 1600 2212 1693 (12).
2244 1642 2383 1696 quas
2413 1600 2553 1682 intra
2579 1600 2693 1700 (15)
2724 1642 2782 1683 se
2815 1600 3149 1683 habuerunt.
3180 1600 3397 1682 Auditis
3424 1642 3557 1697 ergo
3586 1626 3781 1682 verbis

511 1689 917 1794 incis,‘pl_u-rimi
940 1711 1165 1794 egerunt
1200 1709 1575 1776 poenitentiam
1607 1689 1887 1783 celeriter;
1920 1728 1975 1774 et
2010 1689 2235 1775 initurri
2262 1689 2514 1778 habitare
2544 1689 2851 1794 coeperunt.
2883 1722 3114 1790 Quidam
3152 1734 3332 1781 autem
3363 1741 3429 1781 ex
3460 1689 3550 1780 bis
3577 1740 3782 1780 evase—

514 1790 643 1835 runt
671 1783 853 1852 dubii;
880 1791 1100 1858 quidam
1130 1799 1446 1869 adjecerunt
1469 1805 1535 1859 ad
1563 1806 1782 1863 dubiam
1815 1822 2051 1866 mentem
2073 1854 2088 1879 ,
2141 1814 2305 1870 etiam
2337 1783 2709 1871 dissensiones
2751 1783 2991 1872 movere.
3025 1815 3083 1871 ln
3124 1816 3209 1871 his
3236 1815 3398 1887 igitur
3424 1814 3590 1871 etiam
3627 1832 3781 1873 nunc

514 1891 640 1981 spes
665 1888 749 1936 est
772 1893 1078 1956 regressus,
1106 1897 1238 1963 quia
1266 1898 1395 1953 boni
1429 1916 1643 1972 semper
1684 1904 1942 1975 fuerunt;
1986 1907 2200 1964 dillicile
2246 1919 2429 1973 autem
2481 1911 2849 1967 movebuntur
2895 1910 3033 1981 (14).
3084 1905 3187 1973 Qui
3232 1922 3361 1962 vero
3407 1907 3593 1978 virgas
3642 1924 3781 1965 suas

512 1965 1098 2072 aridas‘porrexerunt,
1122 1986 1363 2056 exceptis
1387 1992 1770 2049 cacuminibus
1796 2009 1987 2051 earum
2015 2013 2137 2067 qua:
2164 1999 2281 2054 sola
2330 2009 2489 2054 erant
2533 1999 2727 2055 viridia
2771 1965 2921 2072 (l5);
2966 1965 3320 2057 crediderunt
3353 1965 3575 2069 quidem
3620 2000 3775 2065 Deo,

608 2066 906 2167 sceleribus
943 2090 1073 2131 vero
1122 2084 1430 2138 conversati
1471 2096 1600 2143 sunt
1623 2087 1772 2159 (16);
1803 2106 2083 2160 nunquam
2115 2102 2295 2147 tamen
2331 2108 2361 2148 a
2390 2091 2502 2149 Deo
2531 2102 2910 2159 recesserunt,
2941 2095 3037 2150 sed
3068 2110 3282 2167 semper
3309 2110 3510 2151 nomen
3544 2095 3777 2152 Domini

510 2149 738 2213 libenter
754 2161 1013 2229 tulerunt,
1029 2176 1083 2221 et
1103 2168 1330 2226 libenter
1347 2172 1400 2227 in
1418 2149 1669 2247 hospitiis
1686 2149 1802 2235 suis
1823 2180 1913 2237 Dei
1936 2149 2127 2239 servos
2148 2186 2540 2255 susceperunt(
2547 2185 2657 2256 17).
2675 2186 2875 2242 Audito
2892 2149 3057 2259 igitur
3076 2149 3212 2253 hoc,r
3224 2149 3465 2258 regressi
3476 2149 3525 2257 (1
3535 2149 3778 2257 8),;i‘n‘e

510 2259 942 2352 mora‘egerunt
984 2262 1393 2352 paenitentiam,
1437 2276 1492 2321 et
1538 2284 1753 2325 omnem
1800 2273 2017 2330 virtutis
2059 2276 2369 2346 aequitatem
2412 2276 2524 2347 (19)
2567 2290 2951 2336 exercuerunt.
3001 2281 3183 2351 Aliqui
3220 2297 3350 2338 vero
3384 2298 3579 2339 eorum
3609 2300 3775 2341 mor-

511 2344 618 2391 tem
648 2339 935 2413 obierunt;
964 2358 1015 2404 et
1044 2351 1137 2406 alii
1166 2354 1401 2414 libenter
1430 2361 1658 2418 adversa
1687 2365 1833 2434 passi
1862 2378 2011 2429 sunt,
2041 2339 2313 2423 memores
2338 2339 2449 2441 (20)
2479 2339 2747 2426 factorum
2772 2386 3025 2428 suorum.

1945 2482 2175 2539 CAPUT
2214 2484 2305 2540 XI.

578 2552 874 2663 Postquam
917 2563 1129 2663 (inisset
1174 2570 1422 2663 omnium
1458 2572 1734 2644 virgarum
1775 2574 2188 2645 explanationes
2224 2578 2360 2650 (21),
2409 2587 2488 2633 ait
2526 2580 2700 2634 mihi:
2732 2577 2911 2646 Vade,
2956 2589 3011 2637 et
3050 2580 3140 2637 dic
3180 2581 3458 2645 omnibus,
3505 2594 3570 2638 ut
3599 2592 3773 2655 agant

508 2659 914 2745 pmmtcntiam;
957 2666 1011 2712 et
1058 2659 1242 2715 vivent
1280 2659 1423 2729 Deo,
1470 2663 1599 2733 quia
1645 2673 1828 2719 motus
1855 2664 2124 2723 Dominus
2160 2684 2356 2739 magna
2388 2670 2676 2726 clementia
2702 2686 2800 2727 sua
2826 2670 2961 2738 (22),
2991 2671 3141 2726 misit
3170 2688 3257 2728 me
3286 2682 3347 2729 ut
3375 2679 3771 2745 pmmtentiam

505 2743 814 2801 nuntiarem
843 2749 1119 2817 omnibus,
1152 2752 1236 2810 his
1263 2758 1427 2813 etiam
1458 2760 1553 2829 qui
1585 2775 1695 2815 non
1745 2771 2025 2818 merentur
2073 2763 2187 2835 (23)
2232 2773 2456 2835 propter
2496 2764 2637 2820 facta
2686 2781 2785 2821 sua
2827 2766 3045 2836 assequi
3094 2767 3347 2823 salutem.
3376 2743 3498 2825 Sed
3544 2774 3771 2841 patiens

505 2852 591 2898 est
640 2842 941 2917 Dominus,
985 2858 1040 2905 et
1087 2850 1465 2911 invitationem
1509 2872 1605 2928 per
1650 2857 1849 2914 Filium
1896 2875 2059 2916 suum
2106 2860 2304 2916 iactam
2347 2861 2467 2916 vult
2512 2876 2860 2917 conservare.
2910 2860 3042 2917 Dico
3085 2860 3178 2914 ei:
3226 2860 3439 2931 Spero,
3487 2862 3768 2931 Domine,

506 2931 627 3023 fore
673 2944 733 2990 ut
765 2938 978 3001 auditis
1026 2939 1112 2996 bis
1154 2942 1396 2999 universi
1456 2958 1623 3017 agant
1664 2948 1778 3016 (24)
1830 2951 2227 3020 paenitentiam.
2286 2949 2465 3006 Credo
2509 2952 2691 3019 enim,
2739 2965 3186 3023 unumquemque
3226 2953 3427 3021 agnitis
3474 2952 3593 3023 (25)
3644 2955 3768 3010 suis

507 3020 668 3122 factis
691 3034 747 3080 et
775 3038 1000 3099 accepto
1029 3028 1125 3085 Dei
1160 3031 1380 3097 timore,
1414 3036 1481 3090 ad
1520 3037 1898 3106 paenitentiam
1934 3055 2332 3111 regressurum.
2369 3042 2460 3097 Ait
2493 3043 2665 3099 mihi:
2700 3020 3023 3114 Quicunque
3068 3057 3180 3104 toto
3211 3020 3375 3105 corde
3405 3020 3622 3120 egerint
3645 3067 3771 3122 pm-

506 3120 814 3191 nitentiam,
847 3137 901 3183 et
930 3128 1338 3197 puriﬁcaverint
1369 3143 1427 3183 se
1461 3129 1529 3183 ab
1562 3129 1713 3184 omni
1744 3130 1985 3201 nequitia
2017 3147 2139 3201 qum
2168 3147 2335 3202 supra
2367 3132 2511 3188 dicta
2542 3142 2627 3188 est
2661 3133 2775 3204 (26)
2802 3175 2817 3200 ,
2852 3144 2905 3188 et
2952 3150 3061 3191 non
3112 3136 3415 3205 adjecerint
3463 3120 3663 3195 adhuc
3697 3142 3768 3197 ad

506 3219 704 3276 delicta
739 3238 839 3277 sua
871 3224 1205 3295 quidquam;
1238 3225 1512 3296 accipient
1540 3240 1571 3279 a
1598 3224 1833 3281 Domino
1862 3227 2164 3281 remedium
2200 3228 2445 3297 priorum
2477 3226 2591 3298 (27)
2621 3237 2970 3298 peccatorum
3008 3246 3253 3303 suorum,
3289 3237 3336 3292 si
3367 3237 3507 3294 nihil
3540 3239 3769 3296 dubita-

505 3317 686 3372 verint
730 3319 797 3374 de
838 3321 1109 3376 mandatis
1148 3321 1234 3377 his
1268 3320 1416 3391 (9.8);
1448 3330 1502 3376 et
1528 3321 1710 3376 vivent
1736 3320 1869 3377 Deo.
1903 3322 2010 3389 Qui
2050 3337 2180 3378 vero
2228 3322 2561 3393 adjecerint,
2596 3323 2810 3394 inquit,
2851 3324 2921 3380 ad
2951 3321 3146 3381 delicta
3174 3343 3273 3383 sua
3299 3369 3313 3391 ,
3356 3337 3411 3384 et
3448 3332 3767 3387 conversati

505 3407 711 3466 fuerint
739 3415 797 3468 in
826 3415 1211 3485 cupiditatibus
1242 3414 1355 3485 (29)
1386 3414 1570 3472 saeculi
1614 3414 1813 3485 hujus;
1850 3415 2189 3471 damnabunt
2217 3416 2429 3487 seipsos
2462 3415 2531 3471 ad
2576 3426 2828 3472 mortem.
2863 3415 2941 3471 Tu
2974 3433 3105 3477 vero
3136 3423 3357 3477 ambula
3394 3424 3447 3478 in
3483 3426 3765 3482 mandatis

506 3505 663 3575 istis;
697 3516 752 3564 et
779 3509 927 3565 vives
955 3509 1101 3565 Deo:
1131 3520 1185 3566 et
1214 3510 1531 3582 quicunque
1555 3508 1961 3566 ambulaverint
1985 3511 2041 3566 in
2076 3512 2163 3567 his
2185 3554 2201 3578 ,
2240 3520 2296 3566 et
2332 3520 2479 3567 recte
2519 3527 2583 3567 ea
2627 3513 2978 3568 exercuerint
2999 3555 3016 3581 ,
3056 3515 3239 3571 vivent
3277 3516 3408 3573 Deo.
3457 3516 3765 3590 Postquam

507 3612 637 3656 vero
664 3600 778 3659 hac
806 3601 989 3662 omnia
1017 3604 1152 3661 mihi
1181 3608 1439 3676 ostendit,
1468 3607 1547 3663 ait
1576 3608 1747 3663 mihi:
1784 3605 2014 3678 Reliqua
2041 3618 2165 3679 post
2193 3608 2311 3665 dies
2340 3623 2546 3679 paucos
2573 3608 2671 3664 tibi
2706 3609 3013 3665 ostendam.

1810 3728 1827 3743 ⁸
1843 3729 2314 3793 SIMILITUDO
2357 3728 2471 3790 IX.

957 3853 1365 3933 Ediﬁcanda:
1388 3858 1723 3920 militautis
1755 3866 1813 3917 et
1844 3856 2294 3935 triumphantis
2338 3854 2648 3918 Ecclesiae
2682 3858 2987 3935 mysteria
3011 3858 3307 3920 maxima.
3368 3838 3373 3843 ’

1858 3980 2088 4039 CAPUT
2124 3980 2416 4037 PRIMUM.

578 4070 872 4145 Postquam
923 4079 1119 4151 scripsi
1170 4079 1423 4138 Mandata
1470 4092 1524 4139 et
1563 4082 1960 4139 Similitudines
1990 4082 2227 4155 pastoris
2255 4081 2401 4136 illius
2426 4122 2442 4147 ,
2477 4081 2704 4137 nuntius
2735 4080 3067 4151 paenitentiae
3104 4078 3252 4134 venit
3282 4076 3349 4131 ad
3380 4091 3469 4131 me
3493 4116 3507 4141 ,
3534 4083 3593 4130 et
3620 4072 3763 4130 dixit

505 4170 677 4227 mihi:
712 4170 848 4230 Volo
874 4177 1160 4234 ostendere
1191 4180 1286 4234 tibi
1325 4196 1666 4251 quaecunque
1696 4180 1935 4251 Spiritus
1966 4177 2063 4233 tibi
2097 4177 2336 4231 ostendit
2360 4215 2375 4240 ,
2409 4176 2504 4245 qui
2539 4176 2594 4229 in
2622 4174 2801 4245 efﬁgie
2845 4172 3102 4232 Ecclesiae
3148 4175 3366 4230 locutus
3412 4182 3501 4228 est
3548 4180 3753 4228 tecum.

505 4259 599 4320 ille
621 4265 766 4321 cnim
797 4267 1037 4338 Spiritus
1059 4313 1075 4338 ,
1105 4272 1276 4329 Filius
1304 4271 1398 4329 Dei
1424 4282 1529 4328 est.
1564 4271 1632 4328 Et
1662 4273 1791 4344 quia
1823 4270 2091 4326 inﬁrmior
2119 4284 2243 4324 eras
2273 4282 2503 4336 corpore
2529 4307 2545 4333 ,
2585 4280 2697 4320 non
2731 4275 2857 4322 ante
2886 4281 2981 4336 per
3009 4267 3263 4321 nuntium
3294 4263 3637 4320 declaratum
3670 4271 3760 4317 est

1610 4413 1850 4469 VARIAE
1891 4408 2275 4467 LECTIONES
2311 4407 2402 4463 ET
2443 4407 2669 4463 NOTAE.

698 4525 1222 4603 Lamb.__superbiam
1249 4548 1497 4603 magnam
1523 4532 1827 4586 induerunt.
2404 4528 2533 4603 MSS.
2566 4527 2725 4603 Angl.
2761 4533 3081 4603 receperunt.

699 4595 775 4673 |_l_a
800 4597 952 4673 Bodl.
980 4595 1171 4673 Lamb.
1195 4613 1251 4657 et
1285 4595 1424 4657 Vict.
1454 4604 1618 4668 Editi,
1651 4617 1878 4672 sperare.
2252 4595 2366 4673 (18)
2404 4598 2537 4673 Mss.
2562 4595 2722 4673 Angl.
2755 4597 2850 4651 hoc
2877 4595 3142 4673 regressu.-

701 4665 829 4740 Mss.
864 4668 1021 4740 Angl.
1056 4674 1418 4727 deseruerunt.
1605 4665 1611 4668 ’
1678 4665 1688 4672 ’
2250 4665 2365 4740 (19)
2404 4669 2609 4740 Yietor.
2637 4665 2879 4740 virtutem
2902 4665 3190 4740 (equitatis.

578 4729 658 4803 (4)
698 4735 789 4792 Sic
814 4729 1117 4795 mssfvict.
1143 4750 1198 4797 et
1217 4741 1403 4798 Carm.
1431 4742 1524 4800 Sic
1547 4752 1603 4799 et
1622 4743 1754 4799 edit.
1785 4744 1960 4800 Oxon.
1992 4744 2077 4800 Al.
2250 4729 2365 4807 (20)
2406 4737 2596 4793 Lamb.
2623 4748 2673 4792 et
2701 4738 2923 4792 libenter
2949 4729 3245 4807 patiuntur.
3270 4742 3548 4783 memores.

488 4808 789 4879 omittunt,
812 4809 929 4863 sed.
1689 4808 1698 4817 ’

1689 4808 1698 4817 ’
2252 4808 2366 4879 (21)
2403 4809 2485 4865 Al.
2513 4810 2888 4863 exsolutiones.

581 4878 660 4950 (5)
699 4868 894 4950 Lamb.
925 4879 1103 4948 ﬁdeles
1132 4897 1587 4950 perseveraverant
1620 4903 1750 4940 esse.
2250 4868 2365 4942 (22)
2406 4879 2599 4934 Lamb.
2647 4880 2832 4933 mortis
2878 4875 3137 4933 Dominus
3184 4872 3241 4925 in
3287 4868 3460 4923 multa
3502 4886 3601 4923 sua
3645 4869 3750 4923 cle—

580 4949 658 5015 (6)
697 4948 827 5019 Mss.
856 4950 1015 5019 Angl.
1041 4948 1203 5006 evecti
1224 4955 1540 5010 vanitatibus
1571 4973 1771 5011 eorum.
2180 4951 2398 5006 mentia-

579 5012 658 5090 (7)
697 5018 829 5091 Μεεο
857 5012 1014 5090 Αηέιι
1042 5022 1378 5077 destiterunt.
2251 5020 2365 5091 (25)
2406 5018 2537 5075 Mss.
2576 5020 2734 5090 Angl.
2773 5018 3012 5091 omnibus
3048 5017 3266 5077 darem,
3301 5019 3352 5065 et
3389 5012 3601 5081 quidem
3628 5015 3751 5082 qui-

700 5089 891 5166 Lamb.
920 5089 1096 5166 deest.
1136 5109 1306 5163 posse.
2179 5089 2400 5166 busdam
2423 5108 2534 5166 _n_on
2562 5089 2938 5166 merentibus.“
2972 5159 2984 5166 _
3041 5158 3085 5166 η
3237 5155 3250 5166 .
3376 5154 3387 5166 ⁸
3548 5162 3557 5166 _
3609 5152 3701 5166 nn

605 5101 636 5151 δ
700 5101 891 5145 Lamb.
926 5101 1096 5149 deest.
1136 5109 1306 5163 posse.
2179 5101 2400 5145 busdam
2430 5108 2534 5144 non
2562 5101 2901 5144 merentibus.

605 5101 660 5229 9)
700 5160 854 5216 Bodl.
882 5162 1068 5217 citata.
2184 5229 2203 5231 _
2250 5161 2364 5230 (24)
2406 5162 2492 5215 Al.
2517 5163 2788 5231 quoniam,
2810 5159 3011 5231 auditis
3032 5158 3135 5223 his,
3157 5154 3387 5208 universi
3405 5162 3578 5224 agent.
3607 5152 3723 5210 Edit

608 5232 695 5301 10)
735 5231 929 5287 Lamb.
957 5233 1143 5288 solida:
1168 5235 1357 5290 aridae.
2177 5229 2354 5285 Paris.
2382 5229 2651 5300 quoniam,
2677 5231 2899 5285 eruditis
2922 5230 3023 5283 his.

582 5301 695 5376 (il)
731 5302 929 5376 Lamb.
957 5304 1161 5359 honesti
1188 5322 1313 5376 erga
1344 5306 1650 5361 Dominum.
2251 5302 2365 5376 (ἓξ)
2405 5301 2596 5376 Lamb.
2624 5302 2845 5376 auditis.

580 5367 693 5446 (12)
731 5372 924 5446 Lamb.
952 5375 1136 5446 inanes
1164 5387 1211 5430 et
1242 5367 1490 5430 minimas
1516 5377 1921 5446 disputationes.
2405 5371 2599 5446 Pamb:
2628 5373 2845 5446 άεέδυέην
2870 5385 2987 5442 φησί’
3012 5385 3173 5446 ξυΡνα
3199 5367 3346 5421 ἀίδια
3371 5375 3467 5420 ⁸³³·

606 5445 693 5507 15)
733 5443 889 5499 Bodl.
914 5446 990 5499 in.
1026 5445 1215 5503 Lamb.
1248 5447 1403 5501 inter.
1601 5442 1609 5446 ⁷
2250 5442 2364 5512 (27)
2405 5442 2533 5497 Mss.
2560 5443 2720 5511 Angl.
2747 5442 2921 5512 deest,
2952 5443 3211 5512 priorum.

605 5506 694 5587 id)
733 5512 924 5587 Lamb.
954 5517 1073 5570 boni
1099 5533 1298 5587 semper
1321 5516 1544 5586 difﬁcile
1575 5519 1931 5577 movebuntur.

1915 5562 1931 5577 .
2249 5506 2363 5587 (es)
2403 5513 2595 5587 Lamb.
2616 5506 2772 5587 meis.
2803 5510 2896 5568 Sic
2919 5506 2974 5567 et
2997 5512 3126 5567 edit.
3153 5508 3287 5565 Felli
3317 5506 3493 5565 Oxon.

579 5523 694 5585 (14)
734 5523 924 5570 Lamb.
954 5523 1073 5570 boni
1099 5533 1298 5587 semper
1321 5523 1544 5586 difﬁcile
1575 5523 1931 5577 movebuntur.
2249 5523 2340 5579 (ἳῖς
2403 5523 2595 5567 Lamb-
2623 5523 2772 5567 mm-
2803 5523 2816 5563 ³

579 5585 696 5658 (15)
734 5584 927 5658 Lamb.
956 5604 1073 5658 qum
1096 5589 1223 5645 solae
1250 5598 1400 5642 erant
1429 5588 1640 5644 virides.
2249 5523 2363 5655 (29)
2402 5583 2487 5638 ΑΙ.
2515 5581 2816 5638 desideriis-

580 5654 697 5724 (16)
736 5656 817 5712 Al.
845 5658 941 5714 etsi
967 5654 1035 5711 ad
1066 5660 1259 5714 scelera
1286 5659 1466 5730 aliqua
1499 5662 1731 5731 prolapsi
1759 5673 1899 5719 sunt.
