4002 6308
605 241 707 296 985
1570 252 1593 269 ‘
2039 240 2098 295 S.
2132 239 2185 294 Hi

2188 238 2395 295 ERME
3690 258 3768 317 ρει

605 375 729 414 esse
758 372 1033 412 curiosus.
1072 346 1184 426 Ego
1209 364 1387 409 autem
1422 354 1808 409 demonstrabo
1838 354 1931 409 tibi
1957 365 2172 417 cuncta,
2200 370 2537 425 quaecunque
2559 355 2729 411 debeo
2773 358 2887 429 (56)
2929 361 3246 419 ostendere:
3287 380 3433 421 nunc
3473 374 3634 422 autem
3673 372 3771 427 teli-

603 475 709 533 qua
751 456 1056 515 considera.

2033 572 2261 629 CAPUT
2300 573 2384 631 lll.

672 691 739 747 Et
762 706 886 747 cum
913 692 1026 748 hare
1053 692 1281 750 dixisset
1302 696 1458 761 mihi,
1486 699 1704 766 suspexi
1736 697 1850 768 (57)
1880 713 1892 748 :
1919 706 1972 752 et
1994 712 2122 753 ecce
2151 697 2261 752 vidi
2286 699 2501 754 venisse
2522 713 2616 754 sex
2635 699 2776 755 viros
2808 700 3056 757 excelsos
3083 715 3147 755 ac
3177 699 3536 765 venerandos,
3558 709 3606 754 et
3629 714 3777 757 onrnet

603 789 816 844 similes
848 788 964 860 (58)
998 789 1187 857 vultu;
1223 800 1278 847 et
1311 808 1538 850 vocasse
1560 794 1853 865 quamdam
1885 793 2284 849 multitudinem
2308 794 2549 849 virorum
2572 812 2587 861 ;
2607 804 2660 850 et
2686 795 2739 849 lii
2766 796 2860 865 qui
2885 806 3145 851 venerant
3174 797 3357 852 vocati
3388 795 3457 850 ab
3482 794 3603 862 illis,
3628 804 3675 850 et
3701 798 3777 865 ipsi

602 901 824 957 quoque
852 886 1053 942 excelsi
1079 896 1133 941 et
1159 886 1328 944 fortes
1371 902 1544 945 erant.
1580 889 1870 946 Jusserunt
1900 900 2078 946 autem
2112 891 2189 946 illi
2239 907 2334 947 sex
2363 907 2459 946 eos
2508 892 2700 947 turrim
2733 894 3026 963 quamdam
3078 890 3191 964 (59)
3242 904 3411 958 super
3469 902 3584 941 eam
3613 897 3777 957 portatu

601 980 893 1034 tedilicare.
926 978 1154 1049 Magnus
1180 994 1309 1035 vero
1342 988 1471 1033 tunc
1498 976 1749 1033 fremitus
1774 979 1939 1049 erepit
1959 994 2081 1034 esse
2114 979 2520 1036 decurrentium
2551 982 2697 1037 circa
2747 991 2956 1053 portam
2992 984 3097 1041 huc
3123 990 3287 1052 atque
3315 980 3447 1034 illuc
3479 978 3607 1051 (60),
3632 994 3777 1034 eorum

601 1076 844 1131 virorum
868 1078 959 1146 qui
993 1077 1058 1131 ad
1082 1076 1453 1132 aediﬁcandam
1487 1076 1684 1129 turrim
1715 1084 2081 1130 convenerant
2112 1075 2245 1151 (61).
2283 1074 2529 1149 Virgines
2551 1074 3308 1148 veroillaequtestabantcirca
3323 1084 3559 1144 portam,
3571 1075 3781 1145 iubebant

596 1173 680 1228 eis
705 1174 1112 1229 aediﬁcationem
1134 1174 1300 1229 turris
1330 1174 1631 1228 accelerare
1654 1172 1790 1245 (62).
1815 1171 1949 1243 Ipsae
1976 1185 2159 1229 autem
2176 1185 2610 1245 exporrexerunt
2638 1191 2832 1231 manus
2849 1191 2998 1241 suas,
3026 1186 3281 1247 tanquam
3313 1173 3519 1245 aliquid
3536 1185 3781 1241 acceptura

599 1270 670 1327 ab
706 1271 834 1325 illis.
868 1269 1021 1328 Tunc
1068 1271 1144 1327 illi
1189 1288 1281 1327 sex
1307 1271 1615 1341 jusserunt,
1655 1280 1715 1324 ut
1740 1270 1854 1340 (65)
1898 1285 1963 1325 ex
2005 1270 2242 1340 quodam
2269 1268 2541 1340 profundo
2588 1270 2797 1339 lapides
2843 1270 3173 1336 attollerent,
3210 1279 3264 1325 et
3317 1269 3373 1324 in
3423 1268 3781 1323 aediﬁcationem

601 1371 770 1426 turris
792 1378 1181 1441 praepararent.
1235 1369 1303 1423 Et
1344 1367 1536 1423 elevati
1570 1376 1699 1422 sunt
1723 1368 1907 1422 decem
1941 1365 2149 1437 lapides
2181 1366 2420 1432 candidi,
2450 1367 2703 1437 quadrati
2729 1366 2863 1437 (64),
2888 1365 3222 1422 circumcisi.
3258 1363 3555 1435 Postquam
3580 1380 3692 1420 vero
3715 1382 3779 1421 ser

600 1464 677 1520 illi
710 1468 1116 1521 advocaverunt
1140 1464 1237 1519 has
1269 1464 1529 1535 virgines,
1555 1466 1837 1537 jusserunt
1864 1481 1958 1521 eas
1997 1466 2280 1521 universos
2329 1464 2557 1535 lapides,
2589 1466 2905 1537 quicunque
2949 1464 3006 1519 in
3054 1465 3224 1520 turris
3254 1464 3667 1520 aediﬁcationem
3691 1464 3781 1520 mit-

598 1561 749 1617 tendi
785 1571 987 1631 essent,
1016 1572 1238 1634 portare
1267 1561 1412 1630 (65);
1446 1571 1500 1616 et
1531 1562 1827 1619 translatos
1865 1576 1962 1632 per
1991 1569 2201 1632 portam
2244 1560 2459 1616 tradere
2483 1560 2595 1631 (66)
2636 1561 2716 1617 eis
2758 1561 2853 1631 qui
2880 1558 3199 1616 aadilicaturi
3234 1568 3399 1613 erant
3422 1557 3611 1613 turrim
3654 1557 3783 1613 illam.

597 1654 873 1711 Continuo
895 1658 978 1711 ha:
996 1656 1239 1724 virgines
1272 1656 1492 1711 eosdem
1522 1655 1731 1725 lapides
1754 1655 1847 1726 qui
1879 1653 2029 1727 prius
2054 1654 2247 1710 elevati
2269 1661 2428 1708 erant
2456 1653 2569 1724 (67)
2601 1653 2668 1708 de
2688 1651 2988 1724 prolundo,
3016 1652 3158 1708 inter
3180 1666 3241 1708 se
3264 1651 3490 1709 elevare
3515 1648 3621 1722 (68)
3648 1663 3785 1719 carpe

597 1764 730 1807 runt
763 1754 967 1824 pariter
992 1768 1203 1809 omnes.

2033 1865 2263 1923 CAPUT
2301 1865 2384 1921 IV.

668 1991 773 2059 Qui
800 2002 979 2049 autem
1004 2003 1273 2050 steterunt
1306 1994 1450 2049 circa
1494 2003 1728 2065 portam,
1781 1994 1862 2049 sic
1888 1994 2053 2050 etiam
2083 1992 2404 2064 portabant;
2433 1999 2493 2044 ut
2515 1988 2608 2059 qui
2641 1985 2966 2042 videbantur
3011 2001 3136 2043 esse
3166 1985 3457 2048 fortiores,
3509 1980 3575 2037 ad
3606 1979 3785 2051 angulos

598 2100 965 2159 ponerentur;
998 2092 1179 2147 czeteri
1206 2106 1336 2145 vero
1379 2089 1588 2161 lapides
1630 2090 1697 2145 ad
1731 2090 1901 2145 latera
1924 2088 2361 2159 subjiciebantur
2401 2085 2557 2156 (69):
2592 2090 2756 2153 atque
2786 2082 2861 2136 ita
2892 2082 3179 2138 universos
3224 2081 3440 2151 lapides
3471 2076 3782 2150 pertulerunt.

594 2199 803 2255 eosque
827 2198 923 2255 per
947 2195 1159 2255 portam
1192 2186 1306 2255 (70)
1340 2184 1635 2242 translatos
1659 2184 2075 2251 tediﬂcantibus,
2102 2183 2246 2239 sicut
2266 2183 2435 2252 jussa:
2463 2186 2621 2236 erant
2658 2176 2796 2251 (7i),
2825 2177 3190 2233 tradiderunt.
3221 2173 3303 2227 llli
3321 2186 3459 2227 vero
3482 2168 3785 2238 excipientes,

596 2285 990 2331 exstruxerunt
1017 2278 1159 2337 illos.
1196 2276 1320 2335 Haec
1347 2292 1527 2337 autem
1555 2282 1845 2337 aediﬁcatio
1877 2295 2041 2351 super
2065 2281 2211 2335 illam
2242 2290 2451 2350 petram
2474 2290 2728 2348 magnam
2755 2285 2810 2330 et
2854 2285 3064 2345 portam
3093 2272 3294 2337 flebat;
3337 2277 3510 2339 atque
3529 2264 3595 2319 ab
3624 2263 3682 2318 iis
3706 2270 3785 2316 ιοιι

599 2371 772 2427 turris
803 2373 1236 2431 sustentabatur.
1271 2374 1479 2431 Horum
1507 2386 1689 2433 autem
1712 2379 1899 2433 decem
1924 2376 2163 2448 lapidum
2194 2384 2472 2431 structura
2498 2381 2668 2429 totam
2707 2379 2921 2441 portam
2955 2368 3105 2423 illam
3155 2363 3413 2434 τεριθνίιο
3450 2375 3572 2428 αυτ
3603 2359 3662 2448 ί¹ἶ
3692 2355 3785 2448 (Ψ

596 2464 856 2521 damento
881 2467 1048 2523 turris
1074 2468 1224 2524 illius
1246 2484 1368 2527 esse
1398 2472 1582 2542 coepit.
1612 2469 1744 2525 Post
1766 2470 1889 2525 illos
1913 2443 2045 2525 vero
2078 2468 2269 2525 decem
2303 2467 2531 2538 lapides.
2572 2462 2664 2519 alii
2690 2460 2884 2530 viginti
2936 2460 3180 2530 quinque
3211 2452 3413 2512 elevati
3464 2458 3593 2506 sunt
3617 2445 3713 2515 (72)
3739 2443 3787 2498 de

597 2561 904 2632 profundo;
938 2574 991 2619 et
1027 2565 1082 2619 bi
1111 2568 1306 2623 structi
1338 2577 1468 2622 sunt
1491 2567 1544 2621 in
1568 2566 1987 2622 aediﬁcationem
2019 2563 2487 2635 turris‘ejusdem,
2520 2574 2613 2631 per
2639 2557 2761 2612 illas
2782 2554 3032 2629 virgines
3046 2553 3230 2621 levati,
3255 2553 3406 2610 sicut
3430 2550 3653 2622 priores.
3695 2543 3788 2597 Post

598 2654 722 2720 bos,
750 2655 841 2709 alii
867 2656 1088 2726 triginta
1111 2659 1355 2729 quinque
1379 2662 1573 2716 elevati
1603 2671 1762 2728 sunt,
1789 2670 1842 2717 et
1864 2662 1918 2716 lii
1946 2661 2197 2716 similiter
2226 2660 2283 2714 in
2302 2658 2495 2714 eodem
2534 2667 2698 2725 Opere
2729 2650 2897 2721 aptati
2946 2656 3097 2704 sunt.
3144 2651 3274 2706 Post
3326 2651 3455 2716 hos,
3482 2639 3787 2718 quadraginta

597 2751 806 2821 lapides
830 2754 1195 2812 ascenderunt
1219 2776 1234 2824 ;
1258 2768 1309 2814 et
1348 2759 1400 2813 hi
1430 2775 1620 2817 omnes
1638 2760 1837 2831 adjecti
1863 2768 1991 2815 sunt
2018 2760 2075 2813 in
2108 2766 2439 2814 structuram
2467 2754 2636 2811 turris
2659 2749 2828 2805 illius.
2858 2750 3106 2814 Quatuor
3133 2761 3261 2817 ergo
3294 2743 3525 2799 ordines
3559 2738 3787 2836 creperui;t

596 2860 720 2901 esse
747 2846 801 2901 in
834 2847 1189 2906 fundamento
1216 2855 1384 2910 turris
1424 2855 1569 2911 illius
1600 2856 1713 2928 (75)
1736 2874 1752 2923 ;
1778 2856 2059 2911 desierunt
2076 2854 2221 2909 enim
2254 2853 2461 2925 lapides
2489 2854 2702 2909 extrahi
2735 2855 2804 2911 de
2822 2848 2933 2925 (74)
2952 2845 3223 2917 profundo
3250 2862 3263 2898 :
3296 2840 3581 2913 paulisl)er
3597 2830 3788 2928 είδῖίνδί

597 2938 962 3004 aediﬁcabant,
1000 2944 1349 3013 quieverunt.
1372 2945 1571 3003 lterum
1602 2924 1678 3003 illi
1694 2924 1803 3005 sex
1834 2948 1938 3003 viri
1966 2924 2403 3003 multitudiniilli
2429 2924 2857 3016 imperaverunt,
2887 2955 2947 3001 ut
2975 2944 3041 2999 de
3070 2938 3180 2997 illis
3225 2933 3526 2991 duodecim
3562 2924 3789 2984 montibus

600 3040 954 3099 apportarent
984 3035 1099 3106 (75)
1129 3036 1335 3104 lapides
1364 3040 1431 3093 ad
1452 3039 1868 3097 aediﬁcationem
1900 3040 2068 3096 turris
2087 3038 2353 3108 ejusdem.
2379 3037 2459 3092 llli
2478 3046 2661 3094 autem
2683 3039 3004 3095 excidebant
3022 3036 3089 3090 de
3116 3027 3399 3089 universis
3436 3021 3701 3080 montibus
3718 3030 3789 3069 va-

599 3123 807 3179 riorum
839 3126 1087 3182 colorum
1114 3129 1320 3199 lapides
1346 3129 1457 3199 (76)
1481 3148 1496 3195 ;
1526 3140 1580 3186 et
1610 3131 1917 3187 deferentes
1944 3147 2040 3187 eos
2066 3131 2179 3201 (77)
2222 3130 2572 3203 porrigebant
2601 3132 2907 3204 virginibus
2935 3148 2949 3184 :
2981 3142 3125 3199 quos
3159 3125 3264 3182 illa:
3292 3122 3626 3193 accipientes
3648 3126 3788 3170 trans'

600 3213 851 3272 ferebant
890 3219 1029 3289 (78),
1053 3229 1112 3276 et
1144 3221 1199 3275 in
1226 3220 1644 3278 aediﬁcationem
1689 3224 1858 3281 turris
1888 3224 2259 3295 por-rigebant.
2292 3221 2352 3277 1n
2395 3237 2504 3292 qua
2546 3237 2672 3278 cum
2705 3222 2897 3279 structi
2928 3227 3115 3277 essent
3144 3216 3257 3287 (79)
3308 3215 3388 3269 illi
3416 3255 3432 3282 ,
3470 3205 3693 3271 candidi,
3723 3217 3789 3254 ta-

601 3307 780 3379 riique
804 3310 1007 3366 ﬁebant
1035 3328 1048 3364 :
1083 3322 1137 3366 et
1163 3312 1416 3369 similiter
1436 3330 1626 3373 omnes
1655 3317 1866 3387 priores
1897 3312 2009 3388 (80)
2043 3316 2332 3372 mutabant
2376 3315 2608 3373 colores.
2642 3316 2876 3384 Quidam
2901 3330 3029 3371 vero
3056 3312 3126 3369 ab
3154 3313 3289 3382 ipsis
3310 3309 3451 3364 viris
3478 3299 3788 3397 Poniﬁebi“:

603 3415 729 3473 tur;
763 3408 1006 3477 quicum
1039 3410 1093 3464 in
1123 3426 1243 3465 eam
1270 3385 1685 3469 aedificationem
1711 3385 2008 3481 venissent,
2044 3412 2236 3485 quales
2264 3411 2629 3482 ponebantur,
2674 3413 2812 3469 tales
2841 3420 2896 3467 et
2938 3406 3355 3481 permanebant.
3391 3398 3460 3454 lli
3488 3411 3590 3453 nec
3614 3385 3788 3451 Candidi

604 3497 827 3564 ﬁebant,
861 3515 960 3555 nec
992 3501 1163 3568 varii;
1188 3505 1451 3573 quoniam
1484 3523 1591 3562 non
1617 3517 1773 3564 erant
1808 3524 1838 3563 a
1872 3508 2175 3580 virginibus
2204 3522 2299 3578 per
2331 3516 2541 3576 portam
2576 3508 2848 3563 translati.
2886 3505 2951 3561 Hi
2990 3519 3119 3573 ergo
3141 3499 3354 3571 lapides
3385 3494 3650 3553 deformes
3673 3491 3790 3544 erat“

607 3595 665 3650 in
697 3596 1063 3655 aedificatione
1089 3600 1204 3667 (81)
1231 3619 1245 3666 ;
1274 3617 1415 3672 quos
1446 3620 1571 3660 cum
1602 3604 2118 3661 animadvertissent
2152 3604 2229 3659 illi
2260 3616 2354 3660 se‘t
2386 3603 2511 3668 viri,
2554 3603 2839 3672 jusserunt
2887 3602 3003 3658 tolli
3051 3610 3106 3657 et
3132 3612 3234 3655 suo
3284 3595 3411 3651 loco
3449 3591 3633 3663 reponi
3681 3584 3790 3641 unde

604 3688 771 3781 delati
812 3689 1031 3748 fuerant
1056 3694 1192 3763 (82).
1228 3694 1295 3749 Et
1316 3698 1511 3754 dicunt
1536 3698 1607 3753 ad
1636 3698 1760 3754 illos
1805 3700 1900 3769 qui
1931 3698 2138 3769 lapides
2169 3696 2295 3752 illos
2324 3695 2625 3752 all‘erebant
2656 3712 2671 3748 :
2706 3695 2942 3751 Omnino
2975 3711 3073 3751 vos
3122 3691 3280 3747 nobis
3310 3688 3380 3743 ad
3424 3682 3787 3781 aedificationem

612 3779 755 3837 banc
777 3782 985 3853 lapides
1014 3788 1292 3859 porrigere
1319 3789 1523 3857 nolite;
1556 3789 1649 3846 sed
1668 3789 1826 3861 juxta
1851 3789 2045 3844 turrim
2074 3786 2260 3858 ponite
2283 3801 2399 3850 eos,
2427 3794 2489 3842 ut
2514 3785 2598 3840 ba:
2626 3784 2865 3857 virgines
2894 3785 3186 3841 translatos
3208 3783 3495 3854 porrigant
3522 3794 3537 3832 :
3565 3775 3661 3832 nisi
3677 3775 3787 3828 enim

603 3870 674 4016 ξι)
726 3872 810 3927 bis
858 3874 1163 3947 virginibus
1200 3884 1449 3941 translati
1486 3884 1689 3942 fuerint
1717 3900 1814 3957 per
1842 3885 1983 3941 banc
2010 3893 2249 3956 portam,
2306 3881 2521 3938 colores
2573 3895 2705 3937 suos
2753 3891 2968 3937 mutare
3015 3895 3124 3936 non
3160 3886 3397 3950 possunt
3428 3898 3441 3933 :
3474 3873 3636 3930 nolite
3662 3869 3788 3942 igitur

630 3972 806 4016 rustra
834 3966 1102 4016 laborare-

630 3972 806 4018 rustra
834 3966 1103 4027 laborare.

1690 4094 1924 4152 VARIE
1962 4089 2343 4150 LECTIONES
2379 4088 2468 4144 ΕΤ
2506 4087 2735 4145 ΝΟΤᾸΒ.

826 4203 1016 4281 Lamb.
1046 4212 1279 4273 potueris
1329 4225 1425 4281 pro
1460 4211 1637 4266 debeo.
2492 4203 2630 4281 MSS.
2653 4205 2811 4281 Angl.
2837 4205 3082 4281 alienare.

827 4263 1272 4349 [aambjnspexn
1329 4263 1375 4281 Γ
1403 4263 1413 4265 ’⁷
2345 4263 2457 4345 (69)
2504 4274 2653 4349 Bodl.
2708 4263 3036 4349 avlateribus
3086 4274 3355 4328 subibant.
3402 4270 3497 4327 Sic
3532 4278 3585 4327 et
3610 4263 3784 4326 Lamb"

677 4345 792 4423 (58)
832 4345 1023 4404 Lamb.
1065 4345 1260 4406 venisse
1300 4353 1440 4407 viros
1484 4351 1746 4419 excelsos,
1787 4350 2077 4423 dignitosds
2119 4358 2169 4404 et
2277 4346 2660 4423 praepositione
2689 4354 2867 4399 tamen
2902 4363 2933 4398 a
2955 4346 3017 4423 in
3047 4362 3074 4400 e
3101 4354 3325 4423 mutata.

602 4414 842 4486 ‘imile‘r
1733 4413 1743 4419 ’
1842 4413 1865 4423 ’
2280 4413 2294 4417 ⁷
2329 4413 2443 4486 (70)
2484 4413 2676 4471 Lamb.
2708 4428 2909 4486 portas.
2952 4415 3019 4471 Et
3042 4416 3205 4486 paulo
3228 4422 3375 4485 post,
3400 4423 3552 4484 porta
3580 4425 3668 4482 pro
3691 4420 3782 4476 ροτυ

833 4485 1024 4561 Lamb.
1055 4508 1140 4545 eos
1164 4492 1248 4547 illi
1273 4510 1337 4547 ea:
1368 4503 1509 4546 turre
1529 4492 1834 4561 quamdam.
2271 4484 2397 4561 tarn_.

614 4553 988 4635 ,ηςθυῂΒοίΙ-Ι.
1022 4562 1431 4618 discurrentium
1454 4553 1598 4635 circa
1626 4574 1833 4635 portant
1859 4564 1985 4635 nine
2014 4572 2170 4633 atque
2494 4553 2625 4635 Mss.
2659 4556 2818 4635 ᾼηεὶ.
2841 4556 3132 4635 iusserant.

606 4622 786 4702 illine.
807 4625 998 4702 Lamb.
1030 4647 1250 4702 quoque
1287 4635 1448 4687 habet
1477 4634 1599 4686 hinc
1627 4622 1783 4702 atque
1806 4633 1975 4687 illinc.
2085 4622 2097 4633 ’
2342 4622 2455 4702 (Ζὲ)
2494 4622 2803 4702 ἓίεεκΑηέι.
2834 4622 3200 4702 ascenderunt.
3230 4634 3290 4702 ut
3311 4641 3479 4702 saepe.

680 4695 794 4765 (61)
835 4696 926 4753 Sic
949 4694 1141 4754 Lamb.
1163 4694 1259 4756 'Sic
1282 4713 1335 4758 et
1366 4702 1500 4758 Felli
1528 4702 1658 4759 edit.
1695 4694 1871 4758 Oxon.
1904 4705 1991 4759 Al.
2021 4720 2171 4758 vene-
2344 4694 2457 4767 (73)
2498 4694 2689 4767 Lamb.
2725 4694 3081 4767 fundamentis
3117 4699 3279 4750 turris
3301 4697 3474 4765 hujus.

606 4764 779 4837 rant.)
836 4836 841 4837 γ
2342 4764 2456 4837 (74)
2496 4764 2690 4837 Lamb.
2718 4764 2839 4837 ergo
2874 4768 3073 4836 lapides
3095 4764 3373 4821 ascendere
3395 4767 3478 4818 de.

680 4834 793 4915 (6‘2)
834 4836 1025 4919 Lamb.
1046 4840 1295 4919 uidebant
1339 4844 1747 4919 redi/ieatignem
1773 4847 1934 4919 turris
1964 4847 2170 4919 _accele-
2342 4829 2456 4919 (75)
2495 4829 3004 4919 Βθῄίιυίῧυξνφθηίίο
3025 4853 3144 4908 6³1)-
3164 4839 3189 4891 i
3234 4837 3395 4919 huius
3417 4835 3620 4919 Simili"
3640 4829 3781 4919 ῖςιὲιέδ

607 4907 727 4987 rari
752 4903 1006 4987 Oportere.
1046 4911 1175 4987 Felli
1212 4922 1390 4987 autem
1417 4903 1547 4987 edit.
1583 4912 1759 4987 Oxon.
1785 4918 1862 4970 sic
1891 4932 1903 4967 :
1939 4916 2172 4987 Agnove-
2271 4903 2457 4987 autem,
2485 4903 2692 4987 statim,
2734 4908 2999 4987 deferrent
3044 4903 3143 4978 pro
3167 4903 3534 4977 apportarent,
3557 4903 3687 4976 quod
3710 4913 3783 4952 ex-

608 4980 954 5055 runt__ab__eis
976 4983 1375 5055 aediﬁcationem
1409 4986 1573 5055 turris
1604 4985 1885 5039 accelerari
1914 4978 2167 5055 oportere.

1231 4999 1375 5037 onem
1409 4986 1573 5055 turris
1604 4985 1885 5039 accelerari
1914 4978 2167 5055 oportere.
2278 4979 2465 5055 bibent
2492 4992 2625 5055 mss.
2652 4978 2811 5055 Angl.

680 5048 794 5115 (65)
832 5048 961 5106 Mss.
987 5045 1143 5123 Angl.
1171 5052 1340 5124 deest,
1365 5064 1443 5107 ut.
1480 5053 1544 5107 Et
1571 5070 1694 5109 mox
1739 5072 1838 5124 pro
1872 5045 2170 5111 attollerent
2342 5046 2453 5124 (2(2)
2494 5045 2624 5124 ﬁsa.
2655 5045 2812 5124 Angl.
2833 5046 3031 5116 lapides
3059 5049 3222 5102 variis
3252 5045 3535 5101 coloribus.

608 5124 663 5169 et
684 5116 1296 5195 prwgararentfliabent
1327 5116 1609 5179 ascendere
1638 5135 1692 5180 et
1722 5116 1917 5195 dplari.
1952 5127 2173 5181 Statim-

1583 5141 1609 5179 e
1638 5135 1692 5180 et
1722 5116 1917 5195 a'ptari.
1952 5127 2173 5181 Statim-
2340 5116 2454 5195 (Ζῖ)
2494 5116 2623 5195 Mss.
2655 5116 2810 5195 {\ngl.
2841 5129 3163 5195 apponam.

608 5202 755 5260 que):
788 5186 856 5244 Et
879 5186 1222 5248 ascenderunt
1244 5193 1441 5248 decem.
1756 5186 1767 5195 ⁷
2300 5259 2305 5260 γ
2343 5186 2625 5260 (78)_lllss.
2650 5186 2812 5260 Angl.
2833 5186 3257 5259 parrigebant,et
3274 5204 3399 5245 mox
3419 5186 3773 5257 transferebant.

681 5258 795 5334 (6‘4)
836 5261 1028 5319 Lamb.
1076 5264 1283 5334 quidem
1327 5274 1380 5319 et
1416 5264 1689 5334 quadrati.
1738 5265 1832 5321 Sic
1877 5277 1931 5320 et
1969 5267 2167 5323 Fcllits.
2274 5257 2593 5334 SiC_e_t_F_elli
2617 5257 2758 5334 edit;
2779 5259 2956 5314 Oxon.

609 5323 743 5411 .Vq‘ci
771 5323 954 5411 autem
983 5323 1588 5411 sequenti,cireuntcisi,
1621 5338 2055 5405 prtemittendunt
2081 5356 2171 5393 nec
2498 5328 2687 5411 Lamb.
2712 5345 3013 5411 quamcum
3044 5330 3310 5385 instructi.

608 5398 1174 5478 i|||}9!__(39teleriu's_cx
1202 5398 1324 5478 cap.
1359 5406 1391 5460 5
1418 5415 1473 5459 et
1498 5398 1586 5459 i6.
1621 5398 1664 5478 Ἀ
1769 5475 1778 5478 _
2276 5398 2455 5478 “(80)
2496 5398 2686 5478 Lamb.
2706 5408 2755 5478 et
2774 5401 2968 5478 similes
2985 5416 3160 5478 omnes
3175 5414 3222 5456 et
3241 5401 3772 5472 priores.Mss.quoqu°

684 5472 796 5544 (65)
837 5472 1024 5530 Lamb.
1058 5476 1169 5546 ejus
1207 5468 1610 5549 azdificationem
1648 5475 1779 5529 ituri
1814 5490 1980 5534 essent
2047 5498 2171 5551 ρον-
2276 5468 2423 5551 Ἦρξε
2442 5468 2700 5551 et_Carrn.
2734 5469 2963 5551 habent,
2981 5481 3029 5523 et
3056 5468 3273 5540 priores.

612 5545 742 5597 lare.
778 5538 786 5544 ⁷
1077 5538 1094 5546 ⁷
1312 5538 1322 5549 ’
2047 5538 2056 5551 ”
2343 5540 2455 5607 (81)
2495 5538 2683 5593 Lamb.
2711 5538 3136 5607 wdiﬁcatione'm.

690 5614 802 5687 (66)
836 5613 1033 5687 Lamb.
1061 5634 1181 5673 cum
1212 5619 1357 5677 Fello
1394 5638 1407 5675 :
1439 5622 1619 5675 itidem
1646 5622 1869 5677 tradere.

2348 5609 2463 5680 (82)
2501 5608 2632 5665 Mss.
2663 5610 2819 5681 Angl.
2856 5612 3037 5667 referri
3070 5614 3206 5669 unde
3228 5614 3506 5687 deportati.

684 5685 794 5753 (67)
834 5683 965 5743 Mss.
990 5688 1145 5759 Angl.
1170 5692 1326 5759 primi
1350 5694 1712 5748 ascenderunt.
