4002 6308
227 288 337 347 985
1368 292 1901 349 PASTOR.—LIB.
1944 293 2031 349 111.
2078 293 2275 351 SIMIL.
2317 293 2412 350 IX.
3359 298 3463 357 986

1669 406 1898 462 CAPUT
1936 407 2002 463 V.

306 493 512 550 Eﬂ‘ecta
539 502 624 549 est
648 501 831 549 autem
862 501 1138 550 structura
1168 495 1260 549 illo
1282 495 1402 562 die;
1436 497 1529 551 sed
1560 497 1723 551 turris
1754 505 2136 552 consummata
2167 511 2274 551 non
2311 504 2395 550 est
2424 514 2438 563 ;
2470 494 2715 550 futurum
2765 497 2911 553 enim
2957 510 3094 568 erat,
3129 512 3187 556 ut
3222 500 3462 557 aediﬁca-

228 598 387 648 retur
422 590 574 663 (85);
610 596 894 660 propterea
917 587 1080 644 etiam
1113 573 1257 642 nunc
1278 596 1333 641 et
1361 587 1607 656 quaedam
1636 587 1826 642 dilatio
1875 587 2017 643 facta
2049 596 2152 645 est.
2184 587 2251 643 Et
2297 588 2585 658 jusserunt
2614 587 2691 641 illi
2721 603 2838 656 sex,
2879 605 2976 646 eos
2995 592 3086 662 qui
3120 594 3463 652 aediﬁcabant

228 687 387 742 abire
405 696 458 742 et
478 687 640 741 veluti
666 676 978 755 aliquandiu
1007 684 1289 755 quiescere
1324 682 1462 755 (84);
1491 683 1599 738 illis
1622 698 1751 739 vero
1772 684 2070 754 virginibus
2092 692 2481 754 praeceperunt,
2505 698 2572 738 ne
2596 699 2626 738 a
2652 684 2788 739 turri
2818 685 3160 743 discederent
3182 688 3316 759 (85):
3334 705 3462 759 pro-

227 791 417 853 pterea
442 789 622 836 autem
644 779 968 835 videbantur
996 778 1131 833 mihi
1156 778 1377 844 relictae,
1400 787 1461 833 ut
1497 778 1839 834 custodirent
1869 779 2060 834 turrim
2087 779 2259 833 illam.
2286 777 2582 850 Postquam
2610 790 2791 836 autem
2820 795 3183 849 recesserunt,
3206 784 3329 841 dico
3346 784 3461 857 (86)

228 873 299 927 ad
319 880 594 943 pastorem
623 870 775 925 illum
802 887 817 925 :
849 868 1053 936 Quare,
1078 869 1318 934 domine,
1348 883 1454 923 non
1492 877 1575 923 est
1605 876 1826 937 peracta
1856 867 2144 923 aediﬁcatio
2167 868 2369 923 turris?
2391 867 2508 923 Non
2532 870 2699 937 enim,
2730 872 2924 946 inquit,
2948 886 3073 933 ante
3094 879 3460 935 consummari

227 974 433 1035 potest,
461 979 628 1035 quam
666 963 848 1019 veniat
878 959 1137 1019 dominus
1160 960 1305 1039 ejus,
1335 968 1391 1015 et
1418 969 1751 1016 structuram
1791 960 1933 1015 hanc
1959 950 2182 1029 probet';
2215 969 2273 1015 ut
2304 960 2349 1016 si
2382 976 2520 1032 quos
2550 962 2757 1033 lapides
2783 981 2889 1021 non
2936 967 3110 1025 bonos
3142 971 3193 1024 in
3219 987 3282 1026 ea
3306 972 3458 1027 inve-

228 1061 399 1127 nerit,
424 1068 741 1114 mutentur:
770 1056 839 1112 ad
859 1057 1191 1113 voluntatem
1227 1056 1374 1135 enim
1425 1056 1546 1125 ejus
1572 1055 1879 1111 aediﬁcatur
1903 1054 2017 1125 (87)
2054 1054 2169 1110 hare
2198 1054 2390 1110 turris.
2437 1053 2660 1124 Vellem,
2712 1058 2956 1129 inquam,
3004 1060 3250 1132 Domine,
3296 1066 3459 1134 scire,

225 1157 363 1227 quid
394 1156 661 1227 signiticet
682 1153 967 1210 aediﬁcatio
992 1155 1162 1211 turris
1188 1153 1371 1223 hujus,
1400 1162 1455 1208 et
1482 1152 1547 1207 de
1576 1152 1677 1207 hac
1702 1161 1881 1221 petra,
1911 1160 1965 1205 et
1990 1151 2057 1206 de
2087 1150 2185 1205 hac
2212 1160 2367 1221 porta
2394 1166 2745 1223 cognoscere,
2778 1165 2831 1210 et
2860 1156 2926 1210 de
2956 1160 3253 1227 montibus,
3300 1169 3353 1216 et
3395 1161 3463 1218 de

223 1247 560 1317 virginibus,
582 1256 634 1302 et
659 1247 726 1301 de
760 1243 1032 1314 lapidibus
1060 1242 1155 1313 qui
1189 1240 1418 1297 extracti
1441 1251 1568 1295 sunt
1594 1238 1706 1311 (88)
1732 1239 1801 1294 de
1828 1238 2123 1310 profundo,
2156 1254 2256 1295 nec
2278 1239 2591 1295 circumcisi
2623 1252 2770 1310 sunt,
2799 1246 2891 1300 sed
2915 1245 3056 1301 sicut
3077 1249 3461 1320 ascenderunt,

222 1342 311 1397 sic
333 1343 486 1397 missi
525 1349 653 1398 sunt
679 1340 791 1413 (89)
824 1340 878 1395 in
914 1349 1282 1405 structuram;
1307 1346 1361 1393 et
1381 1351 1551 1408 quare
1574 1335 1812 1406 primum
1837 1334 2045 1406 lapides
2070 1335 2255 1390 decem
2286 1334 2341 1389 in
2364 1334 2716 1393 fundamento
2736 1337 2925 1392 structi
2950 1346 3078 1392 sunt
3100 1338 3234 1409 (90),
3267 1341 3462 1397 deinde

219 1436 423 1508 viginti
462 1436 725 1507 quinque,
750 1434 944 1490 deinde
974 1429 1192 1498 triginta
1219 1428 1481 1497 quinque,
1535 1425 1730 1481 deinde
1757 1425 2120 1495 quadraginta
2152 1440 2165 1476 :
2198 1424 2328 1479 item
2356 1426 2422 1480 de
2453 1426 2561 1481 illis
2613 1427 2886 1498 lapidibus
2915 1427 3008 1497 qui
3058 1428 3220 1497 positi
3246 1440 3375 1485 sunt
3404 1431 3457 1486 in

220 1536 583 1589 structuram,
617 1528 920 1596 iterumque
947 1518 1166 1585 sublati,
1191 1528 1245 1574 et
1272 1518 1326 1571 in
1349 1518 1528 1572 locum
1562 1532 1722 1572 suum
1753 1516 1867 1586 (91)
1898 1515 2076 1573 relati.
2107 1513 2182 1570 De
2205 1515 2459 1570 omnibus
2492 1516 2601 1582 his,
2631 1517 2871 1587 domine,
2904 1519 3233 1575 desiderium
3265 1522 3460 1579 anima:

223 1636 367 1676 mem
404 1621 637 1691 compte,
662 1629 711 1675 et
745 1617 927 1674 omnia
955 1614 1089 1670 mihi
1121 1613 1455 1668 demonstra.
1484 1609 1552 1666 Et
1575 1610 1714 1666 dixit
1734 1610 1868 1665 mihi
1898 1625 1917 1662 ι
1951 1608 2007 1664 Si
2041 1610 2245 1666 arduus
2283 1610 2397 1681 (92)
2426 1626 2529 1665 non
2557 1610 2749 1674 fueris,
2777 1611 2962 1665 omnia
2996 1626 3288 1681 cognosces
3321 1613 3455 1683 (95),

220 1720 286 1767 et
317 1712 529 1767 videbis
562 1711 770 1781 reliqua
795 1723 917 1779 quae
947 1705 1290 1761 futurasunt
1339 1701 1464 1757 huic
1497 1702 1673 1768 turri;
1712 1708 1766 1756 et
1788 1715 1979 1756 omnes
2013 1700 2400 1757 similitudines
2430 1702 2719 1774 diligenter
2741 1718 3059 1775 cognosces.
3114 1703 3181 1759 Et
3208 1707 3458 1762 venimus

221 1822 354 1884 post
400 1813 517 1868 dies
544 1826 748 1883 paucos
778 1810 832 1863 in
877 1802 1127 1861 eumdem
1179 1798 1386 1865 locum,
1413 1797 1504 1852 ubi
1538 1798 1875 1862 sederamus,
1908 1808 1961 1852 et
1988 1797 2139 1878 dixit.
2173 1798 2348 1853 mihi:
2396 1795 2787 1855 Perveniamus
2834 1802 2902 1855 ad
2934 1802 3163 1857 turrim:
3195 1800 3458 1859 Dominus

218 1910 373 1966 enim
399 1911 521 1981 ejus
541 1917 807 1964 venturus
834 1913 938 1971 est,
962 1907 1022 1955 ut
1050 1896 1358 1954 consideret
1385 1911 1525 1951 eam.
1550 1893 1814 1950 Venimus
1862 1895 2028 1966 igitur
2058 1895 2206 1961 illuc,
2248 1904 2303 1950 et
2347 1896 2622 1952 neminem
2652 1897 2820 1951 alium
2857 1911 3023 1967 quam
3064 1896 3302 1968 virgines
3334 1896 3457 1955 illas

217 2004 557 2062 invenimus.
597 2004 661 2058 Et
691 1996 1045 2069 interrogavit
1089 2010 1207 2062 eas,
1237 2009 1305 2048 an
1329 1992 1592 2049 adfuisset
1640 1992 1713 2049 ibi
1768 1988 2027 2051 dominus
2056 1992 2226 2048 turris
2256 1991 2437 2049 illius?
2485 1992 2553 2049 Et
2598 1993 3018 2065 responderunt,
3047 1996 3307 2050 continuo
3332 2010 3457 2051 eum

215 2092 543 2149 adfuturum
574 2091 710 2163 (94),
740 2099 800 2146 ιιι
837 2085 1144 2145 consideret
1170 2091 1511 2140 structuram
1538 2083 1712 2139 illam.

1658 2203 1888 2261 CAPUT
1926 2204 2015 2263 Vl.

297 2302 429 2361 Post
460 2304 719 2374 pusillum
749 2319 881 2359 vero
913 2300 1075 2358 video
1107 2301 1518 2357 multitudinem
1553 2301 1796 2357 virorum
1827 2318 2080 2372 magnam
2107 2301 2436 2371 venientem,
2462 2311 2516 2358 et
2563 2303 2619 2358 in
2650 2303 2830 2359 medio
2853 2318 3044 2359 eorum
3077 2303 3150 2359 ita
3180 2304 3455 2360 excelsum

221 2395 427 2463 virum,
456 2404 513 2450 ut
540 2397 911 2467 magnitudine
941 2414 1036 2453 sua
1071 2400 1243 2470 ipsam
1277 2400 1469 2455 turrim
1500 2408 1812 2469 superaret;
1840 2409 1895 2455 et
1930 2400 2075 2455 circa
2101 2415 2227 2455 eum
2256 2416 2352 2455 sex
2382 2400 2504 2457 illos
2534 2414 2675 2470 quos
2704 2406 2760 2457 in
2790 2401 3156 2458 :editicatione
3179 2402 3454 2472 imperare

218 2490 487 2558 videram,
518 2500 572 2545 et
606 2506 703 2546 eos
733 2506 925 2548 omnes
955 2493 1049 2563 qui
1097 2494 1505 2550 aediﬁcaverunt
1559 2496 1754 2549 turrim
1790 2495 1960 2561 illam,
2008 2504 2063 2550 et
2114 2504 2377 2565 praeterea
2430 2495 2569 2551 alios
2619 2491 2971 2565 quamplures
3020 2490 3282 2559 dignitate
3339 2488 3454 2561 (95)

215 2580 535 2648 splendidos
572 2582 735 2637 viros.
767 2582 1011 2654 Virgines
1035 2605 1166 2645 vero
1195 2591 1299 2646 illa:
1315 2607 1437 2661 qua:
1461 2591 1841 2647 custodiebant
1863 2592 2057 2647 turrim
2083 2592 2251 2660 illam,
2271 2601 2625 2649 accurrerunt
2644 2603 2697 2647 et
2718 2591 2978 2649 osculata:
3002 2597 3133 2645 sunt
3159 2603 3284 2644 eum
3315 2586 3454 2660 (96),

216 2686 278 2731 ει
307 2691 476 2746 Prope
499 2692 622 2732 cum
663 2680 778 2749 (97)
805 2696 1096 2751 cmperunt
1130 2688 1429 2743 ambulare.
1464 2687 1557 2744 llle
1580 2698 1761 2744 autem
1795 2698 1904 2744 tam
1936 2689 2222 2760 diligenter
2270 2689 2653 2745 considerabat
2704 2694 3032 2743 structuram
3064 2682 3209 2736 illam
3244 2689 3303 2736 ut
3335 2679 3454 2734 sin-

218 2772 383 2842 gulos
409 2772 618 2844 lapides
640 2785 1002 2831 contrectaret
1025 2775 1175 2847 (98);
1204 2778 1500 2848 quinetiam
1536 2779 1784 2849 singulos
1813 2781 1962 2851 virga
1985 2796 2150 2850 quam
2178 2781 2233 2834 in
2265 2796 2428 2835 manu
2454 2781 2671 2836 tenebat
2702 2778 2837 2850 (99),
2860 2776 3105 2833 feriebat.
3152 2773 3231 2827 Ex
3254 2773 3456 2843 quibus

219 2870 454 2942 quidam
486 2889 611 2928 cum
640 2887 823 2931 essent
852 2877 1121 2946 percussi,
1168 2878 1309 2946 nigri
1341 2878 1543 2934 ﬁebant
1590 2880 1737 2934 velut
1778 2878 1978 2951 fuligo;
2009 2880 2231 2949 quidam
2263 2888 2443 2934 autem
2496 2888 2756 2947 tauquam
2804 2870 3015 2935 scabri;
3044 2866 3264 2937 quidam
3295 2863 3455 2934 quasi

227 2963 509 3021 scissuras
539 2965 835 3035 habentes;
869 2971 1092 3039 quidam
1122 2974 1261 3029 curti
1288 2993 1304 3040 ;
1331 2976 1554 3045 quidam
1586 2991 1686 3031 nec
1716 2975 1855 3047 nigri
1905 2991 2007 3032 nec
2057 2976 2166 3031 albi
2216 2974 2363 3047 (100)
2390 2993 2404 3043 ;
2457 2974 2680 3045 quidam
2726 2967 2927 3040 asperi,
2959 2979 3059 3019 nec
3089 2976 3212 3017 cum
3242 2959 3455 3015 caneris

215 3050 495 3122 lapidibus
529 3059 953 3128 convenientes;
988 3066 1209 3135 quidam
1243 3067 1510 3136 plurimas
1538 3066 1779 3122 maculas
1805 3067 2087 3123 habentes.
2123 3066 2215 3122 Ha:
2244 3076 2376 3123 sunt
2400 3065 2689 3120 varietates
2718 3060 2957 3130 lapidum
3010 3055 3249 3119 illorum,
3281 3050 3454 3121 quiin

224 3157 508 3205 structura
538 3152 627 3206 illa
660 3168 767 3207 non
801 3154 980 3212 idonei
1005 3156 1084 3228 (1)
1110 3155 1307 3225 reperti
1342 3165 1493 3211 sunt.
1522 3155 1694 3211 Jussit
1717 3172 1813 3212 eos
1850 3152 2111 3214 dominus
2138 3174 2329 3214 omnes
2360 3156 2426 3211 de
2455 3155 2591 3211 turri
2628 3150 2851 3223 deponi,
2877 3159 2931 3204 et
2952 3148 3107 3219 juxta
3141 3161 3259 3201 eam
3290 3144 3456 3199 relin-

216 3246 352 3315 qui;
384 3254 439 3301 et
470 3248 607 3304 alios
637 3248 843 3319 lapides
868 3253 1071 3322 aﬁ‘erri,
1102 3262 1155 3308 et
1192 3253 1312 3307 loco
1336 3267 1525 3308 eorum
1558 3254 1769 3323 reponi.
1802 3252 1868 3307 Et
1894 3255 2363 3325 interrogaverunt
2390 3268 2514 3308 eum
2548 3252 2641 3321 qui
2667 3248 3025 3312 aediﬁcabant,
3048 3261 3113 3301 ex
3141 3259 3249 3314 quo
3272 3250 3457 3296 monte

220 3336 388 3391 vellet
414 3337 617 3403 aderri,
650 3349 703 3394 et
730 3342 916 3411 reponi
946 3346 1001 3399 in
1036 3346 1215 3400 locum
1248 3346 1591 3415 ejectorum?
1633 3346 1709 3400 De
1742 3348 2021 3402 montibus
2056 3349 2278 3419 quidem
2310 3346 2482 3401 vetuit
2515 3345 2731 3409 aﬂ’erri;
2766 3341 2857 3396 sed
2909 3356 2974 3395 ex
3004 3353 3195 3405 campo
3218 3333 3455 3405 quodam

220 3424 320 3493 qui
352 3440 519 3494 prepe
546 3436 684 3493 erat,
723 3429 890 3498 jussit
932 3432 1110 3487 aﬂerri
1143 3434 1241 3505 (2).
1274 3433 1554 3489 Foderunt
1581 3435 1725 3489 enim
1762 3450 2015 3506 campum
2048 3437 2223 3503 illum,
2250 3445 2303 3490 et
2352 3436 2679 3490 invenerunt
2722 3433 2930 3506 lapides
2958 3428 3287 3501 splendidos,
3319 3440 3457 3496 qua-

222 3515 453 3583 dratos;
483 3522 749 3588 quosdam
778 3539 903 3578 vero
938 3525 1100 3579 etiam
1130 3527 1412 3581 rotundos.
1440 3524 1763 3594 Quicunque
1780 3537 1961 3582 autem
1990 3537 2148 3582 erant
2172 3529 2224 3582 in
2253 3528 2346 3582 illo
2370 3543 2583 3596 campo,
2618 3541 2810 3581 omnes
2833 3522 2982 3578 allati
3006 3532 3155 3585 sunt,
3175 3528 3228 3573 et
3256 3533 3348 3589 per
3376 3517 3454 3588 (5)

222 3622 441 3683 portam
476 3621 827 3688 transportati
853 3622 931 3692 (4)
968 3638 998 3677 a
1038 3623 1344 3692 virginibus
1369 3623 1479 3678 illis
1509 3642 1522 3677 :
1564 3633 1616 3678 et
1647 3627 1738 3694 qui
1769 3640 1832 3679 ex
1861 3625 1941 3680 eis
1984 3625 2233 3695 quadrati
2268 3632 2447 3692 erant,
2493 3621 2781 3678 deformati
2825 3620 2901 3691 (5)
2933 3626 3082 3683 sunt,
3114 3624 3167 3671 et
3206 3615 3365 3685 positi
3397 3614 3453 3667 in

222 3706 351 3762 ioco
381 3710 458 3781 (6)
479 3712 798 3780 ejectorum.
826 3718 896 3768 At
922 3728 1050 3768 vero
1077 3714 1171 3784 qui
1209 3714 1452 3781 rotundi,
1501 3729 1611 3769 non
1666 3724 1795 3769 sunt
1832 3715 2030 3785 adjecti
2067 3715 2121 3768 in
2168 3723 2537 3776 structuram;
2582 3709 2839 3782 quoniam
2886 3705 3011 3760 duri
3060 3712 3217 3759 erant
3251 3702 3350 3773 (7),
3399 3710 3455 3756 et

224 3802 449 3872 longum
472 3819 594 3860 esse
614 3806 897 3862 videbatur
925 3807 1318 3863 circumcidere
1341 3821 1466 3861 eos:
1502 3807 1594 3861 sed
1620 3807 1777 3876 positi
1808 3816 1934 3862 sunt
1968 3808 2112 3862 circa
2139 3806 2353 3872 turrim,
2382 3815 2639 3876 tanquam
2665 3802 2909 3860 futurum
2934 3812 3097 3871 esset,
3138 3810 3197 3856 ut
3218 3801 3454 3855 circum-

224 3895 563 3965 ciderentur,
595 3907 650 3953 et
678 3898 735 3954 in
765 3910 1092 3957 structuram
1120 3900 1462 3953 mitterentur
1492 3898 1605 3969 (8);
1642 3898 1796 3953 valde
1818 3899 1961 3953 enim
1992 3897 2258 3970 splendidi
2287 3906 2464 3955 erant.

1635 4017 1864 4075 CAPUT
1907 4017 2016 4075 VII.

299 4100 425 4157 Ilaec
447 4118 573 4160 cun.
604 4105 824 4163 vidisset
848 4108 931 4162 vir
959 4109 1049 4164 ille
1072 4109 1335 4181 dignitate
1362 4110 1440 4182 (9)
1469 4110 1794 4180 praecipuus,
1826 4119 1880 4165 et
1933 4108 2188 4165 dominus
2216 4110 2384 4165 totius
2416 4109 2607 4178 turris,
2639 4109 2856 4166 vocavit
2886 4112 3028 4164 hunc
3052 4114 3323 4178 pastorem
3350 4124 3366 4173 ;
3396 4115 3453 4161 et

221 4193 450 4251 tradidit
478 4196 527 4251 ei
551 4197 758 4266 lapides
788 4198 879 4268 qui
910 4201 1370 4270 reprobatierant,
1399 4210 1450 4255 et
1470 4200 1632 4270 positi
1655 4199 1796 4255 circa
1829 4200 2054 4267 turrim;
2084 4209 2138 4255 et
2161 4200 2236 4254 ait
2266 4200 2333 4254 ad
2359 4199 2507 4253 illum
2538 4216 2550 4251 :
2578 4198 2916 4255 Communda
2941 4199 3223 4270 diligenter
3248 4198 3452 4268 lapides

225 4284 356 4354 hos,
382 4295 437 4341 et
463 4296 588 4358 apta
621 4290 675 4344 in
699 4298 1027 4351 structuram
1060 4295 1172 4367 (10)
1208 4296 1397 4363 turris,
1430 4304 1490 4350 ut
1514 4311 1638 4351 cum
1672 4296 1880 4351 caneris
1912 4296 2125 4367 possint
2168 4297 2491 4361 convenire;
2518 4310 2613 4350 eos
2640 4306 2819 4352 autem
2850 4296 2943 4368 qui
2968 4310 3076 4351 non
3099 4294 3448 4361 conveniunt,

1308 4409 1542 4465 VARUE
1583 4408 1968 4467 LECTIONES
2006 4409 2097 4464 ET
2134 4409 2366 4466 NOTAE.

455 4525 648 4605 Lamb.
683 4526 783 4605 fuit
807 4543 825 4581 :
853 4526 1091 4605 futurum
1121 4528 1280 4605 enim,
1309 4538 1368 4605 ut
1396 4528 1731 4605 aediﬁcetur._
1758 4598 1769 4605 _
1966 4526 2077 4605 (alii)
2117 4526 2247 4605 lilss.
2274 4527 2433 4605 ringi.
2458 4538 2747 4605 cariturum.
2778 4523 2963 4605 Lamb.
2991 4522 3115 4605 add.
3146 4537 3276 4577 esse.

300 4597 415 4675 (ξιξ)
456 4597 759 4675 biss._Angl.
784 4597 1017 4675 recedere
1037 4607 1084 4651 et
1108 4599 1265 4653 veluti
1281 4599 1541 4668 quiescere
1563 4598 1789 4668 aliquid.
2120 4597 2442 4675 biss._Angl.
2477 4598 2785 4667 dignitosos,
2814 4604 2873 4675 ut
2907 4597 3131 4675 passim.

304 4667 416 4735 (83)
456 4667 645 4722 Lamb.
679 4665 987 4722 recederent.
1292 4665 1301 4668 ’
1653 4665 1662 4668 ⁷

304 4736 415 4792 [86)
455 4737 644 4791 Lamb.
671 4753 847 4791 omnes
871 4746 1209 4792 recesserunt.
1232 4737 1366 4792 dixi.

1653 4665 1662 4668 ⁷
1967 4665 2078 4738 (96)
2119 4666 2310 4721 Lamb.
2334 4665 2673 4722 occurrerunt
2696 4665 2927 4720 osculari
2947 4680 3085 4718 eum.

1965 4738 2076 4792 (97)
2113 4737 2304 4792 Lamb.
2329 4737 2480 4792 deest
2506 4755 2645 4792 eum.

300 4736 415 4808 (κϐ)
455 4737 644 4791 Lamb.
671 4753 847 4791 omnes
871 4746 1209 4805 recesserunt,
1232 4737 1366 4793 dixi.

565 4806 742 4863 Fellus
764 4807 817 4861 in
839 4807 973 4863 edit.
999 4807 1177 4863 Oxon.
1208 4824 1275 4862 ex
1306 4807 1497 4865 Lamb.
1539 4808 1625 4863 Al.
1659 4809 1799 4863 ardi-

1254 4737 1366 4793 [ἰπὶ.
1965 4736 2076 4808 (97)
2113 4737 2304 4792 Lamb.
2329 4737 2480 4792 deest
2506 4755 2645 4793 eum.

1254 4825 1275 4861 ι
1306 4807 1497 4865 Lamb.
1539 4808 1625 4863 Al.
1659 4809 1799 4863 azdi-
2117 4807 2834 4909 eis-5‘:lerigl‘ﬂerlt‘rﬂitﬁret.

225 4877 586 5016 ᾕεῗὲἕῖαίίεε.
615 4946 773 5017 Angl.
810 4948 1176 5015 ascenderunt,
1208 4958 1266 5002 ut
1296 4963 1436 5017 saepe
1458 4949 1613 5005 alias.

301 5013 416 5070 (89)
455 5018 583 5070 Mss.
608 5020 765 5070 Anal.
805 5020 995 5070 ierunt.

1966 4877 2081 5020 (99)
2122 4877 2309 4932 Lamb.
2343 4877 2501 4932 manu
2535 4878 2762 4949 gerebat.
2852 4932 2855 4939 _

1515 4949 1613 5005 ias.
1996 4948 2130 5070 me)!
2153 4948 2343 5003 Lamb.
2378 4949 2576 5031 desunt
2626 4949 2933 5019 quidam...
2964 4947 3091 5002 albi.

1966 5019 2044 5070 ill
2139 5034 2213 5070 ss.
2245 5018 2402 5070 Anal.
2439 5020 2579 5070 bom.

301 5013 416 5087 (89’)
455 5018 583 5073 Mss.
608 5013 765 5087 Angl.
805 5020 995 5072 ierunt.
1162 5013 1169 5015 ἡ
1374 5013 1388 5017 “
1966 5013 2044 5088 (1)
2085 5013 2213 5073 Mss.
2245 5018 2402 5088 Angl.
2439 5020 2579 5073 boni.
2637 5013 2649 5019 ⁷

304 5088 423 5155 I90)
462 5088 564 5160 Ms.
616 5087 756 5143 Vict.
814 5088 1170 5159 fundamentis
1228 5100 1537 5146 structum.
1594 5091 1787 5147 Lamb.
1966 5089 2043 5157 (2)
2083 5088 2403 5160 ΜεδηΑηεΙ.
2431 5091 2724 5160 apportari.

227 5158 663 5231 quoque_habet,
700 5159 1075 5228 fundamentis.
1910 5228 1927 5231 _
1967 5160 2044 5228 (ὅ)
2087 5159 2276 5231 Lamb.
2328 5158 2472 5231 illati
2500 5158 2647 5215 'sunt
2694 5177 2805 5229 per.
2861 5159 2994 5216 Felli
3050 5166 3231 5213 aute'n
3284 5158 3450 5214 editio

303 5230 418 5297 (91)
459 5228 648 5284 Lamb.
672 5232 785 5283 loco
814 5245 949 5297 suo.
1896 5228 2070 5284 Oxon.
2099 5229 2284 5283 ablati.
2312 5228 2394 5283 An
2420 5232 2716 5287 mendose?

304 5296 418 5368 ⁴[99)
456 5298 532 5352 Ita
556 5315 688 5353 mss.
722 5296 1049 5369 Angl.,Vict.
1078 5309 1131 5354 et
1156 5300 1341 5355 Carm.
1372 5299 1537 5368 Editi,
1577 5304 1785 5358 tardus.
1966 5301 2042 5372 (4)
2084 5299 2273 5353 Lamb.
2309 5302 2579 5357 translati.

304 5370 421 5439 (95)
464 5369 535 5421 Ita
566 5369 758 5442 Lamb.
791 5368 867 5423 Ita
904 5378 958 5423 et
1000 5368 1129 5424 Felli
1157 5371 1286 5425 edit.
1333 5370 1507 5427 Oxon.
1561 5374 1644 5428 Al.
1689 5390 1795 5427 non
1967 5371 2043 5442 (5)
2084 5370 2159 5442 ita
2184 5370 2374 5442 Lamb.
2405 5371 2569 5438 Editi,
2605 5371 2980 5442 formati.Vide
3009 5369 3292 5442 inl‘ranot.
3322 5368 3392 5424 50

304 5377 421 5439 (95)
465 5377 535 5421 Ita
566 5377 758 5423 Lamb.
791 5377 867 5423 Ita
904 5378 958 5423 et
1000 5377 1129 5424 belli
1157 5377 1286 5425 edit.
1333 5377 1507 5427 Oxon.
1561 5377 1644 5428 Al.
1689 5390 1795 5427 non
1967 5377 2022 5437 (5
2084 5377 2159 5425 Ita
2184 5377 2374 5425 Lamb.
2405 5377 2569 5438 Editi,
2605 5377 2980 5442 formati.Vide
3010 5377 3147 5424 infra
3179 5379 3292 5426 not.
3322 5377 3410 5424 50.

231 5438 852 5520 ειςηοιεςξκφιῃὶιιομιιι
905 5454 1125 5520 quoque
1178 5456 1324 5520 non,_
1358 5458 1491 5497 mss.
1544 5442 1701 5520 Vict.
1724 5453 1795 5520 _et
2084 5440 2177 5520 δίε
2198 5440 2388 5520 Lamb.
2416 5451 2473 5520 et
2500 5442 2628 5497 Felli
2655 5444 2785 5497 edit.
2809 5441 2988 5520 Oxon.
3028 5442 3109 5495 ΑΙ.
3149 5441 3344 5496 locum.

232 5507 422 5594 carm.
454 5508 522 5562 At
546 5507 684 5564 Vict.
716 5507 794 5563 sic
820 5527 833 5563 :
863 5507 1048 5563 omnia
1084 5513 1384 5594 cognoscis;
1409 5513 1789 5594 post_vid_ebis.
2085 5510 2276 5594 Lamb:
2314 5513 2582 5594 etIdurum
2608 5522 2747 5580 erat,
2778 5524 2824 5567 et
2851 5514 3061 5567 tardum
3097 5528 3229 5567 esse.

233 5583 418 5664 (iam).
454 5592 614 5660 vero;
639 5594 1100 5664 ολςορςιοδεεδῄρ.
1132 5580 1794 5664 υλρυίιξμηελιεοιίορεδ
2084 5582 2214 5664 Mss.
2247 5580 2402 5664 ringi.
2434 5583 2591 5664 irent.

234 5650 483 5721 illericus
512 5649 751 5706 invertit.
781 5652 961 5720 Neque
979 5649 1136 5707 aliter
1159 5649 1464 5710 Russelius.
1499 5652 1663 5710 Recte
1689 5653 1793 5708 Fa-
1968 5652 2045 5721 (9)
2082 5650 2211 5706 Mss.
2241 5651 2397 5720 Angl.
2422 5653 2732 5721 digm'tosus.

237 5720 462 5776 bricius.
1970 5720 2081 5792 (10)
2123 5721 2311 5775 Lamb.
2340 5720 2556 5793 panem
2585 5734 2872 5777 structura.
