4002 6308
622 280 724 336 987
2050 269 2106 324 s.
2148 268 2412 326 HERMIE
3687 282 3766 335 983

624 394 787 464 longe
813 408 842 448 a
871 392 1013 447 turri
1056 390 1339 461 projicies.
1390 387 1515 444 Haec
1562 403 1685 443 cum
1717 387 2064 457 praecepisset
2106 387 2178 448 ei,
2224 401 2346 439 cum
2381 384 2640 439 omnibus
2670 399 2792 437 cum
2841 384 3042 453 quibus
3087 394 3305 439 venerat
3330 383 3395 438 ad
3422 387 3608 452 turrim,
3630 388 3767 447 abiit:

625 485 867 556 virgines
905 493 1086 538 autem
1113 483 1219 537 illae
1257 489 1527 537 steterunt
1555 478 1702 533 circa
1741 478 1958 542 turrim,
1977 477 2346 531 custodientes
2373 490 2519 529 eam.
2555 472 2622 527 Et
2649 474 2761 527 dixi
2793 473 2858 527 ad
2884 482 3157 542 pastorem
3182 474 3332 528 illum
3363 492 3377 527 :
3405 472 3628 539 Quonam
3653 480 3773 534 modo

625 585 858 650 possunt
884 577 1093 648 lapides
1122 575 1177 629 hi
1205 575 1260 628 in
1294 581 1627 627 structuram
1660 568 1824 635 hujus
1856 569 2043 633 turris,
2074 583 2199 623 cum
2224 566 2495 635 reprobati
2524 566 2655 631 sint,
2693 564 2911 619 redire?
2937 564 3002 619 Et
3032 565 3168 620 dixit
3206 565 3337 650 mihi
3365 584 3378 619 :
3410 564 3513 636 Ego
3536 568 3596 622 de
3629 568 3775 639 lapidi-

626 648 729 727 bus
761 672 880 726 istis
906 671 1173 740 majorem
1204 675 1412 736 partem
1443 662 1831 718 circumcidam
1858 670 1908 714 et
1940 659 2193 728 adjiciam
2244 658 2297 710 in
2346 664 2706 721 structuram,
2734 663 2789 708 et
2815 655 3139 709 convenient
3167 648 3286 711 cu’m
3324 660 3543 712 caeteris.
3574 659 3630 712 Et
3657 661 3773 714 dixi:

625 763 745 830 Quo
774 765 955 829 modo,
982 762 1223 821 domine,
1249 767 1478 829 possunt
1507 757 1819 813 circumcisi
1852 755 2105 810 eumdem
2138 754 2317 808 locum
2352 752 2575 821 implere
2604 750 2758 821 (11)?
2792 749 3137 819 Quicunque,
3164 751 3357 821 inquit,
3384 753 3604 807 minores
3627 754 3779 811 inventi

625 853 846 919 fuerint,
880 855 934 908 in
960 852 1191 907 mediam
1218 860 1549 904 structuram
1578 848 1737 902 ibunt
1768 847 1913 913 (12);
1944 846 2179 915 majores
2211 859 2340 899 vero
2370 844 2437 899 de
2488 841 2622 897 foris
2653 850 2944 911 ponentur,
2972 851 3027 895 et
3048 844 3401 898 continebunt
3429 860 3537 898 eos.
3566 842 3671 900 Hac
3691 863 3779 901 cum

630 950 858 1004 dixisset
887 947 1019 1002 mihi
1053 945 1315 1012 :Eamus,
1347 945 1543 1013 inquit,
1570 956 1623 998 et
1649 955 1771 1014 post
1803 943 2044 997 triduum
2103 929 2481 1007 revertamur;
2532 947 2587 994 et
2638 940 2965 994 cmundatos
3020 939 3124 993 hos
3172 939 3377 1009 lapides
3426 940 3477 993 in
3516 950 3781 998 structuram

630 1046 908 1115 adjiciam.
951 1043 1025 1097 Ea
1054 1043 1199 1098 enim
1234 1058 1356 1111 qua:
1379 1051 1509 1097 sunt
1539 1043 1686 1095 circa
1717 1050 1933 1106 turrim,
1965 1037 2341 1093 commundari
2364 1036 2562 1091 debent
2590 1036 2807 1101 omnia;
2842 1050 2909 1089 ne
2941 1033 3080 1089 forte
3124 1033 3303 1087 subito
3346 1032 3700 1103 paterfamilias
3720 1051 3783 1088 su-

626 1143 928 1211 perveniat,
960 1151 1012 1196 et
1039 1139 1325 1194 immunda
1356 1155 1418 1194 ea
1448 1152 1570 1209 qua:
1593 1139 1737 1191 circa
1772 1138 1967 1191 turrim
2000 1144 2148 1200 sunt,
2179 1132 2439 1199 inveniat,
2463 1140 2516 1187 et
2546 1132 2621 1187 ita
2649 1140 2972 1201 aspernetur
2998 1128 3109 1199 (15)
3130 1146 3145 1195 ;
3169 1138 3225 1183 et
3266 1128 3319 1181 hi
3366 1128 3561 1197 lapides
3585 1143 3678 1182 non
3697 1128 3785 1183 mil-

624 1246 807 1292 tantur
837 1237 947 1309 (14)
971 1238 1024 1291 in
1062 1245 1396 1292 structuram
1422 1234 1590 1289 turris
1615 1234 1801 1304 hujus,
1832 1241 1887 1288 et
1915 1248 2015 1303 ego
2046 1231 2322 1303 negligens
2344 1229 2736 1301 paterfamilias
2764 1228 2877 1298 (15)
2925 1228 3110 1280 videar
3142 1241 3284 1281 esse.
3312 1224 3445 1282 Post
3472 1225 3685 1280 triduum
3707 1226 3783 1294 (16)

622 1342 803 1387 autem
832 1349 956 1388 cum
990 1334 1331 1388 venissemus
1358 1332 1424 1387 ad
1453 1333 1702 1387 eamdem
1733 1331 1954 1395 turrim,
1986 1330 2061 1383 ait
2084 1328 2216 1382 mihi
2250 1345 2261 1379 :
2293 1327 2723 1381 Consideremns
2763 1326 2864 1380 hos
2899 1323 3106 1394 lapides
3130 1337 3346 1389 omnes,
3376 1329 3431 1376 et
3451 1320 3702 1376 videamus
3722 1323 3785 1391 qui

618 1444 685 1485 ex
716 1431 795 1485 eis
817 1438 1047 1500 possunt
1073 1429 1130 1485 in
1164 1437 1494 1485 structuram
1527 1429 1606 1482 ire
1636 1426 1771 1496 (17).
1802 1424 1936 1480 Dico
1959 1425 2007 1479 ei
2041 1439 2055 1477 :
2085 1422 2529 1489 Considercmus,
2555 1422 2793 1476 domine.

2024 1534 2251 1591 CAPUT
2290 1533 2423 1589 Vlll.

686 1641 929 1695 Primum
961 1640 1207 1696 omnium
1237 1639 1504 1708 carpimus
1531 1636 1878 1693 considerare
1906 1649 2001 1691 eos
2029 1633 2121 1704 qui
2166 1632 2305 1702 nigri
2338 1630 2574 1685 fuerant.
2615 1628 2815 1695 Quales
2844 1627 2989 1682 enim
3018 1642 3045 1679 a
3066 1630 3341 1679 structura
3357 1619 3579 1691 depositi
3610 1617 3788 1681 fuerant,

618 1738 753 1793 tales
781 1747 908 1794 sunt
940 1738 1156 1807 reperti.
1188 1736 1358 1791 Jussit
1385 1750 1479 1789 eos
1502 1749 1529 1787 a
1563 1733 1700 1787 turri
1734 1732 1960 1794 moveri,
1994 1739 2047 1783 et
2076 1743 2322 1784 seorsum
2350 1727 2535 1796 reponi
2569 1724 2701 1795 (18).
2733 1723 2934 1778 Deinde
2957 1720 3327 1777 consideravit
3357 1735 3452 1774 eos
3477 1717 3564 1787 qui
3602 1714 3787 1770 scabrosi

616 1836 870 1891 fuerant:
904 1846 959 1891 et
985 1836 1185 1889 multos
1215 1850 1280 1889 ex
1311 1834 1390 1889 eis
1420 1831 1737 1887 circumcidi
1761 1830 1960 1900 jussit',
1994 1836 2049 1882 et
2078 1843 2173 1897 per
2205 1827 2441 1897 virgines
2485 1840 2579 1880 eos
2620 1826 2673 1877 in
2704 1832 3031 1878 structuram
3066 1822 3235 1875 turris
3272 1817 3452 1889 aptari
3483 1836 3495 1869 :
3533 1816 3626 1868 illae
3657 1821 3788 1866 autem

618 1932 865 1985 sublatos
897 1944 991 1983 eos
1023 1935 1346 1998 aptaverunt
1392 1923 1446 1976 in
1486 1922 1661 1976 media
1704 1929 1998 1974 structura.
2046 1916 2306 1985 Reliquos
2359 1927 2537 1971 autem
2567 1916 2732 1985 jussit
2762 1931 2884 1969 cum
2934 1914 3041 1968 illis
3091 1914 3262 1984 nigris
3306 1908 3533 1980 reponi;
3562 1920 3668 1959 nam
3692 1912 3733 1998 et
3754 1903 3788 1956 hi

614 2034 909 2082 evaserunt
946 2024 1105 2095 nigri.
1135 2023 1339 2078 Deinde
1365 2018 1749 2075 considerabat
1770 2031 1865 2070 cos
1890 2015 1982 2084 qui
2020 2015 2291 2069 scissuras
2322 2013 2627 2067 habebant:
2661 2021 2713 2065 et
2749 2026 2813 2065 ex
2858 2011 2963 2065 illis
3001 2010 3203 2063 multos
3248 2000 3566 2060 circumcidi
3588 1997 3792 2095 jussit-,ef

616 2135 713 2189 per
744 2119 863 2174 illas
894 2090 1131 2188 virgines
1160 2118 1320 2187 adjici
1345 2118 1396 2171 in
1431 2124 1784 2172 structuram.
1822 2110 1886 2164 lli
1918 2110 1986 2165 de
2008 2110 2140 2165 foris
2164 2108 2325 2179 positi
2352 2118 2498 2173 sunt,
2528 2107 2789 2177 quoniam
2821 2106 2934 2175 (19)
2979 2103 3171 2173 integri
3212 2098 3418 2156 inventi
3463 2102 3584 2150 sunt
3608 2110 3629 2189 ε.
3651 2090 3791 2189 reliqui

616 2184 795 2268 autem
824 2184 1042 2282 propter
1069 2184 1468 2265 multEtuJinem
1499 2208 1865 2263 scissnrarum
1896 2219 2005 2258 non
2034 2211 2327 2273 potuerunt
2360 2198 2634 2253 afformari
2663 2197 2798 2268 (20),
2831 2204 3118 2266 propterea
3163 2192 3392 2265 projecti
3440 2198 3562 2245 sunt
3587 2185 3647 2239 ab
3672 2184 3791 2282 aedifi-

617 2280 839 2361 catione
875 2280 1066 2359 turris.
1101 2303 1308 2358 Deinde
1345 2300 1727 2358 considerabat
1753 2314 1847 2353 eos
1885 2297 1980 2367 qui
2005 2300 2145 2351 curti
2174 2294 2300 2351 facti
2328 2303 2482 2349 erant
2512 2311 2525 2347 :
2564 2293 2718 2347 multi
2766 2307 2832 2345 ex
2870 2292 2976 2345 illis
3004 2291 3275 2346 scissuras
3308 2286 3598 2348 habebant,
3627 2290 3673 2336 et
3695 2280 3791 2349 nigri

615 2414 934 2472 evaserant;
967 2405 1059 2460 alii
1082 2419 1212 2459 vero
1235 2405 1504 2460 scissuras
1532 2414 1759 2471 magnas
1784 2398 2074 2463 habebant,
2109 2411 2249 2466 quos
2286 2394 2451 2463 jussit
2480 2391 2681 2463 apponi
2705 2406 2829 2444 cum
2864 2389 2969 2443 illis
3002 2388 3115 2458 (2|)
3150 2385 3245 2455 qui
3284 2381 3475 2452 rejecti
3502 2387 3646 2477 erant
3669 2392 3680 2426 :

615 2514 754 2567 quos
778 2470 955 2553 autem
986 2499 1400 2553 commundatos
1425 2507 1480 2553 et
1505 2470 1819 2552 afl'ortnatos
1856 2492 2016 2563 adjici
2050 2492 2216 2562 jussit
2246 2491 2300 2545 in
2332 2498 2663 2545 structuram
2686 2528 2700 2552 ,
2734 2500 2875 2555 quos
2905 2483 3150 2539 sublatos
3180 2480 3423 2549 virgines
3469 2476 3571 2567 illas

615 2561 890 2643 structura
919 2596 1277 2657 aptaverunt;
1310 2588 1640 2642 infirmiores
1668 2586 1815 2640 enim
1838 2561 2011 2639 erant.
2039 2561 2243 2637 Deinde
2272 2580 2654 2638 considerabat
2697 2593 2826 2643 eos,
2856 2577 2949 2645 qui
2981 2573 3187 2630 dimidii
3222 2569 3445 2640 quidem
3472 2565 3609 2629 albi,
3637 2561 3791 2617 dimidii

615 2687 794 2731 autem
828 2656 965 2749 nigri
999 2678 1213 2734 fuerant
1241 2680 1469 2751 reperti;
1502 2688 1556 2733 et
1577 2678 1733 2733 multi
1761 2694 1825 2733 ex
1852 2676 1959 2732 illis
1996 2676 2136 2746 nigri
2168 2674 2373 2729 inventi
2408 2682 2535 2728 sunt
2571 2691 2583 2725 :
2612 2670 2781 2740 jussit
2814 2678 2868 2722 et
2909 2668 3010 2722 hos
3038 2662 3325 2721 transferri
3458 2660 3577 2754 illos
3596 2657 3675 2727 qui
3698 2656 3792 2754 reje-

614 2772 685 2825 cti
712 2781 888 2825 erant.
922 2772 1136 2844 Reliqui
1158 2791 1290 2830 vero
1328 2774 1424 2828 toti
1449 2772 1664 2828 candidi
1695 2772 1898 2828 inventi
1926 2780 2057 2827 sunt
2088 2788 2101 2823 :
2140 2777 2194 2824 et
2222 2768 2277 2823 hi
2301 2765 2499 2822 sublati
2525 2772 2655 2820 sunt
2692 2778 2723 2816 a
2758 2760 3085 2832 virginibus,
3118 2766 3171 2812 et
3199 2752 3369 2824 aptati
3398 2753 3454 2805 in
3476 2751 3652 2805 eadem
3675 2751 3789 2809 turri;

614 2862 912 2920 exteriores
940 2874 1121 2921 autem
1146 2868 1307 2935 positi
1335 2879 1461 2923 sunt
1483 2870 1574 2939 qui
1603 2868 1715 2937 (22)
1746 2868 1936 2939 integri
1961 2867 2166 2922 inventi
2203 2872 2361 2929 sunt,
2396 2864 2467 2917 ita
2498 2871 2559 2916 ut
2598 2866 2819 2931 possent
2845 2855 3121 2913 continere
3148 2867 3242 2907 eos
3279 2853 3375 2921 qui
3426 2848 3482 2902 in
3511 2845 3671 2900 medio
3693 2856 3789 2939 ceu-

616 2961 810 3017 structi
836 2970 1019 3028 erant;
1072 2962 1208 3015 nihil
1238 2963 1381 3016 enim
1426 2936 1515 3019 eis.
1550 2964 1663 3033 (23)
1706 2936 1937 3018 recisum
1990 2970 2093 3018 est.
2140 2960 2341 3016 Deinde
2368 2956 2742 3014 considerabat
2765 2970 2859 3010 eos
2900 2952 2992 3022 qui
3034 2950 3157 3004 duri
3185 2955 3238 3003 et
3268 2945 3450 3015 asperi
3475 2942 3675 2997 fuerunt
3696 2936 3791 3005 (24);

615 3052 777 3120 pauci
804 3068 868 3107 ex
899 3054 984 3108 his
1012 3054 1205 3124 adjecti
1237 3056 1349 3126 (25)
1385 3068 1532 3125 sunt,
1580 3059 1837 3128 quoniam
1881 3074 1987 3113 non
2029 3065 2278 3127 poterant
2308 3053 2663 3119 circumcidi;
2697 3051 2853 3104 valde
2881 3048 3025 3104 enim
3071 3045 3192 3100 duri
3227 3041 3431 3113 reperti
3451 3049 3620 3135 sunt:
3649 3032 3793 3135 reliqui

615 3153 793 3197 autem
829 3143 1044 3199 formati
1075 3145 1186 3216 (26)
1214 3157 1361 3215 sunt,
1393 3160 1446 3205 et
1473 3150 1527 3204 in
1561 3150 1735 3205 media
1760 3158 2035 3205 structura
2064 3163 2093 3202 a
2123 3147 2426 3218 virginibus
2458 3144 2661 3215 aptati;
2694 3142 3027 3197 infirmiores
3055 3139 3199 3193 enim
3229 3145 3409 3191 erant.
3445 3132 3640 3187 Deinde
3660 3132 3795 3183 consi-

615 3239 844 3294 derabat
870 3241 992 3295 illos
1014 3244 1108 3311 qui
1143 3245 1386 3298 maculas
1414 3243 1722 3310 habebant;
1753 3252 1807 3297 et
1832 3258 1898 3297 ex
1938 3245 2018 3298 eis
2046 3242 2205 3312 pauci
2244 3240 2443 3311 reperti
2473 3247 2601 3293 sunt
2636 3237 2797 3307 nigri,
2824 3244 2877 3290 et
2906 3234 2961 3288 hi
3003 3234 3068 3288 ad
3096 3242 3325 3288 caeteros
3348 3228 3544 3299 adjecti
3574 3233 3700 3282 sunt.
3722 3219 3793 3286 Ουί

614 3348 745 3388 vero
772 3333 1174 3404 superfuerant,
1203 3338 1415 3392 candidi
1444 3347 1499 3393 et
1520 3337 1715 3409 integri
1740 3338 1944 3393 inventi
1978 3347 2137 3405 sunt;
2168 3346 2222 3392 et
2244 3337 2300 3391 hi
2338 3353 2369 3390 a
2406 3334 2710 3406 virginibus
2736 3333 2791 3388 in
2816 3338 3145 3387 structuram
3175 3325 3344 3397 aptati
3369 3336 3520 3384 sunt.
3547 3330 3597 3376 et
3620 3313 3795 3374 deforis

616 3423 800 3493 positi,
838 3433 1059 3495 propter
1082 3425 1453 3485 fortitudinem
1476 3447 1653 3487 suam.

2056 3498 2285 3555 CAPUT
2324 3497 2415 3553 IX.

692 3584 850 3642 Venit
877 3588 1092 3657 deinde,
1130 3602 1189 3646 ut
1217 3594 1593 3651 consideraret
1621 3595 1734 3667 (27)
1764 3611 1860 3653 eos
1890 3596 2117 3666 lapides,
2148 3595 2243 3664 qui
2268 3592 2483 3649 candidi
2509 3599 2564 3647 et
2585 3590 2803 3647 rotundi
2825 3597 3016 3657 erant;
3044 3597 3097 3643 et
3122 3586 3197 3641 ait
3218 3584 3351 3639 mihi
3379 3602 3393 3638 :
3431 3582 3566 3650 Quid
3591 3577 3795 3633 faciemus

617 3679 685 3734 de
712 3678 795 3735 his
831 3681 1137 3750 lapidibus?
1164 3682 1231 3737 Et
1253 3699 1353 3754 ego
1380 3686 1491 3740 dixi
1523 3705 1538 3742 :
1579 3686 1829 3753 Domine,
1862 3686 2069 3741 nescio.
2104 3684 2247 3738 Nihil
2275 3698 2422 3754 ergo,
2447 3683 2642 3751 inquit,
2665 3682 2940 3753 excogitas
2965 3682 3032 3736 de
3058 3682 3184 3735 his?
3214 3679 3344 3749 Ego,
3376 3678 3634 3747 inquam,
3668 3680 3792 3725 artem

618 3774 777 3841 hanc,
816 3773 1053 3843 domine,
1082 3792 1190 3832 non
1216 3776 1362 3840 novi,
1393 3790 1491 3830 nec
1516 3775 1812 3845 lapidarius
1852 3791 1996 3841 sum,
2038 3790 2135 3829 nec
2181 3787 2403 3844 possum
2441 3772 2741 3842 intelligere
2781 3772 3100 3841 quidquam.
3132 3769 3199 3823 Et
3234 3769 3411 3823 dixit:
3446 3766 3561 3822 Non
3586 3765 3713 3819 vides
3728 3774 3795 3815 eos

617 3866 772 3921 valde
800 3870 1065 3923 rotundos
1093 3870 1243 3925 esse?
1265 3869 1422 3936 Quod
1450 3870 1496 3925 si
1531 3871 1755 3926 voluero
1782 3886 1876 3927 eos
1906 3871 2203 3939 quadratos
2227 3869 2502 3939 redigere,
2532 3869 2829 3938 plurimum
2866 3868 2997 3922 mihi
3023 3883 3086 3922 ex
3122 3866 3205 3919 his
3232 3864 3586 3919 recidendum
3610 3870 3703 3925 est;
3728 3857 3793 3913 sed

617 3971 841 4012 necesse
869 3967 952 4014 est
977 3959 1192 4029 aliquos
1215 3976 1278 4015 ex
1306 3960 1395 4015 his
1422 3961 1476 4015 in
1503 3969 1833 4017 structuram
1868 3962 2034 4016 turris
2066 3961 2298 4015 transire
2321 3960 2457 4031 (28).
2486 3960 2552 4013 Et
2575 3960 2686 4014 dixi
2718 3978 2731 4014 :
2762 3959 2819 4014 Si
2846 3975 3067 4015 necesse
3091 3968 3195 4027 est,
3227 3960 3356 4030 quid
3382 3961 3548 4031 igitur
3577 3970 3623 4014 te
3661 3952 3793 4022 impli-

620 4067 713 4107 cas
737 4054 872 4126 (29),
905 4065 958 4109 et
980 4072 1087 4111 non
1110 4058 1288 4125 eligis,
1321 4060 1366 4115 si
1392 4076 1532 4129 quos
1565 4060 1733 4114 babes
1767 4060 1993 4127 eligere,
2022 4070 2077 4113 et
2096 4068 2248 4128 aptas
2278 4059 2332 4111 in
2366 4066 2698 4113 structuram
2738 4058 2922 4111 illam?
2959 4057 3024 4112 Et
3061 4058 3225 4130 elegit
3249 4074 3389 4129 quos
3419 4059 3555 4113 vidit
3582 4052 3795 4111 maximos

617 4154 672 4199 et
693 4147 1184 4216 splendidissimos,
1209 4159 1264 4204 et
1284 4151 1720 4221 afformavit(30)
1738 4167 1853 4217 eos,
1872 4167 2011 4221 quos
2036 4151 2279 4206 sublatos
2307 4149 2542 4219 virgines
2574 4148 2680 4203 illa:
2705 4149 2759 4202 in
2793 4150 3153 4207 exterioribus
3182 4151 3425 4221 partibus
3455 4158 3795 4213 structurmpo-

620 4253 869 4299 suerunt.
904 4243 1118 4316 Reliqui
1141 4262 1269 4302 vero
1294 4246 1388 4317 qui
1414 4246 1819 4317 superfuerunt,
1850 4247 2070 4315 repositi
2100 4256 2226 4301 sunt
2248 4246 2304 4299 in
2333 4243 2582 4299 eumdem
2611 4259 2864 4315 campum
2890 4244 3002 4311 (31)
3035 4252 3178 4303 unde
3204 4249 3408 4318 sumpti
3437 4254 3617 4313 erant;
3644 4240 3793 4312 objecti

1703 4362 1937 4419 varius
1968 4336 2357 4417 ’LECTIONES
2393 4359 2480 4414 ET
2520 4360 2750 4415 NOTAE.

2359 4453 2472 4525 (24)
2500 4452 2688 4525 Lamb:
2730 4454 2958 4525 ruerat!!-

692 4451 806 4589 (11)
829 4452 961 4508 Mss.
991 4454 1148 4526 Angl.
1173 4454 1396 4524 explere.
2359 4453 2472 4525 (24)
2500 4452 2687 4507 Lamb.
2730 4454 2958 4522 fuerant.

692 4522 784 4589 (12
839 4522 916 4577 Ita
935 4540 1066 4580 mss.
1088 4526 1246 4589 Angl.
1272 4526 1453 4582 Fellus
1475 4527 1725 4583 tamenin
1751 4543 1849 4582 sua
1864 4527 1993 4582 edit.
2009 4526 2184 4584 Oxon.
2362 4522 2631 4589 (95lfMSS-
2668 4523 2875 4587 Lamb»
2895 4523 3027 4579 ViCl-
3060 4534 3113 4580 el
3139 4524 3319 4580 Carm-
3353 4525 3441 4589 ubi

2385 4522 2631 4594 25)(1188.
2668 4523 2875 4587 Lamb.,
2895 4523 3027 4579 Vict.
3060 4534 3113 4580 et
3139 4524 3319 4580 Carm.
3353 4525 3560 4593 abjecti.

680 4522 805 4601 .(12)
839 4522 916 4577 Ita
935 4522 1246 4595 mssJSngl.
1272 4526 1453 4582 Fellus
1475 4537 1654 4583 tamen
1673 4527 1725 4581 in
1751 4543 1849 4582 sua
1864 4527 1993 4582 edit.
2009 4526 2184 4584 Oxon.

554 4648 571 4663 ι
618 4600 920 4663 mittentur.

690 4662 803 4733 (15)
827 4662 875 4733 Μ
882 4678 956 4717 ss.
984 4663 1145 4733 Angl.
1178 4679 1534 4733 exasperetur.

691 4732 805 4805 (14)
836 4732 1027 4805 Lamb.
1051 4732 1107 4787 ut
1136 4746 1185 4789 et
1216 4737 1270 4789 Ιιί
1302 4732 1504 4805 lapides
1532 4755 1634 4791 non
1662 4741 1787 4793 sint.

691 4801 806 4881 (15)
834 4801 1025 4881 Lamb.
1060 4801 1495 4881 patrisfamilias.
1534 4808 1695 4863 Forte
1720 4852 1735 4875 ,
1778 4810 2184 4881 patrifamilias,

618 4879 680 4924 ut
698 4872 986 4958 legendum
1022 4872 1205 4958 censet
1232 4872 1551 4958 Cotelerius.

678 4943 803 5024 (16)
834 4943 1023 4997 Lamb.
1074 4946 1308 4998 biduum.
1354 4947 1423 5001 At
1463 4951 1624 5004 modo
1673 4953 1979 5024 legebamus
2016 4971 2029 5006 :
2071 4961 2185 5021 post

618 5016 853 5067 triduum
878 5025 1214 5067 revertamur.

691 5082 803 5149 (17)
829 5083 1020 5139 Lamb.
1050 5086 1336 5139 convenire.

691 5088 780 5149 (17
829 5088 1020 5139 Lamb.
1050 5088 1336 5139 convenire.

836 5154 1026 5231 Lamb.
1050 5157 1198 5231 pani.
1226 5155 1316 5211 Sic
1343 5169 1397 5213 et
1416 5160 1578 5227 paulo
1608 5172 1747 5231 post.

840 5225 1340 5302 [“elli_edit.‘0x0n.
1370 5225 1459 5302 qui
1508 5225 1902 5302 pro-quoniam.

694 5296 817 5372 (20)
841 5296 1031 5372 Lamb:
1067 5296 1538 5372 deformariﬁEdiL
1572 5296 1739 5357 Paris.
1772 5304 2062 5372 c/formari.
2095 5303 2185 5360 Sic

619 5379 747 5488 :ntix
769 5368 947 5489 3{’dem
1006 5367 1198 5422 Lamb.
1261 5370 1585 5439 deformatos
1640 5367 1826 5443 adjici.
1875 5374 2008 5429 Vide
2058 5392 2185 5430 mox

642 5452 735 5488 I0.
845 5478 858 5489 .

620 5446 735 5488 1101..
769 5446 858 5490 ὖυ.

689 5506 803 5643 (21)
835 5507 1025 5588 Lamb.
1055 5511 1299 5567 habentes
1323 5513 1487 5582 jussit
1523 5529 1607 5565 eos
1633 5515 1755 5580 poni
1782 5531 1897 5567 cum
1928 5518 2016 5569 iis.

719 5576 803 5642 22)
839 5576 929 5633 Sic
952 5589 1007 5633 et
1034 5582 1163 5635 edit.
1193 5582 1368 5638 Paris.
1406 5593 1459 5637 et
1490 5582 1666 5638 Oxon.
1714 5586 1781 5639 At
1808 5585 1998 5641 Lamb.

719 5576 803 5642 22)
839 5576 929 5633 Sic
952 5589 1007 5633 et
1034 5582 1163 5635 edit.
1193 5576 1368 5638 Paris.
1406 5593 1459 5637 ct
1490 5576 1666 5638 om.
1714 5586 1781 5639 At
1808 5585 1998 5641 Lamb.
2041 5587 2179 5643 Vict.

620 5652 674 5700 et
698 5646 879 5723 firm.
906 5652 1174 5723 quoniam,
1200 5664 1260 5707 ut
1283 5654 1441 5709 modo
1472 5669 1655 5723 supra.

690 5714 805 5788 (23)
834 5714 1021 5776 Lamb.
1050 5722 1293 5780 instructi
1322 5734 1507 5791 erant;
1535 5714 1666 5779 iii/ti!
1695 5728 1829 5781 enim
1856 5743 1919 5782 ea:
1944 5730 2035 5784 cis.

2384 4594 2475 4659 26)
2506 4593 2635 4664 Mss.
2661 4594 2817 4662 Angl.
2846 4596 3150 4664 deformati.

2383 4664 2473 4732 27)
2505 4663 2694 4717 Lamb.
2728 4663 2920 4718 deinde
2944 4667 3293 4720 considerare.

2358 4733 2475 4805 (28)
2507 4733 2638 4805 Mss.
2672 4735 2829 4803 Angl.
2861 4738 2956 4789 ire.

2359 4803 2472 4874 (29)
2508 4803 2658 4874 Bodl.
2687 4806 2939 4860 tristaris.
2976 4806 3167 4861 Lamb.
3197 4816 3243 4861 te
3267 4810 3442 4859 tricas.

2360 4875 2473 4943 (50)
2504 4873 2695 4927 Lamb.
2720 4876 3054 4942 deformavit.
3084 4876 3208 4932 llzec
3242 4888 3389 4931 recta
3415 4885 3497 4931 est
3522 4876 3684 4937 lectio,
3714 4881 3789 4921 non

2287 4946 2469 5013 inepta
2504 4954 2557 4998 et
2582 4945 2839 4998 inusitata
2873 4962 2972 4999 vox
3005 4948 3307 5015 a/formare.
3340 4946 3429 5000 Sic
3458 4957 3511 5000 ct
3535 4959 3678 5013 supra
3701 4952 3785 5015 φρ.

2287 5015 2339 5079 8,
2369 5008 2659 5083 deformari
2683 5030 2963 5084 perperam
2993 5008 3255 5071 mutatum
3289 5019 3356 5070 in
3376 5008 3653 5085 afforrnari,
3674 5008 3789 5085 el

2288 5077 2544 5158 formatos
2569 5085 2621 5137 in
2654 5077 2981 5158 (informatas,
3020 5096 3072 5141 et
3107 5089 3389 5157 deformati
3409 5077 3474 5141 'in
3503 5083 3708 5158 formati.
3723 5077 3788 5128 Ni-

2287 5156 2484 5209 mirum
2509 5197 2523 5221 ,
2550 5157 2917 5229 esset-iptores
2966 5156 3348 5211 existimarunt
3386 5156 3661 5229 deformare
3701 5160 3785 5229 esse

2284 5234 2493 5279 tantum
2531 5225 2822 5280 deformem
2853 5235 2906 5297 et
2937 5236 3143 5297 turpem
3173 5229 3414 5291 reddere,
3446 5225 3562 5283 cum
3588 5225 3784 5297 sitetiam

2288 5297 2610 5367 simpliciter
2646 5288 3113 5367 mutare'formam
3159 5299 3211 5350 in
3244 5288 3490 5367 quamvis
3525 5299 3684 5367 aliani.
3711 5288 3785 5367 γε-

2286 5359 2425 5439 teres
2447 5366 2651 5439 Glossa;
2678 5384 2689 5418 :
2718 5359 2985 5435 Deforino,
3024 5359 3381 5439 μεταμορὶρῶ,
3410 5362 3690 5439 μετατυτςῷ.
3712 5359 3783 5439 0f"

2286 5436 2453 5506 formo
2490 5436 2591 5507 (sic
2634 5434 2962 5507 legendum),
2994 5434 3319 5492 ἁ’ποτελέὼ’;
3362 5434 3483 5507 quae
3520 5434 3779 5507 significatio

2286 5506 2603 5579 optimehic
2623 5509 2895 5579 convenit,
2924 5506 3015 5561 ubi
3044 5508 3217 5562 forma
3244 5506 3472 5563 rotunda
3496 5506 3697 5579 lapidum
3716 5510 3778 5551 re-

2286 5581 2524 5631 sectione
2551 5577 2603 5629 in
2635 5578 2953 5646 quadratam
2990 5588 3249 5634 mutatur.
3282 5580 3444 5635 Cum.

2357 5648 2468 5719 (51)
2498 5646 2685 5702 Lamb.
2719 5649 2895 5702 eodem
2922 5665 3123 5718 campo.
