4002 6308
233 231 344 286 989
1378 228 1672 284 PASTOR.
1712 259 1781 268 -——
1816 227 1942 282 LIB.
1983 226 2071 283 Ill.
2115 228 2315 284 SlMlL.
2358 231 2449 285 IX.
3365 227 3468 284 990

233 350 370 390 vero
399 352 503 390 non
529 346 676 391 sunt.
708 335 1003 403 Quoniam,
1036 340 1232 411 inquit,
1263 340 1442 396 adhuc
1465 343 1722 412 exiguum
1744 344 1895 398 deest
1926 344 2053 398 huic
2080 344 2239 409 turri,
2264 345 2412 415 quod
2443 345 2816 402 aedificandum
2839 347 2976 413 erit;
3009 358 3062 404 et
3095 346 3323 403 forsitan
3350 347 3467 402 vult

240 427 508 486 dominus
537 432 637 487 hos
668 432 877 503 lapides
904 436 1075 505 aptari
1114 438 1166 490 in
1198 453 1259 492 ea
1292 447 1589 498 structura.
1621 439 1748 509 quia
1790 438 1945 494 valde
1986 440 2201 494 candidi
2254 449 2381 493 sunt
2430 440 2564 506 (52).
2598 439 2815 496 Vocataa
2845 452 2972 498 sunt
2997 444 3190 497 deinde
3217 444 3471 497 mulieres

232 523 663 592 speciosissima:
693 524 1003 593 duodecim,
1032 528 1185 600 nigra
1214 539 1364 585 veste
1393 531 1621 592 vestitae,
1656 530 1926 595 incinctae,
1956 539 2011 585 et
2036 532 2235 585 exertis
2273 530 2536 595 humeris,
2576 532 2895 603 capillisque
2924 536 3115 589 solutis
3142 536 3278 603 (55).
3312 533 3473 587 Vide-

234 618 443 673 bantur
466 628 644 675 autem
670 620 805 674 mihi
836 620 918 675 ba:
942 620 1197 675 mulieres
1222 629 1464 689 agrestes
1494 635 1634 675 esse.
1660 619 1727 673 Et
1746 620 1911 689 jussit
1942 636 2035 675 eas
2057 631 2240 690 pastor
2276 622 2365 674 ille
2396 621 2586 676 tollere
2614 622 2820 691 lapides
2844 624 2966 681 illos
2989 626 3081 694 qui
3109 627 3175 679 de
3196 634 3471 680 structura

233 713 400 781 ejecti
428 723 585 769 erant
617 715 752 786 (54),
784 724 837 770 et
856 730 951 770 eos
975 715 1163 771 referri
1196 715 1247 769 in
1281 724 1489 770 montes
1518 714 1659 769 unde
1685 716 1849 771 ablati
1878 715 2112 770 fuerant.
2137 715 2204 769 Et
2242 716 2347 770 illa:
2372 716 2668 785 gaudentes
2696 718 3035 772 sustulerunt
3068 734 3280 780 omnes,
3306 727 3361 773 et
3389 734 3475 771 re-

233 814 596 873 portaverunt
631 822 727 862 cos
754 807 899 862 unde
922 808 1149 861 extracti
1181 805 1418 860 fuerant.
1447 805 1743 876 Postquam
1772 815 1952 861 autem
1998 808 2180 861 nullus
2220 808 2359 876 lapis
2393 808 2537 862 circa
2570 809 2762 862 turrim
2788 809 3011 877 jacerct,
3040 810 3113 863 ait
3143 811 3277 864 mihi
3304 833 3317 865 ;
3349 810 3473 867 Cir-

233 913 560 955 cumeamus
591 901 731 956 hanc
764 902 981 969 turrim,
1012 910 1066 957 et
1093 902 1377 957 videamus
1401 903 1649 971 nunquid
1681 902 1886 972 aliquid
1914 903 2055 958 desit
2085 904 2196 975 (55)
2230 904 2328 958 illi.
2358 903 2638 974 Cmpimus
2665 919 2794 973 ergo
2822 905 3110 959 circumire
3147 922 3289 961 eam.
3324 907 3389 961 Et
3416 917 3478 965 ut

230 994 382 1048 vid-t
410 1010 528 1049 eam
561 996 817 1052 decenter
846 995 1189 1060 aediﬁcatam,
1220 993 1386 1062 cmpit
1415 992 1570 1046 valde
1603 993 1795 1049 hilaris
1824 1009 1944 1049 esse
1975 1009 1990 1046 :
2026 994 2100 1047 ita
2131 993 2273 1048 enim
2304 993 2559 1048 decenter
2584 994 2844 1049 aedificata
2873 994 3071 1060 fuerat,
3099 1006 3158 1049 ut
3193 997 3285 1066 qui
3306 996 3476 1051 vidis-

232 1098 347 1155 set,
379 1092 787 1161 concupisceret
808 1100 1139 1147 structuram
1168 1090 1319 1159 ejus;
1352 1091 1610 1159 quoniam
1637 1089 1797 1160 quasi
1821 1090 1888 1146 de
1911 1105 2022 1145 uno
2044 1089 2222 1159 lapide
2240 1090 2526 1145 videbatur
2551 1105 2694 1156 csse,
2719 1102 2821 1143 nec
2852 1103 3084 1157 usquam
3112 1088 3477 1143 commissura

233 1186 556 1255 apparebat,
588 1186 683 1242 sed
712 1203 776 1243 ex
803 1194 954 1257 petra
984 1200 1091 1239 una
1116 1183 1230 1253 (56)
1258 1182 1542 1238 videbatur
1567 1184 1869 1253 exsculpta.

1730 1326 1914 1379 APUT
1949 1326 2017 1379 X.

1288 1348 1295 1354 .
1730 1326 1770 1377 Α
2005 1367 2017 1379 ⁸

315 1414 428 1486 Ego
460 1422 639 1470 autem
670 1412 987 1484 bujusmodi
1018 1413 1215 1469 turrim
1265 1422 1467 1468 attente
1514 1323 1914 1483 considiarfrg?
1932 1325 2088 1471 vilde
2130 1416 2355 1471 laetabar
2400 1414 2537 1486 (57).
2572 1413 2637 1469 Et
2682 1415 2758 1470 ait
2800 1414 2935 1468 mihi
2966 1434 2981 1469 :
3018 1413 3164 1468 Aller
3194 1413 3395 1468 calcem
3427 1419 3481 1467 et

235 1517 414 1565 testas
438 1509 697 1573 minutas,
731 1514 788 1561 ut
811 1506 1017 1561 formas
1044 1523 1236 1564 eorum
1267 1508 1507 1577 lapidum
1536 1510 1629 1579 qui
1660 1511 1860 1565 sublati
1893 1520 2021 1567 sunt
2051 1512 2119 1567 de
2156 1522 2429 1568 structura
2454 1520 2508 1566 et
2537 1512 2731 1565 iterum
2773 1512 3018 1579 repositi,
3048 1510 3292 1579 expleam
3322 1508 3435 1579 ('58)
3460 1529 3475 1578 ;

232 1620 306 1659 ea
337 1606 479 1659 enim
506 1618 627 1673 qua:
648 1602 790 1657 circa
821 1603 1013 1656 turrim
1043 1613 1171 1658 sunt
1212 1606 1417 1667 omnia,
1461 1607 1661 1675 aequari
1703 1607 1917 1661 debent.
1953 1609 2018 1663 Et
2059 1610 2161 1664 feci
2205 1610 2348 1664 sicut
2379 1609 2545 1679 jussit
2573 1606 2731 1671 mihi,
2768 1616 2822 1661 et
2855 1608 3011 1660 attuli
3050 1607 3115 1660 ad
3147 1623 3293 1660 eum.
3320 1605 3387 1659 Et
3407 1606 3487 1660 ait

239 1697 381 1749 mihi
413 1695 657 1751 :Praesto
691 1693 837 1749 adsis
868 1692 1002 1746 mihi
1027 1710 1040 1757 ;
1064 1700 1118 1746 et
1146 1692 1253 1747 cito
1293 1694 1405 1762 (59)
1436 1693 1539 1747 hoc
1582 1710 1718 1764 opus
1748 1697 2075 1764 perficietur.
2110 1697 2411 1766 Complcvit
2459 1711 2590 1765 ergo
2638 1694 2845 1753 formas
2894 1698 3111 1751 illorum
3141 1692 3405 1762 lapidum,
3430 1700 3485 1746 et

230 1794 409 1863 jussit
436 1792 616 1846 locum
646 1789 901 1844 mundari
929 1789 1075 1843 circa
1106 1788 1321 1842 turrim.
1357 1789 1509 1843 Tunc
1524 1790 1762 1861 virgines
1787 1792 1890 1846 illa;
1915 1794 2392 1862 apprehenderunt
2434 1806 2659 1861 scopas,
2689 1800 2741 1844 et
2782 1790 3182 1847 mandaverunt
3210 1794 3403 1849 totum,
3430 1790 3486 1837 et

235 1888 582 1940 sustulerunt
623 1884 966 1940 excrementa
1012 1883 1149 1953 (40),
1197 1892 1251 1938 et
1296 1895 1616 1954 sparserunt
1657 1901 1853 1956 aquam
1884 1906 1897 1942 :
1928 1903 2037 1957 quo
2081 1887 2373 1957 completo,
2401 1886 2577 1940 factus
2612 1894 2695 1939 est
2717 1882 2871 1939 locus
2897 1878 3232 1937 delectabilis
3260 1877 3396 1945 (41),
3429 1882 3483 1931 et

234 1983 411 2038 turris
434 1983 652 2038 decora.
680 1982 771 2036 Ait
798 1981 993 2037 deinde
1027 1981 1160 2034 mihi
1190 1997 1206 2035 :
1231 1979 1425 2035 Omnia
1457 1984 1843 2039 commundata
1868 1994 1994 2038 sunt
2027 2001 2041 2037 :
2072 1984 2116 2037 si
2146 1984 2351 2039 venerit
2398 1982 2655 2037 dominus
2683 1981 2823 2035 hanc
2851 1973 3045 2029 turrim
3080 1981 3483 2029 consummare,

236 2076 381 2130 nihil
407 2076 641 2131 inveniet
670 2076 815 2147 quod
846 2077 913 2131 de
948 2076 1109 2131 nobis
1171 2086 1453 2146 queratur.
1489 2077 1612 2133 Haec
1641 2095 1766 2134 cum
1797 2080 2046 2147 dixisset,
2083 2080 2295 2133 volebat
2325 2079 2495 2133 abire.
2534 2078 2603 2131 At
2645 2092 2743 2145 ego
2775 2066 3100 2143 apprehendi
3125 2078 3310 2134 peram
3340 2060 3483 2130 ejus.

235 2178 299 2223 et
330 2172 469 2240 carpi
502 2186 696 2243 rogare
716 2187 840 2225 eum
874 2186 971 2242 per
998 2169 1312 2238 Dominum,
1345 2181 1405 2225 ut
1433 2174 1567 2227 mihi
1598 2175 1783 2228 omnia
1814 2191 1938 2244 quae
1959 2175 2301 2240 ostenderat,
2334 2173 2626 2243 explicaret
2659 2171 2794 2242 (42).
2826 2170 2915 2224 Ait
2953 2168 3123 2222 mihi:
3156 2163 3339 2217 Habeo
3365 2175 3487 2215 mo~-

236 2261 424 2316 dicam
471 2265 916 2334 occupationem;
970 2279 1023 2325 at
1070 2271 1254 2325 omnia
1290 2272 1384 2325 tibi
1416 2272 1738 2342 explicabo:
1774 2283 2030 2343 exspecta
2062 2283 2240 2327 autem
2284 2287 2370 2325 me
2412 2273 2530 2336 hic,
2556 2270 2685 2325 dum
2724 2270 2903 2323 venio.
2952 2266 3084 2320 Dico
3114 2264 3202 2319 ei:
3236 2260 3484 2326 Domine,

241 2362 379 2430 quid
407 2362 491 2417 hic
514 2362 664 2417 solus
692 2363 921 2419 faciam?
952 2364 1249 2436 Respondit
1276 2388 1288 2422 :
1317 2366 1434 2423 Non
1466 2384 1528 2423 es
1589 2370 1770 2435 solus;
1802 2385 1994 2424 omnes
2024 2370 2166 2423 enim
2206 2368 2446 2437 virgines
2474 2377 2651 2421 tecum
2693 2372 2839 2420 sunt.
2875 2360 2942 2414 Et
2969 2360 3083 2414 dixi
3115 2379 3128 2413 :
3163 2356 3339 2411 Trade
3376 2369 3485 2417 me,

252 2457 495 2519 domine.
523 2473 654 2531 ergo
679 2460 779 2514 eis.
816 2462 885 2515 At
910 2462 999 2517 ille
1026 2465 1240 2519 vocavit
1269 2465 1409 2531 illas,
1437 2473 1492 2520 et
1520 2466 1658 2520 dixit
1684 2465 1796 2537 (45)
1826 2467 1907 2522 eis
1930 2483 1944 2518 :
1975 2465 2311 2520 Commendo
2334 2465 2485 2519 vobis
2511 2464 2677 2525 hunc,
2706 2462 2879 2516 donec
2900 2456 3079 2511 venio.
3109 2453 3364 2509 Remansi
3389 2452 3491 2521 igi-

239 2558 336 2602 tur
356 2563 478 2601 cum
502 2550 809 2620 virginibus
843 2552 969 2609 illis.
999 2551 1107 2609 Illa:
1145 2563 1326 2609 autem
1355 2555 1554 2611 hilares
1582 2564 1760 2623 erant,
1792 2562 1847 2609 et
1871 2554 2114 2610 all‘abiles
2141 2554 2304 2619 mihi;
2337 2552 2607 2622 praecipue
2627 2560 2805 2608 tamen
2830 2562 3087 2623 quatuor,
3117 2566 3238 2621 qua:
3265 2561 3490 2606 caeteras

238 2638 626 2707 praecedebant
648 2640 934 2711 dignitate.

1685 2734 1917 2792 CAPUT
1954 2736 2047 2791 Xl.

318 2842 515 2897 Dicunt
549 2843 684 2899 mihi
714 2845 909 2902 deinde
943 2848 1183 2920 virgines
1226 2851 1368 2907 illae:
1402 2850 1571 2908 Hodie
1597 2861 1783 2923 pastor
1824 2852 1913 2909 ille
1937 2854 2046 2909 huc
2068 2862 2333 2908 venturus
2370 2867 2479 2907 non
2506 2860 2610 2907 est.
2637 2850 2704 2906 Et
2740 2868 2840 2925 ego
2881 2854 2993 2909 dixi
3021 2871 3033 2907 τ
3068 2852 3209 2921 Quid
3233 2868 3362 2924 ergo
3387 2866 3490 2923 ego

240 2936 478 2992 faciam?
510 2938 576 2993 Et
601 2939 791 2996 dicunt
813 2944 945 2997 mihi
975 2962 990 2998 :
1021 2943 1204 3016 Usque
1224 2949 1277 3001 in
1302 2963 1584 3017 vesperam
1612 2957 1891 3018 exspecta,
1910 2949 1956 3004 si
1986 2948 2172 3003 forsan
2196 2947 2404 3002 venerit
2430 2956 2482 3002 et
2512 2947 2763 3017 loquetur
2788 2946 2900 3018 (44)
2931 2955 3142 3010 tecum;
3177 2943 3259 2999 sin
3285 2942 3489 3010 minus,

240 3030 530 3085 nobiscum
559 3032 688 3086 dum
722 3034 925 3098 veniat,
959 3040 1204 3095 manebis
1235 3040 1371 3110 (45).
1403 3040 1525 3095 Dixi
1554 3041 1671 3095 eis:
1704 3040 2042 3111 Exspectabo
2069 3056 2193 3095 eum
2230 3056 2402 3110 usque
2442 3039 2510 3093 ad
2540 3053 2817 3108 vesperam
2844 3058 2855 3093 :
2884 3039 3026 3109 quod
3052 3038 3097 3093 si
3123 3053 3229 3091 non
3256 3034 3493 3094 venerit,

240 3123 469 3177 domum
495 3125 604 3189 ibo,
630 3138 683 3181 et
714 3140 953 3184 revertar
978 3147 1155 3187 mane.
1190 3132 1610 3205 Responderunt
1638 3136 1770 3190 mihi
1801 3155 1815 3191 :
1848 3134 2017 3192 Nobis
2052 3136 2362 3205 assignatus
2384 3151 2444 3191 es
2475 3155 2488 3189 :
2521 3150 2627 3189 non
2654 3144 2809 3203 potes
2836 3131 3085 3186 recedere
3116 3129 3227 3197 (46)
3255 3142 3284 3181 a
3310 3124 3490 3179 nobis.

241 3213 313 3269 Et
338 3216 451 3270 dixi
477 3232 489 3268 :
521 3216 624 3272 Ubi
660 3222 928 3276 manebo?
959 3222 1152 3279 Dicunt
1179 3226 1310 3280 mihi
1340 3246 1352 3281 :
1387 3226 1687 3283 Nobiscum
1716 3229 1958 3285 dormies
1982 3239 2042 3284 ut
2068 3228 2255 3294 frater,
2280 3244 2390 3283 non
2424 3237 2485 3283 ut
2513 3228 2746 3281 maritus
2776 3244 2789 3279 :
2821 3228 2989 3281 frater
3016 3222 3161 3277 enim
3191 3227 3378 3275 noster
3409 3231 3491 3279 es,

239 3316 301 3364 et
332 3311 399 3364 de
429 3322 627 3367 caetero
655 3325 831 3369 tecum
867 3316 1111 3373 habitare
1130 3331 1330 3390 paratze
1354 3340 1546 3380 sumus
1571 3327 1706 3397 (4‘7);
1738 3328 1895 3383 valde
1922 3328 2067 3382 enim
2092 3328 2317 3382 charum
2354 3336 2402 3380 te
2426 3326 2709 3381 habemus.
2744 3322 2857 3392 Ego
2887 3328 3069 3373 aulem
3096 3308 3492 3369 erlibesccmm

242 3413 371 3452 cum
395 3399 475 3455 eis
499 3416 718 3457 manere
745 3403 880 3473 (48).
915 3403 990 3459 Ea
1020 3421 1147 3461 vero
1169 3424 1289 3477 qua:
1318 3426 1385 3465 ex
1414 3412 1521 3468 illis
1544 3415 1719 3483 prima
1749 3431 1871 3471 esse
1901 3416 2211 3482 videbatur,
2240 3416 2544 3486 amplexata
2579 3428 2665 3467 me
2696 3422 2801 3476 est,
2832 3420 2887 3465 et
2914 3406 3152 3464 osculari
3186 3416 3271 3456 me
3300 3399 3487 3469 cmpit.

243 3492 470 3551 Caetera!
512 3513 641 3551 vero
666 3514 789 3554 cum
824 3501 1090 3558 vidissent
1117 3520 1203 3559 me
1246 3509 1545 3577 amplexari
1577 3510 1689 3582 (49)
1732 3514 1799 3567 ab
1838 3514 1927 3568 illa
1948 3556 1964 3580 ,
1994 3524 2047 3568 et
2076 3515 2208 3583 ipsa:
2237 3520 2523 3582 coeperunt
2550 3526 2637 3565 me
2662 3520 2722 3563 ut
2765 3505 2989 3559 fratrem
3022 3494 3281 3559 osculari,
3307 3502 3362 3546 et
3388 3491 3493 3545 du»

245 3604 371 3644 cere
402 3591 513 3660 (50)
538 3592 681 3647 circa
716 3593 930 3661 turrim,
959 3608 1011 3652 et
1036 3599 1221 3657 ludere
1247 3619 1483 3661 mecum.
1522 3607 1781 3674 Quaedam
1827 3620 2009 3666 autem
2045 3626 2113 3667 ex
2146 3612 2253 3667 illis
2282 3611 2522 3681 psalmos
2561 3608 2831 3664 canebant
2859 3594 3267 3670 (51);(1υ³ε(1²¹¹“
3298 3589 3493 3644 Ch‘m’s

245 3688 541 3742 ducebant.
576 3686 687 3758 Ego
713 3699 895 3745 autem
919 3691 1063 3749 circa
1090 3696 1203 3765 (52)
1247 3701 1441 3755 turrim
1482 3702 1536 3757 in
1571 3704 1789 3759 silentio
1835 3704 1990 3761 Ianus
2018 3722 2140 3761 cum
2187 3706 2267 3761 eis
2294 3705 2662 3765 ambulabam,
2695 3710 2745 3756 et
2787 3697 3011 3751 videbar
3041 3686 3381 3757 mibijunior
3407 3682 3493 3735 fa-

247 3788 370 3833 ctus
406 3794 528 3834 esse
568 3780 704 3850 (55).
749 3780 1047 3855 Postquam
1078 3802 1207 3843 vero
1233 3806 1460 3861 vespera
1491 3810 1613 3850 esse
1635 3797 1820 3865 coepit,
1863 3797 2088 3852 domum
2122 3806 2345 3868 repente
2369 3796 2483 3867 (54)
2516 3796 2667 3851 abire
2691 3790 2976 3850 volebam;
3018 3783 3124 3837 illa:
3152 3788 3328 3833 autem
3363 3774 3493 3830 reti-

248 3884 487 3926 nuerunt
519 3872 633 3942 (55)
664 3889 770 3939 me,
803 3884 856 3929 et
882 3892 990 3931 non
1034 3881 1403 3947 permiserunt
1437 3885 1608 3944 abire.
1652 3885 1826 3943 Mansi
1873 3903 2003 3957 ergo
2056 3889 2147 3943 illa
2192 3898 2348 3943 nocte
2387 3905 2510 3943 cum
2542 3888 2621 3943 eis
2647 3887 2805 3957 juxta
2840 3881 3085 3939 eamdem
3131 3875 3324 3931 turrim
3355 3872 3489 3941 (56).

250 3961 577 4017 Straverunt
607 3974 787 4021 autem
813 3969 1029 4029 tunicas
1052 3991 1180 4033 suas
1204 3979 1401 4035 linteas
1438 3982 1493 4035 in
1527 3990 1750 4049 terram,
1782 3993 1837 4039 et
1880 3999 1967 4039 me
1994 3985 2048 4038 in
2075 3984 2257 4039 medio
2298 3985 2739 4040 collocaverunt:
2777 3995 2875 4036 nec
2904 3976 3201 4048 quidquam
3233 3968 3379 4023 aliud
3412 3966 3495 4020 fa-

248 4053 488 4119 ciebant,
518 4054 622 4109 nisi
652 4057 797 4125 quod
830 4062 1079 4120 orabant.
1112 4066 1217 4123 Sed
1246 4080 1299 4125 et
1328 4087 1429 4143 ego
1452 4089 1575 4128 cum
1608 4075 1716 4129 illis
1744 4075 1862 4131 sine
1889 4075 2298 4132 intermissione
2322 4079 2569 4143 orabam,
2594 4093 2769 4148 neque
2796 4077 2978 4131 minus
3025 4086 3186 4142 quam
3221 4064 3495 4131 ἱιιὶεοΟιιω

249 4169 375 4209 cum
408 4170 497 4210 me
530 4155 610 4211 sic
634 4166 878 4214 orantem
904 4164 1188 4235 vidissent,
1222 4172 1413 4243 ingens
1436 4175 1692 4242 gaudium
1725 4188 2119 4247 perceperunt;
2145 4188 2200 4233 et
2229 4194 2353 4233 cum
2394 4178 2472 4234 eis
2500 4178 2611 4233 illic
2634 4177 2709 4233 fui
2736 4187 2909 4243 usque
2931 4170 3000 4225 ad
3022 4169 3163 4224 diem
3191 4172 3491 4234 posterum.

1336 4289 1573 4344 VARIE
1615 4288 2000 4345 LECTIONES
2035 4289 2125 4345 ET
2161 4290 2397 4346 ΝΟΤίΕ.

326 4388 443 4453 (52)
474 4386 667 4458 Lamb.
693 4403 797 4458 qua
821 4384 1376 4458 valde7candida_est._
1447 4454 1458 4458 _
1928 4399 2062 4458 mss.
2099 4384 2375 4458 exhibere,
2405 4382 2725 4458 explicaret,
2758 4394 2817 4458 ut
2855 4394 3015 4458 saepe.
3048 4375 3219 4458 Aliter
3248 4372 3349 4458 hic
3374 4368 3493 4458 Ole-

328 4442 443 4523 (55)
471 4442 781 4527 Mss.An'gl.
818 4454 1041 4527 capillis
1060 4472 1178 4508 vero
1210 4453 1516 4527 dissolutis.
1574 4523 1584 4527 _
1775 4522 1786 4527 Δ
1930 4455 2095 4527 ricus,
2116 4442 3084 4527 cujusad'notationem'videsis'mox
3103 4444 3243 4499 infra
3262 4450 3377 4496 not.
3399 4442 3491 4497 62.

326 4529 444 4597 (54)
469 4527 662 4584 Lamb.
707 4522 811 4596 leg.
855 4522 1044 4597 a'bjecti
1076 4535 1273 4597 _erant,
1320 4532 1375 4578 et
1411 4523 1613 4577 omittit
1641 4522 1826 4578 omnia
2000 4526 2114 4597 (45)
2144 4522 2335 4597 Lamb.
2360 4533 2541 4597 vocat,
2557 4534 2607 4576 et
2634 4523 2794 4597 dixit.

254 4587 383 4668 qua:
404 4587 731 4669 sequuntur,
761 4587 941 4669 usque
971 4595 1038 4669 ad
1067 4594 1576 4669 Ριξειιιιιαῃλιιιιῑεηι-ζ
1744 4664 1775 4669 η
2148 4594 2277 4669 l_l_ls_s_.
2309 4594 2465 4669 Angl.
2491 4594 2542 4669 si
2574 4594 2789 4654 venerit,
2828 4590 3053 4669 forsitan
3091 4587 3353 4655 loquetur.

335 4614 383 4651 te
404 4615 431 4652 s
504 4614 731 4662 nuntur,
767 4614 941 4665 usque
971 4614 1036 4648 an
1067 4614 1353 4663 rostquam
1380 4614 1576 4646 autem.
2003 4614 2094 4662 (44
2148 4614 2275 4648 mss.
2309 4614 2465 4663 ﬁngi.
2495 4614 2542 4646 si
2574 4614 2789 4654 venerit,
2828 4614 3053 4661 ιυνδιιαιι
3091 4614 3353 4655 mquam:-

332 4614 607 4738 (35%88.
650 4668 808 4736 Angl.
850 4683 911 4719 ne
951 4665 1076 4735 quid
1110 4665 1266 4719 desit.
1316 4662 1406 4718 Sic
1446 4672 1499 4718 ct
1534 4663 1663 4718 Felli
1694 4664 1823 4719 edit.
2143 4664 2279 4745 _l'_‘elli
2312 4666 2447 4745 edit.-
2483 4661 2659 4745 Oxon.
2687 4661 2996 4745 moraberis.
3331 4724 3380 4745 Β

252 4724 443 4794 ΟΧόηί
738 4724 765 4736 υ
963 4724 974 4735 ”
1212 4753 1217 4759 ‘
1338 4804 1341 4805 7
1664 4804 1667 4805 7
1999 4724 2112 4805 (46)
2138 4735 2267 4791 Mss.
2310 4734 2470 4805 Angl.
2515 4734 2853 4803 consignatus
2886 4748 2938 4785 es
2965 4746 2983 4784 :
3012 4744 3115 4783 non
3146 4733 3291 4795 potes
3323 4724 3494 4778 disce»

329 4810 444 4890 (56)
470 4807 659 4889 Lamb.
681 4807 800 4890 illa.
832 4807 901 4890 At
929 4806 1202 4890 vulgatam.
1227 4804 1511 4890 lectionem
1543 4804 1828 4890 confirlmat
1927 4806 2067 4890 dere.

250 4873 542 4950 Origenes,
567 4878 658 4950 qui
693 4879 837 4931 hunc
879 4878 1055 4950 locum
1082 4876 1264 4950 laudat
1293 4875 1592 4950 geminent.
1616 4876 1669 4927 in
1699 4873 1827 4950 Osee
1999 4876 2111 4950 (4ῖ)
2136 4875 2287 4950 Bodl.
2318 4875 2637 4950 habitatura:
2662 4889 2862 4926 sumus.

249 4966 323 5003 ex
356 4944 688 5002 'Philoca'lice
728 4962 847 5017 cap.
895 4946 947 5011 8,
989 4946 1192 4999 noviss.
1245 4945 1377 5001 edit.
1430 4944 1535 4998 BD.
1581 4954 1715 4999 tom.
1760 4944 1825 5010 ll,
2001 4944 2112 5015 (48)
2139 4947 2325 5017 Lamb.
2353 4947 2609 4999 habitare.

250 5019 530 5092 pas-.459;
643 5088 654 5092 ,
750 5014 810 5092 _'
868 5088 878 5092 _
1053 5085 1085 5092 ,_
1251 5086 1299 5092 __
1508 5084 1519 5092 ,
1753 5086 1799 5092 __
2000 5014 2805 5092 té‘éﬂjﬁs-Ansl-Qmplewum-
3041 5083 3052 5092 ,
3115 5082 3176 5092 ,,
3272 5087 3282 5092 _
3331 5075 3384 5092 η.

352 5075 444 5158 57)
476 5089 603 5142 Mss.
631 5088 788 5159 Angl.
829 5085 1085 5157 ejusmodi
1116 5086 1453 5139 considerans
1501 5084 1642 5148 bene,
1678 5086 1828 5139 valde
2000 5075 2113 5154 (50)
2149 5086 2278 5141 Mss.
2306 5075 2462 5156 Angl.
2488 5075 2745 5140 ducebant
2763 5101 2783 5149 ;
2804 5093 2860 5139 et
2884 5099 3009 5139 mox
3033 5082 3303 5137 ludebant.
3331 5075 3420 5130 Sic
3442 5082 3497 5128 et

354 5178 414 5209 us
440 5175 605 5209 eram.
1928 5156 2062 5209 Felli
2094 5158 2224 5209 edit.
2261 5156 2438 5209 Oxon.
2882 5202 2889 5209 .

254 5158 414 5215 laetus
440 5175 605 5212 eram.
730 5158 733 5159 ⁷
1928 5158 2062 5210 Felli
2094 5158 2224 5211 edit.
2261 5158 2438 5211 Oxon.
2882 5202 2891 5217 ,

328 5230 447 5299 (58)
477 5229 641 5284 Editt.
661 5227 854 5283 Clerici
882 5236 935 5282 et
953 5226 1167 5299 Bussel.
1193 5226 1369 5279 omitt.
1404 5228 1486 5279 de.
1517 5223 1616 5279 Ms.
1635 5223 1824 5280 Lamb.
2000 5228 2113 5299 (51)
2138 5226 2326 5299 Lamb.
2356 5227 2584 5299 enimAex
2609 5225 2689 5279 his
2721 5224 2949 5295 psalmos
2982 5221 3289 5276 cantabant.
3323 5216 3497 5272 liabet

252 5293 554 5363 structura,
587 5300 839 5367 repositos
866 5297 1125 5365 expleam.
1544 5366 1547 5367 7
1576 5366 1585 5367 7
1726 5366 1755 5367 77
1926 5293 2067 5351 enim
2096 5293 2148 5353 et
2175 5297 2303 5367 Felli
2326 5296 2455 5351 edit.
2478 5293 2655 5367 Oxon.
2722 5293 2728 5295 ”
2802 5336 2821 5367 7.

333 5371 450 5439 (59)
497 5363 689 5424 Lamb.
731 5363 941 5423 Praesto
967 5368 1041 5421 sis
1075 5367 1235 5426 mihi;
1269 5377 1317 5420 et
1351 5367 1474 5419 cito.
1525 5366 1609 5419 Al.
1664 5366 1789 5419 mihi
1810 5408 1824 5433 ,
1998 5368 2112 5438 (52)
2142 5368 2234 5439 Sic
2264 5366 2394 5420 Felli
2424 5367 2561 5439 edit.
2583 5364 2758 5439 Oxon.
2785 5365 2868 5418 Al.
2911 5363 3118 5439 addunt
3145 5376 3279 5414 eam.

256 5434 454 5512 inquit.
486 5510 526 5512 μ
656 5510 663 5512 7
763 5510 773 5512 _
2001 5434 2112 5512 (55)
2139 5438 2328 5512 Lamb.
2362 5438 2519 5512 veluti
2534 5436 2799 5505 juniorem
2822 5451 2929 5487 esse
2956 5434 3173 5502 factum.

330 5507 446 5579 (40)
484 5510 614 5581 Mss.
640 5510 796 5579 Angl.
826 5519 1048 5581 stercus.
1999 5509 2112 5581 (54)
2139 5507 2459 5581 lllss._An_gl._
2478 5508 2650 5570 deest,
2676 5514 2895 5573 repente.

354 5518 446 5573 Ml)
487 5518 614 5564 MSS-
640 5518 796 5579 Angl-
826 5519 1048 5562 διενενιδ·
1999 5518 2091 5581 (54
2144 5518 2272 5563 Mss.
2296 5518 2455 5576 Angl.
2478 5518 2650 5570 deest,
2676 5518 2895 5573 repente.
3402 5571 3413 5584 .

353 5583 444 5654 ll)
472 5580 599 5654 διεδ.
628 5582 786 5654 Angl.
818 5579 1027 5654 hilaris.
1322 5650 1330 5654 _
2000 5518 2114 5654 (55)
2139 5578 2328 5654 Lamb.
2356 5578 2687 5654 detinuertmt
2708 5584 2801 5654 ;.et
2819 5590 2970 5643 mox,
2995 5590 3073 5629 me
3097 5575 3171 5629 ire
3217 5587 3315 5644 pro
3328 5570 3491 5626 abire.

353 5590 444 5648 41)
472 5590 599 5634 Mss.
628 5590 786 5649 Angl.
818 5590 1027 5633 hilaris.
2000 5590 2114 5648 (55)
2140 5590 2328 5632 Lamb.
2356 5590 2687 5631 detinuerunt
2708 5590 2724 5637 ;
2749 5590 2801 5628 et

329 5590 450 5724 lii)
476 5650 657 5706 Fellus
696 5651 750 5705 in
798 5651 925 5706 edit.
964 5650 1139 5706 Oxon.
1187 5650 1498 5714 exsolveret;
1538 5659 1827 5719 monetque
2002 5650 2115 5721 (56)
2145 5649 2329 5704 Lamb.
2361 5648 2429 5701 ad
2462 5662 2578 5701 eam
2608 5644 2814 5698 turrim.
