4002 6308
573 282 676 339 995
2001 263 2058 322 S.
2097 262 2353 319 HERLUE
3660 255 3747 313 996
3770 241 3774 246 ’

574 404 667 459 sed
705 399 818 475 (10)
849 370 962 454 πιοιί
988 393 1219 451 intrabit
1247 392 1305 447 in
1331 383 1487 441 illud.
1512 382 1744 455 Lapides
1764 396 1894 436 vero
1917 378 2017 446 illi,
2074 376 2311 442 domine,
2362 372 2458 442 qui
2505 369 2574 428 de
2614 368 2886 441 profundo
2922 366 2977 422 in
3006 374 3283 423 structura
3329 368 3489 437 aptati
3518 367 3615 438 (11)
3650 382 3751 428 sunt

570 494 668 566 qui
700 463 864 548 sunt?
897 487 1115 551 Decem,
1146 481 1345 552 inquit,
1380 479 1474 549 qui
1527 479 1580 532 in
1614 474 1986 531 fundamentis
2006 471 2259 527 collocati
2301 476 2461 531 sunt,
2494 465 2733 537 primum
2804 463 3065 519 saeculum
3121 472 3233 519 est:
3287 474 3565 532 sequentes
3597 464 3751 533 viginti

572 553 840 663 quinque,
874 581 1176 640 secundum
1196 578 1457 633 smculum
1488 584 1570 631 est
1597 575 1875 645 justorum
1908 570 2173 624 virorum.
2208 566 2287 620 llli
2308 575 2488 619 autem
2513 560 2731 632 t‘riginta
2762 559 2874 631 (l2)
2915 559 3179 629 quinque,
3201 554 3476 625 plﬂpheta:
3498 553 3753 613 υοωίηίπ

568 644 991 738 ministri'sunt.
1030 670 1402 741 Quadraginta
1434 644 1607 730 vero,
1633 663 1860 734 apostoli
1888 670 1944 717 et
1963 662 2217 714 doctores
2243 666 2371 713 sunt
2396 653 2801 724 praedicationis
2852 650 2977 705 Filii
3010 650 3127 704 Dei.
3174 646 3240 701 Et
3296 646 3445 700 dixi:
3489 644 3593 699 Cur
3632 662 3752 718 ergo,

569 775 815 839 domine,
849 769 1092 838 virgines
1125 766 1230 819 illa;
1256 761 1421 816 etiam
1452 759 1553 811 hos
1584 755 1790 824 lapides
1841 755 1897 808 in
1930 759 2265 807 structuram
2303 747 2471 803 turris
2514 750 2896 815 porrexerunt,
2941 744 3239 800 translatos
3288 758 3385 814 per
3452 746 3681 814 portam?
3705 745 3755 801 Et

574 865 746 920 dixit:
768 834 833 916 lii
862 834 1007 915 enim
1033 855 1190 928 primi
1222 854 1449 923 spiritus
1473 850 1595 904 illos
1623 854 1998 918 portaverunt,
2024 853 2079 899 et
2100 843 2327 897 omnino
2355 838 2496 893 alius
2521 837 2591 892 ab
2614 836 2719 892 alio
2747 850 2855 889 non
2895 834 3007 905 (15)
3030 845 3402 901 recesserunt,
3430 850 3528 891 nec
3573 836 3754 906 spiritus

574 958 644 1013 ab
666 956 1005 1018 hominibus,
1033 923 1139 1007 nec
1160 948 1412 1004 homines
1439 961 1467 998 a
1492 943 1776 1013 spiritibus
1808 960 1823 1008 ;
1855 940 1946 995 sed
1977 937 2153 1007 juncti
2201 935 2425 989 fuerunt
2466 932 2525 987 hi
2564 929 2789 1001 spiritus
2818 929 2900 982 eis
2926 927 3035 999 (14)
3063 941 3240 997 usque
3288 924 3360 980 ad
3385 923 3528 979 diem
3560 924 3752 996 quietis:

572 1050 665 1121 qui
693 1047 798 1103 nisi
826 1049 927 1102 hos
964 1016 1191 1115 spiritus
1217 1053 1405 1095 secum
1434 1035 1776 1096 habuissent,
1806 1046 1915 1085 non
1946 1029 2181 1084 fuissent
2212 1026 2375 1081 utiles
2397 1030 2691 1079 structura:
2713 1019 2882 1074 turris
2904 1016 3093 1088 hujus.

1974 1166 2200 1223 CAPUT
2252 1164 2393 1221 XVI.

644 1292 711 1347 Et
729 1291 870 1347 dixi:
903 1289 1081 1344 Etiam
1111 1304 1278 1352 nunc,
1315 1288 1556 1351 domine,
1597 1287 1914 1341 demonstra
1939 1284 2092 1338 mihi.
2128 1282 2268 1349 Quid
2306 1280 2543 1352 quaeris?
2570 1279 2767 1352 inquit.
2793 1278 2995 1345 Quare,
3033 1275 3283 1346 inquam,
3307 1272 3381 1327 de
3417 1268 3674 1342 profundo
3713 1263 3754 1319 bi

573 1389 781 1459 lapides
807 1386 1194 1450 ascenderunt,
1220 1393 1273 1439 et
1303 1384 1466 1453 positi
1518 1392 1650 1439 sunt
1689 1383 1741 1435 in
1779 1390 2110 1435 structuram
2154 1377 2322 1433 turris
2373 1377 2575 1446 hujus;
2627 1390 2753 1431 cum
2781 1374 2893 1444 jam
2946 1371 3153 1442 pridem
3193 1363 3539 1437 portaverint
3573 1361 3755 1431 spiritus

568 1482 783 1551 justus?
803 1477 1034 1534 Necesse
1055 1487 1160 1542 est,
1195 1477 1391 1546 inquit,
1419 1485 1476 1531 ut
1500 1491 1593 1545 per
1615 1489 1811 1544 aquam
1837 1473 2070 1527 habeant
2093 1470 2409 1530 ascendere.
2434 1478 2496 1524 ut
2525 1468 2891 1539 requiescant.
2914 1462 3033 1520 Non
3050 1469 3303 1533 poterant
3324 1457 3472 1512 enim
3495 1455 3548 1509 in
3570 1469 3755 1524 regnum

470 1618 473 1623 .
569 1545 670 1627 Dei
695 1572 850 1627 aliter
884 1572 1113 1636 intrare,
1142 1545 1306 1638 quam
1348 1576 1408 1620 ut
1439 1567 1771 1635 deponerent
1800 1562 2187 1616 mortalitatem
2212 1560 2411 1630 prioris
2442 1562 2584 1614 vitae.
2619 1558 2701 1612 Illi
2730 1558 2893 1627 igitur
2924 1552 3189 1618 defuncti,
3214 1549 3397 1620 sigillo
3428 1545 3547 1601 Filii
3568 1545 3651 1600 Dei
3672 1547 3757 1620 (l5)

573 1662 773 1732 signati
805 1671 951 1727 sunt,
990 1670 1044 1715 et
1069 1636 1415 1714 intraverunt
1446 1659 1497 1711 in
1531 1667 1759 1726 regnum
1807 1652 1904 1708 Dei
1930 1653 2064 1722 (l6).
2089 1652 2397 1721 Antequam
2431 1650 2575 1705 enim
2603 1648 2836 1718 accipiat
2860 1647 3027 1701 homo
3061 1657 3259 1698 nomen
3303 1638 3431 1694 Filii
3485 1636 3596 1703 Dei,
3638 1637 3763 1694 morti

573 1729 883 1807 destinatus
912 1760 1026 1804 est:
1051 1758 1107 1803 at
1133 1748 1228 1803 ubi
1260 1747 1455 1816 accipit
1479 1744 1612 1799 illud
1641 1742 1904 1813 sigillum,
1934 1742 2196 1796 liberatur
2217 1757 2248 1795 a
2276 1749 2471 1803 morte,
2506 1749 2556 1794 et
2584 1738 2818 1794 traditur
2838 1738 2961 1791 vita:
2988 1734 3125 1806 (l7).
3179 1732 3321 1788 illud
3354 1739 3537 1785 autem
3567 1729 3760 1799 sigillum

574 1858 716 1913 aqua
744 1852 827 1896 cst
857 1882 871 1905 ,
907 1841 961 1895 in
1000 1856 1164 1910 quam
1220 1841 1561 1897 descendunt
1603 1839 1853 1895 homines
1904 1838 2065 1892 morti
2107 1836 2360 1908 obligati;
2408 1835 2713 1892 ascendunt
2734 1848 2865 1888 vero
2914 1830 3039 1885 vita:
3067 1825 3372 1900 assignati:
3406 1833 3462 1881 et
3514 1824 3615 1878 illis
3637 1822 3765 1892 igitur

572 1941 927 2012 prtedicatum
955 1949 1038 1995 est
1068 1940 1199 1994 illud
1224 1939 1484 2008 sigillum,
1515 1951 1570 1992 et
1599 1937 1685 1992 usi
1719 1946 1849 1991 sunt
1881 1951 1946 1991 eo
1972 1943 2034 1990 ut
2057 1935 2328 1989 intrarent
2358 1934 2412 1987 in
2448 1947 2676 2004 regnum
2704 1929 2819 1985 Dei.
2850 1928 2919 1982 Et
2948 1925 3095 1983 dixi:
3131 1923 3315 1991 Quare
3357 1936 3520 1991 ergo,
3568 1919 3762 1985 domine,

573 2010 629 2089 et
662 2034 738 2089 illi
761 2034 1126 2104 quadraginta
1154 2030 1361 2100 lapides
1390 2028 1754 2084 ascenderunt
1780 2042 1905 2082 cum
1940 2026 2045 2080 illis
2069 2025 2136 2080 de
2162 2023 2456 2095 profundo,
2480 2023 2596 2094 jam
2676 2021 2940 2076 habentes
2998 2016 3133 2071 illud
3185 2013 3476 2085 sigillum?
3526 2010 3589 2066 Et
3629 2012 3761 2066 dixit:

573 2128 844 2195 Quoniam
873 2127 984 2198 (18)
1016 2128 1071 2180 hi
1098 2123 1333 2195 apostoli
1360 2131 1413 2176 et
1440 2120 1693 2176 doctores
1709 2119 1816 2190 'qui
1848 2118 2283 2189 praedicaverunt
2312 2131 2512 2171 nomen
2530 2114 2657 2169 Filii
2676 2112 2794 2178 Dei,
2824 2127 2948 2167 cum
2974 2109 3237 2164 habentes
3267 2106 3435 2161 fidem
3469 2104 3585 2175 ejus
3623 2114 3668 2158 et
3690 2120 3765 2173 po-

573 2194 823 2275 testatem
878 2194 1139 2274 defuncti
1167 2222 1371 2278 essent,
1398 2212 1832 2283 praedicaverunt
1880 2211 1988 2266 illis
2023 2209 2117 2280 qui
2177 2217 2303 2263 ante
2339 2208 2630 2273 obierunt;
2658 2215 2711 2261 et
2732 2205 2833 2275 ipsi
2862 2203 3127 2259 dederunt
3153 2198 3234 2254 eis
3258 2197 3395 2252 illud
3422 2196 3633 2266 signum
3660 2194 3761 2265 (l9).

574 2307 985 2363 Descenderunt
1016 2307 1180 2378 igitur
1205 2306 1259 2359 in
1293 2318 1491 2373 aquam
1525 2317 1647 2355 cum
1689 2302 1817 2363 illis.
1850 2310 1904 2355 et
1928 2301 2125 2355 iterum
2161 2298 2547 2355 ascenderunt.
2585 2295 2690 2352 Sed
2718 2296 2772 2350 lii
2808 2294 2917 2349 vivi
2944 2291 3309 2348 ascenderunt
3340 2288 3490 2360 (20):
3533 2298 3586 2343 at
3613 2288 3676 2341 illi
3694 2286 3763 2357 qui

574 2399 797 2456 fuerunt
822 2410 945 2454 ante
971 2398 1239 2464 defuncti,
1274 2397 1473 2453 mortui
1506 2396 1725 2466 quidem
1754 2394 2190 2460 descenderunt;
2216 2393 2312 2449 sed
2343 2393 2450 2447 vivi
2473 2391 2859 2448 ascenderunt.
2892 2387 2996 2443 Per
3047 2386 3152 2440 hos
3197 2383 3367 2453 igitur
3392 2381 3561 2435 vitam
3586 2394 3762 2449 recepe-

575 2507 725 2563 runt,
750 2506 803 2551 et
827 2505 1205 2567 cognoverunt
1234 2494 1433 2549 Filium
1466 2490 1592 2545 Dei:
1636 2492 1864 2561 ideoque
1892 2489 2255 2545 ascenderunt
2293 2503 2417 2542 cum
2454 2487 2557 2551 eis,
2597 2494 2652 2541 et
2700 2490 3075 2540 convenerunt
3128 2481 3184 2536 in
3239 2490 3578 2537 structuram
3608 2478 3763 2543 turris;

576 2605 677 2644 nec
706 2590 1035 2656 circumcisi,
1068 2591 1161 2646 sed
1188 2588 1383 2657 integri
1412 2582 1658 2637 aedificati
1686 2591 1846 2647 sunt;
1891 2581 2151 2650 quoniam
2196 2583 2455 2653 aequitate
2487 2582 2632 2653 pleni
2676 2596 2803 2638 cum
2836 2579 2951 2651 (21)
2998 2591 3215 2634 summa
3264 2575 3524 2632 castitate
3568 2571 3763 2629 defuncti

577 2691 742 2748 sunt;
770 2682 863 2736 sed
888 2682 1267 2737 tantummodo
1293 2681 1399 2735 hoc
1423 2681 1661 2752 sigillum
1705 2674 1952 2731 defuerat
1980 2674 2079 2728 eis.

1247 2790 1498 2847 Genusus
1520 2791 1717 2856 Αιει.,
1742 2791 1996 2857 Στρωμ.,
2018 2785 2114 2840 lib.

2240 2805 2355 2858 cap.
2381 2788 2436 2855 9,
2462 2805 2584 2859 pag.
2616 2788 2741 2853 452,
2768 2788 2895 2842 edit.
2927 2786 3100 2843 Oxon.

647 2899 716 2954 Et
738 2902 836 2970 ipsi
862 2901 1114 2955 dederunt
1133 2904 1209 2956 eis
1236 2905 1443 2974 signum
1468 2899 1882 2972 praedicationis.
1908 2898 2135 2951 Descen-

574 2994 763 3047 derunt
786 2995 950 3064 igitur
977 2995 1031 3047 in
1063 3012 1254 3065 aquam
1282 3012 1396 3049 cum
1420 2994 1551 3061 illis,
1576 3003 1625 3047 et
1649 2993 1841 3045 iterum
1885 2990 2135 3045 ascende-

576 3098 719 3143 runt.
764 3087 867 3142 Sed
893 3088 946 3142 hi
976 3089 1076 3141 vivi
1099 3090 1500 3151 descenderunt,
1530 3097 1578 3141 et
1603 3088 1790 3140 iterum
1822 3085 1919 3138 vivi
1952 3101 2136 3138 ascen-

576 3182 803 3235 derunt:
831 3191 885 3234 at
918 3182 999 3234 illi
1023 3183 1110 3251 qui
1129 3183 1342 3250 fuerunt
1367 3192 1487 3235 ante
1517 3180 1775 3246 defuncti,
1801 3179 1997 3232 mortui
2046 3178 2137 3232 de-

575 3272 910 3334 scenderunt.
962 3274 1051 3326 sed
1111 3274 1213 3327 vivi
1267 3274 1635 3327 ascenderunt.
1682 3270 1787 3325 Per
1850 3272 1940 3323 hos
1974 3271 2137 3340 igitur

578 3365 740 3416 vitam
768 3373 1087 3433 receperunt,
1118 3375 1167 3418 et
1213 3377 1565 3435 cognoverunt
1604 3380 1791 3417 nomen
1822 3360 1955 3415 Filii
2002 3360 2132 3414 Dei:

575 3455 791 3524 ideoque
821 3455 1164 3509 ascenderunt
1196 3475 1314 3510 cum
1337 3458 1433 3521 eis,
1460 3467 1504 3510 et
1538 3462 1883 3509 convenerunt
1912 3454 1967 3507 in
1993 3462 2137 3506 stru-

574 3556 785 3600 cturam
814 3547 1013 3611 turris;
1042 3564 1133 3600 nec
1167 3549 1485 3613 circumcisi,
1523 3546 1839 3615 coredificati
1884 3554 2041 3597 sunt:
2082 3544 2138 3596 in

574 3633 823 3702 wquitate
846 3632 1079 3701 defuncti
1103 3644 1250 3698 sunt,
1283 3642 1332 3686 et
1363 3634 1418 3686 in
1462 3648 1667 3685 summa
1717 3630 1995 3684 castitate:
2047 3628 2136 3681 sed

579 3724 940 3781 tantummodo
969 3725 1063 3779 hoc
1088 3725 1324 3783 siaillum
1353 3724 1594 3794 defuerat
1620 3723 1716 3777 eis.

2309 2900 2419 2952 Kal.
2450 2900 2600 2955 αὐτοὶ
2627 2901 2831 2981 ἔδωκαν
2857 2900 3040 2965 αὐτοῖς
3071 2902 3170 2973 τὴν
3202 2901 3480 2973 σφραγῖδα.
3508 2899 3598 2953 τοῦ
3634 2898 3765 2969 κηρύ-

2237 3010 2461 3063 γματος.
2497 2992 2823 3063 Κατέϐησαν
2848 2988 2941 3046 οὖν
2969 2993 3082 3063 μετ’
3115 2992 3292 3046 αὐτῶν
3326 2994 3410 3055 εἰς
3433 2993 3496 3045 τὸ
3527 2992 3674 3063 ὓδωρ,
3702 2989 3768 3042 καὶ

2240 3083 2401 3137 πάλιν
2435 3084 2721 3155 ἀνέδησαν.
2755 3085 2894 3138 Ἀλλ’
2929 3082 3077 3140 οὗτοι
3109 3086 3310 3151 ζῶντες
3345 3085 3673 3156 κατέδησαν,
3701 3081 3768 3134 καὶ

2239 3176 2397 3230 πάλιν
2438 3174 2636 3241 ζῶντες
2666 3178 2970 3249 ἀνέϐησαν
3008 3179 3204 3231 ἐκεῖνοι
3235 3178 3313 3240 δὲ,
3361 3180 3412 3232 οἱ
3447 3189 3769 3248 προκεκοιμη-

2242 3266 2412 3337 μένοι,
2454 3270 2636 3339 νεκροὶ
2672 3267 3001 3340 κατέϐησαν,
3049 3268 3251 3334 ζῶντες
3284 3269 3343 3322 δὲ
3389 3268 3663 3339 ἀνέϐησαν.
3694 3264 3768 3319 Διὰ

2239 3359 2445 3414 τούτων
2473 3356 2565 3414 οὖν
2590 3360 3048 3433 ὲζωοποιήθησαν,
3078 3364 3170 3415 καὶ
3203 3361 3523 3430 ἐπέγνωσαν
3545 3361 3604 3413 τὸ
3638 3360 3768 3429 ὄνομα

2240 3452 2334 3505 τοῦ
2394 3452 2525 3506 Υἱοῦ
2549 3453 2682 3507 Θεοῦ
2706 3471 2719 3484 ο
2755 3453 2843 3507 διὰ
2869 3454 3026 3508 τοῦτο
3047 3457 3139 3509 καὶ
3170 3457 3538 3528 συνανέϐησαν
3565 3453 3669 3526 μετ’
3694 3454 3770 3506 αὖ·

2240 3545 2369 3610 τῶν,
2396 3548 2487 3600 καὶ
2522 3547 2861 3617 συνήρμοσαν
2900 3547 2979 3609 εἰς
3013 3546 3112 3617 τὴν
3139 3547 3430 3618 οἰκοδομὴν
3458 3547 3552 3601 τοῦ
3582 3547 3769 3617 mimae,

2241 3638 2336 3691 καὶ
2395 3636 2721 3708 ἀλατόμητοι
2787 3636 3342 3709 συνῳκοδομήθησαν·
3386 3640 3450 3692 ὲν
3504 3636 3770 3704 δικαιοσύνῃ

2242 3730 2634 3801 ἐκοιμήθησαν,
2689 3731 2784 3783 καὶ
2816 3730 2871 3782 ὲν
2926 3730 3136 3804 μεγάλῃ
3169 3731 3387 3804 ἁγνείᾳ·
3432 3731 3589 3803 μόνον
3614 3730 3664 3783 δὲ
3695 3728 3771 3797 τὴν

2249 3819 2514 3894 σφραγῖδα
2537 3821 2739 3891 ταύτην
2771 3820 2870 3873 οὐκ
2902 3821 3077 3883 ἔσχον.

1595 3949 1749 4016 lusu,
1777 3949 1998 4015 Στρωμ.
2027 3944 2122 3999 lib.
2156 3959 2237 4010 γι,
2269 3959 2384 4013 cap.
2427 3940 2481 4007 6,
2512 3956 2635 4011 pag.
2666 3938 2790 3994 764.

653 4071 715 4127 Et
746 4082 891 4127 recte
923 4069 1126 4125 dictum
1160 4077 1243 4123 est
1265 4082 1294 4121 a
1318 4065 1578 4121 Pastore:
1616 4062 2005 4119 Descenderam
2030 4060 2132 4131 igi-

579 4174 666 4219 tur
693 4167 749 4218 in
778 4178 966 4233 aquam
997 4178 1114 4215 cum
1138 4160 1267 4215 illis.
1304 4158 1406 4213 Sed
1435 4158 1488 4210 hi
1518 4158 1747 4228 quidem,
1797 4154 1897 4208 vivi
1923 4154 2131 4208 descen-

576 4257 787 4319 derunt,
812 4265 860 4309 et
883 4254 984 4308 vivi
1005 4252 1389 4306 ascenderunt:
1418 4259 1473 4303 at
1510 4249 1591 4302 illi
1614 4248 1703 4317 qui
1750 4247 1961 4315 fuerunt
2016 4252 2140 4299 ante

578 4346 836 4415 defuncti,
867 4345 1062 4399 mortui
1085 4342 1480 4407 descenderunt,
1510 4340 1599 4393 sed
1633 4339 1733 4394 vivi
1766 4338 2134 4392 ascenderunt.

578 4437 757 4496 Habes
782 4440 975 4495 horum
1007 4436 1442 4509 explanationem
1477 4433 1611 4504 (25).

2313 4060 2422 4113 Καὶ
2448 4058 2627 4121 καλῶς
2658 4060 2869 4128 εἴρηται
2919 4057 2996 4128 τῷ
3032 4057 3252 4128 Ποιμένι
3274 4072 3288 4087 ο
3342 4058 3656 4129 Κατέϐησαν
3698 4048 3767 4105 οὖν

2241 4151 2418 4205 αὐτῶν
2441 4150 2519 4212 εἰς
2537 4150 2598 4201 τὸ
2621 4148 2762 4220 ὓδωρ
2797 4148 2928 4217 (22).
2967 4146 3102 4199 Ἀλλ’
3122 4140 3265 4201 οὗτοι
3290 4144 3407 4216 μὲν,
3429 4145 3625 4209 ζῶντες
3643 4140 3767 4195 κατέ-

2243 4242 2436 4314 δησαν,
2472 4241 2565 4295 καὶ
2598 4240 2797 4305 ζῶντες
2820 4238 3117 4310 ἀνέϐησαν·
3169 4240 3364 4291 ἐκεῖνοι
3404 4238 3487 4303 δὲ,
3533 4238 3581 4290 ol
3607 4249 3767 4306 προκε-

2242 4332 2591 4404 κοιμημένοι,
2614 4332 2796 4403 νεκροὶ
2820 4329 3146 4400 κατέδησαν,
3179 4329 3379 4394 ζῶντες
3406 4328 3465 4383 δὲ
3493 4327 3747 4396 ἀνέδησαν.

1652 4523 1888 4599 VARle
1923 4521 2307 4579 LECTIONES
2344 4517 2433 4573 ET
2470 4513 2702 4571 ΝΟΤᾸΞ.

654 4644 764 4718 (l0)
804 4645 995 4718 Lamb.
1024 4644 1135 4699 Hos
1166 4640 1531 4718 spiritusﬁqpi.
1556 4646 1753 4718 portat,
1795 4636 1903 4718 _Dei
1957 4651 2133 4689 servus

579 4707 769 4774 videbit
798 4716 1025 4785 quidem,
1046 4725 1095 4769 et
1124 4707 1335 4785 regnum
1368 4707 1696 4785 Déi_vid_el)it,
1716 4707 1827 4785 sned.

653 4789 764 4857 (ll)
806 4773 1343 4857 Lamb.itrttc_zit_ram_
1372 4781 1504 4849 apti.
1554 4778 1686 4857 vide
1717 4776 1937 4847 Origcn.
1980 4773 2136 4830 Com-

579 4849 824 4913 me‘nﬂin
860 4855 988 4910 Osee
1017 4872 1081 4909 ea:
1103 4854 1363 4907 Philocal.
1404 4866 1522 4918 cap.
1555 4849 1606 4902 8.

654 4929 767 5000 (l2)
805 4926 882 4980 lta
901 4940 1003 4979 ms.
1037 4915 1626 5000 Carm.__lta_etFellus.
1667 4915 1760 5000 Sic
1801 4916 2138 5000 sanelegen-

580 4988 707 5055 dum
741 4988 807 5053 ex
843 5010 1025 5064 super.
1066 5010 1184 5064 cap.
1223 4994 1276 5047 5.
1327 4992 1411 5044 Al.
1445 4989 1687 5064 triginta.
1721 4988 1909 5064 Lamb.
1955 4995 2136 5064 autem

581 5072 743 5125 habet
777 5058 1182 5138 prophetarum,
1221 5064 1341 5117 loco
1391 5059 1689 5129 prophetia;
1721 5069 1774 5112 ct
1801 5058 2000 5112 omittit
2048 5071 2130 5111 se-

578 5157 850 5213 quensac.

680 5213 764 5281 15)
803 5209 996 5281 Lamb.
1033 5206 1213 5281 deest,
1238 5219 1361 5281 non.

680 5213 764 5281 15)
803 5212 996 5263 Lamb.
1033 5212 1203 5269 deest,
1238 5219 1361 5256 non.

653 5212 765 5351 114)
806 5281 934 5335 Mss.
959 5277 1116 5351 angi.
1152 5276 1357 5351 addunt
1380 5270 1708 5351 hominilms:
1736 5265 2134 5351 qqamdqqtiq-

582 5336 705 5405 nem
728 5336 950 5405 retinuit
973 5336 1154 5401 Fellus
1184 5346 1236 5398 in
1260 5359 1359 5398 sua
1395 5341 1524 5396 edit.
1560 5338 1735 5392 Oxon.
1758 5336 1927 5405 'Apud
1967 5336 2131 5389 Cleri-

582 5438 704 5475 cum
733 5432 908 5475 autem
935 5422 1094 5488 sic-se
1112 5416 1275 5488 habet
1298 5413 1502 5488 Lamb._
1535 5410 1588 5461 hi
1618 5407 1834 5488 spiritus
1866 5421 2027 5487 usque
2058 5406 2125 5459 ad

582 5492 965 5561 diemqujetis.
996 5485 1353 5561 Quodnisi/ti
1373 5482 1592 5561 spiritus
1627 5481 1718 5561 hos
1750 5478 1990 5546 spiritus.

655 5551 778 5628 (l5).
807 5559 996 5614 Lamb.
1019 5551 1200 5627 sigillo
1220 5556 1351 5628 ﬁdei
1380 5551 1514 5607 Filii
1548 5551 1664 5605 Dei.

656 5630 765 5699 (16)
800 5630 990 5682 Lamb.
1014 5630 1184 5699 deest,
1210 5628 1325 5699 Dei.

657 5693 767 5768 (l7)
807 5699 995 5753 Lamb.
1024 5697 1111 5751 ubi
1143 5698 1331 5759 ceperit
1381 5694 1474 5748 hoc
1513 5693 1767 5759 sigillum,
1796 5694 2043 5749 liberatus
2095 5704 2126 5741 a

2241 4640 2407 4685 morte
2447 4627 2679 4682 traditur
2708 4625 2844 4679 vita.

2315 4701 2427 4772 (18)
2470 4698 2679 4772 Laudat
2716 4693 3062 4772 hunclo‘cum
3099 4690 3350 4772 Clemens
3381 4687 3533 4743 Alex.
3571 4688 3757 4772 Etpctp:

2242 4754 2349 4826 lib‘.
2370 4754 2431 4836 ιι,
2462 4784 2581 4837 cap.
2613 4767 2666 4828 9,
2695 4781 2818 4835 pag.
2845 4765 2969 4837 {52.
3003 4762 3258 4832 Ejusdem
3286 4774 3503 4829 quoque
3550 4754 3759 4810 meminit

2240 4842 2335 4897 lib.
2370 4834 2447 4906 vt,
2480 4834 2601 4907 cap.
2638 4834 2841 4907 6,7pag.
2876 4834 3025 4907 764._
3270 4898 3322 4907 __
3495 4897 3535 4907 _
3692 4891 3719 4907 ..

2242 4891 2447 5038 6719f
2470 4891 2620 4965 seu.
2652 4891 2941 4962 ei'L‘amb.
2979 4901 3233 4973 sigillum.
3269 4898 3359 4955 Sic
3402 4909 3456 4955 et
3495 4897 3621 4952 Felli
3650 4891 3754 4949 edit.

2292 4998 2416 5036 ΧΟΠ.

2292 4998 2416 5036 ΧΟΠ.

2464 5050 2626 5123 Forte
2672 5045 3077 5123 siclcgendum
3099 5059 3111 5123 ξ
3154 5040 3255 5096 Sed
3285 5040 3480 5123 vivi
3505 5030 3753 5123 descende:

2239 5106 2476 5187 runt,'et
2527 5122 2717 5173 iterum
2766 5106 2872 5171 vivi
2920 5113 3299 5187 ascenderunt:
3316 5107 3471 5187 Hanc
3505 5106 3751 5187 lectionem

2239 5176 2431 5248 suadet
2472 5191 2722 5245 Clemens
2758 5188 2909 5241 Alex.
2965 5194 3025 5238 ut
3055 5198 3179 5236 mox
3216 5179 3379 5234 infra.
3431 5176 3561 5233 Felli
3597 5182 3749 5248 autem

2237 5246 2405 5318 editio
2434 5263 2609 5316 Oxon.
2653 5260 2725 5313 ita
2750 5274 2808 5313 se
2840 5256 3033 5311 habet:
3064 5252 3165 5307 Sed
3188 5251 3242 5305 hi
3270 5250 3369 5303 vivi
3391 5246 3746 5304 descenderunt:

2237 5343 2291 5387 at
2314 5332 2419 5397 illi,
2450 5340 2554 5385 etc.

2307 5384 2421 5470 (21)
2462 5384 2656 5454 Lamb.
2688 5400 2745 5451 in
2794 5411 2893 5466 pro
2915 5410 3052 5449 cum.
3085 5392 3249 5470 Sic_et
3281 5384 3687 5470 Clemens.Al_ex.

2448 5448 3320 5542 S—criliendumrex_superioribus,
3352 5461 3467 5533 μετ’
3497 5454 3656 5511 αὐτῶν
3683 5448 3745 5510 είς

2230 5544 2291 5596 τὸ
2313 5535 2480 5612 ὕδὼρ,
2511 5542 2605 5612 κα).
2637 5539 2798 5592 πάλιν
2826 5535 3116 5612 ᾲνέϐησαν.
3551 5597 3562 5608 ,
3605 5590 3649 5612 οε

2264 5590 3089 5740 ἓξὲξ-1ᾏῆἧῇἔπεοιαιὶοηέηι,
3143 5612 3199 5659 ut
3252 5617 3395 5676 smpe
3448 5597 3583 5655 alibi.
3605 5590 3742 5648 Sicet

2303 5701 2361 5738 ι.
2439 5698 2565 5737 xon.

2232 5694 2361 5741 Cdll.
2388 5694 2565 5737 Uxon.
