4002 6308
259 230 372 287 997
1350 232 1640 291 PASTOR.
1659 265 1727 273 —
1740 233 1839 288 LII]

1926 233 1995 288 LII.
2039 235 2241 292 SIMIL.
2283 238 2372 293 IX.
3403 263 3506 324 998

1654 350 1883 406 CAPUT
1918 352 2079 407 XVII.

330 443 401 502 Et
442 445 553 500 dixi
588 466 601 501 :
634 446 789 503 Nunc
824 448 1041 513 iterum,
1094 446 1333 511 domine,
1374 454 1428 502 et
1457 446 1524 501 de
1553 448 1835 502 montibus
1881 448 1990 503 illis
2026 449 2159 504 mihi
2208 450 2560 521 demonstra,
2604 471 2775 525 quare
2799 461 2958 530 varii,
2990 473 3046 519 et
3074 466 3180 522 alia
3209 479 3372 541 atque
3394 475 3501 529 alia

252 550 394 596 sunt
440 540 630 611 ﬁgura.
660 540 821 605 Audi,
856 540 1030 610 inquit
1062 560 1074 595 :
1105 540 1171 595 Hi
1217 540 1503 596 duodecim
1550 548 1763 595 montes
1796 556 1935 610 quos
1964 541 2137 607 vides,
2174 543 2466 601 duodecim
2512 557 2641 603 sunt
2688 562 2873 620 gentes
2903 572 3024 626 quae
3053 570 3225 618 totum
3252 540 3502 625 obtinent

250 637 446 690 orbem
466 634 950 707 (24).Pr:edicatus
981 644 1065 691 est
1091 652 1220 707 ergo
1251 638 1306 691 in
1339 636 1419 691 eis
1446 635 1617 690 Filius
1640 635 1755 703 Dei,
1774 651 1870 706 per
1899 652 1993 692 eos
2019 653 2164 709 quos
2191 639 2310 711 ipse
2340 643 2408 697 ad
2438 643 2559 698 illos
2594 646 2766 701 misit.
2794 648 2973 714 Quare
3005 664 3209 724 autem,
3249 658 3495 729 inquam,

248 729 399 783 varii
424 736 639 795 sunt,et
665 729 772 782 alia
803 738 966 797 atque
996 728 1101 782 alia
1126 728 1338 800 ﬁgura?
1360 729 1499 782 Audi
1535 747 1547 781 :
1580 728 1674 785 Ha:
1702 730 1990 788 duodecim
2019 744 2206 805 gentes
2227 754 2349 808 quae
2379 748 2550 795 totum
2582 745 2831 800 obtinent
2858 749 3065 819 orbem,
3095 728 3380 811 duodecim
3407 728 3498 813 na-

248 823 437 879 tiones
484 833 612 878 sunt
645 842 657 878 :
689 831 744 878 et
772 823 915 877 sicut
936 838 1030 877 eos
1054 832 1264 878 montes
1286 824 1468 880 vidisti
1486 825 1696 891 varios;
1729 827 1803 880 ita
1833 836 1888 881 et
1929 828 2012 884 ha:
2059 842 2265 901 gentes.
2307 833 2515 892 Sensus
2552 854 2771 910 quoque
2794 849 2848 895 et
2878 854 3033 901 actus
3062 849 3495 923 uniuscujusque

247 921 466 976 montis
512 929 567 975 te
615 921 842 1021 docebo.
878 919 1058 989 Prius,
1094 923 1338 993 inquam,
1384 924 1625 989 domine,
1660 926 1764 981 hoc
1818 928 1952 981 mihi
2003 930 2317 988 demonstra
2353 952 2367 988 :
2400 951 2523 990 tum
2556 938 2666 994 sint
2698 948 2806 994 tam
2839 948 2976 1003 varii
3008 949 3121 1021 (25)
3156 950 3209 1005 hi
3240 919 3489 1018 montes,

242 1029 492 1085 quonam
542 1022 702 1084 pacto
729 1014 780 1069 in
794 1022 1125 1071 structuram
1172 1017 1335 1087 hujus
1368 1019 1535 1073 turris
1576 1022 1952 1089 convenerint,
1980 1040 2198 1095 unoque
2224 1028 2538 1099 redigantur
2566 1034 2772 1101 colore,
2802 1046 2854 1091 et
2882 1054 2988 1093 non
3017 1014 3200 1097 minus
3225 1014 3490 1111 splendidi

240 1109 384 1174 sint,
418 1124 579 1179 quam
618 1109 713 1179 qui
760 1111 1127 1166 ascenderunt
1173 1128 1240 1167 ex
1279 1113 1589 1182 profundo?
1617 1113 1908 1184 Quoniam,
1949 1119 2145 1190 inquit,
2177 1124 2446 1181 universae
2475 1131 2727 1186 nationes
2751 1149 2872 1201 qua:
2903 1138 3006 1191 sub
3042 1140 3181 1195 caalo
3212 1109 3358 1204 sunt,
3387 1158 3491 1196 au-

240 1206 469 1261 dierunt
518 1216 573 1260 et
621 1207 992 1303 crediderunt,
1020 1219 1073 1303 et
1118 1225 1228 1265 uno
1273 1212 1494 1268 nomine
1538 1213 1662 1269 Filii
1708 1214 1825 1281 Dei,
1852 1220 2028 1273 vocati
2060 1231 2189 1278 sunt
2219 1224 2352 1296 (26).
2384 1227 2622 1298 Accepto
2667 1230 2833 1300 igitur
2861 1231 2980 1301 ejus
3011 1232 3209 1303 sigillo,
3240 1235 3487 1289 eamdem

236 1313 441 1353 omnes
496 1298 842 1368 prudentiam
890 1302 1254 1373 eumdemque
1292 1318 1514 1358 sensum
1569 1317 1928 1376 acceperunt;
1954 1318 2009 1363 et
2039 1326 2144 1364 una
2176 1312 2307 1369 ﬁdes
2336 1324 2499 1385 atque
2533 1298 2776 1373 chariias
2810 1298 2998 1377 eorum
3026 1298 3147 1389 fuit,
3176 1335 3229 1378 et
3261 1324 3489 1393 spiritus

234 1400 520 1472 virginum
569 1400 761 1454 harum
791 1415 914 1456 cum
942 1402 1062 1472 ejus
1094 1404 1315 1458 nomine
1344 1403 1609 1460 ferebant.
1645 1404 1880 1477 Ideoque
1911 1420 2186 1465 structura
2213 1413 2381 1469 turris
2406 1414 2571 1485 hujus
2610 1417 2867 1473 concolor
2894 1416 3198 1479 videbatur,
3231 1424 3285 1469 et
3313 1413 3485 1485 fulge-

232 1498 339 1553 bat
363 1512 538 1568 usque
580 1497 646 1551 ad
691 1496 823 1552 solis
870 1496 1196 1551 claritatem.
1224 1496 1293 1550 At
1324 1510 1454 1550 vero
1485 1505 1776 1568 postquam
1809 1500 1881 1553 ita
1912 1511 2201 1558 senserunt
2228 1504 2372 1577 (27);
2402 1524 2571 1561 unum
2602 1524 2802 1578 corpus
2829 1524 3017 1565 eorum
3041 1509 3206 1577 coepit
3228 1522 3347 1563 esse
3366 1522 3485 1561 om-

233 1596 420 1651 nium.
455 1595 686 1662 Quidam
735 1605 918 1649 tamen
955 1609 1024 1649 ex
1068 1594 1149 1649 eis
1192 1594 1604 1649 maculaveruut
1644 1609 1722 1659 se,
1753 1604 1807 1650 et
1834 1597 2062 1666 projecti
2092 1609 2219 1654 sunt
2251 1601 2317 1656 de
2350 1618 2548 1672 genere
2572 1603 2869 1674 justorum,
2898 1612 2952 1659 et
2978 1604 3174 1659 iterum
3206 1602 3485 1658 redierunt

229 1691 308 1747 ad
348 1699 551 1747 statum
593 1689 910 1761 pristinum,
942 1690 1109 1753 atque
1137 1680 1303 1737 etiam
1332 1680 1633 1736 deteriores
1656 1697 1821 1752 quam
1856 1684 2007 1754 prius
2037 1684 2149 1758 (28)
2184 1699 2495 1745 evaserunt.

1634 1800 1866 1856 CAPUT
1904 1802 2094 1861 XVIII.

312 1898 435 1967 Quo
466 1898 652 1967 modo,
682 1898 927 1969 inquam,
955 1896 1177 1953 domine
1199 1894 1332 1966 (29),
1365 1894 1663 1951 deteriores
1696 1897 1791 1967 qui
1836 1912 2207 1970 cognoverunt
2245 1902 2575 1959 Dominum?
2604 1904 2670 1960 Et
2697 1905 2833 1961 dixit
2861 1927 2875 1962 :
2917 1906 2966 1962 ls
2990 1908 3211 1978 quidem
3244 1907 3338 1978 qui
3367 1923 3476 1964 non

226 1998 389 2053 novit
426 1996 754 2061 Dominum,
782 1995 829 2050 si
860 1994 1110 2065 nequiter
1137 1992 1289 2058 vivit,
1315 2000 1500 2048 manet
1538 1992 1595 2047 in
1630 2007 1696 2049 eo
1721 1993 1833 2066 (50)
1859 1997 2115 2066 nequitiae
2159 2014 2273 2054 suae
2300 2016 2484 2069 poena.
2516 2001 2586 2057 At
2615 2003 2708 2072 qui
2734 2004 2887 2057 novit
2918 2002 3233 2069 Dominum,
3253 2005 3479 2058 omnino

230 2091 515 2146 abstinere
545 2104 604 2145 se
631 2088 793 2143 debet
818 2089 885 2142 ab
909 2089 1061 2143 omni
1098 2087 1364 2158 nequitia,
1398 2096 1452 2143 et
1483 2088 1656 2159 magis
1681 2090 1963 2159 magisque
1993 2094 2197 2149 servire
2226 2095 2454 2151 bonitati
2476 2098 2542 2153 ⁸⁷.
2575 2097 2766 2153 Nonne
2788 2115 2917 2170 ergo
2944 2099 3034 2154 ille
3059 2100 3153 2169 qui
3177 2101 3476 2158 bonitatem

231 2187 398 2258 sequi
444 2186 691 2251 debebat,
725 2185 769 2239 si
808 2184 1066 2254 nequitia:
1099 2183 1350 2254 prmferat
1376 2191 1581 2252 partes,
1612 2183 1734 2252 plus
1761 2200 1987 2254 peccare
2014 2186 2246 2251 videtur,
2280 2205 2446 2258 quam
2480 2191 2526 2245 is
2558 2192 2650 2260 qui
2687 2192 2915 2265 deliquit
2951 2197 3210 2267 ignorans
3240 2197 3332 2253 Dei
3362 2200 3476 2252 vir-

237 2280 454 2335 tutem?
486 2279 737 2348 Ideoque,
762 2277 819 2330 hi
842 2275 1059 2347 quidem
1084 2275 1248 2330 morti
1278 2275 1534 2330 destinati
1569 2286 1697 2330 sunt
1731 2294 1745 2329 :
1781 2288 1835 2331 at
1865 2292 1995 2331 vero
2014 2278 2070 2332 hi
2094 2280 2188 2348 qui
2214 2292 2590 2349 cognoverunt
2622 2282 2938 2351 Dominum,
2971 2297 3134 2359 atque
3160 2291 3278 2360 ejus
3310 2292 3477 2346 mira-

226 2376 369 2431 bilia
396 2390 557 2445 opera
581 2373 856 2435 viderunt,
889 2372 935 2427 si
961 2370 1210 2441 nequiter
1241 2370 1451 2437 vivunt,
1483 2370 1649 2439 duplo
1679 2371 1792 2441 (51)
1831 2374 2064 2442 amplius
2098 2375 2412 2443 punientur,
2443 2384 2496 2430 et
2527 2377 2629 2447 ipsi
2659 2382 2963 2438 morientur
2997 2386 3051 2438 in
3086 2401 3283 2441 aevum.
3320 2385 3475 2441 Sicut

226 2486 366 2541 ergo
398 2468 606 2535 vidisti,
635 2477 924 2537 postquam
959 2468 1118 2538 ejecti
1153 2476 1281 2523 sunt
1304 2467 1511 2537 lapides
1553 2467 1620 2523 de
1648 2468 1786 2521 turri
1820 2468 1912 2538 qui
1950 2470 2221 2539 reprobati
2249 2480 2425 2537 erant,
2462 2473 2647 2527 traditi
2675 2487 2805 2532 sunt
2837 2480 3121 2549 spiritibus
3150 2483 3474 2551 perniciosi!

224 2576 397 2636 atque
425 2563 612 2631 saevis;
647 2571 701 2616 et
730 2562 801 2617 ita
827 2561 1171 2631 puriﬁcatam
1208 2563 1404 2616 turrim
1436 2562 1622 2616 vidisti
1654 2562 1790 2633 (52),
1816 2572 1877 2617 ιιι
1906 2565 2221 2619 crederetur
2249 2581 2313 2620 ex
2344 2582 2453 2622 uno
2486 2568 2662 2638 lapide
2691 2585 2811 2625 esse
2839 2578 2948 2622 tota
2983 2588 2996 2623 :
3038 2571 3110 2624 ita
3149 2580 3203 2625 et
3230 2569 3472 2629 Ecclesia

225 2654 331 2711 Dei
357 2671 482 2711 cum
516 2654 803 2724 puriﬁcata
834 2652 1019 2717 fuerit,
1056 2652 1247 2722 ejectis
1277 2666 1344 2707 ex
1372 2667 1436 2707 ea
1465 2652 1626 2706 malis
1655 2662 1817 2723 atque
1841 2655 2003 2721 lictis,
2032 2657 2277 2712 scelestis
2300 2666 2353 2712 et
2381 2659 2583 2725 dubiis,
2613 2670 2667 2715 et
2706 2661 3019 2731 quicunque
3052 2663 3299 2731 nequiter
3326 2665 3378 2717 in
3407 2680 3471 2720 ea

223 2764 289 2804 se
321 2754 631 2819 gesserunt,
661 2761 725 2800 ac
754 2744 922 2799 variis
944 2744 1204 2814 nequitiae
1227 2751 1572 2813 peccatorum
1602 2743 1892 2813 generibus
1937 2746 2045 2799 erit
2106 2763 2275 2801 unum
2299 2764 2497 2818 corpus
2523 2751 2662 2819 ejus,
2687 2767 2829 2805 unus
2859 2751 3470 2824 intellectus(55),unus

225 2849 447 2905 sensus,
483 2855 588 2894 una
627 2838 781 2905 ﬁdes,
816 2838 1112 2910 eademque
1162 2840 1398 2894 charitas
1440 2856 1454 2893 :
1492 2849 1547 2894 et
1577 2851 1709 2894 tunc
1761 2839 1935 2896 Filius
1973 2839 2070 2895 Dei
2120 2843 2395 2899 laetabitur
2427 2846 2540 2915 (54)
2585 2848 2725 2901 inter
2752 2845 2897 2913 illos,
2921 2857 2975 2902 et
3008 2847 3233 2917 recipiet
3282 2850 3472 2906 volun-

219 2941 337 2988 tate
377 2947 513 3002 pura
538 2931 797 3001 populum
843 2945 1002 2986 suum
1026 2930 1162 3002 (55).
1195 2930 1261 2984 Ει
1290 2930 1401 2985 dixi
1437 2946 1450 2981 :
1486 2929 1736 2993 Domine,
1764 2931 2049 3000 magniﬁce
2074 2942 2127 2987 et
2157 2933 2452 2988 honoriﬁce
2476 2934 2588 3007 (36)
2612 2953 2670 2991 se
2697 2937 2896 2997 habent
2919 2953 3134 2999 cuncta.
3169 2942 3325 3000 Nunc
3366 2946 3469 2998 mi-

219 3024 282 3082 hi
316 3024 629 3079 demonstra
663 3021 913 3078 eﬂectum
959 3036 1014 3083 et
1057 3030 1169 3083 vim
1204 3029 1637 3099 uniuscujusque
1689 3030 1922 3095 montis;
1956 3037 2017 3084 ut
2049 3030 2229 3084 omnis
2262 3032 2444 3085 anima
2490 3032 2546 3086 in
2597 3033 2828 3095 Domino
2883 3040 3078 3107 ﬁdens,
3115 3041 3319 3095 auditis
3351 3041 3462 3108 his,

218 3118 461 3173 honoret
492 3132 750 3188 magnum
785 3133 849 3171 ac
879 3118 1130 3177 mirabile
1152 3130 1207 3177 et
1235 3132 1485 3177 sanctum
1518 3120 1630 3192 (57)
1665 3136 1864 3175 nomen
1899 3121 2036 3191 ejus.
2058 3120 2223 3190 Audi,
2248 3124 2445 3193 inquit,
2469 3127 2787 3184 varietatem
2810 3132 2921 3203 (58)
2949 3133 3143 3187 horum
3173 3133 3463 3201 montium,

218 3215 276 3270 id
310 3223 394 3271 est
421 3214 708 3270 duodecim
737 3215 1002 3286 gentium.

1624 3303 1855 3362 CAPUT
1904 3303 2044 3359 XIX.

290 3402 368 3457 De
396 3402 575 3472 primo
612 3410 798 3458 monte
830 3402 986 3472 nigro
1022 3420 1035 3456 :
1079 3402 1173 3472 qui
1216 3399 1585 3467 crediderunt,
1620 3401 1917 3474 transfugae
1959 3410 2112 3469 sunt,
2147 3418 2211 3458 ac
2242 3403 2478 3459 nefanda
2513 3405 2570 3459 in
2607 3405 2898 3462 Dominum
2933 3409 3214 3479 loquentes
3263 3420 3316 3464 et
3349 3425 3473 3479 pro-

218 3500 427 3556 ditores
459 3500 571 3571 (59)
601 3514 883 3556 servorum
920 3498 1036 3554 Dei.
1078 3497 1192 3554 lllis
1221 3498 1503 3569 proposita
1548 3512 1700 3554 mors
1730 3507 1831 3563 est,
1868 3499 2188 3570 poenitentia
2222 3516 2330 3553 non
2362 3507 2465 3565 est,
2504 3501 2738 3571 ideoque
2771 3502 2913 3572 nigri
2947 3511 3107 3567 sunt;
3139 3503 3267 3571 quia
3295 3517 3466 3571 genus

218 3614 412 3655 eorum
444 3598 733 3655 scelestum
770 3604 873 3652 est.
910 3595 989 3649 De
1021 3596 1264 3650 secundo
1292 3608 1422 3648 vero
1469 3602 1654 3650 monte
1688 3594 2073 3667 glabroso(40)
2102 3614 2115 3649 :
2152 3595 2263 3651 ﬁcti
2294 3606 2422 3651 sunt
2450 3598 2543 3667 qui
2580 3598 2949 3663 crediderunt,
2975 3607 3028 3652 et
3059 3598 3310 3652 doctores
3338 3608 3466 3654 sunt

215 3695 505 3765 nequitias;
535 3703 590 3749 et
632 3694 689 3747 hi
744 3691 979 3764 proximi
1035 3700 1165 3746 sunt
1211 3690 1609 3760 superioribus,
1645 3706 1754 3745 non
1790 3691 2062 3747 habentes
2093 3693 2234 3748 inter
2263 3708 2320 3748 se
2349 3692 2588 3749 fructum
2622 3694 2915 3764 aequitatis.
2943 3692 3095 3747 Sicut
3127 3693 3269 3747 enim
3307 3704 3465 3746 mons

219 3806 417 3847 eorum
458 3789 660 3845 sterilis
691 3798 776 3844 est
804 3788 939 3856 (Al),
974 3803 1039 3841 ac
1086 3786 1205 3841 sine
1256 3785 1467 3852 fructu;
1506 3788 1579 3841 ita
1628 3798 1682 3841 et
1740 3786 2062 3856 hujusmodi
2098 3788 2347 3843 homines
2395 3790 2596 3845 habent
2646 3790 2868 3859 quidem
2927 3803 3150 3853 nomen,
3181 3788 3284 3841 lide
3332 3798 3463 3841 vero

220 3881 414 3935 inanes
444 3886 592 3944 sunt,
622 3891 800 3946 neque
837 3883 921 3929 est
953 3874 1010 3927 in
1043 3874 1124 3929 eis
1158 3874 1304 3929 ullus
1338 3872 1550 3929 fructus
1580 3875 1847 3930 veritatis.
1877 3875 1971 3931 His
2004 3886 2184 3932 tamen
2217 3878 2344 3931 data
2367 3888 2450 3935 est
2480 3880 2821 3950 poenitentia,
2848 3880 2894 3937 si
2929 3881 3040 3934 cito
3073 3895 3193 3934 eam
3224 3893 3458 3947 sequun-

212 3979 303 4025 tur
360 3987 375 4023 :
425 3968 512 4024 sin
564 3976 746 4023 autem
808 3965 1045 4033 tardant,
1081 3975 1245 4021 erunt
1275 3976 1330 4021 et
1362 3967 1466 4037 ipsi
1518 3968 1712 4022 mortis
1741 3968 1985 4037 priorum
2021 3979 2328 4025 consortes.
2371 3970 2568 4037 Quare,
2597 3972 2843 4043 inquam,
2873 3972 3110 4037 domine,
3143 3971 3209 4027 iis
3240 3970 3462 4041 quidem

209 4058 399 4113 aditus
429 4066 512 4113 est
534 4058 601 4111 ad
632 4055 1035 4127 paenitentiam,
1059 4056 1336 4126 prioribus
1369 4071 1501 4111 vero
1533 4072 1641 4112 non
1674 4058 1797 4111 est?
1825 4072 1961 4127 pene
1993 4058 2138 4112 enim
2164 4074 2353 4113 eorum
2389 4060 2574 4115 eadem
2610 4074 2738 4118 sunt
2770 4065 3029 4121 admissa.
3060 4063 3206 4128 ideo,
3259 4064 3457 4132 inquit,

208 4157 297 4205 est
331 4149 420 4203 his
441 4163 536 4218 per
563 4147 939 4217 pmnitentiam
964 4145 1078 4216 (42)
1102 4161 1388 4216 regressus
1429 4147 1495 4201 ad
1547 4146 1737 4213 vitam,
1761 4148 1889 4217 quia
1917 4148 2031 4219 (45)
2063 4150 2198 4204 nihil
2230 4151 2283 4205 in
2306 4150 2597 4207 Dominum
2622 4169 2781 4210 suum
2810 4158 2971 4213 locuti
3005 4164 3133 4212 sunt
3165 4156 3459 4211 nefandum

208 4261 394 4319 neque
420 4244 730 4315 proditores
758 4256 1043 4299 servorum
1080 4240 1174 4296 Dei
1205 4240 1430 4297 fuerunt
1463 4260 1476 4296 :
1507 4242 1601 4298 sed
1627 4256 1723 4312 per
1752 4242 2045 4312 quamdam
2070 4243 2309 4300 habendi
2335 4246 2446 4315 (44)
2469 4246 2820 4316 cupiditatem
2859 4248 3165 4304 fefellerunt
3186 4249 3456 4312 homines,

283 4358 480 4391 8³111Ψῖ

348 4360 396 4412 ll
420 4356 561 4412 Tim.
591 4373 654 4425 ιι,
680 4356 768 4413 19.

1320 4449 1553 4506 VARIIE
1592 4448 1928 4506 LECTIONE

1320 4449 1553 4506 VARIIE
1592 4448 1983 4506 LECTIONES
2020 4446 2110 4505 ET
2146 4448 2376 4503 NOT/E.

282 4568 399 4639 (9.4)
432 4567 632 4639 Auctor
673 4561 1108 4639 Operis‘imperf.
1160 4566 1215 4618 in
1269 4564 1461 4639 Matth.
1515 4564 1732 4639 iux,28
1761 4583 1775 4619 :
1953 4566 2066 4639 (55)
2097 4566 2296 4639 (Lamb.
2323 4577 2372 4621 et
2393 4568 2495 4622 erit
2523 4585 2707 4637 corpus
2737 4569 2849 4637 ejus
2890 4584 3024 4621 unus
3048 4568 3363 4621 intellectus.

209 4634 503 4707 Quoniam,
539 4635 732 4703 inquit,
781 4634 1095 4691 Judteorum
1145 4636 1367 4705 populus
1403 4638 1457 4689 in
1503 4636 1777 4707 duodecim
1953 4634 2066 4707 (54)
2097 4638 2287 4693 Lamb.
2319 4634 2648 4693 laudabitur.
2758 4634 2771 4637 ⁷
2826 4684 2829 4685 ν

208 4704 385 4765 tribus
413 4707 759 4779 fuitdivistts;
782 4707 870 4779 sic
890 4716 939 4779 et
969 4704 1241 4779 universus
1264 4706 1492 4779 populus
1515 4704 1769 4759 Christia-
1891 4776 1933 4779 μ
1953 4704 2065 4777 (55)
2099 4707 2252 4779 Bodl.
2288 4709 2606 4762 voluntatem
2640 4725 2850 4779 puram,
2887 4718 3088 4777 recepto
3115 4708 3305 4777 populo
3333 4724 3450 4763 suo.

208 4799 309 4835 nus
347 4778 544 4849 divisus
566 4786 642 4830 est
673 4776 729 4828 in
758 4776 1031 4849 duodecim
1075 4778 1263 4849 tribus,
1302 4777 1584 4830 secundum
1612 4793 1775 4847 quas—
1884 4776 2061 4849 Siciet
2096 4777 2288 4849 Lamb.
2315 4782 2522 4834 omissa
2558 4776 2735 4835 tamen
2764 4795 2914 4845 voce,
2944 4776 3166 4849 recepto.

205 4856 338 4907 dam
368 4848 709 4917 proprietates
735 4847 1052 4911 animorum,
1077 4858 1181 4901 etc.
1214 4847 1375 4901 FELL.
1624 4846 1630 4847 7
1953 4848 2065 4917 (56)
2094 4846 2284 4904 Lamb.
2313 4850 2545 4904 honeste.

289 4868 338 4904 m
404 4866 709 4916 ropnetates
735 4866 1052 4911 animorum,
1077 4866 1181 4901 etr.
1214 4866 1375 4901 rem“
1953 4866 2065 4917 (oo)
2094 4866 2284 4904 Lamb.
2313 4866 2545 4904 noneste.

282 4866 400 4993 (253,)
424 4918 618 4993 Lamb.
642 4926 890 4993 tanquam
922 4934 1059 4993 aqua
1092 4918 1248 4993 varii.
1292 4987 1318 4993 _
1364 4989 1375 4993 _
1764 4990 1774 4993 _
2088 4917 2278 4993 Lamb.
2305 4921 2603 4993 desunt,et
2624 4932 2892 4993 sanctum.

281 4986 521 5061 (‘26))Is.
557 4986 695 5061 Vict.
715 4996 771 5061 et
800 4988 855 5040 in
888 4986 1093 5061 nomine
1116 4986 1248 5041 Filii
1274 4987 1395 5061 ‘Dei,
1418 5004 1451 5061 ᾳ
1478 5003 1578 5044 auo
1599 4990 1775 5061 Avocati
1932 4986 2073 5061 (58)
2098 4988 2174 5042 Ita
2212 5004 2343 5044 mss.
2390 4990 2795 5056 Lamb.,Carm.
2822 5004 2877 5047 et
2897 4988 3101 5044 Victor.
3132 4988 3220 5044 Sic
3240 4996 3292 5043 et
3314 4987 3448 5043 Felli

208 5055 357 5119 sunt.
381 5055 517 5113 Felli
546 5058 675 5113 edit.
706 5055 881 5112 Oxon.
914 5058 1116 5113 omissa
1165 5057 1567 5127 conjunctione,
1592 5058 1646 5110 in
1674 5074 1775 5110 uno
1879 5055 2011 5112 edit.
2040 5057 2215 5113 Oxon.
2244 5060 2328 5113 Al.
2363 5055 2652 5116 veritatem.

208 5134 441 5191 nomine.
1950 5129 2062 5193 (59)
2092 5128 2280 5184 Lamb.
2312 5133 2615 5185 traditores.

280 5202 397 5271 (27)
430 5201 619 5256 Lamb.
665 5201 805 5254 intra
843 5198 1081 5259 se,Bodl.
1127 5200 1263 5271 inter
1292 5215 1346 5253 se
1378 5210 1770 5271 consenserunt.
1949 5198 2060 5269 (4οὶ
2089 5198 2230 5271 _Mss.
2262 5200 2451 5255 Lamb.
2480 5211 2533 5256 et
2564 5201 2699 5257 Vict.
2729 5211 2994 5259 scabrosa.

1950 5268 2061 5342 (41)
2088 5268 2279 5325 Lamb.
2334 5273 2531 5326 desunt
2576 5291 2722 5328 mons
2756 5286 2808 5330 et
2852 5286 2951 5328 est.
2999 5274 3178 5330 Fellus
3225 5286 3443 5342 quoque

279 5269 395 5346 (28)
442 5271 633 5327 Lamb.
693 5287 850 5340 quam
919 5271 1110 5340 potius.
1170 5269 1320 5324 Bodl.
1376 5270 1574 5324 desunt
1617 5284 1773 5338 (μιαηι

1878 5340 2079 5395 omittit
2104 5351 2181 5393 est
2210 5342 2262 5394 in
2302 5342 2431 5397 edit.
2462 5342 2636 5396 Oxon.

210 5350 377 5418 prius.

283 5418 396 5485 (29)
434 5416 623 5471 Lamb.
654 5414 825 5477 deest,
864 5411 1101 5467 Domine.
1947 5413 2058 5485 (42)
2089 5409 2275 5485 Lamb.
2300 5414 2635 5485 ρωηίιεηιὶω.

281 5481 395 5559 (50)
417 5487 607 5559 Lamb.
638 5500 864 5559 eamea.
1888 5552 1900 5559 _
1924 5481 2179 5559 _(33)ASic
2229 5499 2360 5537 mss.
2413 5484 2594 5537 Carm.
2626 5492 2679 5536 et
2725 5482 2862 5539 Vict.
2902 5484 2991 5539 Sic
3025 5494 3077 5539 ct
3101 5485 3231 5540 edit.
3257 5482 3438 5542 Oxon.

282 5552 397 5627 (51)
427 5558 618 5611 Lamb.
644 5555 927 5621 duplicius.
1032 5626 1038 5627 γ
1102 5623 1139 5627 __
1387 5623 1397 5627 _
1439 5622 1449 5627 _
1514 5622 1544 5627 η
1584 5620 1595 5627 .
1872 5552 2093 5627 Al._qtti.

284 5620 396 5696 ἱ52)
433 5628 622 5682 Lamb.
647 5620 816 5688 deest,
864 5626 1061 5682 vidisti.
1098 5623 1213 5679 llue
1257 5622 1478 5692 respicit
1507 5620 1767 5689 Origenes
1942 5620 2055 5691 («Ml
2092 5622 2219 5678 Mss.
2250 5624 2406 5695 Angl.
2439 5623 2749 5690 accipiendi.

214 5687 473 5755 Philaeni.
509 5713 628 5765 cap.
663 5697 710 5750 8.
