4002 6308
607 294 713 351 999
2025 292 2083 345 S.
2116 287 2187 343 ιιι

2181 287 2379 344 ΞΒΜᾹΞ
3660 300 3761 353 lolii)

606 406 867 463 ducentes
883 422 976 464 eos
998 404 1295 463 sccdndum
1317 402 1642 473 cupiditates
1657 401 1769 471 (45)
1798 399 2170 471 peccantium;
2198 400 2319 455 ideo
2336 399 2544 455 dabunt
2571 399 2863 471 quamdam
2886 400 3007 471 ejus
3025 398 3102 454 rei
3122 411 3367 467 ptenam;
3401 399 3488 455 sui
3515 410 3665 457 tamen
3680 406 3763 477 (itii

606 502 676 557 iis
708 502 987 572 proposita
1020 508 1104 554 est
1135 493 1615 570 ptenitentia,quia
1636 492 1749 563 (47)
1786 490 1922 546 nihil
1960 490 2015 545 in
2049 488 2343 544 Dominum
2378 504 2540 543 suum
2573 489 2831 545 dixerunt
2861 488 3180 544 nefandum.

2020 607 2249 663 CAPUT
2296 606 2415 662 XX.

677 710 752 766 De
802 710 966 764 tertio
1016 723 1147 764 vero
1186 717 1370 763 monte
1411 704 1505 775 qui
1554 705 1742 773 spinas
1769 711 1823 757 et
1870 702 2102 757 tribulos
2145 700 2385 755 habebat
2423 717 2436 754 :
2475 700 2613 754 tales
2654 709 2782 755 sunt
2819 700 2915 771 qui
2962 701 3331 768 crediderunt,
3369 704 3554 760 divites
3576 707 3768 775 quidam,

607 804 825 876 quidam
886 810 1066 857 autem
1113 800 1360 870 plurimis
1411 800 1662 855 obstricti
1731 798 1961 868 negotiis
2020 796 2134 867 (48)
2168 815 2181 850 :
2220 796 2407 850 tribuli
2455 796 2603 851 enim
2645 796 2845 851 divitia:
2883 797 3105 863 sunt”;
3146 800 3317 868 spinae
3351 816 3494 867 vero,
3518 804 3599 871 qui
3631 808 3770 863 multis

607 902 825 972 obligati
862 908 990 955 sunt
1028 900 1278 970 negotiis.
1304 894 1369 949 lli
1398 910 1527 965 ergo
1554 893 1667 965 (49)
1697 894 1791 963 qui
1822 893 2077 963 plurimis
2102 890 2328 961 obligati
2358 900 2486 947 sunt
2510 892 2745 961 negotiis
2774 893 3048 961 variisque
3077 892 3261 959 rebus,
3299 908 3405 946 non
3442 894 3764 966 adjunguntse

607 994 779 1047 servis
814 992 907 1045 Dei
927 1032 940 1053 .
974 992 1070 1047 sed
1100 992 1381 1055 aberrant,
1407 989 1475 1043 ab
1503 989 1588 1043 his
1613 988 1844 1057 negotiis
1876 985 2114 1042 revocati
2145 984 2258 1056 (50)
2287 1001 2318 1040 a
2348 986 2550 1056 quibus
2582 985 2940 1042 suffocantur.
2974 986 3151 1041 Etiam
3181 996 3235 1042 et
3264 988 3321 1042 hi
3351 989 3442 1058 qui
3465 989 3638 1047 divites
3661 1007 3769 1059 sunt.

607 1082 709 1152 ipsi
750 1081 995 1136 dillieiles
1039 1097 1098 1136 se
1146 1081 1212 1135 ad
1246 1078 1716 1134 conversationem
1744 1076 1857 1147 (5f)
1886 1091 2167 1131 servorum
2201 1075 2298 1129 Dei
2341 1076 2601 1146 praebent,
2637 1085 2939 1132 metuentes
2972 1093 3041 1133 ne
3072 1080 3204 1149 quid
3231 1092 3484 1151 poscatur
3509 1086 3570 1139 ab
3594 1086 3681 1141 illis
3703 1107 3713 1141 :
3733 1089 3771 1146 hi

606 1187 736 1244 ergo
761 1173 976 1227 difficile
1009 1174 1061 1228 in
1098 1189 1322 1244 regnum
1362 1172 1454 1227 Dei
1489 1173 1769 1229 intrabunt
1788 1174 1856 1228 ".
1894 1173 2051 1228 Sicut
2083 1173 2228 1226 enim
2272 1173 2597 1227 excalceatis
2630 1173 2881 1243 pedibus,
2907 1174 3119 1230 difﬁcile
3146 1177 3201 1231 in
3238 1178 3451 1234 tribulis
3477 1182 3769 1239 ambulatur:

607 1272 686 1326 sic
710 1278 763 1325 et
796 1271 1105 1340 hujusmodi
1144 1272 1391 1327 homines
1425 1272 1640 1326 ditlicile
1661 1278 1745 1325 est
1777 1270 1832 1324 in
1860 1285 2085 1339 regnum
2110 1267 2205 1323 Dei
2251 1268 2478 1322 intrare.
2526 1266 2633 1323 Sed
2668 1278 2721 1323 et
2752 1270 2832 1323 eis
2859 1270 3112 1325 omnibus
3165 1270 3326 1326 datur
3361 1272 3429 1326 ad
3462 1274 3772 1342 paenitentiam

606 1378 907 1439 regressus,
940 1363 986 1417 si
1041 1372 1219 1419 tamen
1285 1368 1394 1421 cito
1451 1366 1712 1420 redierint
1765 1365 1831 1421 ad
1879 1366 2063 1430 illam;
2103 1372 2163 1418 ut
2215 1363 2342 1432 quia
2383 1363 2657 1433 prioribus
2690 1364 2882 1418 diebus
2923 1374 3276 1420 cessaverunt
3301 1367 3371 1421 ab
3398 1382 3572 1436 opere,
3600 1370 3773 1436 repetito

607 1462 849 1526 tempore
891 1456 1095 1525 aliquid
1143 1457 1271 1511 boni
1306 1456 1482 1513 facere
1529 1457 1761 1526 possint.
1812 1456 1942 1511 Acta
1981 1457 2144 1527 igitur
2181 1456 2520 1525 paenitentia,
2572 1456 2617 1510 si
2666 1454 2893 1511 fecerint
2948 1472 3112 1525 opera
3166 1459 3450 1526 bonitatis,
3488 1460 3772 1517 viveutzsiu

606 1557 787 1604 autem
822 1549 876 1603 in
912 1550 1166 1605 admissis
1202 1552 1316 1606 suis
1352 1547 1774 1617 permanserint,
1802 1547 2080 1600 tradentur
2113 1546 2433 1600 mulieribus
2467 1545 2574 1600 illis
2606 1561 2726 1615 quae
2757 1546 2837 1601 eis
2872 1544 3121 1601 auferent
3148 1548 3335 1602 vitam.

2018 1666 2245 1722 CAPUT
2292 1666 2435 1720 XXI.
3207 1712 3215 1720 .

676 1766 752 1820 De
808 1774 1003 1836 quarto
1054 1778 1184 1816 vero
1238 1769 1421 1815 monte
1468 1762 1700 1816 habente
1744 1760 2030 1831 plurimam
2077 1760 2303 1814 herbam
2331 1758 2467 1829 (52),
2502 1758 2659 1825 cujus
2702 1759 2952 1827 superior
2994 1773 3121 1827 pars
3152 1757 3345 1814 viridis
3378 1767 3512 1823 erat,
3548 1761 3661 1829 ipsa:
3685 1777 3777 1819 rem

607 1862 819 1916 radices
874 1860 1064 1925 aridae;
1123 1858 1370 1927 quaedam
1428 1857 1589 1911 etiam
1625 1870 1656 1909 a
1689 1857 1820 1911 solis
1843 1856 2037 1910 ardore
2062 1852 2176 1924 (53)
2201 1862 2360 1908 tacta:
2392 1853 2712 1908 arescebant
2744 1871 2758 1907 :
2797 1853 3107 1921 hujusmodi
3142 1863 3272 1907 sunt
3305 1852 3525 1921 quidam
3556 1853 3683 1908 dubii
3709 1858 3772 1925 qui

607 1955 973 2017 crediderunt,
1025 1964 1079 2009 et
1134 1957 1354 2026 quidam
1388 1955 1479 2008 alii
1516 1955 1571 2009 in
1606 1956 1767 2010 labiis
1810 1953 2121 2016 Dominum,
2158 1967 2268 2006 non
2316 1951 2373 2005 in
2415 1951 2579 2005 corde
2620 1948 2874 2005 ferentes.
2912 1949 3147 2020 Ideoque
3177 1948 3348 2004 arida:
3380 1959 3524 2014 sunt,
3550 1960 3599 2005 et
3618 1952 3775 2006 nullum

608 2044 1023 2098 fundamentum
1051 2046 1162 2114 (54)
1189 2046 1450 2101 habentes
1491 2045 1673 2099 herbae
1706 2059 1895 2098 eorum
1930 2061 1944 2098 :
1979 2042 2163 2097 verbis
2194 2040 2341 2096 enim
2377 2041 2756 2095 tantummodo
2790 2041 3011 2107 vivunt,
3037 2056 3203 2111 opera
3236 2056 3371 2097 vero
3403 2057 3585 2097 eorum
3615 2054 3776 2099 mortua

608 2146 753 2192 sunt.
792 2136 855 2190 lli
888 2152 1017 2208 ergo
1052 2154 1153 2193 nec
1196 2140 1397 2193 mortui
1434 2148 1563 2192 sunt
1592 2154 1691 2193 nec
1723 2138 1851 2204 vivi,
1879 2146 1933 2193 et
1958 2136 2107 2192 dubii
2141 2135 2392 2191 similiter
2425 2142 2574 2189 sunt.
2609 2133 2716 2206 lpsi
2750 2136 2894 2190 enim
2928 2135 3100 2200 dunii,
3140 2150 3238 2192 nec
3276 2138 3484 2194 virides
3507 2148 3623 2193 sunt
3649 2156 3775 2209 neque

607 2229 779 2295 aridi;
814 2228 865 2283 id
899 2238 983 2285 est
1015 2246 1115 2286 nec
1146 2231 1254 2284 vivi
1280 2246 1379 2284 nec
1412 2231 1630 2285 mortui.
1669 2228 1822 2285 Sicut
1853 2230 1996 2285 enim
2030 2228 2208 2283 herba:
2234 2241 2447 2294 eorum,
2480 2226 2593 2283 sole
2619 2229 3159 2295 viso,aruerunt:ita
3185 2241 3239 2284 et
3268 2228 3445 2296 dubii,
3472 2231 3621 2286 simul
3642 2238 3688 2285 ut
3704 2246 3775 2283 au-

606 2323 827 2377 dierunt
862 2325 1316 2393 persecutionem,
1345 2324 1691 2380 incommoda
1716 2326 1830 2397 (55)
1864 2332 2187 2391 metuentes,
2218 2324 2498 2378 redierunt
2545 2324 2613 2379 ad
2661 2324 2981 2390 simulacra,
3010 2332 3067 2378 et
3091 2341 3280 2381 rursus
3315 2327 3615 2383 servierunt
3644 2330 3775 2393 eis,et

607 2420 950 2474 erubuerunt
982 2419 1199 2475 Domini
1234 2422 1317 2476 sui
1362 2421 1503 2477 ferre
1540 2439 1761 2477 nomen.
1832 2421 2159 2493 Hujusmodi
2196 2435 2327 2491 ergo
2375 2420 2644 2485 homines,
2673 2436 2774 2476 nec
2827 2420 2935 2474 vivi
2976 2434 3078 2475 nec
3128 2419 3331 2475 mortui
3365 2430 3525 2487 sunt;
3562 2421 3643 2475 sed
3675 2420 3774 2474 ethi

608 2522 837 2582 possunt
878 2514 1081 2581 vivere,
1108 2514 1155 2570 si
1204 2516 1316 2572 cito
1366 2519 1577 2589 egerint
1618 2519 2024 2590 pmnitentiam;
2053 2518 2138 2574 sin
2186 2519 2371 2573 minus
2406 2516 2521 2587 jam
2563 2517 2749 2572 traditi
2777 2526 2906 2573 sunt
2943 2514 3263 2571 mulieribus
3299 2515 3409 2572 illis
3439 2530 3555 2585 quae
3584 2516 3775 2571 auferent

606 2609 773 2664 vitain
808 2626 1022 2667 eorum.

2007 2707 2233 2764 CAPUT
2271 2706 2438 2764 XXII.

676 2796 753 2851 De
799 2798 989 2868 quinto
1041 2813 1171 2854 vero
1211 2810 1397 2857 monte
1425 2817 1621 2872 aspero
1652 2812 1706 2857 et
1736 2802 1934 2857 virides
1968 2802 2165 2857 herbas
2189 2802 2421 2856 habente
2454 2818 2470 2856 :
2504 2799 2818 2870 hujusmodi
2851 2807 2980 2854 sunt
3015 2800 3110 2868 qui
3138 2802 3485 2857 crediderunt
3508 2803 3671 2858 ﬁdeles
3692 2801 3778 2870 qui-

624 2889 770 2957 dem,
836 2892 930 2946 sed
964 2891 1178 2946 dimi-ile
1222 2893 1526 2955 credentes,
1569 2899 1623 2944 et
1667 2890 1902 2945 audaces
1956 2903 2020 2943 ac
2071 2888 2177 2943 sibi
2231 2890 2535 2959 placentes;
2563 2888 2808 2945 volentes
2842 2886 3011 2942 videri
3041 2888 3152 2954 (56)
3189 2903 3388 2948 cuncta
3422 2894 3557 2948 scire
3592 2892 3777 2961 nihilque

606 2985 831 3039 omnino
882 2986 1136 3040 scientes.
1168 2984 1398 3056 Propter
1451 2985 1592 3039 hanc
1648 2984 1809 3054 igitur
1854 2983 2159 3049 audaciam,
2191 2998 2388 3039 sensus
2428 2983 2684 3039 discessit
2734 2984 2802 3039 ab
2832 2982 2961 3049 illis,
2995 2991 3050 3037 et
3083 2984 3305 3039 intravit
3337 2985 3392 3039 in
3428 3000 3521 3040 eos
3552 2980 3777 3040 temeraria

605 3078 916 3147 arrogantia
951 3078 1087 3149 (57).
1123 3078 1396 3133 Sublimes
1429 3081 1610 3127 autem
1659 3087 1720 3127 se
1757 3080 1972 3142 gerunt,
2006 3080 2061 3125 et
2091 3072 2258 3127 veluti
2308 3072 2631 3143 prudentes;
2676 3082 2731 3129 et
2786 3089 2912 3129 cum
2955 3073 3065 3128 sint
3103 3074 3276 3139 stulti,
3308 3076 3539 3145 cupiunt
3585 3076 3778 3129 doctores

607 3170 797 3224 videri.
829 3168 1055 3238 Propter
1095 3168 1237 3224 hanc
1270 3166 1556 3223 stultitiam
1576 3206 1592 3230 ,
1620 3164 1747 3218 dum
1794 3179 1852 3219 se
1889 3165 2259 3234 magnificam,
2294 3166 2451 3219 multi
2479 3164 2671 3221 eurum
2702 3167 2963 3222 exinaniti
2994 3177 3137 3223 sunt.
3167 3165 3424 3236 Magnum
3455 3167 3593 3223 enim
3625 3166 3778 3219 daemo-

608 3262 759 3317 nium
786 3271 869 3316 est
899 3262 1125 3316 audacia
1154 3271 1205 3316 et
1226 3261 1548 3316 confidentia
1572 3259 1776 3316 inanis.
1802 3256 1879 3312 Ex
1911 3259 1996 3313 his
2031 3259 2196 3328 igitur
2224 3260 2375 3314 multi
2405 3260 2599 3331 abjecti
2631 3269 2778 3316 sunt.
2805 3261 2911 3315 Alii
2941 3269 3121 3316 autem
3151 3264 3339 3334 agnito
3365 3261 3477 3333 (58)
3501 3275 3669 3317 errore
3686 3269 3775 3322 suo,

607 3360 978 3432 paenitentiam
1029 3369 1274 3431 egerunt,
1308 3369 1361 3414 et
1392 3358 1756 3413 subdiderunt
1801 3371 1861 3413 se
1894 3356 2219 3413 habentibus
2266 3372 2509 3413 sensum.
2542 3356 2647 3413 Sed
2686 3368 2741 3412 et
2786 3359 2995 3414 cmteris
3026 3358 3221 3413 horum
3251 3354 3520 3409 similibus
3558 3348 3777 3422 proposita

607 3466 689 3508 est
718 3453 1063 3523 ptenitentia;
1098 3467 1272 3521 neque
1296 3453 1439 3507 enim
1468 3452 1597 3506 mali
1633 3450 1983 3517 fuerunt,sed
2008 3451 2331 3521 insipientes
2361 3454 2543 3523 potius
2571 3460 2626 3507 et
2658 3454 2830 3508 stulti.
2864 3452 2931 3507 Hi
2958 3469 3105 3523 ergo,
3136 3451 3184 3507 si
3213 3447 3775 3522 egerintpmnitentiam,

607 3545 787 3600 vivent
818 3542 926 3598 Deo
959 3561 973 3598 :
1006 3544 1089 3598 sin
1122 3543 1326 3610 minus,
1360 3543 1683 3598 habitabunt
1711 3557 1836 3597 cum
1882 3541 2202 3598 mulieribus
2237 3543 2363 3611 illis,
2398 3560 2521 3615 qua:
2548 3545 2820 3615 nequitias
2849 3560 2978 3600 suas
3005 3545 3335 3601 exercebunt
3365 3544 3420 3600 in
3452 3545 3530 3599 eis
3553 3542 3676 3613 (59).

1986 3653 2216 3710 CAPUT
2258 3654 2448 3712 XXIII.

678 3757 753 3812 De
780 3766 933 3813 sexto
956 3771 1086 3812 vero
1110 3760 1293 3810 monte
1316 3751 1547 3806 habente
1571 3749 1843 3803 seissuras
1887 3733 2125 3817 majores
2165 3758 2219 3803 et
2244 3749 2488 3805 minores
2528 3768 2542 3804 :
2577 3750 2890 3820 hujusmodi
2924 3760 3051 3807 sunt
3078 3752 3169 3823 qui
3203 3752 3565 3809 crediderunt.
3597 3751 3655 3805 Et
3676 3749 3721 3803 hi
3741 3746 3777 3801 in

607 3851 807 3921 quibus
838 3850 1093 3904 scissura:
1125 3846 1363 3900 minores
1390 3842 1635 3907 erant,hi
1665 3849 1794 3895 sunt
1815 3840 1910 3911 qui
1939 3841 2079 3895 inter
2110 3857 2171 3896 se
2198 3842 2400 3898 habent
2422 3844 2636 3910 lites,et
2658 3857 2878 3917 propter
2903 3846 3155 3915 querelas
3182 3865 3310 3903 suas
3332 3849 3389 3904 in
3425 3850 3527 3904 fide
3546 3850 3776 3919 languent;

608 3940 701 3995 sed
730 3940 884 3994 multi
918 3956 983 3994 ex
1019 3939 1086 3994 iis
1118 3944 1346 4008 egerunt
1375 3935 1753 4005 ptenitentiam
1790 3951 1803 3986 :
1843 3933 2095 4003 idemque
2118 3936 2299 3990 caeteri
2341 3935 2539 3992 facient
2566 3938 2699 4010 (60),
2721 3940 2925 3995 auditis
2954 3940 3222 3995 mandatis
3260 3941 3430 4009 meis;
3460 3940 3653 4011 exigua:
3672 3936 3777 3992 enim

607 4043 735 4089 sunt
759 4034 878 4089 lites
914 4048 1127 4094 eorum,
1165 4046 1230 4086 ac
1260 4030 1415 4087 facile
1444 4032 1510 4085 ad
1548 4030 1927 4101 pmnitentiatn
1962 4040 2247 4085 recurrent
2284 4031 2418 4101 (6t).
2443 4033 2514 4088 At
2544 4034 2598 4089 hi
2642 4036 2736 4105 qui
2768 4035 3004 4105 majores
3047 4035 3265 4101 habent,
3296 4033 3443 4090 sicut
3470 4034 3662 4104 lapides
3687 4044 3777 4100 per-

606 4125 812 4181 tinaces
857 4133 1041 4191 erunt,
1090 4123 1425 4177 simultatum
1460 4121 1571 4194 (62)
1602 4129 1657 4176 et
1701 4120 2035 4175 offensarum
2077 4130 2206 4176 sunt
2233 4138 2525 4189 memores,
2555 4125 2893 4181 iracundiam
2948 4125 3088 4181 inter
3129 4141 3190 4181 se
3227 4137 3561 4182 exercentes.
3594 4124 3650 4178 lii
3685 4134 3779 4190 ergo

606 4218 803 4290 abjeeti
862 4227 989 4276 sunt
1018 4233 1048 4272 a
1084 4218 1240 4285 turri,
1269 4227 1323 4273 et
1354 4232 1385 4271 a
1415 4225 1688 4272 structura
1731 4214 1849 4283 ejus
1880 4213 2150 4282 reprobati
2184 4232 2197 4268 :
2235 4215 2542 4286 hujusmodi
2569 4233 2698 4289 ergo
2724 4219 2974 4273 homines
3001 4216 3214 4273 difficile
3243 4218 3447 4275 vivent.
3482 4218 3615 4273 Deus
3641 4225 3685 4271 et
3709 4213 3781 4267 Do-

607 4313 790 4367 minus
832 4322 1019 4368 noster
1060 4312 1155 4383 qui
1198 4312 1510 4368 dominatur
1535 4310 1783 4364 omnium
1829 4323 2036 4375 rerum,
2066 4317 2120 4363 et
2149 4319 2413 4366 creaturae
2440 4327 2555 4367 sua:
2581 4314 2846 4369 universae
2879 4313 3044 4367 habet
3073 4310 3186 4383 (65)
3223 4319 3564 4381 potestatem,
3594 4307 3779 4362 offensas

608 4406 921 4461 meminisse
946 4422 1056 4460 non
1088 4405 1234 4473 vult;
1264 4404 1356 4461 sed
1399 4404 1468 4459 ab
1498 4403 1581 4458 his
1612 4402 1706 4472 qui
1740 4410 1966 4472 peccata
1998 4417 2097 4458 sua
2130 4404 2479 4473 confitentur,
2507 4406 2666 4461 facile
2695 4407 2954 4476 placatur.
2989 4404 3164 4460 Homo
3190 4419 3318 4460 vero
3355 4420 3481 4461 cum
3517 4403 3584 4460 sit
3613 4396 3779 4469 langui«

608 4501 731 4565 dus,
784 4500 1052 4567 mortalis,
1108 4500 1357 4555 infirmus
1413 4509 1466 4555 et
1501 4499 1738 4569 repletus
1776 4499 2053 4568 peccatis,
2086 4500 2291 4555 homini
2346 4512 2755 4572 perseveranter
2810 4501 3144 4568 irascitur“,
3193 4509 3451 4570 tanquam
3513 4503 3779 4553 conservare

606 4602 732 4644 cum
757 4589 932 4658 possit
956 4597 1051 4643 aut
1085 4591 1309 4658 perdere
1328 4592 1394 4646 ".
1422 4590 1533 4663 Ego
1560 4603 1743 4645 autem
1774 4605 1873 4646 vos
1896 4605 2117 4658 moneo,
2140 4592 2367 4648 nuntius
2399 4601 2454 4648 et
2482 4593 2803 4663 praepositus
2832 4591 3179 4661 poenitentiae,
3202 4598 3261 4645 ut
3296 4590 3600 4659 quicunque
3625 4594 3777 4654 ριόροα

611 4705 715 4832 n9“
744 4708 930 4764 Matth.
956 4725 1076 4776 xm,
1103 4709 1191 4765 22.
1267 4712 1311 4745 θ’
1328 4712 1517 4769 Matth.
1559 4730 1673 4780 xix,
1695 4713 1783 4780 25,
1807 4714 1905 4779 24;
1934 4713 2102 4770 Marc.
2190 4727 2244 4779 x,
2315 4716 2419 4786 25;
2447 4716 2583 4772 Luc.
2609 4734 2766 4782 xvm,
2789 4716 2882 4771 9.4.
2942 4716 2989 4748 ’θ
3009 4712 3177 4769 Eceli.
3204 4724 3395 4775 xxvnt,
3421 4709 3472 4763 5.
3546 4701 3701 4756 "Jac.
3723 4710 3775 4762 IV,

1682 4870 1914 4929 VARLE
1955 4871 2335 4929 LECTIONES
2373 4874 2461 4928 ET
2501 4873 2733 4930 ΝΟΤᾸΞ.

682 4964 792 5033 (45)
819 4962 1136 5035 Mss._Angl.
1161 4960 1442 5018 desideria.
1476 4962 1567 5020 Stc
1593 4974 1647 5020 et
1672 4966 1800 5019 edit.
1833 4964 2008 5020 Oxon.
2344 4964 2458 5035 (55)
2486 4966 2674 5021 Lamb.
2708 4967 2867 5021 simul
2912 4964 3179 5019 audientes
3213 4963 3607 5032 persecutionem
3645 4965 3687 5010 et
3717 4954 3774 5005 in-

681 5032 793 5105 (46)
818 5032 1006 5087 Lamb.
1038 5035 1300 5105 tormenti.
1353 5103 1377 5105 μ
1862 5104 1865 5105 ν
2274 5032 2566 5090 commoda.

682 5101 792 5176 (i7)
821 5105 1079 5179 S_ic.mss.
1102 5101 1242 5158 Vict.
1264 5113 1312 5158 et
1340 5103 1523 5159 Carm.
1549 5120 1648 5175 pro
1670 5106 1812 5175 quia.
1835 5104 1927 5161 Sic
1959 5115 2012 5161 et
2034 5106 2166 5161 edit.
2346 5106 2459 5179 (56)
2490 5105 2682 5179 Lamb.
2703 5106 2887 5179 deest,
2912 5105 3103 5160 videri.
3392 5174 3403 5179 Α
3508 5170 3544 5179 _

608 5162 788 5232 Οιόιιί
825 5175 1046 5244 ALqui.
1191 5244 1198 5246 _
1550 5162 1566 5175 ’
1682 5162 1693 5175 ”
2289 5243 2305 5246 _
2348 5162 2460 5245 (57)
2498 5175 2629 5232 Mss.
2683 5177 2843 5246 Angl.
2874 5162 3047 5246 'fatua
3105 5174 3455 5242 prwsumptio.
3506 5167 3625 5225 Felli
3674 5162 3770 5219 edit.

680 5248 791 5317 (48)
824 5243 1013 5317 Lamb.
1036 5246 1125 5315 qui
1146 5244 1387 5317 plurimis
1412 5246 1664 5317 obstricti
1682 5246 2064 5317 suntnegotiis.
2274 5243 2456 5317 Oxon.
2492 5243 3158 5317 temeraria'prtésumptio.

681 5314 792 5388 (liti)
822 5316 953 5388 Mss.
982 5314 1139 5388 Angl.
1168 5314 1219 5369 Ii
1249 5332 1387 5370 vero.
1424 5314 1516 5369 Sic
1544 5325 1598 5370 et
1625 5315 1756 5369 Felli
1783 5316 1914 5369 edit.
1938 5314 2114 5370 Oxon.
2350 5316 2461 5388 (58)
2488 5316 2617 5388 Mss.
2653 5314 3061 5388 Angl.:cognito.

681 5385 792 5457 (50)
817 5387 943 5441 Mss.
968 5385 1125 5456 Angl.
1162 5387 1353 5441 vocati.
2344 5385 2474 5457 (59).
2496 5387 2624 5442 Mss.
2649 5385 2807 5453 Angl.
2840 5385 3100 5441 exercent.

704 5459 793 5529 51)
829 5458 912 5529 Al.
950 5455 1353 5529 conuersionem.
2340 5455 2453 5529 (60)
2479 5456 2674 5529 Lamb.
2700 5458 2913 5527 ideoque
2939 5467 3129 5512 caetera
3159 5455 3381 5525 faciunt.

705 5526 791 5602 5g)
925 5527 1183 5602 plurimas
1219 5528 1427 5602 herbas,
1450 5540 1696 5598 quarum.
2340 5526 2452 5602 )
2478 5526 2667 5602 Lamb.
2704 5526 3004 5602 recurrunt.
3101 5595 3111 5602 Δ
3363 5596 3374 5602 μ
3397 5597 3409 5602 _
3474 5596 3484 5602 _
3598 5591 3608 5602 .

682 5582 795 5668 (5⁸5)
823 5582 1129 5668 Mss.Angl.
1164 5599 1354 5651 calore.
1415 5582 1426 5593 ’
1462 5582 1474 5598 ’
1645 5666 1688 5668 μ
1854 5664 1891 5668 _
2302 5666 2309 5668 Α
2342 5582 2457 5664 (62)
2491 5596 2683 5652 Lamb.
2726 5599 2901 5667 deest,
2950 5595 3310 5653 simultatum.
3346 5596 3434 5652 Al.
3468 5596 3517 5650 in
3568 5582 3763 5646 simul“;

684 5664 795 5736 (54)
831 5666 1020 5721 Lamb.
1052 5664 1199 5722 nulla
1230 5669 1593 5738 fundamenta.
1636 5666 1727 5725 Sic
1767 5674 1820 5721 et
1853 5664 1983 5722 Felli
2038 5668 2168 5724 edit.
2272 5666 2528 5738 tibus,et_.
2570 5690 2573 5693 ν

611 5737 783 5798 Oxuu.
1231 5735 1238 5738 ’
2344 5736 2455 5806 (65)
2490 5735 2676 5792 Lamb.
2710 5738 2923 5793 habens.
