4002 6308
234 270 374 328 1001
1365 274 1656 331 PASTOR.
1695 306 1766 317 --
1802 277 1814 330 l

1918 316 1931 333 .
1975 278 2063 332 tn.
2107 275 2307 331 SlMlL.
2349 277 2439 332 1x.
3358 286 3498 343 tm

232 395 404 447 situm
452 392 559 448 tale
586 392 699 464 (64)
750 393 987 455 habetis,
1014 391 1301 462 deponatis
1342 393 1496 459 illud,
1524 404 1579 449 et
1619 394 1686 450 ad
1730 394 2106 465 paenitentiam
2137 393 2435 449 recurratis
2469 412 2481 447 :
2511 402 2565 448 et
2593 392 2856 450 Dominus
2886 397 3192 454 medebitur
3221 400 3499 471 prioribus

230 486 453 543 delictis
475 488 673 544 vestris
691 487 825 560 (65),
857 491 901 544 si
934 488 1003 543 ab
1038 489 1142 543 hoc
1171 490 1444 545 daemonio
1480 506 1576 546 vos
1604 490 2051 561 puriﬁcavcritis;
2087 491 2172 545 sin
2206 492 2409 556 minus,
2436 490 2503 543 ad
2534 499 2764 544 mortem
2792 494 3080 550 trademini
3117 496 3212 551 illi.

1623 608 1853 665 CAPUT
1910 608 2102 664 XXIV.

306 696 385 753 De
431 708 621 754 monte
670 714 799 755 vero
849 703 1081 770 septimo
1126 704 1180 758 in
1211 719 1321 773 quo
1357 700 1559 758 virides
1584 712 1638 756 et
1667 702 1869 757 hilares
1903 708 2060 755 erant
2093 699 2298 761 herbae,
2326 708 2380 753 et
2421 706 2572 753 totus
2602 712 2763 752 mons
2813 696 3006 753 fertilis
3049 708 3188 763 erat,
3229 715 3503 770 omneque

226 804 412 860 genus
460 793 731 860 pecudum
778 794 1077 862 carpebant
1106 794 1366 863 pabulum
1392 808 1458 847 ex
1483 790 1671 847 herbis
1704 791 1908 846 montis
1939 790 2224 859 ejusdem;
2254 799 2309 844 et
2339 801 2546 858 quanto
2576 789 2753 859 magis
2782 790 2960 845 herba:
2986 790 3089 845 illa:
3110 791 3498 861 carpebantur,

223 892 391 940 tanto
438 887 673 943 lzetiores
714 888 1029 943 revirebant
1056 888 1210 958 (66):
1247 885 1566 959 hujusmodi
1620 898 1748 943 sunt
1802 886 1896 957 qui
1942 886 2313 952 crediderunt,
2348 884 2627 954 simplices
2680 893 2734 938 et
2790 883 2920 936 boni
2971 898 3205 953 semper,
3238 895 3293 938 et
3320 884 3500 941 nullas

224 975 501 1033 habentes
542 979 687 1034 inter
722 995 781 1035 se
815 981 1220 1047 dissensiones;
1251 982 1347 1036 sed
1396 982 1642 1036 laetantes
1675 996 1893 1050 semper
1930 980 1997 1036 de
2038 980 2213 1036 servis
2241 979 2357 1044 Dei,
2390 978 2564 1034 induti
2595 977 2846 1048 spiritum
2883 976 3154 1045 virginum
3185 976 3410 1045 harum;
3446 988 3502 1035 et

222 1087 454 1143 semper
486 1074 538 1127 in
587 1090 782 1130 omnes
818 1076 1073 1132 homines
1096 1077 1208 1148 (67)
1234 1080 1301 1133 ad
1339 1077 1645 1133 faciendam
1676 1078 2112 1133 misericordiam
2147 1077 2404 1147 prompti,
2430 1085 2485 1131 et
2512 1076 2579 1129 de
2608 1074 2891 1129 laboribus
2923 1074 3040 1129 suis
3073 1077 3289 1131 cunctis
3316 1077 3499 1133 homi-

222 1166 401 1220 nibus
433 1166 589 1221 facile
620 1169 924 1226 tribuentes
958 1172 1077 1225 sine
1112 1170 1447 1241 improperio
1472 1181 1526 1226 et
1558 1171 1971 1227 deliberatione.
2005 1170 2133 1226 Visa
2158 1172 2323 1242 igitur
2347 1171 2613 1225 Dominus
2640 1170 2986 1240 simplicitate
3020 1180 3073 1226 et
3094 1174 3245 1227 omni
3272 1173 3498 1229 infantia

230 1270 460 1324 eorum,
489 1260 645 1312 auxit
700 1275 797 1315 eos
863 1259 917 1315 in
974 1260 1259 1317 laboribus
1307 1277 1571 1317 manuum
1630 1277 1880 1328 suarum,
1907 1271 1961 1317 et
2007 1262 2158 1317 dedit
2191 1263 2271 1318 eis
2300 1263 2353 1318 in
2382 1263 2533 1318 omni
2566 1276 2729 1332 opere
2752 1259 2864 1330 (68)
2897 1263 3148 1328 gratiam.
3174 1260 3287 1330 Ego
3315 1272 3499 1318 autem

231 1353 431 1408 hortor
455 1368 571 1420 vos,
595 1357 922 1424 praepositus
950 1359 1287 1427 paenitentiae
1317 1358 1567 1423 nuntius,
1596 1361 1651 1414 in
1686 1360 1879 1415 eodem
1934 1361 2216 1429 proposito
2258 1376 2598 1430 permanere,
2636 1359 2953 1429 quicunque
2993 1358 3128 1412 estis
3159 1358 3499 1429 hujusmodi,

220 1459 299 1499 ne
332 1446 640 1501 eradicetur
669 1462 854 1501 semen
890 1458 1131 1503 vestrum
1163 1450 1217 1503 in
1253 1464 1448 1504 aevum.
1479 1450 1745 1503 Dominus
1771 1449 1917 1503 enim
1946 1464 2045 1504 vos
2075 1450 2350 1518 probavit,
2383 1458 2437 1504 et
2459 1449 2787 1517 conscripsit
2811 1451 2865 1503 in
2898 1460 3147 1506 nostrum
3174 1468 3497 1522 numerum;

216 1546 281 1593 et
306 1554 471 1595 omue
523 1555 709 1596 semen
733 1539 848 1609 (69)
874 1548 1117 1597 vestrum
1148 1557 1272 1595 cum
1302 1540 1441 1594 Filio
1475 1542 1565 1595 Dei
1590 1540 1782 1595 ditavit
1803 1539 1946 1612 (70);
1978 1541 2044 1594 de
2080 1540 2286 1610 Spiritu
2315 1541 2459 1594 enim
2488 1540 2601 1609 (7|)
2636 1539 2755 1609 ejus
2787 1542 2920 1596 estis
2963 1558 3175 1598 onines.

1635 1650 1869 1706 CAPUT
1910 1649 2081 1707 XXV.

298 1748 379 1804 De
410 1758 607 1805 octavo
636 1766 770 1805 vero
803 1762 1014 1816 monte,
1045 1766 1098 1804 ιιι
1124 1764 1235 1820 quo
1268 1749 1490 1821 plurimi
1528 1757 1686 1803 erant
1716 1748 1895 1803 fontes
1915 1788 1932 1815 ,
1975 1749 2027 1801 in
2057 1748 2257 1818 quibus
2279 1747 2395 1818 (72)
2428 1748 2809 1817 adaquabatur
2836 1764 3000 1804 omne
3031 1764 3203 1819 genus
3231 1764 3499 1809 creaturae

219 1839 365 1896 Dei:
398 1842 535 1895 tales
564 1850 691 1896 sunt
734 1842 827 1912 qui
873 1847 1222 1903 crediderunt
1258 1848 1559 1918 apostolis,
1601 1860 1742 1917 quos
1786 1846 1935 1901 misn
1988 1845 2252 1901 Dominus
2298 1848 2351 1900 in
2396 1855 2571 1901 totum
2616 1847 2804 1901 orbem
2848 1848 3172 1917 praedicare;
3198 1860 3250 1904 et
3274 1851 3497 1921 quidam

218 1938 503 2018 doctores,
536 1940 631 2009 qni
657 1940 770 2011 (75)
796 1952 947 1997 caste
978 1954 1033 1999 et
1067 1946 1281 2001 sincere
1322 1945 1763 2018 przedicaverunt
1810 1959 1875 1998 ac
1910 1943 2247 2009 docuerunt,
2285 1958 2384 1997 nec
2430 1942 2728 2012 quidquam
2772 1943 2998 1996 omnino
3049 1945 3501 2016 subscripserunt

218 2016 385 2091 malae
411 2038 696 2107 cupiditati
735 2057 748 2092 :
796 2040 889 2094 sed
940 2039 1161 2095 assidue
1199 2042 1252 2095 in
1284 2016 1539 2113 aequitate
1562 2054 1615 2099 et
1645 2044 1759 2115 (74)
1795 2045 2024 2099 veritate
2054 2044 2495 2100 ambulaverunt.
2530 2043 2595 2096 lli
2625 2059 2755 2115 ergo
2785 2043 2927 2097 inter
2954 2045 3177 2117 angelos
3205 2060 3500 2102 conversa-

220 2129 438 2184 tionem
464 2130 690 2186 habent.

1628 2234 1860 2290 CAPUT
1896 2234 2091 2292 XXVI.

298 2326 374 2383 De
404 2343 551 2384 nono
576 2338 757 2384 autem
793 2336 979 2384 monte
1006 2325 1245 2387 deserto,
1278 2339 1344 2378 ac
1377 2336 1656 2395 serpentes
1692 2326 1923 2380 habente
1952 2324 2065 2395 (75)
2095 2343 2108 2378 :
2141 2323 2454 2393 hujusmodi
2488 2333 2616 2379 sunt
2642 2324 2737 2393 qui
2765 2324 3150 2393 crediderunt;
3180 2328 3273 2381 sed
3301 2336 3354 2382 et
3375 2327 3494 2399 (76)

216 2431 474 2483 maculas
508 2430 799 2485 habebant.
824 2428 891 2482 lli
918 2434 1047 2485 sunt
1077 2423 1314 2479 ministri
1337 2424 1478 2478 male
1513 2424 1881 2481 ministerium
1913 2433 2156 2494 agentes,
2188 2422 2506 2491 diripientes
2534 2422 2824 2475 viduarum
2861 2421 3005 2476 bona
3035 2432 3089 2476 et
3120 2424 3491 2492 pupillorum;

217 2520 355 2584 sibi,
389 2536 494 2575 non
526 2520 668 2587 aliis,
701 2537 769 2575 ex
792 2521 879 2576 his
902 2537 1025 2591 qua:
1053 2529 1402 2590 acceperunt,
1435 2519 1829 2577 ministrantes.
1854 2518 1943 2587 Hi,
1967 2519 2013 2574 si
2040 2519 2151 2589 (77)
2177 2517 2579 2589 permanserint
2600 2518 2654 2571 in
2681 2516 2870 2571 eadem
2901 2518 3219 2587 cupiditate,
3244 2520 3407 2573 morti
3433 2534 3494 2575 se

216 2608 589 2677 tradiderunt,
619 2625 719 2666 nec
743 2611 853 2665 ulla
876 2612 982 2665 erit
1006 2612 1060 2664 in
1085 2610 1165 2665 eis
1194 2624 1318 2680 spes
1352 2610 1508 2678 vita;
1543 2610 1687 2679 quod
1722 2610 1769 2665 si
1803 2609 2055 2665 conversi
2084 2608 2330 2675 fuerint,
2378 2616 2434 2662 et
2484 2617 2637 2662 caste
2689 2610 3198 2663 consummaverint
3241 2610 3492 2666 ministeo

216 2704 366 2758 rium
398 2718 595 2772 suum,
635 2714 895 2776 poterunt
939 2706 1143 2762 vivere.
1187 2703 1290 2771 Qui
1339 2720 1468 2761 vero
1510 2707 1759 2761 scabrosi
1803 2705 2004 2775 reperti
2034 2713 2182 2769 sunt,
2232 2704 2270 2758 ii
2297 2713 2425 2758 sunt
2451 2703 2545 2773 qui
2575 2718 2771 2758 nomen
2800 2701 3019 2757 Domini
3051 2703 3488 2770 abnegaverunt,

217 2814 324 2853 nec
349 2799 462 2869 (78)
492 2800 559 2855 ad
592 2800 887 2857 Dominum
913 2820 1109 2862 rursus
1136 2788 1441 2869 redierunt,
1484 2805 1577 2860 sed
1623 2813 1867 2877 agrestes
1894 2814 2187 2861 evaserunt
2216 2813 2381 2873 atque
2422 2802 2622 2858 deserti
2650 2843 2664 2867 ,
2697 2816 2807 2855 non
2833 2800 3172 2871 applicantes
3207 2815 3267 2853 se
3294 2799 3364 2853 ad
3393 2797 3489 2855 Dei

216 2908 441 2964 servos;
477 2898 571 2952 sed
608 2901 845 2969 separati
877 2902 946 2957 ab
970 2902 1049 2958 eis
1076 2943 1091 2968 ,
1122 2916 1223 2972 pro
1250 2916 1416 2972 parva
1465 2901 1835 2957 sollicitudine
1859 2901 2027 2955 vitam
2062 2916 2215 2957 suam
2250 2900 2577 2954 amiserunt.
2612 2890 2939 2951 Sicut'enim
2964 2893 3093 2947 vitis
3118 2892 3301 2961 aliqua
3333 2890 3465 2946 dere

215 2986 347 3043 licta
378 2989 433 3044 in
460 3006 607 3060 sepe,
632 2992 717 3047 cui
748 2993 897 3048 nulla
923 2993 1141 3048 cultura
1168 2993 1437 3063 contingit
1464 3034 1478 3057 ,
1521 2992 1750 3063 disperit
1805 3007 1871 3048 ac
1926 2992 2229 3047 sulIocatur
2257 2991 2326 3045 ab
2353 2988 2574 3053 herbis,
2618 2994 2673 3040 et
2713 2985 2945 3055 agrestis
2974 2993 3220 3052 tempore
3258 2978 3491 3035 ellicitur

215 3085 449 3153 (desinit
483 3088 630 3142 enim
656 3089 807 3144 utilis
826 3103 949 3144 esse
978 3088 1201 3144 domino
1233 3089 1356 3158 suo)
1385 3106 1400 3143 :
1425 3088 1506 3143 sic
1544 3097 1599 3142 et
1634 3087 1950 3156 huiusmodi
1981 3085 2232 3141 homines
2267 3084 2335 3139 de
2364 3081 2561 3153 seipsis
2603 3079 2957 3149 desperantes
2993 3072 3129 3144 (79),
3152 3070 3485 3137 exacerbati.

219 3182 454 3239 Domino
479 3201 579 3240 suo
606 3185 826 3242 inutiles
846 3202 969 3242 esse
994 3196 1297 3257 coeperunt.
1326 3185 1421 3242 His
1448 3202 1577 3255 ergo
1605 3186 1826 3241 demum
1868 3184 2031 3239 datur
2062 3182 2175 3253 (80)
2204 3179 2546 3252 pmnitentia,
2576 3177 2623 3233 si
2670 3191 2782 3230 non
2809 3187 2876 3226 ex
2926 3165 3245 3239 praecordiis
3282 3163 3487 3218 inventi

214 3278 423 3333 fuerint
447 3279 745 3349 denegasse
774 3299 786 3334 :
820 3281 964 3351 quod
1011 3284 1055 3338 si
1083 3284 1207 3353 quis
1236 3299 1303 3339 ex
1335 3283 1651 3354 przecordiis
1682 3282 1937 3336 inventus
1990 3279 2155 3334 fuerit
2204 3278 2522 3347 denegasse,
2556 3290 2627 3328 an
2659 3272 2771 3343 (81)
2810 3270 2978 3323 vitam
3028 3261 3248 3332 assequi
3290 3259 3486 3354 possit,

212 3371 433 3439 ignoro.
484 3370 718 3442 Ideoque
746 3372 892 3437 dice,
930 3382 991 3428 ut
1022 3374 1077 3429 in
1100 3351 1192 3430 his
1226 3351 1441 3441 diebus,
1474 3374 1521 3430 si
1560 3374 1685 3444 quis
1729 3372 1967 3443 negavit,
2004 3371 2074 3426 ad
2106 3370 2219 3440 (82)
2258 3366 2635 3439 paenitentiam
2669 3370 3001 3425 revertatur;
3033 3371 3159 3411 nam
3210 3351 3324 3407 ﬁeri
3374 3366 3487 3405 ιιοιι

210 3471 398 3532 potest
427 3471 486 3515 ut
515 3479 663 3518 nunc
684 3462 975 3519 Dominum
1039 3480 1201 3520 suum
1231 3466 1355 3535 quis
1406 3466 1684 3535 abnegans
1717 3462 1830 3533 (85)
1855 3470 2041 3532 postea
2095 3460 2318 3529 assequi
2361 3458 2537 3529 possit
2586 3456 2857 3519 salutem;
2903 3450 2998 3506 sed
3047 3448 3153 3503 illis
3201 3451 3488 3514 reputatur

211 3558 499 3627 proposita
525 3559 865 3628 pmuitentia,
900 3560 994 3629 qui
1025 3560 1154 3615 olim
1184 3561 1614 3625 abnegaverunt.
1646 3558 1970 3615 Accelerare
2001 3556 2148 3611 enim
2180 3554 2276 3625 qui
2318 3562 2543 3609 acturus
2590 3558 2677 3606 est
2714 3545 3091 3619 paenitentiam
3123 3541 3302 3604 debet,
3330 3544 3487 3591 antc-

211 3668 383 3723 quam
412 3663 706 3725 peragatur
729 3655 1016 3711 aediﬁcatio
1046 3656 1215 3711 turris
1241 3656 1436 3726 hujus;
1483 3655 1570 3711 sin
1596 3654 1804 3717 minus,
1843 3668 1875 3708 a
1907 3650 2230 3707 mulieribus
2258 3649 2367 3704 illis
2392 3647 2640 3703 trahetur
2668 3643 2782 3714 (8i)
2824 3640 2893 3695 ad
2931 3646 3181 3694 mortem.
3214 3634 3317 3701 Qui
3359 3646 3487 3686 vero

212 3749 330 3820 (85)
361 3750 523 3814 curti,
554 3752 731 3807 dolosi
763 3762 912 3818 sunt,
937 3763 991 3807 et
1020 3753 1165 3808 alius
1196 3754 1253 3806 in
1282 3752 1452 3807 alium
1488 3751 2002 3816 comminiscentes;
2031 3750 2087 3803 hi
2102 3756 2232 3804 sunt
2262 3752 2545 3815 serpentes
2578 3743 2632 3796 in
2661 3756 2726 3799 eo
2748 3747 2935 3793 monte
2964 3733 3132 3788 misti.
3158 3732 3313 3787 Sicut
3334 3729 3481 3784 enim

210 3840 560 3896 martiferum
592 3852 676 3897 est
706 3842 1023 3898 hominibus
1054 3850 1371 3911 serpentum
1401 3856 1695 3906 venenum,
1730 3842 1804 3896 ita
1834 3850 1890 3895 et
1918 3840 2085 3895 verba
2106 3839 2297 3894 talium
2326 3835 2577 3891 inliciunt
2602 3832 2716 3905 (86)
2748 3829 3001 3883 homines
3031 3835 3196 3895 atque
3226 3822 3479 3893 perdunt.

210 3932 369 3989 Curti
401 3947 531 3991 sunt
559 3936 724 4005 igitur
753 3936 865 4008 (87)
892 3952 919 3991 a
944 3934 1049 3989 ﬁde
1078 3948 1199 3999 sua,
1230 3942 1452 4004 propter
1480 3933 1587 3988 hoc
1609 3948 1780 4001 genus
1810 3932 1935 3987 vita:
1962 3947 2078 3987 sua:
2111 3931 2165 3985 in
2208 3944 2319 4000 quo
2369 3934 2657 3983 morantur
2688 3923 2824 3993 (88).
2853 3923 3038 3992 Aliqui
3083 3935 3213 3975 vero
3261 3932 3479 3979 eorum,

210 4036 434 4096 accepta
461 4027 801 4096 poenitentia,
836 4030 1069 4085 assecuti
1104 4038 1232 4085 sunt
1264 4030 1531 4097 salutem;
1568 4030 1665 4086 sed
1694 4038 1748 4085 et
1774 4029 1956 4084 caeteri
2001 4027 2316 4098 hujusmodi
2363 4025 2612 4081 homines
2656 4038 2809 4093 aeque
2854 4028 3236 4091 assequentur,
3266 4017 3312 4072 si
3355 4031 3481 4085 ege-

209 4114 325 4168 rint
377 4116 753 4186 pmnitentiam
792 4136 804 4172 :
840 4119 924 4171 sin
962 4118 1165 4185 minus,
1218 4120 1522 4175 morientur
1573 4134 1698 4174 cum
1750 4119 2077 4176 mulieribus
2122 4118 2235 4189 (89)
2288 4119 2417 4185 illis,
2446 4130 2680 4187 quarum
2727 4114 2838 4169 vim
2887 4111 3168 4185 possident
3216 4122 3282 4164 ac
3322 4114 3480 4177 pote-

208 4217 433 4265 Staten).

1302 4310 1534 4367 VARI/Ei
1576 4312 1966 4367 LECTIONES
2007 4312 2094 4368 ET
2136 4312 2371 4367 NOTAE.

279 4422 397 4495 (64)
425 4422 615 4495 Lamb.
648 4426 973 4495 hujusmodi.
1961 4428 2075 4495 (τε)
2100 4428 2289 4482 Lamb.
2322 4427 2541 4491 desum,
2565 4427 2673 4481 ii...
2705 4439 2818 4478 nec.

284 4493 399 4567 (65)
435 4494 564 4549 Mss.
600 4493 757 4566 Angl.
796 4499 1104 4553 remediabit
1138 4498 1324 4567 priora
1355 4497 1550 4551 delicta
1592 4507 1782 4552 vestra.
1961 4493 2074 4567 (79)
2100 4498 2252 4554 Bodl.
2285 4498 2684 4567 despondentes.
2796 4562 2813 4567 _
2979 4554 3019 4567 ﬂ
3189 4553 3225 4567 η

203 4552 393 4688 ⁵³6111.ἳέ
447 4574 629 4621 autem
683 4552 738 4621 ign
787 4583 890 4623 sua
936 4552 1066 4624 edit.
1092 4552 1095 4553 ν
1122 4552 1299 4623 Oxon.
1337 4568 1567 4623 remedia
1610 4570 1784 4640 provi-
1897 4552 2073 4692 “(8(9)
2108 4552 2350 4692 ltadmfs.
2377 4552 2536 4639 'Angl.
2562 4565 2770 4623 ctVict.
2796 4562 2871 4616 Ita
2903 4567 2956 4614 et
2979 4554 3112 4611 Falli
3140 4553 3270 4610 edit,
3295 4552 3473 4607 οχοη,

242 4652 374 4689 δι’
1888 4678 1972 4692 ..
2041 4656 2376 4692 emanaur.

242 4638 374 4689 ebit.
1612 4638 1619 4640 ⁷
1888 4638 1977 4693 Al.
2003 4640 2376 4694 demandatur.

425 4706 741 4784 _Mss._Angl.
779 4710 1155 4784 recrescebant.
1888 4779 1926 4784 _
1959 4711 2071 4784 (8|)
2114 4710 2211 4784 iSic
2237 4726 2371 4784 mss.
2412 4705 2764 4784 Angl.,_Vict.
2787 4700 3083 4784 .et.Ca_l'n_l-
3125 4696 3218 4751 Sic
3257 4708 3477 4784 dum}?

302 4726 393 4775 ου)
428 4726 559 4763 MSS.
585 4726 741 4778 .‘lllgl.
779 4726 1155 4764 recrescevant.
1959 4726 2071 4780 (δι)
2120 4726 2211 4766 διε
2237 4726 2371 4765 mss.
2412 4726 2493 4764 An
2536 4726 2595 4775 1.,
2633 4726 2764 4760 VICI.
2806 4726 2860 4757 Cl.
2899 4726 3083 4756 Laul’lu.
3127 4726 3218 4751 ῦιυ
3257 4726 3471 4767 “unum:

302 4776 392 4847 67)
425 4776 614 4833 Lamb.
652 4781 893 4834 omnibus
931 4782 1248 4835 hominibus.
1887 4779 2019 4835 Felli
2062 4782 2191 4837 edit.
2238 4779 2414 4837 Oxon.
2463 4726 2550 4836 Αῗ.
2602 4776 2798 4831 inventi
2850 4772 3044 4843 fuerint
3094 4781 3471 4847 negassent?!»

274 4846 393 4920 (68)
421 4848 613 4920 Lamb.
650 4860 896 4919 ιεηιρονε-
1282 4883 1295 4887 -
1888 4851 2220 4907 intermediis
2250 4851 2512 4907 omissis:
2544 4864 2665 4917 qua:
2718 4862 2861 4920 sane
2890 4848 3180 4899 contextus
3222 4846 3471 4920 requirit,

280 4909 397 4997 (99)
434 4918 623 4997 μίωῇ
659 4909 841 4997 θείω·
874 4993 903 4997 λ,
1007 4994 1015 4997 _
1088 4992 1119 4997 _
1166 4994 1214 4997 η
1286 4992 1296 4997 _
1356 4992 1398 4997 __
1468 4993 1512 4997 __
1888 4922 2248 4997 videnturque
2279 4909 2952 4997 obnonnullasfepetita-s
2997 4925 3153 4997 voces
3181 4909 3469 4997 excidisse;

430 4989 620 5045 Lamb.
649 4978 820 5053 deest,
848 4993 1060 5047 ditavit.
1086 4992 1238 5047 Bold.
1276 4992 1535 5063 habitabit
1570 5009 1587 5045 :
1616 5008 1779 5063 quam
1956 4992 2068 5062 (82)
2095 4978 2285 5046 Lamb.
2322 4992 2607 5045 insatiatus
2635 4978 2827 5057 aliquis
2864 4986 2930 5039 ad
2964 4982 3142 5052 paruit.
3186 4978 3386 5039 Fellus,
3423 4978 3469 5029 si

206 5060 498 5135 lectionem
546 5072 766 5135 secutus
802 5073 887 5118 est
924 5064 1104 5119 Fellus
1132 5065 1184 5118 in
1213 5062 1343 5118 edit.
1368 5061 1544 5119 Oxon.
1573 5060 1645 5117 At
1673 5079 1777 5118 ms.
1882 5060 1999 5135 quis
2025 5062 2364 5135 denegauit._
2434 5132 2441 5135 Α
2511 5133 2518 5135 ξ
2633 5130 2643 5135 Α
2904 5125 2946 5135 _
2982 5123 3014 5135 η
3173 5121 3185 5133 ,
3303 5121 3314 5131 ,

200 5126 355 5205 Vict.
371 5131 665 5205 deputavit.
984 5118 987 5119 ν
1026 5118 1031 5119 ί
1088 5118 1097 5119 ί

1894 5118 1908 5135 ’
1954 5134 2068 5205 (85)
2092 5118 2283 5188 Lamb.
2316 5132 2554 5187 Ecclesia
2591 5130 2872 5201 abnegans.
2904 5123 3108 5189 Fcllus,
3138 5121 3185 5175 si
3223 5121 3341 5189 quis
3382 5118 3468 5170 ab-

271 5201 388 5275 (Zl)
414 5201 605 5275 Lamb.
632 5203 786 5258 deest
812 5205 971 5259 enim.
1882 5201 2096 5275 negans.

298 5271 387 5344 72)
415 5271 604 5344 _L_amb.
628 5290 692 5328 ea:
721 5276 929 5344 quibus.
1948 5271 2069 5344 (84)
2104 5274 2296 5328 Lamb.
2325 5276 2587 5330 tradetur.

411 5342 903 5417 Mss.Ang|.'deest
923 5348 1033 5417 qui.
1952 5342 2067 5417 (85)
2098 5345 2287 5417 Lamb.
2322 5347 2376 5399 hi
2406 5362 2545 5401 vero.

268 5413 384 5488 (Ξᾷ)
413 5413 610 5488 Lamb.
645 5413 841 5472 desunt
862 5413 1117 5488 dignitate
1148 5427 1218 5472 et.
1952 5413 2065 5488 (89)
2099 5416 2288 5488 Lamb.
2311 5418 2599 5487 decipiunt.

266 5486 384 5555 (75)
410 5484 561 5541 Bodl.
587 5484 1205 5555 serpentibus'ltabitato.
1952 5484 2065 5554 (87)
2098 5485 2287 5540 Lamb.
2316 5484 2472 5543 enin}.

412 5543 726 5630 Mss._Anél~
753 5561 931 5627 quiet.
1195 5543 1198 5544 ν
1952 5543 2066 5628 (88)
2096 5556 2287 5612 Lamb.
2320 5560 2372 5612 in
2402 5575 2501 5630 quo
2532 5558 2845 5611 moriantur.
2878 5552 3030 5609 Bodl.
3059 5553 3114 5604 in
3143 5564 3245 5621 quo
3275 5543 3466 5600 morati

268 5626 383 5696 (77)
410 5626 602 5705 Lamb.
632 5629 731 5680 sibi
761 5631 895 5683 alios
937 5646 1001 5684 ea:
1038 5632 1344 5705 (ministerio
1382 5630 1519 5705 quod
1566 5646 1779 5701 acre/rc-
1880 5626 2022 5705 sunt.

197 5706 343 5763 runt,
377 5700 683 5753 ministrare
705 5710 976 5770 cogentes:
1000 5704 1066 5758 si.
1397 5698 1407 5705 ’
1688 5698 1695 5701 ’
1955 5699 2068 5769 (89)
2094 5698 2285 5756 Lamb.
2312 5716 2344 5754 a
2376 5700 2703 5757 mulieribus.

526 5796 799 5854 PATIIOL.
845 5797 961 5855 Gn.
1000 5798 1081 5858 ll.
3065 5791 3145 5851 32
