4002 6308
612 242 754 304 ms
2038 247 2192 302 5.8

2194 246 2421 304 [ΕΒΜᾹΞ
3678 260 3774 320 ςωι

1995 384 2228 441 CAPUT
2278 385 2494 441 XXVII.

682 501 760 559 De
787 503 999 558 decimo
1018 516 1149 557 vero
1180 509 1390 571 monte,
1430 502 1485 558 in
1517 516 1629 574 quo
1658 501 1886 561 arbores
1914 511 2069 559 erant
2106 512 2349 576 tegentes
2376 519 2578 576 pecora
2610 523 2624 559 :
2658 504 2794 561 tales
2823 514 2951 561 sunt
2992 504 3087 577 qui
3132 504 3465 562 crediderunt
3501 509 3681 579 quidam
3699 515 3782 584 cpi-

611 597 788 668 scopi,
822 596 875 652 id
912 606 997 652 est
1022 595 1282 667 praesides
1308 592 1681 649 Ecclesiarum
1715 593 1852 666 (90).
1879 594 1986 648 Alii
2013 608 2167 660 vero,
2201 595 2255 648 hi
2282 594 2517 665 lapides,
2543 596 2638 666 qui
2671 614 2780 652 non
2810 599 2957 666 ticto,
2989 599 3082 654 sed
3109 599 3275 654 alacri
3317 600 3428 670 (91)
3451 605 3609 657 animo
3626 618 3783 674 semper

610 698 665 753 in
692 696 889 750 domos
919 708 1050 749 suas
1082 706 1273 749 servos
1304 689 1400 745 Dei
1428 699 1752 760 receperunt
1779 708 1792 745 :
1822 698 1875 745 et
1898 688 2096 745 deinde
2123 688 2217 760 qui
2248 690 2516 761 praesides
2535 702 2663 748 sunt
2701 693 3155 762 ministeriorum,
3183 697 3275 767 qui
3306 706 3359 751 et
3380 697 3555 767 inopes
3578 708 3623 754 et
3644 701 3783 759 viduas

607 802 968 867 protexerunt
998 792 1136 866 (92),
1164 798 1219 847 et
1243 798 1452 846 castam
1479 794 1744 858 perpetuo
1773 785 2247 842 conversationem
2282 785 2614 842 habuerunt.
2646 788 2787 859 Ergo
2815 789 2872 843 hi
2903 790 3150 845 homines
3180 809 3211 848 a
3244 792 3468 848 Domino
3488 803 3781 866 proteguntur.

608 891 736 948 llaec
757 892 1077 964 quicunque
1106 889 1316 961 egerint
1339 886 1478 957 (95),
1512 884 1765 939 honorati
1796 900 1924 939 sum
1955 884 2098 954 apud
2129 882 2456 940 Dominum:
2494 893 2549 941 et
2580 884 2721 941 inter
2750 886 2973 942 nuntios
3015 885 3171 943 locus
3207 899 3397 942 eorum
3440 896 3538 954 εει,
3576 886 3615 941 si
3652 902 3783 958 perse.

608 990 919 1047 veraverint
947 1002 1123 1060 usque
1150 985 1205 1041 in
1230 978 1761 1042 consummationem
1796 990 1989 1047 parere
2019 974 2275 1031 Domino.

1982 1114 2213 1171 CAPUT
2255 1111 2492 1169 XXVIII.

610 1264 613 1269 ·
678 1249 754 1305 De
776 1248 1064 1305 undecimo
1079 1254 1285 1311 monte,
1310 1242 1365 1298 in
1381 1255 1492 1312 quo
1513 1247 1668 1295 erant
1691 1236 1915 1292 arbores
1936 1235 2058 1291 aliis
2082 1244 2244 1306 atque
2267 1235 2391 1290 aliis
2417 1232 2689 1289 fructibus
2710 1241 2949 1289 oneratae
2970 1232 3084 1303 (94)
3110 1250 3125 1287 :
3152 1225 3209 1281 hi
3231 1237 3359 1283 sunt
3377 1225 3469 1297 qui
3498 1225 3785 1291 crediderunt,

603 1355 659 1402 et
691 1357 913 1416 propter
958 1358 1161 1398 nomen
1197 1338 1417 1394 Domini
1442 1344 1671 1391 mortem
1706 1332 1979 1397 obierunt,
2010 1339 2065 1386 et
2094 1330 2278 1386 animo
2309 1338 2561 1401 prompto
2587 1329 2732 1398 passi
2763 1338 2911 1393 sunt,
2949 1338 3004 1385 et
3056 1344 3121 1383 ex
3150 1336 3266 1383 toto
3306 1327 3469 1382 corde
3506 1341 3598 1382 suo
3636 1328 3786 1383 animat

604 1458 734 1499 suas
760 1438 1123 1495 tradiderunt.
1162 1434 1229 1489 Et
1258 1430 1372 1489 dixi
1400 1448 1415 1484 :
1448 1428 1630 1495 Quare
1655 1441 1807 1495 ergo,
1832 1425 2073 1489 domine,
2104 1439 2297 1480 omnes
2343 1423 2427 1481 hae
2472 1424 2699 1479 arbores
2742 1424 2946 1479 habent
2994 1424 3215 1494 quidem
3270 1422 3500 1489 fructus,
3537 1422 3621 1478 sed
3653 1437 3786 1478 eorum

601 1536 825 1609 quidam
862 1530 1237 1605 pulchriores?
1282 1525 1444 1591 Audi,
1479 1523 1697 1594 inquit:
1740 1520 2064 1587 Quicunque
2102 1530 2323 1591 propter
2365 1535 2563 1575 nomen
2612 1519 2826 1575 Domini
2857 1520 3003 1590 passi
3041 1529 3191 1586 sunt,
3217 1522 3468 1576 honorati
3513 1524 3638 1593 apud
3661 1522 3788 1578 Domi;

522 1650 523 1653 ‘
601 1650 732 1689 num
766 1633 1034 1687 habentur
1061 1647 1073 1682 :
1100 1635 1159 1682 ct
1191 1624 1435 1681 omnium
1456 1635 1645 1676 eorum
1673 1619 1845 1673 deleta
1876 1618 1986 1687 (95)
2017 1626 2147 1672 sunt
2169 1616 2388 1683 delicta,
2426 1618 2552 1687 quia
2576 1625 2796 1687 propter
2825 1632 3022 1671 nomen
3047 1614 3167 1669 Filii
3200 1615 3296 1671 Dei
3323 1626 3549 1671 mortem
3582 1618 3785 1672 obierunt.

599 1725 783 1793 Quare
818 1730 1000 1778 autem
1034 1718 1248 1774 fructus
1270 1727 1459 1771 earum
1491 1711 1741 1781 dispares
1786 1708 1915 1774 sint,
1945 1717 2001 1763 et
2041 1709 2311 1764 excellant
2359 1708 2581 1780 quidam
2625 1709 2769 1763 inter
2806 1708 2959 1775 illos,
3006 1709 3133 1762 audi
3157 1706 3273 1778 (96)
3306 1726 3321 1762 :
3354 1708 3655 1779 Quicunque
3686 1711 3786 1765 enim

597 1818 846 1889 perducti
872 1816 938 1870 ad
963 1820 1286 1884 potestates,
1321 1809 1640 1881 interrogati
1678 1823 1788 1863 non
1814 1816 2148 1877 negaverunt
2186 1806 2474 1862 Dominum
2510 1807 2644 1877 (97),
2669 1808 2761 1863 sed
2807 1817 3059 1877 prompto
3101 1806 3288 1860 animo
3315 1806 3464 1876 passi
3497 1815 3639 1873 sunt;
3664 1806 3787 1862 hono-

598 1909 834 1965 ratiores
863 1914 993 1963 sunt
1022 1903 1165 1973 apud
1199 1901 1372 1958 Deum
1398 1921 1413 1958 :
1445 1900 1538 1971 qui
1567 1899 1841 1955 excellunt
1883 1898 2048 1969 igitur
2092 1896 2325 1965 fruetus,
2354 1913 2542 1954 eorum
2580 1906 2730 1952 sunt.
2769 1898 2873 1964 Qui
2903 1914 3032 1953 vero
3068 1899 3242 1957 timidi
3273 1910 3332 1957 et
3357 1901 3504 1956 dubii
3544 1900 3789 1970 fuerunt,et

597 2003 1039 2059 deliberaverunt
1062 1999 1116 2051 in
1148 1996 1313 2052 corde
1344 2008 1468 2058 suo,
1494 2001 1750 2047 utrumne
1787 1988 2089 2046 faterentur
2124 2004 2191 2044 an
2224 1998 2505 2060 negarent,
2543 1999 2595 2045 et
2622 1989 2734 2060 (98)
2761 1990 2908 2059 passi
2955 2001 3113 2058 sunt;
3147 1992 3347 2049 horum
3382 1994 3584 2053 fructus
3608 1996 3787 2063 exigitio.

596 2112 690 2153 res
716 2105 864 2160 sunt,
891 2092 1150 2164 quoniam
1182 2090 1301 2143 haec
1329 2085 1587 2157 cogitatio
1625 2083 1871 2138 ascendit
1904 2081 1958 2136 in
1990 2081 2158 2136 corda
2184 2095 2371 2136 eorum
2402 2099 2416 2135 :
2449 2080 2590 2134 mala
2633 2080 2778 2135 enim
2824 2096 2892 2135 ae
2927 2096 3161 2151 nequam
3198 2094 3284 2140 est
3318 2086 3618 2157 hujusmodi
3647 2089 3790 2160 cogita

596 2192 696 2258 tio,
719 2188 944 2260 perinde
968 2186 1081 2256 (99)
1107 2200 1172 2241 ac
1194 2183 1239 2239 si
1269 2183 1397 2252 quis
1436 2194 1628 2237 servus
1655 2189 1814 2248 neget
1839 2178 2144 2234 dominum.
2174 2176 2376 2232 Cavete
2424 2176 2611 2247 igitur,
2642 2192 2739 2232 vos
2766 2178 2859 2265 qui
2894 2176 3208 2247 huiusmodi
3238 2182 3594 2253 cogitationes
3622 2184 3787 2249 habetis,

596 2300 667 2339 ue
698 2288 1013 2353 permaneat
1056 2281 1176 2334 haec
1221 2291 1379 2332 mens
1411 2276 1465 2330 in
1499 2274 1656 2329 vobis
1706 2271 1879 2342 (100),
1912 2281 1966 2326 et
2009 2269 2119 2325 Deo
2151 2270 2483 2325 moriamini.
2520 2269 2629 2326 Vos
2672 2270 2835 2341 igitur
2877 2273 3192 2343 quicunque
3245 2284 3475 2347 pr0pter
3517 2278 3612 2332 hoc
3651 2294 3787 2333 nomen

595 2383 832 2431 mortem
872 2373 1064 2440 obitis,
1099 2370 1392 2428 Dominum
1426 2373 1700 2427 honorare
1734 2370 1810 2441 (1)
1841 2369 2083 2436 debetis;
2112 2368 2256 2439 quod
2286 2369 2480 2439 dignos
2508 2384 2604 2424 vos
2654 2368 2815 2423 habet
2860 2368 3147 2436 Dominus,
3170 2381 3230 2427 ut
3272 2389 3477 2430 nomen
3508 2375 3615 2444 ejus
3642 2374 3790 2441 feratis,

592 2480 649 2525 et
671 2470 855 2525 omnia
885 2476 1106 2538 peccata
1137 2474 1317 2521 vestra
1355 2463 2025 2535 redimantur(2).Nonne
2053 2480 2184 2535 ergo
2214 2465 2507 2535 vospotius
2535 2463 2719 2520 felices
2748 2464 3111 2521 existimatis?
3140 2464 3337 2522 Putate
3359 2468 3688 2539 (3)potius,si
3709 2472 3789 2541 quis

590 2584 660 2624 ex
687 2568 848 2624 vobis
872 2566 1099 2637 patitur,
1135 2579 1393 2634 magnum
1426 2578 1565 2633 opus
1595 2562 1875 2632 perlicere.
1901 2559 2079 2615 Vitam
2115 2561 2262 2615 enim
2289 2561 2444 2617 vobis
2481 2560 2651 2615 donat
2678 2559 2963 2628 Dominus,
2989 2578 3088 2617 nec
3138 2562 3465 2636 intelligitis.
3499 2565 3788 2623 Delictaenim

596 2674 783 2721 vestra
806 2680 905 2721 vos
936 2663 1274 2735 gravabant;
1306 2670 1363 2716 et
1392 2660 1496 2715 nisi
1523 2659 1672 2730 passi
1703 2659 1901 2715 essetis
1931 2658 2099 2729 hujus
2136 2658 2376 2714 nominis
2404 2674 2591 2725 causa,
2624 2668 2845 2730 propter
2872 2670 3095 2730 peccata
3124 2670 3271 2716 certe
3316 2664 3398 2731 (4)
3443 2674 3610 2721 vestra
3649 2668 3791 2721 mortui

592 2763 761 2821 eratis
787 2763 921 2817 Deo.
947 2759 1075 2815 limo
1109 2760 1277 2830 igitur
1296 2757 1453 2813 vobis
1496 2757 1640 2823 dico,
1662 2756 1974 2827 quicunque
2008 2756 2320 2812 deliberatis
2364 2756 2432 2811 de
2478 2755 2825 2812 confessione
2862 2767 2958 2812 aut
2981 2756 3050 2812 de
3076 2757 3461 2828 abnegatione.
3488 2762 3791 2817 Confiteamini

595 2857 771 2929 igitur
793 2870 890 2910 vos
934 2854 1137 2908 habere
1166 2851 1460 2908 Dominum
1509 2848 1712 2915 Deum,
1758 2863 1827 2903 ne
1862 2847 2001 2903 forte
2032 2848 2111 2918 (5)
2138 2855 2427 2917 ιιθεδηιεε,
2450 2847 2743 2901 tradamini
2786 2847 2840 2902 in
2885 2846 3124 2903 vincula.
3170 2847 3228 2903 Si
3262 2865 3465 2907 omnes
3503 2852 3633 2907 enim
3661 2860 3793 2923 gentes

589 2962 783 3004 servos
817 2960 949 3001 suos
976 2944 1229 3014 puniunt,
1259 2946 1575 3017 quicunque
1601 2944 1885 3000 dominum
1912 2960 2071 3001 suum
2114 2954 2484 3015 negaverunt;
2518 2943 2648 3015 quid
2686 2945 2889 3016 putatis
2914 2960 3012 3003 vos
3054 2945 3351 3004 Dominum
3376 2949 3531 3006 vobis
3565 2950 3792 3015 facturum,

588 3040 686 3111 qui
717 3040 1102 3094 universorum
1163 3037 1324 3093 habet
1348 3048 1692 3110 potestatem.
1736 3037 2028 3095 Removete
2057 3038 2223 3109 igitur
2256 3038 2323 3094 de
2360 3038 2678 3110 praecordiis
2716 3039 2914 3098 vestris
2955 3041 3059 3098 has
3099 3042 3505 3116 disputationes
3545 3048 3639 3120 (6),
3677 3058 3722 3103 ut
3756 3045 3794 3101 in

594 3144 925 3207 perpetuum
958 3133 1159 3190 vivatis
1188 3132 1325 3188 Deo.

1999 3228 2232 3286 CAPUT
2278 3228 2473 3287 ΧΧΙΧ.

659 3363 733 3409 De
761 3354 1089 3410 dnodceimo
1124 3370 1253 3410 vero
1285 3365 1468 3412 monte
1492 3356 1724 3411 candido
1749 3355 1827 3427 (7)
1856 3375 1869 3411 :
1897 3356 2029 3412 tales
2055 3358 2308 3430 suntqui
2347 3359 2696 3417 crediderunt
2738 3361 2884 3420 sicut
2925 3363 3165 3422 infantes
3202 3364 3435 3432 sinceri,
3462 3364 3653 3437 quibus
3689 3359 3794 3416 nulla

589 3447 803 3502 malitia
841 3446 1089 3501 ascendit
1113 3447 1167 3501 in
1195 3463 1443 3513 sensum,
1478 3463 1575 3503 nec
1614 3448 1892 3503 sciverunt
1925 3448 2056 3519 quid
2088 3450 2160 3504 sit
2193 3452 2425 3516 malitia,
2449 3453 2542 3508 sed
2585 3468 2801 3525 semper
2824 3457 2878 3510 in
2905 3457 3239 3519 sinceritate
3279 3449 3624 3520 mansemnt:
3649 3458 3794 3527 Hujus-

586 3538 735 3591 modi
768 3551 899 3607 ergo
922 3535 1172 3592 homines
1200 3536 1277 3608 (8)
1306 3539 1427 3595 sine
1478 3539 1587 3595 ulla
1634 3539 1978 3595 dubitatione
2021 3541 2404 3598 inhabitabunt
2453 3559 2680 3615 regnum
2716 3545 2811 3601 Dei
2847 3548 2925 3618 (9)
2970 3566 2985 3603 :
3033 3552 3292 3620 quoniam
3346 3554 3402 3610 in
3450 3553 3596 3609 nullo
3635 3548 3795 3621 negatio

586 3632 849 3691 mandata
888 3632 987 3688 Dei
1012 3633 1429 3689 maculaverunt
1457 3635 1594 3705 (10),
1620 3635 1714 3690 sed
1744 3651 1869 3690 cum
1901 3634 2212 3691 sinceritate
2255 3646 2678 3707 permanserunt
2706 3655 2899 3697 omnes
2943 3641 3059 3698 dies
3103 3645 3232 3698 vitae
3273 3660 3414 3709 suae,
3436 3645 3619 3701 eodem
3655 3652 3796 3697 sensus

582 3741 792 3785 tenore.
809 3726 1133 3797 Quicunque
1167 3741 1297 3795 ergo
1325 3726 1724 3796 permanserint
1746 3726 2095 3798 (ll),inquit,
2112 3726 2252 3783 sicut
2280 3727 2535 3797 infantes,
2566 3746 2675 3788 non
2707 3733 2970 3790 habentes
2994 3735 3278 3805 malitiam,
3303 3736 3797 3793 honoratioresemnt

581 3820 844 3876 omnibus
873 3820 980 3875 illis
1007 3834 1147 3889 quos
1172 3818 1285 3889 jam
1310 3818 1445 3874 dixi.
1476 3818 1678 3874 Omnes
1722 3819 1869 3875 enim
1912 3818 2151 3876 infantes
2177 3820 2438 3878 honorati
2465 3832 2595 3879 sunt
2622 3827 2765 3896 apud
2804 3827 3116 3897 Dominum,
3147 3838 3202 3885 et
3229 3830 3394 3901 primi
3445 3829 3707 3884 habentur.
3730 3821 3797 3876 Fe-

588 3919 724 3975 lices
751 3932 883 3989 ergo
912 3932 1032 3982 vos,
1066 3915 1383 3986 quicunque
1408 3911 1751 3966 removeritis
1779 3911 2044 3967 malitiam
2075 3929 2105 3967 a
2141 3913 2317 3981 vobis,
2359 3925 2414 3970 et
2444 3916 2733 3973 indueritis
2780 3919 3184 3988 innocentiam;
3226 3920 3355 3992 quia
3380 3920 3539 3991 primi
3567 3917 3667 3990 (19.)
3690 3916 3798 3969 vide-

580 4015 713 4072 bitis
746 4014 942 4069 Deum.
967 4012 1267 4082 Postquam
1297 4008 1472 4063 finivit
1496 4008 1742 4063 omnium
1783 4008 2055 4063 montium
2083 4010 2523 4081 explanationem
2558 4016 2700 4084 (15),
2729 4015 2853 4073 dico
2882 4017 2933 4073 ei
2964 4037 2978 4074 :
3018 4017 3267 4083 Domine,
3298 4033 3450 4075 nunc
3485 4033 3677 4089 expone
3701 4012 3797 4070 mihi

580 4107 649 4161 de
674 4104 946 4176 lapidibus
978 4103 1066 4159 his
1102 4102 1198 4172 qui
1230 4100 1379 4156 allati
1411 4114 1476 4154 ex
1505 4114 1699 4169 campo
1741 4101 1795 4155 in
1833 4101 2018 4156 locum
2050 4104 2467 4173 reprobatorum
2496 4108 2634 4180 (M),
2674 4110 2739 4166 ad
2786 4122 3117 4170 structuram
3151 4112 3320 4170 turris
3350 4114 3507 4171 missi
3547 4121 3662 4169 sunt
3682 4112 3795 4182 (l5):

579 4196 713 4251 item
737 4194 804 4250 de
833 4192 1111 4264 lapidibus
1142 4189 1251 4246 illis
1282 4188 1553 4256 rotundis,
1576 4188 1671 4259 qui
1697 4187 1754 4243 in
1788 4197 2120 4245 structuram
2148 4193 2315 4249 turris
2356 4195 2554 4265 adiecti
2587 4208 2738 4268 sunt,
2763 4208 2819 4257 et
2848 4202 2917 4259 de
2951 4201 3038 4259 his
3060 4211 3154 4273 qui
3187 4210 3369 4268 adhuc
3395 4211 3611 4269 τοιυηάί
3636 4223 3799 4266 reman-

579 4301 791 4350 serunt.

1676 4374 1912 4431 VARUE
1952 4374 2153 4435 LECTI

1676 4374 1912 4431 VARUE
1952 4374 2342 4437 LECTIONES
2398 4382 2489 4438 ΕΤ
2531 4382 2769 4443 NOTAE.

646 4498 759 4568 (90)
791 4497 941 4552 Bodl.
986 4498 1263 4566 episcopis,
1302 4498 1360 4551 id
1402 4510 1481 4581 est
1527 4498 1840 4568 primatibus
1883 4497 2155 4580 Ecclesia.
2332 4500 2411 4631 ﬁ)
2442 4504 2542 4563 Ms.
2576 4504 2719 4565 Vict.
2750 4508 3122 4567 remedientur.
3164 4511 3236 4568 At
3277 4512 3464 4571 Carm.
3509 4517 3794 4571 redimatur.

646 4570 767 4623 tmb.
805 4582 1025 4631 quoque
1051 4569 1230 4631 habet,
1264 4567 1555 4624 Ecclesiae:
1583 4577 1800 4631 caetera,
1832 4577 1893 4624 ιιι
1942 4586 1997 4626 In
2040 4571 2159 4626 Vlll-
2262 4573 2341 4631 Ha
2415 4585 2474 4631 nt
2506 4594 2726 4631 auoaue
2764 4583 3116 4631 remediantur
3140 4598 3275 4631 mss-
3321 4588 3477 4631 Ᾱησῐ-
3534 4587 3662 4631 amid
3706 4584 3793 4631 Fel-

576 4567 767 4658 μέχρι).
805 4582 1025 4639 quoque
1051 4569 1230 4635 habet,
1264 4567 1555 4624 Ecclesiae:
1583 4577 1800 4637 caetera,
1832 4577 1893 4624 ut
1942 4570 1997 4626 in
2040 4571 2159 4626 vul-
2261 4567 2474 4658 Habent
2506 4594 2726 4658 quoque
2751 4583 3116 4658 remediantur
3140 4567 3477 4658 mss.:Angl.
3512 4567 3793 4656 apud—Fel-

574 4639 759 4729 gatirs..‘
791 4707 897 4729 "--
961 4692 1084 4729 .ῌὶ
1142 4709 1201 4729 Μ
1226 4727 1253 4729 μ
1284 4713 1324 4729 Δ.
2260 4646 2407 4729 lunt;
2442 4639 2613 4729 quam
2638 4639 2927 4729 lectionem
2955 4653 3200 4729 Clericus
3230 4639 3754 4729 aliiqugiomrirserunt.

786 4707 918 4794 Mss.
953 4707 1108 4794 Aug}.
1136 4709 1341 4794 libenti.
1378 4783 1389 4793 _
1492 4782 1504 4794 ο
1747 4790 1756 4794 Α
1841 4782 1890 4794 Η
2331 4707 2410 4794 (ᾗ)
2441 4707 2634 4794 Lamb.
2662 4722 2962 4794 ῳετίηιαιὶε.
2998 4707 3361 4794 θίῷᾰάἵέ

643 4780 758 4849 (92)
786 4778 918 4833 Mss.
938 4778 1097 4849 Angl.
1130 4780 1445 4850 ministerio,
1484 4782 1660 4851 inopes
1708 4790 1758 4836 et
1803 4782 1991 4836 viduas
2029 4799 2155 4853 ρον-
2182 4850 2185 4855 ί
2442 4788 2633 4848 Lamb.
2658 4792 2830 4856 deest,
2862 4803 3020 4857 certe.
3047 4778 3475 4854 Fellusﬂzﬂueslra
3505 4809 3651 4855 certe.

573 4860 840 4936 negarit.
921 4919 932 4936 .
1188 4923 1199 4934 ο
1246 4933 1255 4936 _
1306 4922 1343 4936 Π
1378 4922 1411 4936 η
1678 4924 1689 4934 _
1738 4932 1747 4936 Δ
1811 4924 1823 4936 ¹
2052 4934 2058 4936 Δ
2329 4859 2409 4936 (ξ)
2439 4858 3078 4936 Lamb.‘Dominun_t;ne
3099 4870 3329 4936 quando.

667 4921 755 4997 93)
784 4919 973 4997 Lamb=
1008 4923 1278 4997 gesserint.
1302 4922 1483 4980 Fellus
1509 4941 1521 4978 :
1551 4924 1771 4992 egerint,
1802 4924 2151 4983 honorantur.
2328 4919 2407 4997 (6)
2441 4929 2532 4986 Sic
2559 4940 2613 4986 et
2644 4932 2796 4988 Bodl.
2825 4934 2895 4988 At
2917 4919 3046 4990 Felli
3077 4919 3425 4996 eilithson.
3466 4942 3789 4997 dubitationes.

666 4989 757 5083 222
785 4990 915 5083 se
947 4989 1105 5083 tsre-
1140 4990 1350 5083 em
1583 4989 1598 4992 ‘
2302 4989 2403 5083 lli
2435 5000 2759 5083 bss-Mel:
2783 4989 3425 5083 canat-damnatae;
3446 4989 3672 5083 eam:

641 5061 758 5140 (es)
787 5061 1108 5140 MssaAngl.
1149 5063 1404 5140 abolita.“
1883 5136 1911 5140 η
1991 5136 2037 5140 _»
2302 5061 2407 5140 '(8)
2438 5070 2630 5128 Lamb.
2659 5061 2714 5127 hi
2739 5074 2997 5131 homines.

639 5134 755 5205 (96)
785 5133 976 5188 Lamb.
1009 5143 1129 5186 sunt
1162 5146 1210 5187 et
1239 5134 1570 5191 excellunt...
1610 5150 1747 5188 nunc
1787 5136 1934 5191 audi.
1985 5136 2075 5193 Sic
2100 5146 2154 5193 ct
2352 5133 2407 5209 9)
2431 5141 2561 5199 Mss.
2593 5145 2673 5199 An
2716 5145 2753 5199 ι.
2781 5146 3096 5203 habitabant
3133 5151 3189 5205 in
3220 5169 3373 5215 requa
3406 5152 3527 5209 Dei.

639 5205 699 5258 lli
728 5205 859 5261 edit.
884 5204 1061 5260 Oxon.
1355 5275 1365 5286 ι
2324 5142 2372 5354 ἓ1
2385 5211 2440 5279 0)
2472 5214 2624 5269 Bodl.
2659 5161 2945 5271 [geminum
2972 5210 3386 5279 maculaverimt.

785 5274 974 5354 Lamb.
1008 5276 1182 5354 deest,
1210 5274 1516 5331 Dominum.
2354 5285 2439 5352 11)
2472 5283 2604 5340 Mss.
2636 5286 2795 5354 Angl.
2827 5294 3245 5354 permanseritis.
3275 5294 3340 5350 Et
3368 5311 3514 5354 mox.

569 5203 859 5279 Felli_ed_it.
884 5204 1061 5279 Oxon.
1221 5274 1251 5279 _
1355 5275 1365 5279 _
2324 5203 2440 5279 (10)
2472 5214 2624 5269 Bodl.
2659 5203 2945 5271 Dominum
2972 5203 3386 5279 ntacuiaveriiiit.

785 5274 974 5361 Lamb.
1008 5276 1182 5361 deest,
1210 5274 1516 5331 Dominum.
2327 5274 2439 5361 (11)
2472 5283 2604 5361 Μεδέ
2636 5286 2795 5361 ᾼηει.
2826 5274 3254 5358 permanseritis.
3275 5274 3514 5361 Bt'mox,
3540 5292 3787 5351 honoratio-

640 5345 941 5437 ‘BodlL.
968 5347 1441 5437 add‘tanteniguL
1524 5416 1609 5437 an
1676 5428 1712 5437 ﬂ
1971 5420 2011 5437 Α
2253 5345 2534 5437 reserat}.
2564 5345 2777 5437 Quibqu
2805 5345 2989 5415 statim
3023 5345 3783 5437 adu.'Lﬁiij'ﬁéiiiﬁiiiet

639 5416 751 5488 (99)
774 5415 965 5503 Lamb.
1011 5417 1184 5499 deest,
1232 5416 1463 5487 perinde.
1524 5416 1614 5475 Sic
1665 5428 1719 5475 et
1779 5419 1907 5475 edit.
1969 5420 2145 5477 Oxon.
2468 5415 2984 5503 Lamb.quicunque
3013 5415 3780 5503 habet;iii'il'bééhiidtﬁ‘é'prinai.

565 5489 653 5565 Al.
669 5498 910 5565 massam
937 5490 1074 5565 quis.
1946 5563 1954 5565 _
2325 5489 2437 5565 (l5)
2466 5495 2657 5552 Lamb.
2687 5489 3023 5556 solutionem.
3056 5502 3145 5559 Sic
3170 5489 3223 5562 et
3252 5489 3447 5563 Fellus.

600 5556 784 5684 d(1103)
815 5556 1005 5614 Lamb.
1032 5558 1247 5627 desunt,
1279 5570 1333 5614 tn
1359 5567 1536 5627 vobis;
1567 5572 1620 5618 et
1658 5571 1779 5634 post
1822 5563 2144 5631 moriamiui,
2324 5556 2437 5639 (14)
2452 5566 2600 5691 ιίῖθιιὶ
2625 5568 2760 5626 edit.
2798 5568 2973 5627 Oxon.
3010 5556 3487 5649 allatitex‘ea-n—tpo,
3516 5590 3562 5635 et
3589 5572 3782 5646 reproba-

676 5668 690 5682 .
756 5645 834 5682 os.
2200 5656 2209 5661 ·
2253 5650 2425 5691 torum
2474 5655 2585 5691 aco.

567 5644 690 5684 aud.
726 5644 834 5682 vos.
2200 5656 2209 5661 ε
2253 5650 2425 5697 torum
2452 5644 2585 5694 loco.

640 5698 718 5771 (1)
755 5698 946 5756 Lamb.
975 5710 1161 5770 orare;
1193 5713 1246 5761 ct
1283 5719 1431 5773 mox,
1464 5704 1673 5761 habeat.
2098 5727 2105 5737 ε
2322 5710 2435 5782 (15)
2464 5709 2595 5768 Mss.
2632 5713 2793 5787 Angl.
2824 5715 3021 5773 ierunt.
