4030 6316
197 291 344 346 1005
1311 270 1601 344 rssron.
1639 317 1709 330 _
1746 287 1788 342 ι.

1869 326 1876 339 .
1913 284 2003 340 lll.
2043 285 2244 344 SIMIL.
2287 286 2379 344 IX.
3323 289 3460 348 1006

1603 397 1834 453 CAPUT
1874 398 2045 456 XXX.
2081 401 2092 411 ⁸

270 501 413 555 Audi
447 511 612 567 nunc,
644 499 841 569 inquit,
865 497 933 553 de
956 496 1248 569 lapidibus.
1273 495 1378 562 Qui
1418 495 1567 551 allati
1605 495 1718 567 (l6)
1747 496 1813 551 de
1835 511 2031 566 campo
2061 497 2114 550 in
2161 505 2495 551 structuram
2541 496 2710 551 turris
2735 496 2896 567 positi
2945 507 3075 554 sunt
3109 514 3299 554 eorum
3341 499 3465 554 loco

199 596 299 665 qui
332 594 446 665 (17)
471 592 749 663 reprobati
777 599 936 646 erant
968 631 982 656 ,
1008 589 1224 647 radices
1254 598 1382 644 sunt
1408 589 1555 644 illius
1580 587 1794 643 candidi
1829 589 2054 644 montis.
2079 587 2217 642 Cum
2254 588 2419 660 igitur
2459 588 2514 643 hi
2542 587 2636 658 qui
2660 588 2728 644 de
2761 588 2853 643 illo
2880 599 3066 646 monte
3093 592 3463 658 crediderunt,

200 691 331 746 facti
365 701 492 748 sunt
518 689 873 756 innocentes;
899 688 1066 758 jussit
1088 687 1353 742 Dominus
1374 686 1494 755 ejus
1536 685 1727 749 turris,
1759 699 1855 739 eos
1885 685 1978 755 qui
2006 685 2074 740 de
2108 685 2384 740 radicibus
2414 683 2613 740 montis
2643 690 2861 750 essent,”
2883 682 2940 738 in
2973 693 3304 740 structuram
3345 684 3465 742 col-

199 780 396 836 locari.
427 779 699 835 intellexit
729 779 842 850 (18)
873 779 1040 846 enim,
1073 779 1118 834 si
1151 778 1217 833 ad
1245 778 1658 833 aediﬁcationem
1704 776 1898 832 iissent
1937 777 2074 847 (l9),
2104 777 2416 847 splendidos
2460 777 2581 832 illos
2610 792 3023 846 permansuros,
3054 798 3155 838 nec
3194 783 3365 838 ullum
3397 783 3466 839 de

200 874 291 928 his
325 874 559 944 amplius
602 873 997 944 denigrandum
1046 872 1180 942 (20).
1222 870 1376 938 Quod
1414 871 1459 925 si
1501 870 1571 924 ita
1605 869 1717 939 (2i)
1757 871 1825 924 dc
1871 870 2080 925 caeteris
2126 869 2404 924 montibus
2451 869 2762 940 adiecisset,
2788 887 2896 926 non
2932 888 3151 929 necesse
3181 875 3467 933 habuisset

198 977 397 1018 rursus
424 961 646 1016 visitare
672 975 791 1015 eam
826 964 1018 1015 turrim
1047 969 1212 1030 atque
1239 975 1495 1031 purgare.
1537 957 1603 1012 Hi
1632 967 1814 1013 autem
1843 973 2034 1014 omnes
2059 958 2302 1022 candidi,
2336 959 2565 1030 juvenes
2593 959 2706 1031 (22)
2736 964 2979 1034 suntqui
3012 967 3379 1032 crediderunt,
3411 977 3468 1023 et

197 1063 296 1132 qui
324 1061 582 1117 credituri
610 1069 776 1126 sunt;
815 1074 880 1115 ex
903 1059 1093 1114 eodem
1118 1057 1264 1111 enim
1295 1071 1493 1126 genere
1520 1065 1667 1111 sunt.
1694 1054 1844 1110 Felix
1872 1055 1977 1111 hoc
2005 1071 2197 1126 genus,
2238 1057 2368 1126 quia
2403 1056 2700 1112 innocuum
2727 1069 2828 1115 est.
2858 1061 3003 1116 Audi
3037 1078 3183 1119 nunc
3209 1073 3264 1119 et
3299 1064 3367 1120 de
3399 1065 3468 1120 il-

201 1162 269 1216 lis
294 1158 543 1214 rotundis
577 1156 851 1227 lapidibus
887 1165 940 1210 et
979 1153 1299 1224 splendidis.
1326 1151 1392 1205 lii
1419 1167 1610 1207 omnes
1637 1150 1704 1206 de
1734 1151 1839 1206 hoc
1873 1151 2108 1206 candido
2139 1162 2325 1206 monte
2361 1160 2510 1207 sunt.
2538 1150 2718 1218 Quare
2739 1155 2854 1226 (23)
2881 1167 3061 1212 autem
3087 1160 3305 1215 rotundi
3339 1168 3470 1216 sunt

196 1253 420 1322 reperti,
451 1265 617 1307 causa
648 1259 730 1305 est
762 1248 891 1318 quia
913 1247 1115 1302 divitiae
1140 1262 1254 1303 suae
1304 1245 1426 1301 illos
1454 1244 1712 1315 pusillum
1764 1258 1794 1298 a
1841 1244 2068 1299 veritate
2111 1244 2549 1300 obscuraverunt
2596 1255 2760 1317 atque
2803 1249 3270 1322 obfuscaverunt;
3305 1254 3401 1309 sed
3433 1269 3466 1310 a

201 1341 314 1396 Deo
345 1355 624 1412 nunquam
655 1345 1026 1403 recesserunt,
1059 1352 1160 1392 nec
1193 1337 1365 1390 ullum
1397 1335 1622 1390 verbum
1652 1335 1857 1389 malum
1882 1334 2152 1405 processit
2181 1336 2248 1390 de
2285 1351 2379 1391 ore
2407 1351 2636 1404 eorum;
2665 1337 2760 1393 sed
2793 1340 2975 1395 omnis
3007 1341 3258 1410 aequitas,
3293 1342 3468 1396 virtus

197 1445 252 1490 et
283 1437 485 1491 veritas
516 1433 652 1503 (24).
680 1431 885 1487 Horum
920 1445 1051 1502 ergo
1077 1437 1315 1485 mentem
1347 1443 1472 1482 cum
1495 1427 1723 1482 vidisset
1773 1425 2062 1489 Dominus,
2116 1435 2169 1481 et
2213 1441 2376 1496 posse
2425 1442 2520 1482 cos
2564 1427 2779 1482 veritati
2827 1428 3042 1498 favere;
3080 1431 3248 1501 jussit
3294 1433 3467 1487 bonos

198 1545 417 1602 quoque
442 1543 780 1599 permanere,
810 1536 864 1581 et
892 1542 1023 1596 opes
1073 1539 1265 1579 eorum
1299 1522 1660 1590 circumcidi;
1691 1537 1799 1577 non
1829 1521 1974 1576 enim
2009 1521 2184 1576 voluit
2226 1522 2281 1576 in
2329 1530 2502 1576 totum
2536 1523 2659 1578 illas
2705 1524 2819 1579 tolli
2847 1526 2982 1597 (25),
3006 1535 3066 1581 ut
3091 1537 3311 1597 possent
3339 1528 3467 1582 boni

199 1627 406 1697 aliquid
435 1626 615 1680 facere
645 1623 759 1691 (26)
789 1623 857 1678 de
886 1637 952 1679 eo
981 1622 1127 1692 quod
1163 1621 1242 1676 eis
1266 1621 1515 1676 relictum
1560 1628 1674 1686 est;
1711 1627 1766 1673 et
1803 1619 1988 1674 vivent
2019 1619 2131 1691 (27)
2157 1618 2290 1686 Deo,
2319 1621 2580 1690 quoniam
2610 1627 2664 1676 et
2692 1621 2792 1692 ipsi
2823 1623 2890 1679 de
2913 1639 3111 1694 genere
3140 1625 3285 1681 bono
3315 1636 3464 1683 sunt.

204 1721 338 1777 idco
363 1736 495 1793 ergo
518 1720 778 1792 pusillum
809 1717 1122 1773 circumcisi
1145 1724 1298 1784 sunt,
1322 1725 1376 1772 et
1402 1715 1565 1786 positi
1592 1716 1645 1769 in
1670 1723 2002 1770 structuram
2041 1716 2211 1772 turris
2237 1716 2424 1786 hujus.

1591 1832 1823 1891 CAPUT
1860 1833 2057 1890 XXXI.

269 1957 464 2016 Caneri
495 1969 625 2011 vero
646 1953 741 2025 qui
769 1951 950 2007 adhuc
996 1948 1216 2007 rotundi
1260 1955 1701 2019 permanserunt,
1731 1961 1911 2018 neque
1945 1947 2056 2018 apti
2082 1948 2282 2018 reperti
2325 1947 2440 2018 (28)
2486 1959 2615 2006 sunt
2663 1952 2719 2007 in
2768 1968 2890 2010 eam
2944 1962 3304 2024 structuram,
3338 1963 3470 2031 quia

200 2056 448 2110 nondum
480 2056 812 2118 acceperunt
855 2043 1119 2113 sigillum,
1157 2040 1383 2112 repositi
1411 2049 1541 2095 sunt
1566 2039 1620 2093 in
1654 2038 1775 2094 loco
1801 2052 1935 2106 suo;
1969 2038 2125 2094 valde
2163 2039 2310 2094 enim
2350 2041 2572 2095 rotundi
2608 2046 2803 2112 reperti
2836 2057 2987 2106 sunt.
3017 2048 3241 2120 Oportet
3288 2063 3470 2109 autem

199 2147 520 2208 circumcidi
548 2147 656 2201 hoc
684 2139 944 2199 saeculum
975 2135 1042 2190 ab
1082 2131 1211 2197 illis,
1241 2138 1296 2185 et
1328 2127 1600 2184 vanitates
1641 2141 1808 2197 apum
1852 2142 2109 2194 suarum;
2139 2138 2194 2183 et
2232 2137 2363 2184 tunc
2394 2132 2722 2188 convenient
2773 2135 2826 2191 in
2869 2153 3039 2210 regno
3080 2139 3196 2196 Dei.
3237 2141 3473 2203 Necesse

199 2259 285 2306 est
306 2247 453 2304 enim
480 2259 575 2300 eos
600 2243 804 2296 intrare
834 2237 890 2290 in
912 2245 1140 2304 regnum
1171 2227 1302 2293 Dei;
1336 2226 1445 2281 hoc
1482 2224 1628 2279 enim
1661 2239 1833 2294 genus
1876 2223 2177 2278 innocuum
2221 2224 2499 2281 benedixit
2539 2228 2825 2288 Dominus.
2872 2233 2951 2289 Ex
2985 2235 3089 2292 hoc
3113 2253 3243 2307 ergo
3270 2254 3474 2310 genere

200 2361 318 2401 non
347 2339 631 2398 (mel-cide;
655 2335 978 2406 quisquam;
1005 2325 1206 2383 etenim
1239 2324 1365 2378 licet
1393 2321 1521 2392 quis
1560 2335 1748 2376 eorum
1791 2328 2029 2376 tentatus
2055 2337 2086 2375 a
2118 2323 2459 2391 nequissimo
2501 2323 2743 2392 diabolo,
2767 2324 2974 2395 aliquid
3013 2327 3322 2400 deliquerit,
3350 2330 3466 2387 cito

202 2441 451 2490 recurret
477 2429 543 2484 ad
573 2425 866 2482 Dominum
899 2419 1071 2475 Deum
1106 2431 1290 2472 suum.
1317 2413 1525 2470 Felices
1559 2427 1657 2467 vos
1684 2411 1797 2482 (29)
1818 2411 2006 2481 judico
2029 2427 2130 2483 ego
2172 2416 2399 2470 nuntius
2424 2417 2779 2486 ptenilentitc,
2803 2420 3116 2490 quicunque
3147 2420 3470 2482 innocentes

200 2532 339 2588 estis
368 2529 510 2584 sicut
537 2525 775 2580 infantes
797 2559 812 2584 ,
846 2515 1105 2588 quoniam
1136 2527 1266 2582 pars
1291 2517 1471 2565 vestra
1496 2508 1638 2563 bona
1669 2516 1749 2563 est
1781 2517 1835 2562 et
1871 2508 2139 2564 honorata
2181 2510 2323 2580 apud
2362 2511 2680 2569 Dominum.
2708 2514 2842 2570 Dico
2873 2527 3055 2572 autem
3089 2521 3348 2578 omnibus
3373 2538 3472 2579 vo-

201 2627 311 2691 bis,
339 2623 656 2695 quicunque
691 2613 929 2686 sigillum
956 2611 1060 2665 hoc
1089 2606 1416 2677 accepistis:
1445 2603 1848 2673 simplicitatem
1886 2603 2101 2672 habete,
2136 2619 2314 2674 neque
2354 2605 2688 2662 oil‘ensarum
2739 2623 3013 2664 memores
3057 2621 3254 2681 estote,
3293 2631 3475 2686 neque

201 2724 258 2778 in
289 2721 495 2776 malitia
520 2721 833 2787 permanete
863 2709 974 2778 ('50)
997 2724 1012 2774 ;
1042 2722 1218 2777 neque
1245 2705 1300 2759 in
1325 2703 1591 2759 memoria
1617 2701 1948 2758 offensarum
1974 2703 2370 2760 amaritudines
2398 2704 2453 2761 in
2478 2705 2914 2776 uniuscujusque
2936 2707 3135 2778 spiritu
3158 2710 3293 2767 ﬁant
3315 2712 3474 2782 (3i);

201 2816 299 2872 sed
323 2814 408 2869 his
439 2810 597 2866 malis
627 2803 888 2864 scissuris
921 2801 1035 2872 (52)
1068 2797 1308 2854 remedia
1336 2804 1654 2869 procurate.
1679 2803 1846 2864 atque
1875 2795 2046 2852 tollite
2073 2795 2195 2852 illas
2218 2810 2248 2850 a
2296 2795 2456 2851 vobis
2482 2814 2496 2851 :
2534 2807 2594 2853 ut
2643 2798 2900 2856 dominus
2929 2814 3187 2870 pecorum
3239 2805 3476 2873 gaudeat

201 2908 272 2962 de
314 2905 468 2960 vobis
495 2902 633 2973 (35);
678 2896 933 2969 gaudebit
978 2903 1196 2958 autem,
1222 2891 1269 2948 si
1310 2890 1492 2947 omnia
1539 2888 1811 2946 invenerit
1861 2903 2017 2945 sana.
2069 2885 2128 2942 Si
2180 2897 2364 2944 autem
2417 2904 2582 2958 pecus
2608 2889 2830 2961 aliquod
2866 2907 2932 2947 ex
2954 2893 3156 2952 talibus
3205 2895 3476 2953 invenerit

201 3003 574 3070 dissipatum;
608 3011 689 3050 vae
724 2993 828 3048 erit
853 2990 1188 3062 pastoribus.
1211 2986 1366 3054 Quod
1393 2986 1439 3042 si
1491 2984 1596 3055 ipsi
1645 2993 1895 3054 pastores
1936 2982 2186 3053 dissipati
2219 2982 2442 3050 fuerint,
2466 2985 2596 3056 quid
2634 2987 3042 3058 respondebunt
3071 2991 3233 3048 etiam
3273 2991 3324 3047 ei
3357 2992 3474 3065 (51)

201 3111 304 3167 pro
338 3089 661 3163 pecoribus?
696 3085 952 3156 Nunquid
982 3084 1184 3147 dicent,
1217 3095 1248 3135 a
1286 3093 1485 3150 pecore
1518 3093 1580 3134 se
1621 3077 1893 3134 vexatos?
1941 3076 2056 3146 (55)
2086 3074 2203 3131 Νοη
2248 3077 2499 3132 credetur
2540 3077 2668 3134 illis.
2703 3079 3038 3140 incredibilis
3064 3084 3210 3139 enim
3239 3100 3328 3142 res
3364 3096 3470 3151 est.

204 3199 480 3260 pastorem
504 3182 615 3255 pati
640 3194 802 3252 posse
832 3194 860 3234 a
892 3190 1090 3248 pecore
1115 3193 1130 3243 ;
1165 3182 1219 3229 et
1251 3173 1426 3244 magis
1447 3169 1673 3242 punitur
1693 3169 1806 3242 (56)
1835 3176 2057 3239 propter
2084 3167 2429 3224 mendacium
2459 3183 2645 3226 suum.
2671 3169 2741 3227 Et
2759 3185 2860 3244 ego
2885 3188 3008 3232 sum
3036 3185 3260 3248 pastor;
3287 3187 3344 3236 ει
3373 3193 3471 3236 γε-

201 3281 468 3338 lidissime
501 3286 716 3350 oportet
744 3289 832 3332 me
850 3274 918 3330 de
949 3271 1104 3329 vobis
1127 3267 1395 3326 rationem
1427 3264 1675 3322 reddere.

1479 3408 1814 3473 ANTIOCIIUS,
1851 3405 2071 3460 homilia
2097 3403 2188 3462 94.

276 3560 457 3618 Καλόν
485 3562 602 3614 ἐστι
627 3558 843 3630 κρατεῖν
872 3555 968 3627 τὴν
994 3551 1269 3622 ἁπλότητα
1291 3549 1386 3603 καὶ
1410 3547 1508 3620 τὴν
1532 3547 1785 3613 ἀκακίαν,

1962 3547 2166 3602 Bonum
2199 3558 2276 3602 est
2307 3548 2494 3604 habere
2526 3551 2919 3621 simplicitatau
2943 3562 2995 3607 et
3031 3553 3475 3621 innocentiam.“

202 3658 300 3712 καὶ
331 3652 468 3710 εἷναι
497 3654 572 3716 ὡς
597 3651 667 3706 τὰ
694 3653 860 3723 νήπια
888 3647 958 3702 τὰ
1011 3645 1085 3718 μὴ
1130 3643 1465 3714 γινώσκοντα
1491 3642 1589 3713 τὴν
1620 3658 1787 3714 πονη-

1889 3655 1999 3694 esse
2024 3641 2160 3694 sicut
2193 3641 2444 3712 infantes.
2472 3643 2563 3713 qui
2599 3644 2836 3698 nesciunt
2860 3644 3146 3711 malitiam,
3167 3663 3286 3718 qua:
3312 3649 3477 3703 vitam

207 3750 352 3822 ρίαν,
401 3747 503 3817 τὴν
554 3742 922 3798 ἀπολλύουσαν
965 3739 1064 3810 τὴν
1108 3737 1252 3808 ζωὴν
1288 3735 1397 3789 τῶν
1450 3731 1783 3807 ἀνθρώπων

1889 3731 2162 3786 hominum
2186 3733 2389 3803 perdit;
2420 3751 2579 3807 neque
2600 3751 2710 3791 esse
2730 3737 3052 3806 offensarum
3089 3755 3365 3807 memores,
3388 3757 3477 3796 ne-

204 3843 301 3896 καὶ
336 3839 412 3913 μὴ
440 3837 578 3891 εἶναι
616 3833 1003 3908 μνησικάκους,
1036 3830 1174 3902 μήτε
1204 3826 1550 3900 παρανόμους
1580 3824 1692 3915 (37)
1718 3825 1784 3897 τῇ

1888 3841 1986 3895 que
2016 3825 2073 3880 in
2101 3826 2312 3882 malitia
2337 3844 2682 3899 permanere;
2719 3831 2811 3884 sed
2857 3847 3114 3888 remouere
3147 3833 3383 3888 malitias
3424 3845 3477 3891 et

207 3934 376 4004 κακίᾳ
396 3950 408 3962 ·
444 3931 558 3985 ἀλλ’
582 3926 879 3983 ἀποθέσθαι
904 3924 1002 3988 τὰς
1024 3922 1222 3986 κακίας
1251 3920 1345 3974 καὶ
1374 3919 1474 3984 τὰς
1497 3916 1785 3990 πονηρίας,

1891 3917 2251 3989 malignitate:
2272 3961 2288 3988 ,
2335 3930 2386 3976 et
2446 3923 2831 3978 amaritudines
2857 3935 3249 3994 permanantes;
3276 3936 3326 3982 et
3361 3928 3477 3998 ﬁeri

201 4028 304 4080 ’καί
342 4024 442 4088 τὰς
491 4022 715 4094 πικρίας
754 4018 852 4082 τὰς
898 4016 1280 4087 παρανόμους,
1310 4013 1403 4066 καὶ
1453 4011 1703 4082 γενέσθαι
1732 4010 1790 4063 ἓν

1889 4027 2053 4066 unum
2082 4013 2368 4084 spiritum;
2395 4025 2446 4071 et
2487 4015 2659 4071 malas
2700 4015 2961 4072 scissuras
3004 4017 3187 4074 tollere
3229 4035 3292 4073 ac
3335 4036 3475 4074 ever-

209 4117 450 4188 πνεῦμα,
480 4115 573 4169 κα)⁸
611 4112 681 4167 τὰ
713 4112 966 4183 σχήματα
993 4107 1104 4180 (58)
1134 4105 1204 4160 τὰ
1233 4105 1446 4188 πονηρᾷ
1471 4103 1805 4188 ἀνατρέψαι.-
1893 4111 2017 4188 tere.

1402 4181 1712 4235 Auriocuus
1729 4217 1744 4242 .
1784 4182 2004 4238 homilia
2043 4179 2166 4236 122.

279 4265 401 4320 Ἵνα
446 4264 574 4316 ὅταν
632 4257 763 4332 ἔλθῃ
806 4255 835 4311 ὁ
877 4253 1066 4326 κύριος
1120 4250 1229 4305 τῶν
1280 4249 1605 4323 προϐάτων,
1656 4247 1798 4318 χαρῇ

1988 4245 2058 4302 Ut
2099 4262 2216 4301 eum
2272 4245 2468 4302 uenerit
2521 4246 2768 4304 dominus
2828 4267 3097 4320 pecorum,
3145 4249 3373 4320 gaudeat
3415 4249 3479 4305 de

1337 4382 1572 4440 νΑιιιιΕ
1609 4380 1994 4442 LECTIONES
2028 4384 2118 4441 ET
2158 4387 2389 4444 NOTIE.

281 4519 397 4591 (16)
428 4515 558 4591 Mss.
592 4513 759 4591 _A_ngi.
813 4510 998 4591 eiecti:
1042 4505 1398 4591 EditiomFelli
1435 4502 1610 4591 Oxon:
1643 4501 1790 4591 hunc
1895 4506 1936 4561 ἔ
1967 4505 2082 4576 (27)
2114 4505 2189 4562 lta
2225 4523 2359 4564 mss.
2406 4509 2621 4575 Lamb.,
2646 4510 2850 4566 Victor.
2897 4517 2951 4564 et
2986 4508 3170 4564 Carm.
3211 4507 3376 4578 Editi,
3399 4513 3481 4567 oi-

207 4573 395 4646 Ioc‘iini
425 4589 499 4642 ita
521 4573 784 4641 exhibct:
826 4573 902 4636 De
945 4581 1026 4633 his
1081 4577 1347 4646 lapidibus
1396 4577 1484 4646 qui
1527 4574 1683 4646 attaii
1729 4573 1793 4646 de
1895 4591 2030 4632 υενε,

204 4644 398 4730 eampo
423 4660 480 4712 in
505 4666 827 4710 structuram
852 4652 1012 4705 turris
1029 4644 1189 4721 positi
1211 4657 1332 4702 sunt
1359 4644 1539 4702 eorum
1563 4644 1675 4698 loco
1704 4644 1794 4714 qui
2114 4648 2310 4730 Lamb.
2342 4650 2512 4730 deest,
2537 4652 2775 4730 reperiri.

205 4719 482 4801 reprobati
518 4735 687 4801 erant,
713 4735 818 4801 etc.
924 4794 936 4801 _
1030 4719 1036 4721 ’
1947 4719 2100 4801 ’(29)
2114 4719 2206 4776 Sic
2239 4737 2374 4801 in_s_s.
2405 4721 2569 4789 Vict.,
2595 4719 2787 4777 Carm.
2824 4729 2880 4801 et
2923 4721 3113 4776 Lamb.
3145 4722 3236 4777 Sic
3267 4733 3320 4779 et
3353 4724 3483 4801 ξοξιιῑ

282 4801 400 4872 (17)
431 4798 620 4872 Lamb.
645 4797 707 4872 de
738 4796 818 4872 his
846 4794 956 4872 qui.
1897 4789 2237 4872 edit_.nO:_tpn.
2273 4793 2357 4872 ᾼΙ.
2394 4809 2513 4872 pero
2539 4809 2669 4872 _pro
2691 4809 2797 4848 vos.
2831 4791 2968 4872 Leg;
2989 4808 3184 4862 supra.
3214 4809 3331 4862 cap.
3359 4797 3448 4850 29.

283 4860 403 4940 (18)
432 4871 622 4923 Lamb.
642 4860 918 4940 intellectu.
991 4933 1024 4940 __
1108 4931 1140 4940 Α
1359 4931 1369 4940 _
1411 4931 1422 4940 _
1697 4929 1769 4940 Μ
1969 4860 2082 4927 (59)
2112 4860 2670 4940 Mss._Angl.__Ii_abere,
2702 4880 2862 4933 neque
2889 4860 3211 4932 oﬁ'ensarum
3235 4860 3483 4920 menmres

286 4928 403 5010 (19)
433 4940 616 5010 Fellus
641 4938 713 4992 ita
738 4937 790 4989 in
819 4952 915 4990 sua
944 4933 1072 4988 edit.
1102 4931 1278 4987 Oxon.
1323 4931 1369 4984 si
1403 4931 1458 5010 in
1502 4928 1799 5010 i_lla_azdiﬁ—
1901 4946 2220 5010 οδες-..κείω
2250 4934 2309 5010 iri
2337 4928 2545 5010 malitia
2582 4944 2751 5010 uestra
2772 4928 3090 5010 permanere.

207 5000 424 5070 satione
455 5009 601 5063 missi
628 5016 833 5071 essent;
865 5013 1198 5072 testaturque
1227 5017 1362 5056 mss.
1399 5001 1556 5071 Angl.
1591 5000 1798 5065 deesse,
1972 5000 2085 5075 (51)
2115 5000 2244 5058 Mss.
2282 5003 2440 5072 Angl.
2479 5006 2615 5075 ﬁeri,
2649 5016 2698 5059 et
2738 5000 2833 5059 has
2875 5005 3044 5059 malas
3086 5007 3344 5062 scissuras
3364 5022 3486 5068 per-

210 5084 386 5139 missi,
1904 5072 2188 5136 medicare,
2214 5084 2262 5127 et
2299 5072 2530 5129 tollere'a
2561 5077 2724 5130 vobis.

291 5154 407 5224 (20)
439 5150 628 5224 Lamb.
659 5149 721 5201 de
750 5147 829 5224 his
868 5145 1293 5224 nigricaturumL
1361 5211 1372 5222 .
1469 5221 1476 5224 _
1564 5209 1615 5224 Η
1688 5219 1697 5224 _
1977 5143 2090 5224 (32)
2121 5142 2402 5199 Scissuris.
2444 5145 2541 5224 Or.
2591 5148 2862 5224 σχήματα.
2908 5146 2964 5200 ln
3010 5163 3120 5202 uno
3170 5148 3292 5202 cod.
3326 5147 3484 5217 Regis

291 5209 406 5294 (21)
447 5222 637 5276 Lamb.
674 5219 880 5274 omisso
908 5209 1004 5283 ita,
1035 5225 1158 5286 post
1202 5211 1478 5279 adiecisset
1515 5209 1638 5266 add.
1683 5219 1803 5263 tau-
1907 5209 2344 5294 menrbranace‘o,
2369 5209 2840 5294 σχίσματῷὍοτ.

217 5283 569 5364 ιιιὺιοῗμ,
684 5357 811 5364 ___
1001 5353 1144 5364 -.η
1322 5353 1369 5364 ..
1774 5361 1782 5364 _

1111 5353 1144 5364 η
1322 5353 1369 5364 ..
1774 5361 1782 5364 _
1979 5283 2092 5364 (ἕξ)
2132 5283 2234 5364 με·
2267 5283 2453 5364 91"!“-
2488 5283 2550 5340 δε
2578 5287 2682 5364 ἐίδε

295 5363 408 5434 (22)
436 5361 526 5434 Sic
547 5361 738 5416 Lamb.
758 5357 849 5415 Sic
873 5368 928 5413 et
953 5357 1082 5414 edit.
1106 5353 1282 5411 Oxon.
1309 5353 1392 5406 Al.
1419 5353 1634 5406 candidi
1662 5361 1805 5415 sunt,
2135 5355 2328 5434 lfamb.
2357 5357 2576 5434 desunt,
2607 5358 2770 5434 etiam
2799 5361 2866 5413 ei.

217 5425 434 5492 omisso
451 5432 690 5500 jurenes.
1307 5493 1344 5500 _
1682 5497 1691 5500 _
1750 5496 1759 5500 Δ
1982 5425 2095 5500 (iiii)
2137 5426 2293 5482 l-lunc
2317 5427 2493 5482 locum
2519 5428 2700 5500 laudat
2747 5439 2938 5500 auctor
2973 5429 3210 5484 humilia:
3234 5429 3307 5483 De
3339 5429 3485 5484 alea-

297 5493 640 5573 (25).Lamb.
687 5503 815 5556 audi
853 5510 1022 5554 autem
1069 5513 1248 5569 quare.
1306 5493 1371 5547 Et
1415 5511 1538 5550 mox
1585 5496 1807 5559 omittit,
1915 5493 2233 5573 tor‘i_b_t_ts,_:_ld
2261 5496 2921 5573 calcemopp._Cypriani.

220 5566 500 5633 causaest
534 5575 676 5642 quia.
1082 5566 1090 5569 ’
1150 5641 1155 5642 ί
1252 5638 1263 5642 _
1985 5567 2098 5642 (ἓρ)
2130 5568 2268 5642 _Mss.
2306 5566 2580 5642 Carm._'ct
2611 5566 2803 5642 Lamb.
2828 5570 3093 5642 punietur.

299 5647 412 5714 (24)
439 5637 567 5699 Μεθ’.
597 5644 754 5714 Angl.
788 5652 834 5696 et
864 5643 1027 5695 virtus
1055 5638 1312 5694 veritatis.

2128 5639 2256 5714 μᾶς.
2292 5640 2656 5714 παραμόνους.
2693 5637 2783 5697 Sic
2803 5649 2856 5696 ct
2887 5655 3015 5696 mox
3042 5641 3203 5698 intra.

299 5709 414 5785 (25)")
442 5715 631 5785 Lamb.
665 5709 767 5767 n'ou
802 5715 939 5785 enim
971 5715 1022 5765 in
1053 5723 1221 5765 totum
1251 5727 1430 5785 eorum
1464 5710 1597 5785 tolli.

993 5731 1022 5764 η
1053 5723 1221 5765 totum
1251 5727 1430 5785 eorum
1464 5710 1597 5785 tolli.
1985 5709 2097 5780 (38)
2128 5709 2250 5781 Leg.
2291 5709 2576 5782 σχίσματα.

298 5781 413 5859 (26)
441 5784 620 5842 Fciius
652 5787 706 5842 in
744 5785 872 5841 edit.
899 5781 1072 5837 Oxon.
1104 5785 1334 5852 operari.
1363 5784 1445 5836 Al.
1479 5782 1676 5853 facere.

2656 5857 2660 5862 .
2669 5845 2782 5864 δ’...
