4002 6308
193 335 342 396 1009
990 324 995 335 ’
1328 326 1619 387 PASTOB.
1664 357 1730 369 ——-
1771 328 1773 379 Ῑ

1893 368 1898 380 .
1939 325 2027 383 lll.
2067 325 2269 383 SIMIL.
2305 326 2375 381 Χ.
3312 327 3473 383 1010.

192 456 389 514 pastor
412 442 651 509 :Omnia
683 458 715 498 a
747 458 833 498 me
879 442 1272 514 interrogasti?
1317 440 1383 497 Et
1418 441 1535 497 dixi
1561 458 1579 494 ελ
1607 439 1707 504 lta,
1749 441 1991 495 domine.
2044 438 2225 506 Quare
2273 455 2405 511 ergo
2447 457 2554 511 non
2594 440 2946 508 interrogasti
2996 454 3102 505 me,
3146 439 3343 512 inquit,
3380 442 3457 499 de

193 543 375 598 forma
426 542 670 613 lapidum
722 540 778 594 in
818 547 1093 595 structura
1138 537 1541 605 repositorum;
1592 543 1652 588 ut
1694 535 1792 589 tibi
1847 535 2176 604 explicarem
2228 535 2369 607 (54)
2417 534 2663 591 formas?
2722 534 2787 591 Et
2809 536 2920 590 dixi
2968 552 2981 587 :
3026 535 3443 604 Oblitussum,

190 635 449 697 domine.
478 632 620 688 Audi
654 648 801 688 nunc
828 646 982 701 ergo,
1030 629 1228 699 inquit,
1258 638 1312 683 ct
1337 627 1404 682 de
1440 627 1567 682 illis.
1610 625 1674 679 Hi
1714 634 1843 681 sunt
1879 628 1981 695 qui
2022 643 2167 682 nunc
2208 628 2462 683 mandata
2508 628 2621 684 hrcc
2647 628 2761 699 (55)
2789 629 3099 695 audierunt,
3133 640 3185 685 et
3212 645 3291 685 ex.
3315 635 3475 690 totis.

191 727 515 799 prmordiis
538 734 766 797 egerunt
792 722 1167 795 pmnitentiam
1194 738 1208 774 :
1239 737 1475 792 cumque
1504 721 1729 777 vidisset
1750 720 2015 778 Dominus
2045 722 2242 778 bonam
2274 733 2435 793 atque
2463 740 2657 795 puram
2683 725 2795 795 (56)
2818 727 3207 795 paenitentiam
3225 744 3442 796 mrum.

190 830 247 873 et
275 833 437 889 posse
459 833 554 873 eos
585 817 639 871 in
667 832 729 871 ea
756 828 1109 885 permanere;
1136 812 1303 883 jussit
1338 812 1523 882 priora
1559 819 1782 883 peccata
1829 826 2019 867 eorum
2057 811 2248 867 deleri.
2286 810 2381 868 Ha:
2431 814 2577 879 enim
2618 814 2807 872 forma:
2852 830 3077 887 peccata
3103 820 3467 891 (57);eorum,_

189 925 386 983 erant;
424 922 479 970 et
502 920 785 983 exzequata
815 919 965 977 sunt,
993 924 1061 965 ne
1083 918 1426 980 apparerent.

1509 1033 1983 1096 SIMILITUDO
2029 1036 2111 1095 Χ.

1311 1160 1401 1219 De
1424 1160 1796 1237 paenitentia
1824 1168 1883 1219 et
1912 1160 2319 1238 eleemoeyna.

1667 1279 1899 1336 CAPUT
1939 1279 1981 1337 1.

258 1376 556 1448 Postquam
608 1378 1037 1448 perscripseram
1092 1377 1293 1431 librum
1336 1376 1521 1459 ‘hunc,
1572 1376 1719 1431 venit
1764 1377 1991 1433 nuntius
2044 1376 2133 1432 ille
2191 1378 2284 1447 qui
2332 1394 2419 1434 me
2470 1380 2769 1438 tradiderat
2828 1383 2905 1438 illi
2955 1385 3070 1459 (58)
3115 1390 3340 1459 pastori,
3387 1389 3454 1444 in.

106 1471 121 1481 ’
186 1467 415 1524 domum
462 1470 516 1525 in
554 1487 661 1541 qua
702 1472 815 1542 (59)
862 1486 1037 1535 eram,
1080 1479 1135 1524 et
1175 1470 1424 1525 consedit
1468 1485 1634 1538 supra
1680 1469 1917 1535 lectum;
1972 1477 2027 1525 et
2073 1469 2247 1524 astitit
2298 1471 2353 1525 in
2391 1471 2619 1528 dextera
2661 1476 2780 1545 ejus
2833 1475 2921 1533 ille
2965 1489 3170 1548 pastor.
3235 1480 3443 1538 Deinde

185 1560 404 1614 vocavit
435 1577 544 1629 me,
571 1572 625 1617 et
653 1562 770 1617 haec
805 1562 940 1618 mihi
969 1562 1107 1618 dixit
1135 1580 1148 1617 :
1172 1561 1395 1617 Tradidi
1430 1572 1501 1628 te,
1538 1561 1735 1632 inquit,
1777 1568 1831 1616 et
1864 1561 2087 1616 domum
2127 1571 2275 1616 tuam
2302 1561 2429 1616 huic
2454 1565 2683 1632 pastori,
2718 1576 2778 1621 ut
2804 1568 2874 1622 ab
2902 1584 2969 1623 eo
2998 1572 3206 1642 protegi
3238 1574 3437 1642 possis.

185 1656 287 1721 lta,
323 1658 569 1727 inquam,
605 1659 842 1715 domine.
894 1658 951 1715 Si
996 1659 1082 1716 vis
1119 1675 1248 1731 ergo
1292 1659 1523 1731 protegi,
1573 1658 1781 1729 inquit,
1815 1657 1885 1712 ab
1917 1658 2065 1712 omni
2108 1659 2392 1715 vexatione
2437 1671 2491 1715 et
2528 1661 2596 1716 ab
2636 1664 2783 1717 omni
2833 1666 3071 1733 saevitia;
3120 1683 3437 1725 successum

185 1758 371 1803 autem
401 1749 608 1805 habere
648 1750 702 1805 in
735 1750 886 1805 omni
917 1766 1080 1821 opere
1109 1751 1256 1805 bono
1286 1759 1449 1820 atque
1474 1750 1671 1816 verbo,
1696 1758 1753 1805 et
1781 1764 1998 1803 omnem
2025 1749 2278 1804 virtutem
2310 1752 2614 1822 aequitatis;
2656 1754 2709 1809 in
2744 1757 3019 1814 mandatis
3057 1760 3124 1816 iis
3155 1760 3439 1832 ingredere

184 1858 312 1910 qua:
352 1842 503 1898 dedit
528 1842 639 1915 (60)
669 1844 799 1912 tibi,
832 1855 887 1900 et
922 1844 1123 1915 poteris
1161 1843 1432 1899 dominari
1474 1842 1624 1898 omni
1668 1843 1945 1913 nequitite.
1996 1842 2339 1898 Custodienti
2385 1846 2530 1899 enim
2579 1846 2678 1902 tibi
2722 1850 2979 1906 mandata
3023 1851 3136 1917 illa,
3196 1853 3441 1923 subjecta

185 1932 290 1990 erit
339 1933 519 1988 omnis
565 1934 834 2004 cupiditas
882 1942 937 1989 et
984 1933 1219 1990 dulcedo
1272 1933 1437 2003 hujus
1492 1932 1710 1998 saeculi;
1791 1947 2086 1987 successus
2127 1947 2256 1987 vero
2298 1932 2352 1988 in
2397 1934 2547 1989 omni
2598 1934 2742 1990 bono
2793 1940 3010 2009 negotio
3052 1944 3103 1995 te
3151 1951 3434 2010 sequetur.

186 2018 552 2083 Maturitatem
609 2029 772 2100 hujus
820 2039 873 2085 et
920 2032 1245 2087 modestiam
1294 2030 1513 2099 suscipe
1566 2029 1620 2083 in
1671 2038 1724 2083 te
1770 2026 1922 2097 (6l);
1970 2037 2024 2082 et
2069 2027 2158 2084 dic
2202 2029 2497 2096 omnibus,
2538 2030 2592 2085 in
2646 2047 2846 2103 magno
2890 2034 3098 2089 honore
3142 2051 3267 2092 esse
3311 2051 3437 2093 eum

184 2128 238 2174 et
267 2119 527 2191 dignitate
574 2122 717 2192 apud
754 2121 955 2190 Deum,
1007 2135 1058 2179 et
1107 2140 1317 2196 magna:
1370 2123 1653 2193 polesratis
1696 2137 1822 2176 eum
1868 2120 2156 2191 praesidem
2198 2138 2349 2192 esse,
2399 2132 2454 2181 et
2498 2134 2774 2197 potentem
2816 2126 2870 2184 in
2908 2127 3086 2183 oillcio
3130 2145 3251 2185 suo.
3299 2128 3437 2187 Huic

184 2213 290 2268 soli
326 2230 421 2284 per
451 2224 623 2270 totum
656 2217 845 2271 orhem
884 2221 1217 2289 paenitentia:
1249 2230 1491 2291 potestas
1532 2208 1735 2274 tributa
1762 2225 1866 2273 est.
1913 2216 2121 2275 Potens
2147 2233 2215 2275 ne
2240 2218 2347 2277 tibi
2370 2220 2586 2279 videtur
2618 2225 2775 2280 esse?
2806 2223 2911 2279 Sed
2940 2240 3036 2279 vos
3062 2224 3436 2279 maturitatem

182 2310 351 2383 hujus
378 2320 434 2368 et
460 2313 786 2370 modestiam
817 2316 931 2389 (62)
958 2335 1123 2390 quam
1161 2320 1215 2374 in
1248 2336 1347 2376 vos
1375 2319 1559 2384 habet,
1590 2316 1888 2386 despicitis.

1642 2431 1873 2489 CAPUT
1912 2431 1976 2489 11.

252 2530 392 2587 Dico
416 2531 463 2587 ei
495 2550 509 2587 :
541 2530 821 2605 Interroga
862 2532 1063 2603 ipsum,
1093 2530 1334 2594 domine,
1359 2544 1427 2585 ex
1456 2545 1566 2600 quo
1602 2529 1655 2584 in
1687 2530 1851 2585 domo
1882 2545 2009 2584 mea
2030 2539 2135 2597 est,
2164 2545 2305 2585 anne
2330 2530 2446 2600 (65')
2473 2530 2679 2601 aliquid
2702 2540 2855 2587 extra
2896 2535 3142 2590 ordinem
3187 2537 3431 2608 fecerim,

174 2631 278 2678 aut
318 2623 371 2677 in
407 2624 591 2696 aliquo
616 2640 741 2680 eum
769 2623 1106 2680 oﬂ‘enderim.
1147 2620 1215 2674 Et
1241 2636 1364 2693 ego,
1405 2620 1601 2690 inquit,
1635 2621 1772 2687 scio,
1803 2620 1937 2676 nihil
1967 2620 2120 2676 extra
2159 2623 2406 2676 ordinem
2448 2622 2645 2679 fecisse
2678 2634 2728 2677 te
2755 2640 2931 2696 neque
2966 2642 3087 2683 esse
3120 2628 3431 2702 facturum;

173 2725 235 2772 et
277 2717 397 2772 ideo
439 2718 553 2773 haec
585 2720 781 2789 loquor
817 2725 1019 2781 tecum,
1047 2724 1108 2769 ut
1130 2728 1481 2785 perseveres;
1528 2712 1665 2767 bene
1702 2713 1848 2767 enim
1890 2713 1980 2768 hic
2007 2713 2075 2768 de
2113 2722 2163 2768 te
2202 2714 2343 2783 apud
2378 2728 2465 2768 me
2497 2715 2847 2772 existimavit.
2879 2716 2960 2773 'Pn
2993 2732 3174 2776 autem
3218 2726 3435 2783 caeteris

176 2810 300 2865 haec
326 2811 490 2866 verba
526 2811 712 2875 dices;
748 2818 809 2865 ut
850 2817 907 2866 et
954 2808 1031 2863 illi
1062 2808 1155 2878 qui
1194 2815 1423 2878 egerunt
1457 2813 1553 2861 aut
1599 2806 1776 2861 acturi
1823 2816 1952 2862 sunt
1992 2805 2402 2875 paenitentiam,
2447 2806 2634 2863 eadem
2679 2823 2801 2878 qua:
2848 2818 2905 2866 tu
2951 2814 3223 2881 sentiant;
3258 2827 3311 2873 et
3343 2818 3435 2875 hic

173 2903 320 2972 apud
354 2918 439 2956 me
472 2903 546 2957 de
568 2903 635 2958 iis
660 2901 772 2975 (64)
817 2901 1245 2970 interpretetur;
1285 2907 1337 2953 et
1373 2913 1475 2969 ego
1517 2899 1659 2967 apud
1683 2894 1997 2951 Dominum.
2039 2895 2105 2951 Et
2138 2913 2259 2968 ego,
2288 2898 2534 2969 inquam,
2563 2899 2801 2964 domine,
2833 2907 2986 2961 omni
3016 2906 3223 2962 homini
3252 2910 3433 2966 iudico

173 2995 450 3064 magnalia
480 2993 608 3058 Dei,
653 3007 815 3063 spero
859 3000 1041 3046 autem
1085 3004 1181 3044 eos
1220 3003 1411 3043 omnes
1450 2987 1545 3056 qui
1587 2995 1775 3041 amant
1810 3002 1914 3053 ea,
1979 2996 2035 3042 et
2073 2998 2198 3044 ante
2238 2999 2625 3059 peccaverunt,
2667 2993 2753 3049 his
2790 2996 2992 3054 auditis
3037 3009 3259 3058 acturos
3309 3018 3435 3061 esse

172 3090 551 3162 paenitentiam
590 3090 724 3160 (65),
755 3090 920 3143 vitam
965 3094 1366 3156 recuperantes.
1429 3082 1695 3139 Permane
1735 3100 1907 3154 ergo,
1970 3085 2169 3156 inquit,
2219 3087 2275 3142 in
2306 3086 2411 3143 hoc
2454 3087 2779 3149 ministerio.
2821 3098 2875 3144 et
2914 3105 3235 3150 consumma
3274 3093 3427 3154 illud.

173 3184 501 3253 Quicunque
541 3192 722 3237 autem
763 3178 1019 3235 mandata
1063 3177 1229 3248 hujus
1274 3186 1669 3247 exsequuntur,
1703 3176 1984 3232 habebunt
2013 3179 2203 3245 vitam,
2238 3188 2293 3234 et
2325 3180 2412 3236 hic
2435 3179 2548 3250 (66)
2581 3190 2635 3236 et
2667 3184 2809 3252 apud
2836 3184 3128 3245 Dominum
3168 3206 3427 3262 magnum

174 3284 465 3338 honorem.
508 3280 830 3351 Quicunque
859 3293 988 3334 vero
1025 3278 1188 3348 hujus
1227 3275 1485 3330 mandata
1525 3290 1633 3329 non
1678 3283 1913 3341 servant,
1958 3273 2175 3347 fugiunt
2211 3293 2242 3332 a
2285 3276 2397 3332 vita
2438 3293 2537 3332 sua
2582 3290 2637 3335 et
2678 3282 3038 3339 adversantur
3080 3284 3155 3339 illi
3196 3304 3209 3340 :
3254 3294 3307 3340 et
3334 3287 3430 3356 qui

172 3375 435 3433 mandata
475 3374 596 3445 ejus
640 3389 749 3429 non
790 3378 1093 3442 sequuntur
1124 3367 1264 3435 (67),
1306 3364 1468 3419 morti
1519 3380 1578 3417 se
1622 3362 1845 3417 tradunt
1887 3362 2033 3435 (68);
2076 3373 2131 3420 et
2164 3367 2548 3437 unusquisque
2590 3384 2779 3425 eorum
2822 3388 2951 3429 reus
2993 3374 3097 3430 erit
3138 3374 3425 3443 sanguinis

172 3474 286 3537 sui.
337 3471 460 3527 Tibi
506 3480 687 3526 autem
731 3469 891 3535 dico,
940 3475 1000 3520 ut
1040 3480 1231 3520 serves.
1268 3462 1521 3517 mandata
1567 3460 1678 3515 hazc
1710 3458 1855 3530 (69),
1898 3471 1954 3516 et
2005 3463 2305 3519 remedium
2359 3472 2709 3535 peccatorum
2763 3476 2985 3522 tuorum
3036 3468 3282 3523 omnium
3314 3467 3425 3539 (70)

172 3566 426 3621 habebis.

1616 3626 1846 3683 CAPUT
1878 3624 1970 3682 IH.

245 3727 367 3784 Misi
396 3736 577 3781 autem
614 3723 712 3780 tibi
739 3723 839 3776 bas
864 3718 1102 3790 virgines
1132 3718 1271 3791 (71),
1306 3728 1367 3773 ut
1395 3719 1642 3774 habitent
1683 3728 1894 3787 tecum;
1939 3718 2057 3774 vidi
2074 3718 2217 3773 enim
2266 3732 2360 3775 eas
2398 3719 2554 3775 valde
2585 3720 2830 3783 aﬂ'abiles
2861 3725 2959 3782 tibi
2999 3742 3142 3785 esse.
3190 3729 3429 3789 llabehis

174 3828 342 3895 igitur
366 3824 477 3894 (72)
513 3832 570 3877 tu
595 3836 690 3876 eas
719 3814 1043 3887 adjutrices,
1071 3829 1183 3885 quo
1226 3815 1400 3881 magis
1430 3814 1607 3882 possis
1651 3812 1815 3883 hujus
1856 3812 2113 3868 mandata
2156 3827 2408 3877 servare;
2458 3828 2565 3868 non
2607 3824 2781 3884 potest
2814 3819 2967 3897 enim
3011 3821 3158 3888 ﬂeri,
3208 3834 3268 3880 ut
3309 3824 3427 3880 sine

173 3920 265 3975 his
294 3917 596 3988 virginibus
624 3913 741 3968 haec
772 3905 1031 3964 mandata
1068 3912 1371 3960 serventur.
1422 3901 1587 3959 Vides
1611 3902 1725 3973 (75)
1750 3912 1932 3956 autem
1967 3916 2062 3956 eas
2097 3900 2329 3957 libenter
2369 3915 2491 3957 esse
2529 3911 2747 3972 tecum;
2785 3907 2880 3963 sed
2908 3917 2968 3964 et
2990 3925 3090 3980 ego
3117 3914 3425 3983 przecipiam

171 4016 278 4082 eis,
316 4023 375 4070 ut
409 4013 633 4069 omnino
673 4025 705 4065 a
738 4008 903 4063 domo
946 4011 1038 4058 tua
1084 4016 1191 4057 non
1218 3998 1520 4057 discedant.
1564 3999 1645 4054 Tu
1693 4008 1913 4054 tantum.
1949 3998 2275 4055 oommunda
2300 3998 2414 4071 (71)
2440 4000 2662 4055 domum
2698 4011 2843 4055 tuam
2879 4016 2894 4054 :
2949 4002 3003 4057 in
3040 4006 3241 4062 munda
3279 4010 3426 4064 enim

171 4110 343 4165 domo
386 4108 617 4162 libenter
658 4100 1019 4158 babitabunt:
1062 4099 1277 4154 mundae
1318 4105 1449 4152 sunt
1495 4096 1665 4163 enim»,
1716 4107 1880 4167 atque
1918 4106 2083 4153 castae
2123 4106 2178 4153 et
2215 4096 2521 4164 industriae,
2560 4105 2615 4152 et
2657 4113 2848 4157 omnes
2888 4101 3148 4158 habentes
3196 4104 3425 4173 gratiam

170 4209 319 4281 apud
359 4207 677 4262 Dominum.
706 4202 871 4273 Igitur
916 4200 961 4255 si
1004 4196 1257 4252 habueris
1288 4196 1399 4260 (75)
1429 4196 1661 4269 domum
1697 4204 1844 4251 tuam
1886 4211 2112 4265 puram,
2152 4205 2331 4252 tecum
2377 4196 2797 4266 permanebunt.
2845 4195 2901 4251 Si
2944 4204 3123 4251 autem
3166 4196 3423 4267 pusillum

170 4300 384 4372 aliquid
430 4296 826 4370 inquinationis
873 4294 1151 4355 acciderit,
1194 4291 1447 4363 protinus
1503 4308 1541 4346 a
1596 4292 1761 4346 domo
1796 4300 1887 4346 tua
1940 4292 2225 4358 recedent;
2304 4289 2389 4345 ba:
2444 4290 2590 4345 enim
2644 4290 2887 4362 virgines
2939 4291 3145 4346 nullam
3200 4292 3424 4348 omnino

169 4396 411 4467 diligunt
453 4392 907 4463 inquinationem.
961 4390 1094 4445 Dico
1122 4391 1171 4443 ei
1204 4405 1219 4443 :
1250 4386 1430 4458 Spero
1458 4403 1576 4453 me,
1606 4387 1861 4455 domine,
1895 4389 2221 4458 placiturum
2262 4388 2372 4453 eis,
2413 4390 2489 4443 ita
2526 4395 2587 4443 ut
2620 4388 2687 4442 in.
2712 4386 2887 4441 domo
2913 4399 3032 4440 mea
3070 4384 3297 4439 libenter
3334 4383 3422 4438 in-
3508 4416 3511 4417 ν

170 4490 425 4546 habitent
458 4501 688 4554 semper.
730 4483 798 4538 Et
837 4485 980 4542 sicut
1020 4486 1067 4542 is
1096 4484 1187 4541 cui
1226 4499 1314 4540 me
1351 4483 1642 4548 tradidisti,
1677 4483 1813 4537 nihil
1848 4483 1916 4539 de
1949 4500 2038 4540 me
2075 4485 2357 4556 queritur;
2402 4483 2487 4540 ita
2520 4498 2696 4555 neque
2744 4482 2850 4539 illae
2879 4491 3194 4553 querentur.
3241 4480 3329 4535 Ait
3348 4480 3413 4536 ad

1265 4594 1505 4651 VARIA'I
1544 4594 1931 4654 LECTIONES
1962 4598 2053 4653 ET
2090 4598 2321 4655 NOTAE.

248 4691 365 4767 (5‘4)
405 4689 533 4767 Mss.
564 4690 697 4767 _Vict.
730 4700 783 4767 et
802 4692 985 4749 Carm.
1013 4692 1153 4765 quod
1179 4692 1516 4762 explevimus.
1544 4689 1736 4752 Lamb.
1848 4711 1942 4749 nec
1970 4697 2222 4767 mandata
2248 4693 2364 4765 ejus
2388 4706 2699 4767 sequuntur.

170 4760 720 4836 quoduexylicuimus.
750 4762 967 4826 formas.
1025 4760 1036 4765 ⁷
1246 4760 1253 4762 ⁷
1920 4767 2033 4836 (68)
2072 4766 2203 4821 Felli
2240 4760 2367 4822 edit.
2410 4760 2587 4822 Oion.
2624 4765 2853 4819 tradent.
2904 4762 2995 4817 Sic
3035 4763 3178 4818 (orte
3217 4765 3319 4833 leg.
3351 4766 3420 4820 ob

246 4832 363 4901 (55)
404 4832 593 4885 Lamb.
624 4850 759 4886 mea.
1851 4832 2104 4901 sequens.
2137 4838 2257 4892 erit.

242 4900 361 4971 (56)
401 4900 590 4956 Lamb.
619 4904 742 4957 add.
768 4921 895 4959 esse.
1924 4900 2037 4971 (69)
2072 4908 2203 4963 Mss.
2240 4905 2411 4968 Vict.,
2434 4907 2614 4962 Carm.
2635 4916 2689 4960 et
2711 4905 2899 4961 Lamb.
2932 4905 3126 4960 servias
3154 4906 3417 4960 mandatis

242 4972 361 5047 (57)
402 4972 594 5047 Lamb.
620 4976 839 5043 peccati.
876 4974 941 5029 Et
964 4990 1111 5043 mox,
1148 4986 1455 5047 equuatre.
1851 4972 1953 5032 his'.
1996 4978 2085 5032 Sic
2117 4988 2171 5033 et
2199 4975 2330 5032 Felli
2360 4979 2487 5033 edit.
2517 4976 2692 5032 Oxon.

403 5043 763 5118 Lameiuic.
1273 5043 1282 5047 ’
1920 5048 2033 5118 (70)
2074 5048 2267 5103 Lamb.
2318 5048 2547 5111 desunt,
2611 5058 2831 5102 tuorum.
2883 5049 3136 5118 omnium.
3199 5046 3415 5100 Omittit

243 5115 363 5188 (50)
401 5113 790 5188 Lamblrdomo
809 5118 863 5169 in
891 5134 1082 5188 quam.
1205 5187 1210 5188 γ
1849 5113 2066 5188 minque
2096 5129 2329 5184 tuorum,
2360 5120 2454 5174 sed
2490 5118 2684 5174 retinet
2735 5119 2989 5182 omnium,
3022 5117 3197 5172 Fellus
3234 5118 3285 5169 in
3314 5132 3412 5174 sua

240 5184 361 5253 (60)
400 5184 531 5240 Mss.
566 5184 945 5253 Vict.,Carm.
982 5198 1036 5243 ct
1064 5187 1425 5245 Lamb.dedi.
1848 5184 2174 5244 editIOxon.

241 5256 360 5331 (61)
398 5256 588 5331 Lamb.
623 5259 761 5331 vitae.
859 5328 868 5331 Α
930 5328 939 5331 Α
1922 5260 2033 5331 (71)
2075 5260 2267 5331 Lamb.
2308 5261 2488 5315 turbas
2528 5261 2808 5331 virginum.

267 5326 359 5401 62)
400 5326 484 5401 ᾼΙ.
512 5328 823 5401 modestiam
848 5328 1003 5397 hujus
1033 5338 1081 5385 et
1106 5331 1491 5385 verecundiam.
1856 5399 1863 5401 _
1918 5326 2033 5401 (72)
2073 5330 2450 5386 ιωηὺεάερει
2476 5326 2662 5401 igitur.
2702 5329 2883 5387 Fellus
2932 5337 3110 5383 autem
3143 5327 3258 5384 sic:
3297 5326 3412 5382 Ila.-

267 5332 359 5397 62)
400 5332 484 5381 Al.
512 5332 823 5383 modestiam
848 5332 1003 5397 hujus
1033 5338 1081 5385 et
1106 5332 1491 5385 verecundiam.
1918 5332 2033 5400 (72)
2073 5332 2450 5386 Ιλωηὺεάθρει
2476 5332 2607 5401 igitu

269 5399 364 5467 63)
405 5397 596 5452 Lamb.
631 5417 719 5453 an.
755 5399 819 5454 Et
848 5416 996 5467 mox,
1029 5410 1122 5455 aut
1152 5401 1205 5455 in
1231 5418 1353 5471 quo.
1846 5399 1985 5454 bebis
2016 5418 2073 5455 er
2108 5419 2138 5454 ο
2174 5417 2262 5455 eas
2295 5401 2607 5470 adjutrices.

240 5332 358 5531 36L)
399 5469 592 5524 Lamb.
626 5471 690 5524 de
716 5472 803 5525 his
827 5472 970 5525 bene.
1917 5472 2031 5531 (75)
2070 5421 2200 5527 glss.
2230 5470 2396 5531 Vict..
2426 5472 2607 5526 Carm.

265 5470 358 5537 6L)
399 5469 592 5540 Lamb.
626 5471 690 5524 de
716 5472 803 5525 his
827 5472 970 5525 bene.
1243 5466 1254 5471 ⁷
1917 5472 2031 5540 (75)
2070 5466 2200 5527 Mss.
2230 5466 2396 5535 Victi,
2426 5472 2611 5526 Carm.
2651 5480 2706 5525 et
2732 5472 2920 5526 Lamb.
2949 5471 3127 5526 Video.
3164 5466 3290 5527 Hmc
3330 5470 3413 5528 lo?

243 5540 358 5611 (65)
399 5539 589 5595 Lamb.
615 5542 704 5612 qui
744 5549 853 5595 tam
880 5550 1003 5597 ante
1031 5552 1391 5611 peccaverunt,
1422 5550 1471 5597 et
1502 5542 1612 5597 lucc
1644 5558 1712 5595 an
1732 5571 1745 5583 -
1844 5543 1954 5597 ctin
1981 5539 2155 5612 magis
2182 5543 2387 5611 placuit
2410 5540 2660 5597 Fabricio
2700 5540 2754 5595 in
2780 5542 2909 5597 edit.
2933 5540 3132 5599 Hamb.

243 5559 358 5611 (ua)
399 5559 589 5595 tamn.
615 5559 704 5612 qui
744 5559 853 5595 tam
880 5559 1003 5597 ante
1031 5559 1391 5611 peccaverunt,
1422 5559 1471 5597 et
1502 5559 1612 5597 na'c
1644 5559 1712 5595 an
1732 5571 1745 5583 -
1844 5559 1954 5597 cun
1981 5559 2155 5665 magis
2182 5559 2387 5611 placuit
2410 5559 2541 5597 rant

171 5612 597 5691 diuatilibenter
621 5613 793 5691 gelari
818 5622 940 5667 sunt
970 5615 1149 5685 paruit.
2070 5682 2088 5691 _
2115 5614 2260 5691 amb.
2294 5612 2541 5691 eniunda.

247 5684 365 5751 (66)
401 5680 591 5753 Lamb.
622 5683 678 5735 id
703 5696 800 5738 est.
970 5680 980 5685 ⁷
1917 5680 2029 5753 (75)
2070 5682 2259 5740 Lamb.
2298 5681 2608 5740 (tribuerint-

247 5754 361 5824 (6⁵1)
404 5751 593 5811 Lamb.
622 5753 806 5826 fugant
851 5774 885 5810 a
915 5773 967 5813 se
998 5756 1175 5825 vitam,
1205 5765 1253 5812 et
1283 5756 1528 5812 adversus
1564 5754 1739 5822 illum,
