2001 3154
314 154 381 183 ΜΗ
881 153 1052 183 APPENDIX
1072 153 1118 182 AD
1137 154 1166 182 S.
1187 153 1346 182 HERMAM.
1844 155 1898 184 ton

309 217 450 248 pastorem
472 211 548 240 illum
562 221 569 240 :
582 211 668 240 Video
688 221 797 242 servum
811 213 857 241 Dei
877 214 947 242 velle
962 214 1054 242 videre
1066 213 1123 249 (76)
1136 218 1165 241 et
1184 214 1323 242 custodire
1344 213 1402 241 hac
1422 212 1567 245 mandata;
1589 217 1616 240 et
1629 212 1748 248 virgines
1765 213 1809 241 has
1820 216 1898 242 munda

312 257 480 286 habitatione
498 259 695 289 collocaturum
711 261 779 297 (71).
803 261 865 289 Haec
889 269 953 290 cum
974 261 1106 294 dixisset,
1128 262 1228 289 iterum
1248 260 1352 296 pastori
1376 260 1416 288 illi
1439 268 1483 288 me
1503 260 1622 295 tradidit,
1642 266 1671 290 et
1691 262 1792 290 vocavit
1803 262 1898 296 virgines

310 310 339 333 et
352 306 422 334 dixit
435 305 475 335 eis
488 306 545 343 (78)
558 315 565 334 :
578 307 715 341 Quoniam
731 309 810 337 video
826 317 875 337 vos
894 310 1011 338 libenter
1027 310 1054 337 in
1070 309 1153 337 domo
1167 310 1250 344 hujus
1272 309 1410 342 habitare,
1429 309 1594 337 commendo
1609 316 1673 337 eum
1688 308 1765 336 vobis
1776 313 1802 336 et
1812 309 1898 336 domum

310 352 389 388 ejus;
406 357 437 381 ut
451 360 467 381 a
481 353 563 382 domo
578 354 638 390 ejus
658 362 712 383 non
727 354 860 383 recedatis
876 355 1000 385 omnino.
1017 355 1072 383 like
1085 363 1151 383 vero
1164 355 1281 383 libenter
1294 355 1351 383 hac
1369 355 1451 384 verba
1467 355 1624 383 audierunt.

1034 414 1149 444 CAPUT
1169 413 1214 442 IV.

345 461 388 490 Ait
417 460 513 489 deinde
533 461 601 489 mihi
616 468 623 487 :
641 460 764 488 Viriliter
790 460 817 488 in
831 446 992 489 ministerio.
1004 461 1057 489 hoc
1078 467 1241 489 conversare
1254 468 1261 487 :
1276 460 1351 488 omni
1373 460 1477 488 homini
1496 460 1587 488 indica
1602 459 1660 496 (79)
1674 458 1804 494 magnalia
1816 458 1866 491 Dei;
1879 464 1898 486 et

310 509 426 538 habebis
441 510 557 546 gratiam
577 510 604 537 in
624 509 676 537 hoc
696 507 863 536 ministerio.
881 508 1045 544 Quicunque
1058 516 1125 544 ergo
1141 508 1168 536 in
1184 508 1228 535 his
1245 507 1382 535 mandatis
1399 507 1591 539 ambulaverit.
1609 508 1683 535 vivet
1707 512 1734 534 et
1756 507 1815 535 l'elix
1827 509 1869 535 erit
1880 509 1899 536 in

313 556 365 583 vita
380 563 451 584 sua:
469 555 626 591 quicunque
640 563 707 583 vero
724 556 890 592 neglexerit,
909 565 963 584 non
979 556 1054 584 vivet
1072 562 1100 584 et
1120 557 1174 584 erit
1189 556 1280 584 infelix
1297 556 1324 583 in
1336 556 1391 583 vita
1407 563 1468 583 sua.
1487 555 1535 583 Dic
1554 555 1693 588 omnibus,
1710 559 1741 583 ut
1756 562 1807 582 non
1820 562 1899 584 cessent

308 601 481 638 (quicunque
501 607 575 631 recte
599 602 691 631 facere
711 603 836 639 possunt)
856 603 928 631 bona
949 612 1032 639 opera
1054 611 1204 633 exercere:
1225 604 1292 632 utile
1312 608 1354 631 est
1370 603 1434 631 illis.
1458 602 1524 630 Dico
1546 607 1648 635 autem,
1664 609 1773 630 omnem
1792 601 1898 629 hominem

309 648 344 677 de
364 649 545 679 incommodis
566 651 635 687 eripi
660 656 796 687 oportere.
823 650 849 679 Is
871 651 944 680 enim
965 653 1013 688 qui
1038 657 1098 688 eget
1116 652 1189 687 (80),
1210 657 1238 681 et
1260 652 1288 681 i‘n
1309 652 1470 687 quotidiana
1489 651 1545 678 vita
1568 652 1671 688 patitur
1700 649 1899 682 incommoda;in

309 704 409 733 magno
428 703 565 728 tormento
586 704 629 728 est
649 708 683 729 ac
708 701 869 728 necessitate
886 701 954 736 (8t).
987 700 1117 737 Quisquis
1138 701 1221 737 igitur
1239 700 1428 736 hujuscemodi
1458 699 1577 727 animam
1598 698 1682 733 eripit
1700 698 1735 725 de
1755 696 1900 729 necessitate;

309 751 440 779 magnum
460 746 591 781 gaudium
605 746 656 774 sibi
671 746 799 783 acquirit.
823 746 891 775 Nam
913 747 938 775 is
955 748 1003 783 qui
1017 748 1173 784 hujusmodi
1192 752 1305 776 vexatur
1329 747 1504 775 incommodo
1517 766 1525 779 ,
1545 747 1604 782 pari
1624 750 1762 774 tormento
1780 745 1898 776 cruciatur,

308 796 391 827 atque
405 800 436 820 se
450 797 560 830 torquet
579 793 603 823 is
614 793 671 830 (82)
689 794 738 830 qui
759 795 787 823 in
800 795 917 823 vinculis
934 800 986 824 est.
1003 795 1080 823 Multi
1099 796 1172 824 enim
1189 799 1298 831 propter
1320 794 1479 830 hujusmodi
1502 793 1685 825 calamitates,
1702 798 1764 819 cum
1781 797 1823 817 eas
1837 789 1898 816 susti-

308 846 375 867 nere
386 839 444 875 (83)
458 847 512 868 non
531 846 657 876 possunt.
678 847 794 870 mortem
809 842 861 871 sibi
878 843 1054 872 consciscunt
1066 843 1135 879 (84).
1157 843 1210 877 Qui
1225 843 1301 871 novit
1320 842 1404 878 igitur
1425 842 1609 871 calamitatem
1624 837 1783 875 hujusmodi
1799 836 1898 866 hominis.

307 892 337 917 et
355 896 412 917 non
427 889 509 924 eripit
524 897 603 923 eum;
625 898 754 926 magnum
776 895 919 926 peccatum
940 891 1071 925 admittit.
1091 897 1118 920 et
1138 892 1168 919 tit
1186 899 1250 920 reus
1269 890 1412 927 sanguinis
1434 890 1504 925 ejus.
1527 889 1621 917 Facite
1642 888 1728 925 igitur
1747 894 1823 922 opera
1839 886 1898 915 bona.

308 933 466 969 quicunque
486 935 629 970 accepistis
645 943 661 963 a
675 934 811 971 Domino;
834 944 870 965 ne
883 936 949 965 dum
965 937 1115 965 moramini
1126 937 1183 972 (85)
1201 936 1303 969 facere,
1319 938 1526 964 consummetur
1546 938 1687 962 structura
1708 932 1805 966 turris;
1817 934 1898 967 propter

308 987 359 1010 vos
369 981 443 1009 enim
462 981 650 1011 intermissum
660 987 704 1012 est
718 991 787 1018 opus
801 984 993 1013 aediﬁcatiunis
1003 984 1074 1020 ejus.
1091 984 1150 1013 Nisi
1168 985 1252 1021 igitur
1266 983 1464 1012 festinaveritis
1482 983 1574 1011 facere
1590 985 1676 1014 recte,
1695 978 1898 1008 consummabitur

308 1027 411 1062 turris,
430 1032 458 1056 et
471 1028 666 1058 excludemiui.
688 1030 842 1067 Postquam
861 1040 927 1060 vero
946 1032 1056 1061 locutus
1074 1037 1118 1061 est
1137 1040 1263 1066 mecum,
1281 1032 1402 1060 surrexit
1422 1031 1457 1059 de
1474 1031 1562 1063 lecto;
1586 1034 1614 1058 ct
1633 1029 1803 1065 apprehenso
1819 1032 1898 1062 pastore

307 1077 336 1101 α
347 1073 508 1108 viminibus
526 1074 593 1102 abiit
608 1074 675 1111 (86).
702 1076 777 1105 Dixit
788 1082 882 1107 autem
903 1078 972 1107 mihi
987 1079 1169 1108 remissurum
1185 1086 1216 1107 se
1231 1083 1370 1114 pastorem
1383 1077 1440 1114 (87)
1456 1077 1554 1113 illum,
1565 1080 1593 1105 et
1602 1076 1726 1113 virgines
1744 1075 1801 1104 illas
1819 1073 1863 1109 (88)
1879 1072 1898 1099 in

308 1120 423 1150 domum
441 1129 531 1150 meam
544 1122 612 1157 (89).

853 1194 971 1224 VARLE
989 1194 1182 1224 LECTIONES
1201 1195 1245 1224 ET
1265 1194 1385 1224 NOTE.

359 1253 403 1293 ξιξ)
420 1254 513 1293 ξειιιιε
527 1255 628 1293 aliique
641 1257 792 1293 conjiciunt
807 1257 963 1293 legendum,
976 1258 1068 1286 vivere.
1183 1259 1240 1293 (8t)
1262 1258 1356 1285 Lamb.
1375 1257 1521 1293 adducant.

357 1287 402 1321 77)
421 1290 516 1319 Lamb.
533 1287 706 1321 collaturum:
834 1287 849 1293 υ
955 1287 962 1292 ’
1183 1287 1241 1321 (85)
1261 1293 1338 1320 Bodl.
1355 1293 1480 1320 tardatis.
1495 1290 1593 1318 Lamb.
1609 1287 1767 1317 tardmini.

358 1295 390 1317 TI
421 1295 516 1319 Lamb.
533 1295 706 1321 collaturum.
1183 1295 1229 1326 (85
1261 1295 1338 1320 Bodl.
1355 1295 1480 1320 tardatis.
1496 1295 1593 1318 Lamb.
1609 1295 1767 1317 taratantara.

357 1295 402 1363 [ιδῖ
421 1325 518 1363 Lamb.
534 1328 569 1355 ad
580 1335 635 1355 ear.
652 1328 696 1356 Sic
709 1332 736 1356 et
747 1326 848 1356 Folius.
1184 1295 1241 1363 (86;
1261 1328 1326 1356 Mss.
1341 1328 1421 1362 Angl.
1444 1327 1521 1361 abiit,
1545 1326 1633 1354 dicens
1656 1324 1724 1352 mihi
1751 1326 1895 1349 remum-Iru-

358 1360 403 1398 29)
421 1360 518 1398 [.amh.
534 1364 640 1398 omnino
655 1363 757 1391 indica.
1149 1360 1290 1398 pastorem.

375 1396 403 1434 ρ)
424 1396 520 1434 bamb.
538 1397 572 1434 Et
583 1398 625 1425 his
644 1399 714 1425 enim
724 1400 788 1434 quia
802 1402 869 1434 eget.
1150 1396 1154 1398 ’
1185 1399 1241 1434 (87)
1263 1398 1312 1434 his.
1327 1398 1419 1425 Carm.
1433 1404 1617 1434 remaneamus
1630 1401 1773 1431 pastorem.

359 1431 404 1467 8i)
425 1431 522 1467 Lamb.
538 1433 588 1461 hac
602 1442 699 1461 uaccae.
731 1431 736 1434 ’
817 1431 826 1434 ’
1186 1431 1243 1467 (88)
1264 1433 1358 1460 Lamb.
1380 1434 1465 1465 deest,
1481 1432 1553 1460 illae.
1699 1466 1705 1467 γ
1718 1465 1734 1467 Α
1777 1465 1782 1467 _

358 1463 404 1504 βξ)
424 1466 521 1504 μαψ·
538 1468 612 1504 σκῖιι-
1186 1463 1242 1503 (89)
1262 1468 1327 1495 Mss.
1346 1463 1522 1504 Carmapos‘t
1547 1475 1645 1500 meum,
1673 1465 1748 1495 addit
1767 1465 1846 1493 Amen.
1865 1463 1896 1488 Sic

358 1501 403 1536 85)
424 1502 519 1530 Lamb.
537 1501 658 1538 inferre.
1151 1501 1260 1538 quoque
1276 1504 1364 1531 Fellus
1380 1504 1406 1531 in
1421 1502 1487 1530 edit.
1499 1501 1588 1530 Oxon.

327 1575 1891 1596 Ἢ

491 1656 975 1736 APPENDIX
1037 1655 1163 1735 AD
1196 1654 1275 1735 'S

1037 1655 1163 1735 AD
1196 1654 1304 1735 'S.
1369 1655 1771 1736 HERMAM

936 1866 1148 1895 SANCTARUM
1177 1865 1345 1895 VIRGINUM

520 1950 850 2005 PUDENTIANE
886 1951 973 2002 SE11
1013 1950 1334 2030 POTENTlANIE
1366 1950 1430 2001 ET
1475 1951 1717 2003 PBAXEDIS

1005 2056 1217 2124 ACTA

570 2176 846 2225 AUCTORE
881 2177 929 2223 S.
967 2175 1234 2223 PASTORE
1271 2176 1663 2226 PRESBYTEBO

637 2345 938 2403 NOTITIA
978 2346 1051 2403 IN
1096 2345 1156 2402 S.
1201 2341 1598 2401 PASTOREM.

727 2453 797 2484 (Acta
816 2457 953 2480 sanctorum
973 2453 1097 2484 Bolland.,
1119 2453 1179 2478 Julii
1190 2455 1247 2477 tom.
1260 2452 1302 2483 Vl,
1313 2452 1356 2477 die
1365 2451 1406 2481 27,
1418 2457 1443 2482 p.
1455 2449 1525 2480 299.)

347 2526 374 2554 Ι.
390 2524 519 2556 Sanctum
532 2527 605 2556 hunc
619 2529 728 2558 exhibet
738 2530 818 2559 hodie
836 2532 915 2560 nobis
931 2531 1090 2568 Martyrolo-
1103 2524 1129 2554 Δ
1142 2537 1253 2557 manum
1265 2527 1508 2564 Martyrologium?
1521 2525 1563 2553 An
1575 2524 1743 2553 Belinianum
1759 2520 1815 2550 anni
1825 2515 1887 2546 N98?

310 2570 383 2605 gium
399 2570 552 2600 Romanum
568 2572 611 2600 his
634 2573 745 2602 verbis:
764 2584 773 2600 ι
792 2574 856 2602 Item
872 2574 979 2608 Romae,
1002 2575 1090 2603 sancti
1142 2574 1200 2602 Hoc
1219 2579 1343 2607 certum.
1366 2581 1420 2601 non
1435 2572 1480 2608 agi
1500 2572 1554 2600 hoc
1568 2571 1630 2599 loco
1643 2571 1677 2598 de
1699 2570 1812 2597 Romano
1825 2568 1885 2600 tum
1949 2572 1950 2575 ‘

311 2615 432 2646 Pastoris
450 2619 613 2654 presbyteri,
625 2619 704 2654 cujus
724 2620 833 2647 nomine
844 2621 939 2648 titulus
954 2625 1045 2648 exstat
1062 2621 1090 2648 in
1142 2630 1190 2650 seu
1203 2621 1297 2654 veteri,
1314 2620 1387 2656 quod
1401 2619 1570 2655 Rosweydus
1582 2618 1667 2646 edidit
1680 2627 1687 2646 :
1703 2616 1771 2645 istud
1782 2613 1841 2642 enim
1850 2615 1886 2659 ξιξο

313 2663 439 2692 Viminali
450 2665 520 2700 apud
532 2664 660 2693 Sanctam
670 2664 878 2694 Pudentianam.
892 2676 901 2693 ι
917 2666 1048 2694 Baronius
1062 2666 1089 2694 in
1142 2668 1232 2696 visum
1247 2675 1262 2695 a
1278 2667 1393 2695 Baronio
1406 2666 1468 2699 fuit,
1482 2673 1570 2701 neque
1581 2665 1615 2693 de
1629 2664 1659 2692 S.
1673 2664 1779 2692 Pastore
1792 2657 1884 2688 ωεωίηῖι

309 2709 533 2739 adnotationibus
545 2712 580 2740 ad
592 2717 695 2740 textum
710 2712 895 2748 Martyrologii
907 2714 1019 2740 citatum
1032 2713 1090 2741 haec
1142 2715 1259 2749 uspiam.
1276 2713 1333 2741 imo
1359 2721 1410 2741 nec
1430 2713 1577 2741 admodum
1593 2716 1671 2740 vetus
1685 2719 1743 2739 esse
1764 2708 1882 2736 Romanum

310 2755 403 2784 subdit
415 2757 485 2785 inter
498 2758 551 2786 alia
564 2768 571 2786 :
594 2758 668 2787 «Non
681 2763 787 2787 tantum
803 2759 829 2787 in
854 2760 938 2788 veteri
964 2759 1089 2788 Romano
1141 2748 1219 2794 illud,
1231 2760 1304 2795 quod
1321 2760 1349 2787 in
1364 2759 1554 2788 observatione
1567 2759 1719 2787 Baroniana
1733 2757 1825 2786 citatur,
1836 2748 1881 2778 inde

310 2799 512 2838 Martyrologio,
528 2805 576 2832 sed
590 2809 618 2832 et
633 2805 660 2832 in
672 2804 792 2840 antiquis
805 2806 997 2841 manuscriptis
1011 2806 1044 2833 de
1056 2799 1090 2834 eo
1142 2807 1206 2835 licet
1229 2806 1363 2842 conjicere
1373 2826 1381 2839 ,
1396 2806 1468 2841 quod
1492 2805 1664 2833 annuntiatio
1688 2805 1716 2833 S.
1731 2800 1832 2831 Pastoris
1843 2797 1879 2823 1³0·

311 2846 400 2881 agitur
412 2847 463 2876 hac
476 2848 530 2887 die.
543 2859 554 2890 ρ
569 2850 604 2879 At
613 2850 751 2891 quodnam
762 2851 806 2888 hic
817 2852 1022 2891 appellatvetus
1033 2851 1090 2881 Ro-
1143 2852 1237 2881 dierua
1250 2873 1257 2887 ,
1273 2851 1326 2888 ibi,
1340 2856 1370 2881 ut
1386 2852 1526 2887 asseritur,
1551 2858 1693 2889 expressa,
1712 2853 1816 2880 veterum
1826 2848 1877 2874 ων·
