4002 6308
196 332 346 389 1013

1161 332 1263 387 88.
1303 328 1768 389 ΡΗΒΕΝΤΙΑΝΔΞ
1807 328 1896 386 ΕΤ
1927 327 2280 386 PRAXEDIS‘
2311 328 2514 383 ACTA.

3315 328 3458 388 1016

190 447 572 519 tyrologorum
609 442 746 498 nulli
774 437 1095 502 innotuerit.
1134 445 1319 502 Altum
1353 456 1500 503 certe
1534 447 1602 503 ad
1628 448 1775 503 hunc
1804 453 1849 512 Α
1876 438 2113 518 scripsit:
2132 445 2328 501 Totum
2357 458 2489 514 ergo
2509 450 2723 514 tempus
2742 441 2950 498 dumin
2974 441 3079 499 hoc
3102 444 3301 499 samqu
3321 447 3458 503 vixit

193 539 346 592 diem
397 536 451 592 in
485 536 890 605 exemplaribus
909 536 1364 610 Hicronymianis,
1390 540 1553 595 etiam
1580 540 1779 609 srepius

194 630 412 693 auctis,
460 630 527 684 de
564 628 797 684 Pastore
844 629 1165 693 silentium;
1204 640 1386 687 tacent
1416 632 1484 687 ad
1523 632 1777 687 eumdem

196 722 373 787 Beda,
397 721 617 789 Florus,
640 720 1082 789 Wandelbertus,
1108 722 1389 791 Rabanus,
1407 724 1545 791 Ado,
1571 722 1777 779 Usuar-

194 819 332 886 dus,
362 817 674 873 Notkerus:
716 826 778 872 ut
818 817 957 873 adeo
986 834 1097 874 non
1120 820 1369 874 videatur
1403 818 1509 873 hac
1543 819 1630 874 die
1655 827 1781 874 ante

197 911 467 966 saeculum
498 926 532 964 χ
562 910 621 964 S.
642 909 887 965 Pastoris
909 925 1108 965 nomen
1133 910 1519 966 ecclesiasticis
1547 909 1782 979 ccepisse

200 1003 386 1059 Pastis
417 1002 621 1059 ascribi
646 1020 661 1069 ;
693 1002 741 1057 si
770 1009 952 1057 tamen
981 1003 1143 1057 etiam
1168 1012 1281 1057 tum
1305 1001 1530 1073 coeperit
1554 1019 1567 1056 :
1604 1016 1782 1071 neque

197 1096 355 1149 enim
393 1092 527 1149 satis
564 1099 845 1163 perspecta
892 1090 1052 1147 nobis
1095 1101 1179 1148 est
1218 1101 1349 1147 astas
1403 1091 1516 1148 sive
1575 1090 1781 1146 codicis

199 1185 478 1253 Vaticani,
496 1200 658 1256 quem
690 1185 745 1239 in
779 1184 1037 1241 auctariis
1071 1186 1226 1241 Bedae
1244 1202 1306 1241 ac
1324 1184 1464 1239 Flori
1494 1185 1780 1240 citavimns

200 1276 379 1331 hodie
399 1285 524 1330 ante
555 1284 764 1330 tomum
791 1276 1092 1331 secundum
1127 1276 1325 1343 Martii,
1364 1278 1478 1331 sive
1515 1277 1779 1346 appendi-

197 1384 334 1425 cum
364 1364 597 1423 Usuanli
628 1384 655 1422 a
684 1368 840 1423 nobis
861 1368 1011 1435 editi,
1039 1369 1093 1423 in
1122 1370 1323 1440 quibus
1345 1370 1449 1425 hoc
1478 1369 1564 1424 die
1596 1369 1654 1424 S.
1680 1368 1781 1424 Pa-

198 1463 375 1514 storis
400 1460 701 1531 presbyteri
722 1468 777 1514 et
794 1458 1131 1515 confessoris
1153 1459 1414 1515 memoria
1441 1460 1779 1526 celebratur;

198 1550 514 1609 Florarium
552 1567 683 1607 vero
725 1562 1042 1607 sanctorum
1088 1568 1218 1617 ms.,
1248 1552 1395 1623 quod
1447 1567 1574 1607 eum
1622 1551 1783 1607 hodie

199 1644 294 1700 sic
328 1644 639 1711 annuntiat,
669 1662 689 1697 ι
718 1642 933 1708 Romae,
960 1641 1208 1699 Pastoris
1240 1642 1537 1715 presbyteri
1564 1650 1617 1698 et
1652 1658 1785 1697 con-

200 1735 458 1802 fessoris,
498 1755 517 1787 ›
551 1734 730 1791 medio
759 1735 977 1790 circiter
1020 1735 1219 1791 sarculo
1251 1751 1320 1789 xv
1368 1744 1652 1790 exaratum
1678 1743 1779 1789 est.

1880 541 2076 596 beatus
2132 538 2344 603 Pastor,
2374 537 2486 592 Deo
2532 550 2591 590 se
2638 534 2873 603 dicavit,
2913 544 2967 591 et
3017 536 3356 593 incessanter
3399 541 3455 595 in

1882 633 2027 689 illius
2074 631 2340 702 obsequio
2387 642 2780 701 perseverans,
2813 629 3027 684 cunctis
3070 627 3260 684 Romae
3296 630 3458 686 Chri-

1881 725 2075 781 stianis
2112 723 2394 793 speculum
2419 737 2478 778 se
2505 720 2768 792 praebuit,
2800 720 2934 777 illud
2970 713 3280 793 adiinplens
3309 723 3459 794 quod

1882 818 2149 873 Dominus
2172 818 2281 872 ait:
2311 818 2404 873 Sic
2427 816 2600 870 luceat
2622 815 2717 870 luat
2740 827 2914 871 vestra
2936 833 3117 870 coram
3134 815 3457 885 hominibus,

1881 919 1941 965 ut
1970 910 2181 965 videant
2226 926 2384 981 Opera
2422 917 2594 964 vestra
2621 914 2756 963 bona
2777 950 2794 975 ,
2840 917 2895 988 et
2920 907 3216 980 gloriﬁcent
3244 909 3460 965 Patrem

1880 1014 2132 1070 vestrum,
2155 1004 2245 1073 qui
2273 1004 2329 1058 in
2350 1002 2493 1058 caelis
2520 1012 2597 1058 est
2620 1002 2639 1073 (
2654 1002 2848 1057 Matth.
2875 1001 3061 1073 v,16).
3098 1002 3271 1075 Igitur
3303 1021 3459 1076 egre-

1882 1096 2004 1165 gius
2055 1094 2260 1152 Christi
2308 1094 2506 1151 Pastor
2550 1094 2807 1166 migravit
2837 1095 2905 1150 ad
2959 1095 3160 1167 gaudia
3211 1096 3477 1166 polorum.

1883 1189 2114 1258 septimo
2145 1186 2413 1243 Kalendas
2436 1188 2672 1258 Augusti
2703 1227 2721 1253 ,
2752 1192 3071 1243 sanctorum
3105 1187 3349 1244 omnium
3378 1201 3466 1243 re-

1886 1285 2263 1337 muneratione
2311 1280 2464 1336 illum
2506 1280 2582 1336 ita
2619 1288 2854 1335 vocante
2880 1278 3104 1350 :‘Euge,
3140 1293 3286 1334 serve
3336 1279 3487 1335 bona.

1882 1384 1933 1431 et
1973 1374 2178 1443 ﬁdelis;
2212 1373 2350 1445 .quia
2393 1389 2553 1443 super
2616 1388 2792 1442 pauca
2836 1371 2990 1441 fuisti
3029 1369 3202 1441 ﬁdelis
3230 1413 3245 1437 ,
3301 1386 3466 1440 supra

1884 1465 2054 1521 multa
2085 1474 2133 1520 te
2170 1465 2527 1520 constituam:
2558 1465 2708 1519 intra
2748 1464 2805 1517 in
2835 1462 3091 1535 gaudium
3124 1461 3340 1516 Domini
3388 1463 3484 1516 tui-

1886 1554 3066 1629 (Matth.xxv,21).Cujuseorpusconditum
3083 1554 3233 1613 estin
3267 1568 3467 1622 supra-
3542 1570 3551 1579 ί

1885 1650 2031 1706 dicto
2061 1650 2220 1705 titulo
2258 1663 2384 1704 cum
2412 1647 2753 1703 aromatibus
2779 1666 2794 1703 :
2823 1648 2918 1702 ubi
2948 1662 3126 1718 usque
3158 1646 3212 1701 in
3243 1645 3466 1725 hodien-

1886 1758 2019 1798 num
2054 1742 2198 1797 diem
2239 1740 2383 1797 Deus
2415 1740 2727 1810 impertitur
2758 1739 2929 1794 multa
2968 1754 3068 1809 pro
3099 1737 3216 1794 suis
3255 1734 3471 1790 meritis

281 1827 340 1882 2.
380 1827 483 1883 Sed
520 1842 698 1896 neque
726 1827 949 1897 antiqua
977 1826 1067 1881 ilia
1098 1827 1469 1897 ntanuscripta
1493 1827 1746 1882 novimus
1766 1867 1782 1893 ,

1895 1851 1952 1891 ac
1980 1835 2230 1905 precibus
2257 1804 2553 1900 beneficia;
2581 1840 2840 1902 regnante
2860 1804 3093 1885 Domino
3119 1836 3309 1885 nostro
3333 1825 3466 1881 Jesu

204 1918 270 1973 in
303 1919 501 1989 quibus
530 1919 599 1974 de
631 1917 686 1973 S.
715 1917 937 1974 Pastore
965 1919 1051 1988 agi
1071 1918 1173 1974 hac
1194 1919 1282 1974 die
1310 1918 1542 1986 dicitur;
1575 1919 1679 1974 nisi
1700 1920 1785 1974 vel

203 2012 457 2066 auctaria
495 2012 609 2081 jam
642 2011 860 2066 laudata
896 2011 1302 2083 intelligantur;
1336 2013 1418 2067 vel
1454 2028 1624 2067 unum
1652 2012 1786 2068 illud

204 2103 682 2170 manuscriptum,
726 2104 793 2159 de
840 2119 951 2174 quo
997 2105 1053 2159 in
1094 2104 1285 2161 iisdem
1331 2104 1786 2162 adnotationibus

204 2198 483 2253 Baronius
514 2197 751 2253 asserit:
790 2217 808 2249 ι
840 2196 1115 2254 Habemus
1149 2199 1202 2252 in
1242 2207 1429 2253 nostra
1456 2198 1785 2260 bibliotheca

205 2308 303 2348 res
331 2300 508 2362 gestas
532 2290 705 2345 sancti
731 2289 996 2359 Pastoris,
1027 2305 1121 2346 seu
1156 2292 1340 2359 potius
1370 2292 1706 2363 panegyrim,
1731 2291 1786 2345 in

200 2386 303 2442 die
332 2385 500 2439 natali
526 2384 645 2454 ejus
672 2385 874 2441 alicubi
906 2385 961 2440 in
991 2385 1222 2441 ecclesia
1266 2385 1371 2457 legi
1411 2385 1652 2440 solitam.
1692 2385 1787 2443 Est

201 2476 337 2547 ejus
360 2476 680 2532 exordium:
716 2474 1032 2531 Sanctorum
1075 2475 1316 2547 vestigia,
1360 2484 1464 2532 etc.
1501 2474 1616 2531 Hoc
1643 2478 1787 2531 enim

202 2567 381 2622 nobis
413 2566 600 2623 Romae
628 2582 661 2623 e
680 2565 1008 2621 bibliotheca
1034 2564 1398 2623 Vallicellensi
1434 2566 1670 2622 describi
1700 2582 1790 2622 ro-

204 2659 489 2732 gavimus,
527 2659 674 2730 quod
700 2674 731 2713 a
786 2668 940 2715 tanto
970 2659 1088 2713 viro
1136 2658 1421 2714 laudatum
1452 2666 1639 2715 esset:
1694 2658 1788 2715 sed

204 2754 353 2807 adeo
392 2752 590 2808 misere
635 2752 969 2822 descriptum
1015 2752 1328 2822 accepimus
1354 2791 1369 2814 ,
1414 2759 1477 2806 ut
1524 2751 1789 2807 mutando

206 2858 615 2914 nonnunquam
647 2842 831 2914 aliqua
857 2850 953 2897 aut
977 2842 1228 2898 addendo
1250 2842 1513 2913 compleri
1538 2858 1635 2913 per
1656 2856 1791 2899 con-

202 2933 485 3003 jecturam
534 2936 816 2992 sententiae
846 2935 1098 2991 debeant.
1131 2933 1270 2989 Tum
1302 2949 1433 2991 vero
1463 2936 1657 3008 stylus,
1690 2935 1791 2991 fal-

206 3027 321 3088 lor.
337 3027 384 3084 si
400 3029 619 3100 longam
644 3030 791 3100 sapit
811 3027 1210 3098 antiquitatem.
1228 3027 1349 3099 Ipsa
1365 3046 1498 3085 vero
1517 3030 1679 3100 hujus
1695 3044 1791 3097 pa-

1885 1929 2127 1996 Christo,
2157 1928 2248 1983 cui
2293 1928 2414 1983 laus
2434 1969 2450 1995 ,
2478 1936 2535 1983 et
2582 1928 2785 1993 honor,
2816 1933 2872 1981 et
2903 1923 3078 1978 virtus
3099 1962 3113 1987 ,
3146 1930 3201 1978 et
3229 1928 3469 1991 potestas

1885 2036 2013 2077 eum
2058 2021 2221 2077 Patre
2262 2030 2568 2091 sanctoque
2614 2018 2864 2073 Flumine
2893 2032 2985 2087 per
3028 2014 3243 2070 infinita
3268 2013 3483 2071 saecula

1886 2114 2236 2171 saeculorum.
2266 2114 2463 2169 Amen.
2495 2130 2516 2165 ι

1957 2211 2011 2267 4.
2042 2209 2201 2278 Quod
2234 2209 2325 2267 hic
2352 2209 2556 2265 dicitur
2588 2206 2648 2264 S.
2683 2207 2888 2263 Paulus
2921 2203 3203 2275 apostolus
3235 2200 3465 2259 titulum

1887 2302 2132 2360 Pastoris
2172 2317 2563 2366 consecrasse,
2616 2300 2701 2365 id,
2753 2299 2987 2370 ipsemet
3028 2295 3255 2352 Pastore
3293 2302 3467 2359 teste,

1890 2394 2087 2450 falsum
2114 2403 2234 2461 est;
2264 2394 2369 2450 hoc
2397 2392 2542 2449 enim
2572 2390 2630 2447 S.
2654 2390 2755 2445 Pio
2778 2405 2962 2461 papas,
3004 2404 3112 2443 non
3139 2386 3307 2441 Paulo
3337 2401 3495 2456 apo:

1889 2486 2051 2550 stolo,
2095 2484 2392 2540 aseribitur
2434 2484 2489 2538 in
2529 2481 2680 2537 Actis
2717 2479 2818 2534 SS.
2851 2479 3203 2534 Pudentiana:
3237 2486 3293 2532 et
3331 2476 3470 2530 Pra-

1889 2577 2062 2633 xedis.
2103 2575 2395 2632 Conditum
2434 2589 2566 2629 vero
2595 2571 2768 2627 fuisse
2801 2571 2860 2626 S.
2888 2569 3171 2625 Pastorem
3214 2569 3267 2624 in
3298 2568 3472 2624 eccle-

1890 2673 1973 2730 sia
2023 2672 2165 2727 tituli
2218 2670 2326 2736 sui,
2357 2686 2423 2725 ex
2470 2670 2575 2725 hac
2625 2667 2858 2722 forsitan
2918 2665 3187 2726 historia,
3230 2661 3471 2717 affirmat

1889 2767 2055 2823 etiam
2094 2764 2371 2836 Aringhus
2417 2763 2474 2818 in
2516 2760 2686 2816 Roma
2734 2758 3079 2814 subterranea
3106 2766 3241 2811 tom.
3271 2754 3337 2820 ll,
3370 2754 3467 2809 lib.

1892 2874 1969 2928 tv,
1998 2872 2121 2929 cap.
2163 2856 2264 2925 45,
2296 2869 2449 2910 num.
2484 2852 2548 2920 t;
2588 2852 2669 2908 uti
2703 2859 2759 2908 et
2803 2849 2998 2905 Piazza
3042 2848 3097 2902 in
3144 2847 3470 2903 Sanctuario

1890 2950 2129 3005 Romano
2180 2947 2249 3003 ad
2295 2947 2443 3002 hunc
2489 2944 2636 3000 diem
2681 2958 2811 2998 xxvt
2864 2939 3016 2995 Julii.
3057 2937 3282 2993 Videtur
3332 2949 3467 3008 ergo

1892 3042 2041 3098 aliud
2082 3054 2205 3097 esse
2259 3037 2434 3095 sancti
2485 3035 2772 3106 cujusdam
2818 3030 3100 3095 Pastoris,
3146 3040 3202 3087 et
3247 3029 3467 3100 quidem

206 3120 489 3192 negyrica:
507 3121 775 3177 orationis
811 3120 1037 3175 materia
1060 3120 1344 3177 historiam
1375 3123 1553 3177 sancti
1577 3123 1792 3179 modice
1819 3144 1865 3203 ο
1894 3133 2176 3207 martyris,
2209 3145 2430 3202 corpus,
2463 3127 2607 3201 quod
2646 3141 2771 3184 cum
2813 3125 2936 3181 aliis
2963 3138 3154 3180 recens
3185 3122 3468 3177 ἱιινεῐιιιιῐιι

209 3224 282 3268 ac
306 3225 433 3265 raro
462 3212 713 3284 attingit;
748 3227 924 3281 neque
954 3212 1039 3267 vel
1064 3212 1144 3268 sic
1172 3221 1355 3267 tamen
1379 3213 1511 3269 satis
1541 3212 1790 3269 feliciter.

208 3298 560 3371 Dispcscitur
616 3303 684 3358 ad
746 3318 904 3357 usum
949 3303 1381 3358 ecclesiasticum
1431 3304 1486 3359 in
1534 3304 1794 3359 lectiones

211 3406 453 3460 novem;
482 3410 716 3464 quarum
750 3395 872 3450 duae
922 3394 1128 3465 priores
1158 3394 1446 3466 prologum
1474 3396 1791 3462 continent;

210 3486 390 3548 omni,
417 3495 479 3541 ut
509 3485 617 3541 dici
662 3486 822 3552 solet,
856 3496 912 3542 et
956 3487 1092 3542 nulli
1129 3487 1547 3543 convenientem
1576 3505 1591 3541 :
1633 3486 1792 3543 tertia

210 3580 476 3635 hortatur
505 3579 572 3634 ad
608 3579 872 3635 imitanda
912 3578 973 3634 Β.
1002 3577 1251 3635 Pastoris
1301 3579 1569 3649 exempla,
1606 3578 1795 3633 docet-

212 3687 347 3741 que,
378 3672 527 3728 hunc
559 3671 726 3739 fuisse
756 3673 925 3728 nobili
951 3672 1138 3727 Romae
1165 3671 1420 3742 prosapia
1462 3673 1792 3739 oriundum;

214 3763 418 3820 deinde
449 3764 681 3834 apostoli
722 3763 877 3819 Pauli
912 3763 1265 3834 discipulum,
1294 3779 1402 3819 una
1445 3779 1569 3820 cum
1607 3762 1795 3817 Timo-

215 3855 383 3922 theo;
418 3864 532 3910 tum
559 3855 627 3909 ab
649 3855 838 3910 eodem
864 3855 1132 3925 Apostolo
1154 3863 1533 3910 consecratum
1564 3855 1795 3925 presby-

218 3956 437 4015 terum;
465 3947 636 4001 multa
661 3962 881 4015 passum
912 3946 1303 4002 subAntonino
1326 3946 1794 4016 imp.,eruditum,

217 4039 535 4099 animarum
590 4048 867 4107 pastorem
906 4038 1195 4105 sedulum;
1264 4037 1411 4108 quod
1454 4046 1791 4107 postremum

219 4131 589 4203 ampliﬁcatur
617 4130 1030 4186 enumeratione
1056 4130 1322 4185 virtutum
1357 4130 1423 4185 ad
1454 4131 1571 4186 veri
1608 4140 1796 4201 pasto-

217 4225 301 4282 ris
333 4224 575 4281 officium
618 4223 1031 4294 pertinentium,
1064 4238 1186 4293 qute
1244 4223 1417 4279 simul
1458 4238 1657 4279 omnes
1694 4223 1798 4278 Pa-

216 4318 357 4374 stori
391 4326 579 4375 nostro
606 4316 939 4383 tribuuntur,
969 4331 1038 4371 ne
1068 4315 1232 4371 unius
1268 4315 1645 4386 quidemfaeti
1685 4317 1799 4373 sin-

218 4411 431 4482 gularis
461 4419 553 4465 aut
581 4410 828 4465 historici
868 4408 1355 4474 laetamentione,
1402 4423 1577 4479 usque
1604 4407 1672 4463 ad
1714 4408 1797 4463 le-

1895 3242 2020 3284 cum
2052 3224 2407 3294 inscriptione
2436 3219 2695 3285 nominis,
2732 3217 2906 3272 Roma
2940 3215 3246 3270 Bononiam
3275 3213 3341 3267 ad
3366 3226 3468 3267 nos

1897 3318 2220 3375 translatum
2251 3316 2353 3372 fuit
2394 3328 2539 3370 anno
2590 3310 2761 3377 16M,
2799 3309 2887 3365 die
2916 3323 2984 3362 xx
3014 3306 3244 3377 Aprilis.
3282 3302 3467 3359 Nostri

1896 3420 2078 3466 autem
2125 3408 2372 3464 Pastoris
2418 3405 2601 3460 nescio
2655 3401 2785 3474 quid
2836 3399 3189 3470 reliquiarum
3243 3410 3365 3452 esse
3412 3395 3467 3450 in

1897 3498 2231 3556 monasterio
2256 3540 2272 3565 ,
2326 3511 2422 3552 seu
2464 3494 2694 3551 ecclesia
2718 3534 2733 3560 ,
2774 3490 2834 3547 S.
2889 3488 3134 3547 Silvestrl
3166 3488 3234 3544 de
3278 3485 3470 3555 Capite

1898 3593 2107 3658 Romae,
2140 3590 2337 3647 asserit
2360 3588 2710 3645 Giacchettus
2737 3585 2791 3639 in
2814 3583 3053 3641 Historia
3076 3582 3259 3637 halica
3286 3581 3467 3637 eccle-

1899 3683 1993 3737 siaa
2024 3695 2090 3736 ac
2120 3677 2439 3734 monasterii
2479 3675 2724 3747 ejusdem
2761 3689 2883 3743 cap.
2928 3674 2994 3727 l5
3032 3673 3099 3727 ad
3146 3672 3290 3725 diem
3338 3686 3466 3724 xxvr

1897 3772 2047 3828 Julii.
2102 3770 2274 3826 Porro
2305 3769 2369 3824 ad
2405 3767 2677 3839 publicam
2717 3766 2776 3820 S.
2808 3764 3049 3820 Pastoris
3086 3762 3256 3818 nostri
3303 3776 3468 3816 vene-

1897 3865 2188 3929 rationem,
2214 3878 2322 3918 non
2347 3862 2471 3917 item
2490 3859 2555 3913 ad
2581 3858 2901 3913 hodiernam
2926 3856 3045 3925 ejus
3071 3855 3465 3916 celebritatem,

1899 3958 2247 4015 asserendam
2275 3957 2403 4011 facit
2430 3955 2589 4010 etiam
2618 3953 2857 4024 sigillum
2897 3949 3029 4004 illud
3062 3962 3385 4019 expressum
3410 3948 3465 4001 in

1896 4048 2302 4105 Commentario
2334 4048 2399 4102 ad
2428 4047 2560 4102 Acta
2592 4043 2693 4100 SS.
2729 4043 3084 4098 Pudentiante
3105 4049 3158 4095 et
3180 4039 3465 4105 Praxedis,

1898 4159 2023 4200 cum
2063 4142 2324 4213 subjectis
2361 4141 2508 4196 hisce
2533 4138 2863 4193 versiculis:

1969 4234 2183 4301 Sancte,
2210 4249 2412 4303 precor,
2441 4230 2659 4303 Pastor,
2690 4245 2783 4303 pro
2810 4228 2957 4303 nobis
2982 4234 3092 4281 esto
3124 4233 3359 4296 rogator.

1974 4304 2076 4361 Hic
2120 4298 2322 4359 cunctis
2358 4304 2479 4358 vim
2507 4300 2702 4355 Pastor
2730 4300 2823 4352 dat
2854 4298 3105 4367 dogmata
3148 4312 3339 4351 sacra.

1901 4396 1978 4453 Ea
2002 4394 2409 4467 Papcbrochius
2426 4401 2612 4449 noster
2640 4392 2842 4455 ibidem
2874 4388 3158 4444 referenda
3172 4386 3386 4444 censuit
3400 4387 3469 4443 ad

218 4479 463 4559 ctionem
491 4518 693 4557 nonam
726 4520 740 4556 :
768 4500 834 4555 de
862 4500 1063 4570 quibus
1094 4499 1323 4569 proinde
1359 4500 1474 4554 bzec
1514 4500 1799 4557 monuisse
1830 4490 2165 4551 Dsmculum
2193 4504 2292 4543 xu.
2323 4486 2527 4541 Eodem
2553 4484 2686 4540 facit
2741 4480 3028 4551 inscriptio
3073 4479 3468 4543 vetustissima,

218 4593 486 4659 sufficiat,
523 4607 647 4648 cum
674 4590 741 4645 ad
770 4589 904 4645 Acta
935 4589 1269 4645 illustranda.
1299 4588 1449 4644 nihil.
1484 4588 1790 4646 conferant.

216 4686 379 4743 Nona
412 4696 593 4741 autem
627 4684 789 4739 lectio
816 4682 896 4738 sic
930 4682 1095 4744 habet
1119 4700 1147 4737 ς-

294 4801 351 4856 5.
392 4816 411 4851 ι
450 4797 620 4861 Igitur
653 4796 807 4851 decet
853 4791 1352 4849 tanticonl’essoris
1403 4807 1468 4848 ac
1495 4794 1800 4853 sacerdotis

220 4890 495 4953 Altissimi
524 4888 846 4959 praeclarum
876 4886 1075 4940 festum
1120 4898 1245 4939 cum
1288 4895 1504 4937 summa
1542 4897 1797 4938 reveren-

219 4984 301 5039 tia
342 4980 642 5045 celebrare,
671 4976 868 5031 fratres
912 4974 1256 5041 citatissimi;
1297 4989 1394 5044 per
1436 4987 1599 5044 quem
1654 4970 1800 5028 Deus

226 5076 401 5132 multa
433 5073 562 5128 fecit
606 5070 888 5133 miracula,
921 5076 988 5123 ut
1016 5068 1307 5138 protnobis
1343 5066 1579 5123 exsistat
1620 5066 1794 5121 inter-

224 5181 413 5225 cessor
444 5165 571 5236 pius
597 5181 611 5217 :
636 5178 795 5233 quem
828 5161 914 5231 pia
936 5160 1151 5215 devotio
1178 5158 1359 5214 Paulo
1386 5158 1637 5228 apostolo
1659 5159 1800 5214 adeo

227 5260 458 5314 charum
487 5266 543 5312 et
582 5256 807 5310 unicum
862 5252 1170 5322 conjunxit,
1222 5252 1370 5321 quod
1419 5251 1475 5305 in
1506 5249 1626 5306 vico
1650 5292 1666 5318 ,
1705 5249 1800 5320 qui

227 5352 434 5407 dicitur
463 5348 809 5413 Latericius,
847 5346 1135 5403 ecclesiam
1187 5342 1274 5399 sui
1322 5343 1563 5399 nominis
1609 5358 1803 5399 conse-

230 5444 426 5503 cravit.
456 5441 557 5497 Hie
591 5442 677 5496 vir
725 5439 1074 5496 beatissimus
1106 5437 1280 5493 multa
1310 5451 1542 5507 corpora
1583 5445 1802 5492 sancto-

232 5553 355 5591 rum
387 5535 638 5592 clanculo
661 5535 841 5605 rapuit
870 5543 924 5590 et
963 5532 1232 5604 sepelivit,
1271 5531 1443 5587 fretus
1486 5530 1803 5588 consilioct

233 5628 508 5699 adiutorio
537 5625 638 5681 SS.
662 5626 936 5697 virginum
963 5624 1320 5680 Pudentianas
1347 5624 1551 5695 pariter
1572 5633 1628 5680 et
1662 5622 1800 5679 Pra-

234 5720 430 5776 xedis:
484 5734 719 5790 quarum
765 5732 994 5788 corpora
1029 5717 1301 5787 virginum
1345 5715 1660 5772 honorifica:
1688 5726 1801 5769 tra—

235 5811 373 5868 didit
428 5812 758 5881 sepulturae,
797 5819 851 5866 et
894 5825 1084 5867 earum
1137 5808 1317 5867 Vitam
1366 5809 1619 5866 decenter
1673 5823 1801 5865 con:-

1900 4600 2068 4657 quam
2096 4581 2315 4638 exhibet
2344 4578 2616 4650 Aringhus
2645 4578 2769 4632 loco
2789 4576 2976 4641 citato,
3003 4590 3156 4630 num.
3188 4573 3243 4635 5,
3272 4573 3326 4627 in
3361 4589 3474 4643 qua

1900 4679 1961 4733 lit
1989 4675 2194 4732 mentio
2220 4673 2404 4731 sacelli
2426 4671 2599 4727 sancti
2623 4669 2789 4740 hujus
2810 4668 2988 4723 nostri
3011 4665 3277 4725 Pastoris.
3304 4664 3471 4732 Quid,

1899 4771 2047 4842 quod
2061 4778 2115 4826 et
2128 4769 2245 4824 Ado
2290 4765 2441 4822 illum
2461 4766 2563 4820 hoc
2584 4764 2806 4819 nomine
2819 4762 3041 4817 beatum
3059 4759 3310 4829 agnovit?
3330 4757 3474 4812 Sane

1900 4863 1969 4920 de
2022 4872 2209 4918 nostro
2249 4860 2361 4931 agit
2398 4859 2452 4913 in
2490 4857 2668 4927 elogio
2725 4854 2826 4910 SS.
2860 4851 3125 4907 Praxedis
3181 4857 3235 4905 et
3262 4847 3471 4905 sororis

1900 4956 2021 5028 ejus
2040 4954 2128 5011 die
2154 4969 2246 5009 χχι
2269 4950 2419 5017 Julii,
2448 4950 2743 5007 sienotans
2768 4965 2793 5003 ε,
2816 4965 2838 5000 ι
2868 4945 2926 5002 ln
2950 4944 3108 5000 titulo
3130 4958 3281 5009 vero,
3307 4955 3470 5012 quem

1900 5058 2057 5122 pater
2094 5062 2285 5105 earum
2324 5044 2545 5101 Pudens
2586 5040 2807 5103 nomine
2836 5054 3001 5095 BBATI
3025 5036 3293 5092 PASTORIS
3320 5032 3473 5089 dedi-

1902 5124 2066 5208 cavit,
2099 5158 2117 5192 t
2155 5150 2261 5195 etc.
2308 5136 2556 5192 Natalem
2585 5134 2731 5189 illius
2768 5140 2950 5188 tamen
3004 5131 3107 5186 sub
3151 5142 3217 5183 eo
3248 5123 3474 5181 nomine

1904 5249 2081 5304 neque
2128 5232 2234 5287 hoc
2281 5230 2424 5297 loco,
2456 5241 2633 5298 neque
2681 5241 2808 5281 xxvi
2851 5221 3098 5293 ejusdem
3149 5215 3376 5281 mensis,
3408 5223 3471 5271 ut

1900 5325 2011 5396 jam
2037 5323 2296 5389 diximus,
2327 5336 2504 5393 neque
2538 5320 2646 5376 alio
2676 5317 2787 5374 ullo
2806 5315 2893 5371 die
2920 5318 3337 5369 commemorat.

1974 5436 2028 5492 5.
2070 5434 2128 5491 Id
2172 5450 2302 5491 vero
2352 5433 2553 5489 mirum
2609 5428 2815 5486 nemini
2867 5424 3041 5482 videri
3089 5423 3289 5488 debet;
3344 5436 3484 5476 cum.

1903 5542 2104 5583 eorum
2145 5525 2392 5596 opinioni
2418 5521 2711 5579 adhaeserit
2755 5518 2907 5582 Ado,
2952 5515 3049 5586 qui
3093 5513 3152 5568 S.
3183 5511 3469 5567 Pastorem

1904 5636 2029 5676 cum
2077 5618 2135 5675 S.
2174 5618 2371 5674 Herma
2423 5616 2516 5671 illo
2563 5609 2942 5675 confuderint,
2976 5606 3137 5677 cujus
3184 5604 3478 5675 apostolus.

1905 5712 2106 5768 Paulus
2158 5711 2228 5766 ad
2286 5711 2563 5765 Romanos
2625 5704 2873 5761 scribens
2923 5700 3212 5764 meminit,
3265 5696 3470 5768 quique

1906 5810 2096 5861 auctor
2124 5816 2247 5859 esse
2275 5799 2515 5857 creditur
2563 5797 2717 5865 libri,
2751 5794 2845 5861 qui
2899 5792 3097 5849 Pastor
3127 5788 3490 5848 inscribitur-
