4002 6308
612 279 757 335 1015

1784 284 2124 340 ᾹΡΡΕΝΒῙΧ
2164 286 2255 340 AD
2295 286 2353 340 8.
2392 287 2701 365 HERMAM,

3782 163 3797 197 Ρ

3684 297 3786 356 llllb

599 401 994 457 Cont’ustonem
1027 406 1169 457 hanc
1196 413 1383 472 aperte
1418 405 1599 474 prodit
1624 404 1677 457 in
1706 405 1888 461 libello
1928 405 2000 459 De
2031 404 2180 475 [esti-
2207 412 2250 466 A
2278 424 2387 477 que
2421 410 2649 479 proinde
2673 412 2960 480 utriusque
2984 408 3385 471 conquIoncm,
3413 411 3477 464 ab
3502 412 3666 467 Adone
3688 431 3785 484 pro-

596 497 851 554 vitalibus
930 500 1334 569 apostolorum,
1387 513 1549 567 quem
1615 497 2000 567 Martyrologio
2054 501 2174 569 ejus

596 595 881 660 prazlixum
940 594 1129 662 habes,
1170 611 1294 666 pag.
1331 595 1441 663 56;
1475 596 1568 650 ubi
1623 596 1689 651 ad
1721 596 1863 651 diem
1918 613 1971 651 ιι
2023 597 2170 664 Maii,

596 701 762 755 quem
806 684 865 741 8.
894 685 1109 742 Hermae
1138 688 1373 743 natalem
1400 688 1614 754 statuit,
1646 707 1664 740 ι
1699 688 1935 755 Titulus,
1972 689 2172 759 inquit,

594 778 817 832 nomine
852 777 1045 848 ipsius,
1064 780 1217 849 juxta
1258 782 1400 849 quod
1434 780 1813 851 baptisterium
1841 798 1907 837 ex
1944 781 2174 839 faculta-

594 869 744 924 tibus
767 881 973 927 sanctm
999 871 1258 928 Praxedis
1279 881 1362 928 est
1385 882 1751 939 exstructum,
1786 883 1841 930 et
1872 876 2031 931 beato
2051 876 2169 942 Pio,

592 963 865 1031 discipulo
899 964 1277 1032 apostolorum
1307 1004 1321 1027 ,
1355 975 1614 1034 operante
1649 967 1831 1021 studio
1881 982 2172 1022 consecra-

592 1065 731 1122 tum,
758 1055 1143 1111 venerabiliter
1166 1056 1213 1110 ei
1238 1065 1477 1111 statutus
1503 1069 1605 1112 est.
1629 1076 1648 1109 ι
1682 1056 1886 1113 Eadem
1929 1060 2044 1114 haec
2088 1070 2171 1115 est

591 1148 818 1203 ecclesia
851 1148 968 1203 sive
1002 1149 1213 1213 titulus,
1245 1164 1405 1218 quem
1440 1150 1603 1220 paulo
1635 1160 1761 1205 ante
1786 1148 1938 1205 Beati
1979 1149 2173 1207 Pasto-

592 1241 669 1295 ris
694 1241 1079 1310 nuncupabat:
1109 1240 1329 1296 beatum
1350 1257 1481 1313 ergo
1498 1242 1775 1299 Pastorem
1804 1260 1926 1299 cum
1960 1244 2017 1299 8.
2038 1244 2173 1301 Her-

591 1345 681 1384 ma
700 1332 950 1386 eumdem
974 1330 1126 1394 facit,
1152 1334 1517 1403 eamdemque
1542 1335 1678 1390 adeo
1705 1334 1848 1390 diem
1883 1337 2171 1406 utriusque

591 1423 877 1490 natalem;
911 1440 1228 1495 quanquam
1274 1426 1327 1480 in
1370 1426 1539 1481 natali
1582 1426 1761 1482 solum
1806 1442 2006 1482 nomen
2037 1427 2173 1487 Her-

588 1529 691 1567 mae
728 1514 931 1570 diserte
962 1516 1270 1586 exprimat,
1305 1532 1414 1571 non
1447 1515 1712 1573 Pastoris.
1746 1518 1955 1575 Adonis
1985 1535 2172 1575 exem-

586 1605 679 1675 plo
705 1608 925 1663 eosdem
966 1618 1189 1664 sanctos
1219 1609 1271 1663 in
1297 1608 1594 1664 Annalibus
1629 1611 1697 1666 ad
1726 1627 1933 1667 annum
1963 1612 2167 1669 Christi

587 1697 693 1751 159
728 1697 974 1752 confudit
1009 1697 1315 1761 Baronius;
1354 1716 1461 1755 non
1513 1701 1643 1755 item
1694 1701 1838 1757 diem
1884 1704 2169 1774 utriusque

586 1787 823 1841 natalem
860 1788 914 1841 in
961 1788 1352 1861 Martyrologio
1402 1802 1497 1847 aut
1527 1793 1673 1848 notis
1706 1795 1774 1851 ad
1821 1795 1957 1851 illud
1990 1815 2002 1850 :
2040 1812 2164 1851 cum

584 1886 769 1931 tamen
801 1879 1028 1934 alterum
1072 1898 1138 1936 ex
1164 1882 1335 1938 altero
1364 1886 1627 1952 consequi
1655 1885 1851 1943 debeat
1877 1905 1892 1955 ;
1926 1898 1984 1943 ut
2021 1889 2164 1943 idem

585 1970 656 2022 sit
687 1968 803 2023 dies
837 1970 1042 2037 obitus,
1086 1973 1131 2027 si
1186 1984 1409 2030 sanctus
1473 1984 1558 2031 est
1609 1976 1793 2045 idem;
1841 1989 1937 2034 aut
1988 1981 2165 2036 sancti

584 2059 808 2126 diversi,
835 2061 881 2116 si
911 2063 1114 2117 diversi
1144 2066 1375 2121 natales.

653 2151 708 2207 6.
774 2150 1045 2231 Himirum
1090 2155 1148 2210 S.
1200 2155 1446 2213 Pastoris
1495 2174 1695 2215 nomen
1753 2175 2026 2231 nusquam
2081 2162 2165 2216 vir

581 2224 858 2301 maximits
907 2248 1286 2317 consignatum
1344 2250 1548 2320 legerat
1598 2252 1684 2306 die
1738 2269 1792 2307 ix
1848 2252 2013 2320 Maii;
2065 2252 2163 2308 sed

582 2350 896 2395 constanter
923 2340 1167 2408 Hermze;
1194 2343 1355 2398 sicuti
1388 2358 1489 2397 nec
1518 2344 1607 2398 die
1634 2360 1761 2399 xxv:
1788 2344 1917 2401 Julii
1948 2346 2161 2418 uspiam

581 2434 722 2502 apud
759 2437 1158 2507 martyrologos
1190 2446 1507 2493 occurrerat
1548 2455 1747 2495 nomen
1784 2440 1997 2497 Hernue
2020 2487 2036 2511 ,
2066 2445 2161 2501 sed

580 2524 827 2582 Pastoris
851 2529 1262 2594 tantummodo;
1281 2545 1387 2584 non
1402 2548 1572 2587 ausus
1588 2543 1669 2588 est
1682 2548 1808 2603 ergo
1826 2535 1879 2588 in
1898 2537 2161 2592 moderno

576 2614 968 2687 Martyrologio
1004 2620 1386 2675 concinnanth
1428 2638 1458 2676 a
1492 2623 1736 2692 priorum
1763 2625 2157 2693 exemplarium

578 2722 857 2764 consensu
885 2727 947 2765 ac
971 2711 1096 2778 ﬁde,
1121 2728 1216 2782 per
1242 2729 1402 2767 usum
1428 2714 1604 2784 ipsum
1624 2715 1883 2772 Ecclesia:
1902 2717 2160 2775 Humana:

580 2800 726 2854 haud
756 2801 921 2856 dubie
947 2803 1235 2872 antiquum
1269 2803 1485 2859 firmata
1509 2846 1525 2870 ,
1561 2813 1813 2861 recedere
1842 2828 1854 2862 :
1890 2818 2052 2879 atque
2086 2811 2158 2869 ita

579 2891 638 2947 8.
677 2892 895 2950 Hermae
948 2898 1187 2952 natalem
1235 2913 1265 2952 a
1301 2898 1467 2952 natali
1503 2898 1561 2952 8.
1606 2896 1854 2955 Pastoris
1897 2902 2158 2959 discrevit

576 3001 685 3040 non
714 2986 768 3041 in
792 2987 911 3058 ipso
938 2988 1323 3062 Martyrologio
1351 2991 1554 3057 solum,
1582 2993 1679 3047 sed
1705 2992 1871 3047 etiam
1901 2993 1955 3047 in
1983 2996 2156 3050 adno-

2279 503 2475 557 fectam
2502 521 2516 569 ;
2546 519 2709 572 quam
2742 503 2789 558 is
2819 502 3047 558 forsitan
3099 519 3164 556 ex
3195 502 3465 571 ambiguis
3485 502 3675 560 Eusebii
3698 523 3788 562 ver-

2275 596 2362 650 bis
2399 596 2713 664 arripuerit,
2743 595 2835 664 qui
2863 596 2930 651 de
2959 594 3018 651 8.
3048 594 3244 649 Herma
3276 595 3502 663 loquens
3543 594 3667 649 Hist.
3691 600 3785 655 eod.

2277 687 2374 741 lib.
2405 703 2485 751 ιιι,
2518 702 2639 755 cap.
2670 688 2724 753 5,
2771 684 2845 743 Οὗ
2888 705 3051 757 φασιν
3086 688 3383 757 ὑπάρχειν,
3420 687 3605 756 inquit,
3635 688 3684 741 τὸ
3718 693 3787 745 ταῦ

2276 774 2539 846 Ποιμὲνος
2567 775 2766 846 βιϐλίον
2784 816 2801 841 ,
2830 777 2979 846 cujus
3021 777 3171 830 aiunt
3197 792 3307 831 esse
3347 776 3535 829 librum
3564 776 3785 843 Pastoris;

2277 866 2425 922 unde
2452 882 2689 937 pronum
2718 878 2801 924 est
2829 869 3107 940 colligere,
3139 868 3388 923 Pastoris
3435 883 3542 922 non
3584 868 3687 924 libri
3714 888 3788 925 no-

2276 973 2423 1022 men,
2459 959 2553 1012 sed
2587 960 2827 1013 auctoris
2852 975 2972 1014 esse
3001 978 3015 1014 :
3047 961 3127 1015 sic
3155 959 3272 1013 Ado
3305 958 3467 1013 facile
3511 959 3727 1016 Hermam
3751 973 3788 1017 et

2274 1048 2551 1105 Pastorem
2575 1067 2673 1121 pro
2696 1052 2882 1107 eodem
2906 1053 3191 1123 acceperit.
3212 1055 3280 1108 At
3300 1055 3447 1107 enim
3467 1055 3785 1125 amphiboliam

2274 1143 2418 1198 hanc
2443 1144 2632 1199 tollere
2653 1145 2916 1201 debuerat
2941 1157 3053 1200 tum
3083 1148 3256 1217 ipsius
3280 1148 3410 1202 libri
3434 1148 3603 1202 adhuc
3622 1160 3789 1203 exstan-

2278 1238 2349 1291 tis
2377 1237 2684 1308 inscriptio,
2728 1248 2843 1295 tum
2894 1240 2952 1296 S.
2987 1240 3307 1312 Hieronymi
3336 1282 3352 1307 ,
3385 1240 3569 1295 eodem
3614 1257 3787 1311 prorsus

2275 1328 2440 1382 modo
2478 1329 2627 1384 illum
2657 1331 3040 1398 inscribentis,
3069 1332 3445 1387 testimonium
3474 1331 3565 1386 lib.
3592 1330 3659 1385 De
3688 1336 3787 1385 scri-

2271 1421 2511 1489 ptoribus
2557 1423 2763 1491 eccles.,
2819 1440 2938 1494 cap.
2990 1424 3103 1479 i0:
3161 1443 3178 1476 ι
3208 1423 3557 1477 Hermann...
3591 1435 3788 1479 asserunt

2273 1524 2553 1571 auctorem
2584 1532 2706 1572 esse
2754 1517 2899 1581 libri,
2934 1518 3027 1588 qui
3062 1518 3374 1587 appellatur
3406 1514 3627 1580 Pastor;
3660 1535 3675 1567 ι
3702 1533 3788 1584 qua:

2270 1608 2504 1680 proinde
2553 1611 2789 1679 genuina
2835 1611 3045 1666 censeri
3094 1619 3273 1681 potest
3327 1610 3612 1664 Eusebiani
3657 1620 3789 1665 textus

2272 1702 2672 1772 interpretatio,
2700 1719 2865 1773 quam
2898 1711 3043 1758 recte
3067 1712 3292 1758 secutus
3321 1714 3407 1757 est
3430 1700 3678 1763 Valesius,
3699 1718 3789 1757 cum

2270 1792 2505 1849 adducta
2552 1793 2773 1847 Eusebii
2827 1795 2995 1849 verba
3036 1795 3115 1850 sic
3165 1794 3373 1849 vertit:
3430 1814 3447 1847 ι
3500 1793 3655 1863 Cujus
3702 1810 3787 1849 esse

2264 1885 2439 1942 fertur
2464 1888 2512 1942 is
2549 1888 2706 1952 liber,
2744 1889 2841 1958 qui
2877 1889 3077 1943 Pastor
3121 1889 3428 1959 inscriptus
3459 1898 3558 1943 est.
3588 1909 3605 1941 ›
3642 1887 3785 1943 Pastor

2264 1980 2433 2051 igitur
2462 1982 2765 2051 appellatur
2812 1998 2922 2039 non
2959 1981 3189 2039 Hermas
3213 2025 3229 2049 ,
3278 1983 3383 2039 sed
3418 1982 3620 2036 Hermm
3672 1982 3784 2045 liber,

2265 2072 2409 2142 quod
2444 2073 2621 2144 angeli
2649 2073 2752 2128 sub
2792 2073 2981 2128 habitu
3022 2074 3311 2143 pastoritio
3355 2073 3787 2143 apparentisreve-

2263 2164 2504 2219 lationes
2558 2164 2856 2219 contineat.
2907 2162 3049 2229 Quid
3110 2163 3277 2234 igitur
3348 2162 3411 2216 S.
3461 2160 3661 2216 Pastori
3694 2176 3784 2214 cum

2264 2256 2322 2310 8.
2355 2255 2556 2313 Herma
2605 2257 2940 2312 commune?
2982 2255 3061 2311 Nc
3112 2271 3312 2312 nomen
3360 2254 3613 2327 quidem:
3658 2268 3783 2323 quan-

2260 2364 2431 2417 quam
2456 2358 2512 2404 et
2565 2349 2671 2403 hoc
2713 2349 2962 2419 pluribus
2991 2348 3137 2403 idem
3182 2363 3305 2402 esse
3357 2347 3568 2417 possit;
3595 2344 3676 2416 qui
3712 2344 3784 2400 ha:

2261 2440 2378 2493 sola
2411 2438 2626 2492 ratione
2659 2436 2887 2491 minime
2920 2436 3188 2491 confundi.
3232 2444 3509 2507 possunt:
3544 2443 3598 2489 ut
3627 2433 3779 2489 nemini

2260 2533 2526 2586 hactenus
2560 2532 2615 2585 in
2675 2540 2914 2592 mentem
2946 2531 3098 2585 venit
3138 2528 3200 2585 Β.
3247 2529 3534 2589 Pastorem
3586 2537 3781 2583 nostrum

2261 2623 2669 2692 presbyterum,
2706 2622 2958 2676 eumdem
3014 2637 3140 2676 cum
3176 2622 3271 2676 illo
3322 2631 3591 2688 statuere,
3622 2620 3778 2689 dequo

2262 2717 2321 2777 lit
2356 2715 2559 2773 mentio
2602 2715 2659 2768 in
2700 2714 2851 2769 Actis
2888 2712 2990 2769 SS.
3040 2713 3221 2780 Marii,
3254 2713 3488 2768 Martiae
3518 2721 3571 2766 et
3600 2712 3781 2765 ﬁliorum

2259 2807 2327 2859 ad
2352 2805 2495 2860 diem
2522 2821 2614 2858 xix
2638 2803 3060 2874 .lanuarii,-pag.
3087 2804 3225 2871 216;
3252 2803 3475 2857 tametsi
3496 2811 3546 2857 et
3571 2800 3725 2854 Romae
3748 2796 3781 2851 is

2259 2896 2466 2963 fuerit,
2522 2905 2578 2951 et
2637 2896 2832 2953 beatus
2886 2894 3080 2950 Pastor
3130 2895 3420 2965 presbyter
3456 2900 3780 2961 nuncupetur,

2258 2996 2476 3043 centum
2511 3000 2693 3043 tamen
2730 2987 2949 3043 circiter
2976 2988 3137 3043 annis
3171 2996 3367 3043 nostro
3387 2985 3591 3055 junior.

2201 1753 2243 1810 Β

578 3080 882 3136 tationibus
907 3082 973 3136 ad
999 3092 1292 3152 utrumque
1320 3082 1557 3137 natalem
1582 3084 1841 3153 adjectis;
1875 3086 1927 3139 in
1954 3088 2152 3156 quibus

2328 3080 2381 3134 8.
2417 3079 2713 3151 Propeudit
2737 3095 2803 3135 eo
2838 3080 3063 3149 insuper
3091 3078 3233 3133 idem
3267 3078 3617 3132 doctissimus
3638 3078 3781 3128 auctor

574 3185 755 3240 neque
785 3173 853 3228 de
884 3172 1112 3229 Pastore
1136 3175 1384 3230 meminit
1420 3174 1509 3229 die
1544 3192 1599 3229 Ix
1626 3175 1772 3239 Maii,
1805 3194 1981 3248 neque
2025 3198 2151 3236 xxvi

572 3262 703 3319 Julii
728 3266 796 3320 de
824 3264 1044 3321 Herma.
1094 3267 1206 3321 Cur
1254 3267 1420 3337 igitur
1449 3267 1641 3323 eodem
1690 3283 2013 3340 argumento
2043 3290 2152 3328 non

571 3366 656 3414 est
691 3374 823 3414 usus
856 3360 909 3415 in
944 3363 1279 3422 Annalibus?
1322 3360 1561 3416 Maxume
1584 3378 1708 3417 cum
1741 3366 1805 3419 ad
1832 3366 1961 3421 illud
1989 3368 2153 3424 etiam

572 3453 721 3526 aliud
738 3455 1043 3521 accederet,
1067 3452 1492 3525 haudquaquam
1515 3456 1763 3528 profecto
1784 3461 1977 3527 levius,
2004 3464 2151 3533 quod

571 3564 603 3602 a
651 3548 709 3603 S.
742 3547 991 3606 Pastoris
1033 3560 1192 3607 aetate
1240 3552 1580 3622 desumitur,
1612 3557 1707 3627 qui
1756 3558 1947 3613 saltem
1993 3560 2150 3628 juxta

570 3642 1074 3698 eminentissimum
1136 3646 1433 3703 Annalium
1498 3652 1883 3717 conditorem,
1942 3667 2149 3708 almum

568 3733 775 3789 Christi
822 3734 926 3789 164
965 3736 1198 3792 vivendo
1231 3748 1655 3811 prwtergressus
1700 3750 1803 3797 est.
1837 3742 1973 3809 Quis
2018 3760 2155 3799 vero.

569 3827 690 3883 sine
717 3828 955 3885 evidenti
999 3829 1471 3887 demonstratione
1515 3834 1733 3901 credat,
1765 3834 1824 3890 8.
1854 3834 2109 3891 Hennam
2129 3877 2151 3901 ,,

568 3920 664 3989 qui
687 3920 801 3990 jam
842 3923 1027 3993 utique
1054 3933 1283 3978 maturae
1320 3925 1401 3978 vir
1438 3927 1611 3981 relatis
1641 3925 1809 3983 fuisse
1838 3928 2147 3985 censendus

566 4020 674 4078 est,
706 4029 830 4069 cum
877 4030 1001 4070 eum
1037 4016 1336 4086 Apostolus
1382 4034 1479 4087 per
1513 4019 1808 4088 Epistolam
1848 4022 1912 4075 ad
1940 4020 2145 4081 Romae

566 4118 670 4158 nos
697 4104 916 4173 juberet
941 4108 1184 4171 salutari,
1223 4107 1403 4161 solido
1446 4117 1569 4177 post
1609 4107 1763 4163 Pauli
1805 4111 2016 4165 obitum
2046 4127 2148 4167 sa:-

564 4196 693 4251 culo
727 4196 1103 4267 superfuisse?
1132 4198 1257 4255 Haec
1289 4210 1435 4255 certe
1464 4217 1572 4256 una
1601 4201 1669 4255 de
1692 4203 1878 4258 causis
1921 4218 2027 4266 est,
2071 4204 2145 4259 ob

565 4304 704 4358 quas
753 4289 1013 4356 Hermen,
1041 4292 1098 4346 8.
1140 4291 1222 4345 Pii
1278 4309 1431 4363 papa:
1473 4293 1514 4352 l.
1554 4304 1616 4349 ut
1653 4304 1736 4349 est
1787 4296 1839 4349 in
1883 4295 2148 4367 Catalogo

564 4378 889 4437 Pontiﬁcum
947 4384 1331 4449 Bucheriano,
1381 4384 1603 4442 fratrem
1661 4404 1725 4443 ac
1783 4386 1842 4442 8.
1898 4386 2143 4443 Pastoris

2254 3172 2565 3242 Annalium,
2604 3171 2672 3226 ad
2698 3186 2903 3225 annum
2937 3169 3141 3237 Christi
3172 3169 3297 3236 159,
3327 3180 3389 3224 ιιι
3418 3167 3651 3223 eumdem
3680 3176 3781 3233 quo-

2253 3282 2359 3336 que
2394 3280 2520 3321 cum
2560 3272 2751 3320 sancto
2779 3262 2977 3317 Herma
3022 3272 3075 3317 et
3109 3262 3343 3317 Pastore
3375 3260 3664 3321 Hermetem
3690 3268 3779 3310 esse

2252 3362 2528 3426 crederet,
2554 3359 2612 3415 8.
2642 3358 2721 3413 Pii
2748 3359 3026 3429 pontiﬁcis
3055 3358 3287 3411 l'lomani
3326 3356 3551 3412 fratrem
3575 3373 3589 3408 :
3614 3347 3781 3407 tametsi

2252 3455 2318 3509 de
2352 3454 2445 3509 illo
2487 3469 2546 3508 se
2579 3453 2816 3507 fateatur
2848 3452 3145 3522 ambigere.
3183 3450 3477 3519 Opinionis
3508 3449 3656 3517 hujus
3684 3444 3779 3497 fuit-

2251 3550 2569 3605 damentum
2624 3547 2822 3617 duplex
2874 3547 3089 3616 putavit
3139 3561 3298 3612 esse;
3359 3546 3625 3609 alterum,
3667 3536 3778 3610 quod

2250 3657 2413 3697 voces
2445 3639 2674 3697 Hermas
2698 3651 2752 3696 et
2776 3638 3006 3696 Hermes
3035 3655 3225 3709 parum
3261 3638 3403 3695 adeo
3434 3637 3639 3692 diﬁ‘erre
3665 3633 3778 3687 vide-

2250 3743 2479 3797 rentur,
2539 3744 2601 3789 ut
2655 3748 3051 3803 nonnunquam
3108 3733 3284 3786 eidem
3344 3738 3467 3794 viro
3524 3730 3777 3799 legerentur

2249 3828 2567 3891 attributae;
2603 3826 2835 3881 alterum
2872 3841 2999 3881 vero
3026 3866 3041 3889 ,
3076 3825 3220 3893 quod
3279 3824 3426 3893 apud
3474 3819 3774 3882 Anastasium

2250 3921 2731 3977 Bibliothecarium
2758 3920 2861 3979 sub
2897 3918 2955 3974 8.
2993 3918 3091 3973 Pio
3128 3933 3266 3989 papa
3300 3917 3319 3970 Ι
3352 3918 3421 3973 de
3456 3916 3686 3971 Hermete
3712 3926 3774 3965 ιθ-

2249 4014 2457 4072 feratur
2488 4032 2500 4067 :
2544 4032 2563 4066 ι
2603 4011 2833 4068 Hermes
2864 4011 3067 4069 librum
3097 4011 3339 4082 scripsit,
3369 4012 3423 4065 in
3458 4026 3564 4082 quo
3593 4004 3774 4062 manda-

2248 4115 2362 4159 tum
2396 4104 2732 4167 continetur,
2768 4104 2917 4174 quod
2953 4104 3003 4158 ei
3031 4103 3289 4173 praecepit
3315 4101 3541 4173 angelus
3570 4093 3768 4155 Domini,

2246 4214 2370 4252 cum
2399 4198 2611 4253 veniret
2643 4197 2711 4252 ad
2738 4213 2866 4252 eum
2901 4198 2956 4255 in
2991 4197 3181 4251 habitu
3206 4197 3463 4265 pastoris,
3484 4202 3537 4250 et
3565 4189 3772 4264 praecepit

2244 4293 2316 4355 ei,
2345 4300 2405 4345 ut
2438 4299 2692 4346 sanctum
2715 4289 2927 4351 Pascha
2950 4289 3040 4343 die
3068 4287 3351 4341 Dominico
3384 4286 3765 4342 celebraretur.»

2249 4381 2564 4437 Similitudo
2592 4381 2857 4447 nominis,
2882 4389 2937 4434 et
2968 4378 3239 4450 apparitio
3262 4377 3595 4449 angeli,lsub
3619 4371 3766 4427 habitu

563 4470 1314 4543 a’qttalem,distinguendum
1341 4478 1552 4545 putavit
1576 4480 1727 4534 card.
1756 4480 2137 4544 Bcllarminus,
2172 4471 2218 4528 D
2248 4475 2533 4546 pastoritio
2563 4474 2761 4528 librum
2804 4472 3085 4535 dictantis,
3132 4473 3382 4527 eumdem
3419 4468 3642 4527 Baronio
3679 4464 3766 4517 visa

564 4576 805 4632 eumque
853 4569 1027 4622 secuti
1065 4570 1324 4643 deinceps
1356 4571 1573 4637 eruditi,
1610 4588 1638 4626 a
1668 4571 1727 4626 S.
1766 4572 1963 4627 llerma
1996 4573 2145 4641 Apo-

562 4655 693 4711 stoli
739 4656 1042 4727 discipulo,
1089 4672 1141 4717 et
1178 4665 1375 4731 libelli,
1423 4665 1514 4735 qui
1564 4665 1762 4719 Pastor
1806 4666 2142 4735 appellatur,

563 4759 811 4809 auctore.
842 4750 1087 4824 Denique
1120 4771 1231 4810 non
1282 4758 1495 4813 videtur
1541 4759 1642 4828 ipsi
1677 4757 1889 4813 Hermae
1940 4773 2140 4813 nomen

560 4841 811 4900 Pastoris
845 4843 1016 4901 fuisse
1053 4849 1369 4919 preprium,
1412 4851 1507 4905 sed
1548 4851 1688 4906 libro
1719 4852 1858 4921 ejtis,
1891 4862 1950 4906 ut
1975 4856 2141 4907 modo

561 4938 809 4994 dicemus
837 4957 850 4994 :
887 4939 974 4995 fac
1002 4949 1207 5007 tamen,
1237 4960 1304 4999 ex
1328 4945 1470 5000 libro
1498 4956 1921 5016 cognomentum
1947 4946 2139 5001 Pasto-

558 5029 640 5085 ris
674 5030 976 5087 adhaesisse
1025 5032 1317 5103 scriptori;
1351 5050 1421 5088 an
1475 5035 1623 5089 credi
1676 5036 1890 5090 tandem
1943 5038 2142 5105 poterit

560 5123 702 5179 idem
733 5125 929 5180 deinde
963 5134 1154 5180 auctor
1182 5134 1469 5198 tantopere
1493 5125 1739 5183 Pastoris
1772 5138 2137 5200 cognomento

558 5218 865 5276 delectatus
904 5218 1096 5286 fuisse,
1133 5229 1193 5275 ut
1235 5220 1514 5290 proprium
1553 5221 1785 5286 Hermae,
1818 5221 1965 5291 quod
1993 5232 2138 5277 esset

558 5310 630 5367 ab
676 5310 941 5381 Apostolo
993 5321 1396 5377 consecratum,
1428 5312 1734 5381 abjiceret?
1776 5312 1968 5367 Valere
2021 5313 2137 5368 lucc

557 5402 704 5458 ratio
730 5404 911 5471 debet,
941 5406 1084 5475 apud
1130 5404 1430 5459 Baroniurr.
1455 5405 1699 5475 quidem,
1728 5407 1818 5475 qui
1846 5407 2134 5475 epistolam

556 5497 774 5564 probat,
810 5500 1139 5571 exhibetque
1188 5501 1257 5556 ad
1289 5515 1495 5556 annum
1543 5500 1649 5555 162
1672 5541 1687 5563 ,
1734 5501 1852 5556 solo
1890 5500 2135 5559 Pastoris

556 5590 781 5644 nomine
814 5593 1156 5662 inscriptam.

627 5681 679 5734 7.
722 5681 900 5735 Alium
950 5700 1081 5754 ergo
1127 5686 1183 5740 8.
1224 5687 1539 5754 Pastorem,
1573 5690 1737 5745 alium
1772 5690 1831 5746 8.
1876 5690 2130 5746 Hermum

552 5773 726 5832 fuisse
748 5787 1140 5849 censemus,'-et
1170 5780 1313 5836 hunc
1342 5783 1433 5838 illo
1459 5783 1732 5842 seniorem
1758 5803 1771 5853 ;
1805 5786 2131 5842 tollendam-

2249 4584 2378 4631 sunt
2409 4576 2732 4645 scriptorem
2786 4590 3016 4644 arguere
3051 4572 3308 4630 Hermam
3359 4584 3412 4629 et
3464 4571 3762 4627 Hermetcm.

2247 4679 2411 4739 atque
2463 4668 2599 4724 adeo
2647 4676 2701 4721 et
2732 4666 3036 4732 Pastorem,
3080 4682 3244 4737 quem
3291 4682 3413 4721 cum
3446 4663 3631 4717 Henna
3665 4670 3765 4713 con-

2248 4764 2444 4819 fundit.
2475 4763 2706 4817 Tantum
2731 4762 2783 4815 in
2811 4776 2877 4815 eo
2900 4761 3075 4824 haasit,
3102 4761 3245 4830 quod
3276 4761 3328 4813 in
3357 4757 3560 4815 Herma:
3583 4753 3761 4807 Pastore

2246 4875 2355 4912 non
2388 4866 2581 4928 agatur
2623 4858 2690 4909 de
2738 4854 2950 4909 Pascha
2981 4854 3067 4908 die
3119 4852 3400 4907 Dominica
3446 4843 3757 4907 celebrando;

2244 4963 2383 5014 tum,
2413 4950 2560 5021 quod
2602 4950 2841 5019 scriptus
2883 4948 2931 5003 is
2986 4948 3150 5003 fuerit
3175 4948 3380 5003 dudum
3419 4954 3541 5000 ante
3563 4949 3759 5007 tempora

2241 5041 2323 5096 Pii
2356 5058 2527 5113 papae.
2564 5040 2752 5110 Itaque
2784 5054 2851 5094 eo
2897 5040 3117 5094 tandem
3147 5038 3447 5104 delabitur;
3481 5055 3498 5087 ‹
3522 5040 3594 5088 ut
3616 5030 3757 5085 dicere

2243 5152 2467 5193 necesse
2489 5136 2560 5189 sit
2591 5134 2669 5204 (si
2700 5132 2934 5188 velimus
2965 5147 3135 5186 unum
3171 5130 3525 5199 eumdemque
3553 5137 3659 5180 esse
3681 5132 3755 5171 au-

2240 5229 2467 5299 ctorem)
2504 5228 2753 5283 diversos
2784 5226 2885 5281 hos
2912 5226 3053 5281 inter
3076 5241 3134 5281 se
3166 5225 3336 5280 fuisse
3358 5213 3751 5279 commentarios,

2240 5321 2472 5377 diversis
2498 5319 2837 5389 temporibus
2867 5317 3124 5387 scriptos.
3154 5335 3173 5368 ι
3207 5315 3313 5373 Sed
3334 5313 3579 5385 quoniam
3607 5307 3653 5361 S.
3674 5303 3751 5357 Pa-

2238 5425 2353 5469 stor
2401 5423 2587 5468 noster
2628 5420 2854 5467 eatenus
2884 5419 3098 5465 tantum
3136 5425 3258 5465 cum
3292 5407 3534 5464 Hermete
3560 5398 3747 5496 coaluit:

2236 5510 2402 5573 ditur,
2433 5515 2704 5578 quatenus
2726 5506 2842 5575 ipse
2872 5503 3099 5560 Hermes
3136 5519 3259 5558 cum
3293 5502 3353 5557 8.
3384 5500 3605 5555 Herma:
3640 5486 3745 5591 nihil

2238 5617 2378 5671 opus
2424 5609 2508 5655 est
2562 5598 2889 5668 diremptam
2920 5598 3035 5666 jam
3083 5597 3179 5651 diu
3229 5593 3630 5651 controversiam
3674 5583 3742 5637 hic

2238 5696 2414 5748 denuo
2440 5693 2726 5748 suscitare.
2761 5690 3023 5746 Eumdem
3054 5705 3163 5743 non
3201 5704 3321 5744 esse.
3369 5688 3425 5742 S.
3456 5686 3669 5740 llermam
3696 5681 3738 5727 el

2239 5784 2743 5861 huncjlermetem,
2773 5784 3045 5855 ostendit,
3080 5788 3140 5839 ut
3184 5782 3391 5850 monui,
3437 5772 3734 5836 Bellarminus
