4002 6308
252 285 397 341 10ιῖ

1210 292 1310 348 SS.
1351 292 1818 349 PUDENTIANIE
1858 294 1947 349 ET
1987 294 2333 359 PRAXEDIS
2378 297 2587 354 ACTA.

3380 304 3520 364 M18

250 406 462 476 aliique
487 415 613 476 post
641 400 970 479 illum,qu'os
1000 410 1141 465 inter
1168 412 1647 493 consulipossunt
1674 413 1837 470 Tille-
1866 418 1912 479 Α
1942 415 2241 475 Praxedem
2262 462 2277 486 ,
2321 428 2607 485 externos,
2650 426 2710 474 ut
2745 418 3033 489 ponimus,
3090 420 3343 478 homines
3363 466 3377 490 ,
3430 426 3521 479 in-

249 496 499 551 montius
531 507 662 551 tom.
690 496 733 549 ll
767 496 1002 554 Monum.
1044 501 1253 565 eccles.,
1284 517 1410 572 pag.
1433 500 1833 570 521;Nicolaus

252 599 306 647 le
338 591 555 666 Nouriy
598 594 654 650 in
694 596 969 666 Apparatu
1010 598 1077 650 ad
1111 598 1490 651 Bibliothecam
1536 596 1826 649 maximam

246 695 479 741 veterum
508 684 755 756 Patrum,
792 689 1007 747 dissert.
1034 692 1086 758 4,
1111 700 1214 745 art.
1239 692 1305 757 2;
1332 690 1656 744 Ambrosius
1690 685 1826 741 Gar-

244 778 452 833 debosc
500 779 554 833 in
605 780 849 835 historia:
896 782 1280 839 ecclesiastica:
1334 781 1566 855 Synopsi
1612 789 1745 836 tom.
1781 782 1821 847 Ι,

241 872 389 932 part.
420 879 475 929 v,
512 864 607 919 lib.
637 880 718 932 Ill,
753 866 975 921 dissert.
1012 868 1062 931 1,
1096 878 1288 938 quaest.
1322 871 1372 925 l.

315 976 369 1034 9.
402 976 556 1043 Quod
594 979 660 1034 ad
691 980 829 1035 Acta
882 981 1118 1051 pertinet
1154 980 1214 1038 S.
1251 983 1515 1051 Pastoris,
1549 985 1684 1041 nihil
1722 986 1822 1041 ad-

238 1072 467 1127 modum
500 1074 635 1128 certi
668 1085 940 1143 superest.
969 1076 1334 1132 Continentnr
1367 1094 1430 1133 ea
1463 1080 1735 1150 praecipue
1767 1082 1821 1137 in

233 1162 392 1223 Actis
444 1162 544 1218 SS.
592 1163 943 1221 Pudentianie
974 1176 1028 1221 et
1054 1167 1354 1231 Praxedis,
1400 1168 1566 1224 infra.
1606 1171 1822 1241 Scripta

234 1265 370 1310 sunt
394 1255 565 1325 ipsius
597 1253 843 1311 Pastoris
870 1258 1093 1313 nomine
1120 1257 1409 1328 (Pastoris,
1438 1260 1684 1329 inquam,
1711 1276 1819 1315 non

232 1345 451 1402 Hermae
477 1346 744 1415 Pastoris,
774 1357 836 1404 ut
866 1349 1026 1404 habet
1061 1348 1329 1406 Baronius
1355 1366 1447 1405 an.
1486 1352 1613 1418 159,
1645 1367 1701 1406 n.
1728 1351 1815 1420 8);

229 1453 415 1509 neque
453 1454 585 1494 sane
632 1441 871 1496 recentia
896 1450 1077 1509 sunt;
1105 1443 1325 1513 quando
1357 1453 1411 1498 et
1452 1443 1505 1497 in
1537 1431 1819 1501 codicibus

227 1546 368 1586 mss.
402 1532 776 1602 perantiquis,
832 1534 1011 1604 iisque
1058 1534 1196 1589 bene
1252 1535 1474 1603 multis,
1526 1536 1814 1607 leguntur;

224 1625 344 1680 imo
381 1626 496 1696 jam
546 1626 685 1681 lecta
720 1636 848 1681 sunt
876 1629 1005 1683 olim
1063 1629 1264 1685 saeculo
1306 1645 1453 1685 nono
1483 1631 1551 1686 ab
1606 1631 1814 1698 Adone,

224 1729 291 1774 ut
321 1722 376 1774 in
413 1720 532 1790 ejus
580 1718 971 1793 Martyrologio
992 1722 1175 1778 videre
1204 1732 1289 1779 est
1318 1723 1406 1778 die
1431 1738 1522 1777 xtx
1562 1722 1707 1790 Maii,
1739 1740 1812 1779 xx

1935 514 2192 569 consulto
2222 530 2287 570 ac
2337 515 2616 585 praeterito
2663 514 2833 570 fratre
2887 514 3193 572 Timotheo.
3241 515 3350 574 Res
3395 534 3519 576 esse

1925 614 2147 676 poterat
2176 608 2417 662 obnoxia
2442 607 2881 675 difﬁcultatibus,
2906 609 3012 665 nisi
3050 625 3175 664 cum
3211 610 3354 666 bona
3402 612 3515 668 fra-

1931 698 2031 753 tris
2071 698 2243 769 gratia
2274 709 2595 756 cerneretur
2639 700 2967 755 haereditas:
3019 702 3186 772 hujus
3224 702 3391 773 igitur
3424 719 3515 761 as—

1930 805 2097 847 sensu
2130 791 2437 847 hatredibus
2466 806 2605 862 Opus
2637 801 2775 848 erat.
2817 793 2966 847 Cedo
2995 808 3146 865 ergo,
3194 812 3305 865 quo
3352 811 3520 866 pacto

1929 878 1977 934 is
2003 894 2069 935 ex
2104 880 2393 938 Timotheo
2415 924 2430 945 ,
2460 883 2553 953 qui
2605 884 2888 955 presbyter
2917 894 3035 940 erat
3065 894 3120 940 et
3167 887 3249 941 vir
3277 882 3516 944 sanctis-

1929 975 2140 1041 simus,
2174 975 2399 1030 extundi
2455 974 2655 1031 fortius
2681 986 2935 1046 poterat,
2969 993 3137 1047 quam
3190 980 3235 1035 si
3290 983 3426 1038 tales
3460 985 3512 1040 ei

1927 1066 2224 1134 natalibus,
2259 1067 2395 1131 vita,
2430 1068 2756 1133 virtutibus,
2814 1068 3091 1138 rebusque
3119 1071 3286 1140 gestis
3315 1073 3517 1144 depin-

1926 1166 2179 1226 gerentur
2210 1158 2473 1228 heredes,
2507 1170 2565 1213 ut
2602 1174 2829 1229 prorsus
2864 1160 3207 1231 intelligeret,
3244 1164 3515 1235 quidquid

1925 1248 1993 1303 iis
2027 1249 2274 1306 relictum
2297 1262 2462 1316 esset,
2497 1252 2549 1306 id
2578 1253 2648 1307 ita
2682 1254 3011 1310 collocatum
3036 1256 3206 1311 videri
3235 1268 3507 1326 Oportere,

1923 1342 2082 1409 quasi
2130 1342 2184 1396 in
2237 1342 2412 1413 ipsius
2448 1344 2575 1412 Dei,
2622 1356 2679 1401 ut
2721 1346 2798 1402 ita
2850 1348 3087 1419 loquar,
3122 1350 3206 1403 vel
3252 1350 3510 1409 Ecclesia:

1923 1449 2122 1489 manus
2156 1436 2543 1507 consignatum
2588 1440 2777 1495 esset?
2811 1439 2926 1496 Hoc
2965 1457 3096 1512 ergo
3130 1442 3242 1511 agit
3291 1441 3506 1509 Pastor,

1922 1537 2050 1577 cum
2089 1521 2147 1576 S.
2182 1522 2446 1581 Praxedis
2474 1536 2623 1598 gesta
2653 1527 2710 1582 S.
2745 1527 3035 1584 Timotheo
3065 1532 3341 1599 explicat,
3380 1541 3506 1585 tan-

1920 1624 2089 1686 toque
2121 1617 2176 1672 id
2213 1618 2327 1690 agit
2371 1620 2439 1675 ad
2492 1636 2606 1676 rem
2663 1637 2817 1677 suam
2852 1626 3214 1694 Opportunius
3240 1665 3255 1685 .
3300 1636 3511 1696 quanto

1919 1710 2225 1778 copiosius.
2279 1710 2355 1766 De
2404 1727 2462 1768 se
2515 1713 2663 1768 enim
2724 1714 2909 1770 dicere
2965 1716 3102 1769 nihil
3155 1717 3370 1783 debuit,
3409 1718 3505 1787 qui

220 1810 399 1877 Junii,
433 1828 524 1867 χχι
558 1811 689 1868 Julii
714 1813 767 1867 in
795 1813 987 1884 elogiis
1018 1814 1075 1868 s.
1124 1813 1496 1880 Pudentianaz,
1535 1815 1591 1872 s.
1619 1815 1810 1870 Novati
1844 1796 1886 1851 Β
1921 1800 2209 1857 Timotheo
2242 1804 2447 1859 dudum
2482 1815 2629 1860 esset
2668 1808 2989 1864 notissimus
3017 1827 3031 1875 ;
3062 1826 3377 1880 quanquam
3408 1827 3505 1865 nc-

219 1915 280 1961 et
324 1904 383 1960 S.
421 1904 708 1961 Praxedis.
760 1906 1031 1961 Caeterum
1069 1907 1281 1963 sincera
1316 1924 1547 1977 prorsus
1589 1924 1653 1961 ea
1698 1922 1808 1963 non

219 2014 370 2065 esse,
402 1998 496 2053 sed
528 1998 619 2053 hic
649 1999 760 2053 illic
808 2000 1157 2069 interpolata,
1202 2001 1349 2057 ultro
1380 2016 1482 2055 nos
1522 2002 1625 2071 ipsi
1663 2002 1806 2058 haud

217 2093 455 2147 obscure
482 2090 537 2144 in
568 2090 983 2147 Commentario
1018 2095 1242 2163 przevio,
1270 2105 1324 2149 et
1360 2094 1633 2149 adnotatis
1676 2110 1807 2148 con-

216 2185 352 2242 fessi
383 2201 613 2254 sumus;
647 2196 703 2241 at
734 2188 885 2241 omni
908 2188 1137 2241 omnino
1164 2188 1268 2244 fide
1309 2189 1530 2258 indigna
1563 2188 1802 2258 reputari

213 2280 456 2346 debere,
518 2280 763 2334 nondum
832 2280 992 2336 nobis
1090 2281 1362 2350 persuasit
1422 2280 1804 2337 Tillemontius

215 2377 359 2426 tum.
386 2367 449 2436 ll,
480 2379 607 2425 nota
639 2371 673 2425 5
710 2370 764 2425 in
803 2370 859 2426 S.
887 2370 1046 2426 Pium
1076 2388 1271 2443 papam
1304 2384 1407 2429 :ut
1442 2376 1586 2431 enim
1616 2376 1803 2433 minu-

209 2464 325 2520 tias
353 2473 687 2533 praeteream,
712 2481 851 2535 quas
875 2465 946 2519 ibi
977 2467 1237 2536 congerit,
1263 2477 1322 2523 ut
1350 2484 1513 2525 voces
1536 2469 1800 2527 Actorum

209 2558 434 2627 aliquas
460 2567 512 2612 et
535 2558 763 2626 phrases
788 2567 996 2628 carpat,
1027 2566 1285 2630 tanquam
1319 2563 1518 2617 saeculo
1558 2565 1800 2619 secundo

206 2666 320 2704 non
370 2651 640 2717 usitatas,
698 2651 783 2705 vel
817 2653 1091 2720 tempori,
1145 2670 1255 2723 quo
1304 2656 1507 2725 scripta
1543 2655 1797 2714 feruntur

203 2742 343 2796 Acta
367 2783 384 2807 ,
438 2759 788 2814 nequaquam
821 2748 1263 2804 accommodatas
1288 2750 1445 2818 (nam
1489 2753 1619 2821 quid
1654 2755 1795 2822 illa),

205 2835 428 2891 tametsi
457 2837 792 2892 adulterinas
816 2852 1009 2892 omnes
1038 2854 1159 2894 esse
1194 2838 1597 2897 demonstraret
1627 2843 1794 2900 Tille-

202 2928 473 2994 montius,
492 2928 636 2997 quod
668 2944 775 2983 non
806 2928 957 2993 facit,
984 2928 1246 2989 Actorum
1272 2933 1594 2989 substantiae
1618 2951 1793 3005 usque

203 3019 345 3075 adeo
373 3018 922 3091 incommodarent)?
956 3031 1017 3076 ut
1062 3022 1207 3087 illas,
1234 3023 1484 3094 inquam,
1520 3029 1789 3094 omittam,

1912 1910 2020 1965 que
2053 1896 2119 1950 de
2146 1911 2225 1963 se,
2265 1898 2443 1968 quoad
2474 1897 2680 1953 ferebat
2708 1900 2995 1965 modestia,
3031 1902 3219 1957 tacuit.

1984 1988 2071 2041 il.
2122 1986 2350 2043 Leviora
2406 1999 2535 2044 sunt
2579 2006 2702 2060 quae
2752 1992 2976 2061 subjicit
3028 1991 3410 2048 Tillemontius
3442 2002 3497 2048 ct

1910 2080 1965 2135 in
1990 2081 2237 2136 eamdem
2270 2083 2548 2153 intorquet
2571 2083 2858 2153 epistolam
2889 2104 2901 2139 :
2929 2083 3115 2156 Neque
3147 2085 3272 2149 hoc,
3299 2085 3495 2156 inquit,

1909 2173 2086 2238 video,
2124 2191 2225 2229 cur
2254 2174 2453 2231 Pastor
2485 2175 2778 2232 Timotheo
2807 2188 2993 2233 narret
3018 2194 3107 2233 res
3133 2188 3258 2233 ante
3289 2194 3493 2233 annum

1906 2267 2212 2336 pratteritas
2256 2284 2365 2322 non
2423 2269 2604 2324 solum
2649 2269 2716 2324 de
2750 2269 2808 2323 S.
2860 2270 3104 2326 Pudente
3150 2280 3205 2327 et
3264 2280 3498 2341 utraque

1906 2358 2027 2430 ejus
2060 2344 2167 2416 tilia
2205 2361 2302 2432 (de
2335 2377 2443 2431 qua
2486 2376 2544 2417 re
2569 2361 2685 2431 jam
2733 2365 2894 2430 satis,
2926 2364 3148 2433 Opinor,
3185 2364 3493 2433 diximus);

1904 2455 1999 2510 sed
2030 2456 2194 2509 etiam
2233 2456 2299 2509 de
2354 2455 2521 2510 fratre
2562 2456 2681 2525 ejus
2715 2454 2967 2511 Novato:
3015 2474 3141 2511 nam
3193 2458 3239 2512 si
3292 2459 3377 2513 vel
3434 2459 3490 2513 in

1903 2548 2167 2602 extremis
2202 2548 2416 2618 imperii
2454 2547 2656 2604 ﬁnibus
2684 2552 2887 2617 egisset
2920 2547 3262 2613 Timotheus,
3295 2566 3363 2605 an
3399 2565 3493 2619 per

1903 2655 2111 2694 annum
2152 2649 2328 2694 totum
2354 2642 2490 2695 nihil
2512 2642 2579 2695 de
2615 2640 2822 2695 familia
2848 2641 3199 2697 rescivissct?
3232 2640 3489 2711 Respon-

1900 2732 2024 2800 deo,
2051 2733 2102 2787 id
2143 2748 2331 2788 rarum
2376 2748 2483 2787 non
2518 2749 2661 2797 esse,
2711 2742 2771 2787 ut
2812 2732 3044 2793 fratres,
3073 2732 3238 2785 etiam
3290 2747 3485 2801 parum

1900 2824 2043 2879 inter
2073 2839 2133 2879 se
2162 2823 2497 2879 habitatione
2531 2824 2815 2888 distantes,
2837 2821 3151 2891 afrequenti
3180 2822 3485 2875 litterarum

1898 2915 2231 2970 commercio
2247 2916 2410 2970 alieni
2429 2916 2558 2970 sint.
2572 2916 2951 2970 Concedamus
2967 2914 3051 2967 his
3076 2924 3255 2967 tamen
3276 2911 3486 2983 aliquid

1897 3005 2247 3062 Tillemontio
2276 3025 2289 3061 :
2330 3007 2550 3062 sciverit
2581 3008 2664 3062 vel
2690 3023 2757 3062 ex
2788 3006 3008 3073 Novati,
3040 3006 3120 3059 vel
3154 3023 3221 3061 ex
3247 3006 3482 3062 aliorum

202 3120 528 3182 argumenta
559 3113 679 3182 ejus
720 3114 1030 3183 praecipua,
1086 3123 1141 3169 οι
1191 3115 1247 3170 in
1303 3126 1472 3171 ιοιεηη
1525 3119 1786 3175 Actorum
1817 3137 1860 3195 Ο
1898 3097 2696 3169 litterisTimotheuspleraque
2717 3096 3477 3195 omnia,qumfrater‘egisset.

202 3204 423 3259 illorum
462 3202 723 3259 fabricam
761 3204 1029 3274 fidemque
1057 3206 1283 3273 directa,
1330 3207 1383 3261 id
1420 3224 1788 3280 nequaquam,

200 3293 353 3364 quod
400 3295 605 3363 jactat,
660 3296 935 3350 evincunt.
967 3295 1124 3362 Quod
1167 3304 1225 3349 ut
1262 3296 1561 3366 perspicias
1591 3342 1606 3363 ,
1653 3300 1787 3355 Acta

198 3384 320 3453 ipsa
350 3384 576 3439 consule
616 3403 630 3439 :
681 3384 925 3439 invenies
952 3425 966 3450 ,
1017 3400 1080 3439 ea
1117 3383 1231 3439 fere
1272 3386 1544 3440 contineri
1575 3387 1788 3445 duabus

197 3476 473 3545 epistolis,
492 3492 724 3546 quarum
756 3476 905 3545 prior
928 3485 1011 3531 est
1031 3475 1278 3530 Pastoris
1308 3476 1376 3534 ad
1411 3476 1780 3548 Timetheum,

197 3569 371 3624 altera
399 3568 672 3623 Timothei
701 3568 766 3623 ad
785 3568 1084 3623 Pastorem.
1112 3566 1412 3637 Utramque
1442 3571 1781 3639 suppositam

198 3661 520 3721 auctoribus
553 3661 853 3731 inscriptis,
887 3661 997 3716 imo
1025 3676 1153 3716 vero
1189 3662 1425 3732 ineptam
1462 3677 1604 3729 esse,
1643 3679 1780 3720 con-

196 3755 377 3809 tendit
407 3754 781 3808 adversarius.
1394 3822 1397 3825 _

269 3846 358 3900 10.
396 3846 639 3900 Priorem
691 3846 795 3902 hoc
844 3846 1114 3917 imprimis
1145 3846 1249 3900 telo
1300 3846 1543 3901 subverti
1596 3858 1773 3918 putat,

193 3938 345 4008 quod
374 3954 404 3992 a
431 3952 597 4007 scopo
626 3937 1013 4008 propositoque
1035 3936 1280 3997 Pastoris
1311 3946 1425 3991 toto
1456 3939 1595 3995 cado
1621 3940 1777 3994 ablu-

192 4030 324 4085 dat:
371 4026 721 4083 Christianus
750 4028 931 4092 enim,
984 4026 1197 4097 inquit,
1246 4029 1469 4099 quidam
1520 4031 1772 4098 obierat,

189 4120 439 4176 Novatus
496 4121 718 4175 nomine
745 4163 759 4187 ,
796 4121 890 4190 qui
944 4121 1234 4177 facultates
1281 4138 1409 4178 suas
1454 4125 1617 4193 paulo
1648 4133 1773 4180 ante

189 4215 547 4271 commiserat
578 4212 790 4268 Pastori
838 4222 1060 4280 nostro,
1087 4222 1142 4267 et
1185 4214 1383 4283 virgini
1416 4212 1644 4271 Praxedi
1664 4258 1681 4280 ,
1713 4233 1774 4274 se

192 4318 417 4364 mortuo
442 4306 861 4376 dispensandas.
899 4305 1103 4360 Scribit
1133 4305 1186 4361 id
1222 4304 1540 4372 Timotheo,
1576 4308 1772 4366 Novati

186 4399 437 4456 defuncti
483 4414 763 4470 germano,
796 4398 1021 4467 Pastor;
1054 4416 1290 4471 eumque
1319 4403 1593 4469 consulit,
1634 4404 1764 4474 quid

1896 3196 2092 3249 Annon
2172 3209 2315 3263 sape
2346 3195 2537 3248 eadem
2581 3193 2823 3247 nuntiari
2869 3201 3099 3261 possunt
3133 3206 3164 3245 a
3206 3192 3485 3246 diversis?

1893 3288 2091 3345 Annon
2173 3288 2265 3343 hic
2309 3287 2623 3357 justissima
2665 3285 2877 3341 Pastori
2928 3301 3093 3341 causa
3128 3294 3246 3339 erat
3288 3301 3483 3339 eorum

1892 3382 2084 3435 saltem
2135 3380 2431 3435 refricandi
2468 3380 2819 3443 memoriam,
2858 3395 2981 3449 qua:
3032 3377 3299 3433 Novatum
3337 3378 3479 3432 inter

1889 3484 1945 3528 et
1975 3472 2275 3528 Praxedem
2328 3477 2793 3537 intercesserant,
2831 3473 2973 3527 unde
3006 3472 3243 3527 disceret
3290 3470 3477 3526 Timo-

1889 3566 2089 3631 theus,
2129 3566 2451 3619 munificum
2503 3566 2692 3620 fratris
2750 3567 2803 3618 in
2856 3566 3003 3618 illam
3063 3566 3307 3618 animum
3362 3580 3475 3621 non

1886 3660 2105 3714 aliunde
2138 3659 2438 3721 exstitisse,
2469 3674 2632 3727 quam
2669 3674 2733 3712 ex
2768 3658 3135 3712 sanctissimis
3156 3656 3355 3711 officiis
3386 3656 3476 3709 di-

1882 3753 2136 3821 vinisque
2182 3752 2537 3806 rationibus?
2573 3751 2727 3816 Quod
2775 3750 2927 3804 addit
2960 3751 3329 3811 adversarius,
3364 3749 3469 3802 mi-

1882 3860 2005 3899 rum
2035 3844 2231 3910 videri,
2278 3844 2485 3898 nullam
2526 3844 2652 3897 huic
2704 3844 2947 3913 epistola:
2980 3845 3234 3913 praemitti
3268 3842 3468 3897 urbani

1880 3951 1946 3992 ae
1979 3936 2220 3991 liberalis
2264 3935 2432 3991 ofﬁcii
2474 3936 2933 4007 significationem
2962 3978 2977 4003 ,
3013 3938 3223 3990 nullum
3273 3936 3466 4004 prolo-

1879 4045 2031 4103 gum,
2072 4029 2169 4085 sed
2200 4029 2268 4083 ab
2304 4028 2439 4099 ipsis
2466 4029 2651 4083 statim
2687 4030 2852 4084 rebus
2901 4029 3071 4083 ordiri
3105 4042 3418 4082 sermonem
3447 4046 3461 4093 ;

1879 4123 1931 4179 id
1980 4140 2111 4179 vero
2165 4137 2235 4178 ne
2285 4122 2619 4178 refutatione
2652 4122 2873 4204 quidem
2930 4121 3157 4191 dignum
3214 4130 3460 4191 apparet.

1874 4216 2149 4272 Nimirum
2178 4232 2242 4272 ea
2269 4215 2517 4288 queritur
2560 4216 2784 4282 abesse,
2817 4229 2940 4285 qua:
2970 4226 3199 4284 parerga
3235 4228 3463 4283 prorsus

1876 4311 2117 4368 fuissent
2142 4329 2157 4379 ;
2193 4326 2255 4365 ea
2292 4324 2423 4364 vero
2450 4309 2731 4364 abundare
2758 4308 3055 4372 contendit,
3081 4322 3201 4375 qua:
3225 4306 3292 4359 ad
3319 4322 3457 4371 rem,

1876 4422 2041 4475 quam
2098 4406 2292 4476 agebat
2350 4404 2564 4468 Pastor,
2616 4403 2779 4456 unice
2812 4401 3041 4456 faciunt.
3096 4398 3320 4454 Urbana
3373 4407 3460 4453 est

183 4496 257 4551 de
307 4496 467 4552 bonis
522 4496 729 4549 relictis
777 4494 1088 4551 faciendum
1140 4506 1379 4552 censeat.
1440 4496 1573 4553 Esto
1615 4514 1764 4553 sane.
1800 4510 1845 4566 Ι)
1874 4499 1991 4553 haec
2022 4508 2075 4552 et
2104 4498 2384 4553 sufﬁciens
2427 4498 2481 4551 in
2516 4496 2743 4567 epistola
2776 4494 2925 4564 gravi
2960 4491 3244 4563 prwfatio:
3302 4511 3321 4544 ι
3353 4490 3461 4547 Pa-

185 4586 336 4655 Quid
367 4597 481 4642 tum
512 4597 700 4657 postea
725 4588 748 4641 ?
771 4586 883 4642 lloc
906 4597 1111 4657 autem,
1142 4588 1338 4659 inquit,
1362 4591 1528 4645 verbo
1555 4600 1767 4645 tantum

1878 4599 1991 4647 stor
2012 4590 2293 4661 presbyter
2309 4588 2597 4644 Timotheo
2626 4588 2940 4659 presbytero
2960 4586 3212 4641 salutem.
3237 4604 3255 4636 ι
3279 4584 3455 4654 Atque

179 4698 300 4742 uno
338 4682 577 4751 postulat
625 4680 854 4749 Pastor,
914 4681 1077 4752 idque
1122 4682 1178 4737 in
1234 4683 1449 4739 duobus
1510 4685 1773 4740 extremis
1874 4683 1991 4738 hare
2044 4691 2210 4750 sunt,
2271 4682 2471 4752 quibus
2504 4680 2749 4735 Pastoris
2794 4677 3086 4749 epistolam
3152 4678 3451 4732 universim

180 4776 436 4851 cpistola)
460 4774 593 4830 satis
618 4775 793 4845 longae
816 4775 1135 4843 versiculis;
1187 4776 1396 4846 reliqua
1426 4791 1555 4831 vera
1579 4778 1763 4831 omnia

177 4884 294 4921 non
356 4881 422 4920 eo
468 4867 645 4922 solum
702 4867 966 4933 tendunt,
1010 4876 1073 4922 ut
1118 4870 1371 4922 morbum
1418 4882 1483 4924 ac
1530 4877 1762 4924 mortem

178 4960 457 5030 explicent
486 4958 681 5015 Novati
710 4960 799 5027 (id
837 4959 985 5030 quod
1021 4961 1220 5015 rationi
1250 4976 1558 5016 consonum
1586 4961 1760 5017 videri

1874 4776 2084 4847 impetit
2114 4787 2311 4832 acutus
2337 4777 2427 4831 hic
2462 4789 2677 4830 censor.

1941 4869 2026 4923 12.
2055 4868 2293 4923 Alteram
2319 4866 2627 4937 epistolam,
2652 4880 2774 4934 qua:
2792 4862 3061 4917 Timothei
3088 4872 3191 4928 est,
3220 4862 3306 4917 his
3329 4871 3448 4915 tan-

1869 4970 1983 5019 tum
2012 4961 2191 5016 verbis
2236 4958 2547 5033 aggreditur
2586 4977 2600 5012 :
2643 4977 2663 5009 ι
2705 4957 2943 5025 Litterae,
2990 4956 3190 5027 quibus
3227 4954 3445 5012 Pastori

176 5052 465 5123 poterat);
511 5049 606 5108 sed
652 5050 818 5105 etiam
871 5066 958 5115 eo,
1006 5059 1069 5105 ut
1105 5050 1160 5105 in
1196 5053 1435 5107 medium
1485 5052 1764 5122 proferant
1864 5052 2151 5123 respondit.
2173 5050 2664 5115 Timotheus,nihil
2684 5050 3054 5105 etiameorum
3079 5049 3296 5113 habent,
3320 5062 3447 5117 qua

176 5140 446 5212 quidquid
480 5151 603 5211 post
633 5142 846 5197 obitum
879 5140 980 5196 SS.
1019 5140 1374 5197 Pudentianae
1415 5151 1469 5196 et
1498 5141 1760 5199 Pudentis

175 5232 453 5289 Psaxedes
493 5250 521 5288 a
566 5234 790 5289 biennio
824 5242 1086 5305 gesserat.
1117 5233 1259 5300 Quid
1292 5235 1407 5290 hate
1455 5236 1522 5290 ad
1568 5234 1757 5291 Timo-

176 5326 560 5397 theum;quid
601 5326 668 5381 ad
715 5326 925 5382 litteras
970 5327 1305 5396 attinebant,
1350 5329 1550 5400 quibus
1589 5330 1759 5383 frater

176 5418 245 5474 de
272 5418 460 5474 fratris
486 5420 637 5474 obitu
666 5420 949 5479 docendus
975 5420 1131 5475 erat?
1159 5418 1235 5475 Ita
1266 5422 1379 5477 ille.
1406 5421 1754 5492 Respondeo,

177 5510 461 5579 aptissima
492 5511 623 5565 mihi
648 5511 820 5567 videri
863 5512 930 5567 ad
974 5526 1088 5567 rem
1130 5521 1452 5583 praesentem
1496 5528 1755 5582 quincun-

1868 5144 1993 5215 quis
2023 5143 2101 5197 illi
2126 5142 2353 5205 diceret,
2387 5156 2417 5195 a
2450 5156 2559 5211 quo
2594 5142 2698 5195 sibi
2731 5142 2797 5195 de
2833 5140 3017 5199 fratris
3049 5141 3197 5195 obitu
3231 5156 3438 5193 renun-

1864 5236 2056 5289 tiatum
2082 5243 2246 5288 esset.
2278 5252 2297 5284 ι
2322 5230 2573 5303 Requirit
2596 5232 2702 5299 hic,
2728 5232 2942 5302 opinor,
2968 5232 3202 5289 lamenta
3228 5229 3439 5298 fratris,

1864 5335 1959 5381 aut
1982 5326 2187 5396 aliquid
2212 5334 2357 5381 certe
2376 5326 2665 5395 ejusmodi.
2687 5324 2791 5380 Sed
2812 5340 3018 5394 qurere,
3035 5324 3179 5378 unde
3199 5333 3434 5391 constet,

1860 5418 1976 5474 haec
1992 5435 2023 5473 a
2039 5418 2326 5474 Timotheo
2349 5419 2403 5473 in
2426 5418 2615 5474 eadem
2637 5420 2865 5488 epistola
2885 5434 2991 5472 non
3012 5416 3184 5471 fuisse
3208 5417 3431 5486 scripta,

1860 5516 2081 5569 tametsi
2114 5515 2479 5586 praetermissa
2510 5514 2595 5568 hic
2636 5514 2741 5568 sint
2776 5529 2807 5567 a
2856 5511 3100 5577 Pastore,
3148 5527 3210 5566 ac
3247 5511 3435 5567 studio

176 5617 283 5671 que
304 5604 372 5658 de
398 5603 456 5658 S.
475 5603 718 5660 Praxede
735 5606 1025 5663 Timotheo
1046 5616 1233 5661 narrat
1257 5605 1482 5673 Pastor;
1514 5607 1748 5677 ineptam
1852 5606 2037 5675 potius
2066 5608 2325 5673 rescissa,
2345 5606 2492 5676 quod
2517 5606 2585 5660 ad
2617 5605 2905 5660 historiam
2946 5604 3047 5659 SS.
3074 5604 3436 5661 Pudentianat

176 5704 328 5756 vero,
365 5706 488 5761 qua!
529 5693 598 5749 iis
640 5695 932 5766 objicitur,
977 5690 1310 5750 Tillemontii
1351 5696 1562 5751 crisim.
1608 5692 1746 5762 Quid

177 5784 370 5842 enim?
411 5784 662 5846 llaeredes
712 5786 954 5847 Novatus
1004 5786 1288 5847 Pastorem
1357 5792 1651 5861 seripserat
1693 5797 1747 5847 et

1849 5709 1905 5752 et
1952 5695 2213 5755 Praxedis
2258 5699 2394 5753 nihil
2441 5696 2739 5769 quidquam
2784 5697 3135 5752 conferrent?
3182 5698 3239 5753 Id
3280 5700 3427 5770 quod

1853 5788 2017 5848 etiam
2064 5790 2118 5847 in
2150 5790 2317 5863 priori
2364 5791 2591 5863 cpistola
2646 5790 2760 5847 fieri
2798 5805 2865 5847 ex
2906 5790 3171 5848 industria
3223 5792 3425 5865 potuit.
