4030 6316
239 322 374 377 1021

1195 323 1294 380 SS.
1327 323 1790 382 PUDENTIANAE
1821 323 1912 380 ET
1960 325 2304 384 PRAXEDIS
2339 323 2542 385 ACTA.

3335 331 3481 390 102%

239 439 509 492 stoloru-m
529 436 751 510 (cultor)
784 444 837 493 ct
862 444 1149 508 susceptor
1164 441 1572 508 peregrinorum
1592 456 1808 497 summo
1835 443 1882 498 Α
1910 441 2036 496 tatis
2068 445 2432 500 manumissio
2462 445 2734 501 celebrata
2765 458 2866 503 est.
2899 448 2979 504 Ad
3009 449 3150 505 diem
3195 466 3325 506 vero
3355 467 3480 507 san-

240 529 427 584 studio
453 529 573 584 fuit.
597 530 700 596 Qui
730 541 854 601 post
881 540 1112 584 mortem
1130 531 1384 601 conjugis
1401 547 1510 587 sum
1539 533 1813 589 Savinillae

237 631 297 677 et
314 631 618 692 parentum,
636 623 686 677 id
710 633 792 679 est
809 623 980 694 patris
1005 623 1192 679 Punici
1239 632 1292 678 et
1314 626 1505 679 matris
1530 624 1808 692 Priscillte,

239 713 340 783 qui
356 729 482 768 eum
508 714 663 768 uxori
680 715 994 785 junxerant,
1017 715 1205 769 mundi
1229 714 1482 770 facultate
1503 725 1811 786 contempta

239 807 302 859 in
320 806 574 863 omnibus
609 806 822 862 Domini
847 808 1127 877 praeceptis
1160 807 1401 862 eruditus
1423 817 1524 864 est.
1552 807 1812 862 Defuncta

243 907 430 952 autem
471 912 608 951 uxor
638 897 934 967 reliquerat
980 898 1031 953 ei
1074 898 1209 952 duas
1241 896 1718 967 lilias,Praxedem
1760 905 1814 952 et

241 988 644 1057 Potentiauam,
690 965 828 1060 quas
879 990 1019 1045 idem
1050 990 1264 1046 Pudens
1296 991 1349 1045 in
1392 965 1538 1046 omhi
1566 989 1812 1045 castitate

241 1081 495 1148 nutrivit,
521 1091 574 1136 et
606 1082 777 1137 nimio
799 1083 1230 1138 Christianitatis
1254 1097 1465 1152 amore,
1495 1097 1712 1137 omnem
1743 1081 1814 1137 le-

243 1185 368 1239 gem
398 1170 636 1226 divinam
661 1172 898 1228 edocuit.
934 1172 1033 1229 Hic
1078 1175 1260 1246 itaque
1291 1190 1321 1229 a
1350 1173 1409 1228 Β.
1444 1173 1541 1229 Pio
1569 1173 1684 1245 (9‘2)
1717 1173 1813 1227 do-

238 1271 392 1325 ctus,
439 1263 531 1332 qui
563 1273 617 1319 et
658 1272 710 1318 te
742 1265 948 1333 docuit,
993 1265 1217 1320 domum
1247 1281 1402 1321 suam
1429 1273 1551 1338 post
1579 1272 1812 1319 mortem

240 1355 436 1410 uxoris
479 1370 593 1410 suae
620 1355 906 1413 ecclesiam
950 1356 1154 1413 Christi
1199 1359 1510 1413 consecrari
1563 1359 1808 1429 cupiens,

238 1461 344 1516 per
368 1462 469 1503 nos
494 1457 806 1518 peccatores
835 1450 901 1505 ad
927 1450 1178 1528 effectum
1209 1451 1490 1521 perduxit;
1517 1453 1609 1507 ubi
1639 1461 1694 1508 et
1746 1453 1814 1506 ti-

239 1537 423 1592 tulum
453 1539 660 1595 nomini
684 1550 870 1596 nostro
900 1542 1184 1598 constituit
1212 1544 1266 1597 in
1298 1545 1434 1599 urbe
1467 1542 1738 1613 Romana,
1758 1546 1814 1600 in

239 1632 369 1687 loco
409 1633 616 1689 scilicet
645 1635 738 1704 qui
771 1636 1076 1706 appellatur
1107 1637 1274 1692 Vicus
1324 1636 1567 1692 Patricii.
1603 1638 1678 1692 De
1708 1639 1812 1695 hoc

238 1740 376 1796 ergo
403 1725 644 1784 Pudente
663 1737 850 1784 notum
884 1731 977 1785 tibi
1010 1730 1151 1786 facio
1179 1733 1308 1802 quia
1337 1731 1587 1801 migravit
1611 1733 1678 1787 ad
1696 1747 1815 1787 om-

239 1818 398 1871 nium
421 1816 732 1884 Dominum,
751 1830 806 1875 et
830 1821 1049 1890 reliquit
1079 1823 1362 1892 praedictas
1379 1823 1542 1890 ﬁlias,
1566 1827 1814 1882 castitate

239 1908 433 1976 fultas,
465 1915 722 1982 omnique
753 1912 870 1983 lege
909 1913 1093 1968 divina
1124 1915 1389 1971 eruditas.

313 2000 370 2054 2.
405 1999 579 2056 Porro
617 2001 748 2071 ipsa:
782 2002 954 2058 beatae
989 2002 1250 2073 virgines,
1293 2018 1485 2061 omnes
1523 2005 1815 2062 facultates

238 2108 376 2147 suas
390 2093 705 2161 vendentes,
725 2097 1449 2168 erogaveruntpauperibus;
1465 2112 1529 2152 ac
1550 2098 1667 2155 sine
1689 2099 1814 2156 dolo

239 2183 302 2238 in
341 2183 542 2239 Christi
565 2201 748 2240 amore
775 2194 1156 2255 permanentes
1203 2187 1447 2258 integra},
1495 2188 1549 2242 in
1585 2190 1817 2260 virgini-

241 2275 377 2330 tatis
403 2274 532 2330 ﬁore
554 2277 703 2331 omni
730 2277 890 2331 modo
915 2277 1238 2348 gloriantur,
1265 2279 1317 2332 in
1346 2279 1564 2348 vigiliis,
1591 2280 1815 2350 jejuniis

239 2366 585 2423 orationibus
603 2367 807 2438 jugiter
833 2368 1209 2437 perdurantes.
1226 2368 1283 2422 In
1301 2369 1486 2425 eodem
1512 2386 1641 2427 vero
1668 2372 1812 2440 loco,

239 2457 342 2511 ubi
379 2457 592 2512 titulum
619 2474 739 2514 meo
768 2460 974 2514 nomini
1000 2469 1154 2531 pater
1175 2475 1362 2516 earum
1383 2463 1540 2518 bonze
1561 2464 1815 2520 recorda-

238 2548 410 2604 tionis
433 2548 648 2606 Pudens
677 2551 964 2618 dedicavit,
999 2553 1102 2609 hoc
1127 2555 1418 2609 consilium
1467 2555 1606 2610 inter
1633 2571 1720 2612 me
1760 2567 1816 2613 et

238 2637 474 2695 famulas
501 2639 701 2697 Christi
730 2640 1027 2698 Praxedem
1058 2653 1112 2699 et
1138 2643 1515 2701 Potentianam
1540 2650 1816 2717 convenit,

238 2740 306 2786 ut
350 2731 406 2786 in
455 2731 544 2787 die
572 2743 764 2790 sancto
793 2734 1016 2791 Pascha:
1060 2737 1218 2808 (quia
1249 2738 1597 2808 desiderium,
1623 2756 1813 2803 earum

239 2822 417 2878 nimio
437 2823 560 2880 ﬁdei
583 2841 768 2881 amore
795 2828 1111 2899 urgebatur)
1139 2841 1358 2901 propter
1378 2830 1642 2886 familiam
1660 2849 1811 2890 com-

236 2927 493 2981 munem,
524 2930 645 2986 quae
675 2917 890 2985 gentilis
920 2926 1056 2984 erat,
1091 2919 1144 2974 in
1186 2921 1374 2976 eodem
1410 2923 1569 2977 titulo
1608 2923 1812 2983 fontem

235 3007 501 3077 baptismi
532 3016 853 3066 construere
872 3010 1295 3068 studuissemus.
1326 3013 1502 3085 Super
1546 3031 1655 3086 quo
1674 3032 1809 3073 eon-

1913 541 2062 587 ctum
2090 533 2314 590 Pascha:
2359 537 2618 608 baptizati
2668 549 2795 595 sunt
2849 543 3147 610 promiscui
3186 559 3350 598 sexus
3378 561 3482 599 nu-

1913 642 2065 681 mero
2104 630 2399 699 nonaginta
2428 645 2522 686 sex
2557 651 2570 686 :
2617 641 2673 687 et
2720 649 2845 688 cum
2878 636 3063 690 omnia
3104 646 3486 692 consummata

1915 718 2169 787 fuissent,
2199 721 2378 778 factus
2405 738 2524 779 esse
2554 726 2720 795 coepit
2760 737 3062 784 conventus
3112 729 3167 782 in
3197 729 3387 784 eodem
3417 729 3480 782 ti-

1914 813 2048 879 tulo,
2081 814 2154 868 ita
2181 824 2240 870 ut
2265 815 2460 872 diebus
2485 832 2550 872 ac
2580 818 2835 874 noctibus
2863 836 2968 875 vox
3011 822 3342 891 hymnorum
3371 836 3480 876 non

1913 914 2170 972 cessaret,
2199 914 2253 960 et
2277 907 2572 962 multitudo
2599 923 2936 979 paganorum
2973 912 3040 966 ad
3064 911 3226 966 ﬁdem
3247 926 3449 967 cencur
3468 938 3481 950 -

1914 1005 2076 1063 reret,
2106 1007 2162 1052 ct
2189 1012 2316 1053 cum
2347 999 2498 1055 omni
2528 1001 2728 1070 gaudio
2757 1002 3188 1071 baptizarentur.

1985 1089 2038 1143 5.
2075 1089 2151 1144 De
2178 1106 2287 1159 qua
2324 1106 2384 1146 re
2407 1093 2684 1163 suggestio
2729 1092 2872 1148 facta
2899 1104 2982 1150 est
3004 1095 3281 1153 Antonino
3310 1097 3482 1167 impe-

1914 1181 2102 1236 ratori.
2137 1181 2240 1248 Qui
2271 1183 2579 1239 Antoninus
2614 1182 2895 1252 piissimus
2940 1185 3220 1258 Augustus
3245 1188 3485 1242 auctori-

1915 1280 2024 1326 tate
2045 1287 2145 1326 sua
2170 1271 2444 1342 praecepit,
2471 1283 2532 1326 ut
2561 1272 2876 1341 quicunque
2899 1272 3178 1330 Christum
3208 1275 3490 1340 colerent,

1913 1362 2119 1420 scirent
2147 1362 2392 1418 sufﬁcere
2413 1363 2515 1418 sibi
2540 1363 2594 1418 in
2619 1363 2947 1419 habitaculis
2973 1364 3088 1420 suis
3119 1365 3332 1430 vivere;
3355 1373 3408 1419 et
3429 1373 3486 1420 ut

1915 1451 2063 1506 nulla
2091 1451 2476 1521 conjunctione
2505 1452 2717 1522 reliquo
2752 1453 2952 1523 populo
2977 1453 3356 1523 jungerentur,
3392 1469 3488 1508 nc-

1917 1559 2024 1614 que
2051 1544 2268 1614 publice
2292 1554 2565 1611 emerent,
2597 1561 2699 1602 nec
2725 1546 2780 1600 in
2816 1546 3039 1601 thermis
3067 1545 3300 1615 publicis
3329 1547 3488 1601 babi-

1915 1646 2111 1698 tarcnt,
2141 1636 2234 1692 sed
2277 1646 2485 1692 tantum
2517 1638 2572 1692 in
2607 1638 2866 1693 domibus
2891 1637 3005 1693 suis
3037 1647 3340 1693 manerent.
3375 1637 3489 1694 Hoc

1917 1738 2243 1800 prmecptum
2267 1746 2390 1784 cum
2415 1730 2785 1786 custodiretur
2817 1729 2885 1784 ab
2915 1730 3185 1784 universis
3211 1730 3487 1785 Christia-

1918 1821 2024 1888 nis,
2066 1821 2204 1877 ﬁlias
2229 1833 2445 1879 nostras
2475 1822 2587 1878 Deo
2615 1823 2912 1889 dicatas,et
2930 1823 2984 1876 in
3006 1822 3316 1893 virginitate
3344 1823 3489 1878 bono

1917 1914 2228 1970 testimonio
2250 1915 2619 1980 conﬁrmatas,
2636 1914 2689 1969 in
2717 1915 2881 1970 domo
2918 1930 3016 1970 sua
3046 1915 3100 1969 in
3132 1915 3287 1969 titulo
3313 1931 3485 1984 supra

1915 2003 2062 2059 dicto
2094 2003 2459 2068 orationibus,
2501 2004 2701 2074 vigiliis
2739 2020 2805 2060 ac
2847 2004 3092 2074 jejuniis,
3130 2021 3256 2060 cum
3285 2007 3492 2076 pepulo

1916 2095 2034 2165 Dei,
2059 2097 2152 2167 qui
2199 2113 2294 2167 per
2323 2112 2417 2152 eas
2446 2097 2772 2162 crediderat,
2804 2105 3060 2152 vacantes
3088 2107 3143 2153 et
3194 2098 3248 2150 in
3280 2097 3488 2152 Christi

1915 2189 2170 2245 laudibus
2201 2189 2296 2244 diu
2325 2204 2599 2260 noctuque
2634 2189 2969 2256 insistentes,
3008 2189 3271 2244 habentes
3303 2205 3494 2245 neces-

1917 2283 2064 2340 saria
2119 2282 2477 2348 sufﬁcienter,
2525 2282 2779 2352 plurimis
2822 2282 3016 2338 diebus
3071 2283 3487 2338 custodivimus.

1918 2370 2024 2428 Sed
2054 2382 2110 2428 et
2138 2372 2254 2443 ipse
2297 2372 2650 2428 beatissimus
2691 2371 2823 2428 Pius
2872 2373 3163 2443 episcopus
3209 2374 3494 2430 exsultans

1917 2461 2245 2534 frequenter,
2276 2478 2377 2519 nos
2419 2463 2696 2532 visitabat,
2746 2472 2802 2519 et
2828 2465 3098 2520 sacriﬁcia
3128 2463 3359 2522 Domino
3390 2481 3495 2537 pro

1917 2554 2080 2610 nobis
2111 2554 2394 2611 oﬂ'erebat.

1989 2646 2046 2700 4.
2070 2645 2418 2727 Concludens
2463 2656 2641 2702 autem
2689 2649 2922 2704 sedecim
2966 2664 3142 2704 annos
3178 2649 3292 2720 (94)
3325 2649 3480 2720 virgo

1919 2735 2140 2793 Domini
2191 2737 2510 2794 Potentiana
2555 2739 2811 2810 migravit
2859 2741 2926 2795 ad
2972 2740 3284 2797 Dominum.
3311 2741 3485 2811 Cujus

1915 2844 2115 2900 corpus
2141 2844 2242 2886 nos
2270 2845 2377 2886 una
2399 2846 2525 2886 eum
2562 2845 2820 2902 germana
2853 2832 2974 2902 ejus
3005 2832 3332 2888 involvimus
3361 2849 3488 2888 cum

1915 2920 2066 2974 omni
2097 2919 2374 2990 diligentia
2416 2922 2777 2988 aromatibus,
2807 2933 2860 2976 et
2891 2922 3186 2977 habuimus
3211 2925 3489 2979 occultum

1919 3015 1974 3068 in
2004 3011 2161 3066 titulo
2195 3011 2528 3081 supradicto.
2550 3012 2682 3067 Post
2708 3014 2822 3068 dies
2849 3023 3027 3068 autem
3058 3014 3246 3084 viginti
3264 3024 3318 3069 et
3344 3024 3491 3082 octo,

235 3098 370 3154 siliO
405 3113 532 3155 cum
578 3101 1043 3158 consuluissemus
1073 3102 1254 3170 Pium,
1311 3106 1460 3162 sedis
1501 3110 1811 3176 apostolica:
1838 3111 1882 3171 C
1914 3102 2212 3157 detulimus
2259 3112 2425 3157 noctu
2454 3117 2673 3172 corpus,
2700 3114 2753 3158 et
2788 3105 3074 3173 posuimus
3094 3105 3248 3175 juxta
3279 3114 3489 3175 patrem

235 3197 497 3245 sanctum
536 3190 874 3260 episcopum,
906 3200 1060 3246 tanto
1103 3193 1374 3249 desiderio
1404 3198 1608 3265 placuit
1650 3199 1721 3266 ei,
1753 3209 1812 3254 ut

236 3293 465 3335 summo
512 3279 692 3335 studio
741 3281 1053 3337 hortaretur
1081 3283 1198 3338 ﬁeri
1240 3284 1619 3354 baptisterium
1652 3300 1813 3358 prout

241 3385 707 3428 conveneramus:
755 3371 872 3442 ipse
914 3372 1081 3428 etiam
1133 3389 1300 3428 manu
1344 3378 1564 3446 propria
1595 3378 1812 3449 [fontem

237 3461 550 3534 designavit
572 3472 627 3517 et
649 3464 978 3519 construxit.
1026 3464 1096 3521 Et
1125 3479 1251 3520 cum
1274 3465 1370 3522 Dei
1401 3469 1673 3540 adjutorio
1693 3487 1814 3526 om-

235 3561 408 3616 nibus
439 3556 712 3627 perfectis,
749 3567 1190 3614 convocaverunt
1237 3559 1457 3616 famulae
1487 3561 1691 3620 Christi
1727 3564 1812 3618 fa-

237 3650 454 3707 miliam
480 3664 657 3716 suam,
690 3658 800 3704 tam
830 3649 898 3704 de
926 3651 1059 3706 urbe
1087 3666 1252 3721 quam
1270 3652 1336 3708 de
1352 3656 1812 3722 possessionibus,

237 3754 300 3801 et
339 3744 602 3800 facientes
652 3743 1051 3799 discussiouem
1089 3759 1450 3815 quoscunque
1492 3747 1814 3803 invenerunt

239 3838 613 3905 Christianos,
646 3835 990 3892 donaverunt
1028 3836 1385 3907 ingenuitati;
1419 3855 1558 3907 quos
1587 3842 1814 3910 gentiles

240 3931 620 4000 applicuerunt
666 3928 737 3984 ad
791 3928 1163 3991 credulitatem
1217 3930 1353 4000 legis
1407 3940 1610 3986 sanctae
1655 3933 1814 3988 Chri-

241 4024 314 4084 sti
347 4020 597 4092 (95).Ubi
625 4031 774 4086 tunc,
804 4021 940 4075 inito
965 4021 1193 4075 consilio
1227 4036 1347 4076 cum
1381 4021 1540 4076 beato
1572 4021 1674 4078 Pio
1702 4027 1816 4093 epi-

241 4129 436 4185 scopo,
462 4114 518 4169 in
545 4113 738 4169 eodem
783 4112 943 4167 titulo
974 4112 1273 4167 secundum
1310 4128 1560 4169 normam
1577 4115 1816 4186 antiqui-

243 4259 432 4307 noster
454 4257 508 4302 et
536 4248 768 4310 amicus,
790 4265 808 4298 ι
831 4261 1019 4301 vocem
1047 4256 1229 4301 autem
1251 4265 1270 4298 ι
1294 4247 1663 4317 apostolorum
1695 4267 1713 4301 ι
1733 4248 1819 4313 vel

243 4318 686 4390 expungendam,
716 4317 802 4371 vel
847 4333 910 4371 ex
945 4318 1158 4390 _Aringo
1201 4327 1256 4390 et
1283 4316 1384 4372 ms.
1425 4316 1687 4390 Vaticano
1717 4319 1818 4374 ad-

244 4387 481 4446 dendam
511 4390 560 4444 ei
585 4403 772 4442 vocem
814 4405 832 4440 ε
871 4388 1085 4454 cultor,
1126 4405 1145 4438 ι
1199 4387 1646 4458 interpunctione
1685 4405 1814 4445 cor-

244 4471 418 4517 recta.

320 4530 435 4597 (92)
475 4527 630 4582 Pauli
671 4542 868 4583 nomen
894 4528 948 4584 in
979 4528 1068 4582 Pii
1098 4537 1524 4590 eommutamus,
1550 4529 1621 4582 ob
1643 4529 1816 4583 ratio-

244 4617 350 4657 nes
383 4601 494 4668 jam
539 4599 746 4652 dictas:
783 4614 884 4654 nec
913 4599 1057 4653 enim
1102 4597 1255 4652 Pauli
1290 4599 1511 4653 nomine
1548 4609 1680 4668 puto
1727 4600 1817 4654 hic

244 4686 411 4742 posse
436 4669 657 4742 intelligi
686 4669 804 4737 ejus
830 4668 1109 4742 epistolas,
1134 4684 1367 4742 quarum
1398 4669 1556 4742 lectio
1587 4669 1817 4742 Pudenti

245 4738 304 4798 et
350 4739 638 4793 Timotheo
662 4755 760 4807 pro
791 4740 1104 4809 magisterio
1128 4739 1333 4793 fuerit:
1371 4749 1426 4792 et
1458 4738 1609 4802 Pius,
1651 4740 1817 4797 etiam

243 4813 342 4867 diu
388 4819 680 4877 antequam
735 4825 878 4863 anno
912 4810 1012 4863 146
1060 4810 1349 4879 episcopus
1381 4819 1814 4874 consecraretur,

244 4882 430 4952 potuit
451 4949 464 4952 _
493 4880 674 4952 adhuc
698 4881 1006 4952 presbyter
1054 4893 1354 4952 utrumque
1405 4880 1732 4952 instituisse,
1764 4889 1824 4941 et,

245 4947 416 5007 totius
443 4948 662 5004 familia:
689 4947 860 5004 fuisse
891 4947 1046 5018 pater
1074 4948 1397 5018 spiritualis.
1442 4947 1558 5004 Nisi
1586 4949 1818 5004 velimus

245 5021 486 5092 epinari,
508 5020 744 5087 aliquem
765 5035 951 5074 revera
975 5019 1226 5092 Paulum,
1244 5033 1350 5092 non
1369 5021 1697 5092 apostolum,
1723 5020 1818 5092 sed

243 5088 652 5162 presbyterum,
687 5105 796 5162 uno
826 5099 950 5162 post
979 5091 1130 5162 illum
1182 5088 1383 5162 saeculo
1406 5090 1681 5162 floruisse,
1717 5090 1813 5159 qui

245 5159 518 5217 familiam
574 5160 926 5215 catechimrit
975 5171 1029 5215 et
1080 5160 1388 5229 baptizarit.
1446 5159 1554 5215 Res
1611 5160 1816 5230 liquida

245 5233 415 5295 foret,
445 5233 491 5287 si
528 5232 652 5288 talis
680 5231 977 5301 presbyteri
998 5231 1217 5301 aliquod
1234 5230 1363 5285 alibi
1386 5232 1714 5300 reperiretur
1735 5232 1818 5287 in-

245 5303 478 5359 dicium.

324 5375 438 5443 (93)
483 5374 582 5429 Ms.
608 5373 920 5429 Bodecense
951 5393 963 5427 :
997 5393 1014 5425 ‹
1052 5373 1201 5440 Quos
1225 5389 1468 5445 paganos
1497 5372 1816 5429 associave-

248 5454 377 5498 runt
402 5445 556 5510 ﬁdei;
589 5465 605 5496 ι
641 5445 733 5499 sed
751 5459 850 5498 vox
873 5464 891 5496 ‹
915 5460 1156 5516 paganus
1174 5463 1192 5496 ι
1217 5445 1269 5498 in
1291 5445 1393 5499 hac
1420 5445 1818 5516 signiﬁcatione

248 5517 423 5570 multo
443 5517 712 5583 posterior
748 5526 833 5568 est
864 5524 1021 5568 aetate
1046 5514 1312 5569 Pastoris.

322 5586 438 5655 (94)
474 5585 574 5640 Ms.
614 5585 775 5649 idem,
809 5603 828 5638 ι
876 5585 1209 5641 concludens
1250 5599 1309 5639 se
1335 5585 1402 5638 12
1441 5585 1624 5650 annis,
1660 5603 1677 5635 ι
1719 5584 1814 5639 sed

251 5664 542 5724 suspectus
581 5665 667 5710 est
693 5671 956 5710 numerus
990 5655 1116 5710 alibi
1151 5671 1366 5724 semper
1409 5671 1704 5725 expressus
1749 5655 1819 5709 ad

253 5725 499 5798 longum,
524 5726 625 5783 hoc
641 5734 820 5786 autem
835 5725 952 5784 solo
975 5725 1094 5783 loco
1110 5725 1442 5785 litteraliter:
1467 5725 1639 5798 magis
1655 5726 1818 5786 etiam

1913 3206 2075 3246 suum
2111 3191 2434 3258 Pudentem,
2459 3192 2514 3246 in
2545 3193 2859 3247 cmmeterio
2878 3191 3136 3249 Priscilla:
3164 3195 3250 3249 via
3277 3194 3487 3249 Salaria

1914 3299 2004 3338 XIV
2032 3282 2259 3338 Kalend.
2292 3281 2441 3337 Junii
2467 3283 2602 3353 (95).

1982 3374 2038 3432 5.
2061 3373 2191 3429 Post
2204 3374 2361 3443 cujus
2374 3383 2602 3429 mortem
2625 3374 2774 3443 virgo
2785 3375 2988 3432 Christi
3005 3376 3274 3433 Praxedcs
3288 3377 3496 3433 habita-

1911 3467 2062 3522 vitin
2089 3467 2275 3522 eodem
2300 3467 2460 3522 titulo
2477 3465 2610 3537 (96),
2641 3469 2988 3524 vehementer
3003 3470 3243 3541 aﬂligens
3272 3485 3331 3525 se
3362 3484 3494 3540 pro-

1910 3565 2030 3628 pter
2045 3556 2331 3612 trausitum
2361 3569 2632 3626 germanae
2688 3572 2820 3612 suae.
2855 3559 2934 3613 Ad
2985 3574 3148 3629 quam
3176 3575 3299 3614 cum
3336 3561 3495 3615 multi

1914 3648 2122 3705 nobiles
2134 3648 2429 3704 Christiani
2444 3649 2759 3705 consolandi
2779 3651 2950 3719 gratia
2970 3651 3351 3716 venirent,una
3369 3668 3493 3706 cum

1914 3750 2105 3797 saneto
2132 3741 2232 3796 Pio
2258 3743 2546 3813 episcopo;
2587 3750 2811 3796 venerat
2835 3742 2998 3796 etiam
3029 3743 3097 3796 ad
3133 3758 3253 3798 eam
3287 3759 3493 3813 germa-

1916 3851 2022 3890 nus
2061 3841 2240 3891 vester
2278 3833 2520 3889 Novatus
2563 3832 2699 3904 (97),
2741 3833 2837 3903 qui
2865 3844 2950 3889 est
2996 3833 3164 3888 frater
3212 3846 3398 3890 noster
3433 3836 3488 3890 in

1915 3925 2167 3992 Domino,
2193 3926 2482 3982 consolans
2503 3941 2647 3991 eam,
2672 3932 2728 3980 et
2750 3925 2953 3981 multos
2981 3925 3322 3982 Christianos
3354 3943 3490 3998 pau-

1915 4035 2073 4089 peres
2110 4020 2225 4074 suis
2272 4018 2623 4074 facultatibus
2670 4018 2982 4083 reﬁciebat,
3036 4026 3090 4072 et
3139 4019 3488 4072 ministrabat

1917 4111 2174 4167 omnibus
2215 4109 2282 4166 de
2311 4109 2665 4165 facultatibus
2689 4109 2804 4164 suis
2849 4108 2904 4163 in
2937 4108 3204 4163 honorem
3245 4109 3488 4178 ejusdem

1917 4248 2168 4318 displicet
2199 4245 2434 4302 reclusio
2465 4245 2605 4299 intra
2636 4245 2888 4314 veljuxta
2909 4243 3220 4318 ecclesiam,
3249 4259 3379 4318 quae
3400 4259 3492 4299 ve-

1919 4315 2042 4374 reor
2063 4327 2124 4372 ut
2157 4318 2332 4388 possit
2372 4332 2434 4370 ea
2468 4325 2626 4388 astate
2649 4325 2909 4388 usurpata
2958 4315 3140 4388 credi;
3175 4324 3228 4368 et
3260 4315 3494 4384 denique

1921 4390 2056 4443 nihil
2085 4385 2170 4444 est
2197 4402 2375 4444 causa:
2402 4402 2498 4440 cur
2538 4385 2902 4441 formidemus
2948 4387 3084 4441 adeo
3117 4393 3302 4440 tenera
3332 4395 3492 4441 actate

1846 4443 1896 4504 Ῑ)
1922 4443 2192 4514 mortuam
2221 4459 2420 4511 dicere.

1993 4530 2106 4598 (95)
2143 4528 2242 4598 Ms,
2280 4527 2480 4598 Bodec.
2515 4543 2529 4598 ς
2573 4544 2591 4577 ι
2636 4526 2828 4581 Obitus
2871 4526 2990 4596 ejus
3027 4526 3329 4598 celebratur
3363 4543 3493 4598 xxiv

1921 4596 2192 4654 Kalendas
2213 4596 2530 4650 Junii.»Sed
2565 4598 2748 4665 potius
2781 4598 3007 4651 dicenda
3035 4607 3179 4651 esset
3197 4597 3488 4666 depositio.

1992 4671 2105 4739 (96)
2146 4667 2281 4721 llinc
2314 4667 2761 4739 incipiun_t__Acta
2814 4667 2871 4721 S.
2921 4667 3177 4739 Praxedis
3227 4667 3492 4739 inﬂvariis

1919 4735 2056 4796 mss.
2088 4735 2194 4794 hoc
2228 4736 2392 4790 modo
2423 4754 2435 4789 :
2485 4755 2502 4787 ‹
2551 4735 2710 4806 Virgo
2736 4739 3060 4792 venerabilis
3090 4736 3351 4792 Praxedis
3389 4739 3491 4790 ha--

1919 4811 2198 4866 bitabatin
2216 4807 2398 4861 Titulo
2413 4808 2779 4877 supradicto,»
2803 4808 2956 4877 aliis:
2991 4808 3080 4862 «In
3105 4806 3286 4862 Titulo
3319 4808 3489 4877 patris

1918 4883 2003 4938 sui
2028 4879 2319 4943 Prudentis;
2349 4896 2368 4929 ι
2397 4885 2491 4930 aut
2523 4895 2536 4930 :
2566 4895 2583 4928 ι
2616 4876 2670 4930 in
2704 4878 2884 4931 Titulo
2907 4876 3309 4934 Lateranensi.»

1993 4951 2107 5020 (97)
2144 4949 2356 5020 Colitur
2387 4945 2446 5001 S.
2485 4945 2727 5020 Novatus
2757 4947 2829 5001 20
2858 4946 3028 5020 Junii.
3062 4949 3225 5002 etiam
3262 4947 3488 5020 ,Μαγια-

1919 5018 2119 5091 rologio
2168 5019 2447 5091 Romano‘
2491 5018 2802 5091 asc_riptus_,
2847 5027 2905 5091 e_t
2942 5019 3142 5091 dicitur
3186 5037 3204 5069 ι
3250 5018 3398 5091 ﬁlius
3427 5018 3485 5091 δ.

1917 5087 2180 5147 Pudentis
2211 5087 2480 5144 senatoris
2502 5087 2740 5141 etfratcr
2769 5088 2826 5142 S.
2846 5088 3118 5143 Timothei
3156 5088 3484 5156 presbyteri,

1918 5172 1972 5218 et
1996 5171 2311 5218 sanctarum
2354 5156 2558 5212 Christi
2587 5158 2855 5224 virginum
2884 5159 3143 5213 Praxedis
3179 5167 3234 5212 et
3268 5157 3484 5211 Puden-

1921 5235 2082 5288 tiana:
2110 5231 2238 5301 :qui
2269 5228 2533 5298 apostolis
2567 5229 2766 5301 eruditi
2791 5238 2920 5283 sunt
2946 5229 3001 5301 in
3035 5229 3160 5292 ﬁde,
3184 5247 3224 5301 Α
3250 5243 3485 5301 quorum

1919 5304 2059 5358 nihil
2111 5292 2671 5372 probamus,ipr:ctcr
2734 5298 3126 5353 fraternitatem
3183 5292 3478 5372 Timothei.

1920 5374 2047 5430 Dies
2074 5369 2256 5426 autem
2279 5371 2350 5425 ‘28
2379 5371 2580 5438 quibus
2603 5385 2768 5438 supra
2803 5385 3004 5422 annum
3038 5384 3206 5422 unum
3246 5385 3276 5423 a
3308 5369 3488 5436 sepul-

1923 5455 2043 5499 tura
2073 5443 2445 5504 Pudentianaa,
2477 5455 2541 5492 ex
2569 5439 2720 5510 Actis
2748 5440 3053 5510 nuntiatum
3091 5449 3174 5494 est
3222 5448 3488 5510 aegrotare

1917 5516 2208 5579 Novatum,
2242 5510 2443 5566 mutavi
2478 5509 2531 5562 in
2563 5509 2656 5579 23,
2685 5517 2744 5561 ut
2785 5509 3112 5563 haberentur
3144 5509 3292 5563 mox
3317 5509 3487 5563 nomi—

1920 5587 2032 5658 nati
2060 5578 2270 5658 dics_8,
2318 5578 2790 5658 quibustinﬁrmo
2821 5590 3112 5652 antequam
3163 5588 3492 5648 moreretur,

1919 5655 2055 5714 Pius
2085 5665 2139 5714 et
2166 5652 2431 5714 Praxcdis
2454 5652 2764 5707 astiterunt.
