4002 6308
579 280 721 348 {025

1712 271 2052 337 APPENDIX
2091 271 2183 327 AD
2222 271 2278 327 S.
2320 272 2633 329 HERMAM.

3635 280 3745 339 Μ

579 410 808 483 virginis
836 410 1116 478 Praxedis,
1142 423 1331 485 petens
1359 422 1422 468 ut
1449 408 1792 469 orationibus
1822 408 1937 464 suis
1966 404 2145 461 indul-
2171 390 2222 454 Α
2248 394 2301 449 in
2328 394 2555 450 arbitrio
2583 402 2678 449 tuo
2706 392 2778 449 sit
2803 401 2856 450 et
2878 400 3085 449 sanctas
3111 392 3339 485 virginis
3366 393 3607 463 quidquid
3623 398 3745 455 dere-

582 511 817 576 gentiam
838 517 1165 573 mereretur;
1193 509 1288 577 qut
1307 516 1360 560 et
1377 521 1473 561 vos
1497 504 1811 574 frequenter
1829 500 2150 557 beatissimo

581 600 681 656 Pio
708 603 984 672 episcOpo,
1003 602 1070 657 ad
1094 602 1266 656 altare
1292 600 1506 655 Domini
1533 614 1848 664 accessuro,
1876 613 2156 653 commen-

581 698 765 753 dabat.
797 696 1009 751 Accidit
1035 696 1295 767 posthaec
1333 706 1456 765 post
1486 710 1688 748 annum
1721 702 1775 748 et
1821 694 1938 749 dies
1961 690 2152 763 viginti

582 798 713 852 tres.
749 798 812 844 ut
850 789 1172 860 aegritudine
1211 788 1463 843 detentus
1490 784 1755 849 Novatus.
1782 787 1982 841 absens
2010 794 2157 841 esset

582 898 614 937 a
641 892 935 953 conspectu
968 882 1141 936 beatae
1168 880 1396 950 virginis
1410 878 1689 933 Praxedis.
1720 878 1815 933 Pio
1837 878 2022 948 itaque
2040 878 2157 948 epi-

582 989 751 1043 seopo
789 974 1062 1043 c0gitante
1104 973 1172 1027 de
1217 973 1474 1028 omnibus
1512 971 1843 1027 Christianis
1880 987 1988 1025 una
2028 986 2155 1025 cum

582 1066 795 1135 virgine
821 1064 1085 1130 Praxede,
1121 1064 1422 1135 requiritur
1462 1064 1606 1118 inter
1648 1078 1745 1119 eos
1773 1070 1828 1117 et
1868 1060 2150 1117 Novatus:

584 1157 776 1227 dequo
799 1174 923 1212 cum
947 1160 1192 1214 auditum
1232 1157 1428 1215 fuisset
1448 1158 1575 1230 quia
1600 1157 1921 1230 argritudine
1948 1155 2160 1213 detine-

583 1261 755 1318 retur,
785 1253 1091 1309 contristati
1124 1269 1316 1309 sumus
1353 1268 1565 1309 omnes.

656 1342 709 1398 6.
730 1342 884 1397 Tune
911 1343 1044 1399 dicit
1070 1342 1130 1397 Β.
1149 1342 1410 1399 Praxedis
1433 1342 1499 1397 ad
1522 1351 1729 1413 patrem
1760 1352 2004 1400 nostrum
2027 1358 2160 1398 san-

586 1443 733 1493 ctum
759 1436 915 1492 Pium
936 1438 1285 1507 episcopum:
1322 1456 1341 1489 ι
1369 1436 1565 1492 Jubeat
1600 1438 1859 1493 sanctitas
1887 1449 2066 1492 vestra
2099 1445 2160 1492 ut

586 1545 778 1586 eamus
807 1531 873 1586 ad
903 1547 1053 1595 eum,
1088 1531 1135 1585 si
1166 1530 1305 1586 forte
1335 1531 1649 1585 visitatione
1690 1539 1880 1585 nostra
1926 1537 1981 1584 et
2034 1544 2161 1584 ora-

587 1622 833 1679 tionibus
856 1624 1051 1680 vestris
1083 1624 1255 1679 salvet
1281 1639 1405 1679 eum
1454 1623 1739 1681 Dominus.
1768 1624 1923 1691 Quod
1953 1624 2159 1679 dictum

2249 487 2436 557 liquit;
2472 495 2528 542 et
2549 485 2848 542 secundum
2878 485 3026 555 quod
3057 484 3215 540 vobis
3272 485 3530 554 placuerit
3572 488 3746 559 dispen-

2251 593 2373 635 sare
2403 593 2492 643 ea,
2518 586 2844 648 potestatem
2878 576 3146 633 habeatis.
3184 595 3203 629 ι

2324 692 2441 749 Hac
2476 692 2707 763 epistola
2752 691 2949 762 gaudio
2991 691 3183 760 repleti
3231 707 3423 746 sumus
3454 702 3542 747 :et
3571 694 3747 750 tradidi-

2254 802 2377 841 mus
2415 801 2535 841 cam
2566 786 2847 857 legendam
2879 795 3073 842 sancto
3101 784 3199 839 Pio
3226 784 3499 854 episcopo.
3545 783 3645 851 Qua
3684 788 3751 842 ille

2254 880 2392 935 lecta
2421 878 2622 951 gratias
2643 880 2750 948 egit
2775 877 2905 934 Deo.

2325 995 2378 1050 8.
2405 994 2607 1051 Eodem
2644 1004 2884 1066 tempore
2904 996 3059 1066 virgo
3083 992 3301 1061 Domini
3322 995 3572 1051 Praxedis
3587 1006 3754 1066 accepta

2257 1095 2524 1158 potestate
2551 1086 2765 1158 rogavit
2784 1085 3003 1140 beatum
3035 1084 3193 1141 Pium
3216 1087 3549 1157 episcopum,
3576 1098 3628 1143 ut
3652 1091 3757 1145 ther-

2256 1194 2377 1245 mas
2399 1175 2615 1245 Novati,
2641 1193 2763 1248 quaa
2780 1177 2893 1248 jam
2920 1186 3049 1233 tunc
3086 1178 3140 1231 in
3168 1194 3273 1234 usu
3309 1194 3419 1233 non
3445 1182 3752 1245 erant,ecclc-

2258 1271 2396 1326 siam
2420 1270 2939 1340 consecraret;quia
2960 1269 3246 1325 aedilicium
3266 1286 3520 1343 magnum
3542 1272 3592 1327 in
3617 1273 3763 1333 iisdem

2258 1370 2313 1418 et
2341 1360 2642 1433 spatiosum
2664 1376 2788 1417 esse.
2810 1361 3111 1417 videbatur.
3146 1360 3306 1428 Quod
3332 1372 3385 1417 et
3412 1362 3599 1432 placuit
3620 1375 3759 1420 sancto

2260 1454 2357 1510 Pio
2404 1455 2682 1527 episcopo,
2732 1455 3086 1525 thermasque
3114 1452 3309 1510 Novati
3341 1454 3597 1511 dedicavit
3633 1458 3760 1512 eccle-

2261 1549 2424 1612 siam,
2474 1548 2577 1603 sub
2609 1548 2834 1602 nomine
2873 1547 3043 1603 beatze
3082 1547 3315 1618 virginis
3356 1546 3659 1603 Potentianze
3679 1551 3760 1623 (99)

2263 1640 2342 1711 (in
2366 1643 2489 1696 vico
2515 1638 2809 1697 Patricius.
2859 1639 3139 1695 Dedicavit
3186 1649 3383 1694 autem
3426 1648 3479 1693 et
3523 1640 3659 1697 aliam
3691 1641 3762 1696 sub

586 1731 711 1770 cum
725 1715 1019 1785 placuisset
1036 1717 1290 1771 omnibus
1304 1717 1552 1781 nobis,et
1570 1727 1728 1772 nocte
1740 1726 2023 1788 surgentes
2038 1732 2161 1787 per-
2188 1736 2237 1797 Β
2263 1734 2482 1788 nomine
2528 1742 2731 1789 sancta;
2757 1732 2986 1804 virginis
3012 1730 3299 1801 Ρηηάίε)
3328 1730 3473 1786 infra
3503 1732 3665 1786 urbem
3683 1731 3762 1787 go.

588 1810 921 1863 rexissemus
938 1809 1002 1863 ad
1020 1825 1143 1864 eum
1160 1828 1175 1876 ;
1192 1809 1381 1865 videns
1394 1811 1474 1865 vir
1487 1810 1581 1865 Dei
1597 1809 1838 1867 Novatus
1851 1826 1951 1866 nos
1968 1826 2159 1865 omnes

587 1910 946 1971 congregatos
985 1901 1051 1957 ad
1076 1916 1134 1957 se
1162 1903 1396 1967 venisse,
1422 1905 1625 1974 gratias
1651 1919 1813 1973 agere
1842 1903 2008 1971 cmpit
2034 1902 2155 1959 Deo

586 1990 715 2060 quia
749 1990 949 2044 meruit
987 2005 1017 2045 a
1060 2000 1249 2046 sancto
1290 1991 1390 2047 Pio
1418 1993 1697 2063 episeopo,
1731 2002 1785 2048 et
1812 1993 2023 2063 virgine
2053 1992 2161 2047 Do-

586 2083 721 2137 mini
753 2100 862 2138 una
896 2100 1019 2139 cum
1051 2093 1238 2139 nostra
1270 2086 1556 2141 devotione
1591 2086 1823 2141 visitari.
1858 2086 1926 2144 Et
1957 2085 2160 2141 fuimus

584 2172 642 2226 in
678 2172 844 2227 domo
882 2174 1001 2243 ejus
1044 2174 1237 2229 diebus
1279 2190 1342 2230 ae
1386 2176 1640 2231 noctibus
1676 2184 1821 2231 octo.
1864 2174 1921 2230 ln
1948 2177 2161 2247 'quibus

586 2263 780 2320 diebus
810 2265 1011 2334 placuit
1039 2266 1110 2332 ei,
1145 2275 1204 2320 ut
1238 2267 1397 2323 nobis
1434 2283 1498 2322 ac
1524 2268 1696 2323 beatae
1722 2269 1917 2339 virgini
1941 2285 2161 2325 omnem

582 2356 950 2412 substantiam
983 2362 1145 2413 suam
1170 2359 1589 2431 derelinqueret.
1622 2358 1739 2417 Hoc
1778 2362 1850 2416 ita
1885 2362 2159 2431 ordinato,

585 2447 751 2502 tertio
782 2449 995 2504 decimo
1038 2449 1126 2504 die
1184 2450 1437 2521 migravit
1471 2452 1540 2506 ad
1587 2450 1901 2508 Dominum.
1935 2451 2011 2508 De
2049 2468 2162 2523 quo

585 2538 731 2595 facto
768 2540 976 2595 litteras
1012 2541 1176 2611 hujus
1212 2551 1395 2599 textus
1434 2543 1500 2598 ad
1535 2558 1634 2598 vos
1666 2544 1970 2605 direximus
1992 2583 2008 2610 ,
2052 2561 2162 2601 una

584 2646 714 2685 cum
754 2633 1084 2687 auctoritate
1109 2632 1249 2689 beati
1276 2632 1360 2689 Pii
1388 2636 1534 2691 sedis
1580 2636 1893 2706 apostolicze
1918 2637 2161 2707 episcopi

584 2733 641 2777 et
666 2724 898 2793 virginis
930 2723 1134 2779 Christi
1168 2723 1465 2791 Praxedis;
1495 2734 1557 2780 ut
1591 2727 1736 2795 quod
1768 2726 1923 2782 vobis
1956 2725 2161 2797 placuit

584 2815 653 2869 de
674 2815 979 2870 substantia
996 2817 1237 2885 germani
1264 2818 1429 2871 vestri
1456 2832 1557 2873 nos
1585 2816 1799 2875 faciatis
1828 2819 1994 2873 scire:
2022 2834 2150 2887 qua-

584 2917 745 2961 tenus
763 2909 1034 2963 ordinatio
1056 2919 1234 2963 vestra
1260 2910 1313 2963 in
1333 2910 1588 2965 omnibus
1620 2911 1977 2965 custodiatur.
1994 2910 2159 2965 Missa

585 3014 684 3069 per
712 3000 1003 3057 Eusebium
1027 3001 1288 3057 Romana:
1320 3003 1572 3059 Ecclesia:
1600 3004 1995 3058 subdiaconum
2020 3003 2153 3075 (98).

934 3115 1207 3186 Rescripta
1240 3117 1494 3172 Timothei
1523 3120 1829 3188 presbyteri.

660 3225 713 3281 7.
744 3246 761 3277 ι
787 3226 1109 3283 Timotheus
1122 3230 1402 3300 presbyter
1424 3240 1614 3285 sancto
1643 3232 1793 3286 fratri
1812 3232 2017 3287 Pastori
2036 3248 2160 3302 pre-

586 3318 829 3390 sbytero,
863 3330 918 3375 et
949 3322 1308 3377 sanctissimae
1336 3325 1511 3378 sorori
1540 3324 1801 3393 Praxedi,
1840 3326 1894 3380 in
1926 3326 2157 3382 Domino

586 3412 839 3465 salutem.
872 3410 1217 3466 Famulatum
1253 3413 1410 3469 vobis
1442 3415 1752 3485 ubicunque
1794 3416 1970 3472 nostri
2016 3415 2161 3471 ἰηὰί-

588 3503 816 3574 gueritis
864 3504 1224 3560 libentissime
1254 3505 1595 3573 exhibentes,
1630 3524 1855 3563 oramus
1892 3507 2160 3563 sanctita-

587 3605 698 3652 tem
732 3605 987 3661 vestram,
1010 3607 1069 3649 ut
1092 3604 1147 3653 et
1182 3613 1283 3652 nos
1309 3599 1543 3655 humiles
1567 3601 1952 3656 commendare
1973 3601 2161 3670 digne-

586 3689 721 3743 mini
754 3689 1033 3744 memoria:
1078 3699 1392 3745 sanctorum
1435 3693 1831 3763 apostolorum,
1863 3702 2162 3762 sanctoque

587 3779 688 3834 Pio
717 3782 862 3836 sedis
903 3782 1220 3850 apostolicae
1259 3784 1502 3852 praesuli,
1545 3794 1600 3841 et
1638 3786 1897 3841 omnibus
1931 3787 2157 3841 sanctis.

587 3871 702 3943 Ego
739 3873 961 3927 humilis
1004 3874 1204 3943 gaudio
1241 3874 1481 3943 repletus
1520 3889 1642 3930 sum
1677 3890 1896 3946 magno,
1932 3876 2161 3932 audiens

588 3964 719 4034 quid
744 3963 878 4019 mihi
908 3965 1148 4020 scribere
1173 3964 1376 4035 dignati
1417 3965 1573 4023 estis.
1609 3964 1759 4021 Unde
1793 3968 2007 4021 noverit
2035 3984 2162 4023 san-

589 4056 751 4112 etitas
788 4065 996 4122 vestra,
1036 4072 1211 4111 meam
1249 4057 1302 4110 in
1341 4058 1444 4112 hac
1487 4074 1545 4112 re
1570 4072 1671 4127 pro
1707 4073 1813 4127 qua
1859 4058 2160 4128 scripsistis
2206 4128 2210 4131 γ

588 4149 829 4203 votivam
859 4164 979 4203 esse
1009 4149 1397 4204 conscientiam
1432 4163 1446 4200 :
1484 4160 1534 4202 et
1565 4149 1709 4219 quod
1740 4165 1999 4220 germano
2037 4166 2160 4206 meo

588 4233 815 4302 placuit,
840 4236 1016 4303 placet
1045 4246 1099 4290 et
1125 4235 1285 4291 nobis
1311 4233 1531 4292 famulis
1557 4238 1786 4305 vestris;
1831 4239 1937 4294 hoc
1962 4250 2065 4305 est,
2100 4248 2160 4295 ut

2261 1843 2429 1892 mam,
2466 1825 2519 1880 in
2560 1825 2681 1880 vico
2710 1824 2804 1895 qui
2835 1823 3140 1894 appellatur
3187 1823 3513 1887 Lateranus,
3552 1823 3630 1877 ubi
3667 1839 3763 1878 con-

2261 1919 2440 1975 stituit
2462 1928 2516 1973 et
2539 1917 2755 1972 titulum
2787 1915 3193 1982 Romanumﬁin
3217 1932 3331 1985 quo
3350 1916 3475 1971 loco
3490 1918 3765 1971 consecravit

2268 2010 2647 2082 baptisterium
2678 2009 2780 2064 sub
2809 2009 2898 2063 die
2927 2026 2981 2062 tv
3009 2007 3136 2064 ldus
3163 2007 3314 2062 Maii.
3342 2006 3475 2063 Post
3496 2008 3622 2068 duos
3639 2023 3763 2062 annos

2263 2105 2403 2160 facta
2451 2103 2762 2174 persecutio
2809 2116 3006 2172 magna
3050 2099 3497 2154 Christianorum
3528 2117 3540 2152 :
3570 2108 3617 2153 et
3652 2098 3764 2151 multi

2262 2202 2525 2273 martyrio
2553 2198 2799 2255 coronati
2836 2206 2982 2252 sunt.
3017 2194 3135 2261 Quo
3156 2203 3402 2264 tempore
3433 2193 3579 2262 virgo
3605 2190 3765 2245 Domini

2262 2293 2523 2351 Praxedis
2550 2292 2754 2347 multos
2790 2289 3131 2345 Christianos
3178 2286 3492 2342 occultabat
3518 2285 3571 2339 in
3597 2282 3762 2357 praefato

2264 2383 2442 2445 titulo,
2476 2385 2618 2452 quos
2657 2389 2712 2436 et
2741 2380 2864 2435 cibo
2911 2377 3173 2448 pascebat
3212 2384 3267 2431 et
3310 2374 3407 2431 Dei
3445 2375 3617 2429 verbo.
3654 2371 3764 2426 Tunc

2260 2476 2597 2546 divulgatum
2646 2485 2725 2529 est
2774 2471 3050 2527 Antonino
3100 2469 3249 2541 (100)
3298 2468 3633 2539 imperatori,
3661 2468 3763 2537 quod

2261 2577 2562 2624 conventus
2587 2566 2779 2621 tierent
2798 2552 3243 2619 Christianorum
3275 2562 3333 2617 in
3366 2561 3522 2618 titulo
3540 2558 3761 2614 Praxedis.

2259 2659 2511 2730 Misitque
2531 2658 2714 2714 statim
2737 2668 2791 2712 et
2819 2656 2988 2711 tenuit
3021 2656 3222 2711 multos
3244 2671 3311 2710 ex
3342 2654 3482 2721 illis;
3512 2654 3636 2707 inter
3664 2666 3763 2721 quos

2260 2755 2434 2811 tenuit
2457 2753 2773 2808 Simetrium
2795 2752 3170 2823 presbyterum
3189 2767 3317 2806 eum
3341 2749 3463 2807 aliis
3489 2747 3657 2819 viginti
3672 2746 3766 2800 duo-

2258 2846 2395 2911 bus;
2437 2855 2491 2903 et
2523 2860 2619 2900 eos
2650 2845 2770 2899 sine
2811 2844 3084 2901 audientia
3130 2842 3313 2914 gladio
3344 2841 3519 2913 puniri
3548 2838 3761 2909 praecepit.

2258 2938 2502 3007 Quorum
2536 2953 2764 3007 corpora
2799 2946 2958 2991 noctu
2990 2937 3149 2991 beata
3197 2935 3462 2991 Praxedis
3504 2931 3704 3002 collegit,
3725 2936 3763 2982 et

2263 3034 2315 3087 in
2367 3031 2683 3088 cmmeterio
2728 3029 2989 3084 Priscillae
3011 3029 3114 3083 sub
3146 3029 3233 3083 die
3264 3044 3339 3083 vu
3390 3026 3637 3081 Kalendas
3657 3020 3763 3076 Junii

2262 3128 2508 3199 sepelivit
2545 3128 2647 3199 (ι).
2682 3127 2884 3182 Deinde
2916 3126 3069 3196 virgo
3094 3123 3337 3190 Domini,
3376 3120 3536 3176 nimia
3571 3115 3763 3185 corporis

2258 3222 2548 3279 aﬂlictione
2577 3220 2896 3285 constricta,
2923 3233 3047 3274 cum
3086 3215 3296 3271 intimis
3346 3212 3586 3284 suspiriis
3614 3208 3667 3264 ad
3690 3206 3758 3259 De

2259 3318 2471 3373 minum
2497 3314 2783 3385 ingemuit,
2809 3323 2864 3369 et
2892 3320 2951 3367 ut
2973 3327 3040 3365 ex
3063 3311 3168 3364 hoc
3196 3307 3405 3363 mundo
3427 3305 3585 3361 tutius
3609 3297 3763 3356 auferri

2260 3416 2585 3473 mereretur,
2619 3404 2817 3461 oravit.
2846 3402 3018 3471 Cujus
3045 3399 3328 3454 orationes
3349 3407 3405 3453 et
3430 3397 3657 3465 lacrymae
3676 3402 3762 3457 per-

2262 3509 2529 3556 venerunt
2574 3498 2641 3553 ad
2689 3495 2910 3552 emtum.
2943 3491 3078 3547 Nam
3111 3500 3237 3562 post
3281 3490 3400 3545 dies
3435 3479 3763 3556 quinquaginta

2258 3594 2501 3665 quinque
2536 3592 2613 3661 (2)
2643 3587 2916 3660 passionis
2939 3586 3323 3657 praedictorum
3366 3572 3762 3665 sanctorum,die

2259 3663 2515 3741 videlicet
2544 3700 2618 3738 xu
2652 3681 2927 3736 Kalendas
2952 3678 3208 3748 Augusti,
3253 3674 3507 3746 migravit
3532 3670 3592 3726 ad
3620 3663 3761 3720 Domi-

2261 3796 2414 3835 num.
2469 3778 2641 3845 Cujus
2686 3789 2884 3843 corpus
2923 3787 3022 3842 ego
3062 3769 3255 3825 Pastor
3298 3768 3569 3838 presbyter
3592 3753 3762 3854 sepeﬁti

2256 3872 2413 3941 juxta
2444 3877 2653 3939 patrem
2682 3864 3008 3927 Pudentem,
3032 3861 3119 3914 via
3147 3858 3386 3922 Salaria,
3426 3857 3478 3910 in
3507 3856 3762 3941 eameteﬂo

2260 3940 2540 4014 Priscillae.
2571 3958 2587 3975 '
2628 3953 2730 4009 Ubi
2756 3953 2950 4009 ﬂorent
2977 3950 3252 4005 orationes
3283 3962 3472 4002 eorum
3503 3944 3574 4014 (ὅ)
3612 3940 3761 4009 (usque

2261 4054 2481 4122 hodie);
2516 4057 2806 4121 praestante
2828 4045 3061 4100 Domino
3089 4048 3278 4098 nostro
3310 4040 3439 4096 Jesu
3466 4036 3675 4096 Christo,
3698 4023 3767 4083 cui.

2260 4156 2345 4203 est
2384 4147 2560 4200 honor
2590 4152 2644 4199 et
2674 4126 2966 4214 imperium
3007 4153 3104 4208 per
3128 4144 3331 4191 aeterna
3376 4130 3564 4190 srecula
3585 4121 3758 4182 saculo-

2261 4256 2405 4295 rum.
2434 4237 2631 4292 Amen.

562 4400 570 4469 :'
661 4416 774 4484 (98)
815 4415 1089 4473 Hactenus
1134 4418 1360 4487 epistola
1391 4415 1730 4489 Pastorisad
1768 4416 2152 4489 Timotheum:
2184 4420 2236 4478 D
2332 4422 2408 4489 (l)
2447 4422 2505 4475 in
2532 4434 2666 4474 mss.
2710 4415 2973 4469 Romanis
2998 4411 3152 4489 apud
3171 4398 3756 4489 Aringbunt'italegitl‘lii

589 4501 712 4555 qua:
744 4499 1048 4556 sequuntur
1076 4485 1272 4544 deinde
1305 4491 1420 4557 ipse
1446 4487 1613 4542 etiam
1652 4485 1850 4541 Pastor
1870 4488 1937 4541 ad
1972 4497 2156 4558 poste-

587 4572 774 4612 rorum
808 4561 1121 4629 memoriam
1153 4560 1419 4629 adiunxit.

661 4629 773 4695 (99)
814 4627 932 4681 Alia
981 4646 1115 4685 mss.
1164 4627 1427 4685 Praxedis
1458 4646 1476 4684 :
1510 4631 1603 4685 sed
1653 4638 1943 4698 utramque
1974 4629 2152 4683 nomi-

546 4732 553 4740 α
588 4701 828 4753 nandam
859 4698 1029 4754 fuisse
1049 4701 1163 4769 jam
1204 4701 1510 4756 docuimus.

486 4808 489 4809 ν
540 4772 581 4827 (η
660 4769 1183 4840 (100)ᾼΑηῑοηίηυιιὶ
1218 4770 1302 4824 his
1347 4770 1738 4839 intelligimus:
1778 4771 2028 4826 eumdem
2060 4769 2155 4840 qui

545 4863 565 4892 δ
588 4854 755 4908 supra
804 4838 995 4905 Pium,
1042 4855 1151 4894 non
1193 4856 1323 4895 vero
1356 4841 1477 4907 ejus
1511 4838 1681 4896 tilium
1712 4841 1954 4896 Marcum
1982 4838 2156 4895 Aure-

587 4913 719 4968 llum
742 4909 1076 4963 Antoninum
1112 4910 1225 4979 (qui
1260 4911 1328 4965 ab
1353 4911 1584 4967 Eusebio
1603 4913 1655 4967 in
1691 4910 1960 4966 Chronico
1981 4922 2033 4967 et
2061 4928 2157 4965 an-

588 4985 747 5050 tiquo
769 4979 1028 5050 Catalogo
1048 4981 1330 5042 pontiﬁcio
1360 4982 1413 5037 in
1444 4981 1765 5037 Eleutherio
1795 4984 1961 5037 etiam
1987 4982 2157 5035 Anto-

587 5055 752 5109 ninus
783 5052 1105 5119 simpliciter
1134 5061 1381 5116 vocatur,
1424 5064 1478 5107 et
1500 5055 1602 5108 sub
1631 5069 1741 5114 quo
1781 5069 1999 5122 gravem
2024 5067 2149 5122 per-

588 5123 924 5189 secutionem
942 5132 1145 5177 motam
1168 5137 1293 5178 esse
1313 5132 1525 5177 constat
1546 5139 1690 5178 anno
1712 5124 1839 5192 ejus
1864 5125 1914 5189 7,
1946 5122 2149 5177 Christi

590 5193 736 5263 168),
777 5194 955 5248 ethoc
984 5197 1111 5263 quia
1140 5193 1343 5248 nullam
1377 5195 1566 5247 mutati
1600 5194 1809 5262 imperii
1842 5197 1924 5248 vel
1973 5194 2150 5262 ponti-

589 5264 783 5319 ficatus
813 5264 1142 5319 mentionem
1201 5264 1331 5319 facit
1374 5264 1606 5329 Pastor;
1657 5265 1801 5332 quod
1850 5275 2027 5318 tamen
2061 5264 2149 5316 hic

589 5334 742 5389 locus
767 5335 1054 5403 exegisset,
1076 5337 1121 5391 si
1154 5344 1277 5405 post
1306 5336 1593 5404 utriusque
1618 5335 1977 5388 mutationem
2002 5342 2147 5387 mota

589 5405 825 5476 primum
856 5418 1001 5462 esset
1024 5407 1356 5478 persecutio,
1384 5406 1452 5464 de
1472 5421 1580 5478 qua
1611 5419 1793 5462 sermo
1825 5412 1927 5459 est.

2269 4515 2287 4547 ι
2320 4475 2561 4559 Quorum
2579 4502 2808 4556 corpora
2832 4493 2995 4559 noctu
3031 4475 3090 4535 Β.
3116 4478 3375 4559 Ρτδξωῆε
3394 4475 3760 4559 colligen‘s‘.‘satlt:

2776 4554 3024 4635 spongia,
3060 4534 3766 4635 quitehactenus-effata}:

2260 4618 2571 4704 pavimento
2598 4618 2951 4704 esbaur'iens',
2976 4618 3403 4704 sep-clivitnjluxta
3426 4618 3755 4704 patient

2260 4673 2326 4760 5'3
2341 4673 3028 4759 'éBiUi-Zzinviii'ééniete'rio
3044 4673 3346 4756 ΓΡτίδεὶιῖςε,
3374 4673 3473 4743 sub
3498 4683 3577 4738 die
3599 4673 3762 4760 v_n_Ka-.

2462 4749 2905 4838 “idniss'ﬂ'quo
2934 4765 3023 4820 die
3062 4749 3535 4818 mentoria'eorum
3563 4749 3751 4807 celebra-

2264 4856 2413 4986 ωἷέ)
2452 4910 2700 4986 Totidem
2740 4908 2949 4965 scilicet
2987 4904 3105 4959 dies
3130 4909 3547 4986 numerantur:

2263 4958 2417 5042 θάκξῆ
2455 4958 3269 5049 idli'izvideoq-ueveorreximus
3325 4987 3455 5026 mss.
3503 4968 3552 5021 in
3597 4958 3750 5032 quibus

2256 5058 2435 5112 solum
2464 5053 2780 5124 legebantur
2813 5049 3031 5124 triginta
3059 5054 3324 5124 ῃυαιμοικ
3429 5120 3439 5124 _

2326 5109 2404 5193 ὦ)
2446 5125 2502 5181 Si
2518 5109 2635 5179 tota
2656 5109 2995 5193 clausula'ab
3028 5109 3183 5193 signo
3198 5118 3216 5137 ⁸
3236 5128 3345 5167 non
3366 5109 3741 5193 estalter-iusna‘llll-

2255 5165 3198 5266 ctdris,quoI;—Past3ris
3225 5193 3380 5266 certe
3399 5196 3501 5235 non

2262 5244 3062 5337 rusqtiejhodieﬁtlongiorem
3088 5253 3343 5330 prmtcriti
3370 5244 3743 5321 temporisiuter-

2257 5334 2570 5410 capedinem
2596 5334 2881 5391 denotans.
