  <div class='ocr_page' id='page_1' title='image "/cluster/home/n/w/nwhite01/storage/ocr_20150623/2/hvd.32044073501249/518.png"; bbox 0 0 4002 6308; ppageno 0'>
   <div class='ocr_carea' id='block_1_1' title="bbox 2786 210 3089 218">
    <p class='ocr_par' dir='ltr' id='par_1_1' title="bbox 2786 210 3089 218">
     <span class='ocr_line' id='line_1_1' title="bbox 2786 210 3089 218; baseline -0.003 0"><span class='ocrx_word' id='word_1_1' title='bbox 2786 210 2819 218; x_wconf 58' lang='grc' dir='ltr'><strong>τη</strong></span> <span class='ocrx_word' id='word_1_2' title='bbox 3038 210 3089 218; x_wconf 47' lang='lat' dir='ltr'><strong>,n</strong></span> 
     </span>
    </p>
   </div>
   <div class='ocr_carea' id='block_1_2' title="bbox 2554 248 3103 260">
    <p class='ocr_par' dir='ltr' id='par_1_2' title="bbox 2554 248 3103 260">
     <span class='ocr_line' id='line_1_2' title="bbox 2554 248 3103 260; baseline 0 -4"><span class='ocrx_word' id='word_1_3' title='bbox 2554 248 3103 260; x_wconf 49' lang='grc' dir='ltr'><strong>*α*</strong></span> 
     </span>
    </p>
   </div>
   <div class='ocr_carea' id='block_1_3' title="bbox 354 214 1864 757">
    <p class='ocr_par' dir='ltr' id='par_1_3' title="bbox 354 362 1864 757">
     <span class='ocr_line' id='line_1_3' title="bbox 354 362 1864 757; baseline -0.008 -122"><span class='ocrx_word' id='word_1_4' title='bbox 354 362 1413 757; x_wconf 64' lang='lat' dir='ltr'><strong>inuitum</strong></span> <span class='ocrx_word' id='word_1_5' title='bbox 1513 394 1864 624; x_wconf 82' lang='lat' dir='ltr'><strong>ut</strong></span> 
     </span>
    </p>
   </div>
   <div class='ocr_carea' id='block_1_4' title="bbox 1908 214 3403 757">
    <p class='ocr_par' dir='ltr' id='par_1_4' title="bbox 1908 214 3403 645">
     <span class='ocr_line' id='line_1_4' title="bbox 1908 214 3403 645; baseline 0.013 -18"><span class='ocrx_word' id='word_1_6' title='bbox 1908 248 3350 645; x_wconf 51' lang='lat' dir='ltr'><strong>nummum.</strong></span> <span class='ocrx_word' id='word_1_7' title='bbox 3390 214 3403 215; x_wconf 0' lang='lat' dir='ltr'><strong> </strong></span> 
     </span>
    </p>
   </div>
   <div class='ocr_carea' id='block_1_5' title="bbox 953 923 2800 1064">
    <p class='ocr_par' dir='ltr' id='par_1_5' title="bbox 953 923 2800 1064">
     <span class='ocr_line' id='line_1_5' title="bbox 953 923 2800 1064; baseline -0.006 0"><span class='ocrx_word' id='word_1_8' title='bbox 953 928 1733 1064; x_wconf 80' lang='lat' dir='ltr'><strong>VETEBUM</strong></span> <span class='ocrx_word' id='word_1_9' title='bbox 1828 923 2800 1054; x_wconf 85' lang='lat' dir='ltr'><strong>TESTIMONIA</strong></span> 
     </span>
    </p>
   </div>
   <div class='ocr_carea' id='block_1_6' title="bbox 828 1159 2889 1236">
    <p class='ocr_par' dir='ltr' id='par_1_6' title="bbox 828 1159 2889 1236">
     <span class='ocr_line' id='line_1_6' title="bbox 828 1159 2889 1236; baseline -0.002 -13"><span class='ocrx_word' id='word_1_10' title='bbox 828 1173 1114 1236; x_wconf 59' lang='lat' dir='ltr'><strong>(Causam,</strong></span> <span class='ocrx_word' id='word_1_11' title='bbox 1138 1169 1369 1220; x_wconf 69' lang='lat' dir='ltr'><strong>Veterum</strong></span> <span class='ocrx_word' id='word_1_12' title='bbox 1391 1166 1599 1215; x_wconf 83' lang='lat' dir='ltr'><strong>Patrum</strong></span> <span class='ocrx_word' id='word_1_13' title='bbox 1622 1159 1939 1224; x_wconf 75' lang='lat' dir='ltr'><strong>Bibliotheca,</strong></span> <span class='ocrx_word' id='word_1_14' title='bbox 1965 1169 1999 1211; x_wconf 83' lang='grc' dir='ltr'><strong>ι.</strong></span> <span class='ocrx_word' id='word_1_15' title='bbox 2023 1161 2065 1223; x_wconf 88' lang='lat' dir='ltr'><strong>I,</strong></span> <span class='ocrx_word' id='word_1_16' title='bbox 2087 1176 2136 1225; x_wconf 73' lang='grc' dir='ltr'><strong>ιι.</strong></span> <span class='ocrx_word' id='word_1_17' title='bbox 2162 1161 2272 1223; x_wconf 71' lang='grc'><strong>241,</strong></span> <span class='ocrx_word' id='word_1_18' title='bbox 2291 1161 2519 1212; x_wconf 83' lang='lat' dir='ltr'><strong>Venetiis</strong></span> <span class='ocrx_word' id='word_1_19' title='bbox 2544 1162 2681 1227; x_wconf 81' lang='lat'><strong>1765,</strong></span> <span class='ocrx_word' id='word_1_20' title='bbox 2702 1165 2889 1231; x_wconf 83' lang='lat' dir='ltr'><strong>in-fol.)</strong></span> 
     </span>
    </p>
   </div>
   <div class='ocr_carea' id='block_1_7' title="bbox 603 1436 3186 1515">
    <p class='ocr_par' dir='ltr' id='par_1_7' title="bbox 603 1436 3186 1515">
     <span class='ocr_line' id='line_1_7' title="bbox 603 1436 3186 1515; baseline -0.007 0"><span class='ocrx_word' id='word_1_21' title='bbox 603 1460 873 1515; x_wconf 71' lang='lat' dir='ltr'><strong>ORIGENES</strong></span> <span class='ocrx_word' id='word_1_22' title='bbox 904 1451 1088 1507; x_wconf 80' lang='lat' dir='ltr'><strong>homit.</strong></span> <span class='ocrx_word' id='word_1_23' title='bbox 1124 1466 1192 1504; x_wconf 84' lang='lat' dir='ltr'><strong>xv</strong></span> <span class='ocrx_word' id='word_1_24' title='bbox 1214 1449 1266 1502; x_wconf 90' lang='lat' dir='ltr'><strong>in</strong></span> <span class='ocrx_word' id='word_1_25' title='bbox 1293 1444 1476 1500; x_wconf 73' lang='lat' dir='ltr'><strong>Iosue.</strong></span> <span class='ocrx_word' id='word_1_26' title='bbox 1511 1441 1595 1497; x_wconf 78' lang='lat' dir='ltr'><strong>Ex</strong></span> <span class='ocrx_word' id='word_1_27' title='bbox 1624 1441 1754 1496; x_wconf 84' lang='lat' dir='ltr'><strong>edit.</strong></span> <span class='ocrx_word' id='word_1_28' title='bbox 1787 1439 1983 1494; x_wconf 83' lang='lat' dir='ltr'><strong>noviss.</strong></span> <span class='ocrx_word' id='word_1_29' title='bbox 2013 1437 2126 1492; x_wconf 88' lang='lat' dir='ltr'><strong>BB.</strong></span> <span class='ocrx_word' id='word_1_30' title='bbox 2158 1436 2339 1493; x_wconf 86' lang='lat' dir='ltr'><strong>Paris.</strong></span> <span class='ocrx_word' id='word_1_31' title='bbox 2369 1438 2529 1507; x_wconf 77' lang='lat' dir='ltr'><strong>i735,</strong></span> <span class='ocrx_word' id='word_1_32' title='bbox 2565 1449 2691 1494; x_wconf 86' lang='lat' dir='ltr'><strong>tom.</strong></span> <span class='ocrx_word' id='word_1_33' title='bbox 2727 1438 2813 1505; x_wconf 85' lang='grc'><strong>11,</strong></span> <span class='ocrx_word' id='word_1_34' title='bbox 2840 1458 2960 1511; x_wconf 84' lang='lat' dir='ltr'><strong>pag.</strong></span> <span class='ocrx_word' id='word_1_35' title='bbox 2992 1442 3098 1496; x_wconf 69' lang='grc'><strong>455</strong></span> <span class='ocrx_word' id='word_1_36' title='bbox 3122 1441 3186 1497; x_wconf 91' lang='lat' dir='ltr'><strong>C.</strong></span> 
     </span>
    </p>
   </div>
   <div class='ocr_carea' id='block_1_8' title="bbox 324 1559 3506 1650">
    <p class='ocr_par' dir='ltr' id='par_1_8' title="bbox 324 1559 3506 1650">
     <span class='ocr_line' id='line_1_8' title="bbox 324 1559 3506 1650; baseline -0.005 -19"><span class='ocrx_word' id='word_1_37' title='bbox 324 1587 427 1642; x_wconf 51' lang='lat' dir='ltr'><strong>sed.</strong></span> <span class='ocrx_word' id='word_1_38' title='bbox 468 1594 521 1639; x_wconf 66' lang='grc' dir='ltr'><strong>ει</strong></span> <span class='ocrx_word' id='word_1_39' title='bbox 564 1584 618 1637; x_wconf 79' lang='lat' dir='ltr'><strong>in</strong></span> <span class='ocrx_word' id='word_1_40' title='bbox 672 1582 856 1650; x_wconf 74' lang='lat' dir='ltr'><strong>aliquo</strong></span> <span class='ocrx_word' id='word_1_41' title='bbox 887 1576 1123 1650; x_wconf 67' lang='lat' dir='ltr'><strong>qundam</strong></span> <span class='ocrx_word' id='word_1_42' title='bbox 1174 1572 1391 1635; x_wconf 74' lang='lat' dir='ltr'><strong>libello,</strong></span> <span class='ocrx_word' id='word_1_43' title='bbox 1426 1567 1519 1650; x_wconf 82' lang='lat' dir='ltr'><strong>qui</strong></span> <span class='ocrx_word' id='word_1_44' title='bbox 1552 1564 1854 1635; x_wconf 75' lang='lat' dir='ltr'><strong>appellatur</strong></span> <span class='ocrx_word' id='word_1_45' title='bbox 1882 1559 2277 1642; x_wconf 60' lang='lat' dir='ltr'><strong>Testamentum</strong></span> <span class='ocrx_word' id='word_1_46' title='bbox 2316 1560 2595 1650; x_wconf 42' lang='lat' dir='ltr'><strong>duodecim</strong></span> <span class='ocrx_word' id='word_1_47' title='bbox 2621 1559 3078 1650; x_wconf 66' lang='lat' dir='ltr'><strong>patriarcharum,</strong></span> <span class='ocrx_word' id='word_1_48' title='bbox 3103 1560 3369 1650; x_wconf 59' lang='lat' dir='ltr'><strong>quamvis</strong></span> <span class='ocrx_word' id='word_1_49' title='bbox 3394 1577 3506 1650; x_wconf 36' lang='lat' dir='ltr'><strong>nim</strong></span> 
     </span>
    </p>
   </div>
   <div class='ocr_carea' id='block_1_9' title="bbox 238 1626 3508 1714">
    <p class='ocr_par' dir='ltr' id='par_1_9' title="bbox 238 1626 3508 1714">
     <span class='ocr_line' id='line_1_9' title="bbox 238 1626 3508 1714; baseline -0.008 -1"><span class='ocrx_word' id='word_1_50' title='bbox 238 1626 521 1714; x_wconf 42' lang='lat'><strong>1.3175415?</strong></span> <span class='ocrx_word' id='word_1_51' title='bbox 547 1626 1268 1709; x_wconf 56' lang='lat' dir='ltr'><strong>iH&#39;ciiiSBé.‘t§t}sh§iamen</strong></span> <span class='ocrx_word' id='word_1_52' title='bbox 1298 1626 1844 1714; x_wconf 44' lang='lat' dir='ltr'><strong>quemdam-sensum</strong></span> <span class='ocrx_word' id='word_1_53' title='bbox 1877 1632 2219 1698; x_wconf 77' lang='lat' dir='ltr'><strong>invenimus,</strong></span> <span class='ocrx_word' id='word_1_54' title='bbox 2251 1631 2398 1701; x_wconf 90' lang='lat' dir='ltr'><strong>quod</strong></span> <span class='ocrx_word' id='word_1_55' title='bbox 2444 1647 2545 1702; x_wconf 82' lang='lat' dir='ltr'><strong>per</strong></span> <span class='ocrx_word' id='word_1_56' title='bbox 2587 1626 2833 1702; x_wconf 80' lang='lat' dir='ltr'><strong>singulos</strong></span> <span class='ocrx_word' id='word_1_57' title='bbox 2859 1626 3146 1699; x_wconf 81' lang='lat' dir='ltr'><strong>peccantes</strong></span> <span class='ocrx_word' id='word_1_58' title='bbox 3174 1631 3374 1702; x_wconf 77' lang='lat' dir='ltr'><strong>singuli</strong></span> <span class='ocrx_word' id='word_1_59' title='bbox 3403 1626 3508 1688; x_wconf 72' lang='lat' dir='ltr'><strong>Sa-</strong></span> 
     </span>
    </p>
   </div>
   <div class='ocr_carea' id='block_1_10' title="bbox 242 1706 1699 1795">
    <p class='ocr_par' dir='ltr' id='par_1_10' title="bbox 242 1706 1699 1795">
     <span class='ocr_line' id='line_1_10' title="bbox 242 1706 1699 1795; baseline -0.019 -10"><span class='ocrx_word' id='word_1_60' title='bbox 242 1706 642 1795; x_wconf 33' lang='lat' dir='ltr'><strong>ta—Iize&#39;inteiligi</strong></span> <span class='ocrx_word' id='word_1_61' title='bbox 667 1706 920 1777; x_wconf 86' lang='lat' dir='ltr'><strong>debeant.</strong></span> <span class='ocrx_word' id='word_1_62' title='bbox 962 1716 1191 1771; x_wconf 85' lang='lat' dir='ltr'><strong>Testam.</strong></span> <span class='ocrx_word' id='word_1_63' title='bbox 1217 1729 1258 1778; x_wconf 82' lang='grc' dir='ltr'><strong>ι,</strong></span> <span class='ocrx_word' id='word_1_64' title='bbox 1286 1706 1467 1765; x_wconf 81' lang='lat' dir='ltr'><strong>Ruben</strong></span> <span class='ocrx_word' id='word_1_65' title='bbox 1503 1723 1620 1777; x_wconf 85' lang='lat' dir='ltr'><strong>cap.</strong></span> <span class='ocrx_word' id='word_1_66' title='bbox 1648 1706 1699 1760; x_wconf 78' lang='grc'><strong>5.</strong></span> 
     </span>
    </p>
   </div>
   <div class='ocr_carea' id='block_1_11' title="bbox 1257 1913 2477 1984">
    <p class='ocr_par' dir='ltr' id='par_1_11' title="bbox 1257 1913 2477 1984">
     <span class='ocr_line' id='line_1_11' title="bbox 1257 1913 2477 1984; baseline -0.007 -6"><span class='ocrx_word' id='word_1_67' title='bbox 1257 1924 1560 1978; x_wconf 77' lang='lat' dir='ltr'><strong>Pnocorws</strong></span> <span class='ocrx_word' id='word_1_68' title='bbox 1589 1918 1882 1975; x_wconf 77' lang='lat' dir='ltr'><strong>Comment.</strong></span> <span class='ocrx_word' id='word_1_69' title='bbox 1914 1916 1969 1968; x_wconf 86' lang='lat' dir='ltr'><strong>in</strong></span> <span class='ocrx_word' id='word_1_70' title='bbox 2002 1913 2212 1981; x_wconf 84' lang='lat' dir='ltr'><strong>Genes.,</strong></span> <span class='ocrx_word' id='word_1_71' title='bbox 2238 1930 2355 1984; x_wconf 86' lang='lat' dir='ltr'><strong>cap.</strong></span> <span class='ocrx_word' id='word_1_72' title='bbox 2387 1914 2477 1969; x_wconf 77' lang='lat'><strong>58.</strong></span> 
     </span>
    </p>
   </div>
   <div class='ocr_carea' id='block_1_12' title="bbox 314 2036 3507 2130">
    <p class='ocr_par' dir='ltr' id='par_1_12' title="bbox 314 2036 3507 2130">
     <span class='ocr_line' id='line_1_12' title="bbox 314 2036 3507 2130; baseline -0.008 -8"><span class='ocrx_word' id='word_1_73' title='bbox 314 2069 411 2123; x_wconf 84' lang='lat' dir='ltr'><strong>Ille</strong></span> <span class='ocrx_word' id='word_1_74' title='bbox 439 2063 682 2130; x_wconf 82' lang='lat' dir='ltr'><strong>(Judas),</strong></span> <span class='ocrx_word' id='word_1_75' title='bbox 717 2075 887 2115; x_wconf 75' lang='lat' dir='ltr'><strong>uxore</strong></span> <span class='ocrx_word' id='word_1_76' title='bbox 917 2055 1198 2130; x_wconf 83' lang='lat' dir='ltr'><strong>defuncta,</strong></span> <span class='ocrx_word' id='word_1_77' title='bbox 1243 2046 1521 2126; x_wconf 63' lang='lat' dir='ltr'><strong>qumrebat</strong></span> <span class='ocrx_word' id='word_1_78' title='bbox 1548 2042 1816 2130; x_wconf 59' lang='lat' dir='ltr'><strong>sqbolcm:</strong></span> <span class='ocrx_word' id='word_1_79' title='bbox 1856 2039 1910 2130; x_wconf 75' lang='lat' dir='ltr'><strong>lp</strong></span> <span class='ocrx_word' id='word_1_80' title='bbox 1957 2038 2310 2130; x_wconf 65' lang='lat' dir='ltr'><strong>Testamento</strong></span> <span class='ocrx_word' id='word_1_81' title='bbox 2357 2036 2557 2121; x_wconf 69' lang='lat' dir='ltr'><strong>(aiunt)</strong></span> <span class='ocrx_word' id='word_1_82' title='bbox 2602 2047 2889 2130; x_wconf 64' lang='lat' dir='ltr'><strong>attestatur</strong></span> <span class='ocrx_word' id='word_1_83' title='bbox 2932 2040 2977 2095; x_wconf 92' lang='lat' dir='ltr'><strong>ei</strong></span> <span class='ocrx_word' id='word_1_84' title='bbox 3010 2037 3159 2130; x_wconf 58' lang='lat' dir='ltr'><strong>Betis</strong></span> <span class='ocrx_word' id='word_1_85' title='bbox 3178 2040 3372 2130; x_wconf 57' lang='lat' dir='ltr'><strong>,mquod</strong></span> <span class='ocrx_word' id='word_1_86' title='bbox 3408 2039 3507 2096; x_wconf 80' lang='lat' dir='ltr'><strong>diu</strong></span> 
     </span>
    </p>
   </div>
   <div class='ocr_carea' id='block_1_13' title="bbox 236 2135 781 2203">
    <p class='ocr_par' dir='ltr' id='par_1_13' title="bbox 236 2135 781 2203">
     <span class='ocr_line' id='line_1_13' title="bbox 236 2135 781 2203; baseline -0.018 -9"><span class='ocrx_word' id='word_1_87' title='bbox 236 2157 362 2196; x_wconf 82' lang='lat' dir='ltr'><strong>eam</strong></span> <span class='ocrx_word' id='word_1_88' title='bbox 392 2135 781 2203; x_wconf 87' lang='lat' dir='ltr'><strong>(Thamarem),</strong></span> 
     </span>
    </p>
   </div>
   <div class='ocr_carea' id='block_1_14' title="bbox 238 2202 899 2278">
    <p class='ocr_par' dir='ltr' id='par_1_14' title="bbox 238 2202 899 2278">
     <span class='ocr_line' id='line_1_14' title="bbox 238 2202 899 2278; baseline -0.02 -12"><span class='ocrx_word' id='word_1_89' title='bbox 238 2202 424 2277; x_wconf 56' lang='lat' dir='ltr'><strong>ludat,</strong></span> <span class='ocrx_word' id='word_1_90' title='bbox 452 2222 604 2278; x_wconf 76' lang='lat' dir='ltr'><strong>capp.</strong></span> <span class='ocrx_word' id='word_1_91' title='bbox 634 2205 702 2258; x_wconf 82' lang='grc'><strong>10</strong></span> <span class='ocrx_word' id='word_1_92' title='bbox 732 2212 781 2257; x_wconf 84' lang='lat' dir='ltr'><strong>et</strong></span> <span class='ocrx_word' id='word_1_93' title='bbox 812 2202 899 2254; x_wconf 75' lang='grc'><strong>12.</strong></span> 
     </span>
    </p>
   </div>
   <div class='ocr_carea' id='block_1_15' title="bbox 833 2107 3499 2186">
    <p class='ocr_par' dir='ltr' id='par_1_15' title="bbox 833 2107 3499 2186">
     <span class='ocr_line' id='line_1_15' title="bbox 833 2107 3499 2186; baseline -0.008 -2"><span class='ocrx_word' id='word_1_94' title='bbox 833 2107 1355 2184; x_wconf 50' lang='grc' dir='ltr'><strong>ἒῖιῐῖι”ίῖόι)υοέεέει</strong></span> <span class='ocrx_word' id='word_1_95' title='bbox 1393 2116 1568 2186; x_wconf 81' lang='lat' dir='ltr'><strong>virgo,</strong></span> <span class='ocrx_word' id='word_1_96' title='bbox 1592 2112 1763 2168; x_wconf 88' lang='lat' dir='ltr'><strong>Judas</strong></span> <span class='ocrx_word' id='word_1_97' title='bbox 1802 2110 2055 2166; x_wconf 89' lang='lat' dir='ltr'><strong>habuerit</strong></span> <span class='ocrx_word' id='word_1_98' title='bbox 2104 2126 2118 2163; x_wconf 88' lang='lat'>:</span> <span class='ocrx_word' id='word_1_99' title='bbox 2161 2107 2406 2179; x_wconf 73' lang='lat' dir='ltr'><strong>lusitque</strong></span> <span class='ocrx_word' id='word_1_100' title='bbox 2448 2110 2792 2179; x_wconf 71' lang='lat' dir='ltr'><strong>iniquitatem</strong></span> <span class='ocrx_word' id='word_1_101' title='bbox 2824 2111 2966 2181; x_wconf 87' lang='lat' dir='ltr'><strong>ejus.</strong></span> <span class='ocrx_word' id='word_1_102' title='bbox 3010 2107 3138 2164; x_wconf 80' lang='lat' dir='ltr'><strong>Vide</strong></span> <span class='ocrx_word' id='word_1_103' title='bbox 3178 2107 3499 2165; x_wconf 78' lang='lat' dir='ltr'><strong>Testament.</strong></span> 
     </span>
    </p>
   </div>
   <div class='ocr_carea' id='block_1_16' title="bbox 1826 2275 1913 2332">
    <p class='ocr_par' dir='ltr' id='par_1_16' title="bbox 1826 2275 1913 2332">
     <span class='ocr_line' id='line_1_16' title="bbox 1826 2275 1913 2332; baseline 0 0"><span class='ocrx_word' id='word_1_104' title='bbox 1826 2275 1913 2332; x_wconf 85' lang='lat' dir='ltr'><strong>Ill.</strong></span> 
     </span>
    </p>
   </div>
   <div class='ocr_carea' id='block_1_17' title="bbox 237 2385 3501 2530">
    <p class='ocr_par' dir='ltr' id='par_1_17' title="bbox 237 2385 3501 2530">
     <span class='ocr_line' id='line_1_17' title="bbox 237 2385 3501 2530; baseline -0.007 -59"><span class='ocrx_word' id='word_1_105' title='bbox 237 2416 581 2472; x_wconf 68' lang='lat' dir='ltr'><strong>Anssrssws</strong></span> <span class='ocrx_word' id='word_1_106' title='bbox 621 2408 846 2466; x_wconf 65' lang='lat' dir='ltr'><strong>Summ</strong></span> <span class='ocrx_word' id='word_1_107' title='bbox 868 2398 1158 2473; x_wconf 83' lang='lat' dir='ltr'><strong>Anagogic.</strong></span> <span class='ocrx_word' id='word_1_108' title='bbox 1189 2391 1563 2463; x_wconf 84' lang='lat' dir='ltr'><strong>Contemplatt.</strong></span> <span class='ocrx_word' id='word_1_109' title='bbox 1596 2391 1651 2443; x_wconf 87' lang='lat' dir='ltr'><strong>in</strong></span> <span class='ocrx_word' id='word_1_110' title='bbox 1681 2385 2171 2530; x_wconf 40' lang='lat' dir='ltr'><strong>’{Iagxaggtse’ngt&#39;lih</strong></span> <span class='ocrx_word' id='word_1_111' title='bbox 2202 2391 2301 2454; x_wconf 66' lang='lat' dir='ltr'><strong>ﬁt,</strong></span> <span class='ocrx_word' id='word_1_112' title='bbox 2326 2400 2391 2441; x_wconf 74' lang='lat' dir='ltr'><strong>ea:</strong></span> <span class='ocrx_word' id='word_1_113' title='bbox 2421 2388 2549 2442; x_wconf 84' lang='lat' dir='ltr'><strong>edit.</strong></span> <span class='ocrx_word' id='word_1_114' title='bbox 2581 2385 2840 2441; x_wconf 78' lang='lat' dir='ltr'><strong>Biblioth.</strong></span> <span class='ocrx_word' id='word_1_115' title='bbox 2883 2386 3001 2443; x_wconf 83' lang='lat' dir='ltr'><strong>PP.</strong></span> <span class='ocrx_word' id='word_1_116' title='bbox 3041 2387 3214 2460; x_wconf 79' lang='lat' dir='ltr'><strong>Lugd.</strong></span> <span class='ocrx_word' id='word_1_117' title='bbox 3242 2399 3365 2446; x_wconf 84' lang='lat' dir='ltr'><strong>tom.</strong></span> <span class='ocrx_word' id='word_1_118' title='bbox 3394 2392 3501 2462; x_wconf 77' lang='lat' dir='ltr'><strong>IX,</strong></span> 
     </span>
    </p>
   </div>
   <div class='ocr_carea' id='block_1_18' title="bbox 320 2572 3500 2660">
    <p class='ocr_par' dir='ltr' id='par_1_18' title="bbox 320 2572 3500 2660">
     <span class='ocr_line' id='line_1_18' title="bbox 320 2572 3500 2660; baseline -0.009 -1"><span class='ocrx_word' id='word_1_119' title='bbox 320 2602 470 2659; x_wconf 88' lang='lat' dir='ltr'><strong>Unde</strong></span> <span class='ocrx_word' id='word_1_120' title='bbox 495 2598 704 2655; x_wconf 68' lang='lat' dir='ltr'><strong>Hebraei</strong></span> <span class='ocrx_word' id='word_1_121' title='bbox 732 2614 794 2652; x_wconf 77' lang='lat' dir='ltr'><strong>ex</strong></span> <span class='ocrx_word' id='word_1_122' title='bbox 819 2595 961 2649; x_wconf 88' lang='lat' dir='ltr'><strong>libro</strong></span> <span class='ocrx_word' id='word_1_123' title='bbox 983 2590 1077 2660; x_wconf 86' lang='lat' dir='ltr'><strong>qui</strong></span> <span class='ocrx_word' id='word_1_124' title='bbox 1102 2603 1208 2641; x_wconf 92' lang='lat' dir='ltr'><strong>non</strong></span> <span class='ocrx_word' id='word_1_125' title='bbox 1232 2595 1313 2640; x_wconf 86' lang='lat' dir='ltr'><strong>est</strong></span> <span class='ocrx_word' id='word_1_126' title='bbox 1341 2586 1596 2660; x_wconf 78' lang='lat' dir='ltr'><strong>redactus</strong></span> <span class='ocrx_word' id='word_1_127' title='bbox 1623 2580 1675 2633; x_wconf 89' lang='lat' dir='ltr'><strong>in</strong></span> <span class='ocrx_word' id='word_1_128' title='bbox 1700 2578 2001 2660; x_wconf 71' lang='lat' dir='ltr'><strong>Canonern.</strong></span> <span class='ocrx_word' id='word_1_129' title='bbox 2027 2575 2363 2660; x_wconf 39' lang='lat' dir='ltr'><strong>qni&#39;qu‘idem</strong></span> <span class='ocrx_word' id='word_1_130' title='bbox 2386 2572 3003 2660; x_wconf 49' lang='lat' dir='ltr'><strong>diciturTestantlentupi</strong></span> <span class='ocrx_word' id='word_1_131' title='bbox 3028 2576 3500 2660; x_wconf 57' lang='lat' dir='ltr'><strong>protoplastorum,</strong></span> 
     </span>
    </p>
   </div>
   <div class='ocr_carea' id='block_1_19' title="bbox 236 2663 1110 2784">
    <p class='ocr_par' dir='ltr' id='par_1_19' title="bbox 236 2663 1110 2784">
     <span class='ocr_line' id='line_1_19' title="bbox 236 2663 1110 2784; baseline -0.019 -55"><span class='ocrx_word' id='word_1_132' title='bbox 236 2675 435 2730; x_wconf 86' lang='lat' dir='ltr'><strong>dicunt</strong></span> <span class='ocrx_word' id='word_1_133' title='bbox 460 2669 874 2738; x_wconf 70' lang='lat' dir='ltr'><strong>quadragesima</strong></span> <span class='ocrx_word' id='word_1_134' title='bbox 900 2664 987 2742; x_wconf 74' lang='lat' dir='ltr'><strong>die</strong></span> <span class='ocrx_word' id='word_1_135' title='bbox 1022 2663 1110 2784; x_wconf 54' lang='lat' dir='ltr'><strong>ing</strong></span> 
     </span>
     <span class='ocr_line' id='line_1_20' title="bbox 238 2733 1074 2784; baseline 0 0"><span class='ocrx_word' id='word_1_136' title='bbox 238 2745 448 2784; x_wconf 72' lang='lat' dir='ltr'><strong>argnhn</strong></span> <span class='ocrx_word' id='word_1_137' title='bbox 467 2739 753 2784; x_wconf 72' lang='lat' dir='ltr'><strong>Durrhnni-</strong></span> <span class='ocrx_word' id='word_1_138' title='bbox 785 2747 840 2784; x_wconf 76' lang='lat' dir='ltr'><strong>et</strong></span> <span class='ocrx_word' id='word_1_139' title='bbox 872 2733 1074 2784; x_wconf 79' lang='lat' dir='ltr'><strong>auibus</strong></span> 
     </span>
    </p>
   </div>
   <div class='ocr_carea' id='block_1_20' title="bbox 236 2723 1657 2816">
    <p class='ocr_par' dir='ltr' id='par_1_20' title="bbox 236 2723 1657 2816">
     <span class='ocr_line' id='line_1_21' title="bbox 236 2723 1657 2816; baseline -0.018 -16"><span class='ocrx_word' id='word_1_140' title='bbox 236 2723 448 2816; x_wconf 54' lang='lat' dir='ltr'><strong>iisiis</strong></span> <span class='ocrx_word' id='word_1_141' title='bbox 467 2723 755 2813; x_wconf 42' lang='lat' dir='ltr'><strong>er-rho&#39;ni,</strong></span> <span class='ocrx_word' id='word_1_142' title='bbox 785 2747 840 2792; x_wconf 91' lang='lat' dir='ltr'><strong>et.</strong></span> <span class='ocrx_word' id='word_1_143' title='bbox 872 2723 1201 2805; x_wconf 81' lang='lat' dir='ltr'><strong>quibusdam</strong></span> <span class='ocrx_word' id='word_1_144' title='bbox 1232 2723 1657 2796; x_wconf 83' lang='lat' dir='ltr'><strong>expositoribus.</strong></span> 
     </span>
    </p>
   </div>
   <div class='ocr_carea' id='block_1_21' title="bbox 1116 2646 3503 2718">
    <p class='ocr_par' dir='ltr' id='par_1_21' title="bbox 1116 2646 3503 2718">
     <span class='ocr_line' id='line_1_22' title="bbox 1116 2646 3503 2718; baseline -0.004 -6"><span class='ocrx_word' id='word_1_145' title='bbox 1116 2672 1328 2711; x_wconf 88' lang='lat' dir='ltr'><strong>ressum</strong></span> <span class='ocrx_word' id='word_1_146' title='bbox 1354 2670 1474 2709; x_wconf 86' lang='lat' dir='ltr'><strong>esse</strong></span> <span class='ocrx_word' id='word_1_147' title='bbox 1500 2652 1675 2706; x_wconf 85' lang='lat' dir='ltr'><strong>Adam</strong></span> <span class='ocrx_word' id='word_1_148' title='bbox 1706 2652 1759 2703; x_wconf 92' lang='lat' dir='ltr'><strong>in</strong></span> <span class='ocrx_word' id='word_1_149' title='bbox 1783 2648 2067 2718; x_wconf 75' lang='lat' dir='ltr'><strong>paradiso,</strong></span> <span class='ocrx_word' id='word_1_150' title='bbox 2093 2647 2238 2701; x_wconf 85' lang='lat' dir='ltr'><strong>sicut</strong></span> <span class='ocrx_word' id='word_1_151' title='bbox 2264 2646 2428 2701; x_wconf 80' lang='lat' dir='ltr'><strong>etiam</strong></span> <span class='ocrx_word' id='word_1_152' title='bbox 2463 2646 2673 2701; x_wconf 83' lang='lat' dir='ltr'><strong>videtur</strong></span> <span class='ocrx_word' id='word_1_153' title='bbox 2708 2646 2925 2701; x_wconf 88' lang='lat' dir='ltr'><strong>cuidam</strong></span> <span class='ocrx_word' id='word_1_154' title='bbox 2951 2646 3216 2701; x_wconf 85' lang='lat' dir='ltr'><strong>historico</strong></span> <span class='ocrx_word' id='word_1_155' title='bbox 3263 2646 3503 2703; x_wconf 56' lang='lat' dir='ltr'><strong>chrono-L</strong></span> 
     </span>
    </p>
   </div>
   <div class='ocr_carea' id='block_1_22' title="bbox 754 2904 3456 2945">
    <p class='ocr_par' dir='ltr' id='par_1_22' title="bbox 754 2904 3456 2945">
     <span class='ocr_line' id='line_1_23' title="bbox 754 2904 3456 2945; baseline -0.01 0"><span class='ocrx_word' id='word_1_156' title='bbox 754 2904 3456 2945; x_wconf 55' lang='grc' dir='ltr'><strong>*Μ’-.-ο</strong></span> 
     </span>
    </p>
   </div>
   <div class='ocr_carea' id='block_1_23' title="bbox 1461 3085 2266 3183">
    <p class='ocr_par' dir='ltr' id='par_1_23' title="bbox 1461 3085 2266 3183">
     <span class='ocr_line' id='line_1_24' title="bbox 1461 3085 2266 3183; baseline -0.006 0"><span class='ocrx_word' id='word_1_157' title='bbox 1461 3085 2266 3183; x_wconf 77' lang='lat' dir='ltr'><strong>DISSERTATIO</strong></span> 
     </span>
    </p>
   </div>
   <div class='ocr_carea' id='block_1_24' title="bbox 677 3289 3057 3391">
    <p class='ocr_par' dir='ltr' id='par_1_24' title="bbox 677 3289 3057 3391">
     <span class='ocr_line' id='line_1_25' title="bbox 677 3289 3057 3391; baseline -0.009 -20"><span class='ocrx_word' id='word_1_158' title='bbox 677 3312 770 3373; x_wconf 86' lang='lat' dir='ltr'><strong>De</strong></span> <span class='ocrx_word' id='word_1_159' title='bbox 824 3308 995 3373; x_wconf 88' lang='lat' dir='ltr'><strong>libro</strong></span> <span class='ocrx_word' id='word_1_160' title='bbox 1033 3309 1148 3391; x_wconf 86' lang='lat' dir='ltr'><strong>qui</strong></span> <span class='ocrx_word' id='word_1_161' title='bbox 1190 3306 1281 3367; x_wconf 85' lang='lat' dir='ltr'><strong>De</strong></span> <span class='ocrx_word' id='word_1_162' title='bbox 1311 3299 1637 3366; x_wconf 82' lang='lat' dir='ltr'><strong>duodecim</strong></span> <span class='ocrx_word' id='word_1_163' title='bbox 1665 3292 2191 3358; x_wconf 85' lang='lat' dir='ltr'><strong>Patriarcharum</strong></span> <span class='ocrx_word' id='word_1_164' title='bbox 2235 3289 2622 3350; x_wconf 79' lang='lat' dir='ltr'><strong>testamentis</strong></span> <span class='ocrx_word' id='word_1_165' title='bbox 2654 3289 3057 3357; x_wconf 81' lang='lat' dir='ltr'><strong>inscribitur.</strong></span> 
     </span>
    </p>
   </div>
   <div class='ocr_carea' id='block_1_25' title="bbox 1816 3472 1888 3487">
    <p class='ocr_par' dir='ltr' id='par_1_25' title="bbox 1816 3472 1888 3487">
     <span class='ocr_line' id='line_1_26' title="bbox 1816 3472 1888 3487; baseline 0 -3"><span class='ocrx_word' id='word_1_166' title='bbox 1816 3472 1888 3487; x_wconf 44' lang='grc' dir='ltr'>β</span> 
     </span>
    </p>
   </div>
   <div class='ocr_carea' id='block_1_26' title="bbox 1052 3572 2670 3660">
    <p class='ocr_par' dir='ltr' id='par_1_26' title="bbox 1052 3572 2670 3660">
     <span class='ocr_line' id='line_1_27' title="bbox 1052 3572 2670 3660; baseline -0.015 -11"><span class='ocrx_word' id='word_1_167' title='bbox 1052 3600 1133 3660; x_wconf 86' lang='grc' dir='ltr'><strong>(Ι).</strong></span> <span class='ocrx_word' id='word_1_168' title='bbox 1158 3598 1226 3647; x_wconf 74' lang='lat' dir='ltr'><strong>LI:</strong></span> <span class='ocrx_word' id='word_1_169' title='bbox 1256 3596 1479 3656; x_wconf 67' lang='lat' dir='ltr'><strong>Noun“,</strong></span> <span class='ocrx_word' id='word_1_170' title='bbox 1502 3595 1775 3657; x_wconf 74' lang='lat' dir='ltr'><strong>Apparatus</strong></span> <span class='ocrx_word' id='word_1_171' title='bbox 1797 3584 1862 3637; x_wconf 85' lang='lat' dir='ltr'><strong>ad</strong></span> <span class='ocrx_word' id='word_1_172' title='bbox 1890 3576 2117 3635; x_wconf 79' lang='lat' dir='ltr'><strong>Biblioth.</strong></span> <span class='ocrx_word' id='word_1_173' title='bbox 2138 3587 2293 3637; x_wconf 52' lang='lat' dir='ltr'><strong>mean,</strong></span> <span class='ocrx_word' id='word_1_174' title='bbox 2326 3580 2364 3625; x_wconf 70' lang='grc' dir='ltr'><strong>ί.</strong></span> <span class='ocrx_word' id='word_1_175' title='bbox 2397 3572 2441 3639; x_wconf 84' lang='grc' dir='ltr'><strong>Ῑ,</strong></span> <span class='ocrx_word' id='word_1_176' title='bbox 2464 3589 2513 3639; x_wconf 83' lang='grc' dir='ltr'><strong>ρ.</strong></span> <span class='ocrx_word' id='word_1_177' title='bbox 2534 3574 2670 3639; x_wconf 72' lang='grc'><strong>258.)</strong></span> 
     </span>
    </p>
   </div>
   <div class='ocr_carea' id='block_1_27' title="bbox 656 3777 1385 3843">
    <p class='ocr_par' dir='ltr' id='par_1_27' title="bbox 656 3777 1385 3843">
     <span class='ocr_line' id='line_1_28' title="bbox 656 3777 1385 3843; baseline 0 -2"><span class='ocrx_word' id='word_1_178' title='bbox 656 3786 1055 3843; x_wconf 80' lang='lat' dir='ltr'><strong>ARTICULUS</strong></span> <span class='ocrx_word' id='word_1_179' title='bbox 1101 3777 1385 3841; x_wconf 83' lang='lat' dir='ltr'><strong>PRIMUS.</strong></span> 
     </span>
    </p>
   </div>
   <div class='ocr_carea' id='block_1_28' title="bbox 722 3901 1319 3973">
    <p class='ocr_par' dir='ltr' id='par_1_28' title="bbox 722 3901 1319 3973">
     <span class='ocr_line' id='line_1_29' title="bbox 722 3901 1319 3973; baseline -0.002 -17"><span class='ocrx_word' id='word_1_180' title='bbox 722 3903 974 3973; x_wconf 80' lang='lat' dir='ltr'><strong>Analysis</strong></span> <span class='ocrx_word' id='word_1_181' title='bbox 996 3903 1152 3972; x_wconf 86' lang='lat' dir='ltr'><strong>hujus</strong></span> <span class='ocrx_word' id='word_1_182' title='bbox 1172 3901 1319 3956; x_wconf 85' lang='lat' dir='ltr'><strong>libri.</strong></span> 
     </span>
    </p>
   </div>
   <div class='ocr_carea' id='block_1_29' title="bbox 306 4033 1810 4104">
    <p class='ocr_par' dir='ltr' id='par_1_29' title="bbox 306 4033 1810 4104">
     <span class='ocr_line' id='line_1_30' title="bbox 306 4033 1810 4104; baseline -0.005 -9"><span class='ocrx_word' id='word_1_183' title='bbox 306 4037 366 4095; x_wconf 85' lang='lat' dir='ltr'><strong>ln</strong></span> <span class='ocrx_word' id='word_1_184' title='bbox 408 4039 516 4095; x_wconf 83' lang='lat' dir='ltr'><strong>hoc</strong></span> <span class='ocrx_word' id='word_1_185' title='bbox 558 4038 698 4093; x_wconf 82' lang='lat' dir='ltr'><strong>libro</strong></span> <span class='ocrx_word' id='word_1_186' title='bbox 746 4037 1076 4093; x_wconf 81' lang='lat' dir='ltr'><strong>exhibentur</strong></span> <span class='ocrx_word' id='word_1_187' title='bbox 1129 4035 1319 4091; x_wconf 89' lang='lat' dir='ltr'><strong>ultima</strong></span> <span class='ocrx_word' id='word_1_188' title='bbox 1370 4033 1659 4090; x_wconf 88' lang='lat' dir='ltr'><strong>duodecim</strong></span> <span class='ocrx_word' id='word_1_189' title='bbox 1709 4048 1810 4104; x_wconf 87' lang='lat' dir='ltr'><strong>pa-</strong></span> 
     </span>
    </p>
   </div>
   <div class='ocr_carea' id='block_1_30' title="bbox 232 4126 1811 4197">
    <p class='ocr_par' dir='ltr' id='par_1_30' title="bbox 232 4126 1811 4197">
     <span class='ocr_line' id='line_1_31' title="bbox 232 4126 1811 4197; baseline -0.002 -12"><span class='ocrx_word' id='word_1_190' title='bbox 232 4129 623 4195; x_wconf 86' lang='lat' dir='ltr'><strong>triarcharum,</strong></span> <span class='ocrx_word' id='word_1_191' title='bbox 640 4130 872 4183; x_wconf 86' lang='lat' dir='ltr'><strong>ﬁliorum</strong></span> <span class='ocrx_word' id='word_1_192' title='bbox 896 4127 1086 4195; x_wconf 84' lang='lat' dir='ltr'><strong>Jacob,</strong></span> <span class='ocrx_word' id='word_1_193' title='bbox 1116 4127 1298 4189; x_wconf 84' lang='lat' dir='ltr'><strong>verba,</strong></span> <span class='ocrx_word' id='word_1_194' title='bbox 1316 4143 1439 4197; x_wconf 71' lang='lat' dir='ltr'><strong>qua:</strong></span> <span class='ocrx_word' id='word_1_195' title='bbox 1464 4127 1565 4197; x_wconf 88' lang='lat' dir='ltr'><strong>ipsi</strong></span> <span class='ocrx_word' id='word_1_196' title='bbox 1582 4126 1811 4197; x_wconf 86' lang='lat' dir='ltr'><strong>jamjam</strong></span> 
     </span>
    </p>
   </div>
   <div class='ocr_carea' id='block_1_31' title="bbox 235 4218 1811 4290">
    <p class='ocr_par' dir='ltr' id='par_1_31' title="bbox 235 4218 1811 4290">
     <span class='ocr_line' id='line_1_32' title="bbox 235 4218 1811 4290; baseline -0.003 -13"><span class='ocrx_word' id='word_1_197' title='bbox 235 4222 489 4277; x_wconf 90' lang='lat' dir='ltr'><strong>morituri</strong></span> <span class='ocrx_word' id='word_1_198' title='bbox 520 4221 586 4275; x_wconf 89' lang='lat' dir='ltr'><strong>ad</strong></span> <span class='ocrx_word' id='word_1_199' title='bbox 625 4220 784 4286; x_wconf 90' lang='lat' dir='ltr'><strong>ﬁlios,</strong></span> <span class='ocrx_word' id='word_1_200' title='bbox 822 4230 985 4290; x_wconf 89' lang='lat' dir='ltr'><strong>atque</strong></span> <span class='ocrx_word' id='word_1_201' title='bbox 1016 4236 1083 4275; x_wconf 81' lang='lat' dir='ltr'><strong>ex</strong></span> <span class='ocrx_word' id='word_1_202' title='bbox 1107 4218 1312 4274; x_wconf 85' lang='lat' dir='ltr'><strong>eisdem</strong></span> <span class='ocrx_word' id='word_1_203' title='bbox 1345 4219 1614 4286; x_wconf 89' lang='lat' dir='ltr'><strong>nonnulli,</strong></span> <span class='ocrx_word' id='word_1_204' title='bbox 1646 4219 1811 4274; x_wconf 89' lang='lat' dir='ltr'><strong>nimi-</strong></span> 
     </span>
    </p>
   </div>
   <div class='ocr_carea' id='block_1_32' title="bbox 231 4309 1811 4381">
    <p class='ocr_par' dir='ltr' id='par_1_32' title="bbox 231 4309 1811 4381">
     <span class='ocr_line' id='line_1_33' title="bbox 231 4309 1811 4381; baseline -0.002 -13"><span class='ocrx_word' id='word_1_205' title='bbox 231 4329 357 4368; x_wconf 83' lang='lat' dir='ltr'><strong>rum</strong></span> <span class='ocrx_word' id='word_1_206' title='bbox 398 4312 589 4368; x_wconf 82' lang='lat' dir='ltr'><strong>Ruben</strong></span> <span class='ocrx_word' id='word_1_207' title='bbox 621 4322 675 4367; x_wconf 91' lang='lat' dir='ltr'><strong>et</strong></span> <span class='ocrx_word' id='word_1_208' title='bbox 707 4310 905 4381; x_wconf 73' lang='lat' dir='ltr'><strong>Ioseph</strong></span> <span class='ocrx_word' id='word_1_209' title='bbox 943 4310 1009 4365; x_wconf 90' lang='lat' dir='ltr'><strong>ad</strong></span> <span class='ocrx_word' id='word_1_210' title='bbox 1051 4309 1247 4365; x_wconf 77' lang='lat' dir='ltr'><strong>fratres</strong></span> <span class='ocrx_word' id='word_1_211' title='bbox 1288 4324 1505 4380; x_wconf 88' lang='lat' dir='ltr'><strong>quoque</strong></span> <span class='ocrx_word' id='word_1_212' title='bbox 1548 4324 1680 4366; x_wconf 87' lang='lat' dir='ltr'><strong>suos</strong></span> <span class='ocrx_word' id='word_1_213' title='bbox 1713 4310 1811 4365; x_wconf 85' lang='lat' dir='ltr'><strong>ha-</strong></span> 
     </span>
    </p>
   </div>
   <div class='ocr_carea' id='block_1_33' title="bbox 231 4401 1806 4472">
    <p class='ocr_par' dir='ltr' id='par_1_33' title="bbox 231 4401 1806 4472">
     <span class='ocr_line' id='line_1_34' title="bbox 231 4401 1806 4472; baseline -0.003 -10"><span class='ocrx_word' id='word_1_214' title='bbox 231 4406 422 4462; x_wconf 85' lang='lat' dir='ltr'><strong>buisse</strong></span> <span class='ocrx_word' id='word_1_215' title='bbox 464 4405 742 4460; x_wconf 88' lang='lat' dir='ltr'><strong>dicuntur.</strong></span> <span class='ocrx_word' id='word_1_216' title='bbox 783 4402 840 4458; x_wconf 89' lang='lat' dir='ltr'><strong>In</strong></span> <span class='ocrx_word' id='word_1_217' title='bbox 879 4404 963 4459; x_wconf 87' lang='lat' dir='ltr'><strong>bis</strong></span> <span class='ocrx_word' id='word_1_218' title='bbox 1008 4411 1189 4457; x_wconf 88' lang='lat' dir='ltr'><strong>autem</strong></span> <span class='ocrx_word' id='word_1_219' title='bbox 1223 4401 1412 4456; x_wconf 80' lang='lat' dir='ltr'><strong>Ruben</strong></span> <span class='ocrx_word' id='word_1_220' title='bbox 1444 4402 1623 4472; x_wconf 81' lang='lat' dir='ltr'><strong>major</strong></span> <span class='ocrx_word' id='word_1_221' title='bbox 1652 4412 1806 4469; x_wconf 89' lang='lat' dir='ltr'><strong>natu,</strong></span> 
     </span>
    </p>
   </div>
   <div class='ocr_carea' id='block_1_34' title="bbox 228 4494 1810 4567">
    <p class='ocr_par' dir='ltr' id='par_1_34' title="bbox 228 4494 1810 4567">
     <span class='ocr_line' id='line_1_35' title="bbox 228 4494 1810 4567; baseline -0.001 -15"><span class='ocrx_word' id='word_1_222' title='bbox 228 4498 480 4553; x_wconf 81' lang='lat' dir='ltr'><strong>omnium</strong></span> <span class='ocrx_word' id='word_1_223' title='bbox 522 4499 734 4567; x_wconf 90' lang='lat' dir='ltr'><strong>primus</strong></span> <span class='ocrx_word' id='word_1_224' title='bbox 777 4506 1163 4552; x_wconf 75' lang='lat' dir='ltr'><strong>testamentum</strong></span> <span class='ocrx_word' id='word_1_225' title='bbox 1209 4511 1367 4551; x_wconf 88' lang='lat' dir='ltr'><strong>suum</strong></span> <span class='ocrx_word' id='word_1_226' title='bbox 1404 4511 1435 4549; x_wconf 89' lang='lat' dir='ltr'><strong>a</strong></span> <span class='ocrx_word' id='word_1_227' title='bbox 1464 4494 1810 4551; x_wconf 81' lang='lat' dir='ltr'><strong>confessione</strong></span> 
     </span>
    </p>
   </div>
   <div class='ocr_carea' id='block_1_35' title="bbox 229 4586 1808 4665">
    <p class='ocr_par' dir='ltr' id='par_1_35' title="bbox 229 4586 1808 4665">
     <span class='ocr_line' id='line_1_36' title="bbox 229 4586 1808 4665; baseline -0.001 -22"><span class='ocrx_word' id='word_1_228' title='bbox 229 4589 449 4655; x_wconf 85' lang='lat' dir='ltr'><strong>incesti,</strong></span> <span class='ocrx_word' id='word_1_229' title='bbox 482 4588 629 4659; x_wconf 90' lang='lat' dir='ltr'><strong>quod</strong></span> <span class='ocrx_word' id='word_1_230' title='bbox 667 4589 780 4659; x_wconf 90' lang='lat' dir='ltr'><strong>ipse</strong></span> <span class='ocrx_word' id='word_1_231' title='bbox 826 4604 949 4643; x_wconf 91' lang='lat' dir='ltr'><strong>cum</strong></span> <span class='ocrx_word' id='word_1_232' title='bbox 992 4586 1150 4653; x_wconf 85' lang='lat' dir='ltr'><strong>Bala,</strong></span> <span class='ocrx_word' id='word_1_233' title='bbox 1183 4586 1487 4641; x_wconf 83' lang='lat' dir='ltr'><strong>concubina</strong></span> <span class='ocrx_word' id='word_1_234' title='bbox 1516 4586 1687 4665; x_wconf 78' lang='lat' dir='ltr'><strong>patris</strong></span> <span class='ocrx_word' id='word_1_235' title='bbox 1721 4586 1808 4642; x_wconf 90' lang='lat' dir='ltr'><strong>sui</strong></span> 
     </span>
    </p>
   </div>
   <div class='ocr_carea' id='block_1_36' title="bbox 227 4674 1808 4747">
    <p class='ocr_par' dir='ltr' id='par_1_36' title="bbox 227 4674 1808 4747">
     <span class='ocr_line' id='line_1_37' title="bbox 227 4674 1808 4747; baseline -0.001 -13"><span class='ocrx_word' id='word_1_236' title='bbox 227 4682 618 4747; x_wconf 73' lang='lat' dir='ltr'><strong>commiserat,</strong></span> <span class='ocrx_word' id='word_1_237' title='bbox 661 4680 895 4735; x_wconf 83' lang='lat' dir='ltr'><strong>orditur.</strong></span> <span class='ocrx_word' id='word_1_238' title='bbox 948 4674 1087 4733; x_wconf 88' lang='lat' dir='ltr'><strong>Tum</strong></span> <span class='ocrx_word' id='word_1_239' title='bbox 1141 4678 1333 4734; x_wconf 90' lang='lat' dir='ltr'><strong>deinde</strong></span> <span class='ocrx_word' id='word_1_240' title='bbox 1393 4678 1629 4732; x_wconf 88' lang='lat' dir='ltr'><strong>ostendit</strong></span> <span class='ocrx_word' id='word_1_241' title='bbox 1670 4691 1808 4747; x_wconf 82' lang='lat' dir='ltr'><strong>quas</strong></span> 
     </span>
    </p>
   </div>
   <div class='ocr_carea' id='block_1_37' title="bbox 226 4770 1809 4842">
    <p class='ocr_par' dir='ltr' id='par_1_37' title="bbox 226 4770 1809 4842">
     <span class='ocr_line' id='line_1_38' title="bbox 226 4770 1809 4842; baseline -0.001 -16"><span class='ocrx_word' id='word_1_242' title='bbox 226 4773 361 4827; x_wconf 87' lang='lat' dir='ltr'><strong>inde</strong></span> <span class='ocrx_word' id='word_1_243' title='bbox 392 4788 582 4842; x_wconf 65' lang='lat' dir='ltr'><strong>poenas</strong></span> <span class='ocrx_word' id='word_1_244' title='bbox 606 4772 717 4826; x_wconf 90' lang='lat' dir='ltr'><strong>Deo</strong></span> <span class='ocrx_word' id='word_1_245' title='bbox 738 4771 965 4836; x_wconf 89' lang='lat' dir='ltr'><strong>dederit,</strong></span> <span class='ocrx_word' id='word_1_246' title='bbox 995 4781 1049 4825; x_wconf 87' lang='lat' dir='ltr'><strong>et</strong></span> <span class='ocrx_word' id='word_1_247' title='bbox 1073 4787 1236 4841; x_wconf 87' lang='lat' dir='ltr'><strong>quam</strong></span> <span class='ocrx_word' id='word_1_248' title='bbox 1262 4771 1329 4825; x_wconf 89' lang='lat' dir='ltr'><strong>ad</strong></span> <span class='ocrx_word' id='word_1_249' title='bbox 1361 4770 1652 4826; x_wconf 88' lang='lat' dir='ltr'><strong>eluendum</strong></span> <span class='ocrx_word' id='word_1_250' title='bbox 1689 4786 1809 4825; x_wconf 81' lang='lat' dir='ltr'><strong>sce-</strong></span> 
     </span>
    </p>
   </div>
   <div class='ocr_carea' id='block_1_38' title="bbox 229 4863 1807 4937">
    <p class='ocr_par' dir='ltr' id='par_1_38' title="bbox 229 4863 1807 4937">
     <span class='ocr_line' id='line_1_39' title="bbox 229 4863 1807 4937; baseline 0.001 -19"><span class='ocrx_word' id='word_1_251' title='bbox 229 4865 324 4920; x_wconf 70' lang='lat' dir='ltr'><strong>ius</strong></span> <span class='ocrx_word' id='word_1_252' title='bbox 362 4880 525 4920; x_wconf 90' lang='lat' dir='ltr'><strong>suum</strong></span> <span class='ocrx_word' id='word_1_253' title='bbox 576 4866 746 4937; x_wconf 79' lang='lat' dir='ltr'><strong>egerit</strong></span> <span class='ocrx_word' id='word_1_254' title='bbox 796 4863 1194 4934; x_wconf 68' lang='lat' dir='ltr'><strong>paenitentiam.</strong></span> <span class='ocrx_word' id='word_1_255' title='bbox 1250 4863 1615 4929; x_wconf 85' lang='lat' dir='ltr'><strong>Quamobrem</strong></span> <span class='ocrx_word' id='word_1_256' title='bbox 1664 4863 1807 4920; x_wconf 82' lang='lat' dir='ltr'><strong>ﬁlios</strong></span> 
     </span>
    </p>
   </div>
   <div class='ocr_carea' id='block_1_39' title="bbox 228 4957 1808 5028">
    <p class='ocr_par' dir='ltr' id='par_1_39' title="bbox 228 4957 1808 5028">
     <span class='ocr_line' id='line_1_40' title="bbox 228 4957 1808 5028; baseline 0 -15"><span class='ocrx_word' id='word_1_257' title='bbox 228 4972 366 5013; x_wconf 80' lang='lat' dir='ltr'><strong>suos</strong></span> <span class='ocrx_word' id='word_1_258' title='bbox 395 4958 463 5013; x_wconf 88' lang='lat' dir='ltr'><strong>ad</strong></span> <span class='ocrx_word' id='word_1_259' title='bbox 497 4959 785 5014; x_wconf 85' lang='lat' dir='ltr'><strong>mulierum</strong></span> <span class='ocrx_word' id='word_1_260' title='bbox 830 4967 1109 5027; x_wconf 86' lang='lat' dir='ltr'><strong>aspectum</strong></span> <span class='ocrx_word' id='word_1_261' title='bbox 1156 4958 1457 5023; x_wconf 84' lang='lat' dir='ltr'><strong>vitandum,</strong></span> <span class='ocrx_word' id='word_1_262' title='bbox 1492 4966 1547 5012; x_wconf 88' lang='lat' dir='ltr'><strong>et</strong></span> <span class='ocrx_word' id='word_1_263' title='bbox 1595 4957 1808 5028; x_wconf 81' lang='lat' dir='ltr'><strong>fugien-</strong></span> 
     </span>
    </p>
   </div>
   <div class='ocr_carea' id='block_1_40' title="bbox 228 5048 1805 5117">
    <p class='ocr_par' dir='ltr' id='par_1_40' title="bbox 228 5048 1805 5117">
     <span class='ocr_line' id='line_1_41' title="bbox 228 5048 1805 5117; baseline 0 -12"><span class='ocrx_word' id='word_1_264' title='bbox 228 5050 361 5105; x_wconf 82' lang='lat' dir='ltr'><strong>dam</strong></span> <span class='ocrx_word' id='word_1_265' title='bbox 399 5050 811 5106; x_wconf 79' lang='lat' dir='ltr'><strong>fornicationem</strong></span> <span class='ocrx_word' id='word_1_266' title='bbox 839 5051 1181 5117; x_wconf 82' lang='lat' dir='ltr'><strong>adhcrtatus,</strong></span> <span class='ocrx_word' id='word_1_267' title='bbox 1213 5048 1472 5103; x_wconf 84' lang='lat' dir='ltr'><strong>nonnulla</strong></span> <span class='ocrx_word' id='word_1_268' title='bbox 1495 5048 1563 5105; x_wconf 89' lang='lat' dir='ltr'><strong>de</strong></span> <span class='ocrx_word' id='word_1_269' title='bbox 1584 5048 1805 5106; x_wconf 86' lang='lat' dir='ltr'><strong>Christo</strong></span> 
     </span>
    </p>
   </div>
   <div class='ocr_carea' id='block_1_41' title="bbox 226 5143 1033 5215">
    <p class='ocr_par' dir='ltr' id='par_1_41' title="bbox 226 5143 1033 5215">
     <span class='ocr_line' id='line_1_42' title="bbox 226 5143 1033 5215; baseline 0.002 -19"><span class='ocrx_word' id='word_1_270' title='bbox 226 5152 464 5198; x_wconf 75' lang='lat' dir='ltr'><strong>venturo</strong></span> <span class='ocrx_word' id='word_1_271' title='bbox 495 5144 671 5199; x_wconf 85' lang='lat' dir='ltr'><strong>obiter</strong></span> <span class='ocrx_word' id='word_1_272' title='bbox 698 5143 1033 5215; x_wconf 80' lang='lat' dir='ltr'><strong>perstringit.</strong></span> 
     </span>
    </p>
   </div>
   <div class='ocr_carea' id='block_1_42' title="bbox 306 5233 1799 5306">
    <p class='ocr_par' dir='ltr' id='par_1_42' title="bbox 306 5233 1799 5306">
     <span class='ocr_line' id='line_1_43' title="bbox 306 5233 1799 5306; baseline 0 -17"><span class='ocrx_word' id='word_1_273' title='bbox 306 5234 527 5291; x_wconf 88' lang='lat' dir='ltr'><strong>Simeon</strong></span> <span class='ocrx_word' id='word_1_274' title='bbox 575 5251 705 5291; x_wconf 84' lang='lat' dir='ltr'><strong>vero</strong></span> <span class='ocrx_word' id='word_1_275' title='bbox 755 5237 929 5305; x_wconf 88' lang='lat' dir='ltr'><strong>aperit</strong></span> <span class='ocrx_word' id='word_1_276' title='bbox 978 5243 1181 5306; x_wconf 83' lang='lat' dir='ltr'><strong>quanta</strong></span> <span class='ocrx_word' id='word_1_277' title='bbox 1224 5236 1278 5290; x_wconf 89' lang='lat' dir='ltr'><strong>in</strong></span> <span class='ocrx_word' id='word_1_278' title='bbox 1327 5233 1527 5304; x_wconf 78' lang='lat' dir='ltr'><strong>Joseph</strong></span> <span class='ocrx_word' id='word_1_279' title='bbox 1576 5234 1799 5289; x_wconf 76' lang='lat' dir='ltr'><strong>fratrem</strong></span> 
     </span>
    </p>
   </div>
   <div class='ocr_carea' id='block_1_43' title="bbox 230 5326 1803 5398">
    <p class='ocr_par' dir='ltr' id='par_1_43' title="bbox 230 5326 1803 5398">
     <span class='ocr_line' id='line_1_44' title="bbox 230 5326 1803 5398; baseline 0.001 -16"><span class='ocrx_word' id='word_1_280' title='bbox 230 5344 394 5383; x_wconf 85' lang='lat' dir='ltr'><strong>suum</strong></span> <span class='ocrx_word' id='word_1_281' title='bbox 439 5331 705 5383; x_wconf 79' lang='lat' dir='ltr'><strong>exarserit</strong></span> <span class='ocrx_word' id='word_1_282' title='bbox 744 5328 966 5393; x_wconf 81' lang='lat' dir='ltr'><strong>invidia,</strong></span> <span class='ocrx_word' id='word_1_283' title='bbox 998 5337 1375 5398; x_wconf 82' lang='lat' dir='ltr'><strong>quantumque</strong></span> <span class='ocrx_word' id='word_1_284' title='bbox 1404 5329 1610 5384; x_wconf 87' lang='lat' dir='ltr'><strong>idcirco</strong></span> <span class='ocrx_word' id='word_1_285' title='bbox 1641 5326 1803 5383; x_wconf 89' lang='lat' dir='ltr'><strong>fuerit</strong></span> 
     </span>
    </p>
   </div>
   <div class='ocr_carea' id='block_1_44' title="bbox 1840 3756 3492 3834">
    <p class='ocr_par' dir='ltr' id='par_1_44' title="bbox 1840 3756 3492 3834">
     <span class='ocr_line' id='line_1_45' title="bbox 1840 3756 3492 3834; baseline -0.009 -10"><span class='ocrx_word' id='word_1_286' title='bbox 1840 3756 1889 3814; x_wconf 75' lang='grc' dir='ltr'><strong>Α</strong></span> <span class='ocrx_word' id='word_1_287' title='bbox 1908 3764 2361 3823; x_wconf 82' lang='lat' dir='ltr'><strong>constantissime</strong></span> <span class='ocrx_word' id='word_1_288' title='bbox 2388 3770 2756 3834; x_wconf 86' lang='lat' dir='ltr'><strong>perseverent.</strong></span> <span class='ocrx_word' id='word_1_289' title='bbox 2783 3758 3026 3828; x_wconf 84' lang='lat' dir='ltr'><strong>Denique</strong></span> <span class='ocrx_word' id='word_1_290' title='bbox 3043 3771 3107 3810; x_wconf 76' lang='lat' dir='ltr'><strong>ex</strong></span> <span class='ocrx_word' id='word_1_291' title='bbox 3129 3756 3274 3810; x_wconf 89' lang='lat' dir='ltr'><strong>libro</strong></span> <span class='ocrx_word' id='word_1_292' title='bbox 3306 3756 3492 3812; x_wconf 82' lang='lat' dir='ltr'><strong>Enoch</strong></span> 
     </span>
    </p>
   </div>
   <div class='ocr_carea' id='block_1_45' title="bbox 1915 3852 3494 3925">
    <p class='ocr_par' dir='ltr' id='par_1_45' title="bbox 1915 3852 3494 3925">
     <span class='ocr_line' id='line_1_46' title="bbox 1915 3852 3494 3925; baseline -0.009 -12"><span class='ocrx_word' id='word_1_293' title='bbox 1915 3858 2096 3914; x_wconf 89' lang='lat' dir='ltr'><strong>futura</strong></span> <span class='ocrx_word' id='word_1_294' title='bbox 2127 3871 2316 3911; x_wconf 89' lang='lat' dir='ltr'><strong>eorum</strong></span> <span class='ocrx_word' id='word_1_295' title='bbox 2346 3864 2592 3925; x_wconf 87' lang='lat' dir='ltr'><strong>peccata,</strong></span> <span class='ocrx_word' id='word_1_296' title='bbox 2620 3862 2674 3909; x_wconf 88' lang='lat' dir='ltr'><strong>et</strong></span> <span class='ocrx_word' id='word_1_297' title='bbox 2711 3852 2992 3908; x_wconf 83' lang='lat' dir='ltr'><strong>Christum</strong></span> <span class='ocrx_word' id='word_1_298' title='bbox 3025 3857 3311 3903; x_wconf 81' lang='lat' dir='ltr'><strong>venturum</strong></span> <span class='ocrx_word' id='word_1_299' title='bbox 3350 3862 3494 3917; x_wconf 60' lang='lat' dir='ltr'><strong>prat-</strong></span> 
     </span>
    </p>
   </div>
   <div class='ocr_carea' id='block_1_46' title="bbox 1912 3950 2151 4007">
    <p class='ocr_par' dir='ltr' id='par_1_46' title="bbox 1912 3950 2151 4007">
     <span class='ocr_line' id='line_1_47' title="bbox 1912 3950 2151 4007; baseline -0.013 0"><span class='ocrx_word' id='word_1_300' title='bbox 1912 3950 2151 4007; x_wconf 85' lang='lat' dir='ltr'><strong>nuntiat.</strong></span> 
     </span>
    </p>
   </div>
   <div class='ocr_carea' id='block_1_47' title="bbox 1984 4031 3488 4096">
    <p class='ocr_par' dir='ltr' id='par_1_47' title="bbox 1984 4031 3488 4096">
     <span class='ocr_line' id='line_1_48' title="bbox 1984 4031 3488 4096; baseline -0.006 -1"><span class='ocrx_word' id='word_1_301' title='bbox 1984 4040 2111 4096; x_wconf 88' lang='lat' dir='ltr'><strong>Levi</strong></span> <span class='ocrx_word' id='word_1_302' title='bbox 2152 4039 2319 4096; x_wconf 85' lang='lat' dir='ltr'><strong>tradit</strong></span> <span class='ocrx_word' id='word_1_303' title='bbox 2352 4055 2411 4096; x_wconf 91' lang='lat' dir='ltr'><strong>se</strong></span> <span class='ocrx_word' id='word_1_304' title='bbox 2447 4055 2477 4095; x_wconf 87' lang='lat' dir='ltr'><strong>a</strong></span> <span class='ocrx_word' id='word_1_305' title='bbox 2512 4038 2623 4094; x_wconf 87' lang='lat' dir='ltr'><strong>Deo</strong></span> <span class='ocrx_word' id='word_1_306' title='bbox 2662 4037 2875 4093; x_wconf 85' lang='lat' dir='ltr'><strong>duabus</strong></span> <span class='ocrx_word' id='word_1_307' title='bbox 2908 4034 3169 4089; x_wconf 89' lang='lat' dir='ltr'><strong>donatum</strong></span> <span class='ocrx_word' id='word_1_308' title='bbox 3203 4032 3374 4088; x_wconf 88' lang='lat' dir='ltr'><strong>fuisse</strong></span> <span class='ocrx_word' id='word_1_309' title='bbox 3402 4031 3488 4087; x_wconf 84' lang='lat' dir='ltr'><strong>vi-</strong></span> 
     </span>
    </p>
   </div>
   <div class='ocr_carea' id='block_1_48' title="bbox 1912 4123 3491 4201">
    <p class='ocr_par' dir='ltr' id='par_1_48' title="bbox 1912 4123 3491 4201">
     <span class='ocr_line' id='line_1_49' title="bbox 1912 4123 3491 4201; baseline -0.005 -16"><span class='ocrx_word' id='word_1_310' title='bbox 1912 4130 2181 4193; x_wconf 84' lang='lat' dir='ltr'><strong>sionibus,</strong></span> <span class='ocrx_word' id='word_1_311' title='bbox 2205 4144 2438 4201; x_wconf 88' lang='lat' dir='ltr'><strong>quarum</strong></span> <span class='ocrx_word' id='word_1_312' title='bbox 2467 4129 2639 4200; x_wconf 89' lang='lat' dir='ltr'><strong>prima</strong></span> <span class='ocrx_word' id='word_1_313' title='bbox 2671 4128 2861 4193; x_wconf 63' lang='lat' dir='ltr'><strong>oculos,</strong></span> <span class='ocrx_word' id='word_1_314' title='bbox 2885 4127 2939 4179; x_wconf 93' lang='lat' dir='ltr'><strong>in</strong></span> <span class='ocrx_word' id='word_1_315' title='bbox 2965 4125 3169 4196; x_wconf 85' lang='lat' dir='ltr'><strong>quibus</strong></span> <span class='ocrx_word' id='word_1_316' title='bbox 3186 4123 3322 4194; x_wconf 89' lang='lat' dir='ltr'><strong>justi</strong></span> <span class='ocrx_word' id='word_1_317' title='bbox 3350 4140 3491 4193; x_wconf 61' lang='lat' dir='ltr'><strong>prat-</strong></span> 
     </span>
    </p>
   </div>
   <div class='ocr_carea' id='block_1_49' title="bbox 1911 4216 3489 4291">
    <p class='ocr_par' dir='ltr' id='par_1_49' title="bbox 1911 4216 3489 4291">
     <span class='ocr_line' id='line_1_50' title="bbox 1911 4216 3489 4291; baseline -0.004 -13"><span class='ocrx_word' id='word_1_318' title='bbox 1911 4223 2059 4288; x_wconf 89' lang='lat' dir='ltr'><strong>miis,</strong></span> <span class='ocrx_word' id='word_1_319' title='bbox 2100 4222 2287 4291; x_wconf 83' lang='lat' dir='ltr'><strong>injusti</strong></span> <span class='ocrx_word' id='word_1_320' title='bbox 2333 4237 2463 4276; x_wconf 86' lang='lat' dir='ltr'><strong>vero</strong></span> <span class='ocrx_word' id='word_1_321' title='bbox 2511 4220 2795 4291; x_wconf 80' lang='lat' dir='ltr'><strong>suppliciis</strong></span> <span class='ocrx_word' id='word_1_322' title='bbox 2836 4217 3157 4284; x_wconf 66' lang='lat' dir='ltr'><strong>adicientur,</strong></span> <span class='ocrx_word' id='word_1_323' title='bbox 3183 4232 3241 4272; x_wconf 91' lang='lat' dir='ltr'><strong>se</strong></span> <span class='ocrx_word' id='word_1_324' title='bbox 3284 4216 3489 4272; x_wconf 70' lang='lat' dir='ltr'><strong>vidisse</strong></span> 
     </span>
    </p>
   </div>
   <div class='ocr_carea' id='block_1_50' title="bbox 1910 4308 3486 4386">
    <p class='ocr_par' dir='ltr' id='par_1_50' title="bbox 1910 4308 3486 4386">
     <span class='ocr_line' id='line_1_51' title="bbox 1910 4308 3486 4386; baseline -0.003 -17"><span class='ocrx_word' id='word_1_325' title='bbox 1910 4315 2195 4386; x_wconf 88' lang='lat' dir='ltr'><strong>proﬁtetur</strong></span> <span class='ocrx_word' id='word_1_326' title='bbox 2232 4333 2244 4369; x_wconf 86' lang='lat'><strong>:</strong></span> <span class='ocrx_word' id='word_1_327' title='bbox 2278 4314 2334 4369; x_wconf 92' lang='lat' dir='ltr'><strong>in</strong></span> <span class='ocrx_word' id='word_1_328' title='bbox 2382 4313 2619 4369; x_wconf 87' lang='lat' dir='ltr'><strong>secunda</strong></span> <span class='ocrx_word' id='word_1_329' title='bbox 2668 4327 2727 4367; x_wconf 91' lang='lat' dir='ltr'><strong>se</strong></span> <span class='ocrx_word' id='word_1_330' title='bbox 2762 4308 3193 4367; x_wconf 87' lang='lat' dir='ltr'><strong>sacerdotalibus</strong></span> <span class='ocrx_word' id='word_1_331' title='bbox 3240 4308 3486 4364; x_wconf 82' lang='lat' dir='ltr'><strong>vestibus</strong></span> 
     </span>
    </p>
   </div>
   <div class='ocr_carea' id='block_1_51' title="bbox 1911 4404 3485 4477">
    <p class='ocr_par' dir='ltr' id='par_1_51' title="bbox 1911 4404 3485 4477">
     <span class='ocr_line' id='line_1_52' title="bbox 1911 4404 3485 4477; baseline -0.003 -14"><span class='ocrx_word' id='word_1_332' title='bbox 1911 4408 2160 4463; x_wconf 90' lang='lat' dir='ltr'><strong>indutum</strong></span> <span class='ocrx_word' id='word_1_333' title='bbox 2205 4416 2266 4477; x_wconf 75' lang='lat' dir='ltr'><strong>et</strong></span> <span class='ocrx_word' id='word_1_334' title='bbox 2308 4408 2643 4463; x_wconf 86' lang='lat' dir='ltr'><strong>sacerdotem</strong></span> <span class='ocrx_word' id='word_1_335' title='bbox 2687 4406 2742 4460; x_wconf 90' lang='lat' dir='ltr'><strong>in</strong></span> <span class='ocrx_word' id='word_1_336' title='bbox 2800 4414 3067 4460; x_wconf 66' lang='lat' dir='ltr'><strong>arternum</strong></span> <span class='ocrx_word' id='word_1_337' title='bbox 3121 4404 3485 4459; x_wconf 89' lang='lat' dir='ltr'><strong>constitutum</strong></span> 
     </span>
    </p>
   </div>
   <div class='ocr_carea' id='block_1_52' title="bbox 1910 4495 3487 4555">
    <p class='ocr_par' dir='ltr' id='par_1_52' title="bbox 1910 4495 3487 4555">
     <span class='ocr_line' id='line_1_53' title="bbox 1910 4495 3487 4555; baseline -0.002 0"><span class='ocrx_word' id='word_1_338' title='bbox 1910 4498 2080 4555; x_wconf 88' lang='lat' dir='ltr'><strong>fuisse</strong></span> <span class='ocrx_word' id='word_1_339' title='bbox 2108 4500 2365 4555; x_wconf 88' lang='lat' dir='ltr'><strong>declarat.</strong></span> <span class='ocrx_word' id='word_1_340' title='bbox 2410 4497 2543 4553; x_wconf 84' lang='lat' dir='ltr'><strong>Post</strong></span> <span class='ocrx_word' id='word_1_341' title='bbox 2570 4498 2685 4552; x_wconf 69' lang='lat' dir='ltr'><strong>haec</strong></span> <span class='ocrx_word' id='word_1_342' title='bbox 2706 4512 2769 4552; x_wconf 81' lang='lat' dir='ltr'><strong>ex</strong></span> <span class='ocrx_word' id='word_1_343' title='bbox 2804 4496 2945 4551; x_wconf 90' lang='lat' dir='ltr'><strong>libro</strong></span> <span class='ocrx_word' id='word_1_344' title='bbox 2982 4495 3167 4551; x_wconf 82' lang='lat' dir='ltr'><strong>Enoch</strong></span> <span class='ocrx_word' id='word_1_345' title='bbox 3208 4496 3335 4551; x_wconf 88' lang='lat' dir='ltr'><strong>ﬁliis</strong></span> <span class='ocrx_word' id='word_1_346' title='bbox 3368 4496 3487 4552; x_wconf 87' lang='lat' dir='ltr'><strong>suis</strong></span> 
     </span>
    </p>
   </div>
   <div class='ocr_carea' id='block_1_53' title="bbox 1910 4589 3484 4661">
    <p class='ocr_par' dir='ltr' id='par_1_53' title="bbox 1910 4589 3484 4661">
     <span class='ocr_line' id='line_1_54' title="bbox 1910 4589 3484 4661; baseline -0.001 -15"><span class='ocrx_word' id='word_1_347' title='bbox 1910 4592 2196 4646; x_wconf 87' lang='lat' dir='ltr'><strong>annuntiat</strong></span> <span class='ocrx_word' id='word_1_348' title='bbox 2230 4592 2283 4645; x_wconf 93' lang='lat' dir='ltr'><strong>in</strong></span> <span class='ocrx_word' id='word_1_349' title='bbox 2326 4606 2448 4661; x_wconf 67' lang='lat' dir='ltr'><strong>quae</strong></span> <span class='ocrx_word' id='word_1_350' title='bbox 2486 4590 2690 4660; x_wconf 89' lang='lat' dir='ltr'><strong>lapsuri</strong></span> <span class='ocrx_word' id='word_1_351' title='bbox 2724 4598 2907 4645; x_wconf 88' lang='lat' dir='ltr'><strong>essent</strong></span> <span class='ocrx_word' id='word_1_352' title='bbox 2943 4596 3187 4659; x_wconf 89' lang='lat' dir='ltr'><strong>peccata,</strong></span> <span class='ocrx_word' id='word_1_353' title='bbox 3216 4589 3484 4658; x_wconf 85' lang='lat' dir='ltr'><strong>pluraque</strong></span> 
     </span>
    </p>
   </div>
   <div class='ocr_carea' id='block_1_54' title="bbox 1908 4680 3483 4749">
    <p class='ocr_par' dir='ltr' id='par_1_54' title="bbox 1908 4680 3483 4749">
     <span class='ocr_line' id='line_1_55' title="bbox 1908 4680 3483 4749; baseline -0.001 -11"><span class='ocrx_word' id='word_1_354' title='bbox 1908 4683 1976 4738; x_wconf 93' lang='lat' dir='ltr'><strong>de</strong></span> <span class='ocrx_word' id='word_1_355' title='bbox 2004 4681 2244 4749; x_wconf 87' lang='lat' dir='ltr'><strong>Christo,</strong></span> <span class='ocrx_word' id='word_1_356' title='bbox 2278 4697 2341 4737; x_wconf 91' lang='lat' dir='ltr'><strong>ac</strong></span> <span class='ocrx_word' id='word_1_357' title='bbox 2370 4682 2437 4737; x_wconf 90' lang='lat' dir='ltr'><strong>de</strong></span> <span class='ocrx_word' id='word_1_358' title='bbox 2465 4681 2782 4736; x_wconf 86' lang='lat' dir='ltr'><strong>eorumdem</strong></span> <span class='ocrx_word' id='word_1_359' title='bbox 2828 4680 3063 4735; x_wconf 85' lang='lat' dir='ltr'><strong>ﬁliorum</strong></span> <span class='ocrx_word' id='word_1_360' title='bbox 3107 4696 3337 4736; x_wconf 85' lang='lat' dir='ltr'><strong>suorum</strong></span> <span class='ocrx_word' id='word_1_361' title='bbox 3366 4681 3483 4737; x_wconf 90' lang='lat' dir='ltr'><strong>dis-</strong></span> 
     </span>
    </p>
   </div>
   <div class='ocr_carea' id='block_1_55' title="bbox 1907 4773 3138 4847">
    <p class='ocr_par' dir='ltr' id='par_1_55' title="bbox 1907 4773 3138 4847">
     <span class='ocr_line' id='line_1_56' title="bbox 1907 4773 3138 4847; baseline 0 -18"><span class='ocrx_word' id='word_1_362' title='bbox 1907 4775 2184 4847; x_wconf 83' lang='lat' dir='ltr'><strong>persione,</strong></span> <span class='ocrx_word' id='word_1_363' title='bbox 2214 4774 2410 4829; x_wconf 81' lang='lat' dir='ltr'><strong>exsilio</strong></span> <span class='ocrx_word' id='word_1_364' title='bbox 2445 4780 2499 4829; x_wconf 86' lang='lat' dir='ltr'><strong>et</strong></span> <span class='ocrx_word' id='word_1_365' title='bbox 2529 4773 2844 4843; x_wconf 86' lang='lat' dir='ltr'><strong>captivitate</strong></span> <span class='ocrx_word' id='word_1_366' title='bbox 2870 4773 3138 4843; x_wconf 70' lang='lat' dir='ltr'><strong>praedicit.</strong></span> 
     </span>
    </p>
   </div>
   <div class='ocr_carea' id='block_1_56' title="bbox 1972 4864 3481 4935">
    <p class='ocr_par' dir='ltr' id='par_1_56' title="bbox 1972 4864 3481 4935">
     <span class='ocr_line' id='line_1_57' title="bbox 1972 4864 3481 4935; baseline 0.001 -14"><span class='ocrx_word' id='word_1_367' title='bbox 1972 4864 2147 4921; x_wconf 79' lang='lat' dir='ltr'><strong>Jndas</strong></span> <span class='ocrx_word' id='word_1_368' title='bbox 2190 4872 2375 4919; x_wconf 87' lang='lat' dir='ltr'><strong>narrat</strong></span> <span class='ocrx_word' id='word_1_369' title='bbox 2413 4874 2677 4935; x_wconf 87' lang='lat' dir='ltr'><strong>quantum</strong></span> <span class='ocrx_word' id='word_1_370' title='bbox 2708 4864 2945 4920; x_wconf 85' lang='lat' dir='ltr'><strong>valuerit.</strong></span> <span class='ocrx_word' id='word_1_371' title='bbox 2983 4865 3230 4935; x_wconf 88' lang='lat' dir='ltr'><strong>corporis</strong></span> <span class='ocrx_word' id='word_1_372' title='bbox 3269 4865 3481 4922; x_wconf 84' lang='lat' dir='ltr'><strong>viribus</strong></span> 
     </span>
    </p>
   </div>
   <div class='ocr_carea' id='block_1_57' title="bbox 1908 4954 3479 5027">
    <p class='ocr_par' dir='ltr' id='par_1_57' title="bbox 1908 4954 3479 5027">
     <span class='ocr_line' id='line_1_58' title="bbox 1908 4954 3479 5027; baseline -0.001 -14"><span class='ocrx_word' id='word_1_373' title='bbox 1908 4973 1971 5013; x_wconf 92' lang='lat' dir='ltr'><strong>ac</strong></span> <span class='ocrx_word' id='word_1_374' title='bbox 2016 4957 2233 5023; x_wconf 88' lang='lat' dir='ltr'><strong>robore,</strong></span> <span class='ocrx_word' id='word_1_375' title='bbox 2273 4965 2328 5011; x_wconf 88' lang='lat' dir='ltr'><strong>et</strong></span> <span class='ocrx_word' id='word_1_376' title='bbox 2369 4972 2533 5027; x_wconf 88' lang='lat' dir='ltr'><strong>quam</strong></span> <span class='ocrx_word' id='word_1_377' title='bbox 2577 4956 2836 5027; x_wconf 66' lang='lat' dir='ltr'><strong>praeclara</strong></span> <span class='ocrx_word' id='word_1_378' title='bbox 2883 4957 2935 5011; x_wconf 90' lang='lat' dir='ltr'><strong>in</strong></span> <span class='ocrx_word' id='word_1_379' title='bbox 2987 4956 3190 5026; x_wconf 62' lang='lat' dir='ltr'><strong>pretiis</strong></span> <span class='ocrx_word' id='word_1_380' title='bbox 3232 4954 3479 5011; x_wconf 87' lang='lat' dir='ltr'><strong>facinora</strong></span> 
     </span>
    </p>
   </div>
   <div class='ocr_carea' id='block_1_58' title="bbox 1905 5046 3481 5119">
    <p class='ocr_par' dir='ltr' id='par_1_58' title="bbox 1905 5046 3481 5119">
     <span class='ocr_line' id='line_1_59' title="bbox 1905 5046 3481 5119; baseline -0.002 -13"><span class='ocrx_word' id='word_1_381' title='bbox 1905 5048 2152 5106; x_wconf 86' lang='lat' dir='ltr'><strong>ediderit.</strong></span> <span class='ocrx_word' id='word_1_382' title='bbox 2181 5048 2342 5104; x_wconf 82' lang='lat' dir='ltr'><strong>Addit</strong></span> <span class='ocrx_word' id='word_1_383' title='bbox 2371 5047 2515 5104; x_wconf 84' lang='lat' dir='ltr'><strong>Esau</strong></span> <span class='ocrx_word' id='word_1_384' title='bbox 2553 5049 2607 5103; x_wconf 93' lang='lat' dir='ltr'><strong>in</strong></span> <span class='ocrx_word' id='word_1_385' title='bbox 2643 5048 2832 5119; x_wconf 69' lang='lat' dir='ltr'><strong>praelia</strong></span> <span class='ocrx_word' id='word_1_386' title='bbox 2859 5064 2891 5102; x_wconf 89' lang='lat' dir='ltr'><strong>a</strong></span> <span class='ocrx_word' id='word_1_387' title='bbox 2919 5046 3090 5103; x_wconf 81' lang='lat' dir='ltr'><strong>Jacob</strong></span> <span class='ocrx_word' id='word_1_388' title='bbox 3119 5047 3388 5111; x_wconf 84' lang='lat' dir='ltr'><strong>occisum,</strong></span> <span class='ocrx_word' id='word_1_389' title='bbox 3423 5055 3481 5103; x_wconf 79' lang='lat' dir='ltr'><strong>et</strong></span> 
     </span>
    </p>
   </div>
   <div class='ocr_carea' id='block_1_59' title="bbox 1835 5135 3478 5206">
    <p class='ocr_par' dir='ltr' id='par_1_59' title="bbox 1835 5135 3478 5206">
     <span class='ocr_line' id='line_1_60' title="bbox 1835 5135 3478 5206; baseline 0 -11"><span class='ocrx_word' id='word_1_390' title='bbox 1835 5135 1881 5195; x_wconf 84' lang='grc' dir='ltr'><strong>Β</strong></span> <span class='ocrx_word' id='word_1_391' title='bbox 1907 5157 1967 5199; x_wconf 87' lang='lat' dir='ltr'><strong>se</strong></span> <span class='ocrx_word' id='word_1_392' title='bbox 1994 5158 2104 5199; x_wconf 90' lang='lat' dir='ltr'><strong>non</strong></span> <span class='ocrx_word' id='word_1_393' title='bbox 2138 5143 2314 5198; x_wconf 87' lang='lat' dir='ltr'><strong>solum</strong></span> <span class='ocrx_word' id='word_1_394' title='bbox 2344 5159 2467 5198; x_wconf 90' lang='lat' dir='ltr'><strong>cum</strong></span> <span class='ocrx_word' id='word_1_395' title='bbox 2502 5141 2745 5197; x_wconf 79' lang='lat' dir='ltr'><strong>Thamar</strong></span> <span class='ocrx_word' id='word_1_396' title='bbox 2773 5158 2916 5198; x_wconf 86' lang='lat' dir='ltr'><strong>nuru</strong></span> <span class='ocrx_word' id='word_1_397' title='bbox 2957 5156 3057 5196; x_wconf 87' lang='lat' dir='ltr'><strong>sua</strong></span> <span class='ocrx_word' id='word_1_398' title='bbox 3088 5140 3478 5206; x_wconf 84' lang='lat' dir='ltr'><strong>concubuisse,</strong></span> 
     </span>
    </p>
   </div>
   <div class='ocr_carea' id='block_1_60' title="bbox 1905 5232 3481 5306">
    <p class='ocr_par' dir='ltr' id='par_1_60' title="bbox 1905 5232 3481 5306">
     <span class='ocr_line' id='line_1_61' title="bbox 1905 5232 3481 5306; baseline -0.002 -15"><span class='ocrx_word' id='word_1_399' title='bbox 1905 5250 2095 5292; x_wconf 80' lang='lat' dir='ltr'><strong>verum</strong></span> <span class='ocrx_word' id='word_1_400' title='bbox 2126 5251 2352 5291; x_wconf 77' lang='lat' dir='ltr'><strong>uxorem</strong></span> <span class='ocrx_word' id='word_1_401' title='bbox 2393 5249 2613 5306; x_wconf 80' lang='lat' dir='ltr'><strong>quoque</strong></span> <span class='ocrx_word' id='word_1_402' title='bbox 2642 5234 2866 5290; x_wconf 78' lang='lat' dir='ltr'><strong>duxisse</strong></span> <span class='ocrx_word' id='word_1_403' title='bbox 2896 5232 3261 5288; x_wconf 71' lang='lat' dir='ltr'><strong>Chananteam</strong></span> <span class='ocrx_word' id='word_1_404' title='bbox 3287 5239 3381 5286; x_wconf 81' lang='lat' dir='ltr'><strong>:at</strong></span> <span class='ocrx_word' id='word_1_405' title='bbox 3415 5244 3481 5288; x_wconf 80' lang='lat' dir='ltr'><strong>se</strong></span> 
     </span>
    </p>
   </div>
   <div class='ocr_carea' id='block_1_61' title="bbox 1910 5322 3478 5398">
    <p class='ocr_par' dir='ltr' id='par_1_61' title="bbox 1910 5322 3478 5398">
     <span class='ocr_line' id='line_1_62' title="bbox 1910 5322 3478 5398; baseline -0.003 -15"><span class='ocrx_word' id='word_1_406' title='bbox 1910 5328 2193 5398; x_wconf 83' lang='lat' dir='ltr'><strong>utriusque</strong></span> <span class='ocrx_word' id='word_1_407' title='bbox 2218 5327 2465 5383; x_wconf 88' lang='lat' dir='ltr'><strong>criminis</strong></span> <span class='ocrx_word' id='word_1_408' title='bbox 2506 5327 2683 5395; x_wconf 71' lang='lat' dir='ltr'><strong>egisse</strong></span> <span class='ocrx_word' id='word_1_409' title='bbox 2716 5326 3110 5395; x_wconf 59' lang='lat' dir='ltr'><strong>paenitentiam.</strong></span> <span class='ocrx_word' id='word_1_410' title='bbox 3156 5322 3288 5377; x_wconf 87' lang='lat' dir='ltr'><strong>Inde</strong></span> <span class='ocrx_word' id='word_1_411' title='bbox 3330 5322 3478 5379; x_wconf 79' lang='lat' dir='ltr'><strong>filios</strong></span> 
     </span>
    </p>
   </div>
   <div class='ocr_carea' id='block_1_62' title="bbox 230 5414 3475 5492">
    <p class='ocr_par' dir='ltr' id='par_1_62' title="bbox 230 5414 3475 5492">
     <span class='ocr_line' id='line_1_63' title="bbox 230 5414 3475 5492; baseline -0.002 -18"><span class='ocrx_word' id='word_1_412' title='bbox 230 5421 561 5492; x_wconf 85' lang='lat' dir='ltr'><strong>punitus,ae</strong></span> <span class='ocrx_word' id='word_1_413' title='bbox 587 5420 791 5490; x_wconf 87' lang='lat' dir='ltr'><strong>peccati</strong></span> <span class='ocrx_word' id='word_1_414' title='bbox 822 5420 907 5474; x_wconf 89' lang='lat' dir='ltr'><strong>sui</strong></span> <span class='ocrx_word' id='word_1_415' title='bbox 938 5419 1115 5489; x_wconf 89' lang='lat' dir='ltr'><strong>ipsum</strong></span> <span class='ocrx_word' id='word_1_416' title='bbox 1139 5420 1474 5489; x_wconf 64' lang='lat' dir='ltr'><strong>panituerit.</strong></span> <span class='ocrx_word' id='word_1_417' title='bbox 1504 5418 1801 5489; x_wconf 81' lang='lat' dir='ltr'><strong>Eapropter</strong></span> <span class='ocrx_word' id='word_1_418' title='bbox 1900 5416 2339 5483; x_wconf 80' lang='lat' dir='ltr'><strong>couimonefacit,</strong></span> <span class='ocrx_word' id='word_1_419' title='bbox 2380 5431 2439 5474; x_wconf 83' lang='lat' dir='ltr'><strong>ut</strong></span> <span class='ocrx_word' id='word_1_420' title='bbox 2475 5418 2687 5487; x_wconf 73' lang='lat' dir='ltr'><strong>fugiant</strong></span> <span class='ocrx_word' id='word_1_421' title='bbox 2712 5418 3031 5472; x_wconf 79' lang='lat' dir='ltr'><strong>ebrietatem</strong></span> <span class='ocrx_word' id='word_1_422' title='bbox 3065 5424 3121 5470; x_wconf 91' lang='lat' dir='ltr'><strong>et</strong></span> <span class='ocrx_word' id='word_1_423' title='bbox 3148 5414 3475 5471; x_wconf 81' lang='lat' dir='ltr'><strong>fornicatio-</strong></span> 
     </span>
    </p>
   </div>
   <div class='ocr_carea' id='block_1_63' title="bbox 230 5511 1795 5579">
    <p class='ocr_par' dir='ltr' id='par_1_63' title="bbox 230 5511 1795 5579">
     <span class='ocr_line' id='line_1_64' title="bbox 230 5511 1795 5579; baseline -0.001 -11"><span class='ocrx_word' id='word_1_424' title='bbox 230 5514 488 5568; x_wconf 79' lang='lat' dir='ltr'><strong>admonet</strong></span> <span class='ocrx_word' id='word_1_425' title='bbox 523 5513 662 5567; x_wconf 70' lang='lat' dir='ltr'><strong>ﬁlios</strong></span> <span class='ocrx_word' id='word_1_426' title='bbox 704 5528 869 5579; x_wconf 88' lang='lat' dir='ltr'><strong>suos,</strong></span> <span class='ocrx_word' id='word_1_427' title='bbox 901 5524 960 5567; x_wconf 90' lang='lat' dir='ltr'><strong>ut</strong></span> <span class='ocrx_word' id='word_1_428' title='bbox 987 5513 1055 5566; x_wconf 89' lang='lat' dir='ltr'><strong>ab</strong></span> <span class='ocrx_word' id='word_1_429' title='bbox 1088 5511 1289 5566; x_wconf 80' lang='lat' dir='ltr'><strong>invidia</strong></span> <span class='ocrx_word' id='word_1_430' title='bbox 1326 5512 1516 5568; x_wconf 88' lang='lat' dir='ltr'><strong>sedulo</strong></span> <span class='ocrx_word' id='word_1_431' title='bbox 1550 5520 1795 5579; x_wconf 88' lang='lat' dir='ltr'><strong>caveant,</strong></span> 
     </span>
    </p>
   </div>
   <div class='ocr_carea' id='block_1_64' title="bbox 1898 5504 3477 5582">
    <p class='ocr_par' dir='ltr' id='par_1_64' title="bbox 1898 5504 3477 5582">
     <span class='ocr_line' id='line_1_65' title="bbox 1898 5504 3477 5582; baseline -0.003 -17"><span class='ocrx_word' id='word_1_432' title='bbox 1898 5526 2046 5576; x_wconf 89' lang='lat' dir='ltr'><strong>nem,</strong></span> <span class='ocrx_word' id='word_1_433' title='bbox 2077 5512 2267 5582; x_wconf 87' lang='lat' dir='ltr'><strong>eisque</strong></span> <span class='ocrx_word' id='word_1_434' title='bbox 2305 5510 2538 5567; x_wconf 85' lang='lat' dir='ltr'><strong>subinde</strong></span> <span class='ocrx_word' id='word_1_435' title='bbox 2566 5516 2756 5564; x_wconf 83' lang='lat' dir='ltr'><strong>narrat</strong></span> <span class='ocrx_word' id='word_1_436' title='bbox 2785 5521 2898 5579; x_wconf 80' lang='lat' dir='ltr'><strong>quo</strong></span> <span class='ocrx_word' id='word_1_437' title='bbox 2924 5515 3087 5577; x_wconf 78' lang='lat' dir='ltr'><strong>pacto</strong></span> <span class='ocrx_word' id='word_1_438' title='bbox 3116 5506 3361 5578; x_wconf 73' lang='lat' dir='ltr'><strong>angelica</strong></span> <span class='ocrx_word' id='word_1_439' title='bbox 3388 5504 3477 5561; x_wconf 65' lang='grc' dir='ltr'><strong>τις</strong></span> 
     </span>
    </p>
   </div>
   <div class='ocr_carea' id='block_1_65' title="bbox 230 5600 3475 5677">
    <p class='ocr_par' dir='ltr' id='par_1_65' title="bbox 230 5600 3475 5677">
     <span class='ocr_line' id='line_1_66' title="bbox 230 5600 3475 5677; baseline -0.001 -17"><span class='ocrx_word' id='word_1_440' title='bbox 230 5614 396 5672; x_wconf 85' lang='lat' dir='ltr'><strong>atque</strong></span> <span class='ocrx_word' id='word_1_441' title='bbox 439 5604 493 5658; x_wconf 90' lang='lat' dir='ltr'><strong>in</strong></span> <span class='ocrx_word' id='word_1_442' title='bbox 532 5600 879 5673; x_wconf 77' lang='lat' dir='ltr'><strong>simplicitate</strong></span> <span class='ocrx_word' id='word_1_443' title='bbox 918 5603 1128 5673; x_wconf 86' lang='lat' dir='ltr'><strong>cordis,</strong></span> <span class='ocrx_word' id='word_1_444' title='bbox 1155 5614 1209 5659; x_wconf 86' lang='lat' dir='ltr'><strong>et</strong></span> <span class='ocrx_word' id='word_1_445' title='bbox 1254 5602 1495 5660; x_wconf 87' lang='lat' dir='ltr'><strong>fraterna</strong></span> <span class='ocrx_word' id='word_1_446' title='bbox 1527 5604 1794 5661; x_wconf 83' lang='lat' dir='ltr'><strong>charitate</strong></span> <span class='ocrx_word' id='word_1_447' title='bbox 1893 5606 2044 5661; x_wconf 83' lang='lat' dir='ltr'><strong>sione</strong></span> <span class='ocrx_word' id='word_1_448' title='bbox 2064 5604 2335 5672; x_wconf 87' lang='lat' dir='ltr'><strong>didicerit,</strong></span> <span class='ocrx_word' id='word_1_449' title='bbox 2348 5614 2612 5677; x_wconf 83' lang='lat' dir='ltr'><strong>quantum</strong></span> <span class='ocrx_word' id='word_1_450' title='bbox 2638 5602 2895 5661; x_wconf 87' lang='lat' dir='ltr'><strong>mulieres</strong></span> <span class='ocrx_word' id='word_1_451' title='bbox 2914 5602 3048 5659; x_wconf 78' lang='lat' dir='ltr'><strong>viris</strong></span> <span class='ocrx_word' id='word_1_452' title='bbox 3069 5612 3252 5660; x_wconf 87' lang='lat' dir='ltr'><strong>essent</strong></span> <span class='ocrx_word' id='word_1_453' title='bbox 3274 5601 3475 5658; x_wconf 70' lang='lat' dir='ltr'><strong>noxiae.</strong></span> 
     </span>
    </p>
   </div>
  </div>
