4002 6308
557 234 697 292 1027
723 242 727 246 ”

1623 206 2093 277 τΕδΤΑΜΕΝΤᾸ
2125 206 2222 268 Xll
2269 206 2403 267 PAT
2412 203 2690 265 RIARCH.

3644 209 3755 271 ιω

551 351 835 407 Postremo
878 351 1014 420 ipsis
1052 365 1177 420 qua:
1216 346 1494 419 peccaturi
1544 354 1751 415 essent,
1797 353 1854 402 et
1892 344 2138 400 futurum
2169 343 2214 400 Α
2239 347 2294 393 et
2326 335 2566 395 futuram
2599 331 3033 397 tribulationem,
3060 336 3114 384 et
3151 324 3431 380 Christum
3462 319 3569 378 fore
3594 336 3751 382 ventu.

551 443 755 499 Christi
783 442 1075 498 adventum
1100 442 1365 497 declarat.

624 533 918 605 Postquam
959 533 1206 590 lssachar
1245 533 1400 602 plura
1428 532 1497 588 de
1524 531 1808 587 nativitate
1846 543 1948 585 sua
1989 526 2137 582 edis-

558 632 748 695 seruit,
768 647 827 686 se
847 614 921 685 ita
948 641 1002 685 et
1029 630 1083 684 in
1110 630 1459 699 simplicitate
1479 626 1793 682 ambulasse
1816 631 1869 679 et
1892 621 2133 681 coluisse

559 722 951 791 agriculturam
979 720 1210 785 fatetur;
1243 727 1304 774 ut
1328 718 1539 772 nullum
1571 730 1813 787 unquam
1849 721 2134 784 peccatum

560 812 627 866 ad
669 821 899 868 mortem
944 811 1246 867 admiserit.
1297 809 1643 879 Quapropter
1691 807 1834 862 tilios
1882 818 2015 860 suos
2065 803 2132 856 ad

560 905 966 974 simplicitatem
1002 912 1057 960 et
1084 901 1478 973 agriculturam
1528 898 1828 970 plurimum
1876 896 2139 951 adhorta-

565 1005 675 1049 tur.

634 1089 881 1145 Zabulon
911 1103 970 1145 se
1008 1088 1170 1143 etiam
1200 1101 1308 1141 non
1356 1098 1617 1157 peccasse
1642 1080 1861 1144 asserit,
1890 1088 1943 1134 et
1980 1077 2138 1148 plura

561 1181 629 1235 de
661 1180 964 1234 venditione
1003 1176 1201 1247 Ioseph
1238 1182 1604 1239 commentus,
1631 1170 1870 1227 ostendit
1906 1184 1965 1223 se
2014 1181 2143 1221 ven-

564 1272 787 1327 ditionis
809 1271 973 1336 illius,
997 1280 1052 1325 et
1082 1268 1291 1340 peccati
1315 1268 1547 1322 fratrum
1574 1276 1801 1319 suorum
1836 1276 1943 1315 non
1972 1258 2144 1312 fuisse

566 1381 741 1420 reum.
781 1362 977 1419 Subdit
1011 1377 1141 1418 vero
1183 1377 1243 1417 se
1275 1362 1515 1432 primum
1546 1358 1733 1429 fecisse
1764 1353 2016 1423 scapham
2047 1367 2146 1405 na-

564 1459 739 1527 uigare
766 1456 821 1510 in
852 1456 1019 1527 mari,
1051 1464 1215 1525 atque
1243 1470 1311 1507 ex
1343 1452 1528 1516 variis,
1563 1464 1705 1519 quos
1754 1446 1870 1515 ipse
1909 1451 2143 1513 ceperat,

568 1546 809 1615 piscibus
857 1545 1150 1615 se.egenis
1198 1543 1395 1612 stipem
1441 1553 1717 1609 erogasse.
1774 1534 2142 1601 Quamobrem

568 1638 708 1693 filios
741 1653 872 1693 suos
913 1638 1114 1693 excitat
1163 1635 1229 1689 ad
1281 1631 1741 1695 misericordiam,
1773 1626 2142 1689 concordiam,

567 1738 622 1784 et
659 1728 955 1799 perfectam
1001 1729 1143 1782 inter
1182 1742 1242 1781 se
1278 1724 1622 1780 charitatem.
1671 1720 1913 1775 Tandem
1960 1717 2144 1772 futura

568 1834 758 1874 eorum
791 1818 1017 1883 scelera,
1048 1829 1101 1872 et
1127 1816 1368 1871 futuram
1400 1814 1605 1869 Christi
1636 1812 1849 1866 Domini
1893 1811 2148 1865 incarna—

570 1912 791 1976 tionem,
820 1909 1071 1965 adductis
1100 1926 1169 1964 ει
1207 1908 1347 1964 libro
1373 1905 1559 1962 Enoch
1604 1904 1853 1975 pluribus
1899 1901 2145 1957 testim0¢

574 2003 702 2068 niis,
736 2002 1043 2056 annuntiat.

640 2092 755 2148 Dan
778 2093 978 2147 fatetur
1005 2107 1065 2147 se
1091 2092 1158 2146 de
1186 2089 1497 2146 venditione
1519 2098 1575 2143 et
1594 2095 1771 2142 morte
1803 2084 2025 2155 Ioseph,
2058 2086 2147 2141 cui

572 2198 769 2238 manus
819 2181 1012 2237 afl‘erre
1057 2181 1333 2247 voluerat,
1372 2180 1571 2250 gaudio
1617 2178 1790 2232 fuisse
1836 2176 2144 2246 perfusum.

572 2273 778 2329 Idcirco
821 2275 979 2329 docet
1031 2273 1173 2330 filios
1219 2273 1287 2327 ab
1339 2273 1421 2326 ira
1462 2286 1583 2326 esse
1631 2270 1959 2334 cavendum,
1983 2277 2150 2338 atque

573 2364 648 2419 ibi
693 2363 953 2418 nonnulla
980 2363 1047 2417 dc
1076 2361 1365 2417 mendacio
1394 2358 1651 2430 fugiendo
1684 2359 1874 2413 leviter
1904 2358 2145 2427 attingit.

577 2455 819 2526 Denique
861 2470 983 2525 quae
1038 2455 1142 2525 ipsi
1198 2452 1562 2525 perpetraturi
1606 2459 1794 2506 essent
1834 2450 2060 2515 scelera,
2094 2458 2150 2503 et

574 2548 695 2603 fore
720 2558 779 2603 ut
807 2547 1060 2603 Christus
1089 2547 1254 2603 homo
1282 2547 1456 2610 tieret,
1488 2558 1555 2599 ex
1600 2543 1741 2597 libro
1776 2541 1964 2597 Enoch
2008 2541 2149 2595 vati-

575 2640 813 2693 cinatur.

643 2726 932 2799 Nephthali
959 2726 1130 2782 multa
1159 2725 1380 2796 quidem
1422 2723 1490 2779 de
1525 2723 1843 2795 parentibus
1884 2720 2027 2777 Bala:
2070 2719 2151 2776 fa-

575 2822 828 2889 bulatur;
862 2836 927 2876 ac
955 2820 1095 2875 ﬁlios
1132 2833 1263 2873 suos
1298 2816 1493 2872 deinde
1532 2823 1737 2881 monet,
1768 2823 1828 2867 ut
1859 2813 2026 2868 Deum
2058 2828 2151 2867 ce-

574 2916 690 2969 lant
734 2921 786 2968 et
813 2914 866 2967 in
894 2912 1034 2967 bono
1061 2912 1426 2980 perseverent.
1460 2904 1538 2959 Ex
1568 2904 1706 2960 libro
1727 2914 1906 2959 autem
1938 2902 2147 2967 Enoch,

2239 442 2364 482 rum
2399 424 2545 481 haud
2573 424 2889 479 dubitanter
2923 420 3140 477 asserit.

2307 519 2593 575 Postremo
2622 517 2907 588 Beniamin
2934 517 3187 570 hortatur
3213 510 3360 566 filios
3391 522 3535 572 suos,
3564 517 3619 564 ut
3637 508 3757 566 Iose-

2240 612 2366 681 phi,
2404 610 2509 665 viri
2541 609 2737 675 sancti,
2771 606 3030 663 insistant
3062 604 3331 674 vestigiis,
3368 599 3535 654 Deum
3560 599 3759 667 timeant,

2241 703 2470 775 diligant
2500 702 2839 772 proximum,
2870 698 3156 771 praeceptis
3190 695 3287 749 Dei
3313 692 3579 757 obedient,
3605 706 3660 747 ac
3683 708 3761 761 pu-

2244 812 2358 851 ram
2411 805 2467 851 et
2515 795 2919 850 immaculatam
2966 797 3299 848 conservent
3346 801 3498 841 suam
3554 794 3759 840 mentem.

2243 888 2355 943 illis
2401 895 2585 943 autem
2634 886 2769 957 ipsis
2812 900 2879 940 ex
2926 884 3068 939 libro
3112 880 3305 935 Enoch
3354 876 3589 949 praedicit
3624 876 3763 932 futura

2243 995 2432 1037 eorum
2470 980 2725 1045 crimina,
2753 976 3035 1033 Christum
3071 983 3393 1037 venturum,
3424 970 3595 1024 velum
3621 973 3763 1040 templi

2222 1063 2627 1138 scindendum,
2656 1086 2847 1127 omnes
2875 1086 2906 1125 a
2940 1068 3174 1125 mortuis
3197 1064 3519 1123 excitandos
3544 1061 3761 1127 homines,

2244 1168 2379 1222 etin
2404 1166 2615 1237 judicio
2652 1160 2949 1220 universali
2990 1160 3286 1218 sistendos.
3329 1157 3571 1225 Denique
3594 1155 3711 1210 sicut
3729 1166 3766 1209 et

2246 1260 2339 1315 alii
2381 1258 2707 1330 patriarchae.
2753 1256 2883 1310 ﬁliis
2928 1254 3043 1311 suis
3088 1250 3509 1311 mandaverant,
3544 1246 3612 1300 ita
3639 1245 3768 1300 etille

2249 1352 2367 1407 suis
2411 1350 2656 1420 praecipit
2700 1357 2762 1403 ut
2797 1362 2861 1402 ex
2904 1346 3137 1416 [Egypto
3177 1344 3233 1397 in
3286 1340 3507 1395 llebron
3539 1353 3651 1393 ossa
3679 1354 3766 1403 sua,

2246 1456 2368 1512 qua:
2407 1441 2481 1495 ibi
2530 1454 2655 1495 cum
2702 1439 2951 1511 patribus
2994 1436 3113 1492 suis
3151 1432 3512 1505 sepeliantur,
3545 1437 3768 1500 asportent

2195 1517 2206 1536 ’
2248 1542 2301 1589 et
2324 1532 2560 1590 condant
2589 1531 2647 1586 in
2674 1514 2909 1587 tumulo.

2775 1638 3175 1696 ARTICULUS
3221 1636 3291 1692 ll.

2251 1734 2654 1791 Demonstratur
2683 1733 2821 1788 hunc
2861 1732 3057 1815 librum
3087 1729 3427 1800 suppositum
3454 1742 3561 1781 esse
3580 1735 3623 1778 et
3651 1725 3768 1777 adut-

2912 1812 3160 1856 tetanum.

2320 1897 2419 1953 llic
2468 1898 2628 1964 liber,
2683 1896 2887 1952 nullius
2917 1892 3155 1949 auctoris
3210 1890 3442 1946 nomine
3499 1887 3767 1956 inscriptus,

2248 1991 2611 2061 proscribitur
2637 1990 2706 2044 ah
2731 1988 3008 2053 omnibus,
3036 1986 3416 2054 asseriturque
3443 1997 3565 2037 eum
3591 1979 3769 2049 ﬁgmen-

2248 2084 2340 2149 tis,
2366 2080 2566 2137 fabulis
2610 2080 3000 2149 erroribusque
3030 2077 3252 2147 plenum
3285 2090 3433 2141 esse,
3461 2081 3516 2128 et
3558 2069 3769 2127 scaturire

2251 2174 2570 2229 mendaciis.
2614 2171 2760 2239 Quin
2808 2171 2918 2227 imo
2956 2170 3113 2241 plura
3142 2184 3271 2224 cum
3318 2180 3481 2223 sacro
3528 2163 3767 2233 Scriptura

2248 2274 2399 2323 textu
2428 2265 2724 2338 pugnantia
2749 2265 2803 2319 in
2835 2264 2929 2319 illo
2958 2261 3444 2335 deprehendimus.

2320 2358 2565 2414 Primum
2594 2357 2740 2412 enim
2779 2356 2834 2411 id
2863 2356 3035 2411 textui
3072 2354 3258 2410 divino
3305 2351 3641 2414 adversatur,
3664 2347 3769 2417 quod

2251 2451 2441 2507 Ruben
2487 2451 2555 2506 de
2601 2464 2703 2505 suo
2749 2463 2873 2504 cum
2916 2447 3067 2513 Bala,
3097 2457 3151 2501 et
3196 2442 3373 2500 Iudas
3419 2458 3543 2499 cum
3585 2440 3769 2495 Thamar

2250 2545 2457 2599 incestu
2488 2541 2821 2597 fabulantur.
2854 2539 2991 2594 lllud
3022 2540 3149 2595 item
3181 2538 3333 2609 quod
3366 2536 3435 2591 de
3464 2532 3768 2606 quorumdam

2250 2635 2704 2710 patriarcharum,
2730 2633 3026 2697 Simeonis,
3049 2631 3203 2685 verbi
3227 2629 3430 2699 gratia,
3458 2636 3510 2683 et
3533 2624 3769 2681 Zabulonis

2250 2731 2507 2787 statuitur
2539 2735 2715 2783 astate.
2744 2725 2821 2780 Ea
2856 2725 3092 2795 denique
3123 2737 3246 2793 quae
3278 2720 3505 2777 Simeon
3530 2728 3580 2774 et
3600 2716 3706 2771 Levi
3723 2716 3769 2767 de

2248 2822 2448 2891 poenis,
2481 2835 2619 2891 quas
2650 2818 2722 2874 ob
2761 2817 2911 2873 Dina:
2940 2815 3149 2873 sororis
3186 2829 3302 2870 suae
3345 2821 3560 2883 raptum
3585 2825 3613 2863 a
3638 2807 3769 2861 Sicili-

2251 2914 2399 2969 mitis
2439 2913 2725 2983 repetiere,
2755 2917 2811 2967 et
2838 2924 2962 2982 quae
3006 2906 3124 2965 Gad
3164 2906 3232 2962 de
3269 2902 3581 2960 venditione
3616 2895 3768 2966 Ioseph

573 3016 739 3076 atque
762 3021 827 3060 ex
854 3004 1160 3059 visionibus
1190 3001 1307 3057 suis
1336 2998 1582 3071 prtedicit
1618 2997 1735 3053 fore
1758 3007 1816 3052 ut
1846 2996 1902 3051 in
1931 3007 2147 3067 peccata
2176 3019 2217 3078 ο
2251 3005 2473 3061 ﬁnxisse
2506 3005 2757 3076 legimus,

574 3095 678 3165 ipsi
720 3095 1156 3165 prolaberentur,
1190 3092 1642 3157 coorirenturque
1687 3094 2056 3156 tempestates,
2081 3100 2147 3142 ac

573 3184 830 3241 Christus
873 3183 1095 3239 tandem
1139 3188 1422 3249 assumpta
1463 3178 1702 3233 humana
1744 3191 1909 3232 carne
1953 3191 2147 3232 nasceo

576 3286 743 3332 retur.

644 3364 760 3421 Cari
796 3364 888 3419 ubi
920 3363 1076 3435 plura
1116 3363 1183 3419 de
1210 3358 1519 3417 venditione
1551 3355 1753 3427 Ioseph
1779 3354 2149 3411 commentitia

574 3456 816 3524 tradidit,
848 3455 1139 3511 confitetur
1179 3467 1237 3509 se
1267 3467 1393 3507 eum
1438 3449 1567 3506 odio
1602 3448 1861 3503 habuisse
1895 3456 2007 3501 tam
2042 3446 2149 3501 im-

573 3547 861 3619 placabili,
891 3554 953 3602 ut
997 3546 1102 3616 ipsi
1143 3558 1333 3599 necem
1380 3539 1727 3597 consciscere
1767 3536 2024 3604 voluerit,
2053 3534 2149 3591 sed

573 3644 643 3699 de
691 3641 777 3696 his
832 3648 886 3696 et
933 3638 1256 3710 paenituisse
1299 3644 1355 3692 et
1404 3634 1572 3689 luisse
1615 3646 1826 3703 poenas.
1882 3629 2151 3696 Quocirca

573 3734 717 3790 ﬁlios
746 3749 877 3789 suos
906 3732 974 3787 ad
1013 3730 1198 3787 odium
1242 3726 1581 3799 fugiendum,
1611 3732 1665 3779 et
1709 3722 1996 3777 fovendam
2033 3720 2149 3776 fra-

574 3836 785 3881 ternam
814 3823 1135 3879 charitatem
1178 3820 1389 3886 incitat,
1420 3833 1484 3873 ac
1510 3814 1803 3871 nonnullas
1834 3813 2053 3867 demum
2082 3812 2149 3868 de

573 3918 794 3974 Christo
827 3916 1007 3970 fundit
1044 3911 1478 3968 vaticinationes.
1810 3976 1813 3981 ν
1939 3976 1944 3981 ν

618 4024 619 4027 ‘
644 4011 781 4066 Aser
811 4010 953 4064 filios
976 4022 1108 4064 suos
1130 4006 1269 4061 duas
1296 4019 1418 4061 esse
1446 4001 1563 4057 vias
1592 3998 1774 4064 docet,
1801 4012 1967 4051 unam
1993 3996 2146 4064 boni,

574 4102 705 4159 mali
754 4103 1021 4167 alteram;
1060 4101 1203 4155 hanc
1246 4092 1681 4165 relinquendam,
1725 4091 1874 4147 illam
1920 4105 2149 4160 carpen-

575 4196 724 4251 dam.
772 4192 1055 4249 Testatum
1106 4188 1302 4245 deinde
1351 4185 1505 4250 facit,
1536 4198 1595 4239 se
1639 4183 1696 4237 in
1741 4180 1833 4237 illa
1869 4181 2013 4251 ,boni
2060 4180 2149 4236 via

577 4301 792 4356 semper
827 4284 1162 4349 ambulasse,
1200 4290 1363 4349 atque
1406 4277 1546 4332 filios
1591 4288 1723 4329 suos
1764 4281 1825 4328 ut
1866 4272 2008 4328 idem
2045 4271 2150 4327 iter

576 4378 784 4442 ineant,
810 4378 951 4432 serio
977 4382 1307 4431 commonet.
1338 4370 1581 4439 Denique
1606 4366 1693 4422 his
1716 4364 2003 4420 annuntiat
2031 4363 2148 4419 fore
2179 4370 2224 4426 D

577 4478 642 4523 ut
671 4468 775 4537 ipsi
803 4474 1108 4535 peccarent,
1136 4479 1200 4520 ac
1227 4460 1461 4533 dispersi
1491 4456 1838 4527 vagarentur,
1868 4453 2151 4511 Christus-

578 4572 684 4627 que
719 4563 906 4625 postea
932 4555 1163 4611 veniret.

653 4669 859 4738 Ioseph
901 4669 1136 4739 explicat
1184 4683 1293 4738 quo
1332 4674 1491 4737 pacto
1524 4679 1556 4718 a
1584 4660 1845 4718 fratribus
1895 4657 2030 4724 suis,
2055 4656 2150 4728 qui

579 4778 708 4818 eum
747 4762 975 4831 perdere
1003 4760 1378 4824 decreverant,
1412 4758 1485 4813 sit
1518 4753 1793 4819 venditus,
1821 4759 1875 4806 et
1905 4758 2150 4819 postmo-

577 4855 711 4914 dum
757 4858 974 4920 emptus
1008 4866 1040 4905 a
1068 4850 1384 4919 Putiphare.
1432 4847 1595 4902 Ponit
1641 4844 1805 4900 etiam
1855 4842 1925 4897 ob
1962 4840 2149 4895 oculos

579 4944 802 5018 quantis
831 4941 1064 5007 artibus,
1095 4938 1396 5003 blanditiis,
1438 4937 1728 5005 minisque,
1761 4940 1885 4989 ante
1909 4940 1963 4986 et
1997 4938 2147 5000 post-

580 5057 747 5114 quam
778 5040 833 5094 in
855 5050 1131 5093 carcerem
1159 5033 1354 5087 fuisset
1379 5031 1681 5100 conjectus,
1708 5042 1846 5082 uxor
1867 5021 2150 5094 Putiphari

581 5136 889 5190 castitatem
944 5129 1066 5201 ejus
1117 5124 1409 5182 tentaverit
1438 5140 1454 5178 :
1484 5128 1689 5193 quanta
1739 5117 1973 5186 denique
2034 5114 2151 5170 suis

582 5227 700 5296 ipse
723 5222 984 5279 fratribus
1009 5221 1177 5276 ctiam
1201 5226 1327 5288 post
1347 5213 1539 5270 Jacobi
1572 5218 1805 5265 mortem
1840 5205 2151 5277 impertive-

582 5317 655 5372 rit
688 5319 850 5373 bona.
883 5314 1056 5371 Filios
1094 5315 1278 5381 itaque
1315 5321 1445 5364 suos
1475 5304 1543 5360 ad
1580 5301 1953 5365 sobrietatem,
1983 5296 2149 5351 casti-

586 5418 779 5474 tatem,
832 5403 1331 5477 louganimitatem,
1368 5408 1422 5454 et
1466 5395 1761 5451 fraternam
1803 5389 2149 5446 dilectionem

585 5501 879 5572 plurimum
924 5498 1141 5562 excitat,
1172 5492 1491 5550 ac-tandem
1526 5504 1595 5546 ex
1632 5482 1975 5544 somniorum
2019 5480 2150 5538 visis

728 5650 846 5706 Lib.
880 5668 947 5708 xv
969 5651 1046 5706 De
1065 5650 1237 5720 civit.,
1260 5662 1382 5720 cap.
1420 5645 1535 5721 23.7

2316 3112 2585 3175 Praeterea
2615 3133 2805 3175 omnes
2831 3117 2941 3174 fere
2967 3113 3292 3188 patriarchae
3321 3111 3522 3167 ibidem
3548 3109 3769 3164 inducun-

2248 3220 2339 3268 tur
2364 3212 2735 3283 apocryphum
2774 3210 2973 3265 librum
2999 3207 3209 3272 Enoch,
3241 3218 3483 3275 eumque
3505 3208 3768 3269 corruptae

2249 3305 2500 3361 citantcs.
2541 3302 2848 3374 Augustino
2883 3301 3028 3355 enim
3076 3298 3238 3353 tidem
3271 3298 3322 3353 si
3352 3295 3573 3360 habeas,
3600 3292 3770 3348 codices

2248 3397 2377 3453 libri
2427 3395 2615 3452 Enoch
2656 3393 2893 3465 duplicis
2935 3391 3152 3464 generis
3198 3390 3446 3453 fuerunt,
3472 3386 3560 3442 alii
3600 3382 3696 3439 veri
3731 3388 3771 3434 et

2250 3488 2494 3562 genuini,
2526 3488 2618 3542 alii
2643 3486 2885 3556 corrupti
2908 3495 2963 3541 et
2991 3482 3303 3539 adulterati.
3349 3479 3514 3550 Atqui
3545 3484 3771 3532 auctorem

2249 3590 2499 3637 nostrum
2528 3581 2583 3635 in
2615 3580 2716 3635 hos
2745 3577 3125 3634 tantummodo
3154 3574 3417 3630 incidisse
3446 3568 3637 3626 nemini
3661 3575 3771 3621 certe

2249 3673 2476 3730 dubium
2518 3671 2814 3735 videbitur,
2844 3669 2939 3739 qui
2970 3668 3088 3722 haec
3116 3666 3185 3721 de
3223 3665 3422 3721 iisdem
3450 3660 3666 3719 audierit
3687 3658 3770 3709 Au-

2250 3768 2454 3840 gustini
2497 3766 2659 3822 verba
2682 3768 2699 3798 ί
2729 3782 2742 3821 :
2768 3764 3055 3832 Scripsisse
3085 3761 3296 3832 quidem
3341 3755 3591 3814 nonnulla
3629 3752 3769 3807 dirius

2251 3860 2456 3925 Enoch,
2488 3858 2639 3913 illum
2680 3857 2959 3925 septimum
2985 3854 3049 3908 ab
3082 3853 3474 3922 Adam,uegare
3503 3864 3597 3902 non
3624 3858 3769 3915 posss-

2250 3965 2389 4016 mus,
2413 3964 2531 4001 cum
2560 3948 2656 4000 hoc
2682 3948 2738 4001 in
2753 3944 2993 4016 Epistola
3035 3942 3292 3996 canonica
3336 3937 3512 3994 Iudas
3551 3936 3768 4005 apostotss

2250 4042 2412 4094 dicat.
2443 4037 2545 4093 Sed
2569 4054 2670 4091 non
2703 4038 2905 4107 frustra
2926 4052 3030 4089 non
3058 4041 3180 4089 sunt
3204 4033 3259 4086 in
3281 4049 3340 4086 eo
3368 4046 3559 4085 canone
3579 4025 3770 4087 Scriptu-

2250 4146 2452 4193 rarum,
2479 4129 2569 4198 qui
2599 4129 2906 4183 seruabatur
2928 4127 2986 4180 in
3009 4124 3201 4195 templo
3232 4124 3446 4178 Hebrwi
3467 4119 3654 4193 populi,
3675 4132 3767 4171 sitc-

2250 4224 2538 4277 cedentium
2569 4219 2845 4290 diligentia
2876 4218 3248 4281 sacerdotum;
3282 4202 3549 4285 nisi'quia
3579 4208 3634 4263 ob
3662 4203 3770 4259 anti-

2250 4315 2502 4386 quitatem
2528 4323 2779 4383 suspectw
2804 4311 2926 4380 ﬁdei
2940 4310 3188 4379 judicata
3210 4317 3353 4372 sunt,
3382 4322 3473 4362 nec
3504 4313 3664 4359 utrum
3684 4299 3769 4351 hec

2249 4417 2440 4473 essent,
2472 4422 2588 4477 qua:
2626 4404 2718 4458 ille
2747 4404 3063 4473 scripsisset,
3089 4409 3295 4472 poterat
3332 4397 3614 4455 inveniri...
3657 4390 3768 4447 Unde

2249 4510 2300 4556 et
2328 4500 2427 4555 illa
2458 4515 2575 4570 qua:
2603 4497 2696 4553 sub
2722 4496 2837 4566 ejus
2862 4496 3069 4549 nomine
3096 4494 3457 4564 proferuntur,
3483 4497 3531 4544 et
3552 4486 3767 4542 continent

2250 4593 2381 4648 istas
2422 4594 2484 4645 de
2512 4590 2811 4661 gigantibus
2850 4586 3084 4657 fabulas,
3111 4586 3249 4657 quod
3282 4601 3385 4639 non
3425 4581 3677 4636 habuerint
3699 4575 3767 4626 Ιιοο

2249 4685 2415 4739 mines
2464 4694 2663 4754 patres,
2697 4692 2833 4736 recte
2880 4698 2912 4735 a
2954 4679 3299 4749 prudentibus
3359 4694 3460 4730 non
3501 4675 3767 4744 iudicantur

2249 4778 2415 4847 ipsius
2442 4792 2550 4830 esse
2580 4774 2871 4836 credenda;
2898 4774 3035 4826 sicut
3062 4771 3229 4825 multa
3254 4770 3347 4823 sub
3373 4768 3650 4823 nominibus
3669 4761 3765 4814 olio-

2250 4887 2369 4924 rum
2400 4869 2794 4939 propbetarum,
2827 4875 2878 4921 et
2912 4865 3203 4919 recentiora
3231 4862 3324 4917 sub
3365 4858 3641 4915 nominibus
3669 4865 3764 4919 apo-

2250 4963 2506 5017 stolorum
2549 4959 2613 5013 ab
2656 4958 2918 5013 haereticis
2965 4956 3326 5026 proferuntur.
3376 4954 3571 5007 Auctor
3609 4945 3761 5015 ρυὶρρε

2250 5062 2436 5109 noster
2489 5052 2624 5108 istas
2673 5052 2741 5107 de
2790 5049 3099 5122 gigantibus
3143 5046 3379 5112 fabulas,
3432 5044 3561 5098 mira
3610 5030 3761 5093 fiducia

2251 5148 2418 5204 semel
2446 5157 2608 5217 atque
2634 5146 2829 5200 iterum
2857 5153 3114 5212 tanquam
3144 5154 3333 5197 verum
3368 5137 3498 5208 quid
3524 5141 3571 5190 ct
3598 5134 3756 5185 certum

2249 5239 2457 5311 profert
2491 5247 2546 5293 et
2580 5237 2841 5292 venditat.
2884 5233 3022 5290 Hine
3067 5248 3197 5303 ergo
3237 5240 3291 5287 et
3331 5232 3481 5285 illum
3525 5226 3759 5288 corruptos

2250 5331 2371 5387 libri
2418 5330 2601 5384 Enoch
2636 5327 2856 5384 codices
2897 5327 3120 5391 citasse,
3150 5333 3206 5377 et
3243 5324 3440 5377 librum
3469 5319 3578 5388 ejus
3604 5313 3752 5367 falsum

2250 5436 2369 5479 esse
2397 5430 2450 5477 ct
2480 5418 2818 5491 suppositum
2852 5432 2962 5475 non
2989 5415 3222 5472 obscure
3251 5412 3541 5484 colligitur.
