4002 6308
257 265 397 323 1029

778 376 1177 441 ARTICULUS
1226 382 1318 439 Ill.

252 478 333 533 De
360 476 684 549 antiquitate
712 476 871 547 hujus
901 479 1049 538 libri,
1080 487 1131 530 et
1162 487 1342 530 utrum
1365 491 1398 529 a
1422 473 1654 549 quodam
1683 473 1841 530 Chri-

614 546 787 602 stiano
814 551 1071 618 scriptore
1092 549 1361 618 profectus
1390 546 1482 601 sit.

326 641 558 697 Constat
596 640 782 712 itaque
824 657 962 711 opus
1009 641 1144 695 illud
1197 639 1566 695 adulterinum
1613 654 1757 706 esse,
1787 648 1844 695 et

252 734 324 787 ab
356 732 543 803 ignoto
574 740 832 801 parente,
868 730 964 801 qui
1013 745 1214 785 nomen
1249 745 1412 786 suum
1460 730 1622 786 edere
1670 746 1842 789 ausus

250 840 365 878 non
396 832 500 886 est,
533 823 588 877 in
626 824 822 893 vulgus
852 822 1136 879 emissum.
1162 821 1334 878 Porro
1364 831 1547 878 autem
1582 822 1714 879 illud
1741 839 1853 889 an-_

252 910 627 986 tiq'uissimum
660 915 873 971 censeri
916 915 1097 980 debet,
1128 915 1173 970 si
1206 914 1275 968 ab
1319 912 1571 985 Origene,
1606 923 1669 969 ut
1711 915 1839 985 qui-

250 1000 381 1054 dam
421 1001 789 1066 arbitrantur,
827 1002 914 1058 his
950 1003 1128 1059 verbis
1176 1003 1429 1058 laudetur
1451 1006 1471 1035 ²
1508 1021 1522 1058 :
1555 1002 1621 1056 In
1655 1001 1833 1057 libello

250 1094 348 1163 qui
394 1093 701 1163 appellatur
751 1094 1140 1150 Testamentum
1179 1096 1453 1150 duodecim
1495 1096 1834 1166 patriarcha-

250 1202 395 1252 rum,
423 1188 661 1257 quamvis
678 1203 779 1241 non
804 1188 1059 1242 habeatur
1075 1191 1129 1242 in
1145 1205 1358 1256 canone,
1379 1187 1537 1242 talem
1555 1189 1830 1258 quemdam

249 1295 464 1333 sensum
492 1280 805 1347 invenimus,
831 1280 969 1350 quod
991 1298 1083 1350 per
1107 1291 1375 1351 peccantes
1398 1280 1592 1351 singuli
1612 1279 1831 1336 Satanw

248 1371 479 1443 intelligi
521 1373 760 1428 debeant.
818 1373 882 1427 Et
935 1390 1126 1428 rursus
1177 1374 1321 1428 circa
1372 1372 1588 1427 initium
1647 1373 1831 1429 saeculi

249 1464 392 1517 sexti
427 1480 457 1519 a
482 1463 748 1536 Procopio
769 1465 948 1522 Gazeo
970 1468 1169 1522 citatur
1190 1467 1209 1499 ³
1235 1487 1247 1522 :
1279 1466 1628 1535 Testamento,
1653 1469 1828 1534 aiunt,

251 1564 543 1610 attestatur
583 1559 631 1611 ei
680 1556 835 1625 Deus,
868 1559 1006 1627 quod
1044 1560 1137 1613 diu
1180 1576 1315 1626 eam,
1350 1577 1469 1613 cum
1497 1561 1666 1615 adhuc
1699 1570 1829 1615 esset

251 1651 423 1719 uirgo,
454 1649 624 1704 ludas
664 1652 928 1718 habuerit,
977 1651 1274 1723 luxeritque
1314 1652 1647 1723 iniquitatem
1691 1654 1824 1722 ejus.

1710 264 2072 326 ΡιιοαειιιΑ.

1872 388 1919 447 A

3390 282 3531 341 ιοω

2473 388 2875 450 ARTICULUS
2911 393 3002 449 IV.

1945 498 2023 554 De
2055 498 2216 571 hujus
2269 500 2417 569 libri,
2468 502 2649 581 Graece
2700 507 3190 581 primumuscripti,
3232 511 3529 581 codicibus,

2332 636 2337 641 Α
2388 575 2626 630 versione
2659 586 2709 629 et
2737 578 3080 633 editionibus.

2014 680 2115 738 Hic
2158 682 2296 739 liber
2337 684 2524 741 Graece
2567 686 2807 756 primum
2849 693 3086 761 scriptus
3127 702 3232 757 est,
3263 700 3430 764 atque
3470 695 3529 750 in

1942 772 2269 832 bibliotheca
2295 770 2463 848 Regia
2508 779 2618 834 duo
2664 780 2811 837 illius
2852 783 3071 838 codices
3120 784 3310 840 Graeca
3357 801 3527 841 manu

1941 867 2149 922 exarati
2192 878 2564 925 asservantur.
2605 870 2810 927 Horum
2848 872 2988 928 alter
3028 878 3413 946 pergamineus
3441 888 3529 933 est

1940 958 2012 1014 ab
2036 960 2199 1016 annis
2236 959 2343 1015 500
2369 962 2453 1016 vel
2493 962 2601 1016 600
2634 964 2979 1035 descriptus:
3021 968 3158 1024 alter
3190 981 3527 1038 papyraceus

1939 1047 2125 1121 priore
2153 1048 2311 1123 longe
2341 1055 2635 1109 recentior.

2013 1162 2285 1219 Robertus
2334 1178 2466 1219 vero
2519 1182 2551 1218 a
2593 1164 2792 1222 Grossa
2848 1164 3025 1235 Testa,
3077 1171 3289 1243 vulgari
3339 1174 3526 1246 lingua

1948 1252 2200 1323 Grokede,
2225 1257 2517 1327 episcopus
2534 1256 2959 1329 Lincolniensis,
2984 1265 3131 1319 hunc
3154 1266 3353 1322 librum
3377 1268 3527 1325 circa

1947 1364 2152 1404 annum
2177 1346 2318 1403 1249.
2347 1344 2541 1404 Latine
2561 1351 2813 1408 reddidit.
2845 1353 3019 1425 Hujus
3042 1365 3223 1412 autem
3250 1360 3526 1418 versionis

1937 1442 2182 1497 codicem
2232 1442 2669 1514 manuscriptum
2724 1445 3035 1504 invenimus
3086 1449 3139 1503 in
3191 1451 3523 1511 bibliotheca

1937 1532 2277 1601 Colbertina,
2300 1535 2395 1591 sed
2419 1536 2625 1591 recenti
2656 1551 2821 1593 manu
2845 1549 3151 1596 exaratum.
3177 1542 3360 1598 Alium
3386 1558 3525 1616 quo-

1936 1642 2043 1697 que
2079 1627 2281 1682 ibidem
2322 1626 2670 1698 oﬂ‘endimus,
2707 1626 2762 1686 in
2793 1647 2902 1703 quo
2933 1632 3236 1703 fragmenta
3271 1634 3518 1705 ejusdem

249 1746 536 1815 Atporro
575 1762 714 1817 opus
761 1758 923 1802 tantae
960 1718 1301 1818 antiquitatis
1337 1718 1567 1803 nothum
1609 1718 1729 1805 esse
1774 1758 1829 1804 et
1860 1739 1904 1795 Β
1934 1718 2057 1774 "bri
2107 1718 2358 1818 sui?“
2408 1719 2581 1818 “W0,
2608 1722 2939 1779 “bibentur
2966 1742 2980 1779 ³
3009 1724 3139 1780 Ha“
3176 1737 3301 1782 ⁸⁸⁷³³
3354 1738 3519 1783 mm‘

249 1838 502 1908 spurium
546 1839 682 1894 nulli
723 1849 868 1895 certe
901 1841 1099 1895 mirum
1145 1840 1450 1907 videbitur;
1484 1839 1827 1910 quandoqui-

251 1932 376 1988 dem
406 1933 475 1988 ab
508 1933 912 2002 antiquissimis
939 1935 1295 2004 temporibus,
1321 1944 1381 1989 ut
1419 1934 1582 2005 paulo
1608 1944 1732 1989 ante
1756 1948 1820 1988 ex

247 2025 557 2095 Augustino
579 2026 601 2056 ⁵
626 2026 893 2092 vidimus,
919 2027 1244 2082 exstiterunt
1283 2028 1424 2082 male
1465 2026 1639 2082 feriati
1683 2043 1819 2083 scrt-

244 2127 463 2184 ptorum
490 2119 863 2188 lihrorumque
893 2128 1235 2189 corruptores
1256 2128 1309 2174 et
1334 2119 1745 2176 adulteratores.

316 2197 454 2254 Illud
507 2208 689 2255 autem
734 2217 764 2255 a
805 2199 1122 2254 Christiano
1172 2199 1411 2268 quodam
1457 2201 1825 2268 compositum

243 2306 368 2347 esse
391 2308 455 2348 ea
482 2293 643 2363 plane
677 2293 957 2359 evincunt,
982 2307 1104 2362 quae
1131 2290 1335 2361 singuli,
1364 2289 1478 2346 fere
1509 2308 1699 2347 omnes
1726 2310 1825 2364 pa-

243 2383 500 2447 triarcha:
514 2384 580 2438 de
596 2382 813 2439 Christo
832 2392 1079 2451 venturo,
1095 2384 1332 2440 humana
1347 2385 1819 2454 carneinduendo,

244 2486 303 2529 et
344 2492 441 2545 pro
469 2475 749 2530 hominum
794 2476 967 2532 salute
999 2476 1152 2531 cruci
1194 2475 1459 2547 alIigendo
1495 2478 1814 2547 praedicant.

244 2569 517 2624 Caeterum
566 2568 801 2636 scriptor
845 2567 933 2622 ille
977 2568 1179 2623 librum
1223 2569 1371 2624 hunc
1412 2583 1523 2625 non
1552 2585 1615 2624 ea
1643 2569 1819 2624 solum

242 2670 429 2716 mente
459 2662 787 2730 composuit,
826 2669 886 2715 ut
930 2659 1211 2717 Christum
1260 2662 1594 2721 celebraret:
1635 2665 1729 2720 sed
1762 2666 1818 2723 in

239 2754 440 2825 primis
480 2762 541 2808 ut
579 2754 813 2810 lectores
854 2770 986 2812 suos
1033 2756 1102 2811 ab
1130 2756 1197 2812 iis
1225 2758 1462 2827 peccatis
1491 2758 1544 2812 in
1570 2774 1693 2829 quae
1718 2774 1817 2827 pa-

243 2847 515 2905 triarchas
541 2848 724 2917 lapsos
744 2862 865 2904 esse
887 2848 1037 2915 dicit,
1056 2849 1281 2903 omnino
1304 2849 1625 2918 deterreret,
1654 2859 1819 2923 atque

240 2956 341 2997 eos
369 2942 436 2996 ad
468 2956 687 2996 omnem
722 2941 1039 2996 eorumdem
1084 2942 1522 3012 patriarcharum
1570 2959 1815 3001 comme-

1933 1822 2112 1866 menta
2156 1808 2279 1866 XII
2318 1812 2773 1881 patriarcharum,
2806 1817 2863 1870 in
2907 1817 3097 1888 quibus
3126 1828 3250 1873 sunt
3294 1822 3523 1891 apertis-

1932 1906 2083 1959 sima:
2112 1914 2269 1973 atque
2306 1901 2676 1972 pulcherrima:
2705 1900 2995 1975 praphetia:
3020 1906 3085 1961 de
3119 1907 3354 1976 Christo,
3384 1922 3520 1980 quas

1933 1993 2209 2049 transtulit
2238 1993 2492 2063 magister
2516 1992 2799 2062 Robertus,
2819 1997 2993 2052 dictus
3020 1997 3217 2053 Grossa
3238 1998 3415 2067 Testa,
3441 1999 3521 2055 uel

1932 2085 2185 2143 Crassum
2234 2095 2427 2156 caput,
2468 2085 3187 2160 Lincolniensisepiscopus,
3221 2092 3285 2145 de
3334 2089 3519 2149 Greco

1931 2178 1986 2232 in
2010 2177 2281 2231 Latinum.
2313 2176 2443 2233 Post
2468 2178 2583 2233 haec
2605 2188 2789 2234 autem
2818 2179 3013 2236 Latina
3044 2180 3135 2237 illa
3161 2184 3344 2238 versio
3374 2185 3518 2256 typis

1928 2286 2129 2327 excusa
2160 2279 2244 2326 est
2275 2285 2419 2325 anno
2451 2270 2612 2336 15M,
2638 2279 2693 2327 et
2715 2288 2910 2328 rursus
2933 2272 3166 2331 Parisiis
3191 2277 3335 2347 apud
3366 2276 3514 2332 Mar-

1927 2366 2103 2421 tinum
2147 2362 2412 2420 Juvenem
2463 2379 2609 2419 anno
2662 2367 2822 2433 1549,
2853 2376 3019 2438 atque
3065 2368 3266 2424 iterum
3310 2370 3516 2428 ibidem

1926 2475 2072 2516 anno
2104 2456 2263 2524 1575,
2295 2456 2433 2513 1589
2463 2466 2515 2512 et
2540 2457 2699 2513 1610.
2732 2457 2961 2514 Basileze
2988 2475 3142 2527 vero,
3166 2477 3314 2518 anno
3345 2463 3511 2531 1550,

1927 2566 1992 2607 ac
2016 2546 2233 2606 tandem
2269 2549 2324 2604 in
2358 2549 2617 2605 omnibus
2652 2548 2880 2606 Patrum
2913 2550 3287 2611 Bibliothecls.
3317 2554 3515 2612 Utrum

1926 2653 2108 2701 autem
2153 2643 2287 2698 liber
2335 2639 2425 2697 ille
2470 2657 2537 2696 ex
2593 2644 2953 2714 typOgraphia
2994 2640 3181 2702 Graece
3224 2651 3512 2719 prodierit,

1924 2733 2086 2792 nobis
2134 2734 2556 2804 incompertum.
2612 2729 2680 2788 Et
2722 2743 2868 2791 certe
2899 2736 2952 2791 id
2986 2738 3129 2793 scire
3174 2752 3368 2810 parum
3416 2754 3516 2800 aut

1925 2827 2063 2884 nihil
2094 2818 2343 2891 interest,
2375 2840 2502 2880 cum
2541 2825 2924 2896 hujuscemodi
2958 2827 3080 2883 libri
3113 2830 3388 2900 ﬁgmentis
3420 2830 3511 2887 fa-

1924 2916 2177 2989 hulisque
2222 2912 2483 2983 anilibus,
2526 2929 2592 2972 ac
2646 2915 3160 2987 Scripturm‘sacra:
3213 2921 3509 2991 contrariis

238 3034 474 3092 moratis
500 3049 536 3090 a
574 3049 635 3091 se
676 3033 968 3091 virtutibus
1006 3006 1242 3090 dandam
1290 3049 1513 3106 operam
1554 3036 1817 3093 adhorta-
1846 3019 1889 3078 (ἶ
1923 3007 2233 3106 opple‘iﬂi"
2276 3006 2456 3106 ιυίξθφ
2510 3018 2795 3106 ¹ξ¹¹¹¹ί¹Ϊ¹³¹¹¹
2841 3009 3383 3106 θπξιλῖιεὶ-άεδυετίηιν
3421 3012 3510 3069 νει

236 3138 415 3185 retur.

1922 3101 2201 3177 perpetuis
2230 3100 2473 3158 tenebris
2506 3100 2617 3157 sint
2645 3100 2942 3158 damnandi
2976 3104 3077 3176 (1).

552 3283 3491 3313 ww

1560 3418 2232 3517 GALLANDII‘r

917 3631 1027 3693 DE
1056 3630 1340 3694 EODEM
1379 3627 1619 3693 LIBRO
1646 3624 2184 3692 DISSERTATIO
2240 3620 2817 3686 PROOEMIALIS.

1255 3792 1401 3865 (Vet.
1433 3792 1591 3847 Patr.
1620 3791 1905 3856 Biblioth.,
1938 3786 1982 3855 1,
2018 3786 2256 3859 Proleg.,
2290 3801 2344 3857 p.
2378 3785 2481 3855 LI.)

232 3956 279 4013 l.
335 3956 537 4011 Horum
571 3952 1020 4009 Testamentorum
1052 3959 1239 4005 auctor
1264 3948 1601 4004 Christianus
1630 3946 1813 4015 fuisse,
1846 3950 1893 4007 D
1920 3953 2030 4011 tur,
2058 3950 2121 3998 ut
2147 3941 2327 4011 ipsum
2366 3947 2578 3995 tantum
2621 3948 2728 3992 non
2769 3936 2940 4007 digito
2967 3946 3275 3992 monstrare
3304 3950 3503 3995 nosca-

442 4027 638 4097 illaque
668 4024 848 4079 erce
887 4023 1161 4091 scripsisse
1196 4022 1610 4075 demonstratur.

309 4139 468 4195 Haud
500 4137 633 4192 mihi
670 4134 914 4208 profecto
954 4135 1352 4203 incompertum
1381 4131 1672 4186 nonnullos
1696 4130 1811 4186 cxi-

230 4236 495 4291 stimasse
520 4231 788 4297 Judteum,
822 4245 928 4285 non
971 4227 1346 4283 Christianum
1394 4224 1563 4281 fuisse
1610 4226 1809 4279 horum

235 4328 699 4383 Testamentorum
741 4330 1054 4388 auctorem;
1104 4333 1283 4390 neque
1322 4317 1413 4373 illa
1452 4315 1672 4383 Graece,
1714 4315 1811 4372 sed

231 4422 506 4478 Hebraice
537 4419 796 4490 primitus
828 4431 946 4474 esse
970 4414 1299 4486 perscripta;
1338 4412 1550 4468 nullum
1575 4410 1812 4477 denique

229 4515 548 4574 istiusmodi
580 4510 845 4583 Opusculo
877 4509 1111 4580 pretium
1140 4504 1488 4562 statuendum
1520 4522 1534 4558 :
1561 4518 1681 4573 quae
1704 4501 1811 4555 ita-

230 4625 348 4681 que
392 4607 575 4664 omnia
612 4604 657 4660 si
698 4610 968 4668 constent,
999 4599 1272 4655 immerito
1315 4613 1462 4653 enim
1505 4610 1635 4651 vero
1678 4592 1810 4648 illud

231 4705 382 4758 inter
434 4707 644 4755 vetusta
697 4693 951 4750 Ecclesia:
1002 4701 1356 4747 monumenta
1407 4688 1698 4743 locaretur.
1750 4681 1808 4737 In

231 4797 407 4852 aliam
436 4803 611 4847 tamen
639 4786 959 4845 sententiam
996 4785 1089 4839 alii
1128 4781 1439 4852 complures
1468 4776 1666 4833 eruditi
1708 4774 1811 4829 viri

228 4890 361 4960 jure
391 4885 591 4940 abiisse
615 4880 989 4953 perhibentur.
1026 4875 1093 4930 Et
1121 4874 1355 4945 primum
1379 4870 1619 4940 quidem,
1652 4867 1813 4922 Chri-

233 4981 479 5037 stianum
536 4974 703 5030 fuisse
753 4979 1035 5026 auctorem
1094 4965 1264 5020 multa
1316 4964 1493 5033 palam
1549 4960 1808 5032 produnt,

238 5071 547 5127 Warthono
589 5068 691 5139 (l‘)
722 5062 1066 5137 potissimum
1111 5068 1165 5113 et
1190 5055 1428 5112 Nourrio
1470 5054 1549 5125 (2)
1579 5062 1806 5108 notata:

234 5167 378 5221 adeo
404 5176 640 5232 namque
663 5165 847 5228 aperte
877 5168 941 5209 ac
970 5151 1260 5221 perspicue
1283 5148 1349 5203 de
1378 5146 1599 5203 Christo
1626 5144 1807 5214 loqui-

313 5303 333 5332 ‘
370 5298 573 5354 Homil.
598 5299 685 5367 15,
718 5298 771 5353 in
794 5294 981 5352 Josue.
1057 5296 1077 5327 ³
1105 5292 1395 5349 Comment.
1424 5290 1480 5345 in
1502 5306 1619 5359 cap.
1648 5300 1856 5342 xxxvm
1885 5282 2071 5339 Cenes.

314 5418 392 5488 (1)
423 5414 499 5471 De
526 5416 629 5471 hoc
663 5429 857 5538 aspero
889 5411 1051 5467 nimis
1083 5410 1147 5467 Ι).
1191 5410 1408 5466 Nourrii
1448 5408 1653 5479 judicio
1682 5407 1805 5462 vide

320 5505 364 5538 aa
398 5488 618 5538 adnotat
645 5485 721 5538 Ga
747 5484 982 5538 Iandius.
1015 5482 1178 5538 inira.
1215 5484 1320 5537 col.
1350 5480 1669 5535 105ι1.Ευιτ.

240 5480 618 5559 quic'adnotat
645 5480 1197 5559 (ἐπειίιιιιιόὶιις),λιιῐιιι,⁸
1215 5484 1320 5537 col.
1350 5480 1669 5559 105;1.Ευιχ.

314 5559 415 5628 (1⁸)
452 5556 933 5628 Warth._Auctar.
984 5552 1130 5607 Hist.
1164 5555 1400 5625 dagmat.
1432 5550 1553 5606 Jac.
1600 5550 1803 5618 Usser.,

240 5626 361 5698 cap.
396 5626 603 5699 Ἄφες.
636 5626 735 5699 521
767 5642 880 5699 seq.

316 5692 393 5770 (9.)
429 5692 624 5755 Νὺιιὶικ
657 5692 857 5767 Αρρανξ
881 5695 948 5751 ad
970 5694 1096 5752 bibl.
1126 5694 1263 5767 PR,
1286 5704 1415 5755 tom.
1452 5692 1492 5764 ι,
1519 5708 1571 5765 p.
1605 5692 1734 5748 258.

1921 4042 2045 4101 tur;
2077 4045 2250 4102 eaque
2267 4031 2332 4086 de
2348 4029 2520 4085 sacris
2547 4026 2684 4082 Novi
2710 4025 3041 4081 Testamenti
3067 4025 3266 4082 litteris
3290 4027 3500 4096 passim

1918 4125 2148 4199 profert,
2191 4139 2313 4196 quae
2358 4122 2685 4193 scriptorem
2729 4118 3168 4176 Christianorum
3220 4120 3501 4190 mysteriis

1918 4221 2193 4275 initiatum
2242 4218 2547 4272 luculenter
2584 4214 2865 4271 evincunt.
2908 4211 3047 4268 Hinc
3089 4212 3275 4283 itaque
3313 4213 3501 4270 minus

1916 4321 2062 4368 recte
2095 4310 2398 4381 conjecisse
2420 4309 2676 4364 videntur
2705 4322 2736 4361 e
2757 4306 2899 4377 stylo
2931 4303 3164 4375 aliisque
3196 4305 3263 4361 de
3286 4305 3496 4372 causis,

1917 4403 2154 4461 Grabius
2204 4403 2282 4473 (5)
2327 4410 2380 4457 et
2421 4400 2752 4472 Sgambatus
2789 4398 2904 4470 (4),
2943 4395 3212 4453 Hebraico
3254 4399 3498 4468 primum

1915 4496 2177 4552 idiomate
2201 4493 2466 4561 scriptum
2495 4490 2666 4547 fuisse
2692 4489 3055 4560 opusculum;
3087 4488 3283 4545 deinde
3308 4489 3497 4546 Grece

1917 4586 2195 4643 redditum
2245 4593 2409 4655 atque
2439 4599 2471 4637 a
2501 4581 2811 4637 Christiana
2864 4595 3032 4634 manu
3080 4578 3492 4649 interpolatum.

1926 4676 2238 4748 «,Quamvis
2266 4678 2433 4741 enim,
2465 4683 2527 4729 ut
2554 4673 2799 4744 apposite
2830 4669 3073 4740 Wolﬁus]
3094 4671 3495 4741 (5),scribendi

1918 4771 2062 4826 ratio
2097 4784 2220 4840 quae
2266 4769 2320 4823 in
2366 4767 2555 4826 Graeco
2602 4773 2858 4820 contextu
2904 4763 3248 4831 observatur,
3293 4764 3495 4820 multos

1917 4867 2117 4924 referat
2153 4864 2537 4931 Hebraismos;
2569 4862 2693 4917 inde
2728 4869 2909 4917 tamen
2946 4876 3056 4915 non
3085 4859 3259 4930 magis
3298 4858 3493 4915 eﬂ‘ece—

1917 4959 2015 5026 ris,
2034 4956 2295 5014 llehraice
2321 4956 2558 5026 primum
2580 4963 2864 5010 exaratum
2890 4967 3011 5009 esse
3033 4949 3299 5017 libellum,
3322 4966 3488 5021 quam

1919 5049 2061 5105 idem
2104 5049 2173 5105 de
2214 5049 2403 5104 codice
2442 5044 2582 5101 Novi
2620 5042 2955 5100 Testamenti
2996 5042 3062 5096 ad
3104 5039 3489 5095 Hebraismum

1912 5140 2160 5212 proxime
2187 5122 2499 5206 accedente,
2522 5145 2726 5193 temere
2753 5133 3058 5189 aﬂirmaris.
3081 5150 3100 5184 ι
3133 5128 3234 5185 Cui
3264 5128 3488 5200 quidem

2157 5281 2180 5312 ⁸
2214 5278 2355 5334 Loco
2381 5279 2473 5333 cit.

2006 5397 2060 5466 5)
2113 5394 2277 5466 Grah.
2330 5392 2515 5466 Spicil.
2564 5388 2663 5466 S_S_.
2711 5388 2851 5466 PB,
2900 5398 3032 5466 tom.
3074 5386 3117 5454 Ι,
3159 5402 3281 5466 pag,
3363 5388 3485 5442 151.

2006 5398 2060 5466 5)
2113 5398 2277 5450 Grah.
2330 5398 2515 5463 Spicit.
2564 5398 2663 5446 SS.
2711 5398 2851 5452 PK,
2900 5398 3032 5468 tom.
3075 5398 3117 5454 ι,
3159 5402 3281 5468 pag,
3363 5398 3485 5442 If».

1912 5398 2306 5593 aogiigeggamh
2355 5463 2568 5518 Archiv.
2608 5458 2721 5515 Vet.
2753 5457 2917 5527 Test.,
2942 5459 3035 5513 lib.
3067 5474 3126 5525 ιι,
3152 5467 3235 5515 ιιι.
3260 5474 3334 5525 vt,
3361 5474 3486 5531 pag.

1987 5553 2267 5679 {Eicitur
2299 5604 2440 5660 Bibl.
2480 5602 2670 5671 Ilebr.,
2699 5608 2833 5655 tom.
2860 5598 2978 5687 ιιι).
3011 5598 3141 5654 250.
