4002 6308
553 252 686 309 1051

1586 228 2055 294 TESTAMENTA
2089 232 2207 319 (xu
2238 222 2667 289 parntsncn:

3608 241 3716 298 10139.

547 367 830 424 sententia:
858 364 923 419 de
950 363 1146 418 horum
1171 361 1651 416 Testamentorum
1683 360 2001 415 Christiano
2028 374 2120 412 auo
2157 362 2199 415 Α
2230 355 2564 424 coniecturis
2595 352 2929 425 expedienda
2961 352 3052 419 sil,
3078 365 3179 407 nos
3215 367 3337 409 cum
3374 351 3611 410 Dodwello
3638 362 3727 431 (Η)

547 470 718 524 ctore,
733 453 1127 523 subscripsisse
1142 467 1357 522 quoque
1372 450 1637 507 Joannem
1652 450 1919 505 Clericum
1939 459 2126 520 postea

544 548 788 605 intellexi
819 546 918 617 (6).

615 638 890 706 Opposita:
925 644 1105 709 autem
1138 631 1384 704 opinioni
1417 645 1609 687 ansam
1643 630 1944 701 praebuisse
1968 628 2121 682 vide-

546 742 631 786 tur
669 730 956 785 Matthaeus
1004 728 1180 791 Paris,
1222 726 1316 796 qui
1367 724 1433 780 de
1487 723 1802 793 bujusmodi
1854 722 2121 792 opusculo

541 823 705 878 verba
748 821 986 886 faciens,
1018 822 1134 874 hac
1169 819 1334 873 habet
1360 817 1437 888 (7)
1468 834 1480 869 :
1511 814 1650 885 Ipsis
1688 831 1887 885 quoque
1924 824 2121 882 tempo-

540 916 683 968 ribus
718 915 871 983 (ann.
905 911 1064 981 1212)
1091 912 1361 980 episcopus
1403 906 1790 961 Lincolniensis
1839 904 2116 970 Robertus,

538 1008 618 1061 vir
643 1009 696 1060 in
718 1006 910 1059 Latino
935 1017 982 1057 et
1006 1005 1188 1059 erco
1214 1002 1594 1073 peritissimus,
1627 998 1962 1055 Testamenta
1989 998 2119 1051 duo-

536 1100 707 1152 decim
732 1099 1161 1167 patriarcharum
1195 1096 1260 1149 de
1298 1093 1479 1149 Grteco
1510 1092 1656 1163 ﬁdeli
1682 1092 2117 1161 interpretatione

539 1190 809 1244 transtulit
839 1191 893 1243 in
917 1188 1191 1241 Latinum.
1227 1186 1356 1250 Qua:
1383 1202 1477 1254 per
1510 1184 1679 1237 multa
1708 1194 1943 1252 tempora
1969 1182 2117 1234 inco-

535 1284 683 1353 gnita
709 1292 759 1336 et
787 1281 1095 1335 abscondita
1117 1280 1331 1350 fuerunt
1362 1294 1454 1347 per
1492 1277 1748 1331 invidiam
1778 1276 2112 1337 Judworum,

432 1366 439 1375 ’
533 1384 745 1445 propter
771 1374 1069 1443 prop/tetias
1101 1372 1164 1425 de
1195 1370 1471 1426 Saluatore
1501 1370 1555 1423 in
1579 1371 1653 1423 eis
1684 1378 1974 1422 contentas.
2010 1366 2115 1421 Sed

536 1466 727 1534 Grazci,
760 1468 991 1520 omnium
1029 1466 1347 1534 scriptorum
1382 1463 1777 1533 diligentissimi
1822 1460 2113 1530 investiga-

535 1570 695 1624 tores,
736 1558 895 1627 primi
944 1557 999 1608 in
1039 1555 1285 1608 notitiam
1333 1553 1480 1607 illius
1533 1552 1718 1620 scripti
1765 1550 2109 1610 devenientes,

530 1650 669 1705 illud
706 1651 769 1703 de
802 1647 1024 1702 llebrazu
1066 1648 1121 1701 in
1156 1646 1399 1701 Graecum
1440 1644 1847 1709 transtulerunt,
1878 1652 1925 1695 et
1960 1656 2110 1710 penes

530 1758 617 1794 eos
658 1757 819 1809 usque
850 1742 905 1793 in
945 1748 1125 1792 nostra
1171 1725 1404 1805 tempora
1445 1746 1801 1790 reservarunt.
1842 1734 1954 1787 Nec
1983 1742 2113 1787 tema-

530 1848 654 1902 pare
681 1832 818 1884 beati
853 1828 1163 1898 Hieronymi
1205 1828 1283 1881 vel
1329 1828 1564 1897 alicujus
1600 1828 1769 1880 sancti
1810 1825 2111 1894 interpretis

534 1921 603 1974 ad
652 1920 895 1972 notitiam
936 1919 1386 1985 Christianorum,
1430 1920 1767 1971 machinante
1800 1916 2111 1969 Judazarum

533 2012 871 2081 antiquorum
917 2011 1146 2075 malitia,
1187 2013 1360 2081 potuit
1409 2008 1798 2081 quomodolibet
1847 2008 2107 2063 devenire.

532 2100 700 2156 Illum
745 2102 911 2172 igitur
959 2102 1249 2175 gloriosum
1312 2113 1620 2167 tractatum,
1665 2104 1732 2155 ad
1782 2102 1942 2155 robur
1984 2101 2109 2170 ﬁdei

530 2194 857 2250 Christiania
885 2204 933 2248 et
968 2196 1037 2249 ad
1072 2198 1326 2266 majorem
1369 2195 1684 2249 Judazorum
1721 2196 2105 2265 confusionem,

532 2288 805 2342 transtulit
846 2286 993 2357 plene
1016 2299 1065 2341 et
1095 2288 1358 2342 evidenter
1394 2288 1663 2357 episcOpus
1696 2299 2017 2341 memoratus
2044 2287 2108 2341 de

532 2378 736 2445 (irasco,
778 2377 926 2431 verba
971 2378 1039 2431 ad
1086 2379 1318 2445 verbum,
1344 2380 1399 2432 in
1449 2378 1724 2445 Latinum,
1757 2378 2108 2449 coadjuvante

528 2472 785 2543 magistro
820 2471 1049 2526 Nicolao
1094 2471 1299 2540 Graeco,
1325 2472 1515 2527 clerico
1559 2473 1765 2527 abbatis
1806 2471 1990 2526 Saneti
2019 2452 2113 2524 Αιέ

528 2562 674 2616 bani.
713 2561 837 2619 Haec
870 2564 978 2619 ille.
1025 2563 1128 2631 Qui
1160 2565 1381 2633 quidem
1422 2564 1575 2619 locus
1608 2565 1771 2634 paulo
1801 2564 1959 2619 aliter
1999 2564 2106 2618 im-

530 2666 795 2723 mutatus,
824 2657 879 2710 in
914 2657 1195 2712 nonnullis
1228 2659 1343 2712 sive
1373 2673 1510 2711 mss.
1537 2658 1649 2713 sive
1679 2657 1839 2711 editis
1866 2657 2106 2726 antiqua:

527 2749 798 2804 versionis
839 2751 1247 2820 exemplaribus
1286 2751 1353 2805 ad
1396 2752 1602 2805 calcem
1645 2749 1893 2812 habetur,
1923 2758 1982 2803 ut
2016 2750 2103 2803 vi-

528 2841 657 2897 dere
684 2849 768 2896 est
808 2856 873 2894 ex
915 2836 1140 2895 Thoune
1167 2839 1448 2895 Tenisonii
1478 2837 1897 2893 Cantuariensis
1927 2837 2105 2891 archi-

527 2934 768 3005 episcopi
799 2933 945 2988 notis
974 2948 1107 2988 mss.
1147 2933 1211 2987 ad
1235 2930 1536 2985 Historiam
1561 2929 1724 2985 Cavci
1757 2927 2102 2994 litterariam,

2144 1707 2186 1760 B

2231 447 2284 501 in
2318 448 2533 516 primis,
2562 446 2765 501 Wollio
2800 445 2938 515 (12),
2972 445 3221 499 ιίιιοιιειιο
3264 445 3371 514 (15)
3404 446 3604 516 aliisque
3632 466 3730 505 cen-

2228 552 2433 604 Semus,
2457 539 2657 593 saeculo
2687 555 2702 591 ι
2730 537 3013 593 desinente
3044 537 3360 606 scriptorem
3388 535 3636 603 ﬂoruisse;
3659 542 3727 610 qui

2228 633 2487 687 nimirum
2542 632 2957 687 Hellenisticum
3012 632 3175 701 plane
3219 630 3413 701 stylum
3461 629 3730 700 adhibuerit,

2226 725 2407 795 qualis
2451 725 2673 779 ineunte
2709 726 2910 780 sarculo
2960 741 2999 777 ιι
3043 724 3096 777 in
3144 722 3542 778 desuetudinem
3580 725 3734 780 abiisse

2224 815 2561 885 contperitur
2586 834 2599 868 :
2628 815 2755 870 licet
2780 814 3094 869 Mazochius
3118 811 3185 867 V.
3213 813 3276 867 ll.
3300 810 3457 882 paulo
3486 813 3621 867 aliter
3642 832 3734 870 sen-

2225 906 2357 962 serit
2389 906 2526 977 (14).
2557 905 2745 975 Neque
2774 906 2881 959 alia
2927 912 3193 974 praetcrea
3233 903 3425 959 desunt
3456 915 3733 973 argumenta,

2222 1001 2307 1055 vel
2345 1000 2467 1069 ipso
2512 999 2715 1053 Grabio
2765 1007 3088 1067 suggerente
3133 995 3268 1066 (15),
3301 996 3493 1065 quibus
3522 1000 3735 1054 sententia

2221 1092 2542 1164 huiusmodi
2580 1092 2755 1163 magis
2787 1090 2966 1145 adhuc
2998 1087 3318 1145 conﬁrmari
3344 1098 3519 1157 queat.
3545 1086 3734 1154 Scilicet,

2219 1203 2329 1244 non
2357 1198 2485 1243 ante
2516 1201 2721 1242 annum
2753 1201 2877 1241 terre
2902 1185 3141 1255 vulgaris
3195 1184 3264 1238 5‘2
3302 1182 3621 1237 Testamenta
3650 1185 3737 1239 hac

2217 1279 2536 1335 elucubrata
2582 1278 2755 1333 fuisse
2791 1277 3168 1346 perhibentur,
3202 1292 3315 1344 quo
3359 1273 3733 1343 Epistolamlad

2218 1374 2739 1430 Thessalonicenses
2794 1372 2964 1425 fuisse
3011 1370 3277 1438 scriptam
3331 1369 3625 1423 existimant
3662 1371 3736 1423 viri

2216 1468 2449 1534 eruditi,
2494 1466 2831 1520 Pearsonius
2873 1462 3022 1533 (16),
3064 1462 3271 1516 Millius
3312 1461 3453 1530 (ιτ),
3495 1460 3622 1514 alii:
3655 1462 3737 1516 hac

2216 1560 2361 1615 enim
2392 1560 2445 1614 in
2474 1567 2799 1614 testamento
2838 1555 2968 1609 Levi
3010 1556 3267 1625 leguntur
3294 1553 3407 1624 (18)
3430 1571 3444 1605 :
3470 1553 3677 1620 Ἔφθασε
3697 1554 3737 1605 δὲ

2216 1656 2248 1724 ἡ
2276 1653 2411 1724 ὀργὴ
2444 1652 2649 1723 Κυρίου
2677 1651 2763 1703 ἐπ’
2787 1648 2983 1710 αὐτοὺς
3016 1649 3095 1711 εἰς
3121 1646 3294 1710 τέλος.
3349 1644 3489 1699 Venit
3516 1655 3661 1698 autem
3681 1646 3738 1697 ira

2214 1746 2429 1801 Domini
2458 1762 2614 1814 super
2644 1760 2731 1797 eos
2761 1744 2815 1795 in
2842 1743 3000 1811 ﬁnem
3026 1755 3043 1792 :
3067 1755 3189 1809 quin
3215 1737 3442 1808 quidem
3473 1738 3619 1791 verba
3642 1753 3738 1791 con-

2216 1843 2296 1889 tra
2335 1833 2552 1888 Judteos
2594 1831 2827 1902 prolata,
2864 1846 2926 1884 ex
2964 1830 3180 1884 laudata
3217 1827 3738 1882 Thessalonicensibus

2214 1927 2476 1997 inscripta
2499 1924 2739 1995 Epistola
2773 1923 2885 1993 (l9)
2918 1923 3204 1992 desumpta
3252 1920 3429 1977 fuisse
3472 1931 3735 1975 noscuntur.

2212 2018 2401 2090 Neque
2445 2030 2570 2073 ante
2616 2032 2820 2072 annum
2853 2018 2943 2084 64,
2977 2032 3087 2087 quo
3120 2016 3255 2069 liber
3300 2016 3531 2069 Actuum
3567 2024 3739 2084 aposto-

2212 2113 2389 2168 lorum
2422 2111 2596 2167 fertur
2617 2127 2648 2164 a
2674 2119 2860 2164 sancto
2882 2108 3029 2162 Luca
3053 2106 3249 2161 litteris
3273 2106 3621 2177 consignatus
3640 2105 3737 2172 (20),

2212 2205 2537 2276 opusculum
2566 2203 2700 2257 illud
2738 2216 2996 2257 exarasse
3030 2210 3315 2254 auctorem
3350 2214 3418 2253 ex
3452 2198 3515 2254 iis
3551 2204 3737 2261 constat,

2210 2298 2413 2370 quibus
2468 2296 2761 2366 imaginem
2812 2293 3045 2364 apostoli
3096 2293 3247 2346 Pauli
3299 2308 3369 2347 ex
3422 2293 3601 2346 iisdem
3624 2290 3735 2343 Actis

2210 2380 2467 2459 graphice
2496 2387 2825 2456 descriptam
2866 2385 3089 2439 exhibet
3131 2384 3268 2456 (21),
3305 2383 3661 2452 Benjaminum
3686 2381 3739 2433 ita

2208 2482 2521 2551 loquentem
2552 2479 2822 2533 inducens
2849 2494 2862 2530 :
2896 2476 2961 2529 Et
2996 2493 3097 2529 non
3124 2476 3358 2545 amplius
3390 2473 3602 2528 vocabor
3624 2473 3736 2539 lupas

2208 2590 2494 2643 rapax.....
2536 2570 2605 2625 Et
2636 2570 2988 2623 suscitabitur
3010 2584 3076 2623 ea:
3102 2570 3299 2623 semine
3330 2584 3441 2621 meo
3472 2568 3522 2620 in
3544 2566 3737 2619 extremis

2208 2662 2526 2734 temporibus
2578 2659 2800 2713 dilectus
2858 2658 3106 2724 Domini,
3156 2658 3379 2711 audiens
3428 2672 3590 2710 vocem
3635 2653 3737 2719 eius,

2207 2754 2501 2825 cognitione
2532 2768 2664 2805 nova
2705 2750 3018 2804 illuminans
3068 2766 3243 2803 omnes
3277 2756 3478 2819 gentes,
3500 2746 3651 2799 lucem
3676 2759 3738 2796 cc-

2206 2844 2458 2917 gnitionis
2495 2843 2783 2896 accendens
2819 2840 3013 2894 Israeli
3044 2842 3098 2895 in
3127 2841 3382 2907 salutem,
3415 2848 3463 2894 et
3502 2838 3679 2908 rapiens
3697 2840 3736 2886 ut

2206 2938 2363 3007 lupus
2395 2936 2459 2988 ab
2491 2935 2654 3003 ipsis,
2685 2944 2735 2988 et
2765 2933 2899 2986 dans
2930 2948 3211 3003 synagoga;
3249 2932 3487 3002 gentium
3509 2946 3527 2983 :
3548 2938 3590 2983 et
3617 2941 3737 2996 usque

525 3039 650 3093 qua?
677 3024 779 3079 sub
802 3023 967 3078 ﬁnem
991 3023 1287 3079 Wlumiﬂis
1318 3021 1359 3075 Π
1392 3023 1633 3090 εἷαδαθω
1660 3020 1910 3077 "moria?
1933 3035 2102 3090 ""Pel'
2129 3043 2173 3101 α
2206 3036 2262 3088 in
2320 3030 2825 3087 consummationem
2877 3026 3195 3081 steculorum
3254 3023 3361 3076 erit
3410 3025 3464 3075 in
3509 3017 3737 3091 synagogis

527 3118 792 3188 evulgatus
818 3127 1136 3187 comparent
1162 3132 1282 3187 pag.
1316 3116 1363 3171 l.
1404 3114 1508 3169 Sed
1536 3125 1649 3169 tum
1681 3112 1917 3168 Matthzei
1946 3114 2101 3171 Paris

528 3210 897 3264 narrationem
929 3225 1094 3279 quam
1122 3208 1318 3263 iisdem
1350 3222 1486 3276 pene
1516 3207 1698 3262 verbis
1730 3205 1923 3272 repetit
1963 3204 2102 3261 infe-

527 3303 647 3357 rius
685 3301 827 3356 idem
860 3303 1092 3369 scriptor
1133 3299 1425 3354 historicus
1462 3299 1538 3371 (8)
1578 3299 1646 3353 ad
1686 3313 1891 3353 annum
1937 3297 2098 3363 1252,

529 3403 645 3449 tum
676 3407 799 3463 quae
835 3393 889 3446 in
919 3392 1023 3446 line
1062 3390 1426 3462 quorumdam
1463 3390 1859 3460 exemplarium
1884 3404 1951 3444 ex
1980 3388 2101 3457 ipso

527 3492 782 3554 excerpta
805 3484 967 3538 verba
995 3483 1272 3554 leguntur,
1300 3482 1497 3536 merito
1527 3482 1665 3535 ridet
1691 3480 1973 3537 Simonius
1998 3480 2098 3549 (9),

526 3576 623 3648 qui
651 3586 704 3631 et
732 3592 797 3630 ca
826 3576 1016 3631 deesse
1047 3574 1099 3628 in
1126 3590 1231 3629 ms.
1266 3573 1453 3628 codice
1487 3572 1805 3628 Colbertino
1833 3582 2098 3629 testatur:

526 3677 589 3724 ut
632 3668 862 3737 proinde
918 3666 1074 3720 nihili
1120 3666 1366 3721 ducenda
1424 3665 1495 3719 sit
1539 3665 1826 3735 inscriptio
1872 3664 2099 3720 alterius

527 3760 734 3815 codicis
781 3775 885 3815 ms.
932 3758 1277 3813 bibliotheca:
1334 3756 1645 3812 Bodleianaz
1690 3772 1719 3809 a
1757 3754 1961 3810 Grabio
2009 3770 2099 3810 re-

526 3851 635 3905 lata
665 3850 800 3921 (10),
830 3850 1025 3919 bisque
1063 3848 1246 3903 verbis
1281 3862 1536 3918 expressa
1567 3865 1579 3901 :
1608 3846 1941 3900 Testamenta
1968 3846 2101 3899 duo-

524 3944 695 3997 decim
754 3941 1201 4011 patriarcharum
1259 3939 1493 4010 [iliorum
1550 3936 1758 4005 Jacob,
1812 3938 2101 3993 secundant

526 4034 930 4089 translationem
982 4033 1208 4088 Joannis
1259 4033 1621 4102 Clirysostomi
1666 4032 1729 4085 de
1777 4030 2000 4085 Hebraeo
2044 4032 2101 4084 in

525 4126 769 4183 ercum
794 4143 812 4180 :
837 4126 970 4182 satis
1019 4126 1163 4181 enim
1212 4125 1327 4181 sive
1364 4141 1432 4180 ex
1472 4125 1737 4180 hactenus
1779 4123 1962 4191 dictis,
1986 4123 2103 4179 sive

523 4235 591 4275 ex
621 4235 750 4275 mox
785 4218 1031 4275 dicendis
1054 4217 1342 4273 refellitur.

524 4372 589 4429 ll.
632 4373 807 4444 Ipsius
847 4385 977 4429 tetas
1006 4373 1314 4444 inquiritur,
1341 4371 1555 4444 ejusque
1583 4369 1885 4441 scriptionis
1926 4370 2101 4424 consi-
2132 4380 2176 4437 ι)

997 4443 1127 4497 lium
1150 4444 1332 4513 paucis
1363 4443 1620 4512 aperitur.

2205 3124 2438 3195 gentium
2462 3132 2509 3176 et
2537 3122 2592 3175 in
2621 3120 2947 3191 principibus
2973 3132 3173 3179 eorum,
3207 3118 3348 3169 sicut
3392 3115 3631 3168 musicum
3660 3125 3740 3162 me-

2204 3217 2282 3271 los
2313 3217 2367 3270 in
2398 3232 2486 3269 ore
2515 3216 2752 3268 omnium
2778 3226 2795 3263 :
2842 3221 2889 3264 et
2922 3211 2977 3263 in
3008 3209 3158 3262 libris
3213 3209 3418 3262 sanctis
3449 3208 3545 3260 erit
3597 3201 3739 3256 inscri-

2203 3324 2345 3378 ptus,
2368 3320 2417 3362 et
2444 3324 2572 3378 opus
2601 3316 2648 3360 et
2677 3321 2845 3359 sermo
2872 3303 2987 3373 ejus
3016 3319 3033 3355 :
3060 3317 3199 3372 Opus
3228 3301 3477 3372 quidem,
3500 3308 3554 3352 ut
3578 3295 3739 3365 optime

2204 3400 2457 3465 Grabius,
2491 3399 2546 3453 in
2583 3397 2733 3451 Actis
2770 3395 3175 3465 apostolorum;
3208 3409 3393 3448 sermo
3436 3400 3625 3453 autem,
3651 3398 3738 3440 tum

2203 3493 2257 3547 in
2291 3493 2483 3548 iisdem
2528 3490 2715 3555 Actis,
2749 3498 2860 3543 tum
2895 3488 2950 3541 in
2983 3486 3155 3555 ipsius
3199 3478 3356 3541 Pauli
3402 3482 3640 3555 Epistolis
3666 3497 3676 3530 :
3699 3487 3740 3529 ut

2204 3585 2433 3658 proinde
2461 3592 2585 3655 post
2608 3597 2798 3638 omnes
2824 3580 2987 3635 etiam
3019 3578 3276 3633 Paulinas
3306 3578 3590 3647 Epistolas,
3617 3572 3741 3626 idest

2202 3686 2327 3748 post
2353 3691 2557 3731 annum
2581 3673 2649 3727 67
2678 3672 2968 3741 scripsisse
2996 3680 3187 3725 auctor
3213 3669 3483 3724 videatur.

2273 3766 2530 3834 Quinimo
2572 3772 2696 3834 post
2738 3777 2942 3816 annum
3007 3760 3073 3814 70
3111 3759 3460 3816 Testamenta
3490 3758 3575 3812 illa
3606 3753 3740 3809 fuisse

2204 3859 2506 3932 composita
2526 3900 2540 3924 ,
2577 3873 2641 3913 ea
2672 3856 2806 3912 satis
2838 3856 3076 3926 produnt
3105 3870 3228 3924 quae
3272 3854 3341 3909 de
3373 3852 3738 3920 Hierosolymo-

2202 3971 2325 4011 rum
2370 3952 2612 4017 excidio,
2641 3951 2817 4020 deque
2845 3948 3252 4004 calamitatibus
3277 3947 3332 4000 in
3369 3947 3532 4001 caedis
3574 3938 3739 3998 Christi

2203 4062 2421 4120 ptenam
2464 4044 2667 4099 Iudaeis
2714 4041 2957 4105 inﬂictis,
2988 4040 3235 4109 loquitur
3286 4048 3485 4093 auctor
3526 4036 3605 4089 his
3644 4046 3738 4084 ver-

2203 4142 2286 4196 bis
2319 4138 2431 4211 (22)
2465 4157 2478 4193 :
2514 4136 2696 4191 Virum
2730 4143 3061 4188 renovantem
3103 4125 3263 4202 legem
3305 4131 3361 4184 in
3392 4130 3577 4183 virtute
3604 4123 3739 4178 Altis-

2202 4234 2345 4299 simi,
2370 4232 2709 4301 impostorem
2744 4224 3116 4297 appellabitis;
3145 4234 3191 4278 et
3221 4225 3275 4277 in
3306 4224 3432 4293 ﬁne,
3460 4230 3516 4275 ut
3545 4219 3739 4274 (estima—

2205 4325 2352 4391 bitis,
2379 4322 2630 4378 occidetis
2656 4338 2796 4385 eum,
2820 4318 3105 4373 nescientes
3133 4318 3299 4386 ipsius
3326 4313 3737 4370 resurrectionem,

2204 4420 2531 4474 innocentem
2577 4414 2883 4485 sanguinem
2930 4413 2985 4467 in
3031 4410 3240 4464 malitia
3269 4425 3425 4479 super
3470 4408 3636 4476 capita
3672 4418 3738 4455 re-

2203 4520 2317 4566 stra
2349 4508 2624 4578 recepturi.
2655 4504 2724 4559 Et
2754 4514 2963 4575 propter
2988 4504 3159 4575 ipsum
3188 4511 3340 4556 erunt
3382 4510 3565 4554 sancta
3603 4504 3738 4550 vestra

598 4578 719 4645 Quo
761 4589 939 4635 amem
977 4591 1219 4653 tempore
1261 4580 1623 4671 Τθδίδῖηθηίδ,
1655 4579 1774 4671 ξιπε
1815 4576 2101 4671 δίξτίβθθτίί
2200 4603 2429 4664 deserta,
2461 4576 2627 4671 usque
2670 4597 2737 4651 ad
2768 4598 3123 4667 pavimentum
3169 4594 3480 4664 profanata.
3511 4591 3575 4644 Et
3603 4587 3735 4659 paulo

524 4670 871 4727 Christianus
894 4680 1084 4725 auctor
1113 4687 1419 4743 anonymus
1440 4714 1453 4738 ,
1483 4668 1628 4724 haud
1658 4668 1733 4723 ita
1756 4667 2098 4738 exploratum

527 4764 777 4827 habetur,
810 4770 870 4816 ut
897 4779 958 4817 ea
981 4764 1047 4817 de
1082 4779 1141 4818 re
1171 4764 1311 4818 tirmi
1357 4764 1564 4835 aliquid
1605 4762 1770 4819 statui
1811 4774 1974 4832 posse
2008 4760 2098 4813 vi-

524 4857 737 4913 deatur.
790 4854 992 4921 Verum
1041 4857 1087 4912 si
1133 4857 1366 4928 qumstio
1414 4856 1713 4912 admodum
1758 4854 1991 4925 implexa
2029 4867 2097 4908 ex

597 5015 675 5083 (6)
714 5014 911 5070 Cleric.
943 5012 1087 5067 Hist.
1123 5014 1275 5081 βοείη
1315 5014 1380 5069 ad
1412 5030 1540 5068 ann.
1578 5013 1701 5075 191,
1738 5012 1764 5083 §
1800 5011 1856 5076 2,
1884 5026 1952 5083 p._
1968 5009 2091 5066 796.

598 5081 675 5153 (7)
711 5084 903 5141 Matth.
943 5082 1067 5140 I’ar.
1116 5084 1259 5139 Hist.
1302 5085 1495 5154 major,
1536 5083 1605 5139 ad
1648 5081 1776 5137 ann.
1823 5081 1984 5147 1248,
2038 5097 2093 5151 p.

526 5154 629 5213 528
659 5159 788 5213 edit.
821 5156 994 5210 Lond.
1030 5154 1184 5209 1686.

599 5228 674 5299 (8)
716 5228 792 5299 ld.
826 5225 1129 5299 ibid.,_pag.
1160 5223 1262 5280 720
1301 5241 1415 5295 seq.

595 5294 672 5367 (9)
716 5298 923 5352 Simtm.
959 5294 1102 5367 Bibl:
1131 5299 1275 5367 erit”
1313 5294 1443 5367 tom.
1472 5294 1535 5360 ll,
1571 5311 1692 5367 pag.

597 5312 672 5367 (υ)
716 5312 923 5352 bimum.
959 5312 1097 5349 mut.
1131 5312 1275 5359 cru.,
1313 5312 1443 5350 tom.
1473 5312 1535 5360 ιι,
1571 5312 1634 5365 pa
1680 5333 1687 5349 .

597 5368 708 5433 (10)
748 5368 912 5423 Grab.
949 5365 1133 5435 Spicil.
1171 5366 1269 5422 SS.
1308 5366 1451 5429 PP.,
1483 5376 1614 5420 tom.
1642 5312 1687 5431 ξ,

751 5439 934 5494 Dodw.
974 5438 1114 5507 apud
1148 5439 1310 5495 Grab.
1350 5437 1539 5509 Spicil.
1573 5436 1672 5492 SS.

624 5580 709 5646 12)
738 5579 903 5651 Wolf.
930 5580 1070 5634 Bibl.
1110 5581 1293 5646 Hebr.,
1326 5594 1458 5638 tom.
1486 5581 1529 5645 Ι,
1558 5598 1610 5651 p.
1644 5578 1771 5636 250.

629 5644 710 5721 15)
750 5649 980 5705 Ruchat.
1016 5651 1216 5705 Lettres
1249 5644 1311 5710 de
1348 5655 1475 5710 trois
1520 5644 1673 5709 P'éres
1714 5644 2088 5721 apostolilluesp

528 5718 658 5777 tum.
691 5718 729 5787 l,
765 5722 919 5792 pagg.
951 5722 1220 5786 155,194.

1726 5292 1833 5349 286
1865 5307 1982 5361 seq.

1758 5406 1770 5418 .
1805 5363 1928 5417 145.

1755 5434 1845 5496 Ρ..
1878 5442 2012 5486 tom.
2048 5429 2089 5499 l,

2200 4704 2327 4752 ante
2359 4713 2373 4750 :
2405 4692 2629 4763 Propter
2657 4692 2787 4756 lucc,
2821 4688 3070 4760 templum
3099 4687 3238 4759 quod
3274 4688 3455 4757 utique
3477 4685 3623 4755 eliget
3650 4680 3735 4731 llo‘

2202 4789 2398 4854 minus,
2443 4784 2773 4839 desolabitur
2820 4782 2875 4836 in
2925 4781 3309 4843 immunditia;
3354 4788 3401 4833 et
3446 4794 3533 4831 vos
3574 4770 3731 4843 captiti

2197 4880 2346 4934 eritis
2392 4878 2448 4931 in
2490 4892 2663 4931 omnes
2708 4882 2903 4945 gentes,
2944 4880 2993 4926 et
3030 4869 3352 4925 abominatio
3382 4868 3521 4922 inter
3548 4879 3659 4926 eas;
3693 4865 3729 4913 et

2269 5012 2382 5084 (14)
2419 5011 2665 5084 Mazaei).
2706 5008 2997 5084 Comment.
3052 5008 3237 5084 intret.
3277 5017 3467 5055 marm.
3507 4996 3726 5060 Kalend,

2196 5076 2304 5142 vol.
2338 5076 2378 5149 ι,
2405 5080 2460 5154 p.
2491 5082 2632 5154 947:,
2662 5089 2715 5135 et
2738 5080 2845 5134 vol.
2874 5078 2942 5144 ll,
2970 5076 3181 5154 p._

2270 5144 2381 5226 (15)
2408 5144 2587 5226 'Qrab.
2614 5144 2760 5226 l.‘c.,
2789 5144 3100 5226 pagg.
3135 5144 3281 5226 140..
3512 5215 3519 5220 _

2270 5208 2605 5349 (161)2Pears.
2642 5208 3039 5281 Aniia't.Piiul.,
3069 5208 3213 5272 inter
3235 5214 3353 5287 ejus
3380 5215 3519 5287 opp.’
3551 5208 3722 5284 postln,

2270 5313 2317 5349 Ω.
2416 5332 2430 5349 ι

2234 5314 2317 5353 32.
2345 5314 2430 5350 η.

2194 5313 2549 5437 Ρθῗὶγῗῂίιι.
2582 5362 2879 5437 Prolegom.
2911 5358 2979 5414 ad
3010 5357 3082 5412 N.
3113 5355 3376 5437 r._c§.,A§
3407 5357 3463 5413 4.

2267 5426 2379 5506 (18)
2424 5434 2655 5506 Testam.
2690 5426 2769 5488 sui
2802 5433 2981 5506 Pam,
3012 5444 3131 5499 cap.
3164 5428 3218 5496 5,
3248 5427 3275 5500 ᾗ
3308 5426 3360 5481 6.

2265 5504 2380 5575 (19)
2421 5506 2450 5560 1
2481 5504 2658 5559 Thess.
2690 5521 2747 5566 ιι,
2784 5505 2869 5559 16.

2289 5578 2380 5645 ao)
2422 5575 2552 5632 Mill.
2578 5577 2616 5629 1.
2643 5591 2691 5631 c.
2721 5575 2748 5647 ς
2784 5575 2904 5629 118.

2289 5638 2380 5716 21)
2415 5647 2643 5702 Testam.
2672 5638 2751 5701 Χιῖ
2777 5642 3242 5718 patriarclt.,_cap.
3275 5641 3360 5711 11,
3388 5638 3473 5693 12.

2162 5792 2165 5795 λ
2266 5711 2377 5791 (ea)
2418 5718 2549 5776 ibid.
2584 5734 2701 5789 cap.
2733 5711 2788 5787 δ,
2818 5717 2881 5790 §§
2916 5717 2982 5771 15
3008 5723 3059 5768 et
3094 5711 3181 5766 ιθ.
