  <div class='ocr_page' id='page_1' title='image "/cluster/home/n/w/nwhite01/storage/ocr_20150623/2/hvd.32044073501249/522.png"; bbox 0 0 4002 6308; ppageno 0'>
   <div class='ocr_carea' id='block_1_1' title="bbox 234 302 379 357">
    <p class='ocr_par' dir='ltr' id='par_1_1' title="bbox 234 302 379 357">
     <span class='ocr_line' id='line_1_1' title="bbox 234 302 379 357; baseline 0.007 -1"><span class='ocrx_word' id='word_1_1' title='bbox 234 302 263 356; x_wconf 63' lang='grc' dir='ltr'><strong>ξ</strong></span> <span class='ocrx_word' id='word_1_2' title='bbox 274 302 379 357; x_wconf 75' lang='grc'><strong>055</strong></span> 
     </span>
    </p>
   </div>
   <div class='ocr_carea' id='block_1_2' title="bbox 223 514 1815 589">
    <p class='ocr_par' dir='ltr' id='par_1_2' title="bbox 223 514 1815 589">
     <span class='ocr_line' id='line_1_2' title="bbox 223 514 1815 589; baseline 0.005 -23"><span class='ocrx_word' id='word_1_3' title='bbox 223 522 376 581; x_wconf 64' lang='lat' dir='ltr'><strong>justo</strong></span> <span class='ocrx_word' id='word_1_4' title='bbox 415 515 617 583; x_wconf 77' lang='lat' dir='ltr'><strong>iudicio</strong></span> <span class='ocrx_word' id='word_1_5' title='bbox 648 514 765 569; x_wconf 88' lang='lat' dir='ltr'><strong>Dei.</strong></span> <span class='ocrx_word' id='word_1_6' title='bbox 809 516 933 571; x_wconf 79' lang='lat' dir='ltr'><strong>llaec</strong></span> <span class='ocrx_word' id='word_1_7' title='bbox 973 520 1194 588; x_wconf 83' lang='lat' dir='ltr'><strong>quidem</strong></span> <span class='ocrx_word' id='word_1_8' title='bbox 1235 522 1342 575; x_wconf 89' lang='lat' dir='ltr'><strong>alio</strong></span> <span class='ocrx_word' id='word_1_9' title='bbox 1364 521 1652 589; x_wconf 89' lang='lat' dir='ltr'><strong>detorquet</strong></span> <span class='ocrx_word' id='word_1_10' title='bbox 1677 518 1815 575; x_wconf 85' lang='lat' dir='ltr'><strong>Gra-</strong></span> 
     </span>
    </p>
   </div>
   <div class='ocr_carea' id='block_1_3' title="bbox 226 606 1811 680">
    <p class='ocr_par' dir='ltr' id='par_1_3' title="bbox 226 606 1811 680">
     <span class='ocr_line' id='line_1_3' title="bbox 226 606 1811 680; baseline 0.004 -19"><span class='ocrx_word' id='word_1_11' title='bbox 226 606 394 670; x_wconf 84' lang='lat' dir='ltr'><strong>bius,</strong></span> <span class='ocrx_word' id='word_1_12' title='bbox 434 607 836 678; x_wconf 89' lang='lat' dir='ltr'><strong>intersertaque</strong></span> <span class='ocrx_word' id='word_1_13' title='bbox 888 612 1327 680; x_wconf 87' lang='lat' dir='ltr'><strong>patriarcharum</strong></span> <span class='ocrx_word' id='word_1_14' title='bbox 1375 612 1743 668; x_wconf 87' lang='lat' dir='ltr'><strong>Testamentis</strong></span> <span class='ocrx_word' id='word_1_15' title='bbox 1781 627 1811 667; x_wconf 89' lang='lat' dir='ltr'><strong>a</strong></span> 
     </span>
    </p>
   </div>
   <div class='ocr_carea' id='block_1_4' title="bbox 225 696 1813 765">
    <p class='ocr_par' dir='ltr' id='par_1_4' title="bbox 225 696 1813 765">
     <span class='ocr_line' id='line_1_4' title="bbox 225 696 1813 765; baseline 0.001 -14"><span class='ocrx_word' id='word_1_16' title='bbox 225 696 523 765; x_wconf 84' lang='lat' dir='ltr'><strong>cujusdam</strong></span> <span class='ocrx_word' id='word_1_17' title='bbox 570 696 869 753; x_wconf 82' lang='lat' dir='ltr'><strong>Christiani</strong></span> <span class='ocrx_word' id='word_1_18' title='bbox 917 716 1081 754; x_wconf 88' lang='lat' dir='ltr'><strong>manu</strong></span> <span class='ocrx_word' id='word_1_19' title='bbox 1127 702 1228 756; x_wconf 89' lang='lat' dir='ltr'><strong>sub</strong></span> <span class='ocrx_word' id='word_1_20' title='bbox 1279 700 1697 756; x_wconf 65' lang='lat' dir='ltr'><strong>sa&#39;culiilinem</strong></span> <span class='ocrx_word' id='word_1_21' title='bbox 1730 699 1813 754; x_wconf 88' lang='lat' dir='ltr'><strong>vel</strong></span> 
     </span>
    </p>
   </div>
   <div class='ocr_carea' id='block_1_5' title="bbox 224 788 1808 862">
    <p class='ocr_par' dir='ltr' id='par_1_5' title="bbox 224 788 1808 862">
     <span class='ocr_line' id='line_1_5' title="bbox 224 788 1808 862; baseline 0.001 -18"><span class='ocrx_word' id='word_1_22' title='bbox 224 788 337 844; x_wconf 88' lang='lat' dir='ltr'><strong>sub</strong></span> <span class='ocrx_word' id='word_1_23' title='bbox 385 789 605 844; x_wconf 91' lang='lat' dir='ltr'><strong>initium</strong></span> <span class='ocrx_word' id='word_1_24' title='bbox 657 788 996 860; x_wconf 82' lang='lat' dir='ltr'><strong>insequentis</strong></span> <span class='ocrx_word' id='word_1_25' title='bbox 1036 794 1315 848; x_wconf 82' lang='lat' dir='ltr'><strong>existimat</strong></span> <span class='ocrx_word' id='word_1_26' title='bbox 1359 792 1474 862; x_wconf 74' lang='grc'>(25)</span> <span class='ocrx_word' id='word_1_27' title='bbox 1504 812 1515 846; x_wconf 88' lang='lat'>:</span> <span class='ocrx_word' id='word_1_28' title='bbox 1544 802 1598 847; x_wconf 89' lang='lat' dir='ltr'><strong>at</strong></span> <span class='ocrx_word' id='word_1_29' title='bbox 1629 793 1808 846; x_wconf 87' lang='lat' dir='ltr'><strong>virum</strong></span> 
     </span>
    </p>
   </div>
   <div class='ocr_carea' id='block_1_6' title="bbox 223 882 1813 955">
    <p class='ocr_par' dir='ltr' id='par_1_6' title="bbox 223 882 1813 955">
     <span class='ocr_line' id='line_1_6' title="bbox 223 882 1813 955; baseline 0.001 -20"><span class='ocrx_word' id='word_1_30' title='bbox 223 882 485 937; x_wconf 89' lang='lat' dir='ltr'><strong>criticum</strong></span> <span class='ocrx_word' id='word_1_31' title='bbox 540 883 676 939; x_wconf 87' lang='lat' dir='ltr'><strong>locis</strong></span> <span class='ocrx_word' id='word_1_32' title='bbox 724 884 904 938; x_wconf 82' lang='lat' dir='ltr'><strong>allatis</strong></span> <span class='ocrx_word' id='word_1_33' title='bbox 955 884 1063 938; x_wconf 87' lang='lat' dir='ltr'><strong>vim</strong></span> <span class='ocrx_word' id='word_1_34' title='bbox 1118 884 1349 949; x_wconf 87' lang='lat' dir='ltr'><strong>inferre,</strong></span> <span class='ocrx_word' id='word_1_35' title='bbox 1387 900 1497 955; x_wconf 84' lang='lat' dir='ltr'><strong>quo</strong></span> <span class='ocrx_word' id='word_1_36' title='bbox 1548 900 1702 939; x_wconf 90' lang='lat' dir='ltr'><strong>suam</strong></span> <span class='ocrx_word' id='word_1_37' title='bbox 1745 884 1813 938; x_wconf 88' lang='lat' dir='ltr'><strong>de</strong></span> 
     </span>
    </p>
   </div>
   <div class='ocr_carea' id='block_1_7' title="bbox 221 972 1810 1046">
    <p class='ocr_par' dir='ltr' id='par_1_7' title="bbox 221 972 1810 1046">
     <span class='ocr_line' id='line_1_7' title="bbox 221 972 1810 1046; baseline 0.001 -19"><span class='ocrx_word' id='word_1_38' title='bbox 221 972 421 1028; x_wconf 69' lang='lat' dir='ltr'><strong>Judseo</strong></span> <span class='ocrx_word' id='word_1_39' title='bbox 467 974 735 1042; x_wconf 85' lang='lat' dir='ltr'><strong>scriptore</strong></span> <span class='ocrx_word' id='word_1_40' title='bbox 778 976 1020 1029; x_wconf 87' lang='lat' dir='ltr'><strong>stabiliat</strong></span> <span class='ocrx_word' id='word_1_41' title='bbox 1071 976 1434 1046; x_wconf 80' lang='lat' dir='ltr'><strong>hypothesin,</strong></span> <span class='ocrx_word' id='word_1_42' title='bbox 1485 990 1646 1033; x_wconf 90' lang='lat' dir='ltr'><strong>nemo</strong></span> <span class='ocrx_word' id='word_1_43' title='bbox 1702 990 1810 1030; x_wconf 92' lang='lat' dir='ltr'><strong>non</strong></span> 
     </span>
    </p>
   </div>
   <div class='ocr_carea' id='block_1_8' title="bbox 222 1066 1808 1139">
    <p class='ocr_par' dir='ltr' id='par_1_8' title="bbox 222 1066 1808 1139">
     <span class='ocr_line' id='line_1_8' title="bbox 222 1066 1808 1139; baseline 0.001 -18"><span class='ocrx_word' id='word_1_44' title='bbox 222 1066 432 1121; x_wconf 79' lang='lat' dir='ltr'><strong>dixerit</strong></span> <span class='ocrx_word' id='word_1_45' title='bbox 479 1066 572 1135; x_wconf 87' lang='lat' dir='ltr'><strong>qui</strong></span> <span class='ocrx_word' id='word_1_46' title='bbox 632 1083 744 1122; x_wconf 90' lang='lat' dir='ltr'><strong>rem</strong></span> <span class='ocrx_word' id='word_1_47' title='bbox 790 1069 1027 1136; x_wconf 84' lang='lat' dir='ltr'><strong>penitius</strong></span> <span class='ocrx_word' id='word_1_48' title='bbox 1077 1070 1463 1139; x_wconf 89' lang='lat' dir='ltr'><strong>introspiciat:</strong></span> <span class='ocrx_word' id='word_1_49' title='bbox 1498 1070 1617 1124; x_wconf 88' lang='lat' dir='ltr'><strong>loca</strong></span> <span class='ocrx_word' id='word_1_50' title='bbox 1664 1068 1808 1124; x_wconf 92' lang='lat' dir='ltr'><strong>enim</strong></span> 
     </span>
    </p>
   </div>
   <div class='ocr_carea' id='block_1_9' title="bbox 222 1156 1808 1231">
    <p class='ocr_par' dir='ltr' id='par_1_9' title="bbox 222 1156 1808 1231">
     <span class='ocr_line' id='line_1_9' title="bbox 222 1156 1808 1231; baseline 0.003 -20"><span class='ocrx_word' id='word_1_51' title='bbox 222 1172 354 1227; x_wconf 79' lang='lat' dir='ltr'><strong>qua:</strong></span> <span class='ocrx_word' id='word_1_52' title='bbox 391 1157 459 1211; x_wconf 82' lang='lat' dir='ltr'><strong>ad</strong></span> <span class='ocrx_word' id='word_1_53' title='bbox 500 1156 711 1212; x_wconf 83' lang='lat' dir='ltr'><strong>Novum</strong></span> <span class='ocrx_word' id='word_1_54' title='bbox 764 1158 1173 1216; x_wconf 85' lang='lat' dir='ltr'><strong>Testamentum</strong></span> <span class='ocrx_word' id='word_1_55' title='bbox 1215 1171 1482 1231; x_wconf 81' lang='lat' dir='ltr'><strong>spectant,</strong></span> <span class='ocrx_word' id='word_1_56' title='bbox 1514 1163 1581 1217; x_wconf 89' lang='lat' dir='ltr'><strong>de</strong></span> <span class='ocrx_word' id='word_1_57' title='bbox 1605 1162 1808 1217; x_wconf 86' lang='lat' dir='ltr'><strong>Christi</strong></span> 
     </span>
    </p>
   </div>
   <div class='ocr_carea' id='block_1_10' title="bbox 221 1251 1809 1324">
    <p class='ocr_par' dir='ltr' id='par_1_10' title="bbox 221 1251 1809 1324">
     <span class='ocr_line' id='line_1_10' title="bbox 221 1251 1809 1324; baseline 0.003 -19"><span class='ocrx_word' id='word_1_58' title='bbox 221 1251 518 1305; x_wconf 83' lang='lat' dir='ltr'><strong>divinitate</strong></span> <span class='ocrx_word' id='word_1_59' title='bbox 557 1252 733 1322; x_wconf 84' lang='lat' dir='ltr'><strong>deque</strong></span> <span class='ocrx_word' id='word_1_60' title='bbox 778 1252 901 1309; x_wconf 88' lang='lat' dir='ltr'><strong>aliis</strong></span> <span class='ocrx_word' id='word_1_61' title='bbox 931 1252 1258 1309; x_wconf 69' lang='lat' dir='ltr'><strong>Christiana:</strong></span> <span class='ocrx_word' id='word_1_62' title='bbox 1300 1253 1580 1324; x_wconf 79' lang='lat' dir='ltr'><strong>religionis</strong></span> <span class='ocrx_word' id='word_1_63' title='bbox 1610 1255 1809 1323; x_wconf 89' lang='lat' dir='ltr'><strong>capit-i-</strong></span> 
     </span>
    </p>
   </div>
   <div class='ocr_carea' id='block_1_11' title="bbox 220 1343 1809 1414">
    <p class='ocr_par' dir='ltr' id='par_1_11' title="bbox 220 1343 1809 1414">
     <span class='ocr_line' id='line_1_11' title="bbox 220 1343 1809 1414; baseline 0.003 -17"><span class='ocrx_word' id='word_1_64' title='bbox 220 1343 356 1409; x_wconf 85' lang='lat' dir='ltr'><strong>bus,</strong></span> <span class='ocrx_word' id='word_1_65' title='bbox 382 1344 427 1398; x_wconf 89' lang='lat' dir='ltr'><strong>si</strong></span> <span class='ocrx_word' id='word_1_66' title='bbox 455 1360 485 1398; x_wconf 91' lang='lat' dir='ltr'><strong>e</strong></span> <span class='ocrx_word' id='word_1_67' title='bbox 514 1344 697 1399; x_wconf 90' lang='lat' dir='ltr'><strong>medio</strong></span> <span class='ocrx_word' id='word_1_68' title='bbox 726 1344 1005 1410; x_wconf 89' lang='lat' dir='ltr'><strong>tollantur,</strong></span> <span class='ocrx_word' id='word_1_69' title='bbox 1037 1343 1292 1400; x_wconf 87' lang='lat' dir='ltr'><strong>concidat</strong></span> <span class='ocrx_word' id='word_1_70' title='bbox 1319 1346 1643 1414; x_wconf 88' lang='lat' dir='ltr'><strong>opusculum</strong></span> <span class='ocrx_word' id='word_1_71' title='bbox 1677 1346 1809 1401; x_wconf 90' lang='lat' dir='ltr'><strong>illud</strong></span> 
     </span>
    </p>
   </div>
   <div class='ocr_carea' id='block_1_12' title="bbox 221 1436 1811 1506">
    <p class='ocr_par' dir='ltr' id='par_1_12' title="bbox 221 1436 1811 1506">
     <span class='ocr_line' id='line_1_12' title="bbox 221 1436 1811 1506; baseline 0.003 -17"><span class='ocrx_word' id='word_1_72' title='bbox 221 1451 458 1490; x_wconf 87' lang='lat' dir='ltr'><strong>necesse</strong></span> <span class='ocrx_word' id='word_1_73' title='bbox 489 1443 593 1491; x_wconf 88' lang='lat' dir='ltr'><strong>est.</strong></span> <span class='ocrx_word' id='word_1_74' title='bbox 628 1436 769 1502; x_wconf 88' lang='lat' dir='ltr'><strong>Quid</strong></span> <span class='ocrx_word' id='word_1_75' title='bbox 796 1437 941 1506; x_wconf 90' lang='lat' dir='ltr'><strong>quod</strong></span> <span class='ocrx_word' id='word_1_76' title='bbox 973 1437 1042 1492; x_wconf 88' lang='lat' dir='ltr'><strong>ab</strong></span> <span class='ocrx_word' id='word_1_77' title='bbox 1072 1453 1178 1491; x_wconf 87' lang='lat' dir='ltr'><strong>una</strong></span> <span class='ocrx_word' id='word_1_78' title='bbox 1205 1453 1367 1492; x_wconf 89' lang='lat' dir='ltr'><strong>manu</strong></span> <span class='ocrx_word' id='word_1_79' title='bbox 1400 1439 1585 1492; x_wconf 85' lang='lat' dir='ltr'><strong>omnia</strong></span> <span class='ocrx_word' id='word_1_80' title='bbox 1620 1438 1674 1493; x_wconf 91' lang='lat' dir='ltr'><strong>in</strong></span> <span class='ocrx_word' id='word_1_81' title='bbox 1706 1439 1811 1494; x_wconf 89' lang='lat' dir='ltr'><strong>hoc</strong></span> 
     </span>
    </p>
   </div>
   <div class='ocr_carea' id='block_1_13' title="bbox 222 1531 1811 1602">
    <p class='ocr_par' dir='ltr' id='par_1_13' title="bbox 222 1531 1811 1602">
     <span class='ocr_line' id='line_1_13' title="bbox 222 1531 1811 1602; baseline 0.001 -19"><span class='ocrx_word' id='word_1_82' title='bbox 222 1543 397 1598; x_wconf 83' lang='lat' dir='ltr'><strong>opere</strong></span> <span class='ocrx_word' id='word_1_83' title='bbox 440 1531 738 1598; x_wconf 89' lang='lat' dir='ltr'><strong>perscripta</strong></span> <span class='ocrx_word' id='word_1_84' title='bbox 797 1545 921 1585; x_wconf 91' lang='lat' dir='ltr'><strong>esse</strong></span> <span class='ocrx_word' id='word_1_85' title='bbox 969 1531 1052 1585; x_wconf 89' lang='lat' dir='ltr'><strong>vel</strong></span> <span class='ocrx_word' id='word_1_86' title='bbox 1094 1531 1220 1586; x_wconf 85' lang='lat' dir='ltr'><strong>inde</strong></span> <span class='ocrx_word' id='word_1_87' title='bbox 1272 1532 1465 1601; x_wconf 87' lang='lat' dir='ltr'><strong>liquet,</strong></span> <span class='ocrx_word' id='word_1_88' title='bbox 1504 1532 1689 1602; x_wconf 88' lang='lat' dir='ltr'><strong>judice</strong></span> <span class='ocrx_word' id='word_1_89' title='bbox 1725 1532 1811 1586; x_wconf 90' lang='lat' dir='ltr'><strong>Si-</strong></span> 
     </span>
    </p>
   </div>
   <div class='ocr_carea' id='block_1_14' title="bbox 220 1619 1806 1695">
    <p class='ocr_par' dir='ltr' id='par_1_14' title="bbox 220 1619 1806 1695">
     <span class='ocr_line' id='line_1_14' title="bbox 220 1619 1806 1695; baseline 0.002 -20"><span class='ocrx_word' id='word_1_90' title='bbox 220 1623 422 1675; x_wconf 88' lang='lat' dir='ltr'><strong>monio</strong></span> <span class='ocrx_word' id='word_1_91' title='bbox 457 1619 593 1690; x_wconf 71' lang='lat'><strong>(24),</strong></span> <span class='ocrx_word' id='word_1_92' title='bbox 619 1620 765 1689; x_wconf 90' lang='lat' dir='ltr'><strong>quod</strong></span> <span class='ocrx_word' id='word_1_93' title='bbox 804 1621 993 1677; x_wconf 88' lang='lat' dir='ltr'><strong>eadem</strong></span> <span class='ocrx_word' id='word_1_94' title='bbox 1036 1622 1159 1693; x_wconf 87' lang='lat' dir='ltr'><strong>styli</strong></span> <span class='ocrx_word' id='word_1_95' title='bbox 1191 1622 1330 1679; x_wconf 88' lang='lat' dir='ltr'><strong>ratio</strong></span> <span class='ocrx_word' id='word_1_96' title='bbox 1361 1624 1566 1693; x_wconf 89' lang='lat' dir='ltr'><strong>ubique</strong></span> <span class='ocrx_word' id='word_1_97' title='bbox 1613 1624 1806 1695; x_wconf 82' lang='lat' dir='ltr'><strong>spiret.</strong></span> 
     </span>
    </p>
   </div>
   <div class='ocr_carea' id='block_1_15' title="bbox 219 1715 1810 1783">
    <p class='ocr_par' dir='ltr' id='par_1_15' title="bbox 219 1715 1810 1783">
     <span class='ocr_line' id='line_1_15' title="bbox 219 1715 1810 1783; baseline 0.003 -16"><span class='ocrx_word' id='word_1_98' title='bbox 219 1724 539 1783; x_wconf 86' lang='lat' dir='ltr'><strong>cunctaque</strong></span> <span class='ocrx_word' id='word_1_99' title='bbox 590 1729 699 1768; x_wconf 92' lang='lat' dir='ltr'><strong>uno</strong></span> <span class='ocrx_word' id='word_1_100' title='bbox 750 1723 939 1768; x_wconf 83' lang='lat' dir='ltr'><strong>tenore</strong></span> <span class='ocrx_word' id='word_1_101' title='bbox 994 1716 1338 1783; x_wconf 64' lang='lat' dir='ltr'><strong>aequabiliter</strong></span> <span class='ocrx_word' id='word_1_102' title='bbox 1384 1715 1595 1771; x_wconf 86' lang='lat' dir='ltr'><strong>ﬂuant?</strong></span> <span class='ocrx_word' id='word_1_103' title='bbox 1639 1716 1810 1773; x_wconf 90' lang='lat' dir='ltr'><strong>Instat</strong></span> 
     </span>
    </p>
   </div>
   <div class='ocr_carea' id='block_1_16' title="bbox 1692 299 2052 357">
    <p class='ocr_par' dir='ltr' id='par_1_16' title="bbox 1692 299 2052 357">
     <span class='ocr_line' id='line_1_16' title="bbox 1692 299 2052 357; baseline -0.008 -1"><span class='ocrx_word' id='word_1_104' title='bbox 1692 299 2030 357; x_wconf 75' lang='grc' dir='ltr'><strong>ΡΒΟΟΕΜΙΑ</strong></span> <span class='ocrx_word' id='word_1_105' title='bbox 2041 342 2052 354; x_wconf 91' lang='grc'><strong>.</strong></span> 
     </span>
    </p>
   </div>
   <div class='ocr_carea' id='block_1_17' title="bbox 232 420 3533 496">
    <p class='ocr_par' dir='ltr' id='par_1_17' title="bbox 232 420 3533 496">
     <span class='ocr_line' id='line_1_17' title="bbox 232 420 3533 496; baseline 0.002 -23"><span class='ocrx_word' id='word_1_106' title='bbox 232 421 509 487; x_wconf 70' lang='lat' dir='ltr'><strong>accipietis</strong></span> <span class='ocrx_word' id='word_1_107' title='bbox 552 420 889 490; x_wconf 78' lang='lat' dir='ltr'><strong>opprobrium</strong></span> <span class='ocrx_word' id='word_1_108' title='bbox 920 433 967 477; x_wconf 89' lang='lat' dir='ltr'><strong>et</strong></span> <span class='ocrx_word' id='word_1_109' title='bbox 997 426 1356 496; x_wconf 76' lang='lat' dir='ltr'><strong>confusionem</strong></span> <span class='ocrx_word' id='word_1_110' title='bbox 1384 428 1753 496; x_wconf 82' lang='lat' dir='ltr'><strong>sempiternam</strong></span> <span class='ocrx_word' id='word_1_111' title='bbox 1786 443 1818 478; x_wconf 83' lang='grc' dir='ltr'><em>α</em></span> <span class='ocrx_word' id='word_1_112' title='bbox 1850 432 1891 484; x_wconf 78' lang='grc' dir='ltr'><strong>Α</strong></span> <span class='ocrx_word' id='word_1_113' title='bbox 1920 421 2202 475; x_wconf 77' lang='lat' dir='ltr'><strong>stamentis</strong></span> <span class='ocrx_word' id='word_1_114' title='bbox 2237 421 2572 488; x_wconf 67' lang='lat' dir='ltr'><strong>patriarcha;</strong></span> <span class='ocrx_word' id='word_1_115' title='bbox 2598 422 2881 478; x_wconf 85' lang='lat' dir='ltr'><strong>duodecim</strong></span> <span class='ocrx_word' id='word_1_116' title='bbox 2912 423 3051 478; x_wconf 80' lang='lat' dir='ltr'><strong>illius</strong></span> <span class='ocrx_word' id='word_1_117' title='bbox 3076 422 3244 477; x_wconf 83' lang='lat' dir='ltr'><strong>Jacob</strong></span> <span class='ocrx_word' id='word_1_118' title='bbox 3271 425 3498 495; x_wconf 90' lang='lat' dir='ltr'><strong>quuen-</strong></span> <span class='ocrx_word' id='word_1_119' title='bbox 3522 420 3533 495; x_wconf 78' lang='lat'><strong>&#39;_</strong></span> 
     </span>
    </p>
   </div>
   <div class='ocr_carea' id='block_1_18' title="bbox 3362 310 3497 363">
    <p class='ocr_par' dir='ltr' id='par_1_18' title="bbox 3362 310 3497 363">
     <span class='ocr_line' id='line_1_18' title="bbox 3362 310 3497 363; baseline -0.015 0"><span class='ocrx_word' id='word_1_120' title='bbox 3362 310 3497 363; x_wconf 53' lang='lat' dir='ltr'><strong>lilii!</strong></span> 
     </span>
    </p>
   </div>
   <div class='ocr_carea' id='block_1_19' title="bbox 1918 511 3495 587">
    <p class='ocr_par' dir='ltr' id='par_1_19' title="bbox 1918 511 3495 587">
     <span class='ocr_line' id='line_1_19' title="bbox 1918 511 3495 587; baseline 0.004 -22"><span class='ocrx_word' id='word_1_121' title='bbox 1918 522 1998 567; x_wconf 73' lang='lat' dir='ltr'><strong>tes</strong></span> <span class='ocrx_word' id='word_1_122' title='bbox 2036 511 2279 574; x_wconf 75' lang='lat' dir='ltr'><strong>inducit;</strong></span> <span class='ocrx_word' id='word_1_123' title='bbox 2314 513 2407 580; x_wconf 88' lang='lat' dir='ltr'><strong>qui</strong></span> <span class='ocrx_word' id='word_1_124' title='bbox 2447 513 2674 581; x_wconf 81' lang='lat' dir='ltr'><strong>jamjain</strong></span> <span class='ocrx_word' id='word_1_125' title='bbox 2728 515 3000 578; x_wconf 86' lang='lat' dir='ltr'><strong>morituri,</strong></span> <span class='ocrx_word' id='word_1_126' title='bbox 3032 526 3083 567; x_wconf 89' lang='lat' dir='ltr'><strong>et</strong></span> <span class='ocrx_word' id='word_1_127' title='bbox 3125 516 3307 570; x_wconf 73' lang='lat' dir='ltr'><strong>futura</strong></span> <span class='ocrx_word' id='word_1_128' title='bbox 3352 533 3495 587; x_wconf 74' lang='lat' dir='ltr'><strong>pra:-</strong></span> 
     </span>
    </p>
   </div>
   <div class='ocr_carea' id='block_1_20' title="bbox 1916 603 3494 678">
    <p class='ocr_par' dir='ltr' id='par_1_20' title="bbox 1916 603 3494 678">
     <span class='ocr_line' id='line_1_20' title="bbox 1916 603 3494 678; baseline 0.003 -20"><span class='ocrx_word' id='word_1_129' title='bbox 1916 603 2204 667; x_wconf 86' lang='lat' dir='ltr'><strong>nuntient,</strong></span> <span class='ocrx_word' id='word_1_130' title='bbox 2257 611 2313 657; x_wconf 90' lang='lat' dir='ltr'><strong>et</strong></span> <span class='ocrx_word' id='word_1_131' title='bbox 2372 604 2596 668; x_wconf 88' lang='lat' dir='ltr'><strong>optimis</strong></span> <span class='ocrx_word' id='word_1_132' title='bbox 2656 605 2919 660; x_wconf 88' lang='lat' dir='ltr'><strong>institutis</strong></span> <span class='ocrx_word' id='word_1_133' title='bbox 2973 608 3110 662; x_wconf 82' lang='lat' dir='ltr'><strong>tilios</strong></span> <span class='ocrx_word' id='word_1_134' title='bbox 3160 624 3222 661; x_wconf 91' lang='lat' dir='ltr'><strong>ae</strong></span> <span class='ocrx_word' id='word_1_135' title='bbox 3272 620 3494 678; x_wconf 87' lang='lat' dir='ltr'><strong>nepotes</strong></span> 
     </span>
    </p>
   </div>
   <div class='ocr_carea' id='block_1_21' title="bbox 1914 693 3493 768">
    <p class='ocr_par' dir='ltr' id='par_1_21' title="bbox 1914 693 3493 768">
     <span class='ocr_line' id='line_1_21' title="bbox 1914 693 3493 768; baseline 0.003 -19"><span class='ocrx_word' id='word_1_136' title='bbox 1914 695 2187 750; x_wconf 89' lang='lat' dir='ltr'><strong>erudiant.</strong></span> <span class='ocrx_word' id='word_1_137' title='bbox 2210 693 2601 750; x_wconf 54' lang='lat' dir='ltr'><strong>Praedictiones</strong></span> <span class='ocrx_word' id='word_1_138' title='bbox 2625 696 2841 766; x_wconf 86' lang='lat' dir='ltr'><strong>quidem</strong></span> <span class='ocrx_word' id='word_1_139' title='bbox 2870 696 3119 753; x_wconf 71' lang='lat' dir='ltr'><strong>Messian]</strong></span> <span class='ocrx_word' id='word_1_140' title='bbox 3145 699 3493 768; x_wconf 91' lang='lat' dir='ltr'><strong>potissimum</strong></span> 
     </span>
    </p>
   </div>
   <div class='ocr_carea' id='block_1_22' title="bbox 1915 788 3494 861">
    <p class='ocr_par' dir='ltr' id='par_1_22' title="bbox 1915 788 3494 861">
     <span class='ocr_line' id='line_1_22' title="bbox 1915 788 3494 861; baseline 0.003 -17"><span class='ocrx_word' id='word_1_141' title='bbox 1915 806 1980 844; x_wconf 93' lang='lat' dir='ltr'><strong>ac</strong></span> <span class='ocrx_word' id='word_1_142' title='bbox 2009 799 2213 844; x_wconf 89' lang='lat' dir='ltr'><strong>statum</strong></span> <span class='ocrx_word' id='word_1_143' title='bbox 2246 789 2547 860; x_wconf 71' lang='lat' dir='ltr'><strong>Synagoga:</strong></span> <span class='ocrx_word' id='word_1_144' title='bbox 2578 798 2631 843; x_wconf 91' lang='lat' dir='ltr'><strong>et</strong></span> <span class='ocrx_word' id='word_1_145' title='bbox 2658 788 2917 845; x_wconf 70' lang='lat' dir='ltr'><strong>Ecclesia:</strong></span> <span class='ocrx_word' id='word_1_146' title='bbox 2946 794 3184 861; x_wconf 85' lang='lat' dir='ltr'><strong>gentium</strong></span> <span class='ocrx_word' id='word_1_147' title='bbox 3211 794 3312 848; x_wconf 88' lang='lat' dir='ltr'><strong>sub</strong></span> <span class='ocrx_word' id='word_1_148' title='bbox 3340 792 3494 848; x_wconf 83' lang='lat' dir='ltr'><strong>Novo</strong></span> 
     </span>
    </p>
   </div>
   <div class='ocr_carea' id='block_1_23' title="bbox 1915 880 3498 956">
    <p class='ocr_par' dir='ltr' id='par_1_23' title="bbox 1915 880 3498 956">
     <span class='ocr_line' id='line_1_23' title="bbox 1915 880 3498 956; baseline 0.004 -21"><span class='ocrx_word' id='word_1_149' title='bbox 1915 880 2273 937; x_wconf 84' lang='lat' dir='ltr'><strong>Testamento</strong></span> <span class='ocrx_word' id='word_1_150' title='bbox 2302 883 2601 952; x_wconf 87' lang='lat' dir='ltr'><strong>respiciunt</strong></span> <span class='ocrx_word' id='word_1_151' title='bbox 2627 902 2639 936; x_wconf 86' lang='lat'><strong>:</strong></span> <span class='ocrx_word' id='word_1_152' title='bbox 2664 883 2716 935; x_wconf 92' lang='lat' dir='ltr'><strong>in</strong></span> <span class='ocrx_word' id='word_1_153' title='bbox 2743 883 2969 938; x_wconf 69' lang='lat' dir='ltr'><strong>historia</strong></span> <span class='ocrx_word' id='word_1_154' title='bbox 3002 902 3130 939; x_wconf 81' lang='lat' dir='ltr'><strong>vero</strong></span> <span class='ocrx_word' id='word_1_155' title='bbox 3157 888 3498 956; x_wconf 83' lang='lat' dir='ltr'><strong>patriarcha-</strong></span> 
     </span>
    </p>
   </div>
   <div class='ocr_carea' id='block_1_24' title="bbox 1914 972 3495 1044">
    <p class='ocr_par' dir='ltr' id='par_1_24' title="bbox 1914 972 3495 1044">
     <span class='ocr_line' id='line_1_24' title="bbox 1914 972 3495 1044; baseline 0.006 -19"><span class='ocrx_word' id='word_1_156' title='bbox 1914 987 2059 1038; x_wconf 90' lang='lat' dir='ltr'><strong>rum,</strong></span> <span class='ocrx_word' id='word_1_157' title='bbox 2092 972 2246 1041; x_wconf 88' lang='lat' dir='ltr'><strong>plura</strong></span> <span class='ocrx_word' id='word_1_158' title='bbox 2275 973 2341 1026; x_wconf 92' lang='lat' dir='ltr'><strong>de</strong></span> <span class='ocrx_word' id='word_1_159' title='bbox 2371 973 2455 1027; x_wconf 88' lang='lat' dir='ltr'><strong>his</strong></span> <span class='ocrx_word' id='word_1_160' title='bbox 2483 982 2811 1027; x_wconf 87' lang='lat' dir='ltr'><strong>enarrantur</strong></span> <span class='ocrx_word' id='word_1_161' title='bbox 2842 990 2963 1044; x_wconf 58' lang='lat' dir='ltr'><strong>quae</strong></span> <span class='ocrx_word' id='word_1_162' title='bbox 2996 976 3048 1028; x_wconf 91' lang='lat' dir='ltr'><strong>in</strong></span> <span class='ocrx_word' id='word_1_163' title='bbox 3076 975 3271 1031; x_wconf 89' lang='lat' dir='ltr'><strong>Genesi</strong></span> <span class='ocrx_word' id='word_1_164' title='bbox 3304 979 3495 1035; x_wconf 89' lang='lat' dir='ltr'><strong>aliisve</strong></span> 
     </span>
    </p>
   </div>
   <div class='ocr_carea' id='block_1_25' title="bbox 1913 1064 3494 1142">
    <p class='ocr_par' dir='ltr' id='par_1_25' title="bbox 1913 1064 3494 1142">
     <span class='ocr_line' id='line_1_25' title="bbox 1913 1064 3494 1142; baseline 0.005 -25"><span class='ocrx_word' id='word_1_165' title='bbox 1913 1064 2194 1119; x_wconf 88' lang='lat' dir='ltr'><strong>canonicis</strong></span> <span class='ocrx_word' id='word_1_166' title='bbox 2234 1064 2388 1119; x_wconf 89' lang='lat' dir='ltr'><strong>libris</strong></span> <span class='ocrx_word' id='word_1_167' title='bbox 2416 1065 2559 1118; x_wconf 88' lang='lat' dir='ltr'><strong>haud</strong></span> <span class='ocrx_word' id='word_1_168' title='bbox 2599 1076 2918 1130; x_wconf 89' lang='lat' dir='ltr'><strong>occurrunt,</strong></span> <span class='ocrx_word' id='word_1_169' title='bbox 2948 1067 3041 1121; x_wconf 92' lang='lat' dir='ltr'><strong>sed</strong></span> <span class='ocrx_word' id='word_1_170' title='bbox 3070 1084 3135 1123; x_wconf 88' lang='lat' dir='ltr'><strong>ex</strong></span> <span class='ocrx_word' id='word_1_171' title='bbox 3164 1072 3494 1142; x_wconf 85' lang='lat' dir='ltr'><strong>apocryphis</strong></span> 
     </span>
    </p>
   </div>
   <div class='ocr_carea' id='block_1_26' title="bbox 1912 1157 3495 1229">
    <p class='ocr_par' dir='ltr' id='par_1_26' title="bbox 1912 1157 3495 1229">
     <span class='ocr_line' id='line_1_26' title="bbox 1912 1157 3495 1229; baseline 0.003 -19"><span class='ocrx_word' id='word_1_172' title='bbox 1912 1162 2195 1224; x_wconf 82' lang='lat' dir='ltr'><strong>desumpta</strong></span> <span class='ocrx_word' id='word_1_173' title='bbox 2227 1163 2522 1209; x_wconf 84' lang='lat' dir='ltr'><strong>censentur</strong></span> <span class='ocrx_word' id='word_1_174' title='bbox 2548 1177 2558 1209; x_wconf 95' lang='lat'>:</span> <span class='ocrx_word' id='word_1_175' title='bbox 2581 1171 2771 1210; x_wconf 86' lang='lat' dir='ltr'><strong>eorum</strong></span> <span class='ocrx_word' id='word_1_176' title='bbox 2808 1163 2987 1210; x_wconf 89' lang='lat' dir='ltr'><strong>tamen</strong></span> <span class='ocrx_word' id='word_1_177' title='bbox 3020 1157 3277 1227; x_wconf 80' lang='lat' dir='ltr'><strong>pleraque</strong></span> <span class='ocrx_word' id='word_1_178' title='bbox 3317 1174 3495 1229; x_wconf 86' lang='lat' dir='ltr'><strong>neque</strong></span> 
     </span>
    </p>
   </div>
   <div class='ocr_carea' id='block_1_27' title="bbox 1912 1244 3492 1316">
    <p class='ocr_par' dir='ltr' id='par_1_27' title="bbox 1912 1244 3492 1316">
     <span class='ocr_line' id='line_1_27' title="bbox 1912 1244 3492 1316; baseline 0.005 -19"><span class='ocrx_word' id='word_1_179' title='bbox 1912 1244 2212 1316; x_wconf 88' lang='lat' dir='ltr'><strong>incongrua</strong></span> <span class='ocrx_word' id='word_1_180' title='bbox 2260 1246 2493 1311; x_wconf 82' lang='lat' dir='ltr'><strong>veritati,</strong></span> <span class='ocrx_word' id='word_1_181' title='bbox 2527 1262 2703 1315; x_wconf 90' lang='lat' dir='ltr'><strong>neque</strong></span> <span class='ocrx_word' id='word_1_182' title='bbox 2741 1245 2974 1301; x_wconf 82' lang='lat' dir='ltr'><strong>fortasse</strong></span> <span class='ocrx_word' id='word_1_183' title='bbox 3011 1250 3077 1302; x_wconf 89' lang='lat' dir='ltr'><strong>ad</strong></span> <span class='ocrx_word' id='word_1_184' title='bbox 3115 1264 3287 1303; x_wconf 67' lang='lat' dir='ltr'><strong>sacrae</strong></span> <span class='ocrx_word' id='word_1_185' title='bbox 3315 1251 3492 1306; x_wconf 83' lang='lat' dir='ltr'><strong>histo-</strong></span> 
     </span>
    </p>
   </div>
   <div class='ocr_carea' id='block_1_28' title="bbox 1912 1334 3170 1389">
    <p class='ocr_par' dir='ltr' id='par_1_28' title="bbox 1912 1334 3170 1389">
     <span class='ocr_line' id='line_1_28' title="bbox 1912 1334 3170 1389; baseline 0.002 -3"><span class='ocrx_word' id='word_1_186' title='bbox 1912 1334 2005 1389; x_wconf 68' lang='lat' dir='ltr'><strong>ria:</strong></span> <span class='ocrx_word' id='word_1_187' title='bbox 2035 1335 2453 1389; x_wconf 84' lang='lat' dir='ltr'><strong>illustrationem</strong></span> <span class='ocrx_word' id='word_1_188' title='bbox 2496 1335 2711 1388; x_wconf 87' lang='lat' dir='ltr'><strong>inutilia</strong></span> <span class='ocrx_word' id='word_1_189' title='bbox 2744 1350 2864 1389; x_wconf 90' lang='lat' dir='ltr'><strong>esse</strong></span> <span class='ocrx_word' id='word_1_190' title='bbox 2894 1334 3170 1389; x_wconf 85' lang='lat' dir='ltr'><strong>videntur.</strong></span> 
     </span>
    </p>
   </div>
   <div class='ocr_carea' id='block_1_29' title="bbox 1984 1424 3492 1498">
    <p class='ocr_par' dir='ltr' id='par_1_29' title="bbox 1984 1424 3492 1498">
     <span class='ocr_line' id='line_1_29' title="bbox 1984 1424 3492 1498; baseline 0.003 -20"><span class='ocrx_word' id='word_1_191' title='bbox 1984 1424 2185 1480; x_wconf 87' lang='lat' dir='ltr'><strong>Verum</strong></span> <span class='ocrx_word' id='word_1_192' title='bbox 2234 1425 2405 1495; x_wconf 88' lang='lat' dir='ltr'><strong>magis</strong></span> <span class='ocrx_word' id='word_1_193' title='bbox 2453 1425 2676 1480; x_wconf 86' lang='lat' dir='ltr'><strong>interest</strong></span> <span class='ocrx_word' id='word_1_194' title='bbox 2718 1427 2825 1480; x_wconf 89' lang='lat' dir='ltr'><strong>huc</strong></span> <span class='ocrx_word' id='word_1_195' title='bbox 2875 1425 3068 1481; x_wconf 67' lang='lat' dir='ltr'><strong>aﬂ‘erre</strong></span> <span class='ocrx_word' id='word_1_196' title='bbox 3113 1427 3347 1497; x_wconf 78' lang='lat' dir='ltr'><strong>insignia</strong></span> <span class='ocrx_word' id='word_1_197' title='bbox 3393 1444 3492 1498; x_wconf 90' lang='lat' dir='ltr'><strong>pro</strong></span> 
     </span>
    </p>
   </div>
   <div class='ocr_carea' id='block_1_30' title="bbox 1911 1517 3490 1588">
    <p class='ocr_par' dir='ltr' id='par_1_30' title="bbox 1911 1517 3490 1588">
     <span class='ocr_line' id='line_1_30' title="bbox 1911 1517 3490 1588; baseline 0.003 -15"><span class='ocrx_word' id='word_1_198' title='bbox 1911 1518 2117 1574; x_wconf 87' lang='lat' dir='ltr'><strong>Christi</strong></span> <span class='ocrx_word' id='word_1_199' title='bbox 2148 1517 2429 1572; x_wconf 87' lang='lat' dir='ltr'><strong>divinitate</strong></span> <span class='ocrx_word' id='word_1_200' title='bbox 2460 1519 2773 1574; x_wconf 88' lang='lat' dir='ltr'><strong>testimonia</strong></span> <span class='ocrx_word' id='word_1_201' title='bbox 2794 1560 2808 1583; x_wconf 91' lang='lat'><strong>,</strong></span> <span class='ocrx_word' id='word_1_202' title='bbox 2840 1535 2963 1588; x_wconf 71' lang='lat' dir='ltr'><strong>qua:</strong></span> <span class='ocrx_word' id='word_1_203' title='bbox 2991 1532 3179 1574; x_wconf 83' lang='lat' dir='ltr'><strong>contra</strong></span> <span class='ocrx_word' id='word_1_204' title='bbox 3210 1519 3490 1577; x_wconf 86' lang='lat' dir='ltr'><strong>Unitarios</strong></span> 
     </span>
    </p>
   </div>
   <div class='ocr_carea' id='block_1_31' title="bbox 1911 1609 3490 1669">
    <p class='ocr_par' dir='ltr' id='par_1_31' title="bbox 1911 1609 3490 1669">
     <span class='ocr_line' id='line_1_31' title="bbox 1911 1609 3490 1669; baseline 0.001 -4"><span class='ocrx_word' id='word_1_205' title='bbox 1911 1626 1977 1665; x_wconf 85' lang='lat' dir='ltr'><strong>ex</strong></span> <span class='ocrx_word' id='word_1_206' title='bbox 2028 1610 2113 1664; x_wconf 90' lang='lat' dir='ltr'><strong>his</strong></span> <span class='ocrx_word' id='word_1_207' title='bbox 2160 1609 2525 1665; x_wconf 89' lang='lat' dir='ltr'><strong>Testamentis</strong></span> <span class='ocrx_word' id='word_1_208' title='bbox 2570 1612 2793 1667; x_wconf 85' lang='lat' dir='ltr'><strong>collecta</strong></span> <span class='ocrx_word' id='word_1_209' title='bbox 2835 1613 3008 1666; x_wconf 84' lang='lat' dir='ltr'><strong>eidem</strong></span> <span class='ocrx_word' id='word_1_210' title='bbox 3040 1611 3105 1666; x_wconf 82' lang='lat' dir='ltr'><strong>V.</strong></span> <span class='ocrx_word' id='word_1_211' title='bbox 3141 1612 3202 1667; x_wconf 90' lang='lat' dir='ltr'><strong>C.</strong></span> <span class='ocrx_word' id='word_1_212' title='bbox 3237 1614 3366 1669; x_wconf 88' lang='lat' dir='ltr'><strong>alibi</strong></span> <span class='ocrx_word' id='word_1_213' title='bbox 3411 1614 3490 1668; x_wconf 89' lang='lat' dir='ltr'><strong>si-</strong></span> 
     </span>
    </p>
   </div>
   <div class='ocr_carea' id='block_1_32' title="bbox 1913 1703 3493 1776">
    <p class='ocr_par' dir='ltr' id='par_1_32' title="bbox 1913 1703 3493 1776">
     <span class='ocr_line' id='line_1_32' title="bbox 1913 1703 3493 1776; baseline 0.003 -20"><span class='ocrx_word' id='word_1_214' title='bbox 1913 1712 2057 1757; x_wconf 88' lang='lat' dir='ltr'><strong>stere</strong></span> <span class='ocrx_word' id='word_1_215' title='bbox 2081 1704 2301 1773; x_wconf 89' lang='lat' dir='ltr'><strong>placuit.</strong></span> <span class='ocrx_word' id='word_1_216' title='bbox 2329 1703 2595 1776; x_wconf 86' lang='lat' dir='ltr'><strong>Sicigitur</strong></span> <span class='ocrx_word' id='word_1_217' title='bbox 2618 1704 2832 1774; x_wconf 69' lang='lat' dir='ltr'><strong>ille(28)</strong></span> <span class='ocrx_word' id='word_1_218' title='bbox 2866 1723 2877 1758; x_wconf 94' lang='lat'>:</span> <span class='ocrx_word' id='word_1_219' title='bbox 2911 1724 2928 1755; x_wconf 78' lang='grc' dir='ltr'>ι</span> <span class='ocrx_word' id='word_1_220' title='bbox 2961 1704 3017 1759; x_wconf 92' lang='lat' dir='ltr'><strong>ln</strong></span> <span class='ocrx_word' id='word_1_221' title='bbox 3037 1704 3389 1761; x_wconf 80' lang='lat' dir='ltr'><strong>Testamento</strong></span> <span class='ocrx_word' id='word_1_222' title='bbox 3407 1706 3493 1761; x_wconf 81' lang='lat' dir='ltr'><strong>Si-</strong></span> 
     </span>
    </p>
   </div>
   <div class='ocr_carea' id='block_1_33' title="bbox 221 1787 1809 1879">
    <p class='ocr_par' dir='ltr' id='par_1_33' title="bbox 221 1804 1807 1879">
     <span class='ocr_line' id='line_1_33' title="bbox 221 1804 1807 1879; baseline 0.005 -20"><span class='ocrx_word' id='word_1_223' title='bbox 221 1804 457 1875; x_wconf 87' lang='lat' dir='ltr'><strong>insuper</strong></span> <span class='ocrx_word' id='word_1_224' title='bbox 482 1806 625 1863; x_wconf 87' lang='lat' dir='ltr'><strong>idem</strong></span> <span class='ocrx_word' id='word_1_225' title='bbox 652 1806 735 1860; x_wconf 93' lang='lat' dir='ltr'><strong>vir</strong></span> <span class='ocrx_word' id='word_1_226' title='bbox 763 1807 1011 1862; x_wconf 89' lang='lat' dir='ltr'><strong>eruditus</strong></span> <span class='ocrx_word' id='word_1_227' title='bbox 1041 1808 1179 1877; x_wconf 71' lang='lat'><strong>(25),</strong></span> <span class='ocrx_word' id='word_1_228' title='bbox 1205 1809 1389 1879; x_wconf 90' lang='lat' dir='ltr'><strong>aliqua</strong></span> <span class='ocrx_word' id='word_1_229' title='bbox 1415 1809 1469 1863; x_wconf 93' lang='lat' dir='ltr'><strong>in</strong></span> <span class='ocrx_word' id='word_1_230' title='bbox 1502 1811 1588 1865; x_wconf 89' lang='lat' dir='ltr'><strong>his</strong></span> <span class='ocrx_word' id='word_1_231' title='bbox 1618 1810 1807 1867; x_wconf 88' lang='lat' dir='ltr'><strong>Testa-</strong></span> 
     </span>
    </p>
   </div>
   <div class='ocr_carea' id='block_1_34' title="bbox 1915 1787 3491 1879">
    <p class='ocr_par' dir='ltr' id='par_1_34' title="bbox 1915 1795 3491 1869">
     <span class='ocr_line' id='line_1_34' title="bbox 1915 1795 3491 1869; baseline 0.002 -21"><span class='ocrx_word' id='word_1_232' title='bbox 1915 1795 2121 1849; x_wconf 91' lang='lat' dir='ltr'><strong>meonis</strong></span> <span class='ocrx_word' id='word_1_233' title='bbox 2146 1796 2259 1850; x_wconf 51' lang='lat' dir='ltr'><strong>base</strong></span> <span class='ocrx_word' id='word_1_234' title='bbox 2284 1796 2515 1865; x_wconf 77' lang='lat' dir='ltr'><strong>legimus</strong></span> <span class='ocrx_word' id='word_1_235' title='bbox 2537 1797 2700 1850; x_wconf 88' lang='lat' dir='ltr'><strong>verba</strong></span> <span class='ocrx_word' id='word_1_236' title='bbox 2719 1796 2862 1865; x_wconf 70' lang='lat'><strong>(29):</strong></span> <span class='ocrx_word' id='word_1_237' title='bbox 2892 1795 3116 1867; x_wconf 83' lang='grc' dir='ltr'>Κύριος,</span> <span class='ocrx_word' id='word_1_238' title='bbox 3131 1798 3302 1860; x_wconf 85' lang='grc' dir='ltr'>ὁΘεὸς</span> <span class='ocrx_word' id='word_1_239' title='bbox 3318 1798 3491 1869; x_wconf 78' lang='grc' dir='ltr'>μέγας</span> 
     </span>
    </p>
   </div>
   <div class='ocr_carea' id='block_1_35' title="bbox 220 1896 1805 1966">
    <p class='ocr_par' dir='ltr' id='par_1_35' title="bbox 220 1896 1805 1966">
     <span class='ocr_line' id='line_1_35' title="bbox 220 1896 1805 1966; baseline 0.004 -16"><span class='ocrx_word' id='word_1_240' title='bbox 220 1896 430 1950; x_wconf 77' lang='lat' dir='ltr'><strong>tuentis</strong></span> <span class='ocrx_word' id='word_1_241' title='bbox 456 1911 765 1961; x_wconf 89' lang='lat' dir='ltr'><strong>occurrere,</strong></span> <span class='ocrx_word' id='word_1_242' title='bbox 785 1912 907 1966; x_wconf 65' lang='lat' dir='ltr'><strong>quae</strong></span> <span class='ocrx_word' id='word_1_243' title='bbox 929 1898 1000 1951; x_wconf 87' lang='lat' dir='ltr'><strong>ah</strong></span> <span class='ocrx_word' id='word_1_244' title='bbox 1026 1897 1247 1953; x_wconf 89' lang='lat' dir='ltr'><strong>homine</strong></span> <span class='ocrx_word' id='word_1_245' title='bbox 1269 1898 1581 1957; x_wconf 81' lang='lat' dir='ltr'><strong>Christiano</strong></span> <span class='ocrx_word' id='word_1_246' title='bbox 1611 1904 1805 1957; x_wconf 89' lang='lat' dir='ltr'><strong>tradita</strong></span> 
     </span>
    </p>
   </div>
   <div class='ocr_carea' id='block_1_36' title="bbox 219 1985 1805 2063">
    <p class='ocr_par' dir='ltr' id='par_1_36' title="bbox 219 1985 1805 2063">
     <span class='ocr_line' id='line_1_36' title="bbox 219 1985 1805 2063; baseline 0.006 -23"><span class='ocrx_word' id='word_1_247' title='bbox 219 1985 428 2043; x_wconf 88' lang='lat' dir='ltr'><strong>litteris</strong></span> <span class='ocrx_word' id='word_1_248' title='bbox 476 1986 683 2052; x_wconf 82' lang='lat' dir='ltr'><strong>fuisse,</strong></span> <span class='ocrx_word' id='word_1_249' title='bbox 733 1989 1002 2045; x_wconf 83' lang='lat' dir='ltr'><strong>absonum</strong></span> <span class='ocrx_word' id='word_1_250' title='bbox 1056 1989 1289 2045; x_wconf 87' lang='lat' dir='ltr'><strong>videtur.</strong></span> <span class='ocrx_word' id='word_1_251' title='bbox 1348 1990 1503 2046; x_wconf 81' lang='lat' dir='ltr'><strong>Haud</strong></span> <span class='ocrx_word' id='word_1_252' title='bbox 1554 1994 1805 2063; x_wconf 86' lang='lat' dir='ltr'><strong>equidem</strong></span> 
     </span>
    </p>
   </div>
   <div class='ocr_carea' id='block_1_37' title="bbox 222 2081 1806 2150">
    <p class='ocr_par' dir='ltr' id='par_1_37' title="bbox 222 2081 1806 2150">
     <span class='ocr_line' id='line_1_37' title="bbox 222 2081 1806 2150; baseline 0.004 -16"><span class='ocrx_word' id='word_1_253' title='bbox 222 2081 648 2150; x_wconf 79' lang='lat' dir='ltr'><strong>repugnaverim</strong></span> <span class='ocrx_word' id='word_1_254' title='bbox 681 2099 693 2135; x_wconf 97' lang='lat'>:</span> <span class='ocrx_word' id='word_1_255' title='bbox 722 2090 778 2135; x_wconf 82' lang='lat' dir='ltr'><strong>at</strong></span> <span class='ocrx_word' id='word_1_256' title='bbox 820 2082 957 2137; x_wconf 91' lang='lat' dir='ltr'><strong>nihil</strong></span> <span class='ocrx_word' id='word_1_257' title='bbox 1006 2081 1239 2145; x_wconf 91' lang='lat' dir='ltr'><strong>mirum,</strong></span> <span class='ocrx_word' id='word_1_258' title='bbox 1280 2083 1326 2137; x_wconf 89' lang='lat' dir='ltr'><strong>si</strong></span> <span class='ocrx_word' id='word_1_259' title='bbox 1373 2100 1527 2138; x_wconf 88' lang='lat' dir='ltr'><strong>more</strong></span> <span class='ocrx_word' id='word_1_260' title='bbox 1575 2083 1806 2142; x_wconf 68' lang='lat' dir='ltr'><strong>Iudaico</strong></span> 
     </span>
    </p>
   </div>
   <div class='ocr_carea' id='block_1_38' title="bbox 223 2173 1806 2247">
    <p class='ocr_par' dir='ltr' id='par_1_38' title="bbox 223 2173 1806 2247">
     <span class='ocr_line' id='line_1_38' title="bbox 223 2173 1806 2247; baseline 0.002 -18"><span class='ocrx_word' id='word_1_261' title='bbox 223 2173 464 2229; x_wconf 89' lang='lat' dir='ltr'><strong>subinde</strong></span> <span class='ocrx_word' id='word_1_262' title='bbox 504 2173 758 2244; x_wconf 89' lang='lat' dir='ltr'><strong>loquatur</strong></span> <span class='ocrx_word' id='word_1_263' title='bbox 798 2174 1051 2243; x_wconf 88' lang='lat' dir='ltr'><strong>scriptor.</strong></span> <span class='ocrx_word' id='word_1_264' title='bbox 1077 2177 1178 2230; x_wconf 90' lang='lat' dir='ltr'><strong>iste</strong></span> <span class='ocrx_word' id='word_1_265' title='bbox 1222 2176 1595 2243; x_wconf 80' lang='lat' dir='ltr'><strong>Christianus;</strong></span> <span class='ocrx_word' id='word_1_266' title='bbox 1643 2193 1806 2247; x_wconf 90' lang='lat' dir='ltr'><strong>quem</strong></span> 
     </span>
    </p>
   </div>
   <div class='ocr_carea' id='block_1_39' title="bbox 222 2265 1807 2339">
    <p class='ocr_par' dir='ltr' id='par_1_39' title="bbox 222 2265 1807 2339">
     <span class='ocr_line' id='line_1_39' title="bbox 222 2265 1807 2339; baseline 0.001 -19"><span class='ocrx_word' id='word_1_267' title='bbox 222 2280 369 2335; x_wconf 88' lang='lat' dir='ltr'><strong>opus</strong></span> <span class='ocrx_word' id='word_1_268' title='bbox 396 2280 558 2319; x_wconf 92' lang='lat' dir='ltr'><strong>suum</strong></span> <span class='ocrx_word' id='word_1_269' title='bbox 587 2280 653 2319; x_wconf 90' lang='lat' dir='ltr'><strong>eo</strong></span> <span class='ocrx_word' id='word_1_270' title='bbox 685 2265 916 2320; x_wconf 86' lang='lat' dir='ltr'><strong>consilio</strong></span> <span class='ocrx_word' id='word_1_271' title='bbox 956 2265 1259 2321; x_wconf 80' lang='lat' dir='ltr'><strong>confecisse</strong></span> <span class='ocrx_word' id='word_1_272' title='bbox 1299 2276 1535 2331; x_wconf 84' lang='lat' dir='ltr'><strong>constat,</strong></span> <span class='ocrx_word' id='word_1_273' title='bbox 1564 2284 1675 2339; x_wconf 86' lang='lat' dir='ltr'><strong>quo</strong></span> <span class='ocrx_word' id='word_1_274' title='bbox 1710 2266 1807 2321; x_wconf 83' lang='lat' dir='ltr'><strong>Ju-</strong></span> 
     </span>
    </p>
   </div>
   <div class='ocr_carea' id='block_1_40' title="bbox 223 2356 1807 2430">
    <p class='ocr_par' dir='ltr' id='par_1_40' title="bbox 223 2356 1807 2430">
     <span class='ocr_line' id='line_1_40' title="bbox 223 2356 1807 2430; baseline -0.001 -16"><span class='ocrx_word' id='word_1_275' title='bbox 223 2358 333 2414; x_wconf 59' lang='lat' dir='ltr'><strong>daei</strong></span> <span class='ocrx_word' id='word_1_276' title='bbox 362 2356 581 2412; x_wconf 81' lang='lat' dir='ltr'><strong>facilius</strong></span> <span class='ocrx_word' id='word_1_277' title='bbox 608 2358 921 2427; x_wconf 87' lang='lat' dir='ltr'><strong>exciperent</strong></span> <span class='ocrx_word' id='word_1_278' title='bbox 946 2373 1066 2429; x_wconf 70' lang='lat' dir='ltr'><strong>qua:</strong></span> <span class='ocrx_word' id='word_1_279' title='bbox 1092 2357 1159 2413; x_wconf 90' lang='lat' dir='ltr'><strong>de</strong></span> <span class='ocrx_word' id='word_1_280' title='bbox 1189 2357 1409 2413; x_wconf 89' lang='lat' dir='ltr'><strong>Christo</strong></span> <span class='ocrx_word' id='word_1_281' title='bbox 1445 2360 1674 2430; x_wconf 79' lang='lat' dir='ltr'><strong>ejusque</strong></span> <span class='ocrx_word' id='word_1_282' title='bbox 1708 2360 1807 2415; x_wconf 90' lang='lat' dir='ltr'><strong>do-</strong></span> 
     </span>
    </p>
   </div>
   <div class='ocr_carea' id='block_1_41' title="bbox 224 2449 930 2521">
    <p class='ocr_par' dir='ltr' id='par_1_41' title="bbox 224 2449 930 2521">
     <span class='ocr_line' id='line_1_41' title="bbox 224 2449 930 2521; baseline -0.006 -14"><span class='ocrx_word' id='word_1_283' title='bbox 224 2452 407 2507; x_wconf 87' lang='lat' dir='ltr'><strong>ctrina</strong></span> <span class='ocrx_word' id='word_1_284' title='bbox 441 2451 643 2521; x_wconf 88' lang='lat' dir='ltr'><strong>passim</strong></span> <span class='ocrx_word' id='word_1_285' title='bbox 674 2449 930 2504; x_wconf 90' lang='lat' dir='ltr'><strong>inculcat.</strong></span> 
     </span>
    </p>
   </div>
   <div class='ocr_carea' id='block_1_42' title="bbox 304 2541 1803 2610">
    <p class='ocr_par' dir='ltr' id='par_1_42' title="bbox 304 2541 1803 2610">
     <span class='ocr_line' id='line_1_42' title="bbox 304 2541 1803 2610; baseline 0.001 -15"><span class='ocrx_word' id='word_1_286' title='bbox 304 2542 509 2599; x_wconf 81' lang='lat' dir='ltr'><strong>Verum</strong></span> <span class='ocrx_word' id='word_1_287' title='bbox 542 2558 607 2597; x_wconf 90' lang='lat' dir='ltr'><strong>ne</strong></span> <span class='ocrx_word' id='word_1_288' title='bbox 630 2542 685 2596; x_wconf 91' lang='lat' dir='ltr'><strong>in</strong></span> <span class='ocrx_word' id='word_1_289' title='bbox 718 2542 804 2597; x_wconf 88' lang='lat' dir='ltr'><strong>his</strong></span> <span class='ocrx_word' id='word_1_290' title='bbox 830 2541 1039 2596; x_wconf 87' lang='lat' dir='ltr'><strong>diutius</strong></span> <span class='ocrx_word' id='word_1_291' title='bbox 1083 2542 1462 2610; x_wconf 88' lang='lat' dir='ltr'><strong>innnoremur,</strong></span> <span class='ocrx_word' id='word_1_292' title='bbox 1493 2542 1560 2598; x_wconf 91' lang='lat' dir='ltr'><strong>ad</strong></span> <span class='ocrx_word' id='word_1_293' title='bbox 1588 2552 1803 2598; x_wconf 69' lang='lat' dir='ltr'><strong>aetatem</strong></span> 
     </span>
    </p>
   </div>
   <div class='ocr_carea' id='block_1_43' title="bbox 225 2635 1807 2707">
    <p class='ocr_par' dir='ltr' id='par_1_43' title="bbox 225 2635 1807 2707">
     <span class='ocr_line' id='line_1_43' title="bbox 225 2635 1807 2707; baseline -0.002 -14"><span class='ocrx_word' id='word_1_294' title='bbox 225 2638 521 2707; x_wconf 87' lang='lat' dir='ltr'><strong>scriptoris</strong></span> <span class='ocrx_word' id='word_1_295' title='bbox 549 2637 711 2706; x_wconf 89' lang='lat' dir='ltr'><strong>hujus</strong></span> <span class='ocrx_word' id='word_1_296' title='bbox 753 2636 897 2706; x_wconf 88' lang='lat' dir='ltr'><strong>quod</strong></span> <span class='ocrx_word' id='word_1_297' title='bbox 944 2635 1156 2698; x_wconf 90' lang='lat' dir='ltr'><strong>attinet,</strong></span> <span class='ocrx_word' id='word_1_298' title='bbox 1185 2652 1329 2691; x_wconf 90' lang='lat' dir='ltr'><strong>unus</strong></span> <span class='ocrx_word' id='word_1_299' title='bbox 1368 2637 1551 2691; x_wconf 87' lang='lat' dir='ltr'><strong>adhuc</strong></span> <span class='ocrx_word' id='word_1_300' title='bbox 1587 2636 1807 2690; x_wconf 89' lang='lat' dir='ltr'><strong>audien-</strong></span> 
     </span>
    </p>
   </div>
   <div class='ocr_carea' id='block_1_44' title="bbox 226 2732 1804 2803">
    <p class='ocr_par' dir='ltr' id='par_1_44' title="bbox 226 2732 1804 2803">
     <span class='ocr_line' id='line_1_44' title="bbox 226 2732 1804 2803; baseline -0.001 -15"><span class='ocrx_word' id='word_1_301' title='bbox 226 2737 340 2791; x_wconf 83' lang='lat' dir='ltr'><strong>dus</strong></span> <span class='ocrx_word' id='word_1_302' title='bbox 365 2735 597 2790; x_wconf 85' lang='lat' dir='ltr'><strong>Caveus.</strong></span> <span class='ocrx_word' id='word_1_303' title='bbox 644 2733 936 2789; x_wconf 73' lang='lat' dir='ltr'><strong>Existimat</strong></span> <span class='ocrx_word' id='word_1_304' title='bbox 973 2733 1063 2787; x_wconf 89' lang='lat' dir='ltr'><strong>ille</strong></span> <span class='ocrx_word' id='word_1_305' title='bbox 1110 2732 1369 2788; x_wconf 89' lang='lat' dir='ltr'><strong>nimirum</strong></span> <span class='ocrx_word' id='word_1_306' title='bbox 1402 2732 1539 2803; x_wconf 78' lang='lat'><strong>(‘26),</strong></span> <span class='ocrx_word' id='word_1_307' title='bbox 1570 2732 1685 2787; x_wconf 83' lang='lat' dir='ltr'><strong>heri</strong></span> <span class='ocrx_word' id='word_1_308' title='bbox 1716 2733 1804 2787; x_wconf 75' lang='lat' dir='ltr'><strong>vix</strong></span> 
     </span>
    </p>
   </div>
   <div class='ocr_carea' id='block_1_45' title="bbox 225 2824 1804 2900">
    <p class='ocr_par' dir='ltr' id='par_1_45' title="bbox 225 2824 1804 2900">
     <span class='ocr_line' id='line_1_45' title="bbox 225 2824 1804 2900; baseline -0.003 -17"><span class='ocrx_word' id='word_1_309' title='bbox 225 2828 479 2900; x_wconf 85' lang='lat' dir='ltr'><strong>potuisse</strong></span> <span class='ocrx_word' id='word_1_310' title='bbox 524 2827 657 2897; x_wconf 89' lang='lat' dir='ltr'><strong>quin</strong></span> <span class='ocrx_word' id='word_1_311' title='bbox 701 2826 902 2896; x_wconf 90' lang='lat' dir='ltr'><strong>aliquis</strong></span> <span class='ocrx_word' id='word_1_312' title='bbox 951 2825 1305 2895; x_wconf 88' lang='lat' dir='ltr'><strong>antiquorum</strong></span> <span class='ocrx_word' id='word_1_313' title='bbox 1348 2834 1475 2879; x_wconf 85' lang='lat' dir='ltr'><strong>ante</strong></span> <span class='ocrx_word' id='word_1_314' title='bbox 1517 2824 1804 2895; x_wconf 88' lang='lat' dir='ltr'><strong>Origenem</strong></span> 
     </span>
    </p>
   </div>
   <div class='ocr_carea' id='block_1_46' title="bbox 226 2917 1807 2993">
    <p class='ocr_par' dir='ltr' id='par_1_46' title="bbox 226 2917 1807 2993">
     <span class='ocr_line' id='line_1_46' title="bbox 226 2917 1807 2993; baseline -0.003 -17"><span class='ocrx_word' id='word_1_315' title='bbox 226 2921 352 2993; x_wconf 85' lang='lat' dir='ltr'><strong>ejus</strong></span> <span class='ocrx_word' id='word_1_316' title='bbox 383 2922 566 2991; x_wconf 85' lang='lat' dir='ltr'><strong>operis</strong></span> <span class='ocrx_word' id='word_1_317' title='bbox 596 2919 968 2984; x_wconf 87' lang='lat' dir='ltr'><strong>meminisset;</strong></span> <span class='ocrx_word' id='word_1_318' title='bbox 1000 2918 1246 2988; x_wconf 89' lang='lat' dir='ltr'><strong>adeoque</strong></span> <span class='ocrx_word' id='word_1_319' title='bbox 1277 2918 1479 2972; x_wconf 67' lang='lat' dir='ltr'><strong>saeculo</strong></span> <span class='ocrx_word' id='word_1_320' title='bbox 1504 2917 1807 2986; x_wconf 90' lang='lat' dir='ltr'><strong>apostolico</strong></span> 
     </span>
    </p>
   </div>
   <div class='ocr_carea' id='block_1_47' title="bbox 228 3007 1809 3080">
    <p class='ocr_par' dir='ltr' id='par_1_47' title="bbox 228 3007 1809 3080">
     <span class='ocr_line' id='line_1_47' title="bbox 228 3007 1809 3080; baseline -0.003 -12"><span class='ocrx_word' id='word_1_321' title='bbox 228 3013 379 3069; x_wconf 88' lang='lat' dir='ltr'><strong>haud</strong></span> <span class='ocrx_word' id='word_1_322' title='bbox 401 3028 524 3069; x_wconf 89' lang='lat' dir='ltr'><strong>esse</strong></span> <span class='ocrx_word' id='word_1_323' title='bbox 549 3012 934 3067; x_wconf 87' lang='lat' dir='ltr'><strong>ascribendum</strong></span> <span class='ocrx_word' id='word_1_324' title='bbox 967 3011 1245 3080; x_wconf 91' lang='lat' dir='ltr'><strong>opinatur.</strong></span> <span class='ocrx_word' id='word_1_325' title='bbox 1270 3007 1428 3065; x_wconf 79' lang='lat' dir='ltr'><strong>Hune</strong></span> <span class='ocrx_word' id='word_1_326' title='bbox 1453 3018 1632 3064; x_wconf 89' lang='lat' dir='ltr'><strong>tamen</strong></span> <span class='ocrx_word' id='word_1_327' title='bbox 1659 3025 1809 3065; x_wconf 91' lang='lat' dir='ltr'><strong>seru-</strong></span> 
     </span>
    </p>
   </div>
   <div class='ocr_carea' id='block_1_48' title="bbox 1907 1886 3489 1960">
    <p class='ocr_par' dir='ltr' id='par_1_48' title="bbox 1907 1886 3489 1960">
     <span class='ocr_line' id='line_1_48' title="bbox 1907 1886 3489 1960; baseline 0.001 -20"><span class='ocrx_word' id='word_1_328' title='bbox 1907 1886 2001 1940; x_wconf 82' lang='grc' dir='ltr'>τοῦ</span> <span class='ocrx_word' id='word_1_329' title='bbox 2059 1887 2292 1959; x_wconf 79' lang='grc' dir='ltr'>Ἰσραὴλ,</span> <span class='ocrx_word' id='word_1_330' title='bbox 2322 1888 2642 1959; x_wconf 77' lang='grc' dir='ltr'><strong>φαινόμενος</strong></span> <span class='ocrx_word' id='word_1_331' title='bbox 2680 1888 2771 1941; x_wconf 76' lang='grc' dir='ltr'><strong>ἐπὶ</strong></span> <span class='ocrx_word' id='word_1_332' title='bbox 2815 1889 2919 1959; x_wconf 79' lang='grc' dir='ltr'><strong>γῆς</strong></span> <span class='ocrx_word' id='word_1_333' title='bbox 2952 1889 3028 1953; x_wconf 80' lang='grc' dir='ltr'><strong>ὡς</strong></span> <span class='ocrx_word' id='word_1_334' title='bbox 3062 1888 3366 1960; x_wconf 82' lang='grc' dir='ltr'>ἄνθρωπος,</span> <span class='ocrx_word' id='word_1_335' title='bbox 3397 1890 3489 1943; x_wconf 79' lang='grc' dir='ltr'>καὶ</span> 
     </span>
    </p>
   </div>
   <div class='ocr_carea' id='block_1_49' title="bbox 1911 1973 3490 2049">
    <p class='ocr_par' dir='ltr' id='par_1_49' title="bbox 1911 1973 3490 2049">
     <span class='ocr_line' id='line_1_49' title="bbox 1911 1973 3490 2049; baseline 0.006 -22"><span class='ocrx_word' id='word_1_336' title='bbox 1911 1973 2097 2039; x_wconf 79' lang='grc' dir='ltr'>σώζων</span> <span class='ocrx_word' id='word_1_337' title='bbox 2130 1977 2188 2028; x_wconf 78' lang='grc' dir='ltr'>ἐν</span> <span class='ocrx_word' id='word_1_338' title='bbox 2228 1977 2375 2047; x_wconf 82' lang='grc' dir='ltr'>αὐτῷ</span> <span class='ocrx_word' id='word_1_339' title='bbox 2412 1977 2503 2030; x_wconf 86' lang='grc' dir='ltr'><strong>τὸν</strong></span> <span class='ocrx_word' id='word_1_340' title='bbox 2546 1978 2733 2049; x_wconf 84' lang='grc' dir='ltr'><strong>Ἀδάμ.</strong></span> <span class='ocrx_word' id='word_1_341' title='bbox 2776 1978 3051 2041; x_wconf 86' lang='lat' dir='ltr'><strong>Dominus,</strong></span> <span class='ocrx_word' id='word_1_342' title='bbox 3080 1977 3221 2035; x_wconf 82' lang='lat' dir='ltr'><strong>DEUS</strong></span> <span class='ocrx_word' id='word_1_343' title='bbox 3269 1978 3490 2036; x_wconf 72' lang='lat' dir='ltr'><strong>MAGNUS</strong></span> 
     </span>
    </p>
   </div>
   <div class='ocr_carea' id='block_1_50' title="bbox 1911 2063 3487 2142">
    <p class='ocr_par' dir='ltr' id='par_1_50' title="bbox 1911 2063 3487 2142">
     <span class='ocr_line' id='line_1_50' title="bbox 1911 2063 3487 2142; baseline 0.006 -25"><span class='ocrx_word' id='word_1_344' title='bbox 1911 2063 2103 2128; x_wconf 84' lang='lat' dir='ltr'><strong>Israel,</strong></span> <span class='ocrx_word' id='word_1_345' title='bbox 2134 2068 2404 2136; x_wconf 78' lang='lat' dir='ltr'><strong>apparebit</strong></span> <span class='ocrx_word' id='word_1_346' title='bbox 2430 2069 2482 2121; x_wconf 87' lang='lat' dir='ltr'><strong>in</strong></span> <span class='ocrx_word' id='word_1_347' title='bbox 2517 2078 2656 2123; x_wconf 85' lang='lat' dir='ltr'><strong>terra</strong></span> <span class='ocrx_word' id='word_1_348' title='bbox 2687 2080 2742 2123; x_wconf 90' lang='lat' dir='ltr'><strong>ut</strong></span> <span class='ocrx_word' id='word_1_349' title='bbox 2768 2070 2942 2138; x_wconf 85' lang='lat' dir='ltr'><strong>homo,</strong></span> <span class='ocrx_word' id='word_1_350' title='bbox 2963 2082 3010 2125; x_wconf 87' lang='lat' dir='ltr'><strong>et</strong></span> <span class='ocrx_word' id='word_1_351' title='bbox 3041 2071 3265 2125; x_wconf 88' lang='lat' dir='ltr'><strong>salvabit</strong></span> <span class='ocrx_word' id='word_1_352' title='bbox 3297 2074 3347 2126; x_wconf 86' lang='lat' dir='ltr'><strong>in</strong></span> <span class='ocrx_word' id='word_1_353' title='bbox 3376 2075 3487 2142; x_wconf 86' lang='lat' dir='ltr'><strong>ipso</strong></span> 
     </span>
    </p>
   </div>
   <div class='ocr_carea' id='block_1_51' title="bbox 1909 2156 3489 2234">
    <p class='ocr_par' dir='ltr' id='par_1_51' title="bbox 1909 2156 3489 2234">
     <span class='ocr_line' id='line_1_51' title="bbox 1909 2156 3489 2234; baseline 0.008 -26"><span class='ocrx_word' id='word_1_354' title='bbox 1909 2156 2100 2211; x_wconf 85' lang='lat' dir='ltr'><strong>Adam.</strong></span> <span class='ocrx_word' id='word_1_355' title='bbox 2152 2156 2219 2211; x_wconf 89' lang='lat' dir='ltr'><strong>Et</strong></span> <span class='ocrx_word' id='word_1_356' title='bbox 2269 2174 2395 2213; x_wconf 90' lang='lat' dir='ltr'><strong>mox</strong></span> <span class='ocrx_word' id='word_1_357' title='bbox 2435 2159 2547 2231; x_wconf 79' lang='grc'>(50)</span> <span class='ocrx_word' id='word_1_358' title='bbox 2597 2180 2610 2214; x_wconf 90' lang='lat'>:</span> <span class='ocrx_word' id='word_1_359' title='bbox 2661 2162 2898 2226; x_wconf 79' lang='grc' dir='ltr'>ὉΘεὸς</span> <span class='ocrx_word' id='word_1_360' title='bbox 2949 2163 3109 2234; x_wconf 86' lang='grc' dir='ltr'>σῶμα</span> <span class='ocrx_word' id='word_1_361' title='bbox 3154 2162 3351 2228; x_wconf 78' lang='grc' dir='ltr'>λαϐὼν,</span> <span class='ocrx_word' id='word_1_362' title='bbox 3395 2167 3489 2219; x_wconf 79' lang='grc' dir='ltr'><strong>καὶ</strong></span> 
     </span>
    </p>
   </div>
   <div class='ocr_carea' id='block_1_52' title="bbox 1911 2248 3486 2328">
    <p class='ocr_par' dir='ltr' id='par_1_52' title="bbox 1911 2248 3486 2328">
     <span class='ocr_line' id='line_1_52' title="bbox 1911 2248 3486 2328; baseline 0.009 -29"><span class='ocrx_word' id='word_1_363' title='bbox 1911 2248 2203 2302; x_wconf 80' lang='grc' dir='ltr'>συνεσθίων</span> <span class='ocrx_word' id='word_1_364' title='bbox 2243 2251 2570 2324; x_wconf 83' lang='grc' dir='ltr'>ἀνθρώποις,</span> <span class='ocrx_word' id='word_1_365' title='bbox 2610 2254 2813 2307; x_wconf 73' lang='grc' dir='ltr'>ἔσωσεν</span> <span class='ocrx_word' id='word_1_366' title='bbox 2846 2255 3063 2319; x_wconf 82' lang='grc' dir='ltr'>αύτούς.</span> <span class='ocrx_word' id='word_1_367' title='bbox 3108 2255 3251 2312; x_wconf 72' lang='lat' dir='ltr'><strong>Deus</strong></span> <span class='ocrx_word' id='word_1_368' title='bbox 3298 2274 3486 2328; x_wconf 86' lang='lat' dir='ltr'><strong>corpus</strong></span> 
     </span>
    </p>
   </div>
   <div class='ocr_carea' id='block_1_53' title="bbox 1908 2344 3483 2414">
    <p class='ocr_par' dir='ltr' id='par_1_53' title="bbox 1908 2344 3483 2414">
     <span class='ocr_line' id='line_1_53' title="bbox 1908 2344 3483 2414; baseline 0.006 -20"><span class='ocrx_word' id='word_1_369' title='bbox 1908 2357 2200 2405; x_wconf 82' lang='lat' dir='ltr'><strong>assumens,</strong></span> <span class='ocrx_word' id='word_1_370' title='bbox 2232 2353 2283 2397; x_wconf 89' lang='lat' dir='ltr'><strong>et</strong></span> <span class='ocrx_word' id='word_1_371' title='bbox 2311 2344 2584 2399; x_wconf 87' lang='lat' dir='ltr'><strong>comedens</strong></span> <span class='ocrx_word' id='word_1_372' title='bbox 2616 2362 2733 2399; x_wconf 82' lang='lat' dir='ltr'><strong>cum</strong></span> <span class='ocrx_word' id='word_1_373' title='bbox 2774 2346 3094 2414; x_wconf 86' lang='lat' dir='ltr'><strong>hominibus,</strong></span> <span class='ocrx_word' id='word_1_374' title='bbox 3126 2348 3348 2403; x_wconf 81' lang='lat' dir='ltr'><strong>salvavit</strong></span> <span class='ocrx_word' id='word_1_375' title='bbox 3375 2367 3483 2404; x_wconf 85' lang='lat' dir='ltr'><strong>eos.</strong></span> 
     </span>
    </p>
   </div>
   <div class='ocr_carea' id='block_1_54' title="bbox 1907 2428 3486 2508">
    <p class='ocr_par' dir='ltr' id='par_1_54' title="bbox 1907 2428 3486 2508">
     <span class='ocr_line' id='line_1_54' title="bbox 1907 2428 3486 2508; baseline 0.006 -24"><span class='ocrx_word' id='word_1_376' title='bbox 1907 2428 2216 2501; x_wconf 88' lang='lat' dir='ltr'><strong>Paucisque</strong></span> <span class='ocrx_word' id='word_1_377' title='bbox 2253 2434 2558 2504; x_wconf 91' lang='lat' dir='ltr'><strong>iuterjectis</strong></span> <span class='ocrx_word' id='word_1_378' title='bbox 2592 2436 2728 2508; x_wconf 81' lang='grc'><strong>(⁸51),</strong></span> <span class='ocrx_word' id='word_1_379' title='bbox 2759 2436 3009 2493; x_wconf 85' lang='lat' dir='ltr'><strong>Messiam</strong></span> <span class='ocrx_word' id='word_1_380' title='bbox 3048 2452 3204 2494; x_wconf 91' lang='lat' dir='ltr'><strong>vocat</strong></span> <span class='ocrx_word' id='word_1_381' title='bbox 3235 2440 3366 2494; x_wconf 83' lang='grc' dir='ltr'>Θεὸν</span> <span class='ocrx_word' id='word_1_382' title='bbox 3394 2442 3486 2494; x_wconf 72' lang='grc' dir='ltr'><strong>καὶ</strong></span> 
     </span>
    </p>
   </div>
   <div class='ocr_carea' id='block_1_55' title="bbox 1908 2522 2781 2595">
    <p class='ocr_par' dir='ltr' id='par_1_55' title="bbox 1908 2522 2781 2595">
     <span class='ocr_line' id='line_1_55' title="bbox 1908 2522 2781 2595; baseline 0.009 -20"><span class='ocrx_word' id='word_1_383' title='bbox 1908 2522 2214 2595; x_wconf 80' lang='grc' dir='ltr'>ἄνθρωπον,</span> <span class='ocrx_word' id='word_1_384' title='bbox 2243 2524 2395 2581; x_wconf 75' lang='grc' dir='ltr'>Βεωι</span> <span class='ocrx_word' id='word_1_385' title='bbox 2420 2537 2467 2581; x_wconf 88' lang='lat' dir='ltr'><strong>et</strong></span> <span class='ocrx_word' id='word_1_386' title='bbox 2502 2527 2781 2583; x_wconf 84' lang='lat' dir='ltr'><strong>hominem.</strong></span> 
     </span>
    </p>
   </div>
   <div class='ocr_carea' id='block_1_56' title="bbox 1988 2612 3485 2698">
    <p class='ocr_par' dir='ltr' id='par_1_56' title="bbox 1988 2612 3485 2698">
     <span class='ocr_line' id='line_1_56' title="bbox 1988 2612 3485 2698; baseline 0.01 -34"><span class='ocrx_word' id='word_1_387' title='bbox 1988 2632 2006 2663; x_wconf 77' lang='grc' dir='ltr'>ι</span> <span class='ocrx_word' id='word_1_388' title='bbox 2039 2612 2096 2667; x_wconf 91' lang='lat' dir='ltr'><strong>ln</strong></span> <span class='ocrx_word' id='word_1_389' title='bbox 2129 2613 2482 2672; x_wconf 86' lang='lat' dir='ltr'><strong>Testamento</strong></span> <span class='ocrx_word' id='word_1_390' title='bbox 2510 2617 2674 2686; x_wconf 89' lang='lat' dir='ltr'><strong>Levi,</strong></span> <span class='ocrx_word' id='word_1_391' title='bbox 2717 2621 3084 2689; x_wconf 89' lang='lat' dir='ltr'><strong>patriarcham</strong></span> <span class='ocrx_word' id='word_1_392' title='bbox 3116 2624 3280 2679; x_wconf 90' lang='lat' dir='ltr'><strong>istum</strong></span> <span class='ocrx_word' id='word_1_393' title='bbox 3318 2641 3485 2698; x_wconf 75' lang='lat' dir='ltr'><strong>ange~</strong></span> 
     </span>
    </p>
   </div>
   <div class='ocr_carea' id='block_1_57' title="bbox 1910 2703 3485 2782">
    <p class='ocr_par' dir='ltr' id='par_1_57' title="bbox 1910 2703 3485 2782">
     <span class='ocr_line' id='line_1_57' title="bbox 1910 2703 3485 2782; baseline 0.011 -25"><span class='ocrx_word' id='word_1_394' title='bbox 1910 2703 1993 2759; x_wconf 92' lang='lat' dir='ltr'><strong>lus</strong></span> <span class='ocrx_word' id='word_1_395' title='bbox 2025 2706 2110 2760; x_wconf 90' lang='lat' dir='ltr'><strong>his</strong></span> <span class='ocrx_word' id='word_1_396' title='bbox 2165 2707 2461 2777; x_wconf 87' lang='lat' dir='ltr'><strong>alloquitur</strong></span> <span class='ocrx_word' id='word_1_397' title='bbox 2516 2712 2697 2766; x_wconf 80' lang='lat' dir='ltr'><strong>verbis</strong></span> <span class='ocrx_word' id='word_1_398' title='bbox 2720 2712 2832 2782; x_wconf 73' lang='lat'><strong>(52)</strong></span> <span class='ocrx_word' id='word_1_399' title='bbox 2876 2715 3019 2769; x_wconf 71' lang='grc' dir='ltr'>εΔιὰ</span> <span class='ocrx_word' id='word_1_400' title='bbox 3045 2716 3138 2769; x_wconf 83' lang='grc' dir='ltr'><strong>σού</strong></span> <span class='ocrx_word' id='word_1_401' title='bbox 3182 2718 3273 2771; x_wconf 75' lang='grc' dir='ltr'><strong>καὶ</strong></span> <span class='ocrx_word' id='word_1_402' title='bbox 3319 2719 3485 2774; x_wconf 81' lang='grc' dir='ltr'>Ἰούδα</span> 
     </span>
    </p>
   </div>
   <div class='ocr_carea' id='block_1_58' title="bbox 1907 2796 3487 2878">
    <p class='ocr_par' dir='ltr' id='par_1_58' title="bbox 1907 2796 3487 2878">
     <span class='ocr_line' id='line_1_58' title="bbox 1907 2796 3487 2878; baseline 0.011 -30"><span class='ocrx_word' id='word_1_403' title='bbox 1907 2796 2201 2870; x_wconf 81' lang='grc' dir='ltr'>ὀφθήσεται</span> <span class='ocrx_word' id='word_1_404' title='bbox 2256 2800 2460 2872; x_wconf 84' lang='grc' dir='ltr'>Κύριος</span> <span class='ocrx_word' id='word_1_405' title='bbox 2500 2800 2557 2856; x_wconf 80' lang='grc' dir='ltr'>ὲν</span> <span class='ocrx_word' id='word_1_406' title='bbox 2602 2803 2932 2876; x_wconf 83' lang='grc' dir='ltr'>ἀνθρώποις,</span> <span class='ocrx_word' id='word_1_407' title='bbox 2971 2806 3157 2871; x_wconf 77' lang='grc' dir='ltr'>σώζων</span> <span class='ocrx_word' id='word_1_408' title='bbox 3194 2812 3253 2863; x_wconf 78' lang='grc' dir='ltr'>ὲν</span> <span class='ocrx_word' id='word_1_409' title='bbox 3303 2812 3487 2878; x_wconf 84' lang='grc' dir='ltr'>αὐτοῖς</span> 
     </span>
    </p>
   </div>
   <div class='ocr_carea' id='block_1_59' title="bbox 1910 2890 3485 2974">
    <p class='ocr_par' dir='ltr' id='par_1_59' title="bbox 1910 2890 3485 2974">
     <span class='ocr_line' id='line_1_59' title="bbox 1910 2890 3485 2974; baseline 0.011 -33"><span class='ocrx_word' id='word_1_410' title='bbox 1910 2890 2020 2942; x_wconf 75' lang='grc' dir='ltr'>πᾶν</span> <span class='ocrx_word' id='word_1_411' title='bbox 2045 2890 2199 2958; x_wconf 81' lang='grc' dir='ltr'>γένος</span> <span class='ocrx_word' id='word_1_412' title='bbox 2227 2890 2546 2964; x_wconf 83' lang='grc' dir='ltr'>ἀνθρώπων.</span> <span class='ocrx_word' id='word_1_413' title='bbox 2587 2894 2692 2949; x_wconf 86' lang='lat' dir='ltr'><strong>Per</strong></span> <span class='ocrx_word' id='word_1_414' title='bbox 2749 2908 2798 2951; x_wconf 91' lang='lat' dir='ltr'><strong>te</strong></span> <span class='ocrx_word' id='word_1_415' title='bbox 2848 2909 2897 2953; x_wconf 91' lang='lat' dir='ltr'><strong>et</strong></span> <span class='ocrx_word' id='word_1_416' title='bbox 2955 2898 3153 2954; x_wconf 78' lang='lat' dir='ltr'><strong>ludam</strong></span> <span class='ocrx_word' id='word_1_417' title='bbox 3212 2905 3485 2974; x_wconf 83' lang='lat' dir='ltr'><strong>apparebit</strong></span> 
     </span>
    </p>
   </div>
   <div class='ocr_carea' id='block_1_60' title="bbox 1909 2979 3485 3068">
    <p class='ocr_par' dir='ltr' id='par_1_60' title="bbox 1909 2979 3485 3068">
     <span class='ocr_line' id='line_1_60' title="bbox 1909 2979 3485 3068; baseline 0.014 -36"><span class='ocrx_word' id='word_1_418' title='bbox 1909 2979 2168 3035; x_wconf 82' lang='lat' dir='ltr'><strong>Dominus</strong></span> <span class='ocrx_word' id='word_1_419' title='bbox 2199 2986 2254 3036; x_wconf 86' lang='lat' dir='ltr'><strong>in</strong></span> <span class='ocrx_word' id='word_1_420' title='bbox 2282 2985 2606 3049; x_wconf 85' lang='lat' dir='ltr'><strong>hominibus,</strong></span> <span class='ocrx_word' id='word_1_421' title='bbox 2642 2989 2857 3061; x_wconf 80' lang='lat' dir='ltr'><strong>salvans</strong></span> <span class='ocrx_word' id='word_1_422' title='bbox 2888 2992 2943 3045; x_wconf 85' lang='lat' dir='ltr'><strong>in</strong></span> <span class='ocrx_word' id='word_1_423' title='bbox 2977 2994 3103 3062; x_wconf 87' lang='lat' dir='ltr'><strong>ipsis</strong></span> <span class='ocrx_word' id='word_1_424' title='bbox 3136 3011 3285 3050; x_wconf 85' lang='lat' dir='ltr'><strong>omne</strong></span> <span class='ocrx_word' id='word_1_425' title='bbox 3324 3016 3485 3068; x_wconf 84' lang='lat' dir='ltr'><strong>genus</strong></span> 
     </span>
    </p>
   </div>
   <div class='ocr_carea' id='block_1_61' title="bbox 228 3072 3485 3185">
    <p class='ocr_par' dir='ltr' id='par_1_61' title="bbox 228 3072 3485 3185">
     <span class='ocr_line' id='line_1_61' title="bbox 228 3072 3485 3185; baseline -0.004 -25"><span class='ocrx_word' id='word_1_426' title='bbox 228 3106 421 3177; x_wconf 87' lang='lat' dir='ltr'><strong>pulum</strong></span> <span class='ocrx_word' id='word_1_427' title='bbox 463 3106 510 3160; x_wconf 88' lang='lat' dir='ltr'><strong>si</strong></span> <span class='ocrx_word' id='word_1_428' title='bbox 553 3104 711 3160; x_wconf 86' lang='lat' dir='ltr'><strong>evelli</strong></span> <span class='ocrx_word' id='word_1_429' title='bbox 762 3104 867 3160; x_wconf 86' lang='lat' dir='ltr'><strong>sibi</strong></span> <span class='ocrx_word' id='word_1_430' title='bbox 914 3119 983 3158; x_wconf 77' lang='lat' dir='ltr'><strong>ex</strong></span> <span class='ocrx_word' id='word_1_431' title='bbox 1006 3072 1213 3157; x_wconf 64' lang='lat' dir='ltr'><strong>animo</strong></span> <span class='ocrx_word' id='word_1_432' title='bbox 1250 3104 1506 3172; x_wconf 87' lang='lat' dir='ltr'><strong>postulet,</strong></span> <span class='ocrx_word' id='word_1_433' title='bbox 1540 3103 1594 3175; x_wconf 89' lang='lat' dir='ltr'><strong>id</strong></span> <span class='ocrx_word' id='word_1_434' title='bbox 1637 3119 1804 3158; x_wconf 89' lang='lat' dir='ltr'><strong>unum</strong></span> <span class='ocrx_word' id='word_1_435' title='bbox 1837 3127 1879 3185; x_wconf 68' lang='grc' dir='ltr'>ρ</span> <span class='ocrx_word' id='word_1_436' title='bbox 1910 3072 2435 3185; x_wconf 50' lang='grc' dir='ltr'><strong>ξ’ξωξξξίηξχυθίξξίθ</strong></span> <span class='ocrx_word' id='word_1_437' title='bbox 2456 3076 2589 3180; x_wconf 49' lang='lat' dir='ltr'><strong>Levi</strong></span> <span class='ocrx_word' id='word_1_438' title='bbox 2617 3081 2861 3185; x_wconf 40' lang='lat' dir='ltr'><strong>filii“):</strong></span> <span class='ocrx_word' id='word_1_439' title='bbox 2890 3084 3485 3185; x_wconf 50' lang='lat' dir='ltr'><strong>inlel&#39;nuntspoliatum</strong></span> 
     </span>
    </p>
   </div>
   <div class='ocr_carea' id='block_1_62' title="bbox 231 3195 1808 3265">
    <p class='ocr_par' dir='ltr' id='par_1_62' title="bbox 231 3195 1808 3265">
     <span class='ocr_line' id='line_1_62' title="bbox 231 3195 1808 3265; baseline -0.002 -13"><span class='ocrx_word' id='word_1_440' title='bbox 231 3197 543 3262; x_wconf 83' lang='lat' dir='ltr'><strong>subdimus,</strong></span> <span class='ocrx_word' id='word_1_441' title='bbox 586 3205 647 3251; x_wconf 89' lang='lat' dir='ltr'><strong>ut</strong></span> <span class='ocrx_word' id='word_1_442' title='bbox 685 3195 792 3250; x_wconf 90' lang='lat' dir='ltr'><strong>alia</strong></span> <span class='ocrx_word' id='word_1_443' title='bbox 830 3204 1243 3265; x_wconf 64' lang='lat' dir='ltr'><strong>pratereamus,</strong></span> <span class='ocrx_word' id='word_1_444' title='bbox 1273 3196 1602 3264; x_wconf 85' lang='lat' dir='ltr'><strong>scriptorum</strong></span> <span class='ocrx_word' id='word_1_445' title='bbox 1634 3196 1808 3251; x_wconf 88' lang='lat' dir='ltr'><strong>eccle-</strong></span> 
     </span>
    </p>
   </div>
   <div class='ocr_carea' id='block_1_63' title="bbox 232 3287 1808 3358">
    <p class='ocr_par' dir='ltr' id='par_1_63' title="bbox 232 3287 1808 3358">
     <span class='ocr_line' id='line_1_63' title="bbox 232 3287 1808 3358; baseline -0.004 -10"><span class='ocrx_word' id='word_1_446' title='bbox 232 3292 583 3348; x_wconf 82' lang='lat' dir='ltr'><strong>siasticarum</strong></span> <span class='ocrx_word' id='word_1_447' title='bbox 617 3298 972 3345; x_wconf 90' lang='lat' dir='ltr'><strong>monumenta</strong></span> <span class='ocrx_word' id='word_1_448' title='bbox 1000 3288 1094 3358; x_wconf 91' lang='lat' dir='ltr'><strong>qui</strong></span> <span class='ocrx_word' id='word_1_449' title='bbox 1117 3289 1334 3344; x_wconf 88' lang='lat' dir='ltr'><strong>duobus</strong></span> <span class='ocrx_word' id='word_1_450' title='bbox 1365 3288 1558 3358; x_wconf 89' lang='lat' dir='ltr'><strong>primis</strong></span> <span class='ocrx_word' id='word_1_451' title='bbox 1591 3287 1808 3344; x_wconf 62' lang='lat' dir='ltr'><strong>saeculis</strong></span> 
     </span>
    </p>
   </div>
   <div class='ocr_carea' id='block_1_64' title="bbox 231 3377 1812 3453">
    <p class='ocr_par' dir='ltr' id='par_1_64' title="bbox 231 3377 1812 3453">
     <span class='ocr_line' id='line_1_64' title="bbox 231 3377 1812 3453; baseline -0.004 -14"><span class='ocrx_word' id='word_1_452' title='bbox 231 3383 487 3450; x_wconf 80' lang='lat' dir='ltr'><strong>ﬂoruere,</strong></span> <span class='ocrx_word' id='word_1_453' title='bbox 514 3383 812 3438; x_wconf 80' lang='lat' dir='ltr'><strong>maximam</strong></span> <span class='ocrx_word' id='word_1_454' title='bbox 855 3389 1065 3453; x_wconf 88' lang='lat' dir='ltr'><strong>partem</strong></span> <span class='ocrx_word' id='word_1_455' title='bbox 1113 3396 1235 3436; x_wconf 92' lang='lat' dir='ltr'><strong>esse</strong></span> <span class='ocrx_word' id='word_1_456' title='bbox 1281 3379 1594 3449; x_wconf 89' lang='lat' dir='ltr'><strong>deperdita;</strong></span> <span class='ocrx_word' id='word_1_457' title='bbox 1627 3377 1812 3433; x_wconf 82' lang='lat' dir='ltr'><strong>nobis-</strong></span> 
     </span>
    </p>
   </div>
   <div class='ocr_carea' id='block_1_65' title="bbox 231 3470 1807 3548">
    <p class='ocr_par' dir='ltr' id='par_1_65' title="bbox 231 3470 1807 3548">
     <span class='ocr_line' id='line_1_65' title="bbox 231 3470 1807 3548; baseline -0.004 -17"><span class='ocrx_word' id='word_1_458' title='bbox 231 3492 340 3548; x_wconf 85' lang='lat' dir='ltr'><strong>que</strong></span> <span class='ocrx_word' id='word_1_459' title='bbox 385 3491 454 3531; x_wconf 85' lang='lat' dir='ltr'><strong>ex</strong></span> <span class='ocrx_word' id='word_1_460' title='bbox 501 3490 692 3530; x_wconf 88' lang='lat' dir='ltr'><strong>eorum</strong></span> <span class='ocrx_word' id='word_1_461' title='bbox 747 3474 1041 3545; x_wconf 89' lang='lat' dir='ltr'><strong>operibus,</strong></span> <span class='ocrx_word' id='word_1_462' title='bbox 1080 3472 1271 3542; x_wconf 89' lang='lat' dir='ltr'><strong>paucis</strong></span> <span class='ocrx_word' id='word_1_463' title='bbox 1326 3471 1592 3540; x_wconf 80' lang='lat' dir='ltr'><strong>exceptis,</strong></span> <span class='ocrx_word' id='word_1_464' title='bbox 1624 3470 1807 3539; x_wconf 89' lang='lat' dir='ltr'><strong>aliqua</strong></span> 
     </span>
    </p>
   </div>
   <div class='ocr_carea' id='block_1_66' title="bbox 234 3557 1807 3634">
    <p class='ocr_par' dir='ltr' id='par_1_66' title="bbox 234 3557 1807 3634">
     <span class='ocr_line' id='line_1_66' title="bbox 234 3557 1807 3634; baseline -0.003 -15"><span class='ocrx_word' id='word_1_465' title='bbox 234 3557 447 3619; x_wconf 82' lang='lat' dir='ltr'><strong>tantum</strong></span> <span class='ocrx_word' id='word_1_466' title='bbox 474 3578 761 3634; x_wconf 85' lang='lat' dir='ltr'><strong>superesse</strong></span> <span class='ocrx_word' id='word_1_467' title='bbox 790 3562 1093 3633; x_wconf 82' lang='lat' dir='ltr'><strong>fragmenta</strong></span> <span class='ocrx_word' id='word_1_468' title='bbox 1123 3581 1135 3617; x_wconf 94' lang='lat'>:</span> <span class='ocrx_word' id='word_1_469' title='bbox 1165 3570 1225 3616; x_wconf 90' lang='lat' dir='ltr'><strong>ut</strong></span> <span class='ocrx_word' id='word_1_470' title='bbox 1250 3571 1561 3631; x_wconf 90' lang='lat' dir='ltr'><strong>propterea,</strong></span> <span class='ocrx_word' id='word_1_471' title='bbox 1588 3560 1807 3615; x_wconf 89' lang='lat' dir='ltr'><strong>illorum</strong></span> 
     </span>
    </p>
   </div>
   <div class='ocr_carea' id='block_1_67' title="bbox 232 3654 1810 3714">
    <p class='ocr_par' dir='ltr' id='par_1_67' title="bbox 232 3654 1810 3714">
     <span class='ocr_line' id='line_1_67' title="bbox 232 3654 1810 3714; baseline -0.002 -2"><span class='ocrx_word' id='word_1_472' title='bbox 232 3658 735 3714; x_wconf 82' lang='lat' dir='ltr'><strong>vetustissimorum</strong></span> <span class='ocrx_word' id='word_1_473' title='bbox 767 3655 991 3711; x_wconf 84' lang='lat' dir='ltr'><strong>Patrum</strong></span> <span class='ocrx_word' id='word_1_474' title='bbox 1035 3656 1310 3711; x_wconf 85' lang='lat' dir='ltr'><strong>silentium</strong></span> <span class='ocrx_word' id='word_1_475' title='bbox 1342 3655 1617 3709; x_wconf 90' lang='lat' dir='ltr'><strong>immerito</strong></span> <span class='ocrx_word' id='word_1_476' title='bbox 1648 3654 1810 3709; x_wconf 88' lang='lat' dir='ltr'><strong>nobis</strong></span> 
     </span>
    </p>
   </div>
   <div class='ocr_carea' id='block_1_68' title="bbox 234 3752 548 3823">
    <p class='ocr_par' dir='ltr' id='par_1_68' title="bbox 234 3752 548 3823">
     <span class='ocr_line' id='line_1_68' title="bbox 234 3752 548 3823; baseline -0.01 -15"><span class='ocrx_word' id='word_1_477' title='bbox 234 3752 548 3823; x_wconf 83' lang='lat' dir='ltr'><strong>objiciatur.</strong></span> 
     </span>
    </p>
   </div>
   <div class='ocr_carea' id='block_1_69' title="bbox 234 3864 1809 3935">
    <p class='ocr_par' dir='ltr' id='par_1_69' title="bbox 234 3864 1809 3935">
     <span class='ocr_line' id='line_1_69' title="bbox 234 3864 1809 3935; baseline -0.001 -17"><span class='ocrx_word' id='word_1_478' title='bbox 234 3864 321 3920; x_wconf 82' lang='grc' dir='ltr'><strong>ΙΙΙ.</strong></span> <span class='ocrx_word' id='word_1_479' title='bbox 364 3867 548 3935; x_wconf 83' lang='lat' dir='ltr'><strong>Operis</strong></span> <span class='ocrx_word' id='word_1_480' title='bbox 584 3868 808 3935; x_wconf 83' lang='lat' dir='ltr'><strong>pretium</strong></span> <span class='ocrx_word' id='word_1_481' title='bbox 853 3865 1162 3934; x_wconf 78' lang='lat' dir='ltr'><strong>expenditur</strong></span> <span class='ocrx_word' id='word_1_482' title='bbox 1186 3880 1201 3917; x_wconf 91' lang='lat'><em>:</em></span> <span class='ocrx_word' id='word_1_483' title='bbox 1226 3880 1289 3917; x_wconf 76' lang='lat' dir='ltr'><strong>ex</strong></span> <span class='ocrx_word' id='word_1_484' title='bbox 1322 3880 1423 3934; x_wconf 88' lang='lat' dir='ltr'><strong>quo</strong></span> <span class='ocrx_word' id='word_1_485' title='bbox 1456 3865 1521 3935; x_wconf 84' lang='lat' dir='ltr'><strong>in</strong></span> <span class='ocrx_word' id='word_1_486' title='bbox 1563 3865 1747 3933; x_wconf 85' lang='lat' dir='ltr'><strong>primis</strong></span> <span class='ocrx_word' id='word_1_487' title='bbox 1779 3881 1809 3916; x_wconf 87' lang='lat' dir='ltr'><strong>a</strong></span> 
     </span>
    </p>
   </div>
   <div class='ocr_carea' id='block_1_70' title="bbox 308 3934 1809 4005">
    <p class='ocr_par' dir='ltr' id='par_1_70' title="bbox 308 3934 1809 4005">
     <span class='ocr_line' id='line_1_70' title="bbox 308 3934 1809 4005; baseline -0.004 -14"><span class='ocrx_word' id='word_1_488' title='bbox 308 3934 503 3992; x_wconf 78' lang='lat' dir='ltr'><strong>Grabio</strong></span> <span class='ocrx_word' id='word_1_489' title='bbox 542 3934 849 4005; x_wconf 82' lang='lat' dir='ltr'><strong>deprompta</strong></span> <span class='ocrx_word' id='word_1_490' title='bbox 898 3953 991 4005; x_wconf 89' lang='lat' dir='ltr'><strong>pro</strong></span> <span class='ocrx_word' id='word_1_491' title='bbox 1032 3952 1154 3989; x_wconf 81' lang='lat' dir='ltr'><strong>vera</strong></span> <span class='ocrx_word' id='word_1_492' title='bbox 1195 3935 1395 3989; x_wconf 83' lang='lat' dir='ltr'><strong>Christi</strong></span> <span class='ocrx_word' id='word_1_493' title='bbox 1427 3934 1624 3988; x_wconf 88' lang='lat' dir='ltr'><strong>deitate</strong></span> <span class='ocrx_word' id='word_1_494' title='bbox 1659 3935 1809 3989; x_wconf 80' lang='lat' dir='ltr'><strong>testi-</strong></span> 
     </span>
    </p>
   </div>
   <div class='ocr_carea' id='block_1_71' title="bbox 308 4005 1811 4073">
    <p class='ocr_par' dir='ltr' id='par_1_71' title="bbox 308 4005 1811 4073">
     <span class='ocr_line' id='line_1_71' title="bbox 308 4005 1811 4073; baseline -0.002 -12"><span class='ocrx_word' id='word_1_495' title='bbox 308 4009 485 4061; x_wconf 84' lang='lat' dir='ltr'><strong>monia</strong></span> <span class='ocrx_word' id='word_1_496' title='bbox 530 4008 914 4061; x_wconf 86' lang='lat' dir='ltr'><strong>describuntur.</strong></span> <span class='ocrx_word' id='word_1_497' title='bbox 966 4005 1105 4059; x_wconf 83' lang='lat' dir='ltr'><strong>Hinc</strong></span> <span class='ocrx_word' id='word_1_498' title='bbox 1147 4007 1406 4059; x_wconf 77' lang='lat' dir='ltr'><strong>sententia</strong></span> <span class='ocrx_word' id='word_1_499' title='bbox 1453 4005 1516 4058; x_wconf 88' lang='lat' dir='ltr'><strong>de</strong></span> <span class='ocrx_word' id='word_1_500' title='bbox 1558 4006 1811 4073; x_wconf 78' lang='lat' dir='ltr'><strong>scriptore</strong></span> 
     </span>
    </p>
   </div>
   <div class='ocr_carea' id='block_1_72' title="bbox 308 4078 1226 4146">
    <p class='ocr_par' dir='ltr' id='par_1_72' title="bbox 308 4078 1226 4146">
     <span class='ocr_line' id='line_1_72' title="bbox 308 4078 1226 4146; baseline -0.007 -13"><span class='ocrx_word' id='word_1_501' title='bbox 308 4079 614 4133; x_wconf 75' lang='lat' dir='ltr'><strong>Christiano</strong></span> <span class='ocrx_word' id='word_1_502' title='bbox 646 4079 831 4131; x_wconf 83' lang='lat' dir='ltr'><strong>iterum</strong></span> <span class='ocrx_word' id='word_1_503' title='bbox 860 4078 1226 4146; x_wconf 79' lang='lat' dir='ltr'><strong>conﬁrmatur.</strong></span> 
     </span>
    </p>
   </div>
   <div class='ocr_carea' id='block_1_73' title="bbox 305 4189 1812 4261">
    <p class='ocr_par' dir='ltr' id='par_1_73' title="bbox 305 4189 1812 4261">
     <span class='ocr_line' id='line_1_73' title="bbox 305 4189 1812 4261; baseline -0.001 -16"><span class='ocrx_word' id='word_1_504' title='bbox 305 4189 426 4245; x_wconf 76' lang='lat' dir='ltr'><strong>1am</strong></span> <span class='ocrx_word' id='word_1_505' title='bbox 458 4206 588 4245; x_wconf 91' lang='lat' dir='ltr'><strong>vero</strong></span> <span class='ocrx_word' id='word_1_506' title='bbox 627 4190 864 4261; x_wconf 90' lang='lat' dir='ltr'><strong>pretium</strong></span> <span class='ocrx_word' id='word_1_507' title='bbox 901 4190 1084 4260; x_wconf 84' lang='lat' dir='ltr'><strong>cperis</strong></span> <span class='ocrx_word' id='word_1_508' title='bbox 1117 4198 1280 4259; x_wconf 88' lang='lat' dir='ltr'><strong>atque</strong></span> <span class='ocrx_word' id='word_1_509' title='bbox 1324 4189 1613 4244; x_wconf 88' lang='lat' dir='ltr'><strong>utilitatem</strong></span> <span class='ocrx_word' id='word_1_510' title='bbox 1644 4204 1812 4259; x_wconf 85' lang='lat' dir='ltr'><strong>expo-</strong></span> 
     </span>
    </p>
   </div>
   <div class='ocr_carea' id='block_1_74' title="bbox 235 4280 1812 4351">
    <p class='ocr_par' dir='ltr' id='par_1_74' title="bbox 235 4280 1812 4351">
     <span class='ocr_line' id='line_1_74' title="bbox 235 4280 1812 4351; baseline -0.003 -13"><span class='ocrx_word' id='word_1_511' title='bbox 235 4298 368 4338; x_wconf 91' lang='lat' dir='ltr'><strong>nere</strong></span> <span class='ocrx_word' id='word_1_512' title='bbox 396 4290 635 4351; x_wconf 74' lang='lat' dir='ltr'><strong>praestat,</strong></span> <span class='ocrx_word' id='word_1_513' title='bbox 670 4291 945 4351; x_wconf 59' lang='lat' dir='ltr'><strong>praeunte</strong></span> <span class='ocrx_word' id='word_1_514' title='bbox 975 4281 1210 4335; x_wconf 86' lang='lat' dir='ltr'><strong>maxime</strong></span> <span class='ocrx_word' id='word_1_515' title='bbox 1240 4280 1441 4335; x_wconf 90' lang='lat' dir='ltr'><strong>Grabio</strong></span> <span class='ocrx_word' id='word_1_516' title='bbox 1471 4280 1566 4350; x_wconf 93' lang='lat' dir='ltr'><strong>qui</strong></span> <span class='ocrx_word' id='word_1_517' title='bbox 1595 4295 1661 4335; x_wconf 92' lang='lat' dir='ltr'><strong>eo</strong></span> <span class='ocrx_word' id='word_1_518' title='bbox 1692 4295 1812 4334; x_wconf 88' lang='lat' dir='ltr'><strong>mu-</strong></span> 
     </span>
    </p>
   </div>
   <div class='ocr_carea' id='block_1_75' title="bbox 236 4372 1812 4444">
    <p class='ocr_par' dir='ltr' id='par_1_75' title="bbox 236 4372 1812 4444">
     <span class='ocr_line' id='line_1_75' title="bbox 236 4372 1812 4444; baseline 0 -16"><span class='ocrx_word' id='word_1_519' title='bbox 236 4389 368 4428; x_wconf 86' lang='lat' dir='ltr'><strong>nere</strong></span> <span class='ocrx_word' id='word_1_520' title='bbox 409 4375 511 4429; x_wconf 88' lang='lat' dir='ltr'><strong>rite</strong></span> <span class='ocrx_word' id='word_1_521' title='bbox 558 4372 877 4444; x_wconf 85' lang='lat' dir='ltr'><strong>perfunctus</strong></span> <span class='ocrx_word' id='word_1_522' title='bbox 921 4374 1276 4444; x_wconf 88' lang='lat' dir='ltr'><strong>comperitur.</strong></span> <span class='ocrx_word' id='word_1_523' title='bbox 1326 4373 1570 4428; x_wconf 87' lang='lat' dir='ltr'><strong>Primum</strong></span> <span class='ocrx_word' id='word_1_524' title='bbox 1623 4375 1812 4444; x_wconf 87' lang='lat' dir='ltr'><strong>itaque</strong></span> 
     </span>
    </p>
   </div>
   <div class='ocr_carea' id='block_1_76' title="bbox 1912 3163 3486 3247">
    <p class='ocr_par' dir='ltr' id='par_1_76' title="bbox 1912 3163 3486 3247">
     <span class='ocr_line' id='line_1_76' title="bbox 1912 3163 3486 3247; baseline 0.013 -32"><span class='ocrx_word' id='word_1_525' title='bbox 1912 3163 1979 3216; x_wconf 90' lang='lat' dir='ltr'><strong>iri</strong></span> <span class='ocrx_word' id='word_1_526' title='bbox 2026 3164 2119 3217; x_wconf 78' lang='grc' dir='ltr'><strong>ὲπὶ</strong></span> <span class='ocrx_word' id='word_1_527' title='bbox 2162 3165 2241 3237; x_wconf 81' lang='grc' dir='ltr'>τῷ</span> <span class='ocrx_word' id='word_1_528' title='bbox 2280 3166 2441 3221; x_wconf 79' lang='grc' dir='ltr'>πάθει</span> <span class='ocrx_word' id='word_1_529' title='bbox 2497 3170 2591 3223; x_wconf 82' lang='grc' dir='ltr'>τοῦ</span> <span class='ocrx_word' id='word_1_530' title='bbox 2617 3171 2898 3242; x_wconf 71' lang='grc' dir='ltr'>Ὑψίστου,</span> <span class='ocrx_word' id='word_1_531' title='bbox 2935 3176 2989 3229; x_wconf 86' lang='lat' dir='ltr'><strong>in</strong></span> <span class='ocrx_word' id='word_1_532' title='bbox 3034 3179 3278 3247; x_wconf 76' lang='lat' dir='ltr'><strong>passione</strong></span> <span class='ocrx_word' id='word_1_533' title='bbox 3314 3181 3486 3236; x_wconf 86' lang='lat' dir='ltr'><strong>Altis-</strong></span> 
     </span>
    </p>
   </div>
   <div class='ocr_carea' id='block_1_77' title="bbox 1911 3271 2057 3309">
    <p class='ocr_par' dir='ltr' id='par_1_77' title="bbox 1911 3271 2057 3309">
     <span class='ocr_line' id='line_1_77' title="bbox 1911 3271 2057 3309; baseline 0.007 -1"><span class='ocrx_word' id='word_1_534' title='bbox 1911 3271 2057 3309; x_wconf 69' lang='lat'><strong>811111.</strong></span> 
     </span>
    </p>
   </div>
   <div class='ocr_carea' id='block_1_78' title="bbox 1988 3349 3487 3435">
    <p class='ocr_par' dir='ltr' id='par_1_78' title="bbox 1988 3349 3487 3435">
     <span class='ocr_line' id='line_1_78' title="bbox 1988 3349 3487 3435; baseline 0.012 -33"><span class='ocrx_word' id='word_1_535' title='bbox 1988 3367 2006 3400; x_wconf 86' lang='grc'><strong><em>‹</em></strong></span> <span class='ocrx_word' id='word_1_536' title='bbox 2045 3349 2103 3404; x_wconf 90' lang='lat' dir='ltr'><strong>ln</strong></span> <span class='ocrx_word' id='word_1_537' title='bbox 2144 3351 2495 3409; x_wconf 84' lang='lat' dir='ltr'><strong>Testamento</strong></span> <span class='ocrx_word' id='word_1_538' title='bbox 2520 3355 2674 3411; x_wconf 68' lang='lat' dir='ltr'><strong>Iudae</strong></span> <span class='ocrx_word' id='word_1_539' title='bbox 2702 3360 2910 3415; x_wconf 82' lang='lat' dir='ltr'><strong>mentio</strong></span> <span class='ocrx_word' id='word_1_540' title='bbox 2953 3362 3011 3415; x_wconf 84' lang='lat' dir='ltr'><strong>ﬁt</strong></span> <span class='ocrx_word' id='word_1_541' title='bbox 3046 3363 3158 3432; x_wconf 76' lang='grc'>(54)</span> <span class='ocrx_word' id='word_1_542' title='bbox 3189 3367 3487 3435; x_wconf 79' lang='grc' dir='ltr'>παρουσίας</span> 
     </span>
    </p>
   </div>
   <div class='ocr_carea' id='block_1_79' title="bbox 1909 3438 3488 3523">
    <p class='ocr_par' dir='ltr' id='par_1_79' title="bbox 1909 3438 3488 3523">
     <span class='ocr_line' id='line_1_79' title="bbox 1909 3438 3488 3523; baseline 0.013 -31"><span class='ocrx_word' id='word_1_543' title='bbox 1909 3438 2004 3493; x_wconf 81' lang='grc' dir='ltr'><strong>τοῦ</strong></span> <span class='ocrx_word' id='word_1_544' title='bbox 2037 3440 2171 3495; x_wconf 80' lang='grc' dir='ltr'>Θεοῦ</span> <span class='ocrx_word' id='word_1_545' title='bbox 2196 3443 2296 3513; x_wconf 81' lang='grc' dir='ltr'><strong>τῆς</strong></span> <span class='ocrx_word' id='word_1_546' title='bbox 2321 3445 2689 3518; x_wconf 77' lang='grc' dir='ltr'><strong>δικαιοσύνης,</strong></span> <span class='ocrx_word' id='word_1_547' title='bbox 2725 3449 2977 3504; x_wconf 75' lang='lat' dir='ltr'><strong>adventus</strong></span> <span class='ocrx_word' id='word_1_548' title='bbox 3004 3450 3101 3507; x_wconf 78' lang='grc' dir='ltr'><strong>Βει</strong></span> <span class='ocrx_word' id='word_1_549' title='bbox 3130 3453 3364 3523; x_wconf 78' lang='lat' dir='ltr'><strong>justitia:</strong></span> <span class='ocrx_word' id='word_1_550' title='bbox 3388 3471 3406 3511; x_wconf 92' lang='lat'><strong>.&#39;</strong></span> <span class='ocrx_word' id='word_1_551' title='bbox 3430 3457 3488 3512; x_wconf 85' lang='lat' dir='ltr'><strong>ni</strong></span> 
     </span>
    </p>
   </div>
   <div class='ocr_carea' id='block_1_80' title="bbox 1912 3532 3488 3619">
    <p class='ocr_par' dir='ltr' id='par_1_80' title="bbox 1912 3532 3488 3619">
     <span class='ocr_line' id='line_1_80' title="bbox 1912 3532 3488 3619; baseline 0.013 -33"><span class='ocrx_word' id='word_1_552' title='bbox 1912 3532 2092 3599; x_wconf 84' lang='lat' dir='ltr'><strong>fallor,</strong></span> <span class='ocrx_word' id='word_1_553' title='bbox 2127 3550 2195 3589; x_wconf 89' lang='lat' dir='ltr'><strong>ex</strong></span> <span class='ocrx_word' id='word_1_554' title='bbox 2223 3533 2427 3591; x_wconf 82' lang='lat' dir='ltr'><strong>Jerem.</strong></span> <span class='ocrx_word' id='word_1_555' title='bbox 2475 3555 2633 3605; x_wconf 71' lang='grc' dir='ltr'><strong>χχιιι,</strong></span> <span class='ocrx_word' id='word_1_556' title='bbox 2659 3539 2711 3605; x_wconf 89' lang='grc'><strong>6,</strong></span> <span class='ocrx_word' id='word_1_557' title='bbox 2760 3551 2814 3595; x_wconf 85' lang='lat' dir='ltr'><strong>et</strong></span> <span class='ocrx_word' id='word_1_558' title='bbox 2841 3559 3016 3598; x_wconf 83' lang='lat' dir='ltr'><strong>xxxln</strong></span> <span class='ocrx_word' id='word_1_559' title='bbox 3045 3586 3060 3609; x_wconf 91' lang='lat'><strong>,</strong></span> <span class='ocrx_word' id='word_1_560' title='bbox 3091 3547 3178 3601; x_wconf 93' lang='grc'><strong>16.</strong></span> <span class='ocrx_word' id='word_1_561' title='bbox 3223 3547 3287 3603; x_wconf 87' lang='lat' dir='ltr'><strong>Et</strong></span> <span class='ocrx_word' id='word_1_562' title='bbox 3325 3553 3488 3619; x_wconf 89' lang='lat' dir='ltr'><strong>paulo</strong></span> 
     </span>
    </p>
   </div>
   <div class='ocr_carea' id='block_1_81' title="bbox 1910 3624 3485 3707">
    <p class='ocr_par' dir='ltr' id='par_1_81' title="bbox 1910 3624 3485 3707">
     <span class='ocr_line' id='line_1_81' title="bbox 1910 3624 3485 3707; baseline 0.011 -29"><span class='ocrx_word' id='word_1_563' title='bbox 1910 3633 2035 3694; x_wconf 89' lang='lat' dir='ltr'><strong>post</strong></span> <span class='ocrx_word' id='word_1_564' title='bbox 2058 3626 2125 3681; x_wconf 85' lang='lat' dir='ltr'><strong>de</strong></span> <span class='ocrx_word' id='word_1_565' title='bbox 2152 3624 2349 3683; x_wconf 83' lang='lat' dir='ltr'><strong>Messia</strong></span> <span class='ocrx_word' id='word_1_566' title='bbox 2393 3629 2593 3684; x_wconf 87' lang='lat' dir='ltr'><strong>dicitur</strong></span> <span class='ocrx_word' id='word_1_567' title='bbox 2630 3631 2742 3699; x_wconf 78' lang='grc'>(55)</span> <span class='ocrx_word' id='word_1_568' title='bbox 2772 3651 2785 3685; x_wconf 87' lang='lat'><strong>:</strong></span> <span class='ocrx_word' id='word_1_569' title='bbox 2825 3631 2990 3699; x_wconf 75' lang='grc' dir='ltr'>Οὗτος</span> <span class='ocrx_word' id='word_1_570' title='bbox 3022 3639 3049 3690; x_wconf 86' lang='grc' dir='ltr'>ὁ</span> <span class='ocrx_word' id='word_1_571' title='bbox 3082 3637 3309 3707; x_wconf 79' lang='grc' dir='ltr'>βλαστὸς</span> <span class='ocrx_word' id='word_1_572' title='bbox 3351 3642 3485 3697; x_wconf 76' lang='grc' dir='ltr'>Θεοῦ</span> 
     </span>
    </p>
   </div>
   <div class='ocr_carea' id='block_1_82' title="bbox 1913 3716 3486 3791">
    <p class='ocr_par' dir='ltr' id='par_1_82' title="bbox 1913 3716 3486 3791">
     <span class='ocr_line' id='line_1_82' title="bbox 1913 3716 3486 3791; baseline 0.013 -23"><span class='ocrx_word' id='word_1_573' title='bbox 1913 3716 2156 3786; x_wconf 78' lang='grc' dir='ltr'>ὑψίστου.</span> <span class='ocrx_word' id='word_1_574' title='bbox 2220 3718 2322 3772; x_wconf 87' lang='lat' dir='ltr'><strong>Hic</strong></span> <span class='ocrx_word' id='word_1_575' title='bbox 2356 3731 2434 3775; x_wconf 77' lang='lat' dir='ltr'><strong>est</strong></span> <span class='ocrx_word' id='word_1_576' title='bbox 2494 3737 2701 3791; x_wconf 83' lang='lat' dir='ltr'><strong>germen</strong></span> <span class='ocrx_word' id='word_1_577' title='bbox 2752 3722 2848 3778; x_wconf 84' lang='lat' dir='ltr'><strong>DEI</strong></span> <span class='ocrx_word' id='word_1_578' title='bbox 2901 3728 3282 3786; x_wconf 85' lang='lat' dir='ltr'><strong>altissimi:ex</strong></span> <span class='ocrx_word' id='word_1_579' title='bbox 3334 3733 3486 3789; x_wconf 73' lang='lat' dir='ltr'><strong>Isaiae</strong></span> 
     </span>
    </p>
   </div>
   <div class='ocr_carea' id='block_1_83' title="bbox 1913 3807 2064 3861">
    <p class='ocr_par' dir='ltr' id='par_1_83' title="bbox 1913 3807 2064 3861">
     <span class='ocr_line' id='line_1_83' title="bbox 1913 3807 2064 3861; baseline 0.013 -2"><span class='ocrx_word' id='word_1_580' title='bbox 1913 3820 1985 3861; x_wconf 84' lang='lat' dir='ltr'><strong>tv.</strong></span> <span class='ocrx_word' id='word_1_581' title='bbox 2010 3807 2064 3861; x_wconf 75' lang='lat'><strong>2.</strong></span> 
     </span>
    </p>
   </div>
   <div class='ocr_carea' id='block_1_84' title="bbox 1971 3847 3488 3980">
    <p class='ocr_par' dir='ltr' id='par_1_84' title="bbox 1971 3847 3488 3980">
     <span class='ocr_line' id='line_1_84' title="bbox 1971 3847 3488 3980; baseline 0.011 -29"><span class='ocrx_word' id='word_1_582' title='bbox 1971 3847 2006 3951; x_wconf 52' lang='grc' dir='ltr'>ἰ</span> <span class='ocrx_word' id='word_1_583' title='bbox 2041 3899 2097 3954; x_wconf 87' lang='lat' dir='ltr'><strong>In</strong></span> <span class='ocrx_word' id='word_1_584' title='bbox 2131 3899 2482 3960; x_wconf 89' lang='lat' dir='ltr'><strong>Testamento</strong></span> <span class='ocrx_word' id='word_1_585' title='bbox 2534 3903 2775 3960; x_wconf 90' lang='lat' dir='ltr'><strong>Zabulon</strong></span> <span class='ocrx_word' id='word_1_586' title='bbox 2809 3906 2922 3977; x_wconf 84' lang='grc'>(56)</span> <span class='ocrx_word' id='word_1_587' title='bbox 2954 3926 2967 3961; x_wconf 90' lang='lat'><strong>:</strong></span> <span class='ocrx_word' id='word_1_588' title='bbox 3002 3910 3110 3961; x_wconf 72' lang='grc' dir='ltr'>Καὶ</span> <span class='ocrx_word' id='word_1_589' title='bbox 3147 3910 3283 3980; x_wconf 84' lang='grc' dir='ltr'>μετά</span> <span class='ocrx_word' id='word_1_590' title='bbox 3314 3914 3488 3969; x_wconf 79' lang='grc' dir='ltr'>ταῦτα</span> 
     </span>
    </p>
   </div>
   <div class='ocr_carea' id='block_1_85' title="bbox 1912 3993 3486 4075">
    <p class='ocr_par' dir='ltr' id='par_1_85' title="bbox 1912 3993 3486 4075">
     <span class='ocr_line' id='line_1_85' title="bbox 1912 3993 3486 4075; baseline 0.011 -30"><span class='ocrx_word' id='word_1_591' title='bbox 1912 3993 2158 4047; x_wconf 86' lang='grc' dir='ltr'>ἀνατελεῖ</span> <span class='ocrx_word' id='word_1_592' title='bbox 2181 3996 2308 4067; x_wconf 85' lang='grc' dir='ltr'>ὑμῖν</span> <span class='ocrx_word' id='word_1_593' title='bbox 2339 3996 2498 4061; x_wconf 80' lang='grc' dir='ltr'>αὐτὸς</span> <span class='ocrx_word' id='word_1_594' title='bbox 2526 3997 2748 4068; x_wconf 81' lang='grc' dir='ltr'>Κύριος,</span> <span class='ocrx_word' id='word_1_595' title='bbox 2792 3997 2905 4068; x_wconf 74' lang='grc' dir='ltr'><strong>φῶς</strong></span> <span class='ocrx_word' id='word_1_596' title='bbox 2938 4000 3278 4075; x_wconf 78' lang='grc' dir='ltr'><strong>δικαιοσύνης</strong></span> <span class='ocrx_word' id='word_1_597' title='bbox 3302 4009 3486 4062; x_wconf 71' lang='grc' dir='ltr'>σ-καὶ</span> 
     </span>
    </p>
   </div>
   <div class='ocr_carea' id='block_1_86' title="bbox 1912 4083 3487 4161">
    <p class='ocr_par' dir='ltr' id='par_1_86' title="bbox 1912 4083 3487 4161">
     <span class='ocr_line' id='line_1_86' title="bbox 1912 4083 3487 4161; baseline 0.008 -24"><span class='ocrx_word' id='word_1_598' title='bbox 1912 4083 2106 4153; x_wconf 65' lang='grc' dir='ltr'>ὄψεσθε</span> <span class='ocrx_word' id='word_1_599' title='bbox 2128 4083 2259 4138; x_wconf 84' lang='grc' dir='ltr'>Θεὸν</span> <span class='ocrx_word' id='word_1_600' title='bbox 2284 4087 2341 4138; x_wconf 81' lang='grc' dir='ltr'>ὲν</span> <span class='ocrx_word' id='word_1_601' title='bbox 2376 4088 2613 4157; x_wconf 85' lang='grc' dir='ltr'>σχήματι</span> <span class='ocrx_word' id='word_1_602' title='bbox 2637 4086 2943 4160; x_wconf 79' lang='grc' dir='ltr'><strong>ἀνθρώπου.</strong></span> <span class='ocrx_word' id='word_1_603' title='bbox 2972 4088 3041 4144; x_wconf 88' lang='lat' dir='ltr'><strong>Et</strong></span> <span class='ocrx_word' id='word_1_604' title='bbox 3066 4103 3182 4161; x_wconf 86' lang='lat' dir='ltr'><strong>post</strong></span> <span class='ocrx_word' id='word_1_605' title='bbox 3214 4095 3324 4148; x_wconf 80' lang='lat' dir='ltr'><strong>hwc</strong></span> <span class='ocrx_word' id='word_1_606' title='bbox 3351 4098 3487 4150; x_wconf 87' lang='lat' dir='ltr'><strong>orie-</strong></span> 
     </span>
    </p>
   </div>
   <div class='ocr_carea' id='block_1_87' title="bbox 1914 4177 3488 4250">
    <p class='ocr_par' dir='ltr' id='par_1_87' title="bbox 1914 4177 3488 4250">
     <span class='ocr_line' id='line_1_87' title="bbox 1914 4177 3488 4250; baseline 0.01 -23"><span class='ocrx_word' id='word_1_607' title='bbox 1914 4186 2000 4228; x_wconf 89' lang='lat' dir='ltr'><strong>tur</strong></span> <span class='ocrx_word' id='word_1_608' title='bbox 2040 4177 2181 4230; x_wconf 81' lang='lat' dir='ltr'><strong>vobis</strong></span> <span class='ocrx_word' id='word_1_609' title='bbox 2222 4178 2333 4247; x_wconf 87' lang='lat' dir='ltr'><strong>ipse</strong></span> <span class='ocrx_word' id='word_1_610' title='bbox 2361 4178 2637 4245; x_wconf 85' lang='lat' dir='ltr'><strong>Dominus,</strong></span> <span class='ocrx_word' id='word_1_611' title='bbox 2694 4180 2786 4233; x_wconf 72' lang='lat' dir='ltr'><strong>lux</strong></span> <span class='ocrx_word' id='word_1_612' title='bbox 2809 4181 3204 4250; x_wconf 73' lang='lat' dir='ltr'><strong>justitite,...et</strong></span> <span class='ocrx_word' id='word_1_613' title='bbox 3244 4188 3488 4244; x_wconf 86' lang='lat' dir='ltr'><strong>videbitis</strong></span> 
     </span>
    </p>
   </div>
   <div class='ocr_carea' id='block_1_88' title="bbox 1916 4264 2632 4338">
    <p class='ocr_par' dir='ltr' id='par_1_88' title="bbox 1916 4264 2632 4338">
     <span class='ocr_line' id='line_1_88' title="bbox 1916 4264 2632 4338; baseline 0.007 -20"><span class='ocrx_word' id='word_1_614' title='bbox 1916 4264 2070 4322; x_wconf 68' lang='lat' dir='ltr'><strong>Damt</strong></span> <span class='ocrx_word' id='word_1_615' title='bbox 2097 4269 2150 4321; x_wconf 88' lang='lat' dir='ltr'><strong>in</strong></span> <span class='ocrx_word' id='word_1_616' title='bbox 2174 4270 2348 4338; x_wconf 82' lang='lat' dir='ltr'><strong>forma</strong></span> <span class='ocrx_word' id='word_1_617' title='bbox 2383 4272 2632 4325; x_wconf 84' lang='lat' dir='ltr'><strong>hominis.</strong></span> 
     </span>
    </p>
   </div>
   <div class='ocr_carea' id='block_1_89' title="bbox 1992 4359 3487 4462">
    <p class='ocr_par' dir='ltr' id='par_1_89' title="bbox 1992 4359 3487 4462">
     <span class='ocr_line' id='line_1_89' title="bbox 1992 4359 3487 4462; baseline 0.011 -30"><span class='ocrx_word' id='word_1_618' title='bbox 1992 4400 2009 4432; x_wconf 79' lang='grc' dir='ltr'>ι</span> <span class='ocrx_word' id='word_1_619' title='bbox 2051 4382 2107 4436; x_wconf 93' lang='lat' dir='ltr'><strong>ln</strong></span> <span class='ocrx_word' id='word_1_620' title='bbox 2134 4381 2481 4439; x_wconf 82' lang='lat' dir='ltr'><strong>Testamento</strong></span> <span class='ocrx_word' id='word_1_621' title='bbox 2512 4385 2621 4441; x_wconf 83' lang='lat' dir='ltr'><strong>Dan</strong></span> <span class='ocrx_word' id='word_1_622' title='bbox 2651 4388 2764 4456; x_wconf 83' lang='grc'>(57)</span> <span class='ocrx_word' id='word_1_623' title='bbox 2790 4408 2802 4442; x_wconf 92' lang='lat'><strong>:</strong></span> <span class='ocrx_word' id='word_1_624' title='bbox 2837 4390 2951 4443; x_wconf 83' lang='grc' dir='ltr'><strong>Οὐκ</strong></span> <span class='ocrx_word' id='word_1_625' title='bbox 2982 4390 3059 4443; x_wconf 77' lang='grc' dir='ltr'>ἔτι</span> <span class='ocrx_word' id='word_1_626' title='bbox 3089 4359 3348 4462; x_wconf 68' lang='grc' dir='ltr'>ὑπομενεῖ</span> <span class='ocrx_word' id='word_1_627' title='bbox 3391 4395 3487 4448; x_wconf 83' lang='grc' dir='ltr'><strong>Ἰε-</strong></span> 
     </span>
    </p>
   </div>
   <div class='ocr_carea' id='block_1_90' title="bbox 234 4464 1809 4557">
    <p class='ocr_par' dir='ltr' id='par_1_90' title="bbox 234 4464 1809 4547">
     <span class='ocr_line' id='line_1_90' title="bbox 234 4464 1809 4547; baseline 0.001 -28"><span class='ocrx_word' id='word_1_628' title='bbox 234 4464 483 4519; x_wconf 88' lang='lat' dir='ltr'><strong>omnium</strong></span> <span class='ocrx_word' id='word_1_629' title='bbox 522 4464 778 4519; x_wconf 86' lang='lat' dir='ltr'><strong>observat</strong></span> <span class='ocrx_word' id='word_1_630' title='bbox 821 4464 907 4520; x_wconf 91' lang='lat' dir='ltr'><strong>vir</strong></span> <span class='ocrx_word' id='word_1_631' title='bbox 951 4465 1202 4519; x_wconf 91' lang='lat' dir='ltr'><strong>eruditus</strong></span> <span class='ocrx_word' id='word_1_632' title='bbox 1245 4464 1382 4536; x_wconf 64' lang='grc' dir='ltr'>(Ἦ),</span> <span class='ocrx_word' id='word_1_633' title='bbox 1410 4465 1677 4521; x_wconf 85' lang='lat' dir='ltr'><strong>Jacobum</strong></span> <span class='ocrx_word' id='word_1_634' title='bbox 1714 4481 1809 4547; x_wconf 90' lang='lat' dir='ltr'><strong>pa-</strong></span> 
     </span>
    </p>
   </div>
   <div class='ocr_carea' id='block_1_91' title="bbox 1915 4464 3486 4557">
    <p class='ocr_par' dir='ltr' id='par_1_91' title="bbox 1918 4474 3486 4557">
     <span class='ocr_line' id='line_1_91' title="bbox 1918 4474 3486 4557; baseline 0.011 -32"><span class='ocrx_word' id='word_1_635' title='bbox 1918 4474 2194 4546; x_wconf 85' lang='grc' dir='ltr'><strong>ρουσαλὴμ</strong></span> <span class='ocrx_word' id='word_1_636' title='bbox 2226 4478 2542 4548; x_wconf 77' lang='grc' dir='ltr'>ἐρήμωσιν,</span> <span class='ocrx_word' id='word_1_637' title='bbox 2577 4478 2695 4532; x_wconf 78' lang='grc' dir='ltr'>οὐδὲ</span> <span class='ocrx_word' id='word_1_638' title='bbox 2735 4480 3190 4550; x_wconf 73' lang='grc' dir='ltr'>αἰχμαλωτίσεται</span> <span class='ocrx_word' id='word_1_639' title='bbox 3236 4484 3447 4557; x_wconf 80' lang='grc' dir='ltr'>Ἰσραὴλ</span> <span class='ocrx_word' id='word_1_640' title='bbox 3471 4526 3486 4543; x_wconf 88' lang='grc'><strong>.</strong></span> 
     </span>
    </p>
   </div>
   <div class='ocr_carea' id='block_1_92' title="bbox 238 4558 1816 4630">
    <p class='ocr_par' dir='ltr' id='par_1_92' title="bbox 238 4558 1816 4630">
     <span class='ocr_line' id='line_1_92' title="bbox 238 4558 1816 4630; baseline 0.002 -19"><span class='ocrx_word' id='word_1_641' title='bbox 238 4558 534 4611; x_wconf 85' lang='lat' dir='ltr'><strong>triarcham</strong></span> <span class='ocrx_word' id='word_1_642' title='bbox 566 4558 813 4627; x_wconf 88' lang='lat' dir='ltr'><strong>aliosque</strong></span> <span class='ocrx_word' id='word_1_643' title='bbox 852 4566 1073 4613; x_wconf 83' lang='lat' dir='ltr'><strong>sanctos</strong></span> <span class='ocrx_word' id='word_1_644' title='bbox 1117 4558 1392 4625; x_wconf 88' lang='lat' dir='ltr'><strong>homines,</strong></span> <span class='ocrx_word' id='word_1_645' title='bbox 1422 4559 1584 4613; x_wconf 90' lang='lat' dir='ltr'><strong>morti</strong></span> <span class='ocrx_word' id='word_1_646' title='bbox 1631 4561 1816 4630; x_wconf 88' lang='lat' dir='ltr'><strong>proxi-</strong></span> 
     </span>
    </p>
   </div>
   <div class='ocr_carea' id='block_1_93' title="bbox 235 4649 1816 4721">
    <p class='ocr_par' dir='ltr' id='par_1_93' title="bbox 235 4649 1816 4721">
     <span class='ocr_line' id='line_1_93' title="bbox 235 4649 1816 4721; baseline 0 -17"><span class='ocrx_word' id='word_1_647' title='bbox 235 4665 381 4716; x_wconf 86' lang='lat' dir='ltr'><strong>mos,</strong></span> <span class='ocrx_word' id='word_1_648' title='bbox 422 4650 537 4705; x_wconf 83' lang='lat' dir='ltr'><strong>sive</strong></span> <span class='ocrx_word' id='word_1_649' title='bbox 586 4649 899 4705; x_wconf 81' lang='lat' dir='ltr'><strong>futurorum</strong></span> <span class='ocrx_word' id='word_1_650' title='bbox 952 4650 1217 4721; x_wconf 69' lang='lat' dir='ltr'><strong>praesagia</strong></span> <span class='ocrx_word' id='word_1_651' title='bbox 1266 4651 1379 4703; x_wconf 89' lang='lat' dir='ltr'><strong>sive</strong></span> <span class='ocrx_word' id='word_1_652' title='bbox 1422 4650 1639 4721; x_wconf 78' lang='lat' dir='ltr'><strong>egregia</strong></span> <span class='ocrx_word' id='word_1_653' title='bbox 1691 4650 1816 4704; x_wconf 67' lang='lat' dir='ltr'><strong>vita:</strong></span> 
     </span>
    </p>
   </div>
   <div class='ocr_carea' id='block_1_94' title="bbox 235 4741 1811 4812">
    <p class='ocr_par' dir='ltr' id='par_1_94' title="bbox 235 4741 1811 4812">
     <span class='ocr_line' id='line_1_94' title="bbox 235 4741 1811 4812; baseline -0.002 -15"><span class='ocrx_word' id='word_1_654' title='bbox 235 4741 377 4797; x_wconf 83' lang='lat' dir='ltr'><strong>bene</strong></span> <span class='ocrx_word' id='word_1_655' title='bbox 406 4741 625 4811; x_wconf 66' lang='lat' dir='ltr'><strong>agendae</strong></span> <span class='ocrx_word' id='word_1_656' title='bbox 653 4742 858 4797; x_wconf 85' lang='lat' dir='ltr'><strong>munita</strong></span> <span class='ocrx_word' id='word_1_657' title='bbox 888 4742 1124 4796; x_wconf 89' lang='lat' dir='ltr'><strong>edidisse</strong></span> <span class='ocrx_word' id='word_1_658' title='bbox 1151 4760 1166 4796; x_wconf 88' lang='lat'><strong>:</strong></span> <span class='ocrx_word' id='word_1_659' title='bbox 1191 4756 1313 4812; x_wconf 72' lang='lat' dir='ltr'><strong>qua:</strong></span> <span class='ocrx_word' id='word_1_660' title='bbox 1342 4741 1569 4811; x_wconf 89' lang='lat' dir='ltr'><strong>proinde</strong></span> <span class='ocrx_word' id='word_1_661' title='bbox 1610 4756 1811 4809; x_wconf 76' lang='lat' dir='ltr'><strong>magno</strong></span> 
     </span>
    </p>
   </div>
   <div class='ocr_carea' id='block_1_95' title="bbox 237 4834 1813 4904">
    <p class='ocr_par' dir='ltr' id='par_1_95' title="bbox 237 4834 1813 4904">
     <span class='ocr_line' id='line_1_95' title="bbox 237 4834 1813 4904; baseline -0.001 -16"><span class='ocrx_word' id='word_1_662' title='bbox 237 4834 295 4889; x_wconf 89' lang='lat' dir='ltr'><strong>in</strong></span> <span class='ocrx_word' id='word_1_663' title='bbox 320 4834 498 4904; x_wconf 87' lang='lat' dir='ltr'><strong>pretio</strong></span> <span class='ocrx_word' id='word_1_664' title='bbox 531 4835 717 4888; x_wconf 89' lang='lat' dir='ltr'><strong>haberi</strong></span> <span class='ocrx_word' id='word_1_665' title='bbox 742 4835 810 4888; x_wconf 91' lang='lat' dir='ltr'><strong>ah</strong></span> <span class='ocrx_word' id='word_1_666' title='bbox 841 4834 1196 4890; x_wconf 84' lang='lat' dir='ltr'><strong>audientibus</strong></span> <span class='ocrx_word' id='word_1_667' title='bbox 1228 4834 1533 4903; x_wconf 86' lang='lat' dir='ltr'><strong>litterisque</strong></span> <span class='ocrx_word' id='word_1_668' title='bbox 1564 4834 1813 4889; x_wconf 87' lang='lat' dir='ltr'><strong>mandari</strong></span> 
     </span>
    </p>
   </div>
   <div class='ocr_carea' id='block_1_96' title="bbox 238 4926 1817 4998">
    <p class='ocr_par' dir='ltr' id='par_1_96' title="bbox 238 4926 1817 4998">
     <span class='ocr_line' id='line_1_96' title="bbox 238 4926 1817 4998; baseline -0.001 -16"><span class='ocrx_word' id='word_1_669' title='bbox 238 4936 661 4982; x_wconf 85' lang='lat' dir='ltr'><strong>consueverunt.</strong></span> <span class='ocrx_word' id='word_1_670' title='bbox 710 4926 865 4983; x_wconf 84' lang='lat' dir='ltr'><strong>Hunc</strong></span> <span class='ocrx_word' id='word_1_671' title='bbox 902 4929 1068 4998; x_wconf 79' lang='lat' dir='ltr'><strong>igitur</strong></span> <span class='ocrx_word' id='word_1_672' title='bbox 1100 4944 1305 4983; x_wconf 88' lang='lat' dir='ltr'><strong>morem</strong></span> <span class='ocrx_word' id='word_1_673' title='bbox 1346 4928 1594 4983; x_wconf 91' lang='lat' dir='ltr'><strong>imitatus</strong></span> <span class='ocrx_word' id='word_1_674' title='bbox 1624 4938 1817 4981; x_wconf 89' lang='lat' dir='ltr'><strong>auctor</strong></span> 
     </span>
    </p>
   </div>
   <div class='ocr_carea' id='block_1_97' title="bbox 239 5018 1815 5091">
    <p class='ocr_par' dir='ltr' id='par_1_97' title="bbox 239 5018 1815 5091">
     <span class='ocr_line' id='line_1_97' title="bbox 239 5018 1815 5091; baseline -0.001 -16"><span class='ocrx_word' id='word_1_675' title='bbox 239 5029 448 5086; x_wconf 82' lang='lat' dir='ltr'><strong>noster,</strong></span> <span class='ocrx_word' id='word_1_676' title='bbox 479 5036 586 5074; x_wconf 93' lang='lat' dir='ltr'><strong>non</strong></span> <span class='ocrx_word' id='word_1_677' title='bbox 632 5030 742 5074; x_wconf 91' lang='lat' dir='ltr'><strong>tam</strong></span> <span class='ocrx_word' id='word_1_678' title='bbox 791 5022 976 5075; x_wconf 86' lang='lat' dir='ltr'><strong>animo</strong></span> <span class='ocrx_word' id='word_1_679' title='bbox 1015 5021 1341 5091; x_wconf 88' lang='lat' dir='ltr'><strong>decipiendi,</strong></span> <span class='ocrx_word' id='word_1_680' title='bbox 1381 5036 1545 5090; x_wconf 88' lang='lat' dir='ltr'><strong>quam</strong></span> <span class='ocrx_word' id='word_1_681' title='bbox 1596 5018 1815 5074; x_wconf 80' lang='lat' dir='ltr'><strong>Judaeos</strong></span> 
     </span>
    </p>
   </div>
   <div class='ocr_carea' id='block_1_98' title="bbox 239 5111 1815 5184">
    <p class='ocr_par' dir='ltr' id='par_1_98' title="bbox 239 5111 1815 5184">
     <span class='ocr_line' id='line_1_98' title="bbox 239 5111 1815 5184; baseline 0.001 -19"><span class='ocrx_word' id='word_1_682' title='bbox 239 5111 505 5182; x_wconf 85' lang='lat' dir='ltr'><strong>religione</strong></span> <span class='ocrx_word' id='word_1_683' title='bbox 536 5128 601 5167; x_wconf 91' lang='lat' dir='ltr'><strong>ac</strong></span> <span class='ocrx_word' id='word_1_684' title='bbox 626 5114 912 5184; x_wconf 84' lang='lat' dir='ltr'><strong>disciplina</strong></span> <span class='ocrx_word' id='word_1_685' title='bbox 955 5114 1235 5168; x_wconf 88' lang='lat' dir='ltr'><strong>imbuendi</strong></span> <span class='ocrx_word' id='word_1_686' title='bbox 1268 5113 1472 5179; x_wconf 89' lang='lat' dir='ltr'><strong>studio,</strong></span> <span class='ocrx_word' id='word_1_687' title='bbox 1508 5114 1559 5165; x_wconf 92' lang='lat' dir='ltr'><strong>in</strong></span> <span class='ocrx_word' id='word_1_688' title='bbox 1599 5112 1681 5165; x_wconf 78' lang='lat' dir='ltr'><strong>llis</strong></span> <span class='ocrx_word' id='word_1_689' title='bbox 1712 5112 1815 5166; x_wconf 81' lang='lat' dir='ltr'><strong>Te-</strong></span> 
     </span>
    </p>
   </div>
   <div class='ocr_carea' id='block_1_99' title="bbox 335 5249 1282 5320">
    <p class='ocr_par' dir='ltr' id='par_1_99' title="bbox 335 5249 1282 5320">
     <span class='ocr_line' id='line_1_99' title="bbox 335 5249 1282 5320; baseline 0 -17"><span class='ocrx_word' id='word_1_690' title='bbox 335 5249 428 5319; x_wconf 73' lang='grc'>25)</span> <span class='ocrx_word' id='word_1_691' title='bbox 468 5250 632 5305; x_wconf 87' lang='lat' dir='ltr'><strong>Grab.</strong></span> <span class='ocrx_word' id='word_1_692' title='bbox 667 5250 701 5304; x_wconf 93' lang='grc' dir='ltr'><strong>Ι,</strong></span> <span class='ocrx_word' id='word_1_693' title='bbox 733 5266 806 5312; x_wconf 86' lang='lat' dir='ltr'><strong>c.,</strong></span> <span class='ocrx_word' id='word_1_694' title='bbox 838 5266 990 5320; x_wconf 84' lang='lat' dir='ltr'><strong>pagg.</strong></span> <span class='ocrx_word' id='word_1_695' title='bbox 1013 5250 1136 5311; x_wconf 83' lang='grc'><strong>159,</strong></span> <span class='ocrx_word' id='word_1_696' title='bbox 1162 5249 1282 5303; x_wconf 73' lang='lat' dir='ltr'><strong>MO.</strong></span> 
     </span>
    </p>
   </div>
   <div class='ocr_carea' id='block_1_100' title="bbox 334 5320 1527 5389">
    <p class='ocr_par' dir='ltr' id='par_1_100' title="bbox 334 5320 1527 5389">
     <span class='ocr_line' id='line_1_100' title="bbox 334 5320 1527 5389; baseline 0 -15"><span class='ocrx_word' id='word_1_697' title='bbox 334 5320 426 5387; x_wconf 72' lang='grc'><strong>24)</strong></span> <span class='ocrx_word' id='word_1_698' title='bbox 470 5322 679 5373; x_wconf 80' lang='lat' dir='ltr'><strong>Simon.</strong></span> <span class='ocrx_word' id='word_1_699' title='bbox 712 5320 851 5374; x_wconf 89' lang='lat' dir='ltr'><strong>Bibl.</strong></span> <span class='ocrx_word' id='word_1_700' title='bbox 884 5322 1028 5382; x_wconf 86' lang='lat' dir='ltr'><strong>crit.,</strong></span> <span class='ocrx_word' id='word_1_701' title='bbox 1056 5330 1190 5373; x_wconf 87' lang='lat' dir='ltr'><strong>tom.</strong></span> <span class='ocrx_word' id='word_1_702' title='bbox 1219 5320 1282 5385; x_wconf 90' lang='lat' dir='ltr'><strong>ll,</strong></span> <span class='ocrx_word' id='word_1_703' title='bbox 1319 5337 1368 5389; x_wconf 92' lang='lat' dir='ltr'><strong>p.</strong></span> <span class='ocrx_word' id='word_1_704' title='bbox 1402 5320 1527 5374; x_wconf 70' lang='lat'><strong>228.</strong></span> 
     </span>
    </p>
   </div>
   <div class='ocr_carea' id='block_1_101' title="bbox 314 5391 1106 5462">
    <p class='ocr_par' dir='ltr' id='par_1_101' title="bbox 314 5391 1106 5462">
     <span class='ocr_line' id='line_1_101' title="bbox 314 5391 1106 5462; baseline 0.001 -19"><span class='ocrx_word' id='word_1_705' title='bbox 314 5391 428 5462; x_wconf 77' lang='lat'><strong>(‘25)</strong></span> <span class='ocrx_word' id='word_1_706' title='bbox 467 5391 702 5462; x_wconf 28' lang='lat' dir='ltr'><strong>Grabal.</strong></span> <span class='ocrx_word' id='word_1_707' title='bbox 728 5408 801 5454; x_wconf 92' lang='lat' dir='ltr'><strong>c.,</strong></span> <span class='ocrx_word' id='word_1_708' title='bbox 829 5407 949 5462; x_wconf 79' lang='lat' dir='ltr'><strong>pag.</strong></span> <span class='ocrx_word' id='word_1_709' title='bbox 984 5392 1106 5445; x_wconf 77' lang='grc'><strong>155.</strong></span> 
     </span>
    </p>
   </div>
   <div class='ocr_carea' id='block_1_102' title="bbox 314 5460 1433 5531">
    <p class='ocr_par' dir='ltr' id='par_1_102' title="bbox 314 5460 1433 5531">
     <span class='ocr_line' id='line_1_102' title="bbox 314 5460 1433 5531; baseline 0.002 -17"><span class='ocrx_word' id='word_1_710' title='bbox 314 5460 429 5531; x_wconf 68' lang='grc' dir='ltr'>(ἳϐ)</span> <span class='ocrx_word' id='word_1_711' title='bbox 469 5463 599 5516; x_wconf 82' lang='lat' dir='ltr'><strong>Cav.</strong></span> <span class='ocrx_word' id='word_1_712' title='bbox 635 5461 781 5516; x_wconf 79' lang='lat' dir='ltr'><strong>Hist.</strong></span> <span class='ocrx_word' id='word_1_713' title='bbox 815 5460 1003 5522; x_wconf 77' lang='lat' dir='ltr'><strong>litter.,</strong></span> <span class='ocrx_word' id='word_1_714' title='bbox 1036 5472 1165 5515; x_wconf 90' lang='lat' dir='ltr'><strong>tom.</strong></span> <span class='ocrx_word' id='word_1_715' title='bbox 1198 5460 1236 5520; x_wconf 87' lang='lat' dir='ltr'><strong>l.</strong></span> <span class='ocrx_word' id='word_1_716' title='bbox 1268 5478 1318 5531; x_wconf 93' lang='lat' dir='ltr'><strong>p.</strong></span> <span class='ocrx_word' id='word_1_717' title='bbox 1346 5462 1433 5516; x_wconf 85' lang='grc'><strong>51.</strong></span> 
     </span>
    </p>
   </div>
   <div class='ocr_carea' id='block_1_103' title="bbox 316 5531 1281 5603">
    <p class='ocr_par' dir='ltr' id='par_1_103' title="bbox 316 5531 1281 5603">
     <span class='ocr_line' id='line_1_103' title="bbox 316 5531 1281 5603; baseline 0 -19"><span class='ocrx_word' id='word_1_718' title='bbox 316 5532 429 5603; x_wconf 73' lang='lat'><strong>(27)</strong></span> <span class='ocrx_word' id='word_1_719' title='bbox 471 5531 635 5603; x_wconf 83' lang='lat' dir='ltr'><strong>Grab.</strong></span> <span class='ocrx_word' id='word_1_720' title='bbox 670 5533 703 5586; x_wconf 95' lang='grc' dir='ltr'><strong>Ι.</strong></span> <span class='ocrx_word' id='word_1_721' title='bbox 737 5548 786 5586; x_wconf 90' lang='lat' dir='ltr'><strong>c.</strong></span> <span class='ocrx_word' id='word_1_722' title='bbox 818 5548 972 5603; x_wconf 81' lang='lat' dir='ltr'><strong>pagg.</strong></span> <span class='ocrx_word' id='word_1_723' title='bbox 1004 5532 1281 5603; x_wconf 49' lang='lat'><strong>129:1“.</strong></span> 
     </span>
    </p>
   </div>
   <div class='ocr_carea' id='block_1_104' title="bbox 316 5601 1782 5673">
    <p class='ocr_par' dir='ltr' id='par_1_104' title="bbox 316 5601 1782 5673">
     <span class='ocr_line' id='line_1_104' title="bbox 316 5601 1782 5673; baseline 0.001 -17"><span class='ocrx_word' id='word_1_724' title='bbox 316 5601 430 5673; x_wconf 72' lang='grc'>(28)</span> <span class='ocrx_word' id='word_1_725' title='bbox 471 5602 634 5658; x_wconf 88' lang='lat' dir='ltr'><strong>Grab.</strong></span> <span class='ocrx_word' id='word_1_726' title='bbox 666 5601 858 5656; x_wconf 69' lang='lat' dir='ltr'><strong>Annal.</strong></span> <span class='ocrx_word' id='word_1_727' title='bbox 895 5601 964 5656; x_wconf 78' lang='lat' dir='ltr'><strong>ad</strong></span> <span class='ocrx_word' id='word_1_728' title='bbox 993 5603 1056 5657; x_wconf 68' lang='grc' dir='ltr'><strong>(ἱ.</strong></span> <span class='ocrx_word' id='word_1_729' title='bbox 1102 5601 1247 5656; x_wconf 88' lang='lat' dir='ltr'><strong>Bulli</strong></span> <span class='ocrx_word' id='word_1_730' title='bbox 1276 5602 1485 5672; x_wconf 79' lang='lat' dir='ltr'><strong>Defens.</strong></span> <span class='ocrx_word' id='word_1_731' title='bbox 1517 5604 1612 5673; x_wconf 80' lang='lat' dir='ltr'><strong>ﬁd.</strong></span> <span class='ocrx_word' id='word_1_732' title='bbox 1663 5604 1782 5659; x_wconf 81' lang='lat' dir='ltr'><strong>Nic.</strong></span> 
     </span>
    </p>
   </div>
   <div class='ocr_carea' id='block_1_105' title="bbox 243 5673 972 5743">
    <p class='ocr_par' dir='ltr' id='par_1_105' title="bbox 243 5673 972 5743">
     <span class='ocr_line' id='line_1_105' title="bbox 243 5673 972 5743; baseline 0.001 -16"><span class='ocrx_word' id='word_1_733' title='bbox 243 5686 393 5743; x_wconf 80' lang='lat' dir='ltr'><strong>sect.</strong></span> <span class='ocrx_word' id='word_1_734' title='bbox 412 5689 473 5740; x_wconf 87' lang='grc' dir='ltr'>ιι,</span> <span class='ocrx_word' id='word_1_735' title='bbox 497 5690 618 5741; x_wconf 90' lang='lat' dir='ltr'><strong>cap.</strong></span> <span class='ocrx_word' id='word_1_736' title='bbox 647 5674 701 5738; x_wconf 80' lang='grc'>5,</span> <span class='ocrx_word' id='word_1_737' title='bbox 732 5690 854 5743; x_wconf 84' lang='lat' dir='ltr'><strong>pag.</strong></span> <span class='ocrx_word' id='word_1_738' title='bbox 883 5673 972 5728; x_wconf 67' lang='grc'><strong>61.</strong></span> 
     </span>
    </p>
   </div>
   <div class='ocr_carea' id='block_1_106' title="bbox 313 5741 1525 5818">
    <p class='ocr_par' dir='ltr' id='par_1_106' title="bbox 313 5741 1525 5818">
     <span class='ocr_line' id='line_1_106' title="bbox 313 5741 1525 5818; baseline 0.005 -23"><span class='ocrx_word' id='word_1_739' title='bbox 313 5741 432 5813; x_wconf 68' lang='grc'>(29)</span> <span class='ocrx_word' id='word_1_740' title='bbox 472 5743 701 5798; x_wconf 78' lang='lat' dir='ltr'><strong>Testam.</strong></span> <span class='ocrx_word' id='word_1_741' title='bbox 727 5741 1148 5812; x_wconf 76' lang='lat' dir='ltr'><strong>anatriarch.,</strong></span> <span class='ocrx_word' id='word_1_742' title='bbox 1180 5764 1298 5817; x_wconf 86' lang='lat' dir='ltr'><strong>cap.</strong></span> <span class='ocrx_word' id='word_1_743' title='bbox 1329 5746 1385 5814; x_wconf 78' lang='lat'><strong>‘2,</strong></span> <span class='ocrx_word' id='word_1_744' title='bbox 1421 5747 1447 5818; x_wconf 57' lang='grc' dir='ltr'>ᾗ</span> <span class='ocrx_word' id='word_1_745' title='bbox 1474 5748 1525 5801; x_wconf 91' lang='grc'><strong>6.</strong></span> 
     </span>
    </p>
   </div>
   <div class='ocr_carea' id='block_1_107' title="bbox 526 5842 1113 5904">
    <p class='ocr_par' dir='ltr' id='par_1_107' title="bbox 526 5842 1113 5904">
     <span class='ocr_line' id='line_1_107' title="bbox 526 5842 1113 5904; baseline 0.003 -3"><span class='ocrx_word' id='word_1_746' title='bbox 526 5842 797 5903; x_wconf 65' lang='lat' dir='ltr'><strong>Parnm.</strong></span> <span class='ocrx_word' id='word_1_747' title='bbox 858 5843 977 5904; x_wconf 78' lang='lat' dir='ltr'><strong>Gn.</strong></span> <span class='ocrx_word' id='word_1_748' title='bbox 1034 5845 1113 5903; x_wconf 88' lang='lat' dir='ltr'><strong>ll.</strong></span> 
     </span>
    </p>
   </div>
   <div class='ocr_carea' id='block_1_108' title="bbox 1914 4566 3489 4649">
    <p class='ocr_par' dir='ltr' id='par_1_108' title="bbox 1914 4566 3489 4649">
     <span class='ocr_line' id='line_1_108' title="bbox 1914 4566 3489 4649; baseline 0.006 -28"><span class='ocrx_word' id='word_1_749' title='bbox 1914 4567 1995 4621; x_wconf 82' lang='grc' dir='ltr'><strong>ὅτι</strong></span> <span class='ocrx_word' id='word_1_750' title='bbox 2030 4566 2233 4637; x_wconf 85' lang='grc' dir='ltr'>Κύριος</span> <span class='ocrx_word' id='word_1_751' title='bbox 2272 4568 2424 4623; x_wconf 73' lang='grc' dir='ltr'>ἔσται</span> <span class='ocrx_word' id='word_1_752' title='bbox 2486 4571 2714 4642; x_wconf 84' lang='grc' dir='ltr'>ἐμμέσῳ</span> <span class='ocrx_word' id='word_1_753' title='bbox 2766 4573 2967 4644; x_wconf 82' lang='grc' dir='ltr'>αὐτῆς,</span> <span class='ocrx_word' id='word_1_754' title='bbox 3015 4578 3127 4639; x_wconf 85' lang='grc' dir='ltr'>τοῖς</span> <span class='ocrx_word' id='word_1_755' title='bbox 3182 4575 3489 4649; x_wconf 78' lang='grc' dir='ltr'>ἀνθρώποις</span> 
     </span>
    </p>
   </div>
   <div class='ocr_carea' id='block_1_109' title="bbox 1917 4659 3487 4736">
    <p class='ocr_par' dir='ltr' id='par_1_109' title="bbox 1917 4659 3487 4736">
     <span class='ocr_line' id='line_1_109' title="bbox 1917 4659 3487 4736; baseline 0.007 -25"><span class='ocrx_word' id='word_1_756' title='bbox 1917 4659 2508 4730; x_wconf 83' lang='grc' dir='ltr'>συναναστρεφόμενος,</span> <span class='ocrx_word' id='word_1_757' title='bbox 2540 4663 2824 4729; x_wconf 75' lang='grc' dir='ltr'>καὶἋγιος</span> <span class='ocrx_word' id='word_1_758' title='bbox 2835 4665 3048 4736; x_wconf 84' lang='grc' dir='ltr'>Ἰσραὴλ</span> <span class='ocrx_word' id='word_1_759' title='bbox 3083 4665 3379 4735; x_wconf 78' lang='grc' dir='ltr'>βασιλεύων</span> <span class='ocrx_word' id='word_1_760' title='bbox 3403 4670 3487 4722; x_wconf 78' lang='grc' dir='ltr'><strong>ἐπ’</strong></span> 
     </span>
    </p>
   </div>
   <div class='ocr_carea' id='block_1_110' title="bbox 1914 4750 3490 4829">
    <p class='ocr_par' dir='ltr' id='par_1_110' title="bbox 1914 4750 3490 4829">
     <span class='ocr_line' id='line_1_110' title="bbox 1914 4750 3490 4829; baseline 0.007 -26"><span class='ocrx_word' id='word_1_761' title='bbox 1914 4750 2109 4815; x_wconf 79' lang='grc' dir='ltr'>αὐτοὺς</span> <span class='ocrx_word' id='word_1_762' title='bbox 2142 4752 2198 4804; x_wconf 83' lang='grc' dir='ltr'><strong>ὲν</strong></span> <span class='ocrx_word' id='word_1_763' title='bbox 2224 4752 2546 4807; x_wconf 84' lang='grc' dir='ltr'>ταπεινώσει</span> <span class='ocrx_word' id='word_1_764' title='bbox 2572 4756 2665 4807; x_wconf 79' lang='grc' dir='ltr'><strong>καὶ</strong></span> <span class='ocrx_word' id='word_1_765' title='bbox 2691 4756 2951 4827; x_wconf 79' lang='grc' dir='ltr'>πτωχείᾳ.</span> <span class='ocrx_word' id='word_1_766' title='bbox 2975 4755 3096 4810; x_wconf 88' lang='lat' dir='ltr'><strong>Non</strong></span> <span class='ocrx_word' id='word_1_767' title='bbox 3118 4760 3344 4829; x_wconf 83' lang='lat' dir='ltr'><strong>amplius</strong></span> <span class='ocrx_word' id='word_1_768' title='bbox 3372 4778 3490 4814; x_wconf 87' lang='lat' dir='ltr'><strong>sus-</strong></span> 
     </span>
    </p>
   </div>
   <div class='ocr_carea' id='block_1_111' title="bbox 1918 4842 3485 4921">
    <p class='ocr_par' dir='ltr' id='par_1_111' title="bbox 1918 4842 3485 4921">
     <span class='ocr_line' id='line_1_111' title="bbox 1918 4842 3485 4921; baseline 0.004 -24"><span class='ocrx_word' id='word_1_769' title='bbox 1918 4844 2100 4897; x_wconf 84' lang='lat' dir='ltr'><strong>tinebit</strong></span> <span class='ocrx_word' id='word_1_770' title='bbox 2165 4842 2505 4897; x_wconf 82' lang='lat' dir='ltr'><strong>Hierusalem</strong></span> <span class='ocrx_word' id='word_1_771' title='bbox 2556 4846 2978 4915; x_wconf 82' lang='lat' dir='ltr'><strong>desolationem,</strong></span> <span class='ocrx_word' id='word_1_772' title='bbox 3028 4866 3189 4919; x_wconf 72' lang='lat' dir='ltr'><strong>neque</strong></span> <span class='ocrx_word' id='word_1_773' title='bbox 3251 4853 3485 4921; x_wconf 77' lang='lat' dir='ltr'><strong>captivus</strong></span> 
     </span>
    </p>
   </div>
   <div class='ocr_carea' id='block_1_112' title="bbox 1916 4932 3485 5010">
    <p class='ocr_par' dir='ltr' id='par_1_112' title="bbox 1916 4932 3485 5010">
     <span class='ocr_line' id='line_1_112' title="bbox 1916 4932 3485 5010; baseline 0.006 -23"><span class='ocrx_word' id='word_1_774' title='bbox 1916 4935 2139 4988; x_wconf 86' lang='lat' dir='ltr'><strong>ducetur</strong></span> <span class='ocrx_word' id='word_1_775' title='bbox 2166 4932 2337 4989; x_wconf 83' lang='lat' dir='ltr'><strong>Israel</strong></span> <span class='ocrx_word' id='word_1_776' title='bbox 2360 4952 2379 5001; x_wconf 86' lang='lat'><strong>;</strong></span> <span class='ocrx_word' id='word_1_777' title='bbox 2405 4938 2652 5005; x_wconf 88' lang='lat' dir='ltr'><strong>quoniam</strong></span> <span class='ocrx_word' id='word_1_778' title='bbox 2686 4938 2937 4992; x_wconf 86' lang='lat' dir='ltr'><strong>Dominus</strong></span> <span class='ocrx_word' id='word_1_779' title='bbox 2957 4940 3056 4993; x_wconf 89' lang='lat' dir='ltr'><strong>erit</strong></span> <span class='ocrx_word' id='word_1_780' title='bbox 3077 4943 3131 4994; x_wconf 88' lang='lat' dir='ltr'><strong>in</strong></span> <span class='ocrx_word' id='word_1_781' title='bbox 3153 4942 3321 4995; x_wconf 81' lang='lat' dir='ltr'><strong>medio</strong></span> <span class='ocrx_word' id='word_1_782' title='bbox 3349 4942 3485 5010; x_wconf 81' lang='lat' dir='ltr'><strong>ejus.</strong></span> 
     </span>
    </p>
   </div>
   <div class='ocr_carea' id='block_1_113' title="bbox 1918 5024 3484 5101">
    <p class='ocr_par' dir='ltr' id='par_1_113' title="bbox 1918 5024 3484 5101">
     <span class='ocr_line' id='line_1_113' title="bbox 1918 5024 3484 5101; baseline 0.003 -24"><span class='ocrx_word' id='word_1_783' title='bbox 1918 5040 2035 5077; x_wconf 86' lang='lat' dir='ltr'><strong>cum</strong></span> <span class='ocrx_word' id='word_1_784' title='bbox 2058 5024 2356 5078; x_wconf 88' lang='lat' dir='ltr'><strong>hominibus</strong></span> <span class='ocrx_word' id='word_1_785' title='bbox 2374 5039 2731 5093; x_wconf 81' lang='lat' dir='ltr'><strong>conversatus,</strong></span> <span class='ocrx_word' id='word_1_786' title='bbox 2750 5038 2798 5081; x_wconf 87' lang='lat' dir='ltr'><strong>et</strong></span> <span class='ocrx_word' id='word_1_787' title='bbox 2826 5027 3052 5083; x_wconf 87' lang='lat' dir='ltr'><strong>Sanctus</strong></span> <span class='ocrx_word' id='word_1_788' title='bbox 3072 5030 3244 5085; x_wconf 84' lang='lat' dir='ltr'><strong>Israel</strong></span> <span class='ocrx_word' id='word_1_789' title='bbox 3267 5048 3484 5101; x_wconf 80' lang='lat' dir='ltr'><strong>regnans</strong></span> 
     </span>
    </p>
   </div>
   <div class='ocr_carea' id='block_1_114' title="bbox 1916 5119 3106 5192">
    <p class='ocr_par' dir='ltr' id='par_1_114' title="bbox 1916 5119 3106 5192">
     <span class='ocr_line' id='line_1_114' title="bbox 1916 5119 3106 5192; baseline 0.003 -21"><span class='ocrx_word' id='word_1_790' title='bbox 1916 5132 2073 5187; x_wconf 88' lang='lat' dir='ltr'><strong>super</strong></span> <span class='ocrx_word' id='word_1_791' title='bbox 2106 5119 2247 5186; x_wconf 86' lang='lat' dir='ltr'><strong>ipsos</strong></span> <span class='ocrx_word' id='word_1_792' title='bbox 2280 5119 2335 5171; x_wconf 88' lang='lat' dir='ltr'><strong>in</strong></span> <span class='ocrx_word' id='word_1_793' title='bbox 2368 5119 2669 5174; x_wconf 87' lang='lat' dir='ltr'><strong>humilitate</strong></span> <span class='ocrx_word' id='word_1_794' title='bbox 2699 5133 2745 5176; x_wconf 84' lang='lat' dir='ltr'><strong>et</strong></span> <span class='ocrx_word' id='word_1_795' title='bbox 2778 5134 3106 5192; x_wconf 87' lang='lat' dir='ltr'><strong>paupertate.</strong></span> 
     </span>
    </p>
   </div>
   <div class='ocr_carea' id='block_1_115' title="bbox 1991 5247 2416 5321">
    <p class='ocr_par' dir='ltr' id='par_1_115' title="bbox 1991 5247 2416 5321">
     <span class='ocr_line' id='line_1_115' title="bbox 1991 5247 2416 5321; baseline -0.005 -14"><span class='ocrx_word' id='word_1_796' title='bbox 1991 5252 2102 5321; x_wconf 73' lang='grc' dir='ltr'>(δυ)</span> <span class='ocrx_word' id='word_1_797' title='bbox 2140 5252 2273 5321; x_wconf 75' lang='lat' dir='ltr'><strong>lbid.</strong></span> <span class='ocrx_word' id='word_1_798' title='bbox 2304 5247 2331 5316; x_wconf 70' lang='grc' dir='ltr'><strong>ιι</strong></span> <span class='ocrx_word' id='word_1_799' title='bbox 2364 5250 2416 5305; x_wconf 89' lang='grc'><strong>6.</strong></span> 
     </span>
    </p>
   </div>
   <div class='ocr_carea' id='block_1_116' title="bbox 1991 5318 2665 5394">
    <p class='ocr_par' dir='ltr' id='par_1_116' title="bbox 1991 5318 2665 5394">
     <span class='ocr_line' id='line_1_116' title="bbox 1991 5318 2665 5394; baseline -0.003 -18"><span class='ocrx_word' id='word_1_800' title='bbox 1991 5318 2104 5394; x_wconf 78' lang='grc'>(51)</span> <span class='ocrx_word' id='word_1_801' title='bbox 2140 5318 2274 5375; x_wconf 90' lang='lat' dir='ltr'><strong>lhid.</strong></span> <span class='ocrx_word' id='word_1_802' title='bbox 2304 5334 2426 5389; x_wconf 91' lang='lat' dir='ltr'><strong>cap.</strong></span> <span class='ocrx_word' id='word_1_803' title='bbox 2461 5318 2517 5382; x_wconf 66' lang='grc' dir='ltr'>Ξ,</span> <span class='ocrx_word' id='word_1_804' title='bbox 2557 5318 2583 5391; x_wconf 83' lang='lat'>§</span> <span class='ocrx_word' id='word_1_805' title='bbox 2614 5320 2665 5375; x_wconf 79' lang='grc' dir='ltr'><strong>τ.</strong></span> 
     </span>
    </p>
   </div>
   <div class='ocr_carea' id='block_1_117' title="bbox 1990 5394 2497 5466">
    <p class='ocr_par' dir='ltr' id='par_1_117' title="bbox 1990 5394 2497 5466">
     <span class='ocr_line' id='line_1_117' title="bbox 1990 5394 2497 5466; baseline 0.004 -19"><span class='ocrx_word' id='word_1_806' title='bbox 1990 5394 2105 5462; x_wconf 69' lang='grc'>(52)</span> <span class='ocrx_word' id='word_1_807' title='bbox 2140 5396 2273 5450; x_wconf 89' lang='lat' dir='ltr'><strong>Ibid.</strong></span> <span class='ocrx_word' id='word_1_808' title='bbox 2308 5395 2363 5466; x_wconf 70' lang='lat'><strong>3,</strong></span> <span class='ocrx_word' id='word_1_809' title='bbox 2391 5396 2419 5466; x_wconf 58' lang='grc' dir='ltr'>δ</span> <span class='ocrx_word' id='word_1_810' title='bbox 2444 5396 2497 5449; x_wconf 77' lang='lat'><strong>2.</strong></span> 
     </span>
    </p>
   </div>
   <div class='ocr_carea' id='block_1_118' title="bbox 1993 5464 2404 5536">
    <p class='ocr_par' dir='ltr' id='par_1_118' title="bbox 1993 5464 2404 5536">
     <span class='ocr_line' id='line_1_118' title="bbox 1993 5464 2404 5536; baseline 0.002 -18"><span class='ocrx_word' id='word_1_811' title='bbox 1993 5466 2106 5533; x_wconf 75' lang='lat'><strong>(55)</strong></span> <span class='ocrx_word' id='word_1_812' title='bbox 2134 5466 2268 5521; x_wconf 85' lang='lat' dir='ltr'><strong>Ibid.</strong></span> <span class='ocrx_word' id='word_1_813' title='bbox 2298 5464 2325 5536; x_wconf 87' lang='lat'>§</span> <span class='ocrx_word' id='word_1_814' title='bbox 2350 5464 2404 5519; x_wconf 69' lang='grc' dir='ltr'><strong>ιι.</strong></span> 
     </span>
    </p>
   </div>
   <div class='ocr_carea' id='block_1_119' title="bbox 1991 5536 2677 5608">
    <p class='ocr_par' dir='ltr' id='par_1_119' title="bbox 1991 5536 2677 5608">
     <span class='ocr_line' id='line_1_119' title="bbox 1991 5536 2677 5608; baseline -0.009 -11"><span class='ocrx_word' id='word_1_815' title='bbox 1991 5536 2103 5608; x_wconf 62' lang='grc' dir='ltr'><strong>(ξι)</strong></span> <span class='ocrx_word' id='word_1_816' title='bbox 2133 5536 2264 5608; x_wconf 85' lang='lat' dir='ltr'><strong>lhid.</strong></span> <span class='ocrx_word' id='word_1_817' title='bbox 2292 5551 2415 5608; x_wconf 77' lang='lat' dir='ltr'><strong>cap.</strong></span> <span class='ocrx_word' id='word_1_818' title='bbox 2448 5536 2504 5601; x_wconf 69' lang='grc'>4,</span> <span class='ocrx_word' id='word_1_819' title='bbox 2538 5537 2677 5608; x_wconf 68' lang='lat' dir='ltr'><strong>gae.</strong></span> 
     </span>
    </p>
   </div>
   <div class='ocr_carea' id='block_1_120' title="bbox 1988 5607 2448 5677">
    <p class='ocr_par' dir='ltr' id='par_1_120' title="bbox 1988 5607 2448 5677">
     <span class='ocr_line' id='line_1_120' title="bbox 1988 5607 2448 5677; baseline 0 -18"><span class='ocrx_word' id='word_1_820' title='bbox 1988 5607 2102 5674; x_wconf 77' lang='lat'><strong>(55)</strong></span> <span class='ocrx_word' id='word_1_821' title='bbox 2138 5607 2272 5662; x_wconf 67' lang='lat' dir='ltr'><strong>una.</strong></span> <span class='ocrx_word' id='word_1_822' title='bbox 2308 5607 2336 5677; x_wconf 67' lang='grc' dir='ltr'>ς</span> <span class='ocrx_word' id='word_1_823' title='bbox 2361 5608 2448 5661; x_wconf 69' lang='lat' dir='ltr'><strong>et.</strong></span> 
     </span>
    </p>
   </div>
   <div class='ocr_carea' id='block_1_121' title="bbox 1990 5677 2643 5747">
    <p class='ocr_par' dir='ltr' id='par_1_121' title="bbox 1990 5677 2643 5747">
     <span class='ocr_line' id='line_1_121' title="bbox 1990 5677 2643 5747; baseline 0.005 -16"><span class='ocrx_word' id='word_1_824' title='bbox 1990 5677 2103 5742; x_wconf 81' lang='grc'>(56)</span> <span class='ocrx_word' id='word_1_825' title='bbox 2128 5677 2261 5747; x_wconf 87' lang='lat' dir='ltr'><strong>Ibid.</strong></span> <span class='ocrx_word' id='word_1_826' title='bbox 2303 5693 2423 5747; x_wconf 79' lang='lat' dir='ltr'><strong>cap.</strong></span> <span class='ocrx_word' id='word_1_827' title='bbox 2456 5678 2508 5738; x_wconf 81' lang='grc' dir='ltr'><strong>ο.</strong></span> <span class='ocrx_word' id='word_1_828' title='bbox 2539 5678 2565 5745; x_wconf 55' lang='grc' dir='ltr'>ι</span> <span class='ocrx_word' id='word_1_829' title='bbox 2589 5679 2643 5734; x_wconf 86' lang='lat'><strong>9.</strong></span> 
     </span>
    </p>
   </div>
   <div class='ocr_carea' id='block_1_122' title="bbox 1992 5746 2635 5819">
    <p class='ocr_par' dir='ltr' id='par_1_122' title="bbox 1992 5746 2635 5819">
     <span class='ocr_line' id='line_1_122' title="bbox 1992 5746 2635 5819; baseline 0.005 -17"><span class='ocrx_word' id='word_1_830' title='bbox 1992 5748 2104 5818; x_wconf 76' lang='lat'><strong>(57)</strong></span> <span class='ocrx_word' id='word_1_831' title='bbox 2132 5746 2265 5804; x_wconf 89' lang='lat' dir='ltr'><strong>lbid.</strong></span> <span class='ocrx_word' id='word_1_832' title='bbox 2298 5763 2415 5818; x_wconf 87' lang='lat' dir='ltr'><strong>cap.</strong></span> <span class='ocrx_word' id='word_1_833' title='bbox 2450 5749 2501 5817; x_wconf 81' lang='lat'><strong>7,</strong></span> <span class='ocrx_word' id='word_1_834' title='bbox 2528 5750 2555 5819; x_wconf 62' lang='grc' dir='ltr'><strong>ς</strong></span> <span class='ocrx_word' id='word_1_835' title='bbox 2581 5751 2635 5805; x_wconf 79' lang='lat'><strong>5.</strong></span> 
     </span>
    </p>
   </div>
   <div class='ocr_carea' id='block_1_123' title="bbox 3521 384 3530 439">
    <p class='ocr_par' dir='ltr' id='par_1_123' title="bbox 3521 384 3530 439">
     <span class='ocr_line' id='line_1_123' title="bbox 3521 384 3530 439; baseline 0 0"><span class='ocrx_word' id='word_1_836' title='bbox 3521 384 3530 439; x_wconf 82' lang='lat' dir='ltr'><strong>l</strong></span> 
     </span>
    </p>
   </div>
  </div>
