4002 6308
574 301 711 359 τθὸΰ

1562 288 2033 347 ΤΕ8ὙᾹΜΕΝΤᾹ
2071 284 2163 339 XII
2202 284 2830 344 PATRIARCHARUM.

3638 290 3742 343 1035

637 439 653 469 ι
697 417 749 470 In
777 416 1124 470 Testamento
1154 414 1496 481 Nephthalim
1524 411 1635 481 (58)
1671 432 1681 463 :
1721 411 1817 463 Διὰ
1838 409 1931 462 τοῦ
1974 405 2142 460 Ἰούδα
2173 408 2214 463 Α
2247 404 2315 458 tis
2342 406 2529 461 citare.
2575 426 2592 459 ι
2632 404 2917 476 Excerptis
2956 405 3151 459 deinde
3191 403 3462 474 productis
3488 420 3591 473 qua:
3616 423 3745 477 supe-

560 513 805 564 ἀνατελεῖ
838 509 1073 580 σωτηρία
1093 507 1169 577 τῷ
1216 506 1447 576 Ἰσραὴλ,
1467 506 1559 557 καὶ
1583 506 1638 556 ἐν
1664 503 1810 573 αὐτῴ
1842 500 2140 571 εὐλογηοή-

563 619 711 654 σεται
758 598 966 653 Ἰακὼϐ.
1016 598 1111 649 Διὰ
1160 596 1267 667 γὰρ
1300 594 1393 647 τοῦ
1440 594 1721 665 σκήπτρου
1763 590 1926 645 αὐτοῦ
1973 590 2141 659 ὀφθή-

565 708 715 745 σεται
766 692 916 755 θεὸς,
963 688 1229 743 κατοικῶν
1273 689 1330 740 ὲν
1372 686 1676 758 ἀνθρώποις
1722 685 1814 737 ἐπὶ
1857 684 1957 752 τῆς
2002 683 2139 750 γῆς.

567 786 735 838 σῶσαι
766 783 827 836 τὸ
877 783 1031 851 γένος
1079 779 1309 852 Ἰσραήλ.
1366 777 1469 830 Per
1505 776 1703 829 ludam
1746 775 1944 826 orietur
1995 771 2141 825 salus

568 876 762 939 Israel,
791 887 839 929 et
884 876 939 927 in
987 875 1100 942 ipso
1147 871 1476 925 benedicetur
1506 866 1696 920 Iacob.
1750 864 1856 918 Per
1878 871 2141 932 sceptrum

563 970 701 1022 enim
734 967 848 1036 ejus
879 964 1152 1034 apparebit
1185 962 1348 1021 Deus.
1377 961 1621 1013 habitans
1660 960 1795 1010 inter
1832 956 2063 1008 homines
2088 956 2139 1005 in

564 1075 730 1124 terra,
759 1069 813 1110 ut
845 1057 1009 1110 sulcet
1056 1071 1217 1124 genus
1256 1052 1450 1106 Israel.

642 1169 660 1202 ς
688 1150 743 1203 In
762 1149 1112 1203 Testamento
1138 1147 1274 1199 Aser
1300 1144 1413 1213 (59)
1441 1161 1453 1197 :
1499 1143 1554 1195 Ὀ
1572 1141 1831 1210 Ὕψιστος
1859 1134 2145 1204 ἐπισκέψε-

563 1259 653 1296 ται
685 1245 785 1311 τὴν
811 1241 933 1311 γῆν,
974 1241 1069 1291 καὶ
1100 1236 1261 1299 αὐτὸς
1306 1233 1473 1287 ἐλθὼν
1500 1236 1571 1296 ὡς
1606 1232 1909 1302 ἄνθρωπος,
1951 1228 2143 1281 ἐσθίων

564 1337 657 1387 καὶ
680 1334 849 1386 πίνων
879 1331 1017 1403 μετὰ
1037 1330 1147 1383 τῶν
1174 1327 1475 1400 ἀνθρώπων
1500 1368 1513 1389 ,
1552 1328 1642 1378 καὶ
1667 1327 1723 1377 ὲν
1772 1324 1973 1394 ἠσυχίᾳ
2017 1338 2141 1375 συν-

562 1423 762 1495 τρίϐων
794 1423 893 1492 τὴν
937 1419 1177 1489 κεφαλὴν
1201 1418 1294 1471 τοῦ
1329 1417 1617 1487 δράκοντος
1643 1416 1711 1469 δι’
1736 1414 1943 1476 ὕδατος.
1976 1408 2141 1475 Οὗτος

565 1514 727 1568 σώσει
759 1514 851 1566 τὸν
904 1511 1116 1584 Ἰσραὴλ
1162 1511 1252 1563 καὶ
1299 1510 1475 1562 πάντα
1512 1508 1582 1560 τὰ
1605 1506 1751 1576 ἔθνη,
1788 1505 1919 1567 Θεὸς
1949 1505 2027 1565 εἰς
2053 1504 2144 1557 ἄν·-

562 1607 664 1677 δρα
696 1605 1138 1676 ὑποκρινόμενος.
1169 1601 1496 1654 ALTtssutus
1539 1596 1775 1650 eisitabit
1831 1604 2062 1655 terram;
2092 1604 2141 1646 et

563 1699 673 1767 ipse
706 1698 911 1750 veniens
943 1705 999 1747 ut
1035 1694 1209 1758 homo,
1245 1708 1363 1744 cum
1402 1689 1701 1742 hominibus
1740 1687 2066 1739 manducans
2092 1693 2141 1737 et

567 1789 778 1853 bibens,
820 1788 946 1841 etin
991 1784 1202 1838 silentio
1242 1792 1511 1835 conterens
1545 1789 1704 1849 caput
1753 1778 2002 1831 draconis
2052 1790 2144 1843 per

566 1897 781 1950 aquam.
819 1878 919 1930 Hic
944 1876 1168 1930 salvabit
1199 1875 1367 1929 Israel
1390 1886 1437 1928 et
1468 1889 1643 1926 omnes
1674 1881 1880 1941 gentes,
1911 1867 2051 1922 Dens
2089 1867 2141 1919 in

564 1973 734 2025 virum
771 1969 1135 2023 absconditus.

641 2083 659 2114 ι
720 2063 960 2132 Denique
1001 2062 1053 2114 in
1083 2060 1433 2114 Testamento
1492 2057 1770 2127 Benjamin
1822 2055 1933 2119 (41))
1966 2073 1977 2106 :
2010 2053 2141 2105 Τότε

567 2157 658 2209 καὶ
678 2158 838 2226 ἡμεῖς
854 2151 1294 2222 ἁναστησόμεθα,
1316 2151 1543 2211 ἕκαστος
1565 2148 1655 2199 ἐπὶ
1672 2146 1949 2216 σκῆπτρον
1965 2146 1996 2215 ὴ
2005 2144 2139 2215 μῶν,

566 2247 995 2320 προσκυνοῦντες
1029 2246 1119 2297 τὸν
1148 2242 1369 2314 βασιλέα
1400 2240 1509 2293 τῶν
1528 2238 1788 2312 οὐρανῶν,
1814 2239 1903 2290 τὸν
1926 2239 2017 2295 ἐπὶ
2040 2236 2144 2304 γῆς

566 2340 803 2408 φανέντα
830 2340 886 2391 ὲν
915 2340 1093 2408 μορφῇ
1130 2335 1415 2405 ἀνθρώπου
1454 2333 1841 2405 (ἀνθρωπίνης)
1874 2329 2140 2384 ταπεινώ-

568 2452 724 2497 σεως.
752 2432 896 2485 Tunc
940 2441 987 2484 ct
1032 2447 1122 2483 nos
1148 2444 1497 2498 resurgemus,
1520 2426 1877 2496 unusquisque
1917 2427 1971 2477 in
2025 2440 2143 2478 sce-

552 2537 727 2596 ptrum
742 2532 1000 2583 nostrum,
1025 2521 1307 2573 adorantes
1334 2534 1500 2588 regem
1528 2516 1903 2584 cwlorum,qui
1928 2514 1977 2566 in
2001 2524 2141 2567 terra

564 2617 816 2687 apparuit
872 2615 925 2667 in
971 2612 1140 2682 forma
1192 2611 1419 2663 hominis
1456 2609 1756 2679 (humanae)
1798 2605 2139 2659 humilitatis.

565 2708 800 2777 Moxque
830 2706 977 2759 addit
1015 2704 1286 2759 lsraelitas
1316 2702 1678 2772 jndicaudos,
1726 2700 1806 2752 ὅτι
1843 2698 2143 2769 παραγενό-

568 2818 727 2873 μενον
771 2799 902 2852 Θεὸν
926 2799 983 2850 ὲν
1030 2797 1193 2868 σαρκὶ
1230 2793 1596 2865 ὲλευθερωτὴν
1642 2793 1740 2844 οὐκ
1764 2791 2088 2843 ἐπίστευσαν
2125 2808 2139 2844 :

564 2894 815 2965 quoniam
863 2890 1225 2943 advenientem
1286 2884 1437 2940 Deuu
1492 2884 1543 2937 in
1594 2900 1750 2936 carne
1802 2881 2140 2935 liberatorem

565 3004 667 3040 non
695 2983 1055 3038 crediderunt.

2243 497 2357 551 rius
2388 500 2759 560 recitavimus.
2787 498 3117 554 sententiam
3154 512 3308 550 suam
3336 496 3527 549 claudit
3558 497 3630 550 bis
3653 515 3746 551 ver-

2244 590 2327 645 bis
2361 611 2372 644 :
2408 610 2425 641 ι
2463 590 2589 646 ll:ec
2630 592 2864 646 clariora
2887 600 2942 645 et
2975 590 3322 660 expressiora
3363 598 3518 651 sunt,
3545 604 3680 658 quam
3706 602 3750 646 ut

2244 680 2553 752 detorqueri
2586 683 2816 753 possint.
2853 682 3009 749 Quod
3042 682 3087 735 si
3117 691 3302 737 assuta
3339 691 3392 735 et
3430 681 3667 737 insincera
3685 686 3749 739 di-

2246 783 2367 828 cent
2401 775 2777 843 (adversarii),
2807 791 2915 828 non
2946 783 3030 828 est
3075 774 3219 843 quod
3250 788 3375 828 cum
3407 772 3485 828 eis
3510 773 3749 843 litigemus.

2247 864 2336 920 Sic
2387 868 2531 920 enim
2566 868 2859 936 scriptores
2910 881 3101 921 omnes
3147 866 3540 921 ecclesiasticos
3581 868 3754 924 eludere

2250 956 2453 1011 licebit.
2486 954 2819 1011 Nulla'enim
2847 956 2935 1009 hic
2980 955 3104 1027 styli
3160 955 3417 1017 varietas,
3442 955 3577 1009 nulla
3615 971 3753 1010 rerum

2244 1059 2341 1103 aut
2388 1050 2679 1103 verborum
2732 1049 3123 1117 discrepantia.
3164 1047 3300 1101 nihil
3354 1063 3460 1101 non
3495 1048 3689 1117 simplex
3717 1060 3757 1103 et

2246 1143 2410 1195 unius
2449 1141 2658 1196 forma}.
2700 1140 2927 1195 Videtur
2950 1151 3133 1195 autem
3167 1141 3270 1196 iste
3307 1141 3556 1210 scriptor,
3578 1142 3756 1195 consilio

2246 1232 2333 1287 ille
2357 1234 2575 1303 quidem
2636 1249 2742 1287 non
2794 1235 2958 1299 malo,
2994 1232 3088 1291 sed
3131 1232 3325 1287 fraude
3368 1249 3473 1286 non
3514 1233 3754 1299 laudabili,

2245 1327 2363 1380 hzcc
2392 1326 2646 1379 vaticinia
2666 1325 2991 1394 patriarehis
3016 1325 3350 1395 subjecisse,
3378 1324 3644 1378 utJndteos
3662 1340 3758 1379 suos

2246 1416 2312 1470 ad
2339 1416 2495 1470 fidem
2528 1416 2791 1481 alliceret,
2826 1427 2879 1470 et
2914 1431 3173 1487 magnum
3222 1415 3358 1469 illud
3413 1415 3661 1469 nascentis
3690 1412 3756 1468 Dei

2245 1510 2562 1580 mysterium
2596 1525 2626 1562 a
2661 1525 2769 1578 quo
2815 1508 3218 1573 abhorrebant,
3275 1509 3329 1561 in
3378 1522 3473 1561 ore
3526 1506 3757 1561 duodecim

2245 1603 2681 1671 patriarcharum
2720 1602 2903 1656 minus
2932 1603 3013 1656 eis
3046 1602 3284 1656 invisum
3318 1603 3601 1656 accideret.
3628 1621 3643 1651 ι
3677 1601 3760 1655 Huc

2248 1711 2419 1765 usque
2458 1695 2715 1749 Maranus
2746 1694 2811 1749 V.
2842 1693 2903 1749 C.
2941 1694 3020 1747 Ex
3060 1696 3263 1764 quibus
3289 1696 3479 1765 liquet
3520 1694 3662 1748 nimis
3692 1696 3761 1748 ah-

2243 1788 2383 1857 jecte
2438 1788 2676 1843 sensisse
2725 1786 3023 1842 Nourrium
3054 1788 3174 1857 ejus
3199 1789 3445 1842 sodalem
3466 1829 3481 1850 ,
3504 1787 3662 1840 virum
3683 1803 3760 1841 caa-

2247 1890 2359 1935 tera
2389 1882 2633 1947 doctum,
2664 1897 2787 1934 cum
2821 1882 2888 1935 de
2919 1880 3005 1935 his
3028 1881 3400 1935 Testamentis
3432 1881 3558 1933 illud
3580 1896 3760 1948 pronun-

2246 1974 2437 2027 tiavit:
2478 1991 2495 2023 ι
2530 1975 2581 2027 in
2614 1973 2789 2028 lucem
2816 1989 3095 2043 nunquam
3120 1973 3295 2026 emitti
3328 1987 3393 2026 ea
3428 1973 3674 2037 debuisse,
3703 1973 3758 2025 vel

2244 2068 2520 2134 perpetuis
2575 2066 2814 2120 tenebris
2868 2064 3040 2120 fuisse
3089 2064 3405 2118 damnanda
3448 2063 3556 2132 (42)
3586 2083 3601 2112 ι
3640 2079 3760 2133 :quo

2244 2156 2463 2223 quidem
2497 2155 2719 2209 nomine
2749 2155 2828 2209 vel
2875 2155 2943 2210 ab
2974 2154 3091 2224 ipso
3125 2153 3381 2207 Simonio
3423 2162 3635 2208 notatur
3659 2155 3755 2225 (i5).

2245 2264 2333 2320 IV.
2379 2265 2455 2320 De
2473 2268 2637 2338 uariis
2670 2285 2792 2321 mss.
2827 2268 3212 2336 exemplaribus
3244 2266 3471 2330 Graecis,
3494 2268 3642 2338 deque
3665 2269 3762 2319 anti-

2314 2355 2418 2403 qua
2462 2336 2673 2391 Roberti
2715 2338 3097 2393 Lincolniensis
3141 2340 3377 2408 episcopi
3432 2336 3645 2392 versione
3678 2339 3761 2407 agi-

2317 2420 2413 2462 tur.

2317 2523 2489 2593 Hujus
2541 2526 2722 2594 operis
2778 2526 2925 2579 varia
2962 2525 3434 2581 circumferuntur
3475 2542 3601 2581 mss.
3623 2540 3759 2578 excin-

2245 2615 2416 2684 pluria
2449 2607 2657 2682 Graeca,
2706 2618 2838 2670 viris
2862 2618 3091 2671 eruditis
3132 2618 3377 2682 laudata,
3412 2616 3762 2672 Montfauconio

2248 2710 2365 2778 (44)
2393 2709 2445 2762 in
2472 2710 2685 2779 primis,
2714 2708 2971 2773 Nourrio,
3018 2709 3288 2776 Simonio,
3323 2711 3621 2765 Warthono
3641 2710 3686 2763 ll.
3703 2723 3760 2763 cc.

2244 2802 2494 2872 aliisque.
2543 2802 2642 2856 Ms.
2703 2802 3174 2873 Cantabrigiensis
3231 2803 3487 2857 meminit
3538 2801 3762 2855 Fabricius

2248 2896 2381 2967 (45),
2412 2896 2641 2965 ejusque
2670 2896 2855 2951 titulos
2887 2912 2982 2951 seu
3021 2897 3262 2964 capitum
3290 2897 3589 2952 summaria
3623 2896 3761 2949 Graece

2245 2989 2455 3052 recitat,
2488 2988 2620 3041 nihil
2655 2997 2837 3042 tamen
2877 2987 2946 3041 ab
2975 2988 3120 3041 edito
3150 2986 3434 3043 Grabiano
3475 2989 3685 3042 diversa.
3711 2984 3763 3036 De

643 3099 661 3130 ε
710 3077 849 3131 Εεεθ
903 3076 1218 3135 (Πιτίδιυῐην
1274 3071 1581 3135 Domuum.
1646 3069 1835 3131 Deum.
1890 3082 2137 3135 magnum
2167 3092 2210 3150 (ζ
2244 3079 2527 3135 codicibus
2551 3089 2734 3133 autem
2784 3077 3098 3148 Anglicanis
3138 3094 3265 3133 mox
3298 3079 3469 3143 infra,
3496 3079 3582 3133 ubi
3610 3076 3763 3131 decdi-

570 3173 756 3235 Deum,
797 3169 1161 3229 Altissimum,
1197 3163 1453 3217 Sanctum
1498 3161 1704 3229 Israel,
1738 3160 2143 3228 etc.,.appella-

568 3274 705 3317 tum.
739 3280 758 3313 ›
788 3260 1061 3314 Hactenus
1084 3256 1332 3312 eruditus
1371 3255 1607 3309 Grabius
1639 3272 1651 3307 :
1679 3270 1708 3307 a
1745 3269 1852 3322 quo
1886 3253 2002 3306 hinc
2043 3266 2139 3305 ea-

566 3354 690 3406 dem
713 3359 991 3405 contracta
1015 3355 1293 3403 mutuatus
1324 3356 1406 3401 est
1438 3345 1767 3401 Prudentius
1801 3344 2060 3398 Maranus
2085 3343 2139 3396 in

570 3444 844 3515 praestanti
904 3457 1069 3512 opere
1114 3441 1376 3510 inscripto
1423 3458 1435 3493 :
1481 3439 1743 3492 Divinitas
1790 3437 1858 3491 ι).
1896 3434 2050 3492 Ν..1.
2079 3434 2140 3489 C.

568 3539 857 3608 manifesta
892 3538 946 3590 in
975 3534 1269 3602 Scripturis
1295 3543 1341 3587 et
1375 3532 1661 3585 traditione
1685 3531 1819 3602 (Η).
1843 3530 2013 3599 Cujus
2042 3528 2143 3582 viri

569 3630 875 3687 doctissimi
902 3628 1170 3699 judicium
1198 3627 1266 3680 de
1302 3626 1497 3679 horum
1523 3624 1996 3679 Testamentornm
2042 3638 2145 3676 au-

570 3736 718 3780 ctore
753 3725 805 3776 in
832 3722 1069 3776 medium
1104 3718 1347 3788 proferre
1378 3717 1547 3783 libet,
1579 3732 1688 3786 quo
1716 3716 1891 3785 magis
1932 3715 2021 3768 illa
2053 3716 2145 3767 tir—

568 3826 788 3871 mentur
814 3830 937 3885 qua:
984 3814 1049 3867 de
1096 3810 1272 3881 ipsius
1316 3824 1480 3879 opere
1520 3808 1903 3863 disseruimus.
1940 3826 1958 3858 ι
1990 3804 2145 3860 Ηιιηε

571 3910 893 3979 scriptorem
922 3948 936 3972 ,
990 3906 1203 3975 inquit,
1232 3902 1479 3957 Judaeum
1530 3900 1700 3955 fuisse
1748 3900 1989 3954 declarat
2028 3897 2145 3967 plu-

570 4004 745 4058 rimus
799 4001 1149 4055 Jndaicarum
1200 3996 1510 4051 fabularum
1560 4011 1730 4049 usus:
1764 3993 2142 4047 Christianum

568 4112 737 4161 vero,
790 4095 1018 4148 nimium
1062 4098 1263 4160 apertae
1308 4089 1375 4143 de
1438 4087 1656 4142 Christo
1723 4088 2142 4156 pra-dictiones,

570 4205 734 4260 quam
772 4197 829 4241 ut
870 4202 935 4240 ex
981 4182 1189 4239 eventis
1238 4182 1377 4234 freta:
1419 4194 1529 4234 nOn
1575 4178 1798 4232 fuerint.
1856 4177 2142 4233 Seniorem

572 4281 771 4337 saeculo
808 4295 847 4333 ιι
885 4276 1131 4332 nonnulli
1160 4275 1364 4328 faciunt
1387 4315 1401 4339 ,
1427 4289 1585 4326 nemo
1618 4271 1918 4339 juniorem,
1946 4274 2146 4341 quippe

571 4390 696 4429 eum
719 4374 787 4427 ab
814 4372 1049 4441 Origene
1082 4370 1273 4423 bomil.
1302 4383 1369 4421 xv
1433 4370 1487 4423 in
1516 4367 1680 4422 Iosue
1725 4366 1923 4420 citatus
1960 4365 2143 4419 fuerit.

2246 3172 2392 3225 tione
2412 3168 2732 3225 Oxoniensi.
2772 3167 3020 3222 Primum
3065 3183 3194 3221 vero
3223 3167 3480 3223 Graecum
3523 3164 3761 3233 exemplar,

2246 3264 2292 3318 si
2319 3262 2454 3316 ﬁdes
2476 3260 2730 3315 Matthreo
2759 3259 2915 3315 Paris
2944 3260 3375 3330 (46),detectum
3408 3261 3477 3315 ita
3507 3258 3659 3314 fuisse
3678 3271 3764 3326 per-

2248 3356 2481 3410 hibetur.
2518 3352 2793 3423 Magister,
2821 3352 3018 3423 inquit,
3044 3352 3279 3407 Joannes
3307 3353 3373 3408 de
3395 3348 3762 3419 Basingestokes,

2246 3447 2647 3501 archidiaconus
2687 3445 2912 3515 Legrite,
2943 3446 3023 3498 vir
3047 3448 3098 3496 in
3130 3445 3286 3497 trivio
3339 3452 3391 3497 et
3418 3440 3674 3513 quadrivio
3694 3453 3761 3490 e1-

2246 3540 2682 3609 perientissimus,
2716 3538 2913 3592 Grtccis
2946 3554 3008 3589 ac
3031 3535 3242 3590 Latinis
3273 3536 3471 3589 litteris
3502 3535 3567 3586 ad
3602 3532 3763 3601 plcitum

2247 3634 2608 3698 eruditus,....
2669 3632 3001 3686 intintaverat
3032 3631 3274 3699 episcopo
3320 3624 3657 3682 Lincolniensi
3693 3621 3765 3675 lla-

2248 3728 2412 3790 berlo,
2443 3727 2581 3795 quod
2609 3725 2817 3795 quando
2840 3723 3046 3777 studuit
3072 3722 3315 3781 Athenis,
3340 3721 3539 3775 viderat
3560 3728 3605 3773 et
3623 3716 3767 3769 audie'

2248 3830 2329 3873 rat
2363 3820 2425 3872 ab
2450 3819 2631 3887 peritis
2669 3816 2972 3871 Cra'eorum
2994 3814 3300 3869 doctoribus
3339 3815 3581 3883 quiedam
3605 3808 3767 3863 Latinis

2248 3912 2537 3983 incognita.
2569 3910 2718 3963 Inter
2742 3925 2860 3979 qua:
2902 3908 3095 3977 reperit
3135 3923 3213 3960 xu
3249 3905 3690 3965 Patriarcharum,
3720 3900 3765 3967 li~

2248 4008 2440 4060 liorum
2484 4005 2720 4059 videlicet
2763 4002 2967 4067 Iacob,
3023 4000 3356 4054 Testamenta
3383 4019 3405 4053 :
3454 4015 3566 4069 qua:
3608 4003 3764 4050 constat

2246 4116 2357 4153 esse
2377 4099 2440 4153 de
2470 4098 2767 4151 substantia
2803 4094 3129 4147 bibliotheca:
3154 4107 3170 4152 ;
3194 4094 3282 4147 sed
3314 4110 3409 4161 per
3434 4092 3669 4145 inuidiam
3689 4086 3765 4139 Ju-

2248 4194 2484 4248 daeorum
2522 4190 2725 4242 dudum
2757 4187 2919 4256 fuisse
2954 4186 3244 4256 incognita,
3273 4196 3488 4254 propter
3509 4183 3765 4251 manifestas

2250 4304 2367 4358 qua:
2417 4286 2470 4339 in
2506 4283 2701 4338 eisdem
2751 4291 2954 4352 patent,
2986 4281 3049 4333 de
3075 4279 3283 4333 Christo
3313 4280 3626 4348 prophetias.
3658 4274 3765 4329 Unde

2249 4375 2383 4427 idem
2409 4375 2679 4443 episcopus
2708 4371 2849 4423 misit
2877 4371 2929 4423 in
2966 4368 3227 4423 Graeciam
3248 4386 3266 4433 ;
3291 4380 3341 4423 et
3372 4386 3490 4423 cum
3518 4387 3574 4423 ea
3599 4365 3767 4420 habuis-

571 4465 807 4519 Giabius
848 4439 993 4518 hunc
1020 4463 1216 4515 librum
1253 4461 1383 4515 olim
1418 4475 1448 4513 a
1478 4459 1671 4513 Jndteo
1715 4459 1979 4528 scriptum
2018 4466 2144 4513 ante
2176 4439 2220 4494 Ῑ)
2248 4473 2355 4531 set,
2387 4439 2661 4516 transtulit
2692 4462 2754 4514 de
2786 4460 2968 4515 Gra'co
2998 4461 3050 4513 in
3085 4459 3337 4513 Latinum
3364 4455 3765 4515 sermonemﬂa'c

571 4556 773 4611 Christi
804 4564 1003 4617 ortum,
1034 4564 1087 4608 et
1111 4571 1138 4608 a
1178 4555 1493 4608 Christiano
1524 4553 1726 4608 saeculo
1756 4568 1772 4607 ι
1797 4562 2030 4607 exeunte
2052 4562 2146 4608 aut

573 4667 610 4704 ιι
642 4651 860 4703 ineunte
895 4649 1280 4717 interpolatum
1319 4658 1491 4719 putat.
1529 4648 1637 4703 Sed
1670 4648 1785 4702 haec
1819 4649 2019 4703 eruditi
2043 4648 2144 4702 viri

572 4741 759 4813 opinio
784 4740 1074 4795 levissimis
1100 4741 1430 4809 conjecturis
1470 4741 1691 4794 nititur.
1732 4738 1880 4793 Nihil
1910 4740 2056 4795 enim
2090 4741 2143 4794 in

573 4835 676 4887 hoc
699 4845 862 4901 opere
898 4830 1230 4884 insincerum
1261 4839 1318 4883 et
1364 4832 1663 4884 interlitnm
1716 4840 1960 4900 apparet,
2004 4831 2141 4884 nihil

570 4924 719 4996 quod
760 4937 867 4976 non
904 4922 1186 4991 proposito
1232 4923 1521 4977 conducat.
1565 4922 1750 4988 Quare
1781 4939 1889 4977 non
1921 4933 2006 4977 est
2046 4939 2146 4977 cur

568 5029 858 5069 vereamur
911 5012 1025 5065 [nec
1057 5009 1407 5065 Testamenta
1460 5013 1789 5081 patriarchis
1828 5015 2105 5083 supposita
2128 5056 2143 5079 ,

571 5120 631 5165 ut
657 5107 1135 5181 germanissimum
1164 5122 1303 5176 opus
1328 5104 1499 5161 Judaei
1529 5107 1580 5160 in
1611 5106 1892 5163 Christum
1916 5109 2147 5163 credeno

635 5258 746 5342 (ἐξ)
777 5260 1007 5342 Ietae
1048 5262 1479 5342 κιξλρίξιείανειιο.
1504 5280 1621 5337 cap.
1652 5266 1707 5333 8.
1742 5266 1849 5338 se.

630 5331 742 5403 (59)
776 5329 909 5403 ibid.
943 5344 1061 5398 cap.
1094 5329 1181 5403 lt),
1211 5330 1315 5403 g7,

640 5400 751 5469 (to)
792 5401 923 5455 Ibid.
958 5416 1080 5469 cap.
1112 5400 1262 5471 12,'§
1295 5400 1379 5455 to.

638 5472 750 5561 (41)
785 5471 991 5561 illitum.
1019 5472 1198 5526 Divin.
1244 5470 1320 5525 ’D.
1362 5472 1435 5525 N.
1468 5470 1525 5526 J.
1586 5471 1649 5526 C.
1701 5472 1795 5526 lib.
1840 5489 1901 5539 ll,
1928 5490 2047 5547 cap.
2085 5478 2137 5545 l,

1032 5612 1229 5681 Appar.
1266 5615 1335 5666 al
1389 5614 1494 5667 bibl
1538 5611 1657 5668 PP.
1715 5625 1847 5670 tom.
1901 5615 1940 5683 1,
2001 5634 2123 5690 pag.

639 5752 752 5824 (45)
795 5750 1009 5806 Simon.
1042 5752 1182 5807 Bibl.
1211 5757 1352 5825 crit.,
1389 5768 1521 5812 tum.
1558 5757 1619 5825 ll,
1645 5748 1849 5829 p.225.

2251 4558 2340 4612 ille
2371 4554 2673 4608 monachus
2700 4552 2907 4622 Anglus
2928 4592 2943 4617 ,
2974 4552 3062 4605 ubi
3098 4551 3233 4606 nihil
3266 4550 3334 4607 de
3357 4561 3512 4607 textu
3542 4550 3763 4605 Hebraeo.

2248 4656 2307 4701 ut
2342 4644 2490 4710 alibi,
2515 4659 2675 4713 quem
2701 4642 2863 4697 etiam
2896 4634 3151 4711 superius
3173 4642 3414 4698 vidimus
3444 4650 3763 4699 enarrantem.

2248 4740 2317 4792 ab
2347 4737 2537 4792 eodem
2562 4736 2778 4805 quidem
2813 4733 3183 4791 Lincolniensi
3203 4737 3461 4806 episcopo
3486 4737 3593 4790 haec
3617 4734 3765 4787 Testa-

2249 4837 2430 4882 menta
2468 4842 2498 4881 e
2524 4826 2715 4881 Graeco
2752 4824 2944 4879 Latine
2972 4823 3144 4880 fuisse
3180 4827 3426 4891 reddita,
3470 4826 3763 4895 coudjurante

2249 4930 2427 4975 tamen
2480 4920 2734 4989 magistro
2793 4917 3019 4971 Nicolao
3051 4918 3234 4974 Graeco
3262 4960 3275 4983 ,
3303 4920 3490 4973 clerico
3515 4918 3697 4972 abbatis
3719 4912 3760 4966 δ.

2249 5016 2460 5069 Albani.
2502 5014 2574 5068 De
2624 5023 2860 5084 utroque
2905 5013 3199 5082 interprete
3238 5014 3549 5069 distinctius
3573 5014 3667 5083 agit
3686 5009 3762 5061 Ba-

2249 5109 2365 5164 leus
2400 5107 2535 5177 (47).

2319 5262 2441 5349 (44)¹
2462 5260 2650 5315 Montf.
2675 5260 2818 5315 Bibl.
2844 5260 3109 5330 biblioth.,
3143 5275 3272 5316 tom.
3307 5262 3363 5331 ι,
3393 5280 3511 5336 pag.
3546 5263 3604 5317 14
3626 5304 3637 5325 ,
3664 5258 3757 5316 685.

2246 5333 2701 5529 :agci’abric.
2768 5402 2900 5457 Cod.
2951 5406 3135 5475 pseud.
3199 5402 3259 5457 V.
3302 5404 3387 5471 T.,
3420 5417 3548 5460 tom.
3578 5402 3631 5467 ll,
3659 5416 3754 5472 pag.

2248 5515 2657 5687 ;;£’42‘lqblatth.
2691 5546 2815 5601 Par.
2850 5545 3228 5623 Hist._major,
3257 5550 3322 5640 ad
3368 5565 3492 5603 ann.
3528 5544 3672 5607 tesi,
3710 5554 3752 5612 ρ.

2317 5686 2429 5813 (ἐξ)
2458 5686 2582 5744 Bal.
2617 5689 2762 5744 Hist.
2792 5690 2853 5744 de
2892 5692 3076 5757 script.
3132 5690 3409 5759 Britamt.,
3438 5700 3625 5748 centur.
3652 5694 3751 5746 xm,

2248 5778 2301 5828 p.
2413 5802 2427 5815 .
