4002 6308
273 319 294 371 Ι
306 318 407 371 057

410 430 476 486 ν.
524 430 597 486 De
631 432 859 486 editione
888 431 1153 486 Grabiuna
1179 431 1263 483 hic
1299 430 1433 497 typis
1463 444 1733 497 expressa.

340 546 489 601 llanc
521 555 699 599 autem
736 544 957 600 Roberti
1000 546 1277 614 antiquam
1329 544 1636 597 versionem
1682 542 1829 595 Lati-

261 653 390 690 nam
430 637 663 691 subinde
692 636 834 707 typis
864 634 1034 690 fuisse
1064 635 1443 704 consignatam
1476 641 1682 687 norunt
1706 649 1834 687 eru-

1500 313 2021 370 TESTAMENTUM
2064 312 2151 370 ΒΕ
2166 312 2312 369 BEN.

3378 314 3511 369 1038

1874 435 1912 487 Α
1947 426 2313 495 tabrigieusis.
2349 425 2596 478 Latinam
2632 438 2843 493 quoque
2866 423 3083 478 Roherti
3109 422 3513 479 Lincolnieusis

1944 518 2249 572 versionem
2282 517 2560 587 perpetuis
2585 515 3059 571 emendatiouibus
3093 515 3336 582 limavit;
3389 516 3512 571 aliis

1940 609 2159 679 quidem
2206 625 2346 679 quas
2378 624 2409 663 e
2455 608 2669 663 duobus
2702 623 2836 663 mss.
2888 608 3229 663 bibliotheca:
3258 607 3509 663 Bodleia-

256 730 402 795 diti;
439 729 770 799 dignamque
800 728 854 781 in
891 728 1081 798 primis
1117 728 1503 782 existimarunt
1544 725 1646 779 viri
1690 727 1824 779 docti

1942 719 2024 756 me
2051 703 2308 757 hauserat
2344 715 2397 758 et
2424 704 2578 773 prius
2600 703 2666 757 ad
2709 718 2835 757 oras
2862 703 3184 773 paginarum
3212 715 3468 773 posuerat
3493 745 3508 771 ,

255 838 381 892 quze
413 823 466 874 in
495 830 731 876 veterum
762 819 982 874 Patrum
1014 819 1365 874 Bibliothecis
1400 819 1581 873 locum
1622 818 1835 871 obtine-

256 926 364 971 ret.
422 914 621 969 Verum
676 914 728 967 in
781 912 1036 966 omnibus
1077 909 1406 965 editionibus
1442 924 1562 979 qua:
1601 908 1669 961 ab
1699 924 1827 960 ann.

256 1008 403 1061 1485
441 1022 613 1075 usque
638 1006 703 1059 ad
738 1020 940 1058 annum
976 1002 1114 1056 l677
1146 1004 1197 1056 in
1247 1002 1440 1071 vulgus
1473 1000 1826 1071 prodierunt,

253 1105 340 1150 tot
369 1096 643 1164 tantisque
675 1094 886 1148 mendis
912 1092 1107 1148 fmdata
1133 1102 1215 1145 est
1243 1092 1468 1160 antiqua
1500 1089 1689 1143 istluec
1715 1105 1831 1141 ver-

252 1186 364 1251 sio,
407 1194 467 1238 ut
513 1199 655 1253 saepe
694 1184 781 1236 vix
831 1198 1051 1237 sensum
1077 1180 1374 1235 extundere
1419 1181 1619 1233 valeas.
1671 1177 1827 1244 Quod

253 1292 444 1330 secum
498 1283 759 1343 reputans
787 1273 1024 1327 Joannes
1059 1272 1323 1327 Eruestus
1366 1270 1623 1337 Grabius,
1656 1271 1829 1325 colla—

251 1366 327 1419 tis
357 1365 519 1419 editis
547 1382 671 1420 cum
722 1364 939 1419 duobus
964 1363 1309 1418 bibliothecae
1341 1358 1650 1415 Bodieiana:
1692 1376 1823 1415 mss.

250 1459 559 1524 codicibus,
586 1458 852 1527 plurimos
876 1456 1099 1511 sustulit
1123 1472 1362 1522 errores,
1391 1455 1653 1510 correctis
1688 1469 1826 1523 quo-

248 1566 359 1619 que
403 1550 527 1604 aliis
579 1566 713 1619 pene
757 1550 1063 1603 innumeris
1106 1550 1174 1603 ab
1203 1550 1499 1619 interprete
1528 1548 1646 1617 ipso
1673 1564 1825 1602 com-

250 1642 465 1697 missis.
518 1641 671 1696 llanc
729 1642 911 1711 itaque
963 1642 1271 1695 versionem
1326 1642 1407 1696 sic
1437 1640 1822 1701 emaculatam,

1937 794 1992 846 iu
2019 803 2223 847 textum
2251 795 2581 863 assumptis;
2609 794 2731 849 aliis
2752 808 2881 848 vero
2903 809 2933 848 a
2955 809 3013 848 se
3042 795 3160 863 ipso
3192 796 3467 864 adjunctis
3493 814 3505 849 :

1936 896 1996 939 ut
2015 902 2079 940 ex
2100 887 2416 955 praefatione
2433 887 2499 940 ad
2530 887 2828 941 secundam
2852 884 3122 955 Spicilegii
3141 884 3507 942 Oxoniensem

1933 980 2226 1034 editionem
2253 980 2383 1033 anni
2411 979 2547 1033 1714
2572 978 2870 1049 colligitur.

2008 1091 2252 1146 Priorem
2286 1091 2615 1145 Grabianam
2643 1101 2863 1145 secutus
2892 1100 2976 1145 est
3010 1090 3296 1146 Fabricius
3327 1092 3380 1145 in
3405 1091 3501 1146 Co-

1935 1184 2048 1237 dice
2078 1182 2533 1252 pseudepigrapho
2578 1180 2772 1234 Veteris
2818 1180 3157 1243 Testamenti,
3193 1182 3298 1235 ναι.
3336 1180 3388 1246 Ι,
3418 1197 3505 1236 se-

1934 1277 2036 1331 mel
2086 1279 2393 1343 iterumque
2431 1274 2571 1344 typis
2613 1288 2820 1327 excuso
2855 1272 3150 1343 llamburgi
3185 1290 3317 1327 anu.
3346 1273 3509 1327 1715-

1934 1366 2096 1432 1722,
2129 1380 2444 1435 quanquam
2474 1365 2737 1418 memoria
2767 1366 2952 1432 lapsus
2981 1364 3138 1417 aliter
3161 1365 3357 1419 alicubi
3390 1365 3504 1434 (48)

1932 1464 2141 1511 asserat
2169 1473 2182 1509 :
2209 1455 2354 1524 quod
2392 1455 2580 1523 utique
2604 1495 2617 1514 ,
2660 1463 2717 1507 ut
2741 1462 2934 1509 caetera
2965 1456 3285 1509 omittamus
3310 1495 3325 1519 ,
3355 1471 3497 1510 comi

1928 1558 2139 1619 pertum
2173 1546 2283 1613 tlet,
2317 1547 2567 1601 secundae
2593 1546 2881 1600 Grahiana:
2912 1556 3094 1599 notam
3133 1562 3185 1615 p.
3226 1546 3333 1599 2'24
3369 1561 3496 1605 cum

1929 1640 2167 1694 secunda
2212 1640 2339 1692 item
2399 1637 2723 1692 Fabriciana
2785 1653 2839 1707 p.
2887 1637 2991 1691 687
3026 1639 3350 1693 conferenti.
3394 1637 3476 1693 No

248 1749 377 1788 cum
416 1744 565 1789 testu
602 1733 791 1789 erco
833 1734 897 1787 ad
931 1733 1068 1788 duos
1103 1734 1322 1787 codices
1353 1742 1566 1797 exacto,
1591 1733 1821 1785 alterum
1861 1774 1901 1828 Β
1929 1748 2058 1786 vero
2098 1732 2455 1802 posteriorem
2504 1730 2893 1797 Oxoniensem,
2942 1735 3016 1789 uti
3065 1751 3161 1803 par
3189 1743 3342 1800 erat,
3367 1735 3498 1789 sele-

250 1824 564 1879 Academize
598 1824 1070 1895 Cantabrigiensis
1096 1867 1109 1888 ,
1142 1824 1485 1879 bibliotheca:
1516 1823 1827 1878 Bodleianae

248 1920 507 1984 alterum,
533 1919 732 1988 publici
756 1918 897 1988 juris
923 1916 1261 1971 fecitOxouii
1289 1916 1491 1971 1698in
1515 1914 1825 1970 volumine!

250 2006 530 2079 Spicilegii
557 2006 657 2062 SS.
693 2007 941 2061 Patrum.
968 2007 1173 2061 Exinde
1193 2022 1323 2061 vero
1349 2007 1640 2061 editionem
1669 2022 1824 2061 suam

248 2115 544 2155 recensens
570 2100 711 2153 idem
732 2100 811 2153 vir
829 2100 1098 2165 eruditus,
1121 2108 1328 2153 textum
1349 2098 1595 2153 ercum
1627 2099 1822 2153 iterum

248 2193 489 2247 contulit
514 2208 642 2247 cum
686 2191 906 2247 duobus
945 2208 1079 2246 mss.
1115 2190 1329 2261 collegii
1363 2190 1651 2245 Trinitatis
1677 2190 1820 2244 Can-

1934 1825 2111 1895 gimus
2140 1843 2151 1878 :
2182 1826 2408 1879 editoris
2429 1826 2808 1880 adnotationes
2830 1842 2949 1894 qua)
2974 1827 3141 1879 textui
3165 1824 3500 1883 emendandé

1936 1916 2277 1981 inserviunt,
2326 1918 2693 1973 retinuimus:
2728 1919 2865 1972 alias
2912 1919 3185 1988 longiores
3224 1919 3474 1971 contraxi

1936 2026 2079 2075 mus,
2114 2012 2303 2080 paucis
2349 2012 2564 2065 interim
2602 2012 2800 2067 additis
2827 2027 2949 2082 qua:
2990 2011 3229 2065 auctoris
3266 2020 3486 2067 mentelt

1938 2102 1991 2154 in
2025 2104 2217 2172 primis
2245 2104 2564 2173 respiciunt.

252 2362 3166 2393 W

1163 2527 1391 2693 AI
1487 2523 2590 2699 ΔΙΑΘΗΚΑΙ

520 2793 1048 2999 ΤΩΝ
1142 2798 1414 2995 ΙΒ’
1536 2790 3235 2999 ΠΑΤΡΙΑΡΧΩΝ

1571 3088 1705 3140 ΤΩΝ
1745 3088 1908 3141 ΥΙΩΝ
1945 3087 2155 3141 ΙΑΚΩΒ

1143 3255 1432 3340 ΠΡΟΣ
1493 3252 1781 3339 ΤΟΥΣ
1837 3252 2171 3339 ΥΙΟΥΣ
2232 3254 2631 3339 ΑΥΤΩΝ.

1228 3578 2510 3738 TESTAMENTA

728 3866 1535 3999 DUODECIM
1649 3871 3019 4007 PATRIARCHARUM

1589 4108 1922 4164 FILIORUM
1962 4108 2177 4165 JACOB

1260 4280 1438 4369 AD
1527 4280 2028 4373 FILIOS
2131 4284 2487 4376 SUOS

851 4476 1358 4540 INTEBPRETE
1410 4474 1798 4537 ROBERTO
1860 4476 2409 4539 LINCOLNIENSI
2472 4476 2879 4543 EPISCOPO.

773 4762 1173 4855 ΚΕΦΑΑΑΙΟΝ
1206 4800 1282 4853 A'.

514 4893 765 4962 Διαθήκη
799 4892 1055 4963 Ῥουϐὴμ
1092 4894 1224 4961 περὶ
1263 4892 1532 4947 ἐννοιῶν.

313 5010 392 5067 A'.
444 5009 791 5080 Ἀντίγραςρον
821 5006 1081 5077 διαθήκης
1111 5006 1366 5076 Ῥουὸὴμ,
1402 5007 1499 5058 ὃσα
1520 5003 1817 5057 ἐνετείλατο

1255 4643 1549 4709 (ϐλιιλκυη
1594 4641 1706 4695 γει.
1749 4642 1898 4697 Patr.
1931 4642 2212 4709 Bibliotli.,
2244 4642 2286 4712 l,
2313 4643 2462 4716 195.)

1843 4784 1883 4836 C

2536 4778 2769 4834 CAPUT
2808 4780 2846 4838 Ι.

2021 4870 2407 4924 Testamentum
2433 4870 2635 4937 Ruben,
2667 4874 2731 4944 de
2760 4876 2826 4927 iis
2855 4892 2972 4944 quia
2996 4878 3285 4931 moriturus
3326 4882 3378 4932 in

2444 4952 2612 4995 mente
2631 4943 2740 5015 (49)
2760 4943 2960 4999 habuit.

1994 5029 2033 5083 Ι.
2076 5030 2488 5101 Trauscriptum
2529 5035 2838 5087 testamenti
2886 5033 3097 5099 Ruben,
3146 5051 3487 5105 quaecunque

238 5107 354 5167 τοῖς
376 5105 510 5165 υἱοῖς
538 5099 724 5163 αὑτοῦ,
750 5098 878 5169 πρὶν
909 5098 1195 5150 ἀποθανεῖν
1228 5098 1411 5162 αὑτὸν,
1440 5100 1498 5149 ὲν
1538 5095 1813 5165 ἑκατοστῷ

1927 5124 2200 5177 mandavit
2225 5123 2349 5178 ﬁliis
2395 5124 2529 5188 suis,
2573 5126 2890 5195 priusquam
2929 5137 3265 5193 moreretur,
3299 5129 3351 5180 in
3382 5128 3485 5183 12ἱί

242 5195 471 5266 εἰκοστῷ
499 5194 731 5263 πέμπτῳ
756 5191 863 5243 ἔτει
894 5189 991 5261 τῆς
1018 5190 1160 5260 ζωῆς
1198 5186 1379 5242 αὐτοῦ.
1417 5189 1570 5243 Μετὰ
1599 5189 1692 5258 ἔτη
1722 5188 1815 5241 δύο

239 5290 341 5360 τῆς
370 5287 623 5357 τελευτῆς
657 5285 873 5355 Ἰωσὴφ,
907 5282 1277 5355 ἀρῤωστοῦντι
1310 5282 1649 5352 συνήχθησαν
1690 5284 1814 5333 ἐπι-

244 5380 546 5449 σκέψασθαι
571 5378 729 5432 αὐτὸν
749 5379 797 5430 οἱ
812 5377 917 5429 υἱοὶ
933 5378 1023 5429 κα)⁸
1036 5376 1140 5428 υἱοὶ
1154 5375 1261 5427 τῶν
1276 5374 1407 5427 υἱῶν
1424 5375 1607 5427 αὑτοῦ.
1627 5376 1733 5427 Καὶ
1747 5369 1819 5426 εἷ-

243 5489 345 5526 πεν
366 5472 567 5533 αὐτοῖς·
592 5489 609 5520 ι
636 5469 831 5521 Τεκνία
851 5481 970 5538 μου,
990 5465 1097 5535 ἐγὼ
1113 5465 1459 5537 ἀποθνήσκω,
1478 5466 1571 5517 καὶ
1587 5466 1817 5536 πορεύο-

319 5625 428 5696 (48)
462 5623 677 5678 Fabric.
707 5622 839 5677 Cod.
884 5620 1067 5691 psend.
1107 5620 1166 5674 V.
1204 5617 1433 5673 Tcstam.
1472 5628 1605 5673 tom.
1646 5619 1728 5684 Il,
1753 5633 1807 5686 p.

320 5737 432 5833 ξω)
466 5763 529 5819 In
571 5771 757 5821 mente.
799 5760 860 5816 In
908 5775 1070 5817 mente
1116 5763 1304 5833 spiritu
1343 5763 1683 5832 pra'gnostico
1725 5759 1810 5817 di-

1920 5230 2065 5270 anno
2079 5216 2202 5270 vita:
2229 5216 2419 5285 ipsius.
2436 5215 2752 5272 Postannos
2775 5219 2912 5272 duos
2935 5220 3129 5273 mortis
3156 5218 3355 5288 Joseph
3376 5262 3391 5285 ,
3417 5224 3483 5276 ad

1918 5315 2268 5377 aegrotantem
2304 5309 2611 5377 congregati
2633 5318 2781 5375 sunt,
2816 5318 2874 5363 ut
2908 5310 3189 5364 visitarent
3215 5328 3361 5380 eum,
3387 5315 3483 5367 lilii

1917 5408 1970 5453 et
2000 5400 2091 5453 ﬁlii
2117 5398 2350 5453 ﬁliorum
2384 5398 2521 5466 ejus.
2558 5396 2623 5451 Et
2644 5398 2781 5451 dixit
2813 5399 2927 5453 eis:
2975 5420 2991 5448 ι
3015 5399 3192 5454 Filioli
3226 5403 3353 5468 mei,
3383 5419 3486 5471 ego

1920 5492 2147 5558 morior,
2180 5500 2234 5545 et
2258 5489 2393 5542 vado
2425 5489 2563 5541 viam
2592 5498 2806 5556 patrum
2846 5504 3111 5543 meorum.
3147 5510 3165 5543 ι
3208 5491 3271 5547 Et
3298 5494 3486 5550 videns

1918 5636 2136 5752 Emme,
2182 5627 2346 5681 habet
2400 5624 2668 5679 Robertus
2715 5626 3003 5696 episcopus
3058 5627 3484 5691 Liucoluiensis.

1966 5714 2085 5751 nae.

1966 5714 2085 5751 ΚΑΒ.
