4002 6308
1017 206 1024 213 ”
1067 207 1203 218 -λ-φ-μ-

573 311 712 368 1659

1567 288 2031 354 TESTAMENTA
2062 287 2156 342 XII
2189 277 2808 342 PATRIARCHARUM.

3645 278 3755 332 ιοιι

574 435 682 490 illic
707 428 924 489 ludam,
949 435 999 478 et
1037 421 1175 485 Gad,
1202 427 1252 473 et
1284 417 1438 477 Aser,
1466 407 1659 468 fratres
1687 425 1838 472 suos,
1861 406 1996 462 dixit
2017 405 2130 460 eis:
2161 441 2169 464 ι

2268 415 2336 450 Lat
2365 395 2483 451 ὁδὸν
2518 393 2772 466 πατέρων
2802 407 2924 462 μου.
2955 409 2974 442 ι
3004 389 3114 442 Καὶ
3143 385 3265 442 ἰδὼν
3297 389 3413 442 ἐκεῖ
3449 387 3652 452 Ἰούδαν,
3687 397 3763 447 καὶ

580 549 600 583 ι
624 525 828 596 Erigite
853 537 958 586 me,
985 518 1202 581 fratres,
1233 524 1292 568 ut
1321 513 1499 567 dicam
1537 509 1798 575 fratribus
1829 505 1964 561 meis
1999 513 2052 558 et
2081 501 2144 555 fi-

576 620 664 675 liis
687 591 843 680 nieis,
870 621 1209 684 quaaeunque
1239 605 1414 659 habeo
1437 602 1492 656 in
1521 601 1684 656 corde
1714 613 1834 653 meo
1857 591 2146 652 abscondi-

578 725 630 768 ta
654 728 669 764 :
691 710 806 782 iam
829 705 974 761 enim
1001 701 1213 758 delicio.
1242 719 1259 752 ν
1295 697 1360 751 Ει
1381 703 1594 751 erectus
1619 689 1898 747 osculatus
1922 693 2006 742 est
2027 697 2144 745 eos,

576 815 630 860 et
648 775 870 874 plorans
889 796 1027 852 dixit
1057 810 1070 845 :
1102 811 1121 845 ι
1151 790 1372 854 Audite,
1408 787 1605 842 fratres
1629 783 1734 838 mei
1763 789 1817 836 et
1847 779 1966 843 ﬁlii,
1993 775 2146 830 auri-

577 899 680 952 bus
709 890 970 965 pereipite
992 886 1184 942 Ruben
1211 891 1420 953 patrem
1448 886 1692 934 vestrum
1725 874 1864 944 (51),
1889 885 2149 942 quaecun-

579 1006 686 1062 que
709 986 909 1042 mando
942 981 1115 1037 vobis.
1141 977 1300 1042 Ecce,
1337 972 1600 1029 testificor
1631 967 1790 1023 vobis
1815 965 1986 1021 Deum
2023 961 2150 1019 caeli

581 1083 765 1147 hodie,
815 1089 874 1133 ut
917 1090 1027 1132 non
1063 1067 1355 1126 ambuletis
1391 1065 1444 1118 in
1481 1059 1790 1134 ignorantia
1820 1055 2148 1128 iuventutis,

580 1187 634 1234 et
654 1169 1015 1230 fornicatione
1046 1167 1098 1219 in
1129 1178 1237 1234 qua
1261 1160 1466 1214 eﬂ'ustts
1495 1171 1616 1211 sum
1638 1167 1760 1224 ego,
1803 1159 1858 1205 et
1897 1147 2153 1218 inquina-

582 1261 856 1324 vi'lectum
904 1260 1077 1333 patris
1131 1258 1236 1313 mei
1298 1251 1488 1309 Iacob.
1551 1247 1682 1302 Dico
1749 1243 1894 1300 enim
1950 1240 2149 1302 vobis,

582 1360 842 1433 quoniam
881 1352 1150 1428 percussit
1184 1364 1270 1405 me
1309 1341 1643 1419 (Dominus)
1681 1339 1838 1410 plaga
1872 1349 2069 1406 magna
2098 1334 2152 1387 in

586 1429 694 1511 iliis
723 1451 861 1507 meis
901 1463 997 1520 per
1026 1459 1242 1502 menses
1277 1449 1518 1510 septem;
1558 1445 1611 1490 et
1653 1430 1758 1488 nisi
1801 1429 1970 1486 Jacob
2004 1436 2154 1497 pater

585 1556 773 1602 noster
807 1517 1019 1598 orasset
1067 1552 1166 1609 pro
1195 1549 1282 1589 me
1311 1532 1380 1587 ad
1406 1528 1721 1592 Dominum,
1753 1521 1926 1578 voluit
1966 1517 2153 1572 Domi-

588 1656 692 1694 nus
723 1634 973 1692 oeeidere
1004 1644 1110 1685 me.
1161 1626 1323 1680 Eram
1380 1622 1524 1678 enim
1574 1630 1842 1674 annorum
1892 1611 2154 1681 triginta,

589 1731 809 1805 quando
848 1725 951 1781 feci
980 1725 1086 1778 hoc
1115 1719 1318 1775 malum
1344 1729 1531 1772 coram
1577 1709 1836 1772 Domino;
1867 1713 1920 1760 et
1951 1711 2153 1772 septem

591 1803 874 1881 mensibus
904 1817 1212 1873 infirmatus
1243 1825 1365 1867 sum
1407 1819 1584 1876 usque
1612 1803 1680 1858 ad
1717 1807 1976 1864 mortem;
2009 1805 2062 1850 et
2089 1808 2156 1847 ex

593 1916 870 1988 proposito
892 1911 1087 1966 animae
1115 1921 1250 1962 mea:
1282 1912 1485 1974 septem
1530 1897 1690 1952 annis
1720 1891 1946 1965 pmnitui
1974 1901 2160 1950 coram

597 2010 848 2065 Domino.
877 2004 1076 2059 Vinum
1123 2008 1178 2055 et
1209 1999 1438 2054 siceram
1481 2009 1590 2049 non
1635 1989 1771 2054 bibi,
1797 1995 1850 2042 et
1877 1998 2007 2040 caro
2053 1995 2160 2036 non

593 2098 817 2157 intravit
843 2111 907 2151 os
949 2108 1162 2158 meum;
1190 2099 1244 2145 et
1274 2101 1492 2144 omnem
1534 2096 1727 2154 panem
1759 2075 2017 2135 desiderii
2055 2086 2163 2127 non

596 2191 811 2267 gustavi
837 2190 1028 2260 lugens
1052 2199 1150 2256 pro
1170 2189 1394 2252 peccato
1420 2192 1562 2238 meo,
1580 2185 1836 2245 magnum
1860 2168 2005 2224 enim
2021 2172 2161 2223 erat.

599 2288 664 2342 Et
689 2303 757 2342 ne
781 2285 875 2340 ﬁat
905 2284 958 2337 in
999 2279 1162 2336 Israel
1189 2279 1283 2331 ita.

677 2598 759 2654 ll.‘
773 2598 836 2653 Et
861 2610 1006 2650 nunc
1033 2591 1216 2647 audite
1253 2602 1341 2643 me
1363 2627 1378 2651 ,
1407 2583 1527 2652 ﬁlii,
1553 2591 1614 2636 ut
1639 2578 1981 2636 manifestem
2015 2574 2169 2630 vobis

601 2693 888 2761 (58),qu:e
941 2686 1050 2740 vidi
1113 2685 1182 2739 de
1235 2689 1444 2750 septem
1508 2673 1790 2747 spiritibus
1855 2668 2060 2726 erroris
2113 2667 2167 2720 in

602 2783 922 2858 poenitentia
954 2795 1095 2834 mea.
1127 2775 1342 2846 Septem
1368 2771 1594 2841 spiritus
1623 2766 1732 2832 dati
1763 2772 1892 2820 sunt
1911 2762 2171 2818 adversus

604 2857 883 2936 hominem
911 2891 942 2930 a
960 2874 1169 2938 Beliar;
1194 2883 1248 2924 et
1271 2867 1372 2940 ipsi
1407 2875 1536 2921 sunt
1553 2870 1714 2938 caput
1736 2871 1962 2930 operum
1977 2857 2170 2923 iuven-

603 2973 780 3028 tutis:
815 2979 868 3024 et
906 2976 1112 3037 septem
1150 2962 1377 3033 spiritus
1405 2959 1515 3014 dati
1546 2964 1678 3011 sunt
1708 2953 1759 3007 ei
1794 2953 1848 3006 in
1871 2949 2171 3010 creatione,

605 3076 668 3122 ut
690 3067 762 3121 sit
789 3065 842 3118 in
875 3063 954 3116 eis
989 3074 1153 3114 omne
1191 3070 1330 3125 opus
1367 3049 1630 3108 hominis.
1676 3045 1896 3100 Primus
1949 3039 2174 3112 spiritus

608 3167 692 3214 est
729 3156 876 3220 vitm,
905 3169 1030 3208 cum
1070 3165 1176 3220 qua
1207 3142 1561 3201 consistentia
1612 3145 1849 3194 creatur.
1893 3131 2176 3188 Secundus

609 3249 835 3320 spiritus
873 3253 958 3299 est
998 3243 1168 3304 visus,
1200 3254 1324 3293 cum
1355 3249 1465 3306 quo
1494 3233 1554 3290 fit
1581 3228 1932 3294 desiderium.
1959 3223 2178 3282 Tertius

611 3315 840 3410 spiritus
865 3344 948 3390 est
993 3331 1230 3396 auditus,
1263 3343 1387 3384 cum
1416 3341 1526 3397 quo
1564 3319 1908 3378 fitdoetrina.
1939 3315 2178 3383 Quartus

609 3407 838 3503 spiritus
865 3433 949 3483 est
981 3424 1246 3487 olfactus,
1291 3433 1414 3476 cum
1451 3432 1560 3487 quo
1588 3425 1674 3470 est
1717 3419 1910 3480 gustus
1934 3409 2094 3462 datus
2124 3407 2177 3460 in

609 3502 992 3583 attractionem
1032 3518 1177 3574 aeris
1215 3525 1268 3571 et
1298 3510 1634 3583 spirationis.
1672 3506 1908 3574 Quintus
1956 3502 2182 3572 spiritus

611 3626 697 3676 est
724 3613 1034 3680 locutionis,
1069 3624 1196 3666 cum
1227 3623 1336 3677 qua
1368 3605 1425 3660 fit
1446 3601 1702 3673 cognitio.
1734 3598 1932 3658 Sextus
1958 3595 2183 3665 spiritus

612 3718 698 3766 est
739 3714 967 3779 gustus,
1010 3718 1137 3758 cum
1185 3714 1295 3770 quo
1328 3701 1388 3752 tit
1420 3695 1620 3752 eihatio
1663 3689 2086 3748 comestibilium
2128 3695 2184 3741 et

615 3800 965 3875 potabilium,
1000 3805 1052 3851 et
1091 3793 1354 3850 fortitudo
1391 3791 1443 3842 in
1470 3787 1604 3858 ipsis
1638 3792 1894 3848 creatur;
1923 3780 2183 3851 quoniam

616 3870 673 3950 in
702 3892 842 3950 cibis
869 3887 1176 3947 substantia
1206 3892 1290 3940 est
1319 3878 1675 3940 fortitudinis.
1709 3874 1986 3945 Septimus
2020 3870 2187 3942 spiri—

620 3996 708 4042 tus
732 3991 816 4040 est
855 3979 1082 4039 seminis
1112 3988 1165 4032 et
1185 3975 1383 4038 coitus,
1415 3986 1537 4027 cum
1565 3985 1674 4039 quo
1700 3964 2070 4036 coingreditur
2092 3975 2188 4031 per

618 4073 1117 4146 concupiscentiam
1154 4066 1448 4137 voluptatis
1493 4069 1798 4134 peccatum.
1831 4057 2058 4127 Propter
2086 4055 2190 4116 hoc

621 4169 847 4223 ultimus
872 4174 955 4220 est
977 4159 1308 4221 creationis,
1352 4166 1407 4212 et
1436 4154 1647 4226 primus
1681 4147 2016 4221 iuventutis,
2047 4161 2187 4215 quo—

621 4263 767 4316 niam
806 4256 1114 4329 ignorantia
1147 4253 1339 4323 plenus
1367 4257 1484 4312 est;
1515 4255 1571 4302 et
1593 4246 1710 4316 ipsa
1735 4242 2006 4314 iuniorem
2037 4238 2191 4292 ducit

622 4363 682 4408 ut
704 4365 907 4409 caecum
931 4351 984 4403 in
1004 4347 1238 4411 foveam,
1258 4354 1312 4398 et
1331 4349 1389 4397 ut
1404 4340 1714 4411 iumentum
1734 4337 1787 4390 in
1801 4332 2184 4405 praecipitium.

695 4506 784 4562 lli.
826 4526 843 4558 ι
867 4507 928 4559 ιιι
960 4503 1217 4559 omnibus
1247 4500 1332 4555 his
1370 4505 1594 4554 octavus
1621 4494 1846 4564 spiritus
1879 4490 2059 4546 somni
2085 4497 2189 4554 est,

695 4659 1149 4739 (59)_‘Ijlx.1t:_tdir
1175 4656 1283 4739 γρρ
1457 4655 1589 4739 εἰμί
1605 4649 1722 4704 ἀπὸ
1754 4647 1862 4700 τοῦ
1891 4647 2024 4702 νῦν.
2061 4643 2191 4698 Ἰδοὺ

621 4720 989 4807 γὰρ-ἐκλείπω
1021 4729 1128 4783 ἀπὸ
1151 4720 1366 4781 τοῦνῦν
1383 4720 1518 4807 ἐγώζ
1551 4720 1723 4807 ϐξξλυ..

698 4786 1535 4874 (Si)_Rttben_patrem_eestritrn.
1565 4791 1759 4874 ‘iierba
1791 4788 1966 4842 Ruben
2014 4786 2191 4840 Patris

624 4862 804 4933 vestri:
829 4872 990 4925 Prior
1009 4862 1197 4924 Grabii
1221 4866 1408 4930 editio,
1440 4863 1581 4932 apud
1617 4862 1836 4933 Fannio.

697 4927 810 5014 (Si?)
847 4942 1255 5014 Ὲνωτζσαᾳθες.
1281 4927 1622 5014 Αιιᾶθειξίιιηι,
1661 4932 1757 5014 καλ
1784 4927 1908 5014 υἱοί,
1953 4929 2118 5014 (Ηυξ,

698 5000 813 5087 (53)
845 5015 1005 5087 "ocra
1020 5009 1391 5077 ἐντέλλομαι-
1426 5006 1564 5058 Ὅσα
1606 5003 1717 5073 ἐγὼ
1739 5000 1936 5055 ὲντέλλ·
1976 5001 2188 5056 men“

628 5080 766 5144 Ibid.
793 5080 939 5156 apud
966 5080 1185 5156 Fsenlc.

689 5144 1510 5241 ’(54)ῖίᾷξε)ςύς1ηγξηῦἰ“ῌέο
1547 5147 1879 5241 conveniunt:
1907 5158 2029 5241 eum
2067 5144 2194 5197 ulti-

701 5169 814 5226 (54)
863 5169 1180 5275 ἰςζεχυυην
1209 5169 1339 5218 εγω.
1387 5169 1510 5204 nam
1547 5169 1879 5201 conventum
1907 5169 2029 5195 cum
2069 5169 2192 5197 υιιι-

629 5231 734 5284 mis
764 5225 1088 5298 patriarchae
1142 5221 1298 5276 acohi
1332 5220 1511 5273 verbis
1531 5261 1546 5284 ,
1575 5231 1702 5286 qua:
1731 5217 1797 5271 de
1833 5213 2023 5267 Ruben
2066 5229 2192 5284 pro-

631 5302 775 5354 tulit.
806 5297 940 5354 Gen.
982 5310 1128 5354 xux,
1161 5294 1214 5348 4.
1240 5291 1407 5348 (ῖιιιΑΒ.

717 5307 775 5364 it,
806 5307 940 5354 Gen.
982 5310 1136 5364 xux,
1161 5307 1214 5364 ᾳ.
1240 5307 1407 5364 unae.

703 5354 814 5438 (δὸ)
860 5354 1182 5438 Ἐνέπληξέ
1202 5380 1284 5438 με
1315 5357 1560 5438 nam
1581 5354 2195 5438 μενρμητξνςαζςλᾳ-

631 5425 1254 5561 saetiger-ene
1282 5449 1347 5533 μεε
1373 5425 1552 5502 nam
1571 5425 1782 5502 μεγάλῃ
1801 5426 1892 5479 ἐπι
1917 5425 2014 5496 τῆς
2034 5425 2193 5497 is..-

629 5529 718 5574 νος
785 5527 865 5562 ου.
903 5523 1056 5562 lusu.
1299 5523 1314 5533 τ

705 5529 813 5663 (diti)
854 5579 1028 5663 qia-or
1074 5577 1171 5663 accf}
1211 5575 1457 5663 ᾳςίξερα,
1491 5589 1545 5638 κ.
1581 5587 1631 5624 τ.
1669 5569 1726 5663 Ιλ.
1767 5569 1914 5663 lde'm
1956 5579 2195 5663 tempore

634 5639 964 5723 puSnit'cntiaa
993 5663 1106 5723 sua:
1134 5647 1259 5723 feeit
1279 5639 1467 5723 [iuben
1491 5685 1504 5706 ,
1528 5642 1682 5723 _quod
1715 5642 1973 5710 propheta
2006 5639 2195 5696 Daniel

635 5713 700 5776 de
731 5721 1022 5787 semetipso
1046 5717 1236 5772 iisdem
1275 5716 1387 5771 fere
1430 5713 1607 5769 verbis
1646 5721 1894 5778 testatur,
1929 5727 2045 5782 cap.
2079 5713 2191 5782 χά

2248 487 2371 551 Γὰδ,
2405 488 2498 540 καὶ
2540 486 2726 556 Ἀσὴρ,
2757 484 2885 546 τοὺς
2908 480 3171 550 ἀδελφοὺς
3201 480 3390 542 αὑτοῦ,
3424 475 3565 533 εἶπεν
3599 483 3761 547 αὐτοῖς·

2252 599 2271 630 ι
2313 578 2676 650 Ἀναστήσατέ
2704 593 2791 649 με,
2825 573 3068 644 ἀδελφοὶ,
3099 573 3245 636 ὅπως
3269 572 3412 625 εἴπω
3432 575 3536 637 τοῖς
3567 573 3768 644 ἀδελφοῖς

2251 691 2374 746 μου,
2408 672 2503 726 καὶ
2533 675 2644 736 τοῖς
2668 670 2879 729 τέκνοις
2908 684 3030 738 μου,
3063 666 3163 719 ὅσα
3191 664 3300 735 ἔχω
3331 667 3388 718 ἐν
3404 668 3470 736 τῇ
3493 666 3668 738 καρδίᾳ
3696 686 3769 739 μου

2248 767 2485 840 κρυπτά-
2529 763 2766 820 ἐκλιπὼν
2799 763 2909 837 γὰρ
2943 762 3053 832 ἐγώ
3085 763 3198 833 είμι
3231 759 3342 814 ἀπὸ
3372 756 3466 810 τοῦ
3493 757 3581 810 νῦν
3616 759 3725 828 (50).
3755 783 3769 812 ι

2249 858 2359 912 Καὶ
2385 856 2622 921 ἀναστὰς
2651 856 3013 926 κατεφίλησεν
3032 854 3249 916 αὐτοὺς,
3281 853 3379 905 καὶ
3392 850 3620 913 κλαύσας
3640 847 3772 903 εἴτ-,εν⁸

2229 948 2586 1012 «Ἀκούσατε,
2635 947 2852 1018 ἀδελφοί
2893 964 3015 1019 μου,
3041 943 3374 999 ἐνωτίσασθέ
3407 941 3545 1012 (52)
3587 942 3776 1013 Ῥουδὴμ

2249 1039 2344 1094 τοῦ
2392 1039 2598 1110 πατρὸς
2634 1037 2828 1110 ὑμῶν,
2860 1038 2959 1091 ὅσα
3007 1033 3325 1104 ἐντέλλομαι
3368 1031 3481 1103 (55)
3520 1031 3653 1100 ὑμῖν.
3699 1033 3779 1084 Καὶ

2255 1133 2362 1187 ἰδοὺ
2385 1130 2831 1202 ἐπιμαρτύρομαι
2863 1130 2991 1202 ύμῖν
3015 1128 3107 1182 τὸν
3133 1125 3268 1180 Θεὸν
3292 1124 3389 1179 τοῦ
3417 1123 3632 1196 ούρανοῦ
3654 1125 3779 1195 σήμε-

2256 1241 2344 1294 ρον
2374 1222 2467 1276 τοῦ
2505 1221 2578 1294 μὴ
2619 1220 2945 1293 πορευθῆναι
2970 1220 3026 1273 ὲν
3055 1220 3247 1291 ἀγνοίᾳ
3271 1216 3540 1286 νεότητος,
3574 1217 3657 1267 καὶ
3682 1233 3782 1286 πορ-

2252 1318 2393 1388 νείᾳ,
2420 1319 2478 1370 ὲν
2569 1315 2829 1387 ἐξεχύθην
2861 1314 2970 1383 ἐγὼ
2998 1312 3132 1383 (34),
3161 1312 3257 1365 καὶ
3289 1310 3493 1381 ἐμίανα
3523 1308 3614 1381 τὴν
3641 1309 3782 1378 κοίτην

2252 1407 2346 1462 τοῦ
2371 1410 2578 1480 πατρός
2603 1425 2704 1479 μου
2745 1404 2959 1459 Ἰακώϐ.
2978 1404 3139 1472 Λέγω
3157 1403 3268 1474 γὰρ
3289 1403 3443 1472 ὑμῖν,
3469 1401 3549 1454 ὅτι
3578 1400 3784 1470 ἐνέπληξὲ

2259 1517 2324 1570 με
2360 1499 2572 1572 πληγὴν
2611 1497 2852 1570 μεγάλην
2885 1497 2942 1548 ἐν
2967 1498 3087 1558 ταῖς
3121 1492 3316 1562 λαγόσι
3367 1509 3467 1563 μου
3496 1491 3599 1562 (55)
3620 1491 3698 1544 ἐπὶ
3718 1491 3786 1562 μῆ·

2256 1609 2352 1656 νας
2382 1592 2537 1645 ἐπτά·
2574 1591 2668 1643 καὶ
2691 1590 2740 1642 εἰ
2783 1589 2857 1660 μὴ
2905 1585 3099 1640 Ἰακὼϐ
3132 1587 3161 1639 ό
3192 1585 3384 1657 πατὴρ
3413 1583 3565 1655 ἡμῶν
3603 1583 3786 1653 προσηύ-

2258 1685 2386 1752 ξατο
2422 1683 2549 1755 περὶ
2588 1681 2723 1753 ἐμοῦ
2757 1681 2893 1754 πρὸς
2940 1679 3143 1751 Κύριον
3163 1719 3178 1743 ,
3212 1677 3378 1751 ῆθελε
3411 1676 3605 1748 Κύριος
3632 1675 3788 1729 ἀνελεῖν

2264 1793 2351 1848 με.
2393 1777 2578 1846 Ἤμην
2607 1774 2716 1846 γὰρ
2757 1772 2895 1826 ἐτῶν
2937 1773 3249 1843 τριάκοντα,
3288 1770 3381 1823 ὅτε
3421 1767 3623 1840 ἔπραξα
3650 1767 3789 1820 τὸπο-

2263 1869 2426 1940 νηρὸν
2473 1865 2701 1920 ἐνώπιον
2750 1863 2976 1936 Κυρίου·
3023 1863 3120 1916 καὶ
3159 1860 3302 1915 ἐπ·τά
3365 1859 3540 1930 μῆνας
3591 1857 3791 1928 ἐμαλακί-

2265 1962 2397 2033 σθην
2431 1959 2535 2023 ἓως
2556 1957 2806 2012 θανάτουο
2839 1955 2932 2009 καὶ
2953 1957 3009 2008 ἐν
3033 1954 3359 2026 προαιρέσει
3386 1951 3561 2022 ψυχῆς
3585 1967 3670 2020 μου
3693 1949 3790 2001 ἑπτὰ

2265 2054 2358 2125 ἔτη
2415 2051 2714 2124 μετενόησα
2759 2047 2988 2103 ἐνώπιον
3036 2047 3264 2118 Κυρίου.
3317 2040 3476 2099 Οἶνον
3515 2044 3602 2096 καὶ
3651 2043 3790 2108 σίκερα

2267 2143 2380 2217 (56)
2410 2145 2510 2197 ούκ
2549 2143 2720 2205 ἐπιον,
2755 2141 2850 2194 καὶ
2880 2139 3047 2212 κρέας
3074 2139 3173 2192 ούκ
3198 2136 3454 2209 εἰσῆλθεν
3482 2137 3560 2200 είς
3593 2135 3647 2188 τὺ
3667 2133 3790 2204 στόμα

2271 2254 2397 2309 μου·
2429 2237 2522 2291 κα).
2547 2237 2654 2289 πᾶν
2685 2235 2799 2303 (57)
2838 2234 3001 2305 ἄρτον
3046 2232 3345 2303 ἐπιθυμίας
3377 2231 3482 2283 οὐκ
3520 2226 3788 2296 ἐγευσάμην,

2269 2327 2478 2381 πενθῶν
2501 2327 2595 2379 ἐπὶ
2626 2328 2692 2397 τῇ
2723 2324 2970 2398 ἁμαρτίᾳ
3007 2341 3128 2394 μου,
3164 2323 3381 2394 μεγάλη
3423 2315 3632 2393 γὰρ
3654 2317 3789 2377 Καὶοὺ

2273 2419 2346 2491 μὴ
2371 2417 2593 2490 γένηται
2627 2418 2685 2470 ἐν
2707 2416 2785 2488 τῷ
2831 2415 3045 2488 Ἰσραὴλ
3067 2414 3258 2479 οὕτως’

2348 2556 2405 2608 B’
2451 2575 2468 2607 ι
2496 2555 2608 2610 Kal.
2647 2553 2742 2608 νῦν
2787 2553 3056 2610 ἀκούσατέ
3092 2570 3192 2624 μου
3213 2592 3227 2615 ,
3251 2552 3446 2609 τέκνα.
3481 2550 3517 2622 ἀ
3554 2545 3677 2603 εἶδον
3706 2549 3790 2617 περὶ

2269 2647 2379 2702 τῶν
2423 2646 2562 2700 ἑπτὰ
2588 2645 2914 2716 πνευμάτων
2949 2644 3050 2714 τῆς
3083 2643 3292 2714 πλάνης
3323 2642 3442 2713 (59)
3477 2642 3536 2694 ἐν
3576 2643 3637 2711 τῇ
3676 2655 3790 2710 μετα-

2273 2739 2392 2811 νοίᾳ
2419 2756 2540 2810 μου.
2572 2737 2743 2791 Ἑπτὰ
2770 2736 3056 2808 πνεύματα
3076 2735 3230 2806 ἐδόθη
3263 2734 3413 2791 κατά
3444 2732 3538 2786 τοῦ
3570 2728 3792 2801 ἀνθρώπου

2272 2831 2382 2884 ἀπὸ
2411 2831 2506 2885 τοῦ
2545 2830 2761 2912 Βελιάρ,
2800 2831 2896 2883 καὶ
2943 2828 3080 2884 αύτά
3125 2829 3233 2881 εἰσι
3277 2825 3495 2899 κεφαλὴ
3531 2823 3630 2877 τῶν
3668 2823 3793 2894 ἔργων

2274 2924 2368 2980 τοῦ
2404 2921 2794 2994 νεωτερισμοῦ·
2832 2921 2928 2976 καὶ
2981 2919 3122 2982 ἑπτὰ
3173 2919 3463 2989 πνεύματα
3486 2915 3652 2986 ἐδόθη
3691 2912 3794 2982 αὐτῷ

2280 3019 2371 3072 ἐπὶ
2409 3017 2510 3087 τῆς
2539 3017 2789 3081 κτίσεως,
2828 3014 2924 3068 τοῦ
2957 3010 3093 3067 εἶναι
3117 3015 3175 3066 ἐν
3201 3013 3387 3075 αὐτοῖς
3418 3013 3525 3064 πᾶν
3567 3009 3702 3081 ἔργον
3731 3008 3795 3060 ἀν-

2203 3097 2248 3158 C
2282 3109 2522 3181 θρώπου.
2557 3108 2778 3181 Πρῶτον
2805 3106 3019 3178 πνεῦμα
3054 3105 3219 3175 ζωῆς,
3267 3104 3390 3175 μεθ’
3419 3099 3486 3176 ἦς
3530 3103 3561 3174 ὴ
3599 3101 3796 3159 σύστασις

2281 3203 2391 3273 (60)
2421 3202 2683 3269 κτίζεται.
2721 3201 2980 3272 Δεύτερον
3002 3198 3218 3270 πνεῦμα
3245 3199 3515 3271 ὁράσεως,
3541 3195 3649 3268 μεθ’
3675 3189 3796 3266 ἦςγί-

2280 3312 2435 3350 νεται
2460 3293 2742 3364 ἐπιθυμία.
2769 3292 2963 3364 Τρίτον
2997 3289 3210 3361 πνεῦμα
3243 3290 3439 3361 ἀκοῆς,
3468 3287 3580 3360 μεθ’
3610 3281 3669 3358 ἦς
3690 3285 3795 3353 γίνε-

2277 3406 2366 3442 ται
2423 3385 2757 3440 διδασκαλία.
2801 3385 3068 3456 Τέταρτον
3107 3381 3325 3454 πνεῦμα
3373 3383 3689 3453 ὀσφρήσεως,
3713 3375 3797 3450 μεθ’

2279 3475 2346 3552 ἦς
2371 3481 2516 3534 ἐστιν
2542 3476 2731 3547 γεῦσις
2754 3476 3012 3548 δεδομένη
3041 3477 3121 3540 είς
3155 3474 3422 3547 συνολκὴν
3450 3474 3558 3545 (61)
3575 3473 3710 3544 ἀέρος
3733 3472 3798 3522 καὶ

2282 3574 2469 3644 πνοῆς.
2496 3570 2754 3644 Πέμπτον
2777 3567 2998 3640 πνεῦμα
3019 3568 3224 3631 λαλιᾶς,
3265 3567 3386 3638 μεθ’
3401 3560 3472 3639 ἧς
3487 3566 3676 3635 γίνεται
3695 3560 3796 3632 γνῶ-

2284 3685 2387 3731 σις.
2417 3667 2615 3723 Ἕκτον
2645 3663 2862 3734 πνεῦμα
2882 3661 3142 3731 γεύσεως,
3177 3660 3293 3732 μεθ’
3320 3655 3391 3732 ἧς
3419 3660 3617 3728 γίνεται
3649 3655 3798 3728 βρῶσις

2287 3758 2508 3833 βρωτῶν
2533 3758 2627 3811 καὶ
2649 3755 2828 3809 ποτῶν
2849 3754 2982 3826 (62),
3007 3756 3099 3808 καὶ
3126 3753 3278 3822 ἰσχὺς
3301 3753 3360 3805 ἐν
3394 3753 3572 3815 αὐτοῖς
3593 3748 3796 3812 κτίζων

2285 3855 2366 3908 δτι
2418 3854 2476 3907 ἐν
2532 3849 2808 3928 βρώμασιν
2870 3850 3016 3902 ἐστιν
3069 3849 3102 3918 ἡ
3147 3847 3442 3927 ὑπόστασις
3501 3845 3596 3914 τῆς
3647 3841 3797 3910 ἰσχύος.

2289 3925 2791 4016 Ἔόδομονπνεῦμα
2812 3942 3018 4013 σπορᾶς
3038 3940 3130 3992 καὶ
3155 3925 3463 4001 συνουσίας,
3492 3935 3601 4008 μεθ’
3629 3929 3686 4005 ἧς
3708 3947 3798 3984 συν-

2298 4035 2602 4108 εισέρχεται
2639 4032 2727 4087 διά
2759 4033 2858 4104 τῆς
2884 4029 3189 4102 φιληδονίας
3215 4031 3249 4100 ὴ
3274 4029 3534 4102 ἁμαρτία.
3571 4025 3660 4079 Διά
3685 4021 3799 4075 τοῦτο

2288 4127 2512 4198 ἔσχατόν
2545 4127 2660 4178 ἐστι
2686 4125 2785 4195 τῆς
2814 4122 3064 4185 κτίσεως,
3093 4119 3186 4173 καὶ
3209 4120 3424 4191 πρῶτον
3448 4119 3544 4189 τῆς
3569 4116 3771 4185 νεότητος
3787 4150 3798 4172 ,

2291 4219 2373 4272 ὅτι
2401 4214 2624 4285 ἀγνοίας
2651 4213 3026 4284 πεπλήρωται,
3053 4211 3148 4264 καὶ
3174 4211 3310 4282 αύτὴ
3345 4209 3437 4264 τὸν
3461 4207 3698 4278 νεώτερον
3719 4201 3798 4270 (63)

2289 4312 2475 4382 ὁδηγεῖ
2503 4309 2579 4374 ὡς
2599 4307 2796 4378 τυφλὸν
2831 4306 2924 4360 ἐπὶ
2951 4305 3160 4377 βόθρον,
3185 4306 3280 4358 κα)⁵
3305 4303 3380 4369 ὼς
3406 4303 3593 4374 κτῆνος
3611 4301 3690 4353 ἐπὶ
3706 4312 3800 4367 κρη-

2298 4420 2446 4476 μνον.

2368 4496 2439 4548 Γ’.
2483 4494 2645 4548 «Ἐπὶ
2666 4495 2799 4547 πᾶσι
2833 4491 3042 4555 τούτοις
3081 4491 3266 4560 ὄγδοον
3306 4489 3518 4561 πνεῦμα
3548 4485 3633 4539 τοῦ
3677 4484 3799 4535 ὕπνον

2294 4651 2348 4719 '5,
2375 4651 2528 4721 iuxta
2560 4647 2729 4721 LXX:
2765 4649 2852 4701 Ἐν
2876 4650 2994 4721 ταζς
3021 4647 3254 4721 ἡμέραις
3281 4645 3510 4721 ἐκείναις
3530 4641 3631 4709 ἐγὼ
3651 4631 3800 4721 savii}

2474 4720 2682 4795 πενθῶν
2703 4721 2850 4791 τρεῖς
2884 4705 3176 4795 assium;
3196 4705 3448 4795 fiespdiv:
3482 4705 3639 4795 ἄρτον
3653 4705 3799 4795 finiit:—

2297 4775 2435 4864 μῖἇῖν
2454 4793 2553 4864 οὐκ
2577 4775 2798 4864 ἔφαγόν,
2825 4775 2920 4842 καὶ
2943 4775 3109 4860 κρέας
3127 4775 3220 4842 καὶ
3233 4775 3373 4848 ὂῖνὸς
3389 4785 3487 4837 οὐκ
3511 4775 3724 4851 εἰσῆλθεν
3743 4775 3798 4832 εἰς

2291 4862 2354 4918 λεδ
2379 4862 2818 4939 Mea:er-

2367 4930 2491 5077 €57;~
2514 4930 2661 4986 Πᾶν.
2689 4932 2872 4985 Πάντα
2906 4930 3120 4985 melius.
3158 4930 3235 4983 In.

2390 5002 2592 5077 58_Ut
2638 5002 2968 5072 manifestem
3004 5001 3170 5056 vobis.
3225 5003 3235 5047 4

2390 4985 2480 5072 68)
2518 4985 2592 5056 Ut
2638 5002 2968 5072 manifestem
3004 5001 3170 5056 nobis.
3225 4997 3438 5054 Omissa
3477 5002 3614 5051 sunt.
3663 4985 3793 5044 Ibid”

2295 5074 2437 5146 apud
2467 5074 2684 5128 FABRIC.

2322 5123 2489 5230 Ϊῖέθῖ
2505 5123 2861 5230 maer
2884 5141 3004 5230 ,τῆς
3020 5123 3793 5230 314.4%.Eiiaq‘iiifil’“:

2295 5201 2443 5272 tibus
2465 5201 2694 5270 'errori's
2715 5255 2729 5278 ,
2769 5223 2821 5266 et
2867 5201 3726 5278 daeiﬁonihusiitinrurn'erudite.
3753 5201 3794 5246 ιιι

2297 5288 2456 5353 solet,
2483 5273 2756 5354 congessit
2772 5283 3073 5339 Cotelerius
3100 5283 3155 5336 in
3178 5281 3331 5336 Notis
3355 5281 3424 5334 ad
3446 5277 3638 5333 Henna:
3653 5273 3726 5326 lib.
3748 5280 3792 5332 ui

2295 5357 2540 5414 mandat.
2576 5356 2630 5409 2.
2662 5354 2831 5409 Gem.

2390 5427 2478 5498 60)
2511 5428 2830 5498 luctuose.
2857 5421 3216 5498 Κινησιςηιι).

2392 5494 2480 5566 61)
2512 5494 3075 5566 Συναζκήνῧολκήν.
3110 5497 3184 5549 In.

2394 5501 2453 5552 61
2512 5501 2848 5560 Συνολκήν.
2867 5501 3075 5566 Ὀλκήν.
3111 5501 3184 5549 In.

2394 5501 2507 5692 62ᾆῦ
2516 5564 2762 5634 Βρωτῶν
2792 5567 2887 5620 καὶ
2909 5566 3121 5620 ποτῶν.
3159 5564 3461 5637 Βρωμάτων
3483 5579 3537 5616 τε
3558 5557 3636 5614 καὶ
3660 5542 3790 5620 mp“

2296 5658 2423 5695 των.
2453 5655 2528 5692 ID.

2370 5709 2478 5782 (65)
2514 5707 2830 5776 Narin-spor.
2863 5707 3264 5779 Νεωτερισμόν.
3315 5708 3390 5766 in.

2368 5429 2390 5640 ἓ
