4002 6308
269 317 405 373 1041

1471 325 1993 388 TESTAMENTUM
2050 331 2140 389 RU
2152 331 2300 386 BEN.

3376 335 3518 393 1οη

260 439 403 540 ἐστὶ,
445 441 563 540 μεθ’
596 431 658 494 οὗ
680 443 902 518 ἐκτίσθη
933 446 1046 518 (64)
1073 449 1328 516 ἔκστασις
1371 452 1605 523 φύσεως,
1643 458 1735 510 καὶ
1769 429 1827 510 εί-

1947 477 2070 516 cum
2104 477 2215 536 quo
2237 471 2421 517 creata
2451 469 2536 518 est
2559 464 2796 522 exstasis
2823 475 3053 540 naturae,
3082 474 3136 522 et
3166 465 3349 537 imago
3373 478 3520 516 inor-

258 529 376 583 κὼν
409 531 502 585 τοῦ
530 533 778 590 θανάτου.
816 539 1036 606 Τούτοις
1071 546 1181 607 τοῖς
1225 544 1493 615 πνεύμασι
1542 548 1842 618 συμμίγνυ-

255 641 350 677 ται
380 625 442 677 τὸ
466 627 680 700 πνεῦμα
715 629 829 703 (65)
862 634 959 705 τῆς
989 636 1210 708 πλάνης.
1246 636 1467 708 Πρῶτον
1500 639 1560 692 τὸ
1583 641 1680 711 τῆς
1708 659 1840 713 πορ-

254 719 406 782 νείας
431 721 488 772 ἐν
523 724 588 792 τῇ
625 722 783 792 φύσει
819 727 912 778 καὶ
936 732 1054 792 ταῖς
1089 730 1403 801 αἰσθήσεσιν
1430 731 1689 799 ἔγκειται.
1721 734 1844 787 Δεύ-

253 826 415 882 τερον
452 813 667 884 πνεῦμα
692 815 993 887 ἀπληστίας
1024 821 1080 872 ἐν
1106 823 1170 891 τῇ
1201 821 1416 894 γαστρί.
1452 821 1646 894 Τρίτον
1674 823 1838 876 πνεῦ-

261 921 340 974 μα
379 905 558 975 μάχης
607 909 663 959 ἐν
701 907 777 979 τῷ
801 909 971 980 ἥπατι
997 912 1089 964 καὶ
1114 914 1179 983 τῇ
1208 912 1358 984 χολῇ.
1385 913 1656 985 Τέτάρτον
1682 916 1842 969 πνεῦ-

258 1015 338 1067 μα
394 998 684 1068 ἀρεσκείας
734 1001 827 1054 καὶ
880 1004 1234 1072 μαγγανείας,
1275 1005 1361 1058 ἵνα
1395 1005 1483 1059 διὰ
1523 1007 1840 1078 περιεργίας

251 1089 457 1161 ὡραῖος
486 1088 645 1163 ὀφθῇ.
681 1092 937 1165 Πέμπτον
973 1095 1187 1168 πνεῦμα
1216 1097 1611 1169 ὑπερηφανίας,
1638 1099 1723 1152 ἴνα
1760 1117 1842 1152 κι-

250 1183 410 1254 νῆται
457 1181 591 1252 (66),
639 1186 730 1238 καὶ
779 1187 1176 1261 μεγαλοφρονῇ.
1214 1191 1410 1244 Ἕκτον
1450 1191 1666 1262 πνεῦμα
1717 1191 1842 1262 ψεύ-

245 1272 392 1336 δους,
420 1275 478 1327 ἐν
501 1273 741 1348 ἀπωλείᾳ
776 1278 869 1330 κα).
905 1275 1050 1350 ζήλῳ
1074 1279 1167 1333 τοῦ
1202 1280 1453 1334 πλάττειν
1501 1280 1709 1350 λόγους,
1746 1283 1840 1336 καὶ

248 1366 516 1436 κρύπτειν
542 1366 732 1436 λόγους
755 1369 917 1423 αὐτοῦ
945 1371 1052 1425 ἀπὸ
1074 1371 1263 1440 γένους
1279 1373 1621 1428 καὶοίκείων.
1648 1375 1838 1428 ’Ἑϐδο-

253 1471 354 1524 μον
391 1455 608 1526 πνεῦμα
638 1457 870 1523 ἀδικίας,
899 1460 1016 1530 μεθ’
1047 1457 1114 1533 ἦς
1145 1461 1318 1533 κλοπὴ
1343 1463 1433 1516 καὶ
1457 1464 1835 1536 γρυπίσματα,

249 1545 338 1598 ἵνα
374 1548 580 1621 ποιήσῃ
608 1549 913 1622 φιληδονίαν
938 1553 1165 1623 καρδίας
1199 1552 1386 1607 αὑτοῦ.
1435 1555 1498 1606 Ἦ
1523 1553 1630 1626 γὰρ
1655 1555 1838 1610 ἀδικία

249 1643 507 1710 συνεργεῖ
547 1644 658 1704 τοῖς
701 1641 906 1707 λοιποῖς
944 1644 1216 1717 πνεύμασι
1253 1645 1340 1699 διὰ
1376 1647 1474 1717 τῆς
1498 1645 1833 1717 δολοληψίας.

263 1728 386 1782 Ἐπὶ
417 1731 552 1784 πᾶσι
597 1730 807 1797 τούτοις
843 1733 905 1786 τὸ
947 1733 1161 1806 πνεῦμα
1211 1734 1305 1787 τοῦ
1340 1733 1529 1797 ῦπνου,
1566 1734 1626 1787 τὸ
1649 1734 1834 1804 ὄγδοον

249 1819 491 1893 πνεῦμα,
541 1824 868 1878 συνάπτεται
912 1825 1085 1897 πλάνῃ
1137 1825 1248 1896 (67)
1284 1827 1376 1879 καὶ
1400 1827 1688 1898 φαντασίᾳ.
1727 1827 1836 1881 Καὶ
1867 1833 1909 1888 Β

244 1911 421 1978 οὕτως
469 1915 761 1970 ἀπόλλυται
801 1919 909 1980 πᾶς
942 1916 1226 1990 νεώτερος,
1272 1915 1534 1980 σκοτίζων
1573 1915 1665 1971 τὸν
1712 1916 1837 1972 νοῦν

246 2008 357 2062 ἀπὸ
391 2009 495 2080 τῆς
531 2009 809 2080 ἀληθείας,
862 2011 956 2063 καὶ
991 2009 1066 2082 μὴ
1115 2009 1310 2064 συνιὼν
1344 2011 1402 2064 ὲν
1439 2010 1517 2082 τῷ
1558 2011 1707 2082 νόμῳ
1740 2010 1834 2064 τοῦ

243 2098 401 2162 Θεοῦ,
426 2101 560 2172 μήτε
579 2101 870 2155 ὑπακούων
885 2101 1166 2165 νουθεσίας
1183 2101 1433 2174 πατέρων
1449 2100 1634 2166 αὐτοῦ,
1648 2100 1836 2174 ὥσπερ

246 2191 404 2259 κάγὼ
438 2191 637 2244 ἔπαθον
663 2193 718 2246 ὲν
743 2191 822 2263 τῷ
847 2192 1200 2265 νεωτερισμῷ
1230 2211 1352 2264 μου.
1370 2193 1482 2245 Καὶ
1504 2191 1620 2256 νῦν,
1647 2192 1830 2257 τέκνα,

242 2283 343 2352 τὴν
376 2282 634 2354 ἀλήθειαν
659 2283 1007 2355 ἀγαπήσατε,
1044 2284 1141 2338 καὶ
1175 2283 1312 2354 αὕτη
1341 2282 1632 2353 φυλάξεται
1665 2284 1830 2354 ὑμᾶς.

243 2375 492 2428 Διδάσκω
530 2375 704 2445 ὑμᾶς,
729 2373 998 2428 ἀκούσατε
1027 2373 1270 2446 Ῥουεὴμ
1292 2373 1386 2428 τοῦ
1421 2373 1623 2446 πατρὸς
1655 2375 1830 2447 ὑμῶν.

243 2467 336 2537 Μὴ
370 2465 664 2536 προσέχετε
703 2467 760 2520 ὲν
797 2465 916 2536 ὕψει
948 2466 1206 2537 γυναικὸς
1248 2465 1394 2537 (68),
1424 2466 1558 2537 μηδὲ
1603 2466 1831 2532 ίδιάζετε

247 2555 389 2627 μετά
413 2555 629 2628 θηλείας
665 2558 958 2631 ὑπάνδρου,
997 2559 1128 2630 μηδὲ
1159 2556 1586 2628 περιεργάζεσθε
1633 2559 1831 2632 πρᾶξιν

240 2646 537 2715 γυναικῶν.
569 2648 629 2701 Εἰ
657 2648 730 2721 μὴ
757 2649 864 2722 γὰρ
899 2646 1038 2703 εἶδον
1072 2649 1182 2719 ἐγὼ
1206 2650 1416 2703 Βάλλαν
1450 2649 1752 2723 λουομένην
1770 2651 1829 2704 ὲν

243 2739 500 2812 σκεπηνῴ
525 2740 694 2812 τόπῳ,
722 2742 820 2794 οὐκ
841 2741 1126 2796 ἐνέπιπτον
1147 2743 1227 2806 εἰς
1244 2741 1342 2812 τὴν
1366 2740 1596 2812 ἀνομίαν
1616 2741 1714 2814 τὴν
1737 2760 1831 2815 με-

241 2827 434 2899 γάλην.
465 2827 808 2884 Συλλαϐοῦσα
826 2830 984 2903 γὰρὴ
1009 2831 1217 2885 διάνοιά
1253 2847 1354 2901 μου
1383 2829 1483 2901 τὴν
1510 2833 1828 2899 γυναικείαν

239 2919 539 2989 γύμνωσιν,
577 2921 676 2974 οὐκ
703 2921 854 2974 εἴασέ
893 2940 959 2993 με
997 2922 1264 2987 ὑπνῶσαι,
1301 2921 1405 2984 ἕως
1440 2915 1501 2974 οῦ
1535 2921 1746 2994 ἔπραξα
1768 2922 1830 2978 τὸ

242 3010 538 3083 βδέλυγμα.
591 3013 844 3078 Ἀπόντος
885 3015 993 3084 γάρ
1042 3011 1234 3068 ’ἰακὼὸ
1281 3011 1376 3067 τοῦ
1418 3014 1628 3088 πατρὸς
1670 3013 1827 3085 ἡμῶν

239 3102 376 3173 πρὸς
413 3103 598 3157 Ἰσαὰκ
629 3105 722 3158 τὸν
748 3107 959 3178 πατέρα
986 3104 1172 3170 αὑτοῦ,
1196 3105 1366 3162 ὄντων
1385 3106 1542 3180 ἡμῶν
1558 3109 1615 3160 ὲν
1631 3103 1823 3176 Γαδὲρ,

238 3195 465 3266 πλησίον
501 3196 749 3269 Ἐφραθά
784 3197 894 3270 (69)
930 3194 1356 3272 οἷκον,Βηθλεὲμ
1391 3201 1526 3271 (70),
1555 3199 1734 3254 Βάλλα
1755 3193 1822 3270 ἦν

241 3288 515 3358 μεθύουσα
548 3289 641 3342 καὶ
666 3290 1005 3362 κοιμωμένη,
1045 3291 1138 3344 καὶ
1173 3291 1504 3355 ἀκαλύπτως
1538 3291 1824 3345 κατέκειτο

235 3380 294 3430 ἐν
320 3377 395 3450 τῷ
422 3378 656 3433 κοιτῶνι·
692 3379 867 3448 κάγὼ,
905 3379 1181 3445 εἰσελθὼν,
1211 3382 1309 3434 κα).
1337 3380 1458 3435 ἰδὼν
1481 3381 1582 3453 τὴν
1599 3381 1822 3453 γύμνω-

237 3487 324 3522 σιν
351 3471 540 3542 αύτῆς,
567 3470 778 3543 ἔπραξα
809 3472 906 3544 τὴν
943 3473 1218 3538 ἀσέϐειαν,
1256 3475 1349 3526 καὶ
1379 3472 1691 3527 καταλιπὼν
1724 3473 1821 3525 αὑ-

233 3562 336 3631 τὴν
375 3561 744 3634 κοιμωμένην,
790 3562 1028 3634 ἐξῆλθον.
1065 3565 1172 3618 Καὶ
1213 3564 1414 3630 εὐθέως
1451 3564 1678 3634 ἄγγελος
1724 3564 1818 3618 τοῦ

235 3651 372 3705 Θεοῦ
407 3653 724 3723 ἀπεκάλυψε
751 3653 828 3725 τῷ
852 3655 1020 3725 πατρί
1054 3673 1156 3726 μου
1197 3656 1392 3710 Ἰακὼὸ
1416 3657 1544 3728 περ).
1569 3657 1669 3728 τῆς
1693 3659 1820 3711 ἀσε-

233 3741 392 3806 ϐείας
416 3761 536 3814 μου·
568 3746 662 3798 καὶ
694 3743 861 3799 ἐλθὼν
883 3745 1095 3800 ἐπένθει
1121 3747 1206 3799 ἐπ’
1233 3747 1354 3818 ἐμὲ,
1387 3747 1581 3819 μηκέτι
1603 3747 1819 3818 ἁψάμε-

237 3852 331 3899 νος
352 3836 540 3907 αὐτῆς.

307 3950 380 4002 Δ’.
414 3967 431 3999 ι
457 3949 547 4021 Μὴ
569 3945 663 4004 οὖν
698 3952 990 4023 προσέχετε
1017 3952 1211 4018 κάλλος
1235 3955 1529 4023 γυναικῶν,
1569 3953 1706 4026 μηδὲ
1741 3954 1820 4006 ἐν-

229 4035 441 4097 νοεῖσθε
475 4043 572 4108 τὰς
608 4043 834 4116 πράξεις
856 4045 1052 4100 αὐτῶψ
1084 4046 1218 4101 ἀλλά
1251 4046 1546 4119 πορεύεσθε
1576 4049 1635 4100 ὲν
1661 4043 1820 4100 ἁπλό-

228 4154 357 4207 τητι
391 4136 647 4209 καρδίας,
693 4139 750 4190 ὲν
785 4137 934 4210 φόϐῳ
978 4139 1181 4211 Κυρίου
1207 4178 1222 4204 ,
1257 4140 1353 4193 καὶ
1407 4138 1730 4211 μοχθοῦντες
1762 4140 1818 4192 ὲν

231 4231 438 4301 ἔργοις,
475 4228 568 4282 καὶ
592 4228 1045 4301 ἀποπλανώμενοι
1078 4231 1136 4282 ὲν
1168 4231 1480 4302 γράμμασι,
1506 4230 1600 4284 καὶ
1624 4231 1681 4284 ὲν
1706 4232 1818 4294 τοῖς

231 4320 504 4391 ποιμνίοις
530 4320 704 4391 ὑμῶν,
731 4319 835 4384 ἕως
860 4323 888 4374 ὁ
914 4321 1118 4393 Κύριος
1151 4320 1264 4396 δώῃ
1305 4322 1433 4392 ὑμῖν
1461 4321 1714 4391 σύζυγον,
1749 4323 1817 4394 ἢν

228 4411 397 4474 αὐτὸς
424 4411 586 4475 θέλει,
622 4411 708 4467 ἵνα
745 4413 818 4484 μὴ
847 4411 1078 4484 πάθητε,
1111 4413 1190 4477 ὼς
1211 4412 1385 4483 κάγώ.
1418 4413 1710 4486 Ἀχρι(72)
1728 4431 1818 4467 τε-

1948 553 2038 607 tis.
2065 552 2161 610 His
2186 553 2466 623 spiritibus
2487 558 2876 613 commiscetur
2904 559 3128 629 spiritus
3155 560 3378 614 erroris.
3402 551 3520 609 Pri-

1946 660 2072 700 mus
2100 643 2478 702 fornirationis
2502 647 2554 701 in
2595 658 2786 704 natura
2819 656 2871 704 et
2903 649 3153 707 sensibus
3173 649 3391 705 insidet.
3416 648 3514 704 Se-

1945 734 2159 791 cundus
2209 737 2433 806 spiritus
2483 737 2909 793 insatiabilitatis
2955 740 3006 793 in
3040 748 3244 794 ventre.
3295 738 3513 796 Tertius

1946 829 2170 898 Spiritus
2199 845 2394 900 pugna:
2434 830 2487 884 in
2532 831 2726 900 bepate
2771 840 2822 885 et
2861 830 2986 885 bile.
3021 829 3259 897 Quartus
3287 829 3513 899 spiritus

1947 922 2231 992 placentia:
2259 931 2308 976 et
2343 922 2680 992 imposturaz,
2707 933 2765 976 ut
2783 938 2875 991 per
2895 921 3321 992 superfluitatem
3351 922 3513 977 deco-

1944 1029 2039 1068 rus
2070 1023 2350 1084 appareat.
2377 1003 2614 1080 Quintus
2648 1013 2874 1082 spiritus
2901 1014 3188 1084 superbize,
3218 1024 3279 1068 ut
3305 1027 3516 1067 movea-

1943 1113 2052 1169 tur,
2084 1117 2138 1160 et
2165 1123 2362 1176 magna
2397 1107 2592 1176 sapiat.
2639 1104 2838 1162 Sextus
2880 1106 3107 1176 spiritus
3136 1105 3426 1170 mendacii,
3455 1105 3513 1158 in

1941 1199 2245 1269 perditione
2275 1209 2329 1254 et
2360 1199 2475 1252 zelo
2506 1198 2741 1267 fingendi
2767 1214 3070 1263 sermones,
3097 1213 3301 1268 eosque
3331 1197 3513 1268 celan-

1940 1292 1994 1349 di
2035 1309 2063 1346 a
2093 1307 2287 1363 genere
2309 1301 2360 1346 et
2391 1292 2770 1346 familiaribus.
2804 1290 3082 1360 Septimus
3112 1291 3335 1360 spiritus
3366 1289 3512 1358 inju-

1941 1388 2121 1452 stitim,
2151 1402 2274 1440 cum
2303 1403 2408 1456 qua
2436 1387 2572 1442 fiunt
2605 1387 2810 1441 furtum
2843 1395 2897 1440 et
2926 1386 3305 1448 distortiones,
3339 1395 3396 1440 ut
3428 1386 3511 1445 fa-

1940 1480 2049 1535 ciat
2080 1478 2571 1548 concupiscentiam
2602 1478 2896 1547 voluptatis
2920 1479 3100 1533 cordis
3128 1480 3234 1534 sui.
3287 1478 3512 1548 injusti-

1940 1574 2015 1628 tia
2044 1573 2189 1626 enim
2219 1551 2545 1640 cooperatur
2573 1571 2795 1641 reliquis
2821 1570 3106 1634 spiritibus
3148 1586 3244 1641 per
3274 1571 3384 1625 doli
3418 1587 3508 1627 as-

1939 1663 2324 1734 sumptioucm.
2355 1663 2413 1714 lu
2433 1660 2686 1715 omnibus
2709 1662 2792 1717 his
2814 1662 3037 1732 spiritus
3054 1662 3254 1727 somni,
3283 1672 3514 1720 octavus

1940 1753 2183 1825 spiritus,
2226 1753 2509 1822 copulatur
2544 1766 2729 1807 errore
2758 1761 2807 1807 et
2826 1753 3135 1822 phantasia.
3167 1751 3233 1808 Et
3269 1754 3341 1808 ita
3371 1755 3512 1824 perit

1939 1849 2118 1905 omnis
2143 1847 2350 1917 junior,
2385 1845 2750 1901 obtenebrans
2795 1857 3031 1902 mentem
3075 1863 3104 1902 a
3150 1848 3412 1914 veritate,
3457 1860 3512 1904 et

1939 1956 2046 1996 non
2072 1940 2379 2010 intelligens
2409 1938 2579 2008 legem
2615 1938 2732 2005 Dei,
2757 1954 2937 2008 neque
2963 1939 3224 1994 obediens
3247 1939 3512 1996 doctrinm

1937 2043 2152 2105 patrum
2186 2048 2436 2098 suorum,
2468 2031 2928 2102 quemadmodum
2957 2041 3010 2086 et
3035 2048 3135 2102 ego
3163 2047 3360 2104 passus
3385 2049 3507 2090 sum

1938 2125 1991 2179 in
2023 2125 2308 2195 juventute
2337 2139 2476 2178 mea.
2510 2123 2576 2178 Et
2603 2137 2767 2186 nunc,
2800 2123 2893 2178 lilii
2919 2164 2935 2191 ,
2965 2124 3248 2200 veritatem
3279 2124 3506 2198 diligite,

1935 2224 1989 2270 et
2017 2217 2133 2285 ipsa
2163 2213 2435 2269 custodiet
2455 2229 2573 2268 vos.
2603 2213 2781 2269 Doceo
2810 2229 2930 2280 vos,
2964 2214 3150 2269 audite
3192 2214 3380 2270 Ruben
3413 2231 3511 2286 pa-

1935 2317 2073 2364 trem
2109 2317 2373 2364 vcstrum.
2408 2305 2487 2362 Ne
2519 2307 2814 2363 attendatis
2861 2307 3058 2364 visioni
3091 2309 3373 2374 mulieris,
3414 2327 3510 2366 ne-

1933 2415 2040 2470 que
2077 2400 2131 2454 in
2167 2409 2377 2455 secreto
2411 2399 2532 2454 sitis
2567 2414 2691 2452 cum
2725 2396 2930 2454 femina
2965 2415 3088 2469 quae
3117 2410 3198 2454 est
3232 2400 3337 2455 sub
3365 2401 3505 2467 viro,

1933 2506 2110 2561 neque
2165 2489 2699 2547 circumscrutemini
2749 2491 3121 2560 Operationem
3189 2491 3504 2548 mulierum.

1931 2585 2047 2642 Nisi
2073 2586 2218 2642 enim
2245 2585 2502 2640 vidissem
2545 2584 2751 2639 Ballam
2790 2585 3133 2639 balneantem
3161 2585 3216 2640 in
3249 2597 3510 2657 cooperto

1931 2680 2074 2745 loco,
2105 2694 2216 2734 non
2247 2678 2562 2735 incidissem
2597 2679 2652 2734 in
2685 2678 3027 2748 iniquitatem
3058 2692 3335 2748 magnam.
3369 2679 3507 2734 Con-

1930 2771 2140 2841 cipiens
2161 2771 2307 2826 enim
2333 2785 2486 2826 mens
2517 2785 2637 2824 mea
2683 2770 3002 2824 muliebrem
3039 2770 3363 2834 nuditatem,
3393 2785 3501 2824 non

1933 2863 2062 2918 sivit
2095 2878 2182 2916 me
2220 2862 2481 2928 dormire,
2506 2861 2681 2916 donec
2706 2870 2964 2932 operatus
2993 2876 3114 2915 sum
3138 2860 3507 2916 abominatio-

1931 2971 2078 3010 nem.
2106 2954 2347 3011 Absente
2369 2955 2512 3010 enim
2540 2951 2708 3010 Jacob
2753 2962 2903 3024 patre
2946 2962 3136 3009 nostro
3175 2955 3315 3023 apud
3349 2955 3504 3009 Isaac

1929 3055 2137 3117 patrem
2186 3062 2370 3113 suum,
2401 3046 2760 3101 existentibus
2808 3045 2964 3099 nobis
3001 3046 3056 3099 in
3087 3044 3286 3110 Gader,
3337 3062 3504 3118 prope

1930 3136 2169 3210 prrata
2193 3140 2391 3195 domus
2414 3139 2753 3206 Bethlehem,
2787 3137 2934 3193 Balla
2953 3148 3070 3194 erat
3090 3141 3262 3206 ebria,
3291 3148 3345 3194 et
3372 3141 3501 3196 dor-

1929 3237 2102 3291 miens
2124 3235 2360 3292 revelata
2375 3234 2588 3304 iacebat
2603 3233 2657 3288 in
2676 3233 2928 3288 cubiculo
2947 3251 2960 3287 :
2980 3242 3033 3288 et
3049 3248 3148 3303 ego
3165 3234 3496 3303 ingrediens.

1925 3340 1976 3384 et
2013 3329 2204 3383 videns
2246 3325 2546 3381 nuditatem
2585 3325 2788 3396 ipsius,
2829 3333 3086 3394 operatus
3144 3339 3263 3380 sum
3317 3325 3502 3396 impie-

1927 3427 2112 3484 tatem,
2153 3428 2206 3472 et
2243 3418 2624 3487 derelinquens
2665 3430 2784 3470 eam
2814 3416 3172 3471 dormientem
3194 3456 3210 3478 ,
3244 3432 3499 3487 egressus

1925 3527 2069 3568 sum.
2101 3509 2169 3564 Et
2194 3509 2480 3564 confestim
2521 3509 2747 3580 angelus
2783 3506 2876 3562 Dei
2914 3509 3175 3563 revelavit
3207 3511 3346 3579 patri
3378 3526 3499 3564 meo

1923 3601 2092 3657 Jacob
2121 3603 2190 3657 de
2227 3600 2506 3671 impietate
2536 3615 2684 3665 mea;
2717 3609 2770 3654 et
2812 3601 3035 3656 veniens
3072 3600 3293 3670 lugebat
3334 3616 3500 3672 super

1924 3708 2040 3773 me,
2069 3707 2178 3748 non
2211 3691 2448 3764 amplius
2477 3701 2704 3763 tangens
2733 3708 2876 3747 eam.

1991 3939 2081 3994 IV.
2109 3959 2128 3991 ‹
2147 3938 2226 3995 Ne
2250 3938 2414 4008 igitur
2431 3936 2724 3994 attendatis
2749 3937 3147 4008 pulchritudini
3176 3936 3494 4004 mulierum,

1923 4048 2101 4103 neque
2140 4033 2391 4105 cogitetis
2421 4032 2766 4104 Operationes
2809 4047 2997 4088 earum
3029 4049 3043 4098 ;
3093 4031 3186 4088 sed
3217 4032 3497 4088 ambulate

1921 4126 1976 4180 in
1995 4125 2343 4196 simplicitate
2359 4125 2560 4192 cordis,
2590 4125 2645 4180 in
2679 4125 2874 4180 timore
2897 4124 3134 4190 Domini,
3160 4132 3213 4178 et
3241 4123 3494 4182 laboran-

1919 4228 2003 4274 tes
2026 4219 2080 4274 in
2119 4219 2404 4288 operibus,
2431 4228 2485 4274 et
2513 4217 2874 4273 exercitantes
2902 4217 3014 4287 (71)
3045 4218 3283 4288 (vosmet)
3317 4219 3372 4272 in
3404 4218 3495 4273 lit-

1921 4310 2072 4376 teris,
2098 4319 2153 4365 et
2176 4326 2230 4365 in
2257 4309 2511 4382 gregibus
2531 4310 2751 4375 vestris,
2779 4310 2953 4365 donec
2977 4309 3244 4366 Dominus
3273 4311 3364 4366 det
3392 4327 3492 4366 vo-

1920 4402 2006 4457 bis
2030 4402 2318 4472 conjugem
2347 4416 2510 4471 quam
2538 4401 2652 4471 ipse
2666 4402 2802 4467 vult,
2821 4409 2880 4456 ut
2904 4417 3011 4457 non
3039 4403 3324 4472 patiamini
3349 4403 3492 4460 sicut

227 4501 426 4571 λευτῆς
457 4501 549 4555 τοῦ
573 4503 780 4574 πατρὸς
817 4502 974 4574 ἡμῶν
999 4503 1098 4556 οὐκ
1125 4500 1269 4574 εἶχον
1297 4505 1609 4576 παρρησίαν
1635 4504 1812 4558 ἀτενί-

1930 4503 1973 4549 et
1999 4509 2122 4565 ego.
2146 4493 2326 4564 Usque
2353 4494 2422 4549 ad
2459 4501 2688 4549 mortem
2704 4494 2874 4562 patris
2905 4495 3078 4548 nostri
3094 4510 3202 4549 non
3221 4495 3488 4552 habebam

229 4611 324 4646 σαι
347 4595 427 4658 είς
443 4594 731 4665 πρόσωπον
768 4593 977 4658 ’1ακὼ6,
996 4595 1029 4667 ἢ
1046 4595 1275 4667 λαλῆσαί
1289 4613 1394 4649 τινι
1415 4595 1524 4648 τῶν
1543 4595 1808 4668 ἀδελφῶν,

225 4685 319 4738 διὰ
340 4685 465 4748 τοὺς
486 4683 839 4754 ὀνειδισμούς.
891 4684 1001 4736 Καὶ
1034 4684 1140 4749 ἕως
1174 4685 1327 4757 νῦνή
1372 4686 1673 4759 συνείδησίς
1709 4705 1810 4758 μου

230 4779 450 4848 συνέχει
471 4796 536 4850 με
560 4779 807 4850 περὶτῆς
824 4779 1099 4852 ἁμαρτίας
1117 4798 1238 4850 μου.
1264 4782 1439 4850 Καίγε
1467 4783 1812 4855 παρεκάλεσέ

230 4885 303 4940 με
325 4869 353 4920 ὁ
377 4870 559 4942 πατήρ
597 4887 718 4941 μου,
745 4871 824 4924 ὅτι
865 4869 1066 4943 ηῠξατο
1089 4874 1217 4944 περὶ
1247 4871 1380 4944 ἐμοῦ
1407 4873 1542 4945 πρὸς
1573 4875 1664 4928 τὸν
1693 4875 1809 4929 Κύ-

326 5026 413 5096 et)
458 5027 726 5096 Ἑκτίσθη

328 5093 416 5233 65)
459 5097 526 5150 Τὸ
557 5093 897 5170 πνεῦμα.Τά
926 5093 1210 5170 πνεύματα
1245 5101 1457 5156 melius.
1489 5104 1567 5156 in.

328 5168 391 5222 66
447 5170 572 5223 Ἵνα
602 5169 855 5233 κινῆται.
892 5173 1196 5233 Καυχᾶται.
1229 5174 1304 5226 In.

300 5168 413 5240 (66)
447 5170 572 5223 Ἵνα
602 5168 855 5236 κινῆται.
892 5168 1196 5240 Καυχᾶται.
1229 5174 1304 5226 In.

449 5240 756 5312 [licitum
788 5243 904 5295 ἐστι
932 5239 1130 5312 πλάνη.
1167 5242 1237 5296 lu

300 5306 410 5450 (68)
459 5311 552 5363 Ἐν
577 5311 711 5378 ὄψει
745 5314 1044 5380 γυναικός.
1069 5306 1161 5376 Εἰς
1181 5314 1302 5382 ὄψιν
1333 5314 1662 5382 γυναικείαν.
1690 5315 1766 5371 In.

325 5380 412 5449 69)
462 5381 712 5449 Ἐςρραθά
763 5381 889 5437 Haec
914 5400 980 5436 ex
1009 5382 1142 5438 Gen.
1181 5400 1342 5449 xxxv,
1370 5385 1460 5449 21,
1492 5401 1646 5450 seqq.
1679 5403 1766 5440 nat

325 5380 412 5449 69)
462 5381 712 5455 'Egpaoci
736 5453 743 5455 ἓ
763 5381 889 5437 Haec
914 5400 980 5436 ex
1009 5382 1142 5438 Gen.
1181 5380 1460 5449 xxxv,721,
1492 5401 1646 5455 seqq.
1679 5403 1809 5440 nar-

226 5461 420 5523 rantur
452 5469 464 5504 :
511 5452 754 5523 Ἑφραθά
780 5462 960 5508 autem
984 5457 1186 5508 mentio
1211 5456 1266 5508 lit
1295 5452 1622 5523 praecedenti
1644 5473 1692 5508 v.
1717 5458 1805 5518 l9,

225 5523 316 5575 ubi
345 5520 814 5579 Hebraeustextus
840 5527 906 5578 de
937 5542 1000 5579 ea
1031 5526 1106 5580 ait
1137 5544 1149 5578 ι
1181 5520 1419 5585 lam-nl:
1445 5525 1704 5585 malim
1731 5537 1804 5582 est

224 5593 546 5668 Bellilehem.
581 5592 1007 5668 Similiter_LXX
1036 5613 1051 5649 :
1085 5595 1229 5666 Αὕτη
1258 5596 1374 5668 ἐστὶ
1405 5596 1666 5668 Βηθλεέμ.
1702 5597 1806 5651 Sed

221 5672 278 5718 et
309 5661 615 5735 Demetrius
652 5667 792 5733 apud
835 5664 1036 5721 Euseb.
1066 5668 1156 5719 lib.
1193 5661 1242 5718 ix
1276 5661 1572 5735 Prwpa'rat.
1598 5661 1803 5735 évang.,

225 5733 476 5808 (ιαμβι,
496 5736 885 5808 εςιῃεοῃιὶι-Ιιίε
909 5738 1098 5808 verbis
1128 5756 1138 5790 :
1169 5736 1361 5790 Ἔνθεν
1396 5733 1803 5808 παραγενέσθαι

224 5806 303 5868 είς
349 5804 609 5874 Ἐφραθά,
649 5805 712 5876 ἣν
739 5802 876 5861 εἶναι
905 5807 1171 5881 Βηθλεέμ.
1203 5808 1439 5881 Indeque
1482 5802 1595 5879 ipse
1635 5807 1805 5864 Eusc-

734 5069 747 5081 .
797 5029 1131 5101 Ἐσκοτίσθη.
1166 5033 1244 5084 ιι).

1916 4589 2170 4645 fiduciam
2200 4587 2500 4658 aspiciendi
2538 4588 2591 4642 in
2624 4586 2819 4644 faciem
2855 4586 3022 4644 Jacob
3051 4630 3066 4654 ,
3107 4589 3190 4644 vel
3233 4590 3489 4660 loquendi

1913 4682 2076 4737 alicui
2120 4681 2385 4746 fratrum,
2423 4691 2647 4752 propter
2666 4679 2980 4750 opprobria.
3030 4679 3096 4735 Et
3133 4697 3308 4752 usque
3343 4699 3490 4738 nunc

1913 4773 2244 4830 conscientia
2271 4789 2391 4827 mea
2422 4773 2633 4827 cruciat
2648 4788 2735 4827 me
2758 4773 2824 4827 de
2849 4782 3073 4842 peccato
3105 4790 3246 4829 meo.
3269 4773 3336 4828 Et
3359 4789 3491 4830 con-

1914 4867 2126 4922 solatus
2151 4877 2236 4920 est
2273 4879 2361 4919 me
2387 4874 2543 4934 pater
2567 4880 2746 4931 meus,
2779 4866 3039 4936 quoniam
3072 4870 3247 4922 oravit
3281 4881 3380 4936 pro
3402 4881 3489 4922 me

1914 5033 2036 5087 bius
2062 5031 2154 5085 lib.
2180 5047 2254 5084 vn
2298 5029 2773 5102 Demonstrationis
2820 5032 3075 5102 evangel.,
3100 5048 3223 5102 pag.
3262 5031 3387 5096 547,
3418 5047 3485 5086 ex

1912 5104 2145 5174 allegato
2179 5100 2616 5174 locolleneseos
2657 5102 2797 5156 idem
2831 5100 3012 5174 docet.
3040 5100 3245 5158 contra
3292 5112 3484 5174 auctor

1915 5171 2239 5227 Tesiumenti
2277 5171 2457 5225 Ruben
2487 5174 2540 5225 in
2572 5173 2753 5228 citatis
2786 5173 2965 5229 verbis
2994 5174 3207 5227 videtur
3237 5174 3352 5227 hazc
3375 5173 3484 5228 duo

1910 5244 2281 5313 distinguere,
2327 5252 2379 5296 et
2429 5241 2725 5311 Ephratam
2761 5244 2937 5299 facere
2974 5245 3197 5298 domum
3246 5244 3298 5296 in
3352 5245 3485 5299 urbe

1911 5315 2229 5369 Bethlebem
2267 5332 2280 5368 :
2313 5313 2421 5368 nisi
2466 5315 2607 5369 forte
2644 5314 2939 5384 aliquis_ad
2984 5313 3283 5384 marginem
3322 5313 3484 5368 inter-

1910 5383 2230 5456 pretationis
2267 5385 2436 5453 gratia
2469 5380 2781 5456 ascripserit
2810 5380 2960 5456 οἷκον
2997 5380 3194 5455 ἀρτόυ,
3239 5392 3295 5438 et
3336 5388 3484 5452 prior

1909 5473 2012 5510 vox
2049 5455 2174 5510 inde
2224 5456 2277 5510 in
2319 5465 2522 5508 textum
2567 5455 2874 5523 irrepserit,
2924 5471 3083 5520 quem
3133 5466 3483 5511 corrccmrus

1910 5536 2121 5596 postea,
2147 5526 2265 5598 sive
2297 5525 2688 5598 explanaturus
2724 5525 2768 5579 is
2799 5527 2892 5594 qui
2923 5524 3286 5580 Oxoniensetu
3330 5528 3483 5582 codi-

1910 5613 2026 5651 cem
2051 5597 2292 5664 scuipsit,
2325 5597 2384 5648 ἐν
2412 5597 2530 5649 loco
2562 5597 2708 5648 οἰκον
2735 5598 2935 5663 po~uit.
2976 5598 3052 5650 In.

2003 5667 2092 5738 7o)
2129 5666 2309 5738 gum:
2336 5664 2622 5735 Βηθλεέμ.
2648 5666 2759 5738 ξεν
2789 5667 3050 5738 Βηθλεέμ.
3079 5669 3158 5724 lo.

2008 5735 2094 5798 Ἡ)
2122 5735 2504 5791 Exercitum“.
2543 5738 2598 5789 In
2635 5735 2824 5793 Gl'a‘co
2859 5735 3117 5798 errantes.
3151 5743 3230 5796 lo.

1981 5807 2092 5878 (7‘2)
2125 5808 2312 5874 Ἀχρι.
2345 5809 2462 5860 ’Ὁτι
2490 5807 2634 5880 ἄχρι.
2667 5817 2740 5861 In.
