4002 6308
589 332 729 386 1045

1588 309 2048 371 TES'I'AMENTA
2090 305 2184 360 XII
2215 297 2832 360 PATRIARCHARUM.

3670 287 3778 343 10“

586 444 656 500 ad
698 442 1018 503 Dominum,
1061 446 1120 496 ut
1145 447 1387 496 transeat
1441 453 1472 493 a
1515 450 1600 488 me
1644 435 1724 488 ira
1757 431 1992 495 Domini,
2021 429 2160 484 sicut

2268 440 2397 494 ριον,
2434 422 2519 473 ἵνα
2557 417 2802 491 παρέλθῃ
2826 416 2918 470 ἀπ’
2945 412 3079 503 ἐμοῦ
3111 414 3142 484 ἡ
3166 409 3305 482 ὀργὴ
3328 405 3632 503 Κυρίουᾳφυς
3651 405 3783 472 ἕδειξέ

583 537 824 594 ostendit
845 536 976 590 mihi
1007 535 1288 590 Dominus.
1315 532 1389 587 Ex
1415 547 1480 587 eo
1502 531 1664 600 igitur
1692 537 1932 598 tempore
1965 531 2142 581 custo-

582 633 730 688 ditus
754 646 875 686 sum
899 671 914 696 ,
942 637 996 683 et
1026 643 1133 682 non
1178 625 1418 696 peccavi.
1451 623 1677 694 Pr0pter
1705 623 1806 675 hoc
1831 662 1846 684 ,
1883 619 1974 673 filii
2026 615 2151 679 mei,

584 722 852 778 custodite
864 720 1044 774 omnia
1063 731 1398 789 quaecunque
1420 716 1618 770 mando
1641 713 1885 778 vobis,et
1902 725 2010 762 non
2032 721 2159 777 pec-

584 817 798 873 cabitis.
826 813 1064 868 Perditio
1081 813 1223 866 enim
1252 812 1448 865 animae
1469 820 1553 863 est
1574 805 1881 868 fornicatio,
1909 801 2157 857 dividens

585 925 616 965 a
653 907 784 969 Deo,
830 916 884 960 et
931 903 1368 975 appmpinquare
1415 901 1623 954 faciens
1673 899 1862 964 idolis;
1895 894 2154 967 quoniam

585 999 702 1070 ipsa
740 1001 792 1053 in
815 1013 1055 1053 errorem
1083 996 1234 1051 ducit
1261 996 1596 1050 intellectum
1628 1003 1681 1046 et
1706 1000 1963 1056 mentem,
1993 996 2046 1044 et
2061 987 2160 1040 de-

584 1091 732 1146 ducit
750 1090 974 1159 juvenes
995 1089 1061 1143 ad
1080 1087 1351 1142 infernum
1370 1095 1494 1141 ante
1507 1094 1720 1154 tempus
1737 1081 1872 1154 (π’)
1893 1081 2155 1151 ipsorum.

584 1182 720 1262 Nam
754 1182 960 1236 multos
1005 1179 1239 1250 perdidit
1278 1178 1602 1241 fornicatio;
1653 1175 1912 1246 quoniam
1949 1173 2052 1228 etsi
2092 1172 2162 1226 sit

587 1261 784 1344 aliquis
809 1289 998 1337 senex,
1039 1273 1123 1326 vel
1163 1271 1383 1336 nobilis,
1425 1269 1781 1340 opprobrium
1814 1265 1990 1336 ipsum
2032 1261 2162 1316 facit

588 1365 730 1436 apud
768 1364 946 1418 Beliar
968 1372 1021 1416 et
1049 1362 1190 1417 filios
1217 1361 1524 1417 hominum.
1546 1358 1684 1424 Quia
1701 1358 1844 1413 enim
1867 1355 2162 1412 custodivit

589 1459 826 1527 seipsum
846 1455 1044 1524 Josepb
1064 1456 1130 1509 ab
1148 1456 1294 1510 omni
1318 1453 1564 1517 muliere,
1583 1460 1637 1505 et
1655 1449 2010 1520 cogitationes
2033 1463 2160 1518 pur-

590 1550 736 1617 gavit
769 1550 837 1604 ab
868 1549 1017 1603 omni
1052 1547 1434 1610 fornicatione,
1479 1545 1684 1598 Invenit
1713 1543 1942 1614 gratiam
1973 1555 2159 1597 coram

595 1644 822 1700 Domino
853 1651 907 1698 et
932 1641 1269 1697 hominibus.
1304 1639 1516 1693 Etenim
1551 1637 1721 1691 multa
1767 1635 1893 1689 fecit
1921 1634 1969 1688 ei
1997 1633 2164 1704 :‘Egy-

593 1738 726 1806 ptia,
753 1745 807 1790 et
830 1751 1019 1805 magos
1062 1733 1366 1798 advocavit,
1395 1741 1448 1786 et
1473 1732 1762 1801 pharmaca
1781 1729 1828 1783 ei
1859 1727 2084 1790 obtulit;
2109 1735 2164 1780 et
2197 1768 2238 1820 Β

595 1844 701 1884 non
734 1826 974 1897 suscepit
998 1826 1290 1882 consilium
1319 1825 1516 1879 anima:
1537 1823 1656 1893 ejus
1683 1820 2010 1877 desiderium
2040 1835 2164 1890 per-

595 1921 884 1976 niciosum.
921 1919 1148 1990 Propter
1179 1920 1283 1974 hoc
1309 1917 1451 1972 Deus
1488 1927 1701 1987 patrum
1743 1929 1988 1970 meorum
2020 1911 2163 1967 eruit

595 2029 720 2069 eum
755 2015 823 2068 ab
853 2015 1003 2069 omni
1031 2012 1236 2068 visibili
1265 2021 1320 2066 et
1353 2010 1674 2066 abscondita
1704 2017 1897 2062 morte.
1933 2007 1988 2060 Si
2019 2005 2162 2059 enim

596 2121 704 2159 non
737 2105 1029 2175 praevaleat
1067 2104 1356 2162 fornicatio
1385 2103 1574 2168 menti,
1608 2117 1784 2171 neque
1824 2099 2003 2154 Beliar
2025 2113 2164 2168 pra:-

597 2197 798 2254 V'alebit
829 2197 1002 2253 vobis.

676 2349 740 2404 ν.
778 2369 794 2401 ι
852 2349 1181 2405 Perniciosa:
1223 2357 1352 2405 sunt
1385 2349 1661 2412 mulieres,
1714 2347 1808 2402 lilii
1849 2347 1991 2410 mei;
2033 2361 2170 2415 quo-

602 2451 750 2508 niam
785 2466 891 2503 non
935 2449 1195 2503 habentes
1233 2455 1554 2517 potestatem
1597 2448 1678 2501 vel
1709 2446 1963 2500 virtutem
2010 2459 2173 2513 super

604 2542 881 2596 hominem
916 2585 928 2607 ,
969 2541 1155 2595 dolose
1184 2548 1352 2610 agunt
1393 2541 1446 2594 in
1479 2539 1691 2604 formis,
1738 2537 2013 2610 quomodo
2047 2551 2172 2590 eum

604 2638 668 2692 ad
702 2637 848 2706 ipsas
897 2635 1207 2700 attraham;
1253 2643 1307 2689 et
1351 2649 1510 2704 quem
1548 2648 1643 2702 per
1667 2631 2036 2686 fortitudinem
2066 2645 2173 2684 non

605 2737 836 2798 possunt
879 2728 1117 2792 vincere,
1171 2728 1316 2782 hunc
1359 2742 1453 2796 per
1508 2725 1881 2795 deceptionem
1929 2723 2171 2777 vincunt.

603 2820 870 2888 Quoniam
897 2829 952 2874 et
988 2820 1054 2874 de
1085 2820 1166 2873 eis
1192 2819 1329 2872 dixit
1357 2818 1488 2871 mihi
1522 2818 1748 2887 angelus
1773 2816 1886 2883 Dei,
1916 2825 1970 2870 et
1993 2817 2178 2872 docuit

605 2929 711 2970 me.
745 2913 886 2982 quod
927 2911 1182 2965 mulieres
1208 2911 1497 2964 vincuntur
1521 2927 1550 2965 a
1575 2909 1767 2979 spiritu
1804 2908 2177 2965 fornicationis

605 3021 767 3073 supra
796 3005 1070 3057 hominem
1092 3046 1106 3068 ,
1141 3011 1195 3059 et
1223 3004 1276 3056 in
1305 3005 1469 3056 corde
1501 3003 1887 3056 machinantur
1917 3002 2178 3056 adversus

2259 530 2347 583 μοι
2383 512 2605 582 Κύριος.
2657 507 2788 560 ’Λπδ
2809 506 2931 558 τότε
2952 499 3044 557 οὖν
3075 502 3184 571 (7'5)
3227 495 3686 568 παρεφυλαξὰμην,
3715 499 3785 551 καὶ

2255 607 2353 676 οὐχ
2377 607 2643 675 ἥμαρτον.
2669 601 2768 655 Διά
2781 598 2959 660 τοῦτο,
2985 596 3149 649 τέκνα
3177 611 3300 664 μου,
3327 587 3616 659 φυλάξασθε
3630 589 3783 649 πάνται

2257 701 2356 752 ὅσα
2390 695 2706 765 ἐντέλλομαι
2748 694 2898 762 ὑμῖν,
2936 689 3032 743 καὶ
3072 688 3131 740 οὑ
3175 685 3250 756 μὴ
3291 684 3644 754 ἁμαρτήσετε.
3670 679 3787 732 Ὀλε-

2259 791 2384 861 θρος
2399 787 2506 859 γάρ
2530 787 2706 858 ψυχῆς
2731 787 2876 837 ἐστιν
2899 780 3173 854 ἡπορνεία
3200 777 3338 847 (74),
3366 774 3655 847 χωρίζουσα
3667 772 3786 831 Θεοῦ.

2259 881 2354 934 καὶ
2381 878 2813 951 προσεγγίζουσα
2848 877 2960 937 τοῖς
2988 870 3246 934 εἰδώλοις,
3282 869 3368 921 ὅτι
3394 867 3530 935 αὐτή
3558 865 3659 918 ἐστι
3691 865 3789 918 πλα-

2261 972 2410 1025 νῶσα
2446 970 2538 1023 τὸν
2563 967 2686 1020 νοῦν
2715 966 2810 1019 καὶ
2841 965 2938 1035 τὴν
2973 964 3211 1017 διάνοιαν
3231 1001 3244 1024 ,
3287 959 3388 1011 καὶ
3420 957 3640 1023 κατάγει
3660 958 3791 1008 νεανί-

2261 1080 2426 1127 σκους
2452 1063 2532 1125 εἰς
2561 1060 2692 1132 ᾃδην
2727 1058 2826 1112 οὐκ
2851 1058 2908 1109 ἐν
2945 1055 3120 1127 καιρῷ
3140 1053 3344 1106 αὐτῶν.
3362 1049 3476 1103 Καὶ
3498 1047 3601 1119 γὰρ
3618 1048 3792 1112 πολλοὺς

2260 1153 2537 1210 ἀπώλεσεν
2562 1153 2595 1221 ἡ
2631 1149 2874 1221 πορνεία·
2902 1148 2983 1200 ὅτι
3008 1146 3109 1199 κᾶν
3193 1160 3278 1206 τις
3316 1141 3518 1212 γέρων,
3539 1139 3572 1207 ἢ
3599 1138 3791 1208 εὐγενὴς,

2260 1245 2460 1309 ὄνειδος
2497 1243 2659 1296 αὑτὸν
2700 1239 2814 1310 (75)
2863 1241 3007 1292 ποιεί
3054 1235 3206 1308 παρὰ
3246 1233 3328 1306 τῷ
3363 1231 3580 1302 Βελιὰρ,
3619 1231 3792 1292 καὶτοῖς

2262 1341 2397 1402 υἱοῖς
2435 1335 2544 1388 τῶν
2583 1330 2903 1404 ἀνθρώπων.
2957 1328 3174 1400 Ἐπειδὴ
3213 1327 3328 1397 γὰρ
3364 1324 3621 1396 ἐφύλαξεν
3652 1324 3793 1376 ἑαυτὸν

2276 1426 2470 1497 Ἰωσὴφ
2493 1424 2600 1478 ἀπὸ
2626 1425 2806 1492 πάσης
2837 1421 3115 1490 γυναικὸς,
3145 1421 3240 1473 καὶ
3273 1419 3378 1480 τὰς
3420 1416 3621 1478 ἐννοίας
3645 1415 3795 1468 ἐκαθά-

2267 1537 2412 1591 ρισεν
2439 1518 2546 1572 ἀπὸ
2571 1516 2750 1586 πάσης
2785 1515 3058 1587 πορνείας,
3087 1507 3244 1582 εὗρεν
3281 1510 3450 1582 χάριν
3492 1507 3700 1560 ἐνώπιον
3717 1508 3796 1560 Κυ-

2267 1609 2382 1680 ρίου
2418 1609 2512 1660 καὶ
2544 1603 2865 1676 ἀνθρώπων.
2907 1603 3017 1655 Καὶ
3050 1600 3158 1671 γὰρ
3192 1599 3369 1652 πολλὰ
3403 1596 3649 1666 ἐποίησεν
3692 1598 3798 1666 αυτῷ

2263 1704 2296 1772 ἡ
2323 1700 2628 1768 Αἰγυπτία,
2665 1697 2760 1751 καὶ
2801 1695 3006 1766 μάγους
3043 1691 3418 1763 παρεκάλεσε,
3458 1689 3554 1743 καὶ
3589 1689 3798 1759 φάρμακα

2264 1789 2410 1860 αὐτῷ
2445 1789 2805 1860 προσήνεγκε·
2850 1783 2944 1836 καὶ
2970 1783 3069 1835 οὐκ
3096 1780 3314 1846 ἐδέξατο
3344 1779 3408 1832 τὸ
3432 1777 3708 1832 διαϐούλιον

2263 1879 2436 1950 ψυχῆς
2471 1875 2632 1932 αὐτοῦ
2686 1871 2978 1943 ἐπιθυμίαν
3019 1869 3284 1940 πονηράν.
3323 1865 3429 1919 Διὰ
3463 1864 3615 1918 τοῦτο
3645 1864 3670 1915 ὁ
3706 1863 3797 1923 Θεὸς

2264 1970 2372 2024 τῶν
2407 1969 2656 2039 πατέρων
2688 1984 2787 2037 μου
2813 1962 3080 2035 ἐρρύσατο
3105 1960 3266 2014 αὑτὸν
3295 1958 3410 2011 ἀπὸ
3439 1956 3631 2018 παντὸς
3653 1953 3797 2026 ὁρατοῦ

2267 2066 2362 2119 καὶ
2393 2060 2774 2134 κεκρυμμένου
2803 2055 3053 2108 θανάτου.
3090 2052 3214 2106 Ἐὰν
3248 2052 3362 2122 γὰρ
3394 2049 3471 2121 μὴ
3499 2045 3796 2117 κατισχύσῃή

2269 2154 2491 2227 πορνεία
2529 2152 2627 2223 τὴν
2677 2151 2881 2204 ἔννοιαν
2918 2147 3052 2220 (76),
3087 2145 3207 2199 οὐδέ
3243 2147 3272 2198 ὁ
3313 2141 3519 2212 Βελιὰρ
3545 2139 3798 2207 κατισχύσει

2272 2247 2445 2319 ὑμῶν.

2341 2340 2414 2392 E'.
2457 2356 2474 2389 ι
2504 2334 2742 2408 Πονηραί
2775 2335 2909 2386 είσιν
2930 2333 2986 2386 αἱ
3018 2333 3296 2400 γυναῖκες,
3324 2329 3496 2382 τέκνα
3527 2342 3640 2396 μου,
3662 2323 3728 2375 ὃτι
3749 2321 3798 2390 μὴ

2270 2431 2484 2501 ἔχουσαι
2524 2427 2770 2494 ἐξουσίαν
2799 2425 2831 2495 ἢ
2865 2423 3092 2494 δύναμιν
3127 2422 3218 2474 ὲπί
3241 2420 3335 2473 τὸν
3375 2418 3672 2488 ἄνθρωπον,
3703 2412 3798 2466 δολι-

2270 2522 2480 2575 εύονται
2507 2522 2563 2573 ἐν
2599 2520 2856 2588 σχήμασι,
2895 2516 3010 2578 πῶς
3055 2513 3214 2566 αὐτὸν
3245 2511 3385 2583 πρὸς
3418 2507 3587 2570 αὐτὰς
3622 2503 3798 2558 ἐπισπό-

2271 2630 2468 2666 σωνται
2493 2629 2506 2642 °
2544 2611 2637 2664 καὶ
2667 2609 2724 2661 ὃν
2747 2608 2832 2662 διὰ
2855 2605 3136 2676 δυνάμεως
3163 2603 3264 2656 οὐκ
3294 2601 3544 2672 ἰσχύουσι
3563 2594 3800 2665 καταγωνί-

2272 2705 2486 2766 σασθαι,
2513 2702 2698 2756 τοῦτον
2721 2701 2786 2754 δι’
2822 2700 3037 2771 άπάτης
3070 2693 3556 2764 καταγωνίζονται.
3594 2692 3800 2743 “Orrui-

2269 2814 2334 2866 γε
2368 2796 2495 2866 περὶ
2517 2794 2694 2847 αὐτῶν
2720 2789 2840 2846 εἶπέ
2870 2793 3008 2863 μοιὸ
3033 2789 3264 2858 ἄγγελος
3298 2787 3397 2840 τοῦ
3431 2785 3566 2838 Θεοῦ
3587 2825 3600 2848 ,
3634 2780 3799 2835 misi!-

2269 2888 2395 2955 δαξέ
2441 2905 2528 2957 με,
2574 2887 2654 2939 ὅτι
2688 2885 2742 2938 ai
2774 2887 3030 2954 γυναῖκες
3056 2880 3325 2954 ἡττῶνται
3351 2879 3433 2950 τῷ
3460 2877 3708 2948 πνεύματι
3735 2873 3800 2941 τῆς

2272 2979 2527 3052 πορνείας
2562 2978 2702 3049 ὑπὲρ
2728 2977 2820 3030 τὸν
2856 2975 3174 3046 ἄνθρωπον,
3220 2974 3315 3026 καὶ
3347 2974 3407 3025 ἐν
3443 2969 3631 3042 καρδίᾳ
3671 2982 3801 3038 μηχα-

606 3095 877 3160 homincs,
923 3103 978 3147 et
1007 3110 1104 3161 per
1132 3101 1386 3151 ornatum
1414 3107 1601 3146 errare
1641 3091 1850 3147 faciunt
1875 3093 2051 3163 primo
2085 3108 2172 3148 eo-

2273 3069 2466 3123 νῶνται
2495 3067 2634 3122 κατὰ
2664 3066 2773 3120 τῶν
2807 3064 3132 3138 ἀνθρώπιον,
3156 3065 3250 3118 καὶ
3283 3063 3375 3117 διὰ
3408 3063 3508 3134 τῆς
3541 3059 3802 3130 κοσμήσεως

2317 3162 2332 3170 -
2424 3161 2447 3170 -
2631 3161 2642 3170 .
2697 3159 2721 3170 -ι
2890 3157 2914 3168 α
3101 3157 3111 3170 ι
3195 3155 3218 3170 α
3350 3155 3362 3170 ι
3575 3155 3587 3170 ι
3638 3152 3658 3170 ο
3689 3149 3709 3170 ὶ
3737 3146 3800 3170 --2

607 3202 726 3239 rum
773 3194 1003 3251 mentes,
1051 3194 1104 3238 et
1142 3202 1238 3256 per
1283 3187 1459 3240 visum
1496 3201 1761 3239 venenum
1798 3186 2075 3251 inserunt,
2124 3194 2172 3241 et

2275 3161 2546 3215 πλανῶσιν
2586 3159 2763 3214 αὐτῶν
2803 3157 3016 3229 πρῶτον
3057 3157 3157 3220 τὰς
3191 3155 3455 3222 διανοίας,
3507 3155 3597 3209 καὶ
3634 3149 3710 3204 διὰ
3734 3149 3803 3200 τοῦ

608 3286 739 3330 tunc
765 3291 926 3345 opere
967 3277 1244 3348 captivant
1280 3296 1292 3330 :
1327 3293 1434 3331 non
1465 3280 1608 3331 enim
1651 3287 1826 3346 potest
1854 3279 2050 3334 mulier
2081 3281 2178 3336 ho-

608 3368 805 3423 minem
857 3382 1069 3438 cogere.
1127 3367 1318 3438 Fugite
1358 3385 1486 3438 ergo
1536 3369 1943 3438 fornicationem
1973 3372 2050 3436 ’,κ
2083 3373 2177 3427 filii

608 3459 739 3526 mei,
781 3469 833 3512 et
884 3461 1159 3532 praecipite
1192 3461 1518 3518 mulieribus
1547 3463 1746 3517 vestris
1784 3471 1836 3517 et
1877 3462 2092 3519 filiabus
2123 3474 2180 3519 ut

608 3567 718 3607 non
749 3561 945 3604 ornent
976 3553 1151 3621 capita
1181 3563 1233 3606 et
1274 3554 1422 3608 visus
1453 3570 1640 3610 earum
1668 3555 1721 3621 ⁸;
1766 3556 2023 3626 quoniam
2057 3572 2177 3611 om-

607 3645 695 3698 nis
736 3643 932 3696 mulier
957 3645 1142 3700 dolose
1185 3662 1349 3717 agens
1395 3648 1446 3701 in
1474 3649 1576 3714 his,
1629 3650 1680 3702 in
1714 3650 2046 3718 puuitionem
2075 3666 2180 3704 sm-

608 3734 716 3789 culi
749 3744 1022 3788 reservata
1053 3743 1154 3789 est.
1190 3733 1264 3790 Ita
1291 3739 1434 3790 enim
1476 3739 1805 3792 seduxerunt
1834 3736 2032 3807 Vigiles
2055 3747 2180 3792 ante

608 3828 908 3894 diluvium;
957 3838 1010 3882 et
1039 3829 1113 3882 illi
1147 3829 1364 3884 assidue
1407 3830 1653 3884 videntes
1693 3847 1806 3894 cas,
1849 3831 2022 3886 aﬂ‘ecti
2053 3842 2182 3887 sunt

609 3920 880 3980 desiderio
910 3919 976 3974 ad
1014 3921 1269 3981 invicem.
1303 3930 1356 3976 et
1382 3932 1750 3992 conceperunt
1782 3933 1960 3978 mente
1988 3942 2181 3995 opera-

611 4014 838 4077 tionem,
884 4023 938 4068 ct
999 4015 1367 4086 transﬁgurati
1415 4025 1543 4070 sunt
1588 4017 1642 4069 in
1688 4017 1968 4082 homines,
2022 4028 2077 4072 et
2126 4020 2178 4073 in

611 4107 761 4161 coitu
795 4106 1040 4163 virorum
1096 4123 1322 4166 suorum
1358 4118 1798 4178 coapparueiuut
1847 4112 1962 4178 eis;
2000 4120 2052 4165 et
2079 4111 2183 4165 illa:

615 4197 995 4254 desiderantes
1027 4207 1204 4252 mente
1242 4198 1660 4271 imaginatioues
1710 4216 1900 4256 eorum
1926 4241 1940 4266 ,
1968 4215 2186 4270 pepere-

612 4299 740 4354 runt
768 4289 1434 4358 gigantes.Apparuerunt
1473 4293 1617 4349 enim
1663 4292 1743 4346 eis
1775 4290 1974 4363 Vigiles
2008 4307 2182 4362 usque

613 4381 680 4442 ad
700 4381 899 4436 euelqu
929 4381 1272 4454 attingentes.

693 4623 775 4682 Vl.
827 4645 844 4676 ι
884 4626 1165 4693 Custodile
1197 4631 1361 4702 igtur
1389 4647 1484 4688 vos
1530 4648 1560 4687 a
1600 4631 1996 4706 fornicatione;
2047 4651 2100 4696 et
2137 4644 2184 4698 si

565 4783 572 4789 η
610 4718 779 4773 vultis
820 4721 1039 4794 purgari
1089 4733 1290 4787 mente,
1345 4727 1615 4782 custodite
1653 4744 1848 4784 sensus
1875 4743 2082 4788 vestros
2117 4735 2186 4789 ab

616 4812 767 4865 omni
794 4810 1028 4867 femina.
1070 4815 1136 4869 Et
1164 4816 1269 4871 illis
1307 4818 1469 4871 etiam
1497 4820 1772 4894 praecipite
1806 4837 1912 4876 non
1939 4839 2186 4878 commu-

569 4937 574 4942 -
611 4905 797 4958 nicare
822 4919 946 4958 cum
977 4905 1312 4971 hominibus,
1343 4918 1402 4962 ut
1427 4919 1480 4964 et
1512 4912 1640 4979 ipsa:
1657 4922 1956 4984 purgentur
1982 4924 2180 4970 mente.

613 5017 696 5072 ‘l.
725 5015 852 5074 Cor.
883 5035 958 5085 v1,
985 5020 1071 5074 18.
1127 5020 1148 5052 ⁶
1177 5020 1193 5073 l
1221 5020 1362 5075 Tim.
1395 5038 1454 5089 ιι,
1486 5023 1540 5090 8,
1575 5024 1626 5078 9.

686 5177 798 5316 E75)
846 5179 982 5230 Τότε
1014 5176 1148 5231 οὖν.
1181 5177 1314 5230 Τότε
1343 5177 1448 5240 ἕως
1476 5179 1710 5230 ἐννοιῶν.
1733 5178 1898 5233 (ἶῐιΑιι.

714 5249 802 5316 74)
820 5249 887 5302 Ἢ
905 5250 1170 5316 πορνεία.
1190 5249 1252 5301 Ἠ
1269 5247 1532 5316 ἁμαρτία,
1547 5253 1579 5316 ἠ
1611 5249 1814 5316 διάτῆς
1831 5267 1898 5302 πο

679 5247 887 5320 -(74)ίᾙ
905 5250 1170 5317 πορνεία.
1190 5249 1252 5301 Ἠ
1269 5247 1532 5318 ἁμαρτία,
1547 5253 1579 5318 ὴ
1611 5249 1700 5302 διὰ
1713 5250 1814 5317 τῆς
1831 5249 2184 5318 πορνείαςλο.

586 5359 590 5363 .
615 5390 622 5391 η
683 5319 1268 5391 (·74έ)ΤθΧιυ56τῖεοειε
1297 5320 1496 5391 habet:
1527 5336 1630 5391 non
1649 5321 1701 5372 iu
1726 5331 2186 5391 tempore,_tr.erus

613 5377 981 5460 hebraismus,
1010 5377 1134 5454 Oh}:
1166 5377 1295 5452 853.
1339 5399 1398 5443 ut
1427 5389 1631 5444 Eccles.
1663 5406 1775 5454 vn,
1809 5377 1873 5443 1'8
1903 5408 1916 5442 :
1957 5377 2040 5442 Ne
2070 5407 2185 5446 mor

581 5461 773 5530 fieri;
807 5461 863 5512 in
903 5472 1133 5530 tempore
1170 5477 1271 5513 non
1297 5469 1405 5513 tuo.
1441 5460 1640 5514 Dnacn.

685 5528 796 5668 (75;
830 5528 1096 5595 Ὀνειδος
1127 5531 1331 5584 αὐτόν.
1380 5531 1705 5602 Ὀνειδισμὸν
1735 5531 1934 5602 ἐαυτῷ.
1965 5531 2040 5585 In.

687 5598 775 5668 (76
835 5599 951 5666 Τὴν
963 5602 1222 5656 ἔννοιαν.
1253 5602 1362 5668 Τῆς
1391 5603 1615 5664 ἐννοίας.
1641 5601 1718 5656 In.

634 5626 641 5633 -
687 5598 795 5734 $76)
835 5599 1222 5666 Τὴνέννοιαν.
1253 5602 1362 5670 Τῆς
1391 5598 1620 5664 ἐννοίαςξ
1641 5601 1718 5656 In.

712 5668 1016 5734 ’77)Ὅψεις
1037 5670 1248 5725 αὐτῶν.
1270 5673 1413 5734 Πρὸς
1428 5673 1642 5734 ἀπάτην
1663 5673 1718 5726 δυ

712 5668 1016 5743 Ῐῖγρψεις
1037 5668 1413 5743 αὑτῶν-ΑΠρρς
1428 5673 1642 5743 ἀπάτην
1663 5673 1894 5737 διανοίας
1910 5673 1974 5726 ad
2000 5675 2077 5727 lit.
2109 5673 2182 5726 In.

689 5715 802 5811 i783
843 5715 1198 5813 ’ἔγρῆπτνρομ
1249 5715 1638 5822 DerEgregoris
1675 5715 2185 5821 plu'rvaugx'fieoi‘gio

2275 3255 2584 3327 βλέμματος
2633 3253 2721 3306 τὸν
2758 3253 2832 3305 Iov
2880 3250 3245 3322 ἐνσπείρουσι,
3293 3249 3393 3303 καὶ
3440 3248 3560 3300 τότε
3600 3244 3670 3315 τῷ
3696 3243 3801 3313 ἔργῳ

2275 3344 2764 3418 αἰχμαλωτίζουσιν
2785 3361 2797 3373 ·
2825 3345 2884 3396 οὐ
2913 3344 3020 3415 γάρ
3035 3342 3257 3396 δύναται
3275 3340 3417 3412 γυνὴ
3442 3339 3704 3409 ἄνθρωπον
3718 3332 3803 3403 βιά-

2278 3440 2492 3495 σασθαι.
2513 3440 2743 3507 Φεύγετε
2756 3435 2847 3493 οὖν
2868 3437 2964 3509 τὴν
2979 3435 3254 3508 πορνείαν,
3271 3435 3443 3488 τέκνα
3463 3451 3580 3504 μου,
3592 3429 3675 3483 καὶ
3688 3440 3804 3497 προσ-

2273 3532 2502 3587 τάσσετε
2535 3533 2657 3594 ταῖς
2692 3527 2934 3600 γυναιξὶν
2984 3526 3159 3598 ὑμῶν,
3211 3528 3304 3581 καὶ
3343 3529 3469 3589 ταῖς
3512 3518 3802 3589 θυγατράσιν,

2275 3623 2361 3676 ἴνα
2417 3623 2490 3694 μὴ
2539 3621 2850 3692 κοσμῶνται
2883 3619 2979 3682 τὰς
3013 3616 3255 3687 κεφαλάς
3300 3616 3398 3669 καὶ
3438 3613 3536 3677 τὰς
3566 3611 3697 3678 halm;
3733 3607 3802 3658 αὖ·

2273 3714 2383 3769 τῶν
2420 3713 2549 3783 (77),
2581 3714 2660 3766 ὅτι
2688 3715 2836 3767 πᾶσα
2858 3710 3027 3781 γυνὴ,
3061 3707 3408 3778 δολιευομένη
3444 3708 3499 3758 ἐν
3531 3702 3732 3762 τούτοις,
3750 3696 3803 3757 εἰς

2277 3809 2494 3862 κόλασιν
2542 3807 2636 3861 τοῦ
2693 3809 2886 3869 αἰῶνος
2940 3806 3258 3876 τετήρηται.
3306 3800 3465 3856 Οὕτω
3497 3800 3600 3869 γὰρ
3636 3789 3801 3855 ἐθελξαν

2275 3899 2402 3962 τοὺς
2456 3899 2820 3970 Ἑγρηγόρους
2870 3897 2976 3968 πρὸ
3007 3885 3103 3948 τοῦ
3151 3890 3566 3962 κατακλυσμοῦ·
3617 3883 3801 3938 κάκεῖνοι

2280 3989 2515 4062 συνεχῶς
2541 3969 2774 4061 ὁρῶνέέες
2807 3986 2998 4050 αὑτὰς,
3037 3985 3284 4053 ἐγένοντο
3317 3984 3373 4034 ἐν
3409 3976 3660 4048 ἐπιθυμίᾳ
3689 3969 3802 4038 ἀλλή·

2277 4083 2402 4147 λων,
2437 4081 2530 4135 καὶ
2560 4080 2845 4134 συνέλαϐον
2869 4083 2935 4151 τῇ
2970 4077 3174 4147 διανοίᾳ
3199 4076 3296 4146 τὴν
3323 4073 3540 4144 πρᾶξιν,
3567 4071 3654 4122 καὶ
3684 4079 3799 4135 μετε-

2281 4193 2381 4248 σχη
2392 4173 2674 4246 ματίζοντο
2699 4175 2777 4236 είς
2810 4170 3149 4244 ἀνθρώπους,
3173 4170 3266 4222 καὶ
3298 4170 3354 4220 ἐν
3376 4171 3443 4239 τῇ
3474 4160 3704 4230 συνουσίᾳ
3725 4153 3801 4207 τῶν

2279 4264 2487 4337 ἀνδρῶν
2533 4263 2712 4317 αὐτῶν
2761 4263 3138 4332 συνεῳαίνοντο
3175 4260 3392 4322 αὐταῖς·
3433 4255 3682 4313 κάκεῖναι,
3713 4249 3798 4297 ἐπι-

2283 4357 2550 4428 θυμοῦσαι
2594 4359 2660 4427 τῇ
2711 4354 2915 4426 διανοίᾳ
2954 4353 3052 4417 τὰς
3096 4349 3395 4421 φαντασίας
3439 4346 3626 4407 αὐτῶν,
3662 4340 3800 4393 ἔτεκον

2213 4450 2256 4504 D
2284 4449 2564 4519 γίγαντας.
2591 4447 2898 4516 Ἑφαίνοντο
2917 4445 3025 4517 γὰρ
3055 4446 3246 4506 αὑταῖς
3282 4442 3594 4513 Ἐγρήγοροι
3617 4429 3799 4504 (Ἡῆἒως

2287 4539 2380 4593 τοῦ
2409 4537 2638 4612 οὐρανοῦ
2671 4537 2982 4606 φθάνοντες.

2357 4653 2448 4718 εἷ’.
2474 4671 2491 4702 ι
2534 4649 2843 4714 Φυλάξασθε
2881 4644 2972 4702 οὖν
2999 4648 3106 4701 ἀπὸ
3134 4647 3232 4718 τῆς
3253 4646 3522 4718 πορνείας
3560 4642 3642 4695 καὶ
3675 4637 3713 4690 εἰ
3738 4631 3798 4685 θέ-

2289 4744 2409 4798 λετε
2438 4743 2759 4813 καθαρεύειν
2791 4745 2856 4812 τῇ
2882 4741 3106 4812 διανοίᾳ,
3133 4738 3437 4809 φυλάξασθε
3462 4736 3554 4798 τὰς
3577 4730 3796 4800 αἰσθήσῖις

2287 4835 2396 4888 ἀπὸ
2432 4834 2610 4906 πάσης
2645 4833 2883 4904 θηλείας.
2911 4833 3208 4896 Κάκείναις
3229 4832 3273 4884 δ’
3300 4828 3594 4884 ἐντείλασθε
3623 4823 3686 4895 μὴ
3707 4833 3796 4872 συνο

2286 4929 2502 4994 δυάζειν
2535 4927 2861 4998 ἀνθρώποις,
2884 4927 2970 4978 ἵνα
3002 4926 3095 4978 καί⁵
3127 4925 3284 4979 αὐταὶ
3308 4912 3792 4994 καθαρεύωσιτῇδια·

2295 5181 2547 5253 Synccllo
2589 5177 2851 5253 describit
2883 5175 3116 5230 Grabius
3148 5175 3257 5232 hic.
3312 5175 3378 5253 ir;
3397 5171 3545 5253 Notis
3573 5154 3790 5253 alitem.)

2293 5229 2853 5321 pagg-l7,
2879 5261 3019 5314 δρψ,
3038 5261 3117 5321 _ex
3143 5229 3790 5321 eoquejabricius‘inlgoti-

2543 5303 3017 5372 V'etf’Test.'tom.'
3038 5315 3076 5379 Ι,
3121 5303 3243 5385 [ηεξ
3276 5315 3412 5380 179,
3448 5329 3558 5385 seq,
3588 5303 3771 5385 De_E_Igre

2292 5374 2442 5464 geris
2483 5374 2611 5464 item
2647 5390 2699 5464 in
2731 5388 2934 5456 scripto
2966 5374 3218 5464 (prodam:
3239 5374 3640 5464 ψευδεπιγράφῳ

2291 5449 2378 5518 chi
2439 5449 3267 5531 patriarcha:_commcmoratis;
3315 5449 3572 5531 eruditam
3615 5449 3790 5531 ξιξειὶξξζη

2291 5509 2860 5602 ἇὶ’έ‹ιυ¹ἶὲἰιιόἱιὲὶίἰίὀ.’
2877 5509 3162 5602 Henricus
3182 5509 3473 5602 Schulzius
3504 5538 3622 5602 earn
3647 5518 3689 5602 1.,

2291 5585 2474 5658 nolim
2491 5585 2769 5654 medicinae
2793 5617 2823 5652 α
2849 5615 3021 5652 rerum
3042 5598 3194 5650 im‘tio
3220 5598 3288 5649 ad
3309 5614 3499 5650 annum
3522 5585 3786 5650 υὲὁὶείίωκιι

2299 5672 2502 5728 DXXX
2522 5671 2560 5727 V
2584 5671 2821 5726 deducta?
2838 5712 2850 5735 ,
2876 5670 3031 5724 edita:
3074 5668 3268 5738 Lipsia:
3291 5669 3447 5724 17⁸28,
