4002 6308
233 319 372 374 1045

1425 333 1938 394 TESTAMENTUM
1975 339 2312 400 SIMEONIS.

3340 357 3480 414 {0&6

221 440 366 510 νοίᾳ.
401 441 466 493 Δί
499 442 606 515 γὰρ
649 452 890 518 συνεχεῖς
919 455 1212 524 συντυχίαι,
1260 457 1362 540 κᾷν
1397 459 1471 530 μὴ
1504 460 1718 532 πραχθῇ
1742 461 1788 514 τί

1905 462 2176 524 (Iontinua
2221 471 2365 525 enim
2412 475 2708 540 consortia,
2740 486 2794 533 et
2823 478 2868 533 si
2913 495 3020 536 non
3065 493 3284 552 peracta
3315 486 3477 544 fuerit

225 536 500 608 ἀσέϐημα,
547 539 736 607 αὑταῖς
792 547 890 614 μέν
937 550 1041 602 εἰσι
1088 552 1239 616 νόσος
1295 536 1530 619 ἀνίατος,
1574 556 1702 626 ὑμῖν
1743 557 1800 611 δὲ

222 627 428 693 ὄνειδος
459 631 553 684 τοῦ
588 633 783 707 Βελιάρ
814 638 1030 694 αἰώνιον
1051 659 1066 672 °
1101 643 1181 697 ὅτι
1215 647 1246 715 ἡ
1273 649 1496 718 πορνεία
1526 649 1649 702 οὔτε
1680 649 1801 702 σύνι-

223 737 342 774 εσιν
373 723 496 778 οὔτε
523 728 801 785 εὐσέϐειαν
817 732 928 802 ἔχει
954 737 1012 788 ἐν
1031 738 1217 810 ἑαυτῇ,
1244 741 1337 794 καὶ
1363 744 1470 804 πᾶς
1495 741 1652 813 ζῆλος
1674 760 1802 798 κατ-

222 819 366 868 οικεῖ
405 818 465 869 ἐν
496 822 563 890 τῇ
627 822 892 898 ἐπιθυμίᾳ
937 829 1126 900 αὐτῆς.
1175 832 1271 885 Διά
1334 834 1492 888 τοῦτο
1533 835 1801 908 ζηλώσετε

218 909 351 973 τοὺς
385 910 531 975 υἱοὺς
565 913 694 969 Aen!
721 915 852 988 (79),
897 922 989 974 καὶ
1033 921 1295 994 ζητήσετε
1343 927 1616 999 ὑψωθῆναι
1664 932 1802 1001 ὑπὲρ

218 1002 452 1067 αὐτοὺς,
489 1004 604 1057 ἀλλ’
631 1009 691 1061 οὐ
720 1009 1032 1083 δυνήσεσθε.
1082 1015 1138 1068 Ὀ
1169 1016 1277 1088 γὰρ
1309 1018 1440 1082 Θεὸς
1470 1025 1682 1094 ποιήσει
1703 1025 1802 1094 τὴν

217 1090 502 1163 ἐκδίκησιν
534 1096 731 1162 αὐτῶν,
779 1103 873 1155 καὶ
919 1103 1273 1160 ἀποθανεῖσθε
1311 1107 1526 1182 θανάτῳ
1559 1090 1799 1185 πονηρῷ.

217 1183 312 1254 Τῷ
367 1185 476 1258 γάρ
524 1189 655 1242 Λευῒ
706 1191 873 1260 ἔδωκε
925 1197 1129 1269 Κύριος
1177 1200 1273 1272 τὴν
1328 1203 1529 1274 ἀρχὴν,
1580 1208 1674 1261 καί¹

230 1275 422 1369 Ἔούδᾳ,
462 1283 580 1350 μετ’
614 1284 794 1338 αὐτῶν
819 1287 1006 1358 κάμοὶ,
1034 1292 1128 1344 καὶ
1160 1293 1284 1358 Δάν,
1320 1297 1412 1350 καὶ
1457 1297 1671 1369 Ἰωσὴφ,
1706 1275 1801 1352 τοῧ

214 1361 359 1419 εἶναι
383 1368 476 1422 ἐπὶ
501 1369 782 1441 ἄρχοντας.
808 1376 905 1429 Διά
916 1379 1074 1433 τοῦτο
1095 1382 1407 1455 ἐντέλλομαι
1434 1387 1562 1457 ὑμῖν
1584 1361 1800 1442 ἀκούειν

211 1459 293 1529 τῷ
344 1462 495 1525 Λευῒ,
544 1465 626 1518 ὅτι
671 1467 832 1532 αὐτὸς
877 1470 1144 1538 γνώσεται
1201 1475 1364 1547 νόμον
1427 1478 1658 1549 Κυρίου,
1707 1481 1800 1534 καὶ

211 1553 488 1609 διαστελεῖ
533 1559 612 1622 είς
645 1561 824 1630 κρίσιν
870 1564 965 1616 καὶ
1010 1564 1201 1630 θυσίας
1250 1568 1360 1637 (80)
1410 1570 1551 1640 ὑπὲρ
1603 1573 1800 1637 παντὸς

226 1645 447 1715 Ἰσραὴλ
471 1689 484 1713 ,
525 1649 686 1721 μέχρι
730 1651 1060 1719 τελειώσεως
1098 1658 1303 1728 χρόνων
1337 1661 1634 1732 ἀρχιερέως
1668 1666 1800 1735 Χρι-

213 1739 368 1800 στοῦ,
405 1740 462 1793 ὃν
495 1738 614 1795 εἷπε
648 1744 869 1816 Κύριος.
919 1747 1095 1820 ’ορκῶ
1129 1752 1272 1821 ὑμᾶς
1297 1753 1387 1806 τὸν
1423 1754 1554 1808 Θεὸν
1592 1756 1684 1809 τοῦ
1707 1759 1798 1810 οὐ-

214 1831 380 1900 ρανοῦ
424 1833 648 1904 ποιῆσαι
695 1837 952 1905 ἀλήθειαν
985 1840 1211 1895 ἕκαστον
1260 1845 1396 1917 πρὸς
1434 1846 1526 1900 τὸν
1573 1847 1796 1922 πλησίον

209 1923 402 1988 αὑτοῦ,
422 1925 516 1978 κα)⁵
545 1927 679 1997 πρὸς
697 1929 790 1982 τὸν
815 1930 922 2001 (82)
940 1932 1070 1986 Λευῒ
1099 1935 1353 2003 ἐγγίσατε
1388 1939 1446 1990 ἐν
1476 1940 1796 1995 ταπεινώσει

210 2013 460 2084 καρδίας,
503 2017 589 2069 ἵνα
635 2019 860 2090 δέξησθε
898 2023 1146 2093 εὐλογίαν
1179 2027 1243 2078 ἐκ
1273 2027 1367 2080 τοῦ
1403 2030 1668 2100 στόματος
1700 2034 1796 2085 αὒ-

208 2105 324 2158 τοῦ.
363 2107 535 2172 Αὐτὸς
575 2109 682 2181 γὰρ
708 2111 985 2184 εὐλογήσει
1019 2116 1112 2169 τὸν
1160 2119 1370 2190 Ἰσραὴλ
1405 2122 1499 2175 καὶ
1528 2121 1618 2176 τὸν
1664 2123 1793 2177 Ἰού-

207 2197 337 2250 δαν·
397 2199 479 2253 ὅτι
546 2203 604 2253 ἐν
661 2204 810 2276 αὐτῷ
873 2206 1152 2274 ἐξελέξατο
1211 2211 1415 2282 Κύριος
1479 2213 1792 2284 βασιλεῦσαι

208 2288 433 2344 πάντων
464 2292 573 2346 τῶν
617 2292 774 2349 λαῶν.
814 2297 924 2349 Καὶ
957 2302 1365 2374 προσκυνῄσετε
1406 2303 1485 2373 τῷ
1521 2304 1791 2376 σπέρματι

205 2382 398 2446 αὐτοῦ,
432 2384 514 2437 ὅτι
547 2385 687 2458 ὑπὲρ
721 2387 874 2458 ὑμῶν
910 2391 1259 2446 ἀποθανεῖται
1291 2396 1349 2447 ἐν
1373 2395 1629 2466 πολέμοις
1659 2400 1790 2470 ὁρα-

204 2476 323 2538 τοῖς
382 2477 477 2528 καὶ
529 2478 814 2549 ἀοράτοις,
879 2482 973 2534 καὶ
1027 2483 1176 2538 ἔσται
1236 2487 1293 2538 ἐν
1358 2487 1484 2557 ὑμῖν
1539 2487 1792 2558 βασιλεὺς

202 2563 445 2621 αἰώνων.
491 2588 508 2618 ι

279 2659 354 2711 Z'.
383 2660 492 2712 Kal.
512 2662 743 2718 ἀπέθανε
791 2666 1059 2740 Ῥουϐὴμ,
1094 2671 1462 2743 ἐντειλάμενος
1486 2675 1654 2729 ταῦτα
1679 2679 1790 2742 τοῖς

202 2749 349 2813 υἱοῖς
375 2752 540 2806 αὐτοῦ
562 2770 575 2782 ·
615 2757 706 2809 καὶ
737 2757 918 2812 ἔθεντο
951 2761 1108 2814 αὑτὸν
1131 2764 1188 2815 ἐν
1219 2765 1381 2836 σορῷ,
1423 2765 1526 2830 ἓως
1549 2769 1638 2821 ὅτε
1664 2770 1788 2823 ἀνε-

204 2842 503 2910 νέγκαντες
525 2847 685 2901 αὑτὸν
717 2848 774 2914 ἐξ
805 2851 1104 2920 Αἰγύπτου,
1132 2854 1335 2925 ἔθαψαν
1367 2859 1423 2910 ἐν
1451 2859 1698 2931 Χεϐρὼν,
1730 2862 1787 2915 ἐν

201 2935 288 3006 τῷ
317 2939 566 3011 σπηλαίῳ
601 2941 680 3012 τῷ
714 2943 906 3014 διπλῷ,
940 2947 1074 3000 ὅπου
1108 2950 1158 3002 οῖ
1191 2949 1426 3021 πατέρες
1459 2953 1643 3006 αὑτοῦ.

740 3129 1132 3185 ΚΕΦΑΛΑῘΟΝ
1176 3134 1248 3187 B'.

512 3216 768 3285 Διαθήκη
796 3221 1056 3289 Συμεὼν,
1087 3226 1217 3292 περὶ
1254 3227 1497 3293 φθόνου.
1527 3280 1536 3290 ,

280 3326 356 3379 Λ’.
412 3327 764 3401 Ἀντίγραφον
803 3331 974 3402 λόγων
1007 3335 1232 3408 Συμεὼν
1255 3379 1270 3401 ,
1306 3339 1341 3393 ἃ
1396 3339 1622 3410 ἐλάλησε
1676 3346 1787 3405 τοῖς

202 3417 343 3480 υἱοῖς
391 3418 578 3485 αὐτοῦ,
630 3423 735 3491 πρὸ
783 3425 876 3478 τοῦ
908 3425 1088 3480 θανεῖν
1114 3429 1273 3482 αὐτὸν
1315 3431 1372 3481 ἐν
1422 3438 1503 3502 ρκ’
1547 3432 1657 3484 ἔτει
1689 3433 1787 3501 τῆς

202 3507 352 3580 ζωῆς
408 3511 593 3577 αὑτοῦ,
639 3515 698 3566 ἐν
740 3508 785 3583 ᾧ
818 3515 928 3570 ἔτει
974 3519 1243 3574 ἀπέθανεν
1311 3523 1526 3593 Ἰωσήφ.
1585 3520 1785 3579 τΗλθον

200 3602 314 3674 γὰρ
374 3603 770 3675 ἐπισκέψασθαι
833 3612 992 3666 αὑτὸν
1054 3615 1442 3687 ἀρρωστοῦντα
1474 3635 1487 3647 ·
1549 3618 1641 3670 καὶ
1696 3620 1784 3671 ἐν-

204 3693 435 3764 ισχύσας
457 3697 697 3764 ἐκάθισε,
734 3703 826 3755 καὶ
864 3706 1222 3778 κατεφίλησεν
1255 3709 1471 3772 αὐτοὺς,
1515 3710 1608 3762 καὶ
1633 3707 1784 3764 εἶπεν

202 3786 392 3852 αὐτοῖς
420 3805 434 3818 ·

281 3877 352 3932 B'.
386 3899 403 3930 ι
454 3881 762 3947 Ἀκούσατε,
789 3887 972 3951 τέκνα,
1008 3889 1273 3944 ἀκούσατε
1308 3893 1529 3964 Συμεὼν
1561 3894 1654 3948 τοῦ
1681 3911 1785 3948 πα-

201 3968 332 4040 τρὸς
364 3972 540 4042 ὑμῶν,
575 3975 672 4028 ὅσα
713 3976 818 4046 ἔχω
851 3978 908 4030 ἐν
939 3981 1004 4050 τῇ
1042 3981 1239 4053 καρδίᾳ
1268 3999 1388 4052 μου.
1439 3983 1576 4053 Ἐγὼ
1599 3985 1784 4057 ἐγενή-

202 4061 308 4131 θην
332 4062 390 4129 ἐξ
433 4064 623 4118 Ἰακὼὸ
647 4066 739 4120 τοῦ
774 4071 978 4139 πατρός
1013 4089 1112 4141 μου
1135 4073 1247 4136 υἱὸς
1270 4073 1538 4145 δεύτερος,
1565 4077 1658 4129 καὶ
1679 4075 1782 4129 Λία

201 4155 240 4224 ἠ
281 4155 464 4226 μήτηρ
499 4174 598 4227 μου
639 4159 864 4214 ἐκάλεσέ
894 4179 962 4233 με
997 4164 1278 4234 Συμεῶνα,
1314 4166 1396 4218 ὅτι
1437 4167 1635 4237 ἢκουσε
1667 4169 1780 4222 Κύ-

205 4263 321 4317 ριος
350 4247 448 4318 τῆς
481 4249 715 4320 δεήσεως
757 4254 946 4325 αὐτῆς.
989 4256 1222 4320 Δυνατὸς
1261 4257 1524 4329 ἐγενόμην
1555 4260 1778 4332 σφόδρα,

200 4339 305 4392 οὐκ
349 4340 617 4396 ἐδειλίασα
668 4345 898 4416 πρᾶξιν,
947 4348 1067 4401 οὐδὲ
1121 4349 1392 4421 ἐφοϐήθην
1424 4351 1532 4404 ἀπὸ
1583 4354 1780 4417 παντὸς

203 4433 546 4506 πράγματος.
610 4439 671 4491 Ἦ
703 4439 811 4511 γὰρ
844 4443 1038 4513 καρδία
1075 4460 1175 4514 μου
1207 4439 1274 4515 ἦν
1314 4445 1554 4518 σκληρὰ,
1589 4448 1682 4500 καὶ
1711 4449 1780 4502 τά

199 4527 390 4596 ἦπατά
416 4545 516 4598 μου
540 4530 788 4600 ἀκίνητα,
816 4534 908 4586 καὶ
933 4535 1000 4586 τά
1026 4534 1308 4606 σπλάγχνα
1331 4555 1432 4608 μου
1464 4539 1778 4612 ἀσυμπαθῆ·

200 4619 285 4672 ὅτι
311 4620 405 4674 καὶ
437 4622 469 4690 ἡ
500 4622 720 4693 ἀνδρεία
753 4625 860 4678 ἀπὸ
899 4628 1154 4696 Ὑψίστου
1185 4629 1393 4684 δέδοται
1432 4635 1546 4696 τοῖς
1571 4633 1782 4706 ἀνθρώ-

203 4728 326 4774 ποις
352 4712 409 4763 ἐν
433 4711 628 4783 ψυχαῖς
651 4717 744 4768 καὶ
777 4717 834 4769 ἐν
869 4718 1100 4790 σώμασι.
1139 4722 1247 4778 Καὶ
1285 4723 1342 4775 ἐν
1366 4723 1443 4794 τῷ
1467 4725 1642 4796 καιρῷ
1669 4727 1783 4779 νεό-

199 4820 364 4873 τητος
393 4805 639 4878 ἐζήλωσα
665 4808 756 4862 τὸν
801 4809 1018 4883 Ἰωσὴφ,
1043 4815 1124 4867 ὅτι
1147 4816 1335 4884 ἠγάπα
1362 4817 1520 4870 αὑτὸν
1551 4821 1580 4872 ὁ
1602 4818 1782 4890 πατὴρ

198 4897 392 4967 ἡμῶν·
437 4899 530 4952 καὶ
571 4903 832 4973 ἐστήρισα
875 4906 962 4957 ἐπ’
1012 4907 1172 4959 αὑτὸν
1213 4908 1281 4960 τά
1308 4910 1494 4979 ἦπατά
1532 4928 1632 4982 μου
1685 4912 1778 4967 τοῦ

199 4987 408 5042 ἀνελεῖν
440 4991 620 5054 αὑτὸν,
648 4993 775 5046 ὅτιὸ
797 4992 979 5064 ἄρχων
1005 4996 1104 5065 τῆς
1132 4996 1356 5067 πλάνης,
1382 5000 1706 5065 ἀποστείλας
1720 5003 1782 5055 τὸ

199 5080 418 5153 πνεῦμα
445 5082 539 5136 τοῦ
572 5082 755 5155 ζήλου,
780 5084 1053 5153 ἐτύφλωσέ
1089 5103 1187 5156 μου
1212 5087 1303 5140 τὸν
1331 5088 1472 5152 νοῦν,
1506 5090 1579 5160 μὴ
1608 5109 1777 5162 προσ-

199 5179 346 5249 ἐχειν
369 5177 516 5249 αὐτῷ
535 5179 611 5242 ὡς
630 5179 844 5250 ἀδελφῷ
863 5221 876 5242 ,
910 5182 1000 5233 καὶ
1033 5183 1106 5252 μὴ
1135 5181 1420 5249 φείσασθαι
1468 5183 1656 5236 Ἰακὼὸ
1680 5183 1776 5237 τοῦ

197 5271 406 5340 πατρός
442 5287 563 5340 μου.
612 5269 747 5323 Ἀλλ’
784 5271 813 5322 ὁ
844 5272 973 5335 Θεὸς
997 5271 1179 5334 αὐτοῦ,
1209 5274 1302 5325 καὶ
1329 5275 1355 5326 ὁ
1382 5273 1515 5338 Θεὸς
1545 5276 1651 5330 τῶν
1675 5295 1778 5330 πα-

196 5363 371 5436 τέρων
414 5364 599 5429 αὑτοῦ,
646 5365 972 5429 ἀποστείλας
1002 5365 1092 5418 τὸν
1122 5365 1350 5434 ἄγγελον
1383 5368 1577 5436 αὑτοῦ,
1615 5371 1776 5425 αὑτὸν

272 5497 386 5575 (79)
433 5499 745 5575 ζηλώσειςε
778 5501 920 5575 τοὺς
950 5500 1119 5575 oio-tie
1160 5503 1340 5575 Λεινὶί,Δ
1379 5512 1482 5557 etc.
1539 5501 1776 5575 Respicit

199 5569 266 5622 ad
308 5569 659 5645 rebellionem
693 5570 922 5645 Dathan,
967 5571 1169 5645 hbiron
1200 5581 1256 5625 et
1299 5571 1440 5645 lion,
1475 5569 1774 5645 atqiie'pm.

200 5639 723 5716 nani‘iisjnﬁietam‘.
752 5642 819 5695 de
849 5658 953 5716 qua
980 5641 1138 5716 Num.
1187 5659 1294 5707 xvr,
1330 5643 1376 5706 I,
1410 5639 1562 5716 seqq:
1601 5639 1768 5703 Cum.

270 5710 384 5780 (80)
417 5711 662 5780 Θυσίας.
689 5711 974 5780 Θυμιάσει.
1006 5712 1079 5766 lo.

272 5779 385 5841 (81)
418 5779 874 5848 Diridetjudibia.
903 5783 1181 5841 Discernet
1210 5785 1262 5840 in
1284 5786 1570 5855 judicium.
1597 5797 1666 5850 In.

1831 1801 1869 1856 Β

1808 3141 1854 3201 ο

1818 4492 1861 4548 D

1909 556 2175 627 impietas,
2199 573 2376 618 tamen
2420 567 2549 636 ipsis
2571 579 2698 624 sunt
2727 572 2991 641 segritudo
3017 575 3355 644 insanabilis,
3378 593 3477 632 vo-

1905 653 1988 707 bis
2011 669 2138 709 vero
2159 657 2508 726 opprobrium
2543 660 2720 717 Beliar
2744 671 3167 736 sempiternum;
3211 672 3475 740 quoniam

1904 743 2192 803 fornicatio
2230 766 2407 821 neque
2437 753 2765 810 intellectum
2812 775 2987 828 neque
3027 761 3278 830 pietatem
3314 765 3478 819 habet
3539 819 3544 823 .

1904 838 1957 891 in
1993 840 2173 909 seipsa
2197 880 2212 904 .
2246 852 2299 897 et
2326 848 2504 901 omnis
2537 848 2684 902 zelus
2716 849 2924 906 habitat
2953 853 3006 905 in
3035 855 3310 911 desiderio
3329 857 3473 926 ejus.

1903 929 2130 1002 Propter
2179 935 2281 988 hoc
2345 938 2654 996 invidebitis
2709 943 2835 1000 ﬁliis
2903 944 3050 1011 Levi,
3108 956 3162 1001 et
3215 951 3475 1017 quaeretis

1903 1026 2130 1081 exaltari
2170 1043 2333 1098 super
2373 1045 2489 1094 eos,
2539 1032 2630 1087 sed
2679 1049 2790 1088 non
2829 1038 3096 1104 poteritis.
3153 1040 3295 1097 Deus
3325 1043 3470 1099 enim

1905 1121 2065 1175 faciet
2113 1123 2408 1179 vindictam
2456 1141 2671 1194 eorum,
2701 1138 2754 1184 et
2786 1132 3095 1189 moriemini
3138 1148 3313 1192 morte
3351 1155 3474 1208 per-

1906 1213 2132 1269 niciosa.
2188 1215 2316 1270 Levi
2361 1219 2504 1273 enim
2544 1221 2693 1276 dedit
2729 1222 2993 1281 Dominus
3025 1228 3389 1299 principatum
3421 1240 3476 1286 et

1901 1303 2071 1370 Iudae,
2099 1321 2224 1361 cum
2252 1309 2335 1364 his
2360 1322 2414 1364 et
2441 1312 2574 1365 mihi
2601 1323 2654 1369 et
2682 1313 2791 1369 Dan
2821 1327 2875 1370 et
2896 1316 3118 1388 Ioseph,
3141 1331 3199 1376 ut
3224 1339 3473 1379 essemus

1905 1397 2196 1466 principes.
2247 1400 2475 1472 Propter
2519 1405 2623 1461 hoc
2661 1408 2865 1465 mando
2908 1412 3063 1467 vobis
3095 1415 3285 1469 audire
3317 1415 3465 1483 Levi,

1901 1494 2160 1560 quoniam
2195 1494 2312 1564 ipse
2355 1508 2544 1553 noscet
2572 1501 2742 1572 legem
2774 1501 3008 1570 Domini,
3051 1515 3106 1561 et
3147 1508 3350 1563 dividet
3382 1509 3472 1580 ju—

1900 1585 2040 1639 dicia
2075 1587 2186 1656 (81)
2232 1598 2286 1643 et
2315 1591 2582 1647 sacriﬁcia
2611 1609 2712 1662 pro
2753 1597 2901 1651 omni
2951 1597 3148 1664 Israel,
3195 1617 3369 1673 usque
3401 1603 3471 1656 ad

1901 1680 2426 1737 consummationem
2471 1693 2779 1755 temporum
2809 1690 3073 1760 principis
3117 1695 3469 1749 sacerdotum

1899 1768 2124 1837 Christi,
2149 1789 2310 1844 quem
2335 1775 2473 1831 dixit
2507 1777 2789 1836 Dominus.
2817 1783 3027 1853 Adjuro
3055 1801 3152 1840 vos
3179 1801 3274 1855 per
3297 1786 3467 1842 Deum

1899 1866 2047 1931 εαξη,
2091 1876 2149 1920 ut
2211 1867 2421 1926 faciatis
2471 1873 2752 1927 veritatem
2805 1877 3184 1946 unusquisque
3221 1880 3470 1948 proximo

1897 1969 2021 2017 suo,
2059 1966 2114 2011 et
2135 1959 2200 2012 ad
2233 1958 2359 2013 Levi
2391 1963 2824 2034 appropinquate
2853 1966 2904 2019 in
2936 1966 3243 2022 humilitate
3265 1971 3468 2036 cordis,

1897 2055 1957 2101 ut
1984 2049 2258 2119 recipiatis
2291 2053 2723 2110 benedictionem
2743 2072 2808 2112 ex
2837 2073 2930 2112 ore
2957 2059 3145 2128 ipsius.
3174 2059 3292 2130 Ipse
3321 2062 3471 2117 enim

1895 2140 2178 2198 benedicet
2219 2143 2402 2200 Israeli
2461 2156 2515 2200 et
2576 2146 2768 2213 Iudae;
2827 2152 3087 2220 quoniam
3139 2168 3263 2206 eum
3310 2154 3471 2226 elegit

1896 2230 2038 2287 Deus
2081 2249 2262 2304 regem
2303 2237 2414 2306 (83)
2459 2253 2624 2307 super
2674 2254 2864 2296 omnes
2900 2244 3147 2312 populos.
3185 2243 3251 2299 Et
3280 2245 3472 2302 adora-

1875 2322 2024 2380 ‘bitis
2057 2340 2242 2381 semen
2279 2327 2450 2397 ipsius
2493 2329 2628 2398 (84),
2663 2333 2921 2401 quoniam
2965 2349 3062 2404 pro
3088 2335 3244 2392 vobis
3268 2337 3468 2392 morie-

1892 2425 1982 2470 tur
2025 2418 2077 2471 in
2128 2419 2281 2474 bellis
2328 2421 2637 2478 visibilibus
2665 2433 2718 2478 et
2761 2425 3127 2483 invisibilibus
3152 2471 3165 2495 ,
3200 2437 3254 2484 et
3278 2430 3381 2485 erit
3413 2431 3466 2485 in

1891 2505 2047 2560 vobis
2085 2523 2179 2562 rex
2210 2510 2558 2566 surculorum.
2605 2534 2624 2566 ι

1960 2685 2071 2741 VII.
2113 2688 2180 2743 Et
2226 2700 2478 2748 mortuus
2528 2702 2613 2750 est
2670 2695 2890 2764 Ruben,
2944 2715 3067 2754 eum
3120 2704 3468 2771 praecepisset

1889 2778 2005 2833 haec
2031 2778 2160 2835 ﬁliis
2190 2782 2337 2849 suis;
2371 2794 2426 2839 et
2455 2799 2762 2854 posuerunt
2793 2805 2916 2843 eum
2951 2792 3003 2844 in
3030 2792 3183 2846 theca
3206 2835 3221 2858 ,
3263 2810 3466 2862 usque-

1887 2884 2001 2938 quo
2041 2870 2340 2930 referentes
2385 2891 2509 2931 eum
2566 2893 2634 2933 ex
2680 2878 2954 2952 Egypto,
3021 2884 3350 2952 sepelierunt
3410 2886 3466 2940 in

1889 2959 2102 3019 Hebron
2153 2965 2206 3018 in
2254 2968 2511 3036 spelunca
2551 2970 2774 3041 duplici.
2829 2974 2920 3028 ubi
2952 2984 3134 3043 patres
3181 2977 3466 3047 cjus(dor-

1888 3056 2162 3125 mierunt).

2495 3153 2726 3210 CAPUT
2769 3156 2830 3212 ΙΙ.

2148 3241 2534 3298 Testamentum
2567 3243 2850 3314 Simeonis,
2892 3252 2955 3304 de
2993 3252 3214 3306 invidia.

1959 3331 1998 3386 I.
2044 3331 2456 3405 Transcriptum
2486 3341 2778 3395 verborum
2815 3340 3060 3412 Simeon,
3099 3361 3222 3415 quae
3252 3347 3466 3403 loculus

1889 3431 1971 3476 est
2030 3422 2156 3478 ﬁliis
2213 3425 2371 3492 suis,
2448 3438 2741 3499 antequam
2797 3432 3102 3488 mbreretur
3164 3437 3466 3491 centesimo

1889 3515 2151 3570 vicesimo
2194 3532 2342 3571 anno
2388 3520 2511 3574 vita:
2541 3535 2674 3587 suae,
2717 3524 2770 3577 in
2803 3539 2912 3593 quo
2954 3535 3203 3582 mortuus
3245 3537 3328 3583 est
3372 3528 3468 3584 Jo-

1888 3607 2040 3676 sepb.
2076 3605 2351 3664 Venerunt
2395 3613 2540 3666 enim
2585 3615 2809 3670 visitare
2855 3617 3032 3685 ipsum
3063 3629 3413 3691 aegrotantem
3447 3642 3460 3677 :

1885 3711 1939 3758 et
1969 3704 2166 3760 enixus
2193 3705 2332 3760 sedit
2364 3706 2417 3760 in
2446 3707 2607 3768 lecto.
2625 3718 2680 3763 et
2695 3712 2976 3768 osculatus
3005 3723 3090 3769 est
3109 3729 3224 3781 eos,
3245 3725 3300 3771 et
3326 3717 3466 3771 dixit

1883 3795 1965 3852 eis
1991 3815 2006 3852 :

1957 3887 2291 3958 II.¢Audite,
2343 3892 2470 3960 ﬁlii,
2525 3894 2711 3951 audite
2755 3895 3068 3952 Simeonem
3117 3908 3324 3968 patrem
3377 3916 3466 3956 ve-

1886 3989 2057 4036 strum
2084 4023 2098 4043 ,
2139 3998 2480 4052 quacunque
2513 3984 2689 4040 habeo
2714 3984 2768 4039 in
2795 3985 2958 4041 corde
2987 4002 3131 4041 meo.
3165 3987 3278 4058 Ego
3309 3991 3465 4058 geni-

1885 4078 1974 4125 tus
2019 4087 2140 4127 sum
2191 4089 2258 4127 ex
2289 4073 2459 4128 Iacob
2491 4084 2642 4144 patre
2689 4091 2812 4131 meo
2853 4075 2998 4131 ﬁlius
3042 4078 3352 4146 secundus;
3409 4088 3462 4135 et

1884 4163 1978 4218 Lia
2004 4176 2177 4220 mater
2207 4184 2328 4222 mea
2354 4169 2571 4223 vocavit
2597 4185 2683 4224 me
2713 4168 3045 4234 Simeonem,
3078 4169 3340 4239 quoniam
3363 4187 3464 4225 au-

1882 4255 2018 4309 divit
2063 4257 2329 4314 Dominus
2381 4259 2679 4315 orationem
2733 4262 2924 4330 ipsius.
2992 4259 3188 4316 Potens
3237 4260 3462 4316 etl‘ectus

1883 4366 2004 4405 sum
2038 4352 2222 4418 valde;
2264 4368 2371 4406 non
2408 4353 2695 4408 formidavi
2722 4354 3093 4423 operationem
3117 4395 3132 4416 ,
3189 4370 3365 4424 neque
3396 4355 3465 4408 ti-

1891 4443 2000 4496 mui
2036 4444 2104 4498 ab
2148 4445 2296 4498 omni
2330 4461 2408 4498 re.
2453 4445 2562 4499 Cor
2596 4446 2739 4498 enim
2773 4461 2952 4499 meum
2991 4455 3108 4499 erat
3143 4445 3365 4509 durum,
3407 4456 3462 4499 et

1891 4537 2086 4605 hepata
2119 4552 2236 4591 mea
2264 4537 2587 4599 immobilia,
2624 4547 2678 4593 et
2709 4538 2918 4593 viscera
2961 4553 3077 4592 mea
3105 4553 3210 4593 non
3236 4552 3461 4609 compa-

1891 4630 2109 4695 tientia;
2133 4631 2392 4700 quoniam
2418 4642 2471 4685 et
2502 4632 2762 4687 fortitudo
2788 4633 2856 4686 ab
2876 4631 3159 4688 Altissitno
3183 4634 3341 4688 datur
3369 4634 3462 4688 ho-

1888 4721 2131 4776 minibus
2175 4722 2228 4776 in
2259 4721 2549 4777 animabus
2583 4731 2638 4778 et
2666 4724 3009 4793 corporibus.
3041 4725 3105 4778 Et
3134 4725 3187 4778 in
3215 4735 3460 4795 tempore

1879 4813 2184 4882 juventutis
2214 4815 2380 4870 invidi
2403 4814 2626 4886 Ioseph,
2649 4818 2907 4887 quoniam
2939 4819 3127 4873 dilexit
3148 4834 3273 4873 eum
3301 4827 3461 4888 pater

1885 4916 2098 4972 noster;
2135 4917 2188 4962 et
2221 4909 2426 4962 ﬁrmavi
2461 4925 2627 4980 super
2655 4926 2778 4965 eum
2813 4911 3010 4981 hepata
3041 4927 3161 4966 mea
3199 4912 3268 4966 ad
3310 4910 3459 4966 occi-

1881 4995 2114 5050 dendum
2168 5014 2317 5066 eum,
2369 5000 2629 5068 quoniam
2664 5001 2918 5071 princeps
2963 5004 3191 5068 erroris,
3233 5003 3457 5056 mittens

1883 5091 2134 5159 spiritum
2170 5092 2292 5158 zeli,
2324 5094 2618 5148 exczecavit
2647 5105 2882 5150 mentem
2909 5113 3108 5163 meam,
3148 5105 3208 5150 ut
3234 5112 3343 5149 non
3374 5103 3456 5148 at-

1883 5184 2157 5239 tenderem
2180 5187 2227 5239 ei
2271 5186 2412 5241 sicut
2453 5187 2631 5253 fratri,
2675 5205 2775 5244 nec
2807 5206 3081 5260 parcerem
3115 5188 3283 5244 Iacob
3312 5187 3453 5256 patri

1881 5293 2021 5332 meo.
2071 5276 2176 5333 Sed
2229 5277 2370 5334 Deus
2414 5279 2534 5349 ejus
2581 5291 2635 5336 et
2668 5279 2810 5336 Deus
2853 5293 3069 5351 patrum
3120 5281 3279 5351 ejus,
3320 5284 3451 5338 mit-

1881 5383 1999 5428 tens
2072 5374 2325 5444 angelum
2383 5390 2543 5429 suum
2582 5417 2597 5440 ,
2672 5376 2811 5430 eruit
2872 5390 2997 5430 cum
3065 5391 3130 5432 ex
3199 5378 3454 5436 manibus

1951 5505 2059 5576 (8'2)
2085 5507 2193 5560 Καὶ
2222 5507 2370 5574 πρὸς
2405 5507 2525 5558 τόν.
2559 5505 2667 5557 Καὶ
2698 5506 2918 5575 ἀγάπην
2944 5507 3170 5559 ἕκαστον
3196 5506 3327 5576 πρὸς
3363 5506 3452 5560 τὸν

1877 5576 2302 5658 ἁδελφὸνῇαὑτοῦ.
2337 5577 2416 5633 In.
2442 5647 2474 5658 ﬁ
2816 5646 2833 5658 _
3030 5647 3041 5658 .
3118 5648 3148 5658 ,ν
3187 5646 3223 5658 ..
3329 5648 3338 5658 .

1948 5650 2060 5717 (85)
2088 5647 2258 5718 Elegit
2289 5665 2405 5701 eum
2434 5647 2566 5700 Deus
2601 5663 2786 5715 regem.
2816 5646 2872 5700 In
2893 5662 2957 5701 eo
2999 5647 3153 5718 elegit
3187 5646 3454 5706 Dominus

1880 5719 2276 5859 Wigiiesemén
2312 5790 2493 5855 ipsius.
2530 5786 2730 5858 Ipsum.
2766 5788 2844 5843 In.
