4002 6308
577 305 737 360 11067

1609 298 2062 356 I‘ESTAMENTA
2116 296 2212 352 Xll
2255 295 2872 353 PATRIARCIIARUM.

3687 303 3788 363 {018

596 420 754 474 meis.
815 417 886 473 Ut
945 418 1092 473 enim
1149 433 1251 489 ego
1301 418 1469 472 ieram
1537 417 1591 470 in
1653 415 1913 470 Siehimis
1980 412 2174 468 τίσει·ιέ

2288 411 2340 464 ὲκ
2371 411 2480 465 τῶν
2519 415 2721 486 χειρῶν
2763 434 2863 487 μου
2899 417 3184 489 ἐρρύσατο.
3231 417 3322 480 Ὦς
3352 417 3457 488 γὰρ
3481 418 3580 485 ἐγὼ
3607 420 3785 490 trapeti-

599 520 936 581 unguenlum
983 508 1266 578 gregibus,
1315 515 1369 561 et
1428 505 1618 560 Ruben
1673 505 1723 558 in
1785 504 2036 559 Dotbaim
2086 505 2177 559 ubi

597 616 754 660 erant
786 603 1100 658 necessaria
1131 601 1288 655 nobis
1316 609 1371 654 et
1399 600 1584 653 omnis
1612 616 1813 669 penus,
1858 598 2028 654 Judas
2076 597 2180 654 fra-

601 706 680 750 ter
715 709 870 748 meus
925 693 1166 747 vendidit
1201 709 1324 746 eum
1366 692 1676 746 lsmaelitis.
1710 691 1776 744 Et
1805 692 2028 746 veniens
2065 690 2178 748 Ru~

601 786 704 838 ben
735 784 983 837 tristatus
1008 792 1126 846 est;
1167 783 1337 836 voluit
1368 782 1512 836 enim
1554 781 1732 850 ipsum
1767 782 1975 836 salvum
2013 783 2177 836 redu-

598 891 723 929 cere
766 874 832 928 ad
879 883 1108 943 patrem.
1155 872 1268 943 Ego
1311 887 1440 925 vero
1473 872 1643 925 iratus
1678 887 1826 926 eram
1852 870 2182 943 Judaa,quo-

600 968 745 1020 niam
791 968 1058 1021 viventem
1087 967 1263 1034 ipsum
1306 965 1550 1031 dimisit;
1584 975 1637 1018 et
1679 963 1752 1017 fui
1781 981 1997 1021 menses
2018 967 2182 1036 quin-

599 1077 706 1130 que
743 1060 916 1115 iratus
940 1060 1021 1125 ei;
1058 1061 1338 1130 impedivit
1363 1069 1546 1114 autem
1575 1075 1659 1113 mc
1687 1058 1829 1116 Deus
1853 1104 1869 1125 ,
1902 1069 1957 1116 et
1996 1061 2182 1131 prohi-

600 1154 724 1208 buit
769 1169 797 1208 a
842 1170 926 1208 me
964 1155 1336 1223 operationem
1378 1168 1665 1220 manuum,
1696 1153 1953 1224 quoniam
1984 1169 2180 1208 manus

602 1262 722 1301 mea
753 1247 941 1301 dextra
984 1247 1269 1301 semisicca
1302 1254 1419 1302 erat
1442 1262 1538 1318 per
1568 1247 1685 1302 dies
1722 1257 1949 1316 septem.
1996 1246 2059 1300 Et
2095 1262 2183 1301 co-

603 1341 786 1408 gnovi,
814 1341 931 1406 lilii,
967 1340 1110 1409 quod
1155 1349 1371 1409 propter
1416 1337 1618 1410 Joseph
1651 1339 1754 1394 hoc
1787 1338 1920 1392 mihi
1946 1338 2177 1405 accidit;

601 1445 656 1488 ct
701 1434 970 1504 pteuiteus
1019 1433 1160 1497 flevi,
1203 1442 1255 1486 et
1281 1432 1431 1486 oravi
1458 1430 1749 1486 Dominum
1786 1441 1843 1485 ut
1873 1431 2184 1485 restitueret

603 1545 825 1583 manum
854 1536 1121 1590 meam,et
1143 1527 1472 1581 abstinerem
1499 1527 1570 1580 ab
1592 1525 1741 1579 omni
1768 1525 2182 1594 inquinamento

603 1630 657 1674 et
701 1620 924 1684 invidia,
977 1628 1027 1673 et
1071 1619 1138 1672 ab
1184 1619 1334 1673 omni
1379 1617 1710 1686 insipientia.
1749 1614 1990 1684 Cognovi
2036 1618 2181 1670 enim

604 1713 750 1783 quod
788 1713 1152 1781 perniciosam
1186 1725 1297 1763 rem
1325 1709 1692 1778 cogitaveram
1737 1722 1923 1763 coram
1951 1707 2183 1762 Domino

604 1779 659 1859 et
689 1779 859 1859 Jaeob
885 1814 1039 1872 patre
1073 1817 1216 1870 meo,
1254 1810 1442 1856 contra
1464 1800 1666 1871 lost-ph
1714 1800 1937 1856 fratrem
1976 1816 2178 1867 meum,
2216 1779 2255 1833 Β

607 1896 858 1950 invidens
888 1894 960 1947 ei.

678 2080 763 2136 Ill.
821 2101 838 2134 ι
880 2081 943 2134 Et
976 2096 1142 2146 nunc,
1198 2081 1322 2145 lilii,
1367 2081 1641 2135 custodite
1685 2098 1782 2138 vos
1824 2096 1854 2134 a
1903 2080 2184 2150 spiritibus

605 2176 815 2232 erroris
857 2184 911 2230 et
951 2175 1187 2230 invidiae.
1217 2175 1428 2230 Etenim
1463 2177 1663 2230 invidia
1693 2175 2005 2230 dominatur
2033 2173 2182 2228 omni

609 2270 978 2341 intelligentia:
1027 2269 1288 2334 hominis,
1341 2279 1395 2324 et
1443 2285 1549 2323 non
1594 2269 1796 2338 patitur
1820 2283 1945 2322 eum
1980 2269 2064 2322 vel
2100 2282 2186 2322 co-

608 2363 868 2431 medere,
916 2364 1002 2418 vel
1037 2363 1239 2429 bibere,
1271 2362 1356 2416 vel
1408 2361 1589 2417 facere
1635 2362 1838 2432 aliquid
1881 2362 2044 2429 boni;
2090 2361 2186 2417 sed

609 2473 828 2526 semper
869 2456 1112 2528 suggerit
1150 2455 1398 2510 occidere
1442 2470 1600 2520 eum,
1643 2455 1732 2509 cui
1780 2454 2093 2521 invidetur;
2133 2463 2187 2509 et

608 2549 913 2608 invidiosus
955 2564 1168 2618 semper
1203 2547 1378 2612 floret,
1428 2548 1674 2602 invidens
1715 2563 1841 2601 vero
1876 2547 2183 2603 marcescit.

610 2643 713 2698 Per
757 2643 896 2697 duos
941 2657 1118 2696 annos
1150 2641 1364 2696 dierum
1404 2641 1460 2694 in
1503 2641 1698 2694 timore
1741 2639 1954 2694 Domini
2001 2639 2186 2709 punivi

608 2735 849 2790 animam
879 2750 1054 2788 meam
1085 2733 1299 2804 jejunio
1327 2752 1341 2799 ;
1378 2743 1432 2788 et
1455 2733 1683 2803 cognovi
1709 2733 1855 2802 quod
1877 2733 2078 2787 solutio
2105 2734 2188 2787 in-

607 2829 768 2882 vidia:
806 2843 900 2895 per
946 2828 1197 2902 timorem
1245 2825 1340 2880 Dei
1368 2826 1618 2880 edicitur.
1665 2824 1720 2880 Si
1753 2825 1878 2895 quis
1905 2825 1972 2879 ad
2005 2824 2191 2879 Domi-

608 2938 742 2978 uuln
776 2919 1028 2988 refugiat,
1069 2917 1282 2990 aufugit
1317 2917 1662 2988 perniciosus
1697 2917 1922 2986 spiritus
1952 2917 2021 2972 ab
2047 2916 2184 2986 ipso,

609 3024 665 3067 et
687 3013 924 3068 eflicitur
949 3027 1104 3065 meus
1132 3010 1297 3076 levis;
1327 3019 1381 3065 et
1404 3010 1517 3080 jam
1543 3009 1870 3078 compatilur
1897 3010 2185 3076 invidioso,

2283 500 2382 572 θην
2414 506 2472 557 ἐν
2504 507 2636 578 Σική
2646 524 2787 577 μοις,
2815 507 3036 577 ἐνέγκαι
3061 508 3300 579 ἄλειμμα
3319 512 3429 571 τοῖς
3446 510 3699 581 ποιμνίοις,
3718 517 3786 568 καὶ

2291 596 2531 668 Ῥουϐὴμ
2557 600 2637 663 εἰς
2668 601 2873 672 Δοθαῖμ
2893 643 2906 663 ,
2944 602 3078 655 ὅπου
3114 603 3182 657 τὰ
3213 600 3541 675 ἐγχρῄζοντα
3569 608 3693 675 ἡμῖν,
3719 610 3787 660 καὶ

2281 692 2432 744 πᾶσα
2475 693 2507 762 ἡ
2547 691 2801 757 ἀπόθεσις
2823 737 2838 759 ,
2891 694 3086 759 Ἰούδας
3113 698 3142 749 ὁ
3177 696 3402 765 ἁδελφός
3445 713 3539 766 μου
3573 697 3790 768 ἐπώλησεν

2283 785 2445 838 αὑτὸν
2475 789 2587 848 τοῖς
2634 786 3017 857 Ἱσμαηλίταις.
3049 789 3158 841 Καὶ
3183 787 3356 842 ἐλθὼν
3397 788 3620 859 Ῥουϐὴμ
3645 789 3791 864 ἐλυπὴ-

2283 876 2386 946 θηο
2440 877 2596 948 ἤθελε
2645 877 2752 950 γὰρ
2790 880 2950 932 αὑτὸν
2989 879 3252 932 διασῶσαι
3302 879 3441 950 πρὸς
3488 880 3574 932 τὸν
3614 880 3791 952 πατέρα.

2295 974 2436 1043 Ἐγὼ
2472 972 2529 1024 δὲ
2560 971 2836 1042 ὠργίσθην
2873 971 2953 1041 τῷ
3001 971 3189 1042 Ἰούδᾳ,
3221 973 3305 1026 ὅτι
3330 971 3504 1036 ζῶντα
3534 974 3672 1027 αὐτόν
3699 978 3794 1031 ἁπέ-

2281 1067 2441 1121 λυσε·
2490 1068 2582 1120 καὶ
2621 1067 2850 1136 ἐποίησα
2892 1067 3064 1137 μῆνας
3112 1065 3277 1118 πέντε
3307 1065 3640 1138 ὀργιζόμενος
3659 1067 3792 1140 αὐτῷ.

2282 1160 2441 1228 καίγε
2479 1159 2791 1213 συνεπόδισέ
2819 1177 2884 1230 με
2915 1161 2942 1211 ὁ
2981 1158 3146 1224 Θεὸς,
3181 1160 3279 1212 καὶ
3311 1158 3578 1212 ἐκώλυσεν
3601 1161 3680 1213 ἀπ’
3700 1162 3794 1231 ἐμοῦ

2281 1253 2470 1324 δρᾶσιν
2509 1251 2738 1324 χειρῶν⁸
2776 1253 2858 1304 ὅτι
2890 1253 2922 1322 ἡ
2949 1251 3071 1323 χείρ
3109 1269 3210 1322 μου
3247 1253 3282 1322 ἡ
3316 1250 3466 1316 δεξιὰ
3505 1251 3732 1322 ήμίξηρος
3751 1249 3796 1325 ἦν

2283 1347 2376 1400 ἐπὶ
2409 1346 2620 1417 ἡμέρας
2659 1346 2724 1410 ζ’.
2771 1345 2880 1396 Καὶ
2911 1343 3103 1412 εγνων,
3134 1343 3325 1405 τέκνα,
3368 1343 3450 1396 ὅτι
3487 1345 3608 1414 περὶ
3655 1344 3796 1414 Ἰωσὴφ

2282 1437 2440 1490 τοῦτό
2488 1453 2577 1507 μοι
2622 1433 2820 1504 συνέϐη
2869 1450 2882 1464 ·
2933 1436 3026 1488 καὶ
3081 1436 3430 1506 μετανοήσας
3474 1433 3701 1497 ἔκλαυσα,
3737 1436 3799 1489 καὶ

2283 1531 2532 1602 ηὐξάμην
2565 1528 2788 1600 Κυρίῳ,
2828 1529 2913 1581 ἵνα
2953 1528 3395 1598 ἀποκαταστήσῃ
3429 1527 3526 1598 τὴν
3552 1528 3687 1598 χεῖρά
3714 1545 3796 1598 μιν),

2284 1625 2374 1677 καὶ
2396 1622 2722 1691 ἁπόσχωμαι
2739 1621 2847 1674 ἀπὸ
2862 1623 3056 1687 παντὸς
3076 1618 3383 1693 μολυσμοῦ,
3412 1621 3506 1672 καὶ
3533 1619 3718 1688 φθόνου,
3738 1623 3800 1672 καὶ

2285 1716 2392 1770 ἀπὸ
2452 1713 2634 1784 πάσης
2681 1711 3010 1784 ἀφροσύνης.
3065 1713 3280 1781 Ἔγνων
3331 1710 3461 1782 γὰρ,
3517 1711 3592 1764 ὅτι
3628 1712 3800 1782 πονηρὸν

2286 1813 2515 1881 πρᾶγμα
2543 1810 2881 1880 ἐνεθυμήθην
2907 1807 3137 1860 ἐνώπιον
3166 1805 3402 1876 Κυρίου,
3433 1805 3527 1856 καὶ
3558 1802 3720 1855 Ἰακὼϐ
3737 1802 3800 1854 τοῦ

2285 1903 2491 1973 πατρὸς
2533 1919 2656 1972 μου,
2687 1901 2774 1954 διὰ
2819 1899 3014 1971 Ἰωσὴφ
3048 1899 3140 1952 τὸν
3169 1897 3401 1968 ἀδελφόν
3435 1913 3554 1966 μου,
3597 1894 3800 1964 φθονήσας

2288 1995 2456 2066 αὐτῷ.

2357 2089 2429 2141 I".
2475 2108 2493 2140 ι
2520 2090 2628 2142 Καὶ
2655 2087 2768 2153 νῦν,
2793 2087 2979 2152 τέκνα,
3017 2082 3328 2156 φυλάξασθε
3353 2082 3464 2136 ἀπὸ
3495 2081 3598 2134 τῶν
3625 2080 3801 2149 πνευμά-

2285 2201 2394 2238 των
2438 2183 2538 2253 τῆς
2587 2181 2794 2251 πλάνης
2834 2181 2928 2233 καὶ
2976 2177 3071 2232 τοῦ
3109 2177 3332 2248 φθόνου.
3370 2176 3484 2229 Καὶ
3502 2173 3645 2244 γὰρό
3667 2172 3801 2240 φθόνος

2287 2279 2529 2350 κυριεύει
2562 2278 2742 2348 πάσης
2787 2277 2886 2346 τῆς
2911 2275 3149 2338 διανοίας
3175 2272 3270 2326 τοῦ
3296 2269 3583 2341 ἀνθρώπου
3606 2309 3619 2332 ,
3645 2268 3718 2320 καί
3736 2268 3800 2319 οὐκ

2288 2373 2510 2444 ἀφίησιν
2541 2369 2702 2423 αὐτὸν
2734 2368 2856 2421 οὔτε
2881 2369 3073 2438 φαγεῖν
3096 2409 3110 2432 ,
3141 2365 3264 2418 οὕτε
3305 2366 3472 2426 πιεῖν,
3503 2361 3618 2415 οὔτε
3643 2360 3801 2430 ποιῆσαί

2288 2484 2341 2518 τι
2369 2463 2572 2533 ἀγαθόν
2597 2480 2610 2492 ⁸
2641 2461 2776 2516 ἀλλὰ
2802 2459 3031 2513 πάντοτε
3063 2456 3361 2511 ὑποϐάλλει
3394 2453 3595 2507 ἀνελεῖν
3613 2450 3690 2504 τον
3717 2449 3800 2518 φθο-

2288 2557 2378 2615 νού
2387 2573 2573 2629 μενον·
2617 2556 2712 2609 καὶ
2742 2556 2771 2607 ὁ
2798 2553 2895 2624 μὲν
2926 2551 3288 2623 φθονούμενος
3312 2549 3544 2602 πάντοτε
3566 2541 3799 2604 ἀνθεῖ,ὁᾶ

2289 2654 2496 2728 φθονῶν
2526 2649 2865 2722 μαραίνεται.
2895 2641 2997 2698 Δύο
3027 2643 3126 2712 ἐτη
3155 2640 3383 2713 ἡμερῶν
3412 2640 3468 2691 ἐν
3497 2634 3636 2706 φόϐῳ
3657 2631 3799 2728 Κυρίου

2289 2725 2545 2802 ἐκάκωσα
2576 2742 2671 2813 τὴν
2697 2741 2874 2811 ψυχήν
2910 2753 3010 2808 μου
3037 2737 3094 2791 ἐν
3125 2735 3354 2805 νηστείᾳ
3377 2750 3390 2764 ·
3423 2732 3514 2784 καὶ
3536 2729 3684 2797 ἔγνων
3702 2725 3800 2792 ὅτιή

2289 2840 2441 2902 λύσις
2481 2836 2575 2891 τοῦ
2618 2834 2812 2904 φθόνου
2845 2829 2934 2884 διὰ
2982 2827 3146 2900 φόϐου
3177 2825 3319 2879 Θεοῦ
3361 2825 3586 2893 γίνεται.
3626 2817 3724 2870 Ἐάν
3747 2831 3802 2877 τις

2289 2931 2382 2986 ἐπὶ
2406 2928 2608 2999 Κύριον
2632 2921 2954 2993 καταφεύγῃ
2975 2961 2989 2981 ,
3030 2917 3326 2990 ἀποτρέχει
3351 2915 3414 2968 τὸ
3447 2911 3662 2984 πονηρὸν
3686 2906 3802 2960 πνεῦ-

2295 3043 2369 3098 μα
2413 3025 2507 3077 ἀπ’
2568 3019 2754 3084 αὑτοῦ,
2813 3016 2907 3069 καὶ
2953 3015 3160 3083 γίνεται
3204 3015 3237 3084 ἡ
3281 3011 3492 3066 διάνοια
3534 3008 3708 3075 κούφηο
3741 2999 3802 3052 καὶ

610 3118 665 3164 et
695 3123 804 3161 non
851 3106 1198 3176 reprehendit
1220 3106 1507 3175 diligentes
1540 3104 1741 3173 ipsum,
1766 3113 1821 3158 et
1846 3103 1919 3158 ita
1949 3104 2184 3174 quiescit

2288 3120 2466 3182 λοιπὸν
2502 3113 2777 3186 συμπαθεῖ
2819 3110 2897 3182 τῷ
2926 3107 3294 3179 φθονουμένῳ,
3339 3105 3434 3157 καὶ
3465 3103 3523 3154 οὗ
3565 3095 3801 3165 καταγινώ-

611 3199 679 3261 ab
709 3197 933 3252 invidia.

687 3375 776 3431 IV.
825 3396 842 3426 ι
869 3375 935 3430 Ει
961 3374 1331 3445 interrogabat
1371 3383 1522 3445 pater
1544 3375 1610 3429 de
1633 3389 1744 3436 me,
1770 3374 2029 3443 quoniam
2054 3373 2190 3430 vidit

615 3487 703 3526 me
725 3471 959 3536 tristem,
1001 3480 1054 3525 et
1089 3469 1371 3524 dicebam:
1404 3487 1422 3520 ι
1447 3467 1648 3538 llepata
1685 3483 1802 3522 mea
1828 3467 2040 3523 doleo.»
2066 3465 2188 3523 Tri-

617 3565 805 3619 stabar
831 3565 976 3618 enim
997 3578 1162 3633 supra
1186 3578 1400 3628 omnes,
1418 3563 1680 3632 quoniam
1713 3577 1813 3631 ego
1845 3576 1996 3616 eram
2021 3575 2189 3614 causa

614 3658 944 3712 venditionis
995 3655 1219 3726 Joseph.
1323 3653 1388 3707 Et
1434 3655 1653 3723 quando
1712 3652 2092 3708 descendimus
2134 3652 2188 3705 in

618 3749 937 3821 A‘ngptum,
963 3757 1018 3802 et
1039 3747 1223 3817 ligavit
1241 3761 1328 3800 me
1345 3746 1490 3800 velut
1515 3744 1938 3813 exploratorem,
1963 3741 2190 3812 cognovi

617 3841 764 3913 quod
786 3842 938 3911 justo
970 3840 1236 3911 patiebar,
1287 3847 1341 3894 et
1366 3853 1478 3894 non
1513 3853 1634 3893 sum
1667 3836 2042 3892 contristatus.
2093 3834 2192 3890 Jo-

618 3937 751 4006 sepli
788 3951 916 3990 vero
941 3941 1061 3988 erat
1093 3933 1176 3987 vir
1206 3932 1416 3997 bonus;
1458 3939 1512 3984 et
1537 3929 1744 3984 habens
1776 3927 2041 3998 Spiritum
2098 3925 2191 3981 Dei

621 4031 675 4083 in
703 4029 906 4097 seipso,
943 4026 1258 4080 misericors
1286 4032 1340 4077 et
1389 4023 1651 4084 clemens,
1710 4037 1820 4074 non
1873 4019 2193 4075 recordatus

620 4131 707 4176 est
740 4120 922 4174 facere
948 4118 1152 4171 malum
1183 4115 1339 4181 mihi,
1363 4115 1459 4169 sed.
1483 4124 1536 4167 et
1572 4112 1763 4167 dilexit
1806 4127 1893 4166 me
1945 4121 2006 4166 ut
2054 4112 2193 4167 alios

619 4213 840 4268 fratres.
871 4209 1155 4265 Custodite
1185 4207 1350 4278 igitur
1377 4220 1498 4270 vos,
1528 4205 1621 4258 lilii
1651 4205 1777 4271 mei,
1805 4205 1874 4259 ab
1903 4205 2054 4259 omni
2077 4204 2194 4258 zelo

618 4316 674 4362 et
710 4305 936 4365 invidia,
969 4313 1021 4357 et
1047 4301 1323 4356 ambulate
1351 4299 1406 4352 iu
1433 4297 1785 4366 simplicitate
1819 4296 2018 4351 anima:
2046 4306 2102 4352 et
2139 4297 2194 4350 in

619 4398 764 4452 bono
780 4396 966 4460 corde,
1005 4395 1310 4462 cogitantes
1337 4389 1556 4445 fratrem
1596 4391 1766 4460 patris
1799 4391 1988 4455 vestri,
2016 4400 2076 4446 ut
2103 4390 2195 4446 det

2295 3233 2413 3273 σκει
2438 3212 2544 3265 τῶν
2572 3203 2911 3276 ἀγαπώντων
3098 3199 3283 3262 αὐτὸν,
3322 3198 3419 3250 καὶ
3451 3194 3612 3255 οὕτως
3638 3188 3803 3242 παύεται

2287 3304 2381 3360 τοῦ
2405 3300 2619 3372 φθόνου.

2361 3367 2434 3449 Δί
2470 3415 2486 3445 ι
2511 3392 2622 3445 Καὶ
2636 3385 2704 3462 ἦν
2727 3385 2946 3459 ἐρωτῶν
2992 3387 3020 3438 ὁ
3053 3381 3236 3452 πατὴρ
3259 3382 3393 3452 περὶ
3431 3375 3583 3448 ἐμοῦ,
3611 3374 3680 3427 ὅτι
3705 3367 3804 3438 ἐώρα

2294 3503 2360 3559 με
2386 3481 2730 3554 σκυθρωπὸν,
2755 3478 2848 3531 καὶ
2865 3477 3050 3544 ἔλεγον
3070 3491 3083 3505 ·
3119 3493 3140 3524 ι
3162 3473 3241 3525 Τὰ
3261 3471 3454 3543 ἦπατά
3481 3487 3575 3541 μου
3595 3464 3802 3559 uxoriae:

2290 3552 2418 3647 ἐγώ.
2436 3597 2453 3628 ι
2474 3552 2761 3627 Ἐ-πένθουν
2794 3569 2904 3638 γὰρ
2930 3565 3080 3637 παρὰ
3108 3564 3348 3630 πάντας,
3379 3564 3460 3616 ὅτι
3487 3559 3592 3629 ἐγὼ
3611 3559 3731 3628 ἥμην
3748 3552 3804 3605 αἰ-

2289 3671 2512 3741 τιοςτῆς
2534 3667 2790 3739 πράσεως
2828 3664 3044 3733 Ἰωσήφ.
3115 3661 3224 3714 Καὶ
3283 3659 3374 3711 ὅτε
3427 3654 3708 3724 κατέϐημεν
3750 3649 3802 3707 εἰς

2291 3767 2583 3833 Αἴγυπτον.
2619 3760 2717 3812 καὶ
2745 3756 2903 3827 ἔδησὲ
2940 3771 3006 3826 με
3035 3754 3111 3816 ὡς
3157 3753 3528 3814 κατάσκοπον,
3573 3748 3717 3815 ἔγνων
3751 3742 3803 3833 δτι

2292 3828 2514 3918 δικαίως
2547 3856 2760 3923 πάσχω,
2789 3849 2884 3904 καὶ
2931 3849 3031 3901 οὐκ
3079 3845 3416 3916 ἐλυπούμην.
3465 3839 3650 3910 Ἰωσὴφ
3687 3835 3730 3888 δὲ
3759 3828 3802 3900 ἦν

2293 3949 2431 4021 ἀνὴρ
2466 3944 2688 4015 ἀγαθὸς,
2716 3941 2973 4012 καὶέχων
2999 3936 3405 4010 πνεῦμα,Θεοῦ
3458 3937 3517 3988 ἐν
3563 3923 3803 4021 αὑτῷ,εὖῗ

2296 4014 2602 4109 σπλαηνος
2628 4035 2724 4089 καὶ
2755 4035 3020 4106 ἐλεήμων,
3050 4033 3151 4084 οὐκ
3175 4025 3577 4102 ἐμνησικάκησε
3606 4040 3697 4094 μοι,
3711 4014 3802 4109 ἀλλὰ

2296 4134 2389 4186 καὶ
2683 4145 2770 4199 με,
2793 4126 2867 4188 ὼς
2891 4125 3019 4188 τοὺς
3040 4124 3233 4186 ἄλλους
3263 4121 3540 4190 ἀδελφούς.
3562 4106 3801 4202 timidis-ﬁet

2295 4199 2592 4286 οὖν,τὲκνα
2629 4237 2751 4291 μου,
2791 4216 2898 4270 ἀπὸ
2946 4215 3149 4277 παντὸς
3178 4212 3341 4285 ζήλου
3372 4212 3464 4266 καὶ
3511 4208 3710 4278 φθόνου,
3740 4199 3801 4250 καὶ

2298 4312 2595 4386 πορεύεσθε
2623 4314 2682 4365 ἐν
2714 4310 2975 4382 ἁπλότητι
3001 4307 3200 4378 ψυχῆς,
3233 4306 3329 4358 καὶ
3363 4307 3420 4357 ἐν
3446 4300 3612 4370 ἀγαθῇ
3643 4290 3800 4386 καρδίᾳ)

2297 4381 2601 4468 ἐννοοῦντες
2636 4403 2728 4456 τὸν
2754 4419 2859 4454 τιατ
2870 4398 3128 4472 ράδελφον
3168 4396 3324 4470 ὑμῶν
3355 4395 3485 4469 (86),
3521 4395 3598 4446 ἵνα
3623 4387 3716 4458 δώῃ
3739 4381 3801 4434 καὶ

621 4497 676 4542 et
703 4487 856 4541 vobis
876 4487 1016 4541 Deus
1043 4485 1299 4555 gratiam,
1323 4493 1375 4538 et
1396 4483 1652 4554 gloriam,
1679 4492 1734 4538 et
1763 4484 2189 4540 benedictionem

2301 4501 2429 4571 ὑμῖν
2448 4502 2476 4553 ὁ
2500 4497 2633 4560 Θεὸς
2664 4496 2845 4568 χάριν,
2874 4491 3148 4558 καὶδόξαν
3166 4529 3185 4556 ,
3217 4491 3313 4544 καὶ
3362 4489 3599 4556 εὐλογίαν
3632 4483 3708 4534 ἐπὶ
3736 4475 3801 4535 τὰς

625 4594 792 4648 super
819 4580 996 4647 capita
1032 4587 1234 4643 vestra,
1268 4578 1413 4632 sicut
1441 4576 1637 4630 videtis
1661 4576 1714 4628 in
1750 4576 1890 4646 ipso.
1925 4575 2196 4634 Omnibus

622 4671 818 4726 diebus
843 4687 951 4724 non
980 4669 1328 4737 exprobravit
1356 4684 1456 4723 nos
1479 4668 1546 4722 de
1577 4667 1744 4722 verbo
1778 4668 1900 4733 hoc,
1933 4668 2024 4722 sed
2057 4669 2195 4722 dile-

623 4765 705 4820 xit
735 4779 836 4818 nos
868 4771 926 4816 ut
954 4764 1193 4816 animam
1223 4777 1404 4826 suam,
1427 4771 1480 4816 et
1508 4777 1674 4832 supra
1707 4761 1846 4816 lilios
1871 4777 2000 4816 suos
2032 4762 2198 4832 glori-

623 4856 807 4912 ﬁcavit
840 4871 974 4921 nos;
1008 4853 1319 4919 etdivitias,
1355 4862 1404 4907 et
1436 4870 1654 4924 pecora,
1685 4863 1739 4908 et
1768 4854 1980 4910 fructus
2019 4855 2198 4908 omni-

624 4951 728 5005 bus
758 4949 916 5003 nobis
947 4947 1173 5015 largitus
1203 4958 1302 5002 est.
1339 4945 1405 5000 Et
1427 4962 1521 5002 vos
1550 4965 1698 5018 ergo,
1729 4949 1824 5002 lilii
1857 4949 1962 5002 mei
1990 4949 2195 5015 dilecti,

625 5042 833 5112 diligite
861 5039 1240 5109 unusquisque
1283 5038 1505 5093 fratrem
1537 5055 1697 5094 suum
1732 5041 1786 5094 in
1818 5041 1962 5095 bono
2008 5041 2195 5106 corde,

624 5146 680 5193 et
708 5146 955 5192 amovete
983 5154 1013 5188 a
1042 5133 1197 5188 vobis
1242 5133 1495 5203 spiritum
1525 5135 1767 5199 invidiae,
1796 5137 2056 5205 quoniam
2097 5136 2200 5190 iste

628 5239 899 5299 agrestem
949 5226 1082 5280 facit
1140 5228 1402 5288 animant,
1431 5235 1482 5280 et
1511 5227 1817 5297 corrumpit
1846 5243 2046 5298 corpus
2073 5271 2089 5295 ,
2141 5230 2196 5284 in

626 5324 764 5378 iram
791 5329 844 5377 et
867 5322 1065 5376 bellum
1104 5320 1265 5374 vertit
1287 5320 1601 5384 consilium,
1659 5330 1713 5379 et
1771 5322 1825 5376 in
1879 5325 2197 5394 sanguinem

544 5427 550 5440 ‘
631 5415 850 5485 (caedes)
883 5415 1118 5481 exacuit,
1150 5414 1280 5468 etin
1319 5415 1564 5469 exstasin
1618 5415 1771 5474 ducit
1821 5427 2098 5482 mentem,
2147 5430 2202 5475 et

630 5525 740 5569 non
769 5510 899 5564 sinit
921 5510 1252 5564 intellectum
1295 5509 1350 5562 in
1382 5507 1696 5573 hominibus
1729 5509 1978 5578 operari;
2006 5511 2100 5567 sed
2149 5522 2201 5566 et

544 5671 549 5710 ς
703 5646 812 5716 (85)
853 5647 959 5699 Kal
1002 5649 1073 5699 οὐ
1096 5645 1520 5716 καταγινώσκτι
1541 5644 1655 5699 τῶν
1670 5643 2047 5715 ἀγαπώντων.
2068 5647 2202 5715 Συγ-

632 5715 1034 5792 γινιῖμσλκει-τοῖς
1057 5715 1364 5792 ἀγαπῶσιν.
1393 5717 1560 5772 GBAB.

712 5787 815 5864 |86)
870 5786 1245 5853 'Errocﬁrrec
1278 5787 1382 5854 m-
1403 5787 1820 5860 acrrpd8£.1;.cor
1867 5787 2045 5860 ὑμῶν.
2080 5788 2201 5855 Herc

2297 4594 2536 4666 κεφαλὰς
2564 4593 2594 4646 ὑ
2602 4591 2738 4663 μῶν,
2763 4589 2943 4652 καθὼς
2959 4588 3125 4642 εἴδετε
3150 4588 3208 4641 ἐν
3232 4586 3397 4657 αὐτῷ.
3420 4585 3593 4645 Πάσας
3612 4579 3694 4641 τὰς

2300 4664 2398 4764 ραις
2428 4691 2530 4744 οὑκ
2559 4685 2829 4740 ὠνείδισεν
2850 4686 2996 4754 ἡμᾶς
3022 4683 3150 4756 περὶ
3179 4680 3275 4735 τοῦ
3307 4680 3462 4750 λόγου
3490 4677 3685 4736 τούτου,

2296 4785 2579 4856 ἠγάπησεν
2605 4781 2752 4851 ἡμᾶς
2783 4777 2859 4840 ὡς
2878 4778 2976 4849 τὴν
3003 4776 3186 4847 ψυχὴν
3217 4772 3402 4834 αὑτοῦ,
3449 4772 3538 4824 καὶ
3569 4767 3690 4836 ὑπὲρ
3711 4760 3796 4818 10"»;

2297 4877 2445 4940 υἱοὺς
2465 4873 2628 4929 αὐτοῦ
2663 4872 2908 4936 ἐδόξασεν
2951 4872 3116 4942 ἡμᾶς,
3164 4871 3257 4922 καὶ
3286 4867 3523 4926 πλοῦτον,
3557 4862 3638 4917 καὶ

2299 4970 2394 5023 καὶ
2419 4968 2665 5040 καρποὺς
2688 4965 2982 5036 ἐχαρίσατο
3035 4964 3202 5016 πᾶσιν
3233 4963 3384 5034 ἡμῖν.
3431 4959 3535 5011 Καὶ
3562 4953 3693 5024 ὑμεῖς
3715 4941 3791 5040 οὗθ’

2297 5062 2462 5116 τέκνα
2488 5078 2588 5133 μου
2616 5057 2896 5129 ἀγαπητὰ,
2930 5057 3250 5128 ἀγαπήσατε
3297 5053 3520 5114 ἕκαστος
3535 5035 3793 5133 causam

2300 5135 2466 5209 αὐτοῦ
2490 5129 2556 5206 ⁷ἐν
2584 5150 2761 5223 ἀγαθῇ
2810 5150 3030 5222 καρδίᾳ,
3086 5149 3180 5202 καὶ
3210 5148 3541 5219 ἀποστήσατε
3580 5139 3659 5207 ἀφ’
3684 5129 3790 5202 ὑμῶθ

2298 5247 2362 5301 τὸ
2404 5245 2620 5316 πνεῦμα
2653 5244 2747 5298 τοῦ
2773 5243 2965 5313 φθόνου
2983 5282 2996 5306 ,
3021 5243 3101 5296 ὅτι
3127 5242 3308 5311 ἀγριοί
3347 5239 3498 5291 τοῦτο
3527 5235 3610 5304 τὴν
3645 5223 3786 5316 ψυχὴν)

2299 5342 2396 5395 καὶ
2419 5313 2627 5412 φθείρει
2653 5339 2715 5392 τὸ
2745 5339 2924 5410 σῶμα,
2961 5337 3130 5410 ὀργὴν
3167 5334 3260 5388 καὶ
3290 5334 3514 5404 πόλεμον
3545 5323 3725 5414 παρέχει
3747 5313 3787 5414 ξδ

2302 5431 2601 5486 διαϐούλιον
2640 5433 2785 5506 (87),
2829 5431 2929 5485 acati.
2957 5433 3038 5493 εἰς
3069 5429 3276 5500 αἵματα
3323 5424 3613 5499 παροξύνει,
3638 5412 3708 5506 καὶ
3734 5412 3788 5461 είς

2303 5523 2556 5578 ἔκστασιν
2587 5524 2708 5593 ἄγει
2735 5524 2835 5595 τὴν
2883 5521 3141 5583 διάνοιαν,
3166 5521 3259 5573 καὶ
3283 5519 3380 5572 οὐκ
3400 5518 3463 5588 ἐᾷ
3506 5514 3592 5584 τὴν
3633 5503 3786 5559 σύνεσιν

2306 5658 2507 5712 omissa
2542 5668 2669 5712 sunt
2704 5659 2756 5711 in
2795 5676 2899 5712 ms.
2934 5656 3056 5712 cod.
3095 5653 3270 5709 Oxon.
3309 5655 3387 5706 In.

2381 5731 2486 5799 (37)
2535 5728 2600 5783 Tt."
2633 5729 2989 5784 διτιϐριϊῖιοιθ.
3028 5726 3116 5797 Τῷ
3139 5724 3442 5794 διαϐουλίῳ.
3477 5720 3540 5774 In.
