  <div class='ocr_page' id='page_1' title='image "/cluster/home/n/w/nwhite01/storage/ocr_20150623/2/hvd.32044073501249/530.png"; bbox 0 0 4002 6308; ppageno 0'>
   <div class='ocr_carea' id='block_1_1' title="bbox 175 272 400 354">
    <p class='ocr_par' dir='ltr' id='par_1_1' title="bbox 175 272 400 354">
     <span class='ocr_line' id='line_1_1' title="bbox 175 272 400 354; baseline -0.009 -24"><span class='ocrx_word' id='word_1_1' title='bbox 175 349 178 354; x_wconf 25' lang='grc' dir='ltr'>ι</span> <span class='ocrx_word' id='word_1_2' title='bbox 260 272 400 330; x_wconf 72' lang='lat' dir='ltr'><strong>tota</strong></span> 
     </span>
    </p>
   </div>
   <div class='ocr_carea' id='block_1_2' title="bbox 1431 257 2334 325">
    <p class='ocr_par' dir='ltr' id='par_1_2' title="bbox 1431 257 2334 325">
     <span class='ocr_line' id='line_1_2' title="bbox 1431 257 2334 325; baseline 0 -3"><span class='ocrx_word' id='word_1_3' title='bbox 1431 259 1951 325; x_wconf 71' lang='lat' dir='ltr'><strong>TESTAMENTUM</strong></span> <span class='ocrx_word' id='word_1_4' title='bbox 1990 257 2334 323; x_wconf 68' lang='lat' dir='ltr'><strong>SIMEONIS.</strong></span> 
     </span>
    </p>
   </div>
   <div class='ocr_carea' id='block_1_3' title="bbox 3391 258 3526 317">
    <p class='ocr_par' dir='ltr' id='par_1_3' title="bbox 3391 258 3526 317">
     <span class='ocr_line' id='line_1_3' title="bbox 3391 258 3526 317; baseline -0.03 0"><span class='ocrx_word' id='word_1_5' title='bbox 3391 258 3526 317; x_wconf 68' lang='lat'><strong>1050</strong></span> 
     </span>
    </p>
   </div>
   <div class='ocr_carea' id='block_1_4' title="bbox 255 377 1857 464">
    <p class='ocr_par' dir='ltr' id='par_1_4' title="bbox 255 381 1846 464">
     <span class='ocr_line' id='line_1_4' title="bbox 255 381 1846 464; baseline -0.005 -16"><span class='ocrx_word' id='word_1_6' title='bbox 255 394 317 448; x_wconf 78' lang='grc' dir='ltr'><strong>ἐν</strong></span> <span class='ocrx_word' id='word_1_7' title='bbox 347 391 654 464; x_wconf 77' lang='grc' dir='ltr'>ἀνθρώποις</span> <span class='ocrx_word' id='word_1_8' title='bbox 682 391 959 463; x_wconf 75' lang='grc' dir='ltr'>ἐνεργεῖν·</span> <span class='ocrx_word' id='word_1_9' title='bbox 1007 381 1145 445; x_wconf 67' lang='grc' dir='ltr'>ἀλλὰ</span> <span class='ocrx_word' id='word_1_10' title='bbox 1200 391 1293 446; x_wconf 70' lang='grc' dir='ltr'>καὶ</span> <span class='ocrx_word' id='word_1_11' title='bbox 1312 389 1404 442; x_wconf 78' lang='grc' dir='ltr'>τὸν</span> <span class='ocrx_word' id='word_1_12' title='bbox 1453 387 1622 443; x_wconf 77' lang='grc' dir='ltr'>ὕπνον</span> <span class='ocrx_word' id='word_1_13' title='bbox 1678 390 1846 457; x_wconf 80' lang='grc' dir='ltr'>ἀφαι-</span> 
     </span>
    </p>
   </div>
   <div class='ocr_carea' id='block_1_5' title="bbox 1963 377 3530 464">
    <p class='ocr_par' dir='ltr' id='par_1_5' title="bbox 1963 377 3530 451">
     <span class='ocr_line' id='line_1_5' title="bbox 1963 377 3530 451; baseline -0.008 -7"><span class='ocrx_word' id='word_1_14' title='bbox 1963 403 2206 444; x_wconf 72' lang='lat' dir='ltr'><strong>somnum</strong></span> <span class='ocrx_word' id='word_1_15' title='bbox 2242 385 2443 451; x_wconf 89' lang='lat' dir='ltr'><strong>aufert,</strong></span> <span class='ocrx_word' id='word_1_16' title='bbox 2491 393 2546 442; x_wconf 90' lang='lat' dir='ltr'><strong>et</strong></span> <span class='ocrx_word' id='word_1_17' title='bbox 2582 383 2948 440; x_wconf 89' lang='lat' dir='ltr'><strong>turbationem</strong></span> <span class='ocrx_word' id='word_1_18' title='bbox 2984 380 3176 436; x_wconf 86' lang='lat' dir='ltr'><strong>tribuit</strong></span> <span class='ocrx_word' id='word_1_19' title='bbox 3215 377 3434 444; x_wconf 65' lang='lat' dir='ltr'><strong>animm,</strong></span> <span class='ocrx_word' id='word_1_20' title='bbox 3473 385 3530 433; x_wconf 90' lang='lat' dir='ltr'><strong>ct</strong></span> 
     </span>
    </p>
   </div>
   <div class='ocr_carea' id='block_1_6' title="bbox 260 481 1846 559">
    <p class='ocr_par' dir='ltr' id='par_1_6' title="bbox 260 481 1846 559">
     <span class='ocr_line' id='line_1_6' title="bbox 260 481 1846 559; baseline -0.004 -19"><span class='ocrx_word' id='word_1_21' title='bbox 260 490 346 559; x_wconf 79' lang='grc' dir='ltr'>ρεί</span> <span class='ocrx_word' id='word_1_22' title='bbox 371 484 506 556; x_wconf 83' lang='lat'><strong>(88),</strong></span> <span class='ocrx_word' id='word_1_23' title='bbox 529 485 623 538; x_wconf 77' lang='grc' dir='ltr'>καὶ</span> <span class='ocrx_word' id='word_1_24' title='bbox 650 483 838 537; x_wconf 78' lang='grc' dir='ltr'><strong>κλόνον</strong></span> <span class='ocrx_word' id='word_1_25' title='bbox 869 484 1100 556; x_wconf 77' lang='grc' dir='ltr'><strong>παρέχει</strong></span> <span class='ocrx_word' id='word_1_26' title='bbox 1131 487 1198 554; x_wconf 80' lang='grc' dir='ltr'>τῇ</span> <span class='ocrx_word' id='word_1_27' title='bbox 1221 482 1389 552; x_wconf 69' lang='grc' dir='ltr'>ψυχῇ,</span> <span class='ocrx_word' id='word_1_28' title='bbox 1421 483 1513 534; x_wconf 75' lang='grc' dir='ltr'>καὶ</span> <span class='ocrx_word' id='word_1_29' title='bbox 1538 481 1743 553; x_wconf 83' lang='grc' dir='ltr'>τρόμον</span> <span class='ocrx_word' id='word_1_30' title='bbox 1769 481 1846 551; x_wconf 80' lang='grc' dir='ltr'>τῷ</span> 
     </span>
    </p>
   </div>
   <div class='ocr_carea' id='block_1_7' title="bbox 261 572 1848 649">
    <p class='ocr_par' dir='ltr' id='par_1_7' title="bbox 261 572 1848 649">
     <span class='ocr_line' id='line_1_7' title="bbox 261 572 1848 649; baseline -0.006 -16"><span class='ocrx_word' id='word_1_31' title='bbox 261 582 473 649; x_wconf 77' lang='grc' dir='ltr'>σώματι</span> <span class='ocrx_word' id='word_1_32' title='bbox 494 593 506 607; x_wconf 78' lang='grc'><strong><em>⁸</em></strong></span> <span class='ocrx_word' id='word_1_33' title='bbox 541 577 622 630; x_wconf 81' lang='grc' dir='ltr'>ὅτι</span> <span class='ocrx_word' id='word_1_34' title='bbox 650 577 808 644; x_wconf 86' lang='grc' dir='ltr'>καίγε</span> <span class='ocrx_word' id='word_1_35' title='bbox 843 577 902 628; x_wconf 85' lang='grc' dir='ltr'><strong>ἐν</strong></span> <span class='ocrx_word' id='word_1_36' title='bbox 929 575 1080 645; x_wconf 78' lang='grc' dir='ltr'>ὕπνῳ</span> <span class='ocrx_word' id='word_1_37' title='bbox 1122 591 1207 637; x_wconf 88' lang='grc' dir='ltr'><strong>τις</strong></span> <span class='ocrx_word' id='word_1_38' title='bbox 1257 572 1416 644; x_wconf 79' lang='grc' dir='ltr'>ζῆλος</span> <span class='ocrx_word' id='word_1_39' title='bbox 1447 573 1646 636; x_wconf 81' lang='grc' dir='ltr'><strong>κακίας</strong></span> <span class='ocrx_word' id='word_1_40' title='bbox 1685 572 1848 624; x_wconf 81' lang='grc' dir='ltr'>αὐτὸν</span> 
     </span>
    </p>
   </div>
   <div class='ocr_carea' id='block_1_8' title="bbox 260 662 1847 741">
    <p class='ocr_par' dir='ltr' id='par_1_8' title="bbox 260 662 1847 741">
     <span class='ocr_line' id='line_1_8' title="bbox 260 662 1847 741; baseline -0.005 -17"><span class='ocrx_word' id='word_1_41' title='bbox 260 668 550 741; x_wconf 77' lang='grc' dir='ltr'>φαντάζων</span> <span class='ocrx_word' id='word_1_42' title='bbox 583 669 878 731; x_wconf 81' lang='grc' dir='ltr'><strong>κατεσθίει,</strong></span> <span class='ocrx_word' id='word_1_43' title='bbox 914 670 1009 722; x_wconf 68' lang='grc' dir='ltr'>καὶ</span> <span class='ocrx_word' id='word_1_44' title='bbox 1057 666 1330 737; x_wconf 75' lang='grc' dir='ltr'><strong>πνεύμασι</strong></span> <span class='ocrx_word' id='word_1_45' title='bbox 1371 669 1627 737; x_wconf 81' lang='grc' dir='ltr'>πονηροῖς</span> <span class='ocrx_word' id='word_1_46' title='bbox 1663 662 1847 717; x_wconf 83' lang='grc' dir='ltr'>διατα-</span> 
     </span>
    </p>
   </div>
   <div class='ocr_carea' id='block_1_9' title="bbox 263 755 1850 834">
    <p class='ocr_par' dir='ltr' id='par_1_9' title="bbox 263 755 1850 834">
     <span class='ocr_line' id='line_1_9' title="bbox 263 755 1850 834; baseline -0.004 -20"><span class='ocrx_word' id='word_1_47' title='bbox 263 761 454 833; x_wconf 69' lang='grc' dir='ltr'>ράσσει</span> <span class='ocrx_word' id='word_1_48' title='bbox 484 762 583 834; x_wconf 79' lang='grc' dir='ltr'>τὴν</span> <span class='ocrx_word' id='word_1_49' title='bbox 608 760 787 832; x_wconf 81' lang='grc' dir='ltr'>ψυχὴν</span> <span class='ocrx_word' id='word_1_50' title='bbox 834 761 1022 826; x_wconf 74' lang='grc' dir='ltr'>αὐτοῦ,</span> <span class='ocrx_word' id='word_1_51' title='bbox 1079 760 1174 814; x_wconf 73' lang='grc' dir='ltr'>καὶ</span> <span class='ocrx_word' id='word_1_52' title='bbox 1204 755 1568 830; x_wconf 83' lang='grc' dir='ltr'>ὲκθροεῖσθαι’</span> <span class='ocrx_word' id='word_1_53' title='bbox 1596 755 1657 808; x_wconf 87' lang='grc' dir='ltr'>τὸ</span> <span class='ocrx_word' id='word_1_54' title='bbox 1691 755 1850 825; x_wconf 89' lang='grc' dir='ltr'>σῶμα</span> 
     </span>
    </p>
   </div>
   <div class='ocr_carea' id='block_1_10' title="bbox 261 849 1850 927">
    <p class='ocr_par' dir='ltr' id='par_1_10' title="bbox 261 849 1850 927">
     <span class='ocr_line' id='line_1_10' title="bbox 261 849 1850 927; baseline -0.006 -17"><span class='ocrx_word' id='word_1_55' title='bbox 261 859 428 921; x_wconf 84' lang='grc' dir='ltr'>ποιεῖ,</span> <span class='ocrx_word' id='word_1_56' title='bbox 459 859 553 910; x_wconf 73' lang='grc' dir='ltr'>καὶ</span> <span class='ocrx_word' id='word_1_57' title='bbox 585 858 644 909; x_wconf 88' lang='grc' dir='ltr'><strong>ἐν</strong></span> <span class='ocrx_word' id='word_1_58' title='bbox 673 856 888 927; x_wconf 79' lang='grc' dir='ltr'>ταραχῇ</span> <span class='ocrx_word' id='word_1_59' title='bbox 910 849 1282 916; x_wconf 79' lang='grc' dir='ltr'>διῦπνίζεσθαι</span> <span class='ocrx_word' id='word_1_60' title='bbox 1316 852 1408 904; x_wconf 80' lang='grc' dir='ltr'>τὸν</span> <span class='ocrx_word' id='word_1_61' title='bbox 1438 849 1562 904; x_wconf 91' lang='grc' dir='ltr'>νοῦν</span> <span class='ocrx_word' id='word_1_62' title='bbox 1588 888 1602 912; x_wconf 97' lang='grc'><strong>,</strong></span> <span class='ocrx_word' id='word_1_63' title='bbox 1647 851 1744 903; x_wconf 73' lang='grc' dir='ltr'>καὶ</span> <span class='ocrx_word' id='word_1_64' title='bbox 1773 849 1850 910; x_wconf 82' lang='grc' dir='ltr'>ὡς</span> 
     </span>
    </p>
   </div>
   <div class='ocr_carea' id='block_1_11' title="bbox 263 940 1849 1021">
    <p class='ocr_par' dir='ltr' id='par_1_11' title="bbox 263 940 1849 1021">
     <span class='ocr_line' id='line_1_11' title="bbox 263 940 1849 1021; baseline -0.006 -19"><span class='ocrx_word' id='word_1_65' title='bbox 263 948 480 1020; x_wconf 86' lang='grc' dir='ltr'>πνεῦμα</span> <span class='ocrx_word' id='word_1_66' title='bbox 513 948 746 1021; x_wconf 82' lang='grc' dir='ltr'>πονηρὸν</span> <span class='ocrx_word' id='word_1_67' title='bbox 792 950 886 1001; x_wconf 72' lang='grc' dir='ltr'>καὶ</span> <span class='ocrx_word' id='word_1_68' title='bbox 920 945 1120 1000; x_wconf 79' lang='grc' dir='ltr'>ἰοϐόλον</span> <span class='ocrx_word' id='word_1_69' title='bbox 1167 944 1305 1015; x_wconf 77' lang='grc' dir='ltr'>ἔχων</span> <span class='ocrx_word' id='word_1_70' title='bbox 1333 983 1348 1008; x_wconf 96' lang='grc'><strong>,</strong></span> <span class='ocrx_word' id='word_1_71' title='bbox 1396 943 1566 1005; x_wconf 76' lang='grc' dir='ltr'>οὕτως</span> <span class='ocrx_word' id='word_1_72' title='bbox 1605 940 1849 1010; x_wconf 84' lang='grc' dir='ltr'>φαίνεται</span> 
     </span>
    </p>
   </div>
   <div class='ocr_carea' id='block_1_12' title="bbox 262 1037 728 1110">
    <p class='ocr_par' dir='ltr' id='par_1_12' title="bbox 262 1037 728 1110">
     <span class='ocr_line' id='line_1_12' title="bbox 262 1037 728 1110; baseline 0.004 -20"><span class='ocrx_word' id='word_1_73' title='bbox 262 1042 376 1101; x_wconf 82' lang='grc' dir='ltr'>τοῖς</span> <span class='ocrx_word' id='word_1_74' title='bbox 401 1037 728 1110; x_wconf 84' lang='grc' dir='ltr'>ἀνθρώποις.</span> 
     </span>
    </p>
   </div>
   <div class='ocr_carea' id='block_1_13' title="bbox 261 1125 1848 1201">
    <p class='ocr_par' dir='ltr' id='par_1_13' title="bbox 261 1125 1848 1201">
     <span class='ocr_line' id='line_1_13' title="bbox 261 1125 1848 1201; baseline -0.003 -19"><span class='ocrx_word' id='word_1_75' title='bbox 261 1180 263 1182; x_wconf 83' lang='grc'><strong>,</strong></span> <span class='ocrx_word' id='word_1_76' title='bbox 334 1133 410 1185; x_wconf 84' lang='lat' dir='ltr'><strong>E&#39;.</strong></span> <span class='ocrx_word' id='word_1_77' title='bbox 446 1151 464 1182; x_wconf 81' lang='grc' dir='ltr'><strong>ι</strong></span> <span class='ocrx_word' id='word_1_78' title='bbox 501 1130 599 1184; x_wconf 87' lang='grc' dir='ltr'><strong>Διὰ</strong></span> <span class='ocrx_word' id='word_1_79' title='bbox 629 1129 789 1184; x_wconf 90' lang='grc' dir='ltr'>τοῦτο</span> <span class='ocrx_word' id='word_1_80' title='bbox 845 1130 1042 1201; x_wconf 79' lang='grc' dir='ltr'><strong>Ἰωσὴφ</strong></span> <span class='ocrx_word' id='word_1_81' title='bbox 1086 1125 1155 1200; x_wconf 78' lang='grc' dir='ltr'>ἦν</span> <span class='ocrx_word' id='word_1_82' title='bbox 1205 1129 1407 1200; x_wconf 81' lang='grc' dir='ltr'>ὡραῖος</span> <span class='ocrx_word' id='word_1_83' title='bbox 1435 1127 1514 1198; x_wconf 77' lang='grc' dir='ltr'><strong>τῷ</strong></span> <span class='ocrx_word' id='word_1_84' title='bbox 1544 1125 1672 1179; x_wconf 76' lang='grc' dir='ltr'>εῖδει</span> <span class='ocrx_word' id='word_1_85' title='bbox 1698 1165 1713 1187; x_wconf 94' lang='grc'><strong>,</strong></span> <span class='ocrx_word' id='word_1_86' title='bbox 1756 1126 1848 1178; x_wconf 77' lang='grc' dir='ltr'>καὶ</span> 
     </span>
    </p>
   </div>
   <div class='ocr_carea' id='block_1_14' title="bbox 264 1220 1846 1297">
    <p class='ocr_par' dir='ltr' id='par_1_14' title="bbox 264 1220 1846 1297">
     <span class='ocr_line' id='line_1_14' title="bbox 264 1220 1846 1297; baseline -0.005 -18"><span class='ocrx_word' id='word_1_87' title='bbox 264 1226 426 1289; x_wconf 82' lang='grc' dir='ltr'>καλὸς</span> <span class='ocrx_word' id='word_1_88' title='bbox 446 1229 512 1297; x_wconf 81' lang='grc' dir='ltr'><strong>τῇ</strong></span> <span class='ocrx_word' id='word_1_89' title='bbox 537 1225 678 1294; x_wconf 70' lang='grc' dir='ltr'>ὄψει,</span> <span class='ocrx_word' id='word_1_90' title='bbox 701 1225 780 1278; x_wconf 84' lang='grc' dir='ltr'>ὅτι</span> <span class='ocrx_word' id='word_1_91' title='bbox 813 1227 913 1278; x_wconf 84' lang='grc' dir='ltr'>οὐκ</span> <span class='ocrx_word' id='word_1_92' title='bbox 946 1225 1217 1296; x_wconf 74' lang='grc' dir='ltr'><strong>ἐνῴκησεν</strong></span> <span class='ocrx_word' id='word_1_93' title='bbox 1245 1225 1301 1276; x_wconf 87' lang='grc' dir='ltr'><strong>ἐν</strong></span> <span class='ocrx_word' id='word_1_94' title='bbox 1332 1223 1480 1294; x_wconf 79' lang='grc' dir='ltr'>αὐτῷ</span> <span class='ocrx_word' id='word_1_95' title='bbox 1500 1220 1651 1273; x_wconf 74' lang='grc' dir='ltr'>οὐδὲν</span> <span class='ocrx_word' id='word_1_96' title='bbox 1677 1237 1846 1290; x_wconf 83' lang='grc' dir='ltr'>πονη-</span> 
     </span>
    </p>
   </div>
   <div class='ocr_carea' id='block_1_15' title="bbox 267 1312 1850 1391">
    <p class='ocr_par' dir='ltr' id='par_1_15' title="bbox 267 1312 1850 1391">
     <span class='ocr_line' id='line_1_15' title="bbox 267 1312 1850 1391; baseline -0.007 -19"><span class='ocrx_word' id='word_1_97' title='bbox 267 1319 392 1391; x_wconf 89' lang='grc' dir='ltr'><strong>ρὸν·</strong></span> <span class='ocrx_word' id='word_1_98' title='bbox 424 1317 524 1390; x_wconf 77' lang='grc' dir='ltr'>τὴν</span> <span class='ocrx_word' id='word_1_99' title='bbox 557 1317 666 1389; x_wconf 81' lang='grc' dir='ltr'><strong>γὰρ</strong></span> <span class='ocrx_word' id='word_1_100' title='bbox 692 1317 934 1388; x_wconf 80' lang='grc' dir='ltr'>ταραχὴν</span> <span class='ocrx_word' id='word_1_101' title='bbox 980 1317 1074 1370; x_wconf 90' lang='grc' dir='ltr'><strong>τοῦ</strong></span> <span class='ocrx_word' id='word_1_102' title='bbox 1115 1315 1426 1386; x_wconf 85' lang='grc' dir='ltr'>πνεύματος</span> <span class='ocrx_word' id='word_1_103' title='bbox 1451 1314 1514 1366; x_wconf 75' lang='grc' dir='ltr'><strong>τὸ</strong></span> <span class='ocrx_word' id='word_1_104' title='bbox 1559 1312 1850 1384; x_wconf 82' lang='grc' dir='ltr'>πρόσωπον</span> 
     </span>
    </p>
   </div>
   <div class='ocr_carea' id='block_1_16' title="bbox 263 1403 1907 1481">
    <p class='ocr_par' dir='ltr' id='par_1_16' title="bbox 263 1403 1907 1481">
     <span class='ocr_line' id='line_1_16' title="bbox 263 1403 1907 1481; baseline -0.005 -18"><span class='ocrx_word' id='word_1_105' title='bbox 263 1410 434 1481; x_wconf 84' lang='grc' dir='ltr'>δηλοῖ.</span> <span class='ocrx_word' id='word_1_106' title='bbox 463 1411 574 1464; x_wconf 70' lang='grc' dir='ltr'><strong>Καὶ</strong></span> <span class='ocrx_word' id='word_1_107' title='bbox 594 1407 708 1473; x_wconf 87' lang='grc' dir='ltr'>νῦν,</span> <span class='ocrx_word' id='word_1_108' title='bbox 737 1409 902 1462; x_wconf 80' lang='grc' dir='ltr'>τέκνα</span> <span class='ocrx_word' id='word_1_109' title='bbox 943 1425 1044 1479; x_wconf 88' lang='grc' dir='ltr'><strong>μου</strong></span> <span class='ocrx_word' id='word_1_110' title='bbox 1071 1448 1084 1470; x_wconf 97' lang='grc'><strong>,</strong></span> <span class='ocrx_word' id='word_1_111' title='bbox 1128 1406 1436 1475; x_wconf 81' lang='grc' dir='ltr'>ἅγαθύνατε</span> <span class='ocrx_word' id='word_1_112' title='bbox 1472 1404 1573 1467; x_wconf 76' lang='grc' dir='ltr'>τὰς</span> <span class='ocrx_word' id='word_1_113' title='bbox 1625 1403 1853 1475; x_wconf 82' lang='grc' dir='ltr'>καρδίας</span> <span class='ocrx_word' id='word_1_114' title='bbox 1899 1468 1907 1474; x_wconf 85' lang='lat'>_</span> 
     </span>
    </p>
   </div>
   <div class='ocr_carea' id='block_1_17' title="bbox 266 1495 1853 1574">
    <p class='ocr_par' dir='ltr' id='par_1_17' title="bbox 266 1495 1853 1574">
     <span class='ocr_line' id='line_1_17' title="bbox 266 1495 1853 1574; baseline -0.005 -18"><span class='ocrx_word' id='word_1_115' title='bbox 266 1502 422 1574; x_wconf 85' lang='grc' dir='ltr'>ὑμῶν</span> <span class='ocrx_word' id='word_1_116' title='bbox 447 1502 674 1557; x_wconf 86' lang='grc' dir='ltr'>ἐνώπιον</span> <span class='ocrx_word' id='word_1_117' title='bbox 706 1503 930 1574; x_wconf 79' lang='grc' dir='ltr'>Κυρίου,</span> <span class='ocrx_word' id='word_1_118' title='bbox 962 1503 1057 1554; x_wconf 75' lang='grc' dir='ltr'>καὶ</span> <span class='ocrx_word' id='word_1_119' title='bbox 1088 1500 1344 1554; x_wconf 79' lang='grc' dir='ltr'>εὐθύνατε</span> <span class='ocrx_word' id='word_1_120' title='bbox 1379 1497 1480 1560; x_wconf 81' lang='grc' dir='ltr'><strong>τὰς</strong></span> <span class='ocrx_word' id='word_1_121' title='bbox 1501 1498 1654 1551; x_wconf 74' lang='grc' dir='ltr'>ὁδοὺς</span> <span class='ocrx_word' id='word_1_122' title='bbox 1698 1495 1853 1566; x_wconf 87' lang='grc' dir='ltr'>ὑμῶν</span> 
     </span>
    </p>
   </div>
   <div class='ocr_carea' id='block_1_18' title="bbox 266 1587 1851 1665">
    <p class='ocr_par' dir='ltr' id='par_1_18' title="bbox 266 1587 1851 1665">
     <span class='ocr_line' id='line_1_18' title="bbox 266 1587 1851 1665; baseline -0.004 -19"><span class='ocrx_word' id='word_1_123' title='bbox 266 1593 495 1648; x_wconf 84' lang='grc' dir='ltr'>ἐνώπιον</span> <span class='ocrx_word' id='word_1_124' title='bbox 520 1594 628 1647; x_wconf 89' lang='grc' dir='ltr'><strong>τῶν</strong></span> <span class='ocrx_word' id='word_1_125' title='bbox 645 1593 966 1665; x_wconf 80' lang='grc' dir='ltr'>ἀνθρώπων,</span> <span class='ocrx_word' id='word_1_126' title='bbox 987 1593 1079 1647; x_wconf 75' lang='grc' dir='ltr'>καὶ</span> <span class='ocrx_word' id='word_1_127' title='bbox 1101 1591 1287 1644; x_wconf 78' lang='grc' dir='ltr'>ἔσεσθε</span> <span class='ocrx_word' id='word_1_128' title='bbox 1321 1589 1667 1660; x_wconf 76' lang='grc' dir='ltr'>εὑρίσκοντες</span> <span class='ocrx_word' id='word_1_129' title='bbox 1693 1587 1851 1658; x_wconf 86' lang='grc' dir='ltr'>χάριν</span> 
     </span>
    </p>
   </div>
   <div class='ocr_carea' id='block_1_19' title="bbox 268 1677 1848 1756">
    <p class='ocr_par' dir='ltr' id='par_1_19' title="bbox 268 1677 1848 1756">
     <span class='ocr_line' id='line_1_19' title="bbox 268 1677 1848 1756; baseline -0.006 -14"><span class='ocrx_word' id='word_1_130' title='bbox 268 1688 495 1742; x_wconf 79' lang='grc' dir='ltr'>ἐνώπιον</span> <span class='ocrx_word' id='word_1_131' title='bbox 517 1687 650 1740; x_wconf 88' lang='grc' dir='ltr'>Θεοῦ</span> <span class='ocrx_word' id='word_1_132' title='bbox 686 1687 778 1740; x_wconf 76' lang='grc' dir='ltr'>καὶ</span> <span class='ocrx_word' id='word_1_133' title='bbox 806 1684 1126 1756; x_wconf 82' lang='grc' dir='ltr'>ἀνθρώπων.</span> <span class='ocrx_word' id='word_1_134' title='bbox 1167 1685 1275 1737; x_wconf 79' lang='grc' dir='ltr'><strong>Καὶ</strong></span> <span class='ocrx_word' id='word_1_135' title='bbox 1295 1681 1635 1751; x_wconf 75' lang='grc' dir='ltr'>φυλάσσεσθε</span> <span class='ocrx_word' id='word_1_136' title='bbox 1655 1677 1750 1733; x_wconf 87' lang='grc' dir='ltr'><strong>τοῦ</strong></span> <span class='ocrx_word' id='word_1_137' title='bbox 1775 1680 1848 1752; x_wconf 82' lang='grc' dir='ltr'>μὴ</span> 
     </span>
    </p>
   </div>
   <div class='ocr_carea' id='block_1_20' title="bbox 1950 468 3530 549">
    <p class='ocr_par' dir='ltr' id='par_1_20' title="bbox 1950 468 3530 549">
     <span class='ocr_line' id='line_1_20' title="bbox 1950 468 3530 549; baseline -0.007 -14"><span class='ocrx_word' id='word_1_138' title='bbox 1950 491 2243 536; x_wconf 74' lang='lat' dir='ltr'><strong>tremorem</strong></span> <span class='ocrx_word' id='word_1_139' title='bbox 2288 479 2539 549; x_wconf 87' lang='lat' dir='ltr'><strong>corpori;</strong></span> <span class='ocrx_word' id='word_1_140' title='bbox 2596 473 2856 546; x_wconf 89' lang='lat' dir='ltr'><strong>quoniam</strong></span> <span class='ocrx_word' id='word_1_141' title='bbox 2900 483 2955 528; x_wconf 90' lang='lat' dir='ltr'><strong>et</strong></span> <span class='ocrx_word' id='word_1_142' title='bbox 2997 473 3051 527; x_wconf 92' lang='lat' dir='ltr'><strong>in</strong></span> <span class='ocrx_word' id='word_1_143' title='bbox 3099 487 3292 530; x_wconf 87' lang='lat' dir='ltr'><strong>somno</strong></span> <span class='ocrx_word' id='word_1_144' title='bbox 3326 468 3530 540; x_wconf 78' lang='lat' dir='ltr'><strong>aliquis</strong></span> 
     </span>
    </p>
   </div>
   <div class='ocr_carea' id='block_1_21' title="bbox 1953 562 3529 641">
    <p class='ocr_par' dir='ltr' id='par_1_21' title="bbox 1953 562 3529 641">
     <span class='ocr_line' id='line_1_21' title="bbox 1953 562 3529 641; baseline -0.008 -12"><span class='ocrx_word' id='word_1_145' title='bbox 1953 575 2102 630; x_wconf 85' lang='lat' dir='ltr'><strong>zelus</strong></span> <span class='ocrx_word' id='word_1_146' title='bbox 2125 568 2741 641; x_wconf 69' lang='lat' dir='ltr'><strong>malititeimaginationi</strong></span> <span class='ocrx_word' id='word_1_147' title='bbox 2774 566 3022 622; x_wconf 86' lang='lat' dir='ltr'><strong>insidens</strong></span> <span class='ocrx_word' id='word_1_148' title='bbox 3049 567 3226 635; x_wconf 90' lang='lat' dir='ltr'><strong>ipsum</strong></span> <span class='ocrx_word' id='word_1_149' title='bbox 3258 562 3529 624; x_wconf 89' lang='lat' dir='ltr'><strong>corrodit,</strong></span> 
     </span>
    </p>
   </div>
   <div class='ocr_carea' id='block_1_22' title="bbox 1951 655 3526 736">
    <p class='ocr_par' dir='ltr' id='par_1_22' title="bbox 1951 655 3526 736">
     <span class='ocr_line' id='line_1_22' title="bbox 1951 655 3526 736; baseline -0.009 -14"><span class='ocrx_word' id='word_1_150' title='bbox 1951 676 2008 722; x_wconf 90' lang='lat' dir='ltr'><strong>et</strong></span> <span class='ocrx_word' id='word_1_151' title='bbox 2030 665 2319 736; x_wconf 84' lang='lat' dir='ltr'><strong>spiritibus</strong></span> <span class='ocrx_word' id='word_1_152' title='bbox 2356 663 2682 734; x_wconf 84' lang='lat' dir='ltr'><strong>perniciosis</strong></span> <span class='ocrx_word' id='word_1_153' title='bbox 2718 660 3012 714; x_wconf 88' lang='lat' dir='ltr'><strong>conturbat</strong></span> <span class='ocrx_word' id='word_1_154' title='bbox 3061 659 3300 712; x_wconf 88' lang='lat' dir='ltr'><strong>animam</strong></span> <span class='ocrx_word' id='word_1_155' title='bbox 3333 655 3526 726; x_wconf 88' lang='lat' dir='ltr'><strong>ipsius,</strong></span> 
     </span>
    </p>
   </div>
   <div class='ocr_carea' id='block_1_23' title="bbox 1950 743 3530 827">
    <p class='ocr_par' dir='ltr' id='par_1_23' title="bbox 1950 743 3530 827">
     <span class='ocr_line' id='line_1_23' title="bbox 1950 743 3530 827; baseline -0.009 -14"><span class='ocrx_word' id='word_1_156' title='bbox 1950 769 2003 813; x_wconf 89' lang='lat' dir='ltr'><strong>et</strong></span> <span class='ocrx_word' id='word_1_157' title='bbox 2032 770 2396 827; x_wconf 83' lang='lat' dir='ltr'><strong>expavescere</strong></span> <span class='ocrx_word' id='word_1_158' title='bbox 2426 769 2629 822; x_wconf 86' lang='lat' dir='ltr'><strong>corpus</strong></span> <span class='ocrx_word' id='word_1_159' title='bbox 2662 751 2812 815; x_wconf 86' lang='lat' dir='ltr'><strong>facit,</strong></span> <span class='ocrx_word' id='word_1_160' title='bbox 2844 759 2900 804; x_wconf 89' lang='lat' dir='ltr'><strong>et</strong></span> <span class='ocrx_word' id='word_1_161' title='bbox 2932 747 3352 803; x_wconf 89' lang='lat' dir='ltr'><strong>eontnrbatione</strong></span> <span class='ocrx_word' id='word_1_162' title='bbox 3380 743 3530 801; x_wconf 85' lang='lat' dir='ltr'><strong>exci-</strong></span> 
     </span>
    </p>
   </div>
   <div class='ocr_carea' id='block_1_24' title="bbox 1949 841 3529 914">
    <p class='ocr_par' dir='ltr' id='par_1_24' title="bbox 1949 841 3529 914">
     <span class='ocr_line' id='line_1_24' title="bbox 1949 841 3529 914; baseline -0.008 -10"><span class='ocrx_word' id='word_1_163' title='bbox 1949 851 2052 905; x_wconf 87' lang='lat' dir='ltr'><strong>tari</strong></span> <span class='ocrx_word' id='word_1_164' title='bbox 2085 859 2321 903; x_wconf 85' lang='lat' dir='ltr'><strong>mentem</strong></span> <span class='ocrx_word' id='word_1_165' title='bbox 2349 865 2363 912; x_wconf 87' lang='lat'><strong>;</strong></span> <span class='ocrx_word' id='word_1_166' title='bbox 2397 855 2451 900; x_wconf 90' lang='lat' dir='ltr'><strong>et</strong></span> <span class='ocrx_word' id='word_1_167' title='bbox 2470 847 2611 900; x_wconf 88' lang='lat' dir='ltr'><strong>sicut</strong></span> <span class='ocrx_word' id='word_1_168' title='bbox 2642 844 2896 914; x_wconf 78' lang='lat' dir='ltr'><strong>spiritum</strong></span> <span class='ocrx_word' id='word_1_169' title='bbox 2925 841 3295 912; x_wconf 85' lang='lat' dir='ltr'><strong>perniciosum</strong></span> <span class='ocrx_word' id='word_1_170' title='bbox 3335 852 3388 894; x_wconf 85' lang='lat' dir='ltr'><strong>et</strong></span> <span class='ocrx_word' id='word_1_171' title='bbox 3436 854 3529 893; x_wconf 86' lang='lat' dir='ltr'><strong>ve-</strong></span> 
     </span>
    </p>
   </div>
   <div class='ocr_carea' id='block_1_25' title="bbox 1951 930 3485 1005">
    <p class='ocr_par' dir='ltr' id='par_1_25' title="bbox 1951 930 3485 1005">
     <span class='ocr_line' id='line_1_25' title="bbox 1951 930 3485 1005; baseline -0.007 -9"><span class='ocrx_word' id='word_1_172' title='bbox 1951 957 2151 996; x_wconf 90' lang='lat' dir='ltr'><strong>nenum</strong></span> <span class='ocrx_word' id='word_1_173' title='bbox 2183 940 2495 995; x_wconf 80' lang='lat' dir='ltr'><strong>fundentem</strong></span> <span class='ocrx_word' id='word_1_174' title='bbox 2527 937 2756 1003; x_wconf 83' lang='lat' dir='ltr'><strong>habens,</strong></span> <span class='ocrx_word' id='word_1_175' title='bbox 2787 936 2860 991; x_wconf 88' lang='lat' dir='ltr'><strong>ita</strong></span> <span class='ocrx_word' id='word_1_176' title='bbox 2890 941 3117 1005; x_wconf 83' lang='lat' dir='ltr'><strong>apparet</strong></span> <span class='ocrx_word' id='word_1_177' title='bbox 3147 930 3485 987; x_wconf 89' lang='lat' dir='ltr'><strong>hominibus.</strong></span> 
     </span>
    </p>
   </div>
   <div class='ocr_carea' id='block_1_26' title="bbox 2025 1140 3531 1214">
    <p class='ocr_par' dir='ltr' id='par_1_26' title="bbox 2025 1140 3531 1214">
     <span class='ocr_line' id='line_1_26' title="bbox 2025 1140 3531 1214; baseline 0.001 -21"><span class='ocrx_word' id='word_1_178' title='bbox 2025 1144 2090 1198; x_wconf 75' lang='grc' dir='ltr'>ν.</span> <span class='ocrx_word' id='word_1_179' title='bbox 2129 1165 2147 1196; x_wconf 75' lang='grc' dir='ltr'><strong>ι</strong></span> <span class='ocrx_word' id='word_1_180' title='bbox 2172 1145 2464 1214; x_wconf 87' lang='lat' dir='ltr'><strong>Propterea</strong></span> <span class='ocrx_word' id='word_1_181' title='bbox 2495 1143 2695 1213; x_wconf 83' lang='lat' dir='ltr'><strong>Joseph</strong></span> <span class='ocrx_word' id='word_1_182' title='bbox 2723 1150 2839 1197; x_wconf 82' lang='lat' dir='ltr'><strong>erat</strong></span> <span class='ocrx_word' id='word_1_183' title='bbox 2862 1142 3089 1212; x_wconf 88' lang='lat' dir='ltr'><strong>pulcher</strong></span> <span class='ocrx_word' id='word_1_184' title='bbox 3117 1141 3258 1197; x_wconf 84' lang='lat' dir='ltr'><strong>facie</strong></span> <span class='ocrx_word' id='word_1_185' title='bbox 3286 1149 3340 1195; x_wconf 88' lang='lat' dir='ltr'><strong>et</strong></span> <span class='ocrx_word' id='word_1_186' title='bbox 3369 1140 3531 1195; x_wconf 83' lang='lat' dir='ltr'><strong>deco-</strong></span> 
     </span>
    </p>
   </div>
   <div class='ocr_carea' id='block_1_27' title="bbox 1952 1233 3530 1307">
    <p class='ocr_par' dir='ltr' id='par_1_27' title="bbox 1952 1233 3530 1307">
     <span class='ocr_line' id='line_1_27' title="bbox 1952 1233 3530 1307; baseline -0.004 -15"><span class='ocrx_word' id='word_1_187' title='bbox 1952 1253 2048 1292; x_wconf 88' lang='lat' dir='ltr'><strong>rus</strong></span> <span class='ocrx_word' id='word_1_188' title='bbox 2082 1247 2327 1307; x_wconf 90' lang='lat' dir='ltr'><strong>aspectu,</strong></span> <span class='ocrx_word' id='word_1_189' title='bbox 2362 1237 2624 1307; x_wconf 89' lang='lat' dir='ltr'><strong>quoniam</strong></span> <span class='ocrx_word' id='word_1_190' title='bbox 2655 1251 2762 1289; x_wconf 93' lang='lat' dir='ltr'><strong>non</strong></span> <span class='ocrx_word' id='word_1_191' title='bbox 2814 1235 3076 1289; x_wconf 87' lang='lat' dir='ltr'><strong>habitavit</strong></span> <span class='ocrx_word' id='word_1_192' title='bbox 3107 1236 3160 1289; x_wconf 90' lang='lat' dir='ltr'><strong>in</strong></span> <span class='ocrx_word' id='word_1_193' title='bbox 3213 1235 3332 1305; x_wconf 89' lang='lat' dir='ltr'><strong>ipso</strong></span> <span class='ocrx_word' id='word_1_194' title='bbox 3367 1233 3530 1304; x_wconf 85' lang='lat' dir='ltr'><strong>quid-</strong></span> 
     </span>
    </p>
   </div>
   <div class='ocr_carea' id='block_1_28' title="bbox 1951 1324 3527 1403">
    <p class='ocr_par' dir='ltr' id='par_1_28' title="bbox 1951 1324 3527 1403">
     <span class='ocr_line' id='line_1_28' title="bbox 1951 1324 3527 1403; baseline -0.003 -19"><span class='ocrx_word' id='word_1_195' title='bbox 1951 1345 2116 1400; x_wconf 88' lang='lat' dir='ltr'><strong>quam</strong></span> <span class='ocrx_word' id='word_1_196' title='bbox 2153 1329 2522 1399; x_wconf 86' lang='lat' dir='ltr'><strong>perniciosum</strong></span> <span class='ocrx_word' id='word_1_197' title='bbox 2545 1345 2579 1403; x_wconf 89' lang='lat'><strong>;_</strong></span> <span class='ocrx_word' id='word_1_198' title='bbox 2613 1327 3090 1381; x_wconf 82' lang='lat' dir='ltr'><strong>conturbationem</strong></span> <span class='ocrx_word' id='word_1_199' title='bbox 3121 1326 3265 1380; x_wconf 92' lang='lat' dir='ltr'><strong>enim</strong></span> <span class='ocrx_word' id='word_1_200' title='bbox 3299 1324 3527 1396; x_wconf 86' lang='lat' dir='ltr'><strong>spiritus</strong></span> 
     </span>
    </p>
   </div>
   <div class='ocr_carea' id='block_1_29' title="bbox 1953 1417 3529 1486">
    <p class='ocr_par' dir='ltr' id='par_1_29' title="bbox 1953 1417 3529 1486">
     <span class='ocr_line' id='line_1_29' title="bbox 1953 1417 3529 1486; baseline -0.004 -9"><span class='ocrx_word' id='word_1_201' title='bbox 1953 1422 2120 1478; x_wconf 82' lang='lat' dir='ltr'><strong>facies</strong></span> <span class='ocrx_word' id='word_1_202' title='bbox 2145 1419 2477 1475; x_wconf 77' lang='lat' dir='ltr'><strong>manifestat.</strong></span> <span class='ocrx_word' id='word_1_203' title='bbox 2516 1418 2582 1472; x_wconf 87' lang='lat' dir='ltr'><strong>Et</strong></span> <span class='ocrx_word' id='word_1_204' title='bbox 2606 1433 2772 1481; x_wconf 88' lang='lat' dir='ltr'><strong>nunc,</strong></span> <span class='ocrx_word' id='word_1_205' title='bbox 2800 1418 2894 1472; x_wconf 89' lang='lat' dir='ltr'><strong>filii</strong></span> <span class='ocrx_word' id='word_1_206' title='bbox 2927 1418 3054 1478; x_wconf 88' lang='lat' dir='ltr'><strong>mei,</strong></span> <span class='ocrx_word' id='word_1_207' title='bbox 3087 1417 3319 1486; x_wconf 78' lang='lat' dir='ltr'><strong>benigna</strong></span> <span class='ocrx_word' id='word_1_208' title='bbox 3365 1417 3529 1472; x_wconf 84' lang='lat' dir='ltr'><strong>facile</strong></span> 
     </span>
    </p>
   </div>
   <div class='ocr_carea' id='block_1_30' title="bbox 1952 1510 3531 1574">
    <p class='ocr_par' dir='ltr' id='par_1_30' title="bbox 1952 1510 3531 1574">
     <span class='ocr_line' id='line_1_30' title="bbox 1952 1510 3531 1574; baseline -0.004 -3"><span class='ocrx_word' id='word_1_209' title='bbox 1952 1515 2120 1571; x_wconf 87' lang='lat' dir='ltr'><strong>corda</strong></span> <span class='ocrx_word' id='word_1_210' title='bbox 2163 1522 2344 1569; x_wconf 86' lang='lat' dir='ltr'><strong>vestra</strong></span> <span class='ocrx_word' id='word_1_211' title='bbox 2386 1527 2570 1566; x_wconf 90' lang='lat' dir='ltr'><strong>coram</strong></span> <span class='ocrx_word' id='word_1_212' title='bbox 2627 1510 2880 1574; x_wconf 89' lang='lat' dir='ltr'><strong>Domino,</strong></span> <span class='ocrx_word' id='word_1_213' title='bbox 2906 1520 2960 1565; x_wconf 90' lang='lat' dir='ltr'><strong>et</strong></span> <span class='ocrx_word' id='word_1_214' title='bbox 2987 1520 3165 1565; x_wconf 85' lang='lat' dir='ltr'><strong>rectas</strong></span> <span class='ocrx_word' id='word_1_215' title='bbox 3204 1510 3365 1565; x_wconf 84' lang='lat' dir='ltr'><strong>facile</strong></span> <span class='ocrx_word' id='word_1_216' title='bbox 3413 1510 3531 1565; x_wconf 88' lang='lat' dir='ltr'><strong>vias</strong></span> 
     </span>
    </p>
   </div>
   <div class='ocr_carea' id='block_1_31' title="bbox 1953 1601 3532 1670">
    <p class='ocr_par' dir='ltr' id='par_1_31' title="bbox 1953 1601 3532 1670">
     <span class='ocr_line' id='line_1_31' title="bbox 1953 1601 3532 1670; baseline -0.006 -7"><span class='ocrx_word' id='word_1_217' title='bbox 1953 1617 2166 1664; x_wconf 89' lang='lat' dir='ltr'><strong>vestras</strong></span> <span class='ocrx_word' id='word_1_218' title='bbox 2194 1619 2380 1660; x_wconf 89' lang='lat' dir='ltr'><strong>coram</strong></span> <span class='ocrx_word' id='word_1_219' title='bbox 2407 1601 2742 1662; x_wconf 88' lang='lat' dir='ltr'><strong>hominibus.</strong></span> <span class='ocrx_word' id='word_1_220' title='bbox 2775 1609 2829 1655; x_wconf 91' lang='lat' dir='ltr'><strong>et</strong></span> <span class='ocrx_word' id='word_1_221' title='bbox 2859 1602 3144 1655; x_wconf 83' lang='lat' dir='ltr'><strong>invenietis</strong></span> <span class='ocrx_word' id='word_1_222' title='bbox 3176 1601 3403 1670; x_wconf 80' lang='lat' dir='ltr'><strong>gratiam</strong></span> <span class='ocrx_word' id='word_1_223' title='bbox 3435 1615 3532 1653; x_wconf 82' lang='lat' dir='ltr'><strong>co-</strong></span> 
     </span>
    </p>
   </div>
   <div class='ocr_carea' id='block_1_32' title="bbox 1953 1693 3527 1758">
    <p class='ocr_par' dir='ltr' id='par_1_32' title="bbox 1953 1693 3527 1758">
     <span class='ocr_line' id='line_1_32' title="bbox 1953 1693 3527 1758; baseline -0.005 -4"><span class='ocrx_word' id='word_1_224' title='bbox 1953 1715 2071 1754; x_wconf 83' lang='lat' dir='ltr'><strong>ram</strong></span> <span class='ocrx_word' id='word_1_225' title='bbox 2105 1698 2213 1752; x_wconf 88' lang='lat' dir='ltr'><strong>Deo</strong></span> <span class='ocrx_word' id='word_1_226' title='bbox 2237 1707 2291 1752; x_wconf 89' lang='lat' dir='ltr'><strong>et</strong></span> <span class='ocrx_word' id='word_1_227' title='bbox 2323 1696 2663 1752; x_wconf 81' lang='lat' dir='ltr'><strong>hominibus.</strong></span> <span class='ocrx_word' id='word_1_228' title='bbox 2695 1694 2757 1747; x_wconf 80' lang='lat' dir='ltr'><strong>Et</strong></span> <span class='ocrx_word' id='word_1_229' title='bbox 2781 1702 2991 1758; x_wconf 86' lang='lat' dir='ltr'><strong>cavete,</strong></span> <span class='ocrx_word' id='word_1_230' title='bbox 3042 1708 3110 1746; x_wconf 88' lang='lat' dir='ltr'><strong>ne</strong></span> <span class='ocrx_word' id='word_1_231' title='bbox 3137 1693 3483 1748; x_wconf 86' lang='lat' dir='ltr'><strong>fornicemini</strong></span> <span class='ocrx_word' id='word_1_232' title='bbox 3513 1710 3527 1758; x_wconf 88' lang='lat'><strong>;</strong></span> 
     </span>
    </p>
   </div>
   <div class='ocr_carea' id='block_1_33' title="bbox 269 1762 1857 1861">
    <p class='ocr_par' dir='ltr' id='par_1_33' title="bbox 269 1776 1851 1854">
     <span class='ocr_line' id='line_1_33' title="bbox 269 1776 1851 1854; baseline -0.006 -16"><span class='ocrx_word' id='word_1_233' title='bbox 269 1783 586 1854; x_wconf 74' lang='grc' dir='ltr'>πορνεύεινο</span> <span class='ocrx_word' id='word_1_234' title='bbox 621 1783 702 1834; x_wconf 85' lang='grc' dir='ltr'>ὅτι</span> <span class='ocrx_word' id='word_1_235' title='bbox 749 1779 1040 1852; x_wconf 84' lang='grc' dir='ltr'>ήπορνεία</span> <span class='ocrx_word' id='word_1_236' title='bbox 1092 1779 1273 1849; x_wconf 80' lang='grc' dir='ltr'>μήτηρ</span> <span class='ocrx_word' id='word_1_237' title='bbox 1311 1779 1428 1831; x_wconf 76' lang='grc' dir='ltr'>ἐστὶ</span> <span class='ocrx_word' id='word_1_238' title='bbox 1471 1777 1691 1831; x_wconf 83' lang='grc' dir='ltr'>πάντων</span> <span class='ocrx_word' id='word_1_239' title='bbox 1741 1776 1851 1829; x_wconf 90' lang='grc' dir='ltr'><strong>τῶν</strong></span> 
     </span>
    </p>
   </div>
   <div class='ocr_carea' id='block_1_34' title="bbox 1963 1762 3530 1861">
    <p class='ocr_par' dir='ltr' id='par_1_34' title="bbox 1963 1776 3530 1861">
     <span class='ocr_line' id='line_1_34' title="bbox 1963 1776 3530 1861; baseline -0.004 -17"><span class='ocrx_word' id='word_1_240' title='bbox 1963 1791 2219 1861; x_wconf 85' lang='lat' dir='ltr'><strong>quoniam</strong></span> <span class='ocrx_word' id='word_1_241' title='bbox 2253 1776 2541 1844; x_wconf 69' lang='lat' dir='ltr'><strong>forniéatio</strong></span> <span class='ocrx_word' id='word_1_242' title='bbox 2582 1796 2756 1841; x_wconf 88' lang='lat' dir='ltr'><strong>mater</strong></span> <span class='ocrx_word' id='word_1_243' title='bbox 2788 1795 2873 1840; x_wconf 87' lang='lat' dir='ltr'><strong>est</strong></span> <span class='ocrx_word' id='word_1_244' title='bbox 2929 1786 3176 1840; x_wconf 89' lang='lat' dir='ltr'><strong>omnium</strong></span> <span class='ocrx_word' id='word_1_245' title='bbox 3237 1787 3530 1852; x_wconf 87' lang='lat' dir='ltr'><strong>malorum,</strong></span> 
     </span>
    </p>
   </div>
   <div class='ocr_carea' id='block_1_35' title="bbox 270 1871 1855 1946">
    <p class='ocr_par' dir='ltr' id='par_1_35' title="bbox 270 1871 1855 1946">
     <span class='ocr_line' id='line_1_35' title="bbox 270 1871 1855 1946; baseline -0.004 -16"><span class='ocrx_word' id='word_1_246' title='bbox 270 1877 474 1940; x_wconf 83' lang='grc' dir='ltr'>κακῶν,</span> <span class='ocrx_word' id='word_1_247' title='bbox 505 1875 812 1946; x_wconf 81' lang='grc' dir='ltr'>χωρίζουσα</span> <span class='ocrx_word' id='word_1_248' title='bbox 855 1873 1014 1934; x_wconf 86' lang='grc' dir='ltr'>Θεοῦ,</span> <span class='ocrx_word' id='word_1_249' title='bbox 1058 1874 1151 1926; x_wconf 75' lang='grc' dir='ltr'>καὶ</span> <span class='ocrx_word' id='word_1_250' title='bbox 1191 1873 1628 1944; x_wconf 77' lang='grc' dir='ltr'>προσεγγίζουσα</span> <span class='ocrx_word' id='word_1_251' title='bbox 1655 1871 1732 1943; x_wconf 80' lang='grc' dir='ltr'><strong>τῷ</strong></span> <span class='ocrx_word' id='word_1_252' title='bbox 1758 1871 1855 1923; x_wconf 81' lang='lat' dir='ltr'><strong>Bs-</strong></span> 
     </span>
    </p>
   </div>
   <div class='ocr_carea' id='block_1_36' title="bbox 269 1965 1851 2039">
    <p class='ocr_par' dir='ltr' id='par_1_36' title="bbox 269 1965 1851 2039">
     <span class='ocr_line' id='line_1_36' title="bbox 269 1965 1851 2039; baseline -0.002 -18"><span class='ocrx_word' id='word_1_253' title='bbox 269 1968 412 2039; x_wconf 85' lang='grc' dir='ltr'>λιάρ.</span> <span class='ocrx_word' id='word_1_254' title='bbox 469 1967 722 2039; x_wconf 84' lang='grc' dir='ltr'>Ἑώρακα</span> <span class='ocrx_word' id='word_1_255' title='bbox 759 1967 868 2039; x_wconf 86' lang='grc' dir='ltr'>γὰρ</span> <span class='ocrx_word' id='word_1_256' title='bbox 919 1969 976 2020; x_wconf 86' lang='grc' dir='ltr'>ὲν</span> <span class='ocrx_word' id='word_1_257' title='bbox 1031 1966 1336 2038; x_wconf 78' lang='grc' dir='ltr'>χαρακτῆρι</span> <span class='ocrx_word' id='word_1_258' title='bbox 1383 1966 1601 2036; x_wconf 79' lang='grc' dir='ltr'>γραφῆς</span> <span class='ocrx_word' id='word_1_259' title='bbox 1645 1965 1851 2035; x_wconf 86' lang='grc' dir='ltr'>Ἑνὼχ,</span> 
     </span>
    </p>
   </div>
   <div class='ocr_carea' id='block_1_37' title="bbox 269 2056 1853 2131">
    <p class='ocr_par' dir='ltr' id='par_1_37' title="bbox 269 2056 1853 2131">
     <span class='ocr_line' id='line_1_37' title="bbox 269 2056 1853 2131; baseline -0.004 -16"><span class='ocrx_word' id='word_1_260' title='bbox 269 2062 350 2116; x_wconf 84' lang='grc' dir='ltr'>ὅτι</span> <span class='ocrx_word' id='word_1_261' title='bbox 394 2062 443 2115; x_wconf 87' lang='grc' dir='ltr'><strong>οί</strong></span> <span class='ocrx_word' id='word_1_262' title='bbox 467 2062 573 2114; x_wconf 78' lang='grc' dir='ltr'>υἱοὶ</span> <span class='ocrx_word' id='word_1_263' title='bbox 602 2059 755 2131; x_wconf 80' lang='grc' dir='ltr'>ὑμῶν</span> <span class='ocrx_word' id='word_1_264' title='bbox 792 2058 909 2131; x_wconf 83' lang='grc' dir='ltr'>μεθ’</span> <span class='ocrx_word' id='word_1_265' title='bbox 936 2057 1089 2129; x_wconf 85' lang='grc' dir='ltr'>ὑμῶν</span> <span class='ocrx_word' id='word_1_266' title='bbox 1119 2059 1176 2110; x_wconf 88' lang='grc' dir='ltr'><strong>ἐν</strong></span> <span class='ocrx_word' id='word_1_267' title='bbox 1200 2057 1422 2129; x_wconf 78' lang='grc' dir='ltr'>πορνείᾳ</span> <span class='ocrx_word' id='word_1_268' title='bbox 1471 2056 1853 2128; x_wconf 75' lang='grc' dir='ltr'>φθαρήσονται,</span> 
     </span>
    </p>
   </div>
   <div class='ocr_carea' id='block_1_38' title="bbox 271 2148 1859 2223">
    <p class='ocr_par' dir='ltr' id='par_1_38' title="bbox 271 2148 1859 2223">
     <span class='ocr_line' id='line_1_38' title="bbox 271 2148 1859 2223; baseline -0.006 -13"><span class='ocrx_word' id='word_1_269' title='bbox 271 2155 363 2210; x_wconf 82' lang='grc' dir='ltr'>καὶ</span> <span class='ocrx_word' id='word_1_270' title='bbox 405 2155 462 2208; x_wconf 81' lang='grc' dir='ltr'><strong>ἐν</strong></span> <span class='ocrx_word' id='word_1_271' title='bbox 489 2152 618 2208; x_wconf 63' lang='lat' dir='ltr'><strong>Aeci</strong></span> <span class='ocrx_word' id='word_1_272' title='bbox 651 2152 997 2223; x_wconf 78' lang='grc' dir='ltr'>ἀδικήσουσιν</span> <span class='ocrx_word' id='word_1_273' title='bbox 1040 2151 1097 2202; x_wconf 84' lang='grc' dir='ltr'><strong>ἐν</strong></span> <span class='ocrx_word' id='word_1_274' title='bbox 1134 2150 1394 2222; x_wconf 74' lang='grc' dir='ltr'>ῥομφαίᾳ.</span> <span class='ocrx_word' id='word_1_275' title='bbox 1439 2149 1580 2201; x_wconf 79' lang='grc' dir='ltr'>Ἀλλ’</span> <span class='ocrx_word' id='word_1_276' title='bbox 1607 2150 1666 2202; x_wconf 77' lang='grc' dir='ltr'>οὐ</span> <span class='ocrx_word' id='word_1_277' title='bbox 1702 2148 1859 2220; x_wconf 87' lang='grc' dir='ltr'>δυνή-</span> 
     </span>
    </p>
   </div>
   <div class='ocr_carea' id='block_1_39' title="bbox 273 2240 1857 2318">
    <p class='ocr_par' dir='ltr' id='par_1_39' title="bbox 273 2240 1857 2318">
     <span class='ocr_line' id='line_1_39' title="bbox 273 2240 1857 2318; baseline -0.004 -18"><span class='ocrx_word' id='word_1_278' title='bbox 273 2265 455 2301; x_wconf 87' lang='grc' dir='ltr'>σονται</span> <span class='ocrx_word' id='word_1_279' title='bbox 487 2245 624 2318; x_wconf 77' lang='grc' dir='ltr'>πρὸς</span> <span class='ocrx_word' id='word_1_280' title='bbox 645 2243 797 2306; x_wconf 76' lang='grc' dir='ltr'>Λευῒ,</span> <span class='ocrx_word' id='word_1_281' title='bbox 822 2245 903 2298; x_wconf 83' lang='grc' dir='ltr'>ὅτι</span> <span class='ocrx_word' id='word_1_282' title='bbox 937 2244 1168 2315; x_wconf 84' lang='grc' dir='ltr'>πόλεμον</span> <span class='ocrx_word' id='word_1_283' title='bbox 1190 2241 1393 2314; x_wconf 81' lang='grc' dir='ltr'>Κυρίου</span> <span class='ocrx_word' id='word_1_284' title='bbox 1422 2242 1740 2312; x_wconf 82' lang='grc' dir='ltr'>πολεμήσει,</span> <span class='ocrx_word' id='word_1_285' title='bbox 1763 2240 1857 2295; x_wconf 72' lang='grc' dir='ltr'>καὶ</span> 
     </span>
    </p>
   </div>
   <div class='ocr_carea' id='block_1_40' title="bbox 271 2321 1858 2412">
    <p class='ocr_par' dir='ltr' id='par_1_40' title="bbox 271 2334 1858 2412">
     <span class='ocr_line' id='line_1_40' title="bbox 271 2334 1858 2412; baseline -0.005 -17"><span class='ocrx_word' id='word_1_286' title='bbox 271 2343 483 2412; x_wconf 81' lang='grc' dir='ltr'>νικήσει</span> <span class='ocrx_word' id='word_1_287' title='bbox 510 2343 688 2393; x_wconf 80' lang='grc' dir='ltr'>πᾶσαν</span> <span class='ocrx_word' id='word_1_288' title='bbox 711 2337 1064 2410; x_wconf 80' lang='grc' dir='ltr'>παρεμϐολὴν</span> <span class='ocrx_word' id='word_1_289' title='bbox 1095 2337 1270 2408; x_wconf 83' lang='grc' dir='ltr'>ὑμῶν,</span> <span class='ocrx_word' id='word_1_290' title='bbox 1299 2337 1394 2390; x_wconf 72' lang='grc' dir='ltr'><strong>καὶ</strong></span> <span class='ocrx_word' id='word_1_291' title='bbox 1433 2336 1646 2389; x_wconf 81' lang='grc' dir='ltr'>ἔσονται</span> <span class='ocrx_word' id='word_1_292' title='bbox 1686 2334 1858 2403; x_wconf 83' lang='grc' dir='ltr'>ὀλίγι-</span> 
     </span>
    </p>
   </div>
   <div class='ocr_carea' id='block_1_41' title="bbox 273 2427 1860 2503">
    <p class='ocr_par' dir='ltr' id='par_1_41' title="bbox 273 2427 1860 2503">
     <span class='ocr_line' id='line_1_41' title="bbox 273 2427 1860 2503; baseline -0.004 -16"><span class='ocrx_word' id='word_1_293' title='bbox 273 2451 390 2488; x_wconf 88' lang='grc' dir='ltr'>στοι</span> <span class='ocrx_word' id='word_1_294' title='bbox 444 2430 888 2503; x_wconf 78' lang='grc' dir='ltr'>ἐπιμεριζόμενοι</span> <span class='ocrx_word' id='word_1_295' title='bbox 943 2432 999 2482; x_wconf 87' lang='grc' dir='ltr'><strong>ἐν</strong></span> <span class='ocrx_word' id='word_1_296' title='bbox 1052 2429 1129 2500; x_wconf 85' lang='grc' dir='ltr'>τῷ</span> <span class='ocrx_word' id='word_1_297' title='bbox 1171 2427 1302 2483; x_wconf 88' lang='grc' dir='ltr'><strong>Λευῖ</strong></span> <span class='ocrx_word' id='word_1_298' title='bbox 1352 2427 1447 2482; x_wconf 72' lang='grc' dir='ltr'>καὶ</span> <span class='ocrx_word' id='word_1_299' title='bbox 1510 2427 1715 2496; x_wconf 76' lang='grc' dir='ltr'>Ἰούδα·</span> <span class='ocrx_word' id='word_1_300' title='bbox 1768 2427 1860 2482; x_wconf 76' lang='grc' dir='ltr'>καὶ</span> 
     </span>
    </p>
   </div>
   <div class='ocr_carea' id='block_1_42' title="bbox 270 2521 1858 2598">
    <p class='ocr_par' dir='ltr' id='par_1_42' title="bbox 270 2521 1858 2598">
     <span class='ocr_line' id='line_1_42' title="bbox 270 2521 1858 2598; baseline -0.006 -15"><span class='ocrx_word' id='word_1_301' title='bbox 270 2531 424 2583; x_wconf 76' lang='grc' dir='ltr'>ἔσται</span> <span class='ocrx_word' id='word_1_302' title='bbox 456 2528 565 2598; x_wconf 88' lang='lat'><strong>(89)</strong></span> <span class='ocrx_word' id='word_1_303' title='bbox 588 2525 646 2590; x_wconf 80' lang='grc' dir='ltr'>ἐξ</span> <span class='ocrx_word' id='word_1_304' title='bbox 673 2525 825 2596; x_wconf 80' lang='grc' dir='ltr'>ὑμῶν</span> <span class='ocrx_word' id='word_1_305' title='bbox 857 2527 935 2588; x_wconf 81' lang='grc' dir='ltr'>εἰς</span> <span class='ocrx_word' id='word_1_306' title='bbox 957 2522 1273 2593; x_wconf 80' lang='grc' dir='ltr'>ἡγεμονίαν,</span> <span class='ocrx_word' id='word_1_307' title='bbox 1291 2521 1473 2585; x_wconf 84' lang='grc' dir='ltr'>καθὼς</span> <span class='ocrx_word' id='word_1_308' title='bbox 1496 2523 1590 2575; x_wconf 74' lang='grc' dir='ltr'>καὶ</span> <span class='ocrx_word' id='word_1_309' title='bbox 1619 2523 1647 2574; x_wconf 87' lang='grc' dir='ltr'>ὁ</span> <span class='ocrx_word' id='word_1_310' title='bbox 1676 2522 1858 2593; x_wconf 78' lang='grc' dir='ltr'>πατὴρ</span> 
     </span>
    </p>
   </div>
   <div class='ocr_carea' id='block_1_43' title="bbox 286 2615 1461 2692">
    <p class='ocr_par' dir='ltr' id='par_1_43' title="bbox 286 2615 1461 2692">
     <span class='ocr_line' id='line_1_43' title="bbox 286 2615 1461 2692; baseline -0.007 -15"><span class='ocrx_word' id='word_1_311' title='bbox 286 2620 480 2677; x_wconf 83' lang='grc' dir='ltr'>Ἰακὼὸ</span> <span class='ocrx_word' id='word_1_312' title='bbox 509 2621 911 2692; x_wconf 77' lang='grc' dir='ltr'>προεφήτευσεν</span> <span class='ocrx_word' id='word_1_313' title='bbox 940 2618 997 2671; x_wconf 86' lang='grc' dir='ltr'><strong>ἐν</strong></span> <span class='ocrx_word' id='word_1_314' title='bbox 1027 2616 1295 2685; x_wconf 79' lang='grc' dir='ltr'>εὐλογίαις</span> <span class='ocrx_word' id='word_1_315' title='bbox 1329 2615 1461 2686; x_wconf 85' lang='grc'><strong>(90).</strong></span> 
     </span>
    </p>
   </div>
   <div class='ocr_carea' id='block_1_44' title="bbox 346 2709 1854 2784">
    <p class='ocr_par' dir='ltr' id='par_1_44' title="bbox 346 2709 1854 2784">
     <span class='ocr_line' id='line_1_44' title="bbox 346 2709 1854 2784; baseline -0.003 -17"><span class='ocrx_word' id='word_1_316' title='bbox 346 2717 435 2782; x_wconf 69' lang='grc' dir='ltr'><strong>ς’.</strong></span> <span class='ocrx_word' id='word_1_317' title='bbox 477 2733 497 2765; x_wconf 73' lang='grc' dir='ltr'><strong>ι</strong></span> <span class='ocrx_word' id='word_1_318' title='bbox 531 2714 660 2766; x_wconf 76' lang='grc' dir='ltr'>Ἰδοὺ</span> <span class='ocrx_word' id='word_1_319' title='bbox 697 2712 1000 2784; x_wconf 86' lang='grc' dir='ltr'>προείρηκα</span> <span class='ocrx_word' id='word_1_320' title='bbox 1026 2711 1152 2781; x_wconf 82' lang='grc' dir='ltr'>ὑμῖν</span> <span class='ocrx_word' id='word_1_321' title='bbox 1186 2710 1386 2771; x_wconf 85' lang='grc' dir='ltr'>πάντα,</span> <span class='ocrx_word' id='word_1_322' title='bbox 1418 2709 1854 2773; x_wconf 83' lang='grc' dir='ltr'>ὂπωςδικαιωθῶ</span> 
     </span>
    </p>
   </div>
   <div class='ocr_carea' id='block_1_45' title="bbox 271 2800 1861 2878">
    <p class='ocr_par' dir='ltr' id='par_1_45' title="bbox 271 2800 1861 2878">
     <span class='ocr_line' id='line_1_45' title="bbox 271 2800 1861 2878; baseline -0.004 -16"><span class='ocrx_word' id='word_1_323' title='bbox 271 2807 381 2862; x_wconf 75' lang='grc' dir='ltr'>ἀπὸ</span> <span class='ocrx_word' id='word_1_324' title='bbox 413 2807 512 2878; x_wconf 79' lang='grc' dir='ltr'><strong>τῆς</strong></span> <span class='ocrx_word' id='word_1_325' title='bbox 545 2806 816 2877; x_wconf 82' lang='grc' dir='ltr'>ἁμαρτίας</span> <span class='ocrx_word' id='word_1_326' title='bbox 867 2803 978 2857; x_wconf 88' lang='grc' dir='ltr'><strong>τῶν</strong></span> <span class='ocrx_word' id='word_1_327' title='bbox 1009 2802 1198 2873; x_wconf 74' lang='grc' dir='ltr'>ψυχῶν</span> <span class='ocrx_word' id='word_1_328' title='bbox 1248 2800 1423 2872; x_wconf 81' lang='grc' dir='ltr'>ὑμῶν.</span> <span class='ocrx_word' id='word_1_329' title='bbox 1472 2801 1598 2854; x_wconf 83' lang='grc' dir='ltr'><strong>Ἐὰν</strong></span> <span class='ocrx_word' id='word_1_330' title='bbox 1639 2801 1696 2855; x_wconf 82' lang='grc' dir='ltr'>δὲ</span> <span class='ocrx_word' id='word_1_331' title='bbox 1729 2800 1861 2872; x_wconf 76' lang='grc' dir='ltr'><strong>ἀφέ-</strong></span> 
     </span>
    </p>
   </div>
   <div class='ocr_carea' id='block_1_46' title="bbox 273 2894 1860 2969">
    <p class='ocr_par' dir='ltr' id='par_1_46' title="bbox 273 2894 1860 2969">
     <span class='ocr_line' id='line_1_46' title="bbox 273 2894 1860 2969; baseline -0.004 -18"><span class='ocrx_word' id='word_1_332' title='bbox 273 2901 401 2969; x_wconf 78' lang='grc' dir='ltr'>λητε</span> <span class='ocrx_word' id='word_1_333' title='bbox 435 2897 529 2967; x_wconf 75' lang='grc' dir='ltr'><strong>ἀφ’</strong></span> <span class='ocrx_word' id='word_1_334' title='bbox 564 2895 716 2966; x_wconf 76' lang='grc' dir='ltr'>ὑμῶν</span> <span class='ocrx_word' id='word_1_335' title='bbox 735 2897 827 2948; x_wconf 76' lang='grc' dir='ltr'>τὸν</span> <span class='ocrx_word' id='word_1_336' title='bbox 862 2895 1078 2964; x_wconf 79' lang='grc' dir='ltr'>φθόνον,</span> <span class='ocrx_word' id='word_1_337' title='bbox 1101 2894 1196 2946; x_wconf 77' lang='grc' dir='ltr'>καὶ</span> <span class='ocrx_word' id='word_1_338' title='bbox 1231 2895 1412 2947; x_wconf 79' lang='grc' dir='ltr'>πᾶσαν</span> <span class='ocrx_word' id='word_1_339' title='bbox 1448 2894 1860 2966; x_wconf 85' lang='grc' dir='ltr'>σκληροτραχη-</span> 
     </span>
    </p>
   </div>
   <div class='ocr_carea' id='block_1_47' title="bbox 272 2985 1858 3060">
    <p class='ocr_par' dir='ltr' id='par_1_47' title="bbox 272 2985 1858 3060">
     <span class='ocr_line' id='line_1_47' title="bbox 272 2985 1858 3060; baseline -0.004 -16"><span class='ocrx_word' id='word_1_340' title='bbox 272 2992 414 3054; x_wconf 83' lang='grc' dir='ltr'>λίαν,</span> <span class='ocrx_word' id='word_1_341' title='bbox 449 2991 526 3052; x_wconf 81' lang='grc' dir='ltr'>ὡς</span> <span class='ocrx_word' id='word_1_342' title='bbox 561 2987 709 3060; x_wconf 79' lang='grc' dir='ltr'>ῥόδον</span> <span class='ocrx_word' id='word_1_343' title='bbox 743 2987 962 3057; x_wconf 83' lang='grc' dir='ltr'>ἀνθήσει</span> <span class='ocrx_word' id='word_1_344' title='bbox 994 2986 1064 3040; x_wconf 77' lang='grc' dir='ltr'><strong>τὰ</strong></span> <span class='ocrx_word' id='word_1_345' title='bbox 1095 2987 1228 3039; x_wconf 85' lang='grc' dir='ltr'><strong>ὀστᾶ</strong></span> <span class='ocrx_word' id='word_1_346' title='bbox 1249 2985 1360 3055; x_wconf 76' lang='lat' dir='ltr'><strong>(9i)</strong></span> <span class='ocrx_word' id='word_1_347' title='bbox 1382 3003 1482 3056; x_wconf 87' lang='grc' dir='ltr'><strong>μου</strong></span> <span class='ocrx_word' id='word_1_348' title='bbox 1517 2987 1574 3038; x_wconf 91' lang='grc' dir='ltr'><strong>ἐν</strong></span> <span class='ocrx_word' id='word_1_349' title='bbox 1620 2985 1858 3057; x_wconf 78' lang='grc' dir='ltr'>Ἰσραὴλ,</span> 
     </span>
    </p>
   </div>
   <div class='ocr_carea' id='block_1_48' title="bbox 1964 1876 3529 1950">
    <p class='ocr_par' dir='ltr' id='par_1_48' title="bbox 1964 1876 3529 1950">
     <span class='ocr_line' id='line_1_48' title="bbox 1964 1876 3529 1950; baseline -0.005 -11"><span class='ocrx_word' id='word_1_350' title='bbox 1964 1884 2217 1939; x_wconf 79' lang='lat' dir='ltr'><strong>dividens</strong></span> <span class='ocrx_word' id='word_1_351' title='bbox 2241 1899 2268 1936; x_wconf 94' lang='lat' dir='ltr'><strong>a</strong></span> <span class='ocrx_word' id='word_1_352' title='bbox 2297 1881 2428 1942; x_wconf 84' lang='lat' dir='ltr'><strong>Deo,</strong></span> <span class='ocrx_word' id='word_1_353' title='bbox 2459 1891 2512 1935; x_wconf 88' lang='lat' dir='ltr'><strong>et</strong></span> <span class='ocrx_word' id='word_1_354' title='bbox 2541 1879 2980 1950; x_wconf 86' lang='lat' dir='ltr'><strong>appropinquare</strong></span> <span class='ocrx_word' id='word_1_355' title='bbox 3004 1877 3210 1932; x_wconf 80' lang='lat' dir='ltr'><strong>faciens</strong></span> <span class='ocrx_word' id='word_1_356' title='bbox 3235 1877 3299 1931; x_wconf 86' lang='lat' dir='ltr'><strong>ad</strong></span> <span class='ocrx_word' id='word_1_357' title='bbox 3331 1876 3529 1932; x_wconf 87' lang='lat' dir='ltr'><strong>Bcliar.</strong></span> 
     </span>
    </p>
   </div>
   <div class='ocr_carea' id='block_1_49' title="bbox 1960 1970 3533 2043">
    <p class='ocr_par' dir='ltr' id='par_1_49' title="bbox 1960 1970 3533 2043">
     <span class='ocr_line' id='line_1_49' title="bbox 1960 1970 3533 2043; baseline -0.002 -15"><span class='ocrx_word' id='word_1_358' title='bbox 1960 1975 2080 2031; x_wconf 83' lang='lat' dir='ltr'><strong>Vidi</strong></span> <span class='ocrx_word' id='word_1_359' title='bbox 2108 1977 2252 2031; x_wconf 89' lang='lat' dir='ltr'><strong>enim</strong></span> <span class='ocrx_word' id='word_1_360' title='bbox 2284 1975 2336 2029; x_wconf 94' lang='lat' dir='ltr'><strong>in</strong></span> <span class='ocrx_word' id='word_1_361' title='bbox 2370 1975 2684 2028; x_wconf 82' lang='lat' dir='ltr'><strong>charactere</strong></span> <span class='ocrx_word' id='word_1_362' title='bbox 2709 1974 2996 2042; x_wconf 69' lang='lat' dir='ltr'><strong>scriptum</strong></span> <span class='ocrx_word' id='word_1_363' title='bbox 3027 1970 3236 2032; x_wconf 85' lang='lat' dir='ltr'><strong>Enoch,</strong></span> <span class='ocrx_word' id='word_1_364' title='bbox 3264 1971 3410 2043; x_wconf 85' lang='lat' dir='ltr'><strong>quod</strong></span> <span class='ocrx_word' id='word_1_365' title='bbox 3439 1971 3533 2025; x_wconf 87' lang='lat' dir='ltr'><strong>lilii</strong></span> 
     </span>
    </p>
   </div>
   <div class='ocr_carea' id='block_1_50' title="bbox 1962 2066 3537 2135">
    <p class='ocr_par' dir='ltr' id='par_1_50' title="bbox 1962 2066 3537 2135">
     <span class='ocr_line' id='line_1_50' title="bbox 1962 2066 3537 2135; baseline -0.003 -11"><span class='ocrx_word' id='word_1_366' title='bbox 1962 2070 2130 2124; x_wconf 81' lang='lat' dir='ltr'><strong>vestri</strong></span> <span class='ocrx_word' id='word_1_367' title='bbox 2161 2069 2447 2122; x_wconf 87' lang='lat' dir='ltr'><strong>vobiscum</strong></span> <span class='ocrx_word' id='word_1_368' title='bbox 2492 2067 2544 2120; x_wconf 92' lang='lat' dir='ltr'><strong>in</strong></span> <span class='ocrx_word' id='word_1_369' title='bbox 2593 2066 2957 2120; x_wconf 89' lang='lat' dir='ltr'><strong>fornicatione</strong></span> <span class='ocrx_word' id='word_1_370' title='bbox 3007 2076 3448 2135; x_wconf 91' lang='lat' dir='ltr'><strong>corrumpentur,</strong></span> <span class='ocrx_word' id='word_1_371' title='bbox 3481 2073 3537 2120; x_wconf 93' lang='lat' dir='ltr'><strong>et</strong></span> 
     </span>
    </p>
   </div>
   <div class='ocr_carea' id='block_1_51' title="bbox 1959 2158 3534 2229">
    <p class='ocr_par' dir='ltr' id='par_1_51' title="bbox 1959 2158 3534 2229">
     <span class='ocr_line' id='line_1_51' title="bbox 1959 2158 3534 2229; baseline -0.001 -15"><span class='ocrx_word' id='word_1_372' title='bbox 1959 2159 2088 2216; x_wconf 86' lang='lat' dir='ltr'><strong>Levi</strong></span> <span class='ocrx_word' id='word_1_373' title='bbox 2111 2161 2434 2228; x_wconf 71' lang='lat' dir='ltr'><strong>iniustitiam</strong></span> <span class='ocrx_word' id='word_1_374' title='bbox 2463 2159 2664 2214; x_wconf 83' lang='lat' dir='ltr'><strong>facient</strong></span> <span class='ocrx_word' id='word_1_375' title='bbox 2688 2159 2741 2213; x_wconf 87' lang='lat' dir='ltr'><strong>in</strong></span> <span class='ocrx_word' id='word_1_376' title='bbox 2774 2159 2974 2229; x_wconf 79' lang='lat' dir='ltr'><strong>gladio.</strong></span> <span class='ocrx_word' id='word_1_377' title='bbox 3010 2158 3114 2213; x_wconf 85' lang='lat' dir='ltr'><strong>Sed</strong></span> <span class='ocrx_word' id='word_1_378' title='bbox 3169 2174 3278 2212; x_wconf 92' lang='lat' dir='ltr'><strong>non</strong></span> <span class='ocrx_word' id='word_1_379' title='bbox 3321 2173 3534 2228; x_wconf 62' lang='lat' dir='ltr'><strong>prieva-</strong></span> 
     </span>
    </p>
   </div>
   <div class='ocr_carea' id='block_1_52' title="bbox 1960 2249 3538 2320">
    <p class='ocr_par' dir='ltr' id='par_1_52' title="bbox 1960 2249 3538 2320">
     <span class='ocr_line' id='line_1_52' title="bbox 1960 2249 3538 2320; baseline -0.003 -12"><span class='ocrx_word' id='word_1_380' title='bbox 1960 2253 2150 2308; x_wconf 86' lang='lat' dir='ltr'><strong>lehunt</strong></span> <span class='ocrx_word' id='word_1_381' title='bbox 2171 2262 2360 2306; x_wconf 90' lang='lat' dir='ltr'><strong>contra</strong></span> <span class='ocrx_word' id='word_1_382' title='bbox 2396 2250 2546 2316; x_wconf 83' lang='lat' dir='ltr'><strong>Levi,</strong></span> <span class='ocrx_word' id='word_1_383' title='bbox 2580 2251 2838 2320; x_wconf 86' lang='lat' dir='ltr'><strong>quoniam</strong></span> <span class='ocrx_word' id='word_1_384' title='bbox 2863 2251 3066 2306; x_wconf 89' lang='lat' dir='ltr'><strong>bellum</strong></span> <span class='ocrx_word' id='word_1_385' title='bbox 3112 2249 3330 2304; x_wconf 85' lang='lat' dir='ltr'><strong>Domini</strong></span> <span class='ocrx_word' id='word_1_386' title='bbox 3367 2249 3538 2304; x_wconf 87' lang='lat' dir='ltr'><strong>bella-</strong></span> 
     </span>
    </p>
   </div>
   <div class='ocr_carea' id='block_1_53' title="bbox 1961 2346 3538 2414">
    <p class='ocr_par' dir='ltr' id='par_1_53' title="bbox 1961 2346 3538 2414">
     <span class='ocr_line' id='line_1_53' title="bbox 1961 2346 3538 2414; baseline -0.001 -14"><span class='ocrx_word' id='word_1_387' title='bbox 1961 2346 2060 2408; x_wconf 85' lang='lat' dir='ltr'><strong>bit,</strong></span> <span class='ocrx_word' id='word_1_388' title='bbox 2092 2355 2146 2399; x_wconf 89' lang='lat' dir='ltr'><strong>et</strong></span> <span class='ocrx_word' id='word_1_389' title='bbox 2176 2346 2357 2399; x_wconf 89' lang='lat' dir='ltr'><strong>vincet</strong></span> <span class='ocrx_word' id='word_1_390' title='bbox 2383 2360 2544 2398; x_wconf 90' lang='lat' dir='ltr'><strong>omne</strong></span> <span class='ocrx_word' id='word_1_391' title='bbox 2569 2353 2810 2398; x_wconf 90' lang='lat' dir='ltr'><strong>castrum</strong></span> <span class='ocrx_word' id='word_1_392' title='bbox 2838 2353 3107 2409; x_wconf 86' lang='lat' dir='ltr'><strong>vestrum,</strong></span> <span class='ocrx_word' id='word_1_393' title='bbox 3133 2353 3187 2399; x_wconf 93' lang='lat' dir='ltr'><strong>et</strong></span> <span class='ocrx_word' id='word_1_394' title='bbox 3216 2357 3376 2398; x_wconf 89' lang='lat' dir='ltr'><strong>erunt</strong></span> <span class='ocrx_word' id='word_1_395' title='bbox 3401 2360 3538 2414; x_wconf 91' lang='lat' dir='ltr'><strong>pau-</strong></span> 
     </span>
    </p>
   </div>
   <div class='ocr_carea' id='block_1_54' title="bbox 1961 2433 3534 2498">
    <p class='ocr_par' dir='ltr' id='par_1_54' title="bbox 1961 2433 3534 2498">
     <span class='ocr_line' id='line_1_54' title="bbox 1961 2433 3534 2498; baseline -0.004 -6"><span class='ocrx_word' id='word_1_396' title='bbox 1961 2437 2168 2492; x_wconf 86' lang='lat' dir='ltr'><strong>cissimi</strong></span> <span class='ocrx_word' id='word_1_397' title='bbox 2193 2436 2356 2492; x_wconf 85' lang='lat' dir='ltr'><strong>divisi</strong></span> <span class='ocrx_word' id='word_1_398' title='bbox 2392 2435 2446 2489; x_wconf 92' lang='lat' dir='ltr'><strong>in</strong></span> <span class='ocrx_word' id='word_1_399' title='bbox 2473 2434 2600 2489; x_wconf 84' lang='lat' dir='ltr'><strong>Levi</strong></span> <span class='ocrx_word' id='word_1_400' title='bbox 2635 2444 2688 2489; x_wconf 89' lang='lat' dir='ltr'><strong>et</strong></span> <span class='ocrx_word' id='word_1_401' title='bbox 2714 2433 2888 2498; x_wconf 89' lang='lat' dir='ltr'><strong>Juda;</strong></span> <span class='ocrx_word' id='word_1_402' title='bbox 2925 2443 2977 2487; x_wconf 89' lang='lat' dir='ltr'><strong>et</strong></span> <span class='ocrx_word' id='word_1_403' title='bbox 3001 2434 3106 2487; x_wconf 89' lang='lat' dir='ltr'><strong>erit</strong></span> <span class='ocrx_word' id='word_1_404' title='bbox 3156 2448 3186 2488; x_wconf 90' lang='lat' dir='ltr'><strong>e</strong></span> <span class='ocrx_word' id='word_1_405' title='bbox 3213 2434 3368 2487; x_wconf 83' lang='lat' dir='ltr'><strong>vobis</strong></span> <span class='ocrx_word' id='word_1_406' title='bbox 3398 2433 3534 2495; x_wconf 77' lang='lat' dir='ltr'><strong>dux,</strong></span> 
     </span>
    </p>
   </div>
   <div class='ocr_carea' id='block_1_55' title="bbox 1962 2524 3536 2601">
    <p class='ocr_par' dir='ltr' id='par_1_55' title="bbox 1962 2524 3536 2601">
     <span class='ocr_line' id='line_1_55' title="bbox 1962 2524 3536 2601; baseline -0.004 -16"><span class='ocrx_word' id='word_1_407' title='bbox 1962 2528 2424 2601; x_wconf 85' lang='lat' dir='ltr'><strong>quemadmodum</strong></span> <span class='ocrx_word' id='word_1_408' title='bbox 2471 2537 2622 2597; x_wconf 89' lang='lat' dir='ltr'><strong>pater</strong></span> <span class='ocrx_word' id='word_1_409' title='bbox 2669 2542 2825 2582; x_wconf 88' lang='lat' dir='ltr'><strong>meus</strong></span> <span class='ocrx_word' id='word_1_410' title='bbox 2875 2524 3045 2580; x_wconf 87' lang='lat' dir='ltr'><strong>Jacob</strong></span> <span class='ocrx_word' id='word_1_411' title='bbox 3106 2526 3450 2596; x_wconf 87' lang='lat' dir='ltr'><strong>prophetavit</strong></span> <span class='ocrx_word' id='word_1_412' title='bbox 3479 2526 3536 2580; x_wconf 92' lang='lat' dir='ltr'><strong>in</strong></span> 
     </span>
    </p>
   </div>
   <div class='ocr_carea' id='block_1_56' title="bbox 1961 2622 2455 2681">
    <p class='ocr_par' dir='ltr' id='par_1_56' title="bbox 1961 2622 2455 2681">
     <span class='ocr_line' id='line_1_56' title="bbox 1961 2622 2455 2681; baseline -0.01 0"><span class='ocrx_word' id='word_1_413' title='bbox 1961 2622 2455 2681; x_wconf 85' lang='lat' dir='ltr'><strong>benedictionibus.</strong></span> 
     </span>
    </p>
   </div>
   <div class='ocr_carea' id='block_1_57' title="bbox 2031 2711 3532 2784">
    <p class='ocr_par' dir='ltr' id='par_1_57' title="bbox 2031 2711 3532 2784">
     <span class='ocr_line' id='line_1_57' title="bbox 2031 2711 3532 2784; baseline -0.004 -14"><span class='ocrx_word' id='word_1_414' title='bbox 2031 2713 2122 2771; x_wconf 80' lang='lat' dir='ltr'><strong>VI.</strong></span> <span class='ocrx_word' id='word_1_415' title='bbox 2156 2715 2296 2770; x_wconf 87' lang='lat' dir='ltr'><strong>Ecce</strong></span> <span class='ocrx_word' id='word_1_416' title='bbox 2332 2713 2559 2784; x_wconf 80' lang='lat' dir='ltr'><strong>praedixi</strong></span> <span class='ocrx_word' id='word_1_417' title='bbox 2590 2714 2747 2768; x_wconf 89' lang='lat' dir='ltr'><strong>vobis</strong></span> <span class='ocrx_word' id='word_1_418' title='bbox 2790 2714 2999 2775; x_wconf 91' lang='lat' dir='ltr'><strong>omnia,</strong></span> <span class='ocrx_word' id='word_1_419' title='bbox 3065 2722 3124 2767; x_wconf 92' lang='lat' dir='ltr'><strong>ut</strong></span> <span class='ocrx_word' id='word_1_420' title='bbox 3177 2711 3448 2782; x_wconf 83' lang='lat' dir='ltr'><strong>justitlcer</strong></span> <span class='ocrx_word' id='word_1_421' title='bbox 3502 2725 3532 2764; x_wconf 86' lang='lat' dir='ltr'><strong>a</strong></span> 
     </span>
    </p>
   </div>
   <div class='ocr_carea' id='block_1_58' title="bbox 1962 2800 3537 2880">
    <p class='ocr_par' dir='ltr' id='par_1_58' title="bbox 1962 2800 3537 2880">
     <span class='ocr_line' id='line_1_58' title="bbox 1962 2800 3537 2880; baseline -0.007 -15"><span class='ocrx_word' id='word_1_422' title='bbox 1962 2819 2186 2880; x_wconf 86' lang='lat' dir='ltr'><strong>peccato</strong></span> <span class='ocrx_word' id='word_1_423' title='bbox 2210 2808 2515 2862; x_wconf 90' lang='lat' dir='ltr'><strong>animarum</strong></span> <span class='ocrx_word' id='word_1_424' title='bbox 2544 2816 2876 2858; x_wconf 88' lang='lat' dir='ltr'><strong>vestrarum.</strong></span> <span class='ocrx_word' id='word_1_425' title='bbox 2909 2803 2965 2858; x_wconf 92' lang='lat' dir='ltr'><strong>Si</strong></span> <span class='ocrx_word' id='word_1_426' title='bbox 3001 2812 3182 2857; x_wconf 91' lang='lat' dir='ltr'><strong>autem</strong></span> <span class='ocrx_word' id='word_1_427' title='bbox 3211 2800 3473 2855; x_wconf 86' lang='lat' dir='ltr'><strong>auferatis</strong></span> <span class='ocrx_word' id='word_1_428' title='bbox 3507 2818 3537 2854; x_wconf 89' lang='lat' dir='ltr'><strong>a</strong></span> 
     </span>
    </p>
   </div>
   <div class='ocr_carea' id='block_1_59' title="bbox 1961 2893 3538 2957">
    <p class='ocr_par' dir='ltr' id='par_1_59' title="bbox 1961 2893 3538 2957">
     <span class='ocr_line' id='line_1_59' title="bbox 1961 2893 3538 2957; baseline -0.006 -4"><span class='ocrx_word' id='word_1_429' title='bbox 1961 2901 2120 2957; x_wconf 80' lang='lat' dir='ltr'><strong>vobis</strong></span> <span class='ocrx_word' id='word_1_430' title='bbox 2145 2899 2408 2954; x_wconf 85' lang='lat' dir='ltr'><strong>invidiam</strong></span> <span class='ocrx_word' id='word_1_431' title='bbox 2432 2907 2486 2952; x_wconf 91' lang='lat' dir='ltr'><strong>et</strong></span> <span class='ocrx_word' id='word_1_432' title='bbox 2514 2911 2734 2951; x_wconf 90' lang='lat' dir='ltr'><strong>omnem</strong></span> <span class='ocrx_word' id='word_1_433' title='bbox 2765 2894 2996 2950; x_wconf 88' lang='lat' dir='ltr'><strong>cervicis</strong></span> <span class='ocrx_word' id='word_1_434' title='bbox 3013 2893 3292 2956; x_wconf 80' lang='lat' dir='ltr'><strong>duritiem,</strong></span> <span class='ocrx_word' id='word_1_435' title='bbox 3322 2899 3381 2945; x_wconf 93' lang='lat' dir='ltr'><strong>ut</strong></span> <span class='ocrx_word' id='word_1_436' title='bbox 3411 2905 3538 2944; x_wconf 86' lang='lat' dir='ltr'><strong>rosa</strong></span> 
     </span>
    </p>
   </div>
   <div class='ocr_carea' id='block_1_60' title="bbox 1963 2987 3540 3055">
    <p class='ocr_par' dir='ltr' id='par_1_60' title="bbox 1963 2987 3540 3055">
     <span class='ocr_line' id='line_1_60' title="bbox 1963 2987 3540 3055; baseline -0.008 -5"><span class='ocrx_word' id='word_1_437' title='bbox 1963 2994 2236 3050; x_wconf 85' lang='lat' dir='ltr'><strong>florebunt</strong></span> <span class='ocrx_word' id='word_1_438' title='bbox 2265 3006 2392 3047; x_wconf 81' lang='lat' dir='ltr'><strong>ossa</strong></span> <span class='ocrx_word' id='word_1_439' title='bbox 2421 3005 2542 3044; x_wconf 90' lang='lat' dir='ltr'><strong>mea</strong></span> <span class='ocrx_word' id='word_1_440' title='bbox 2577 2991 2631 3044; x_wconf 93' lang='lat' dir='ltr'><strong>in</strong></span> <span class='ocrx_word' id='word_1_441' title='bbox 2662 2987 2859 3055; x_wconf 88' lang='lat' dir='ltr'><strong>Israel,</strong></span> <span class='ocrx_word' id='word_1_442' title='bbox 2887 2998 2940 3044; x_wconf 90' lang='lat' dir='ltr'><strong>et</strong></span> <span class='ocrx_word' id='word_1_443' title='bbox 2966 2998 3026 3042; x_wconf 86' lang='lat' dir='ltr'><strong>ut</strong></span> <span class='ocrx_word' id='word_1_444' title='bbox 3059 2987 3235 3041; x_wconf 89' lang='lat' dir='ltr'><strong>lilium</strong></span> <span class='ocrx_word' id='word_1_445' title='bbox 3259 2993 3390 3040; x_wconf 82' lang='lat' dir='ltr'><strong>caro</strong></span> <span class='ocrx_word' id='word_1_446' title='bbox 3418 2997 3540 3039; x_wconf 79' lang='lat' dir='ltr'><strong>mea</strong></span> 
     </span>
    </p>
   </div>
   <div class='ocr_carea' id='block_1_61' title="bbox 273 3074 1857 3162">
    <p class='ocr_par' dir='ltr' id='par_1_61' title="bbox 273 3075 1857 3150">
     <span class='ocr_line' id='line_1_61' title="bbox 273 3075 1857 3150; baseline -0.003 -14"><span class='ocrx_word' id='word_1_447' title='bbox 273 3083 368 3139; x_wconf 73' lang='grc' dir='ltr'>καὶ</span> <span class='ocrx_word' id='word_1_448' title='bbox 416 3081 492 3144; x_wconf 85' lang='grc' dir='ltr'>ὠς</span> <span class='ocrx_word' id='word_1_449' title='bbox 533 3078 712 3150; x_wconf 86' lang='grc' dir='ltr'>κρίνον</span> <span class='ocrx_word' id='word_1_450' title='bbox 748 3080 780 3150; x_wconf 83' lang='grc' dir='ltr'>ἡ</span> <span class='ocrx_word' id='word_1_451' title='bbox 819 3077 954 3148; x_wconf 77' lang='grc' dir='ltr'>σάρξ</span> <span class='ocrx_word' id='word_1_452' title='bbox 993 3095 1092 3148; x_wconf 85' lang='grc' dir='ltr'><strong>μου</strong></span> <span class='ocrx_word' id='word_1_453' title='bbox 1128 3078 1186 3129; x_wconf 89' lang='grc' dir='ltr'><strong>ἐν</strong></span> <span class='ocrx_word' id='word_1_454' title='bbox 1232 3076 1450 3138; x_wconf 74' lang='grc' dir='ltr'><strong>Ἰακὼϐ.</strong></span> <span class='ocrx_word' id='word_1_455' title='bbox 1487 3077 1583 3130; x_wconf 74' lang='grc' dir='ltr'>καὶ</span> <span class='ocrx_word' id='word_1_456' title='bbox 1636 3075 1790 3132; x_wconf 77' lang='grc' dir='ltr'>ἔσται</span> <span class='ocrx_word' id='word_1_457' title='bbox 1825 3079 1857 3149; x_wconf 87' lang='grc' dir='ltr'><strong>ή</strong></span> 
     </span>
    </p>
   </div>
   <div class='ocr_carea' id='block_1_62' title="bbox 1963 3074 3541 3162">
    <p class='ocr_par' dir='ltr' id='par_1_62' title="bbox 1965 3074 3541 3151">
     <span class='ocr_line' id='line_1_62' title="bbox 1965 3074 3541 3151; baseline -0.008 -9"><span class='ocrx_word' id='word_1_458' title='bbox 1965 3089 2018 3143; x_wconf 83' lang='grc' dir='ltr'>ἰιι</span> <span class='ocrx_word' id='word_1_459' title='bbox 2053 3085 2259 3151; x_wconf 88' lang='lat' dir='ltr'><strong>Jacob;</strong></span> <span class='ocrx_word' id='word_1_460' title='bbox 2288 3092 2343 3138; x_wconf 91' lang='lat' dir='ltr'><strong>et</strong></span> <span class='ocrx_word' id='word_1_461' title='bbox 2370 3085 2477 3138; x_wconf 87' lang='lat' dir='ltr'><strong>erit</strong></span> <span class='ocrx_word' id='word_1_462' title='bbox 2504 3081 2643 3136; x_wconf 88' lang='lat' dir='ltr'><strong>odor</strong></span> <span class='ocrx_word' id='word_1_463' title='bbox 2693 3094 2850 3135; x_wconf 90' lang='lat' dir='ltr'><strong>meus</strong></span> <span class='ocrx_word' id='word_1_464' title='bbox 2880 3079 3023 3134; x_wconf 88' lang='lat' dir='ltr'><strong>sicut</strong></span> <span class='ocrx_word' id='word_1_465' title='bbox 3060 3076 3194 3134; x_wconf 87' lang='lat' dir='ltr'><strong>odor</strong></span> <span class='ocrx_word' id='word_1_466' title='bbox 3228 3074 3445 3141; x_wconf 86' lang='lat' dir='ltr'><strong>Libani,</strong></span> <span class='ocrx_word' id='word_1_467' title='bbox 3484 3082 3541 3130; x_wconf 88' lang='lat' dir='ltr'><strong>et</strong></span> 
     </span>
    </p>
   </div>
   <div class='ocr_carea' id='block_1_63' title="bbox 272 3168 1862 3246">
    <p class='ocr_par' dir='ltr' id='par_1_63' title="bbox 272 3168 1862 3246">
     <span class='ocr_line' id='line_1_63' title="bbox 272 3168 1862 3246; baseline -0.003 -19"><span class='ocrx_word' id='word_1_468' title='bbox 272 3173 415 3246; x_wconf 84' lang='grc' dir='ltr'>ὀσμή</span> <span class='ocrx_word' id='word_1_469' title='bbox 453 3189 553 3244; x_wconf 86' lang='grc' dir='ltr'><strong>μου</strong></span> <span class='ocrx_word' id='word_1_470' title='bbox 587 3171 662 3236; x_wconf 84' lang='grc' dir='ltr'><strong>ὡς</strong></span> <span class='ocrx_word' id='word_1_471' title='bbox 691 3171 834 3241; x_wconf 78' lang='grc' dir='ltr'>ὀσμὴ</span> <span class='ocrx_word' id='word_1_472' title='bbox 866 3168 1117 3231; x_wconf 78' lang='grc' dir='ltr'>Λιϐάνου,</span> <span class='ocrx_word' id='word_1_473' title='bbox 1153 3170 1248 3222; x_wconf 76' lang='grc' dir='ltr'>καὶ</span> <span class='ocrx_word' id='word_1_474' title='bbox 1280 3168 1740 3241; x_wconf 79' lang='grc' dir='ltr'>πληθυνθήσονται</span> <span class='ocrx_word' id='word_1_475' title='bbox 1786 3170 1862 3236; x_wconf 85' lang='grc' dir='ltr'>ὡς</span> 
     </span>
    </p>
   </div>
   <div class='ocr_carea' id='block_1_64' title="bbox 274 3260 1863 3336">
    <p class='ocr_par' dir='ltr' id='par_1_64' title="bbox 274 3260 1863 3336">
     <span class='ocr_line' id='line_1_64' title="bbox 274 3260 1863 3336; baseline -0.001 -18"><span class='ocrx_word' id='word_1_476' title='bbox 274 3263 455 3336; x_wconf 79' lang='grc' dir='ltr'>κέδροι</span> <span class='ocrx_word' id='word_1_477' title='bbox 493 3263 637 3332; x_wconf 69' lang='grc' dir='ltr'>ἅγιοι</span> <span class='ocrx_word' id='word_1_478' title='bbox 671 3262 730 3327; x_wconf 82' lang='grc' dir='ltr'>ἐξ</span> <span class='ocrx_word' id='word_1_479' title='bbox 761 3261 898 3333; x_wconf 89' lang='grc' dir='ltr'>ἐμοῦ</span> <span class='ocrx_word' id='word_1_480' title='bbox 931 3260 1037 3325; x_wconf 74' lang='grc' dir='ltr'><strong>ἓως</strong></span> <span class='ocrx_word' id='word_1_481' title='bbox 1086 3260 1302 3324; x_wconf 72' lang='grc' dir='ltr'>αἰῶνος,</span> <span class='ocrx_word' id='word_1_482' title='bbox 1337 3263 1433 3315; x_wconf 57' lang='grc' dir='ltr'><strong>καὶ⁵</strong></span> <span class='ocrx_word' id='word_1_483' title='bbox 1465 3263 1512 3315; x_wconf 76' lang='grc' dir='ltr'>οἱ</span> <span class='ocrx_word' id='word_1_484' title='bbox 1549 3263 1733 3318; x_wconf 83' lang='grc' dir='ltr'>κλάδοι</span> <span class='ocrx_word' id='word_1_485' title='bbox 1767 3266 1863 3318; x_wconf 77' lang='grc' dir='ltr'>αῦ-</span> 
     </span>
    </p>
   </div>
   <div class='ocr_carea' id='block_1_65' title="bbox 273 3353 1860 3428">
    <p class='ocr_par' dir='ltr' id='par_1_65' title="bbox 273 3353 1860 3428">
     <span class='ocr_line' id='line_1_65' title="bbox 273 3353 1860 3428; baseline -0.001 -17"><span class='ocrx_word' id='word_1_486' title='bbox 273 3357 385 3412; x_wconf 79' lang='grc' dir='ltr'>τῶν</span> <span class='ocrx_word' id='word_1_487' title='bbox 419 3358 525 3422; x_wconf 76' lang='grc' dir='ltr'><strong>ἕως</strong></span> <span class='ocrx_word' id='word_1_488' title='bbox 557 3360 638 3422; x_wconf 82' lang='grc' dir='ltr'><strong>είς</strong></span> <span class='ocrx_word' id='word_1_489' title='bbox 674 3357 882 3427; x_wconf 77' lang='grc' dir='ltr'>μακρὸν</span> <span class='ocrx_word' id='word_1_490' title='bbox 904 3355 1133 3409; x_wconf 77' lang='grc' dir='ltr'>ἔσονται.</span> <span class='ocrx_word' id='word_1_491' title='bbox 1163 3353 1298 3407; x_wconf 85' lang='grc' dir='ltr'>Τότε</span> <span class='ocrx_word' id='word_1_492' title='bbox 1321 3353 1603 3408; x_wconf 77' lang='grc' dir='ltr'>ἀπολεῖται</span> <span class='ocrx_word' id='word_1_493' title='bbox 1639 3356 1860 3428; x_wconf 85' lang='grc' dir='ltr'>σπέρμα</span> 
     </span>
    </p>
   </div>
   <div class='ocr_carea' id='block_1_66' title="bbox 273 3445 1856 3521">
    <p class='ocr_par' dir='ltr' id='par_1_66' title="bbox 273 3445 1856 3521">
     <span class='ocr_line' id='line_1_66' title="bbox 273 3445 1856 3521; baseline -0.001 -16"><span class='ocrx_word' id='word_1_494' title='bbox 273 3451 519 3515; x_wconf 77' lang='grc' dir='ltr'>Χαναὰν,</span> <span class='ocrx_word' id='word_1_495' title='bbox 557 3453 650 3504; x_wconf 74' lang='grc' dir='ltr'>καὶ</span> <span class='ocrx_word' id='word_1_496' title='bbox 684 3450 1100 3520; x_wconf 74' lang='grc' dir='ltr'>ἐγκατάλειμμα</span> <span class='ocrx_word' id='word_1_497' title='bbox 1133 3449 1232 3501; x_wconf 75' lang='grc' dir='ltr'>οὐκ</span> <span class='ocrx_word' id='word_1_498' title='bbox 1263 3445 1416 3498; x_wconf 79' lang='grc' dir='ltr'>ἔσται</span> <span class='ocrx_word' id='word_1_499' title='bbox 1465 3447 1544 3518; x_wconf 83' lang='grc' dir='ltr'><strong>τῷ</strong></span> <span class='ocrx_word' id='word_1_500' title='bbox 1591 3449 1856 3521; x_wconf 75' lang='grc' dir='ltr'>Ἀμαλὴκ,</span> 
     </span>
    </p>
   </div>
   <div class='ocr_carea' id='block_1_67' title="bbox 275 3543 1859 3608">
    <p class='ocr_par' dir='ltr' id='par_1_67' title="bbox 275 3543 1859 3608">
     <span class='ocr_line' id='line_1_67' title="bbox 275 3543 1859 3608; baseline -0.001 -9"><span class='ocrx_word' id='word_1_501' title='bbox 275 3547 372 3599; x_wconf 66' lang='grc' dir='ltr'>καὶ</span> <span class='ocrx_word' id='word_1_502' title='bbox 405 3543 732 3598; x_wconf 70' lang='grc' dir='ltr'>ἀπολοῦνται</span> <span class='ocrx_word' id='word_1_503' title='bbox 788 3543 988 3606; x_wconf 83' lang='grc' dir='ltr'>πάντες</span> <span class='ocrx_word' id='word_1_504' title='bbox 1033 3543 1080 3594; x_wconf 78' lang='grc' dir='ltr'>οἱ</span> <span class='ocrx_word' id='word_1_505' title='bbox 1117 3543 1500 3606; x_wconf 82' lang='grc' dir='ltr'>Καππάδοκες,</span> <span class='ocrx_word' id='word_1_506' title='bbox 1535 3543 1627 3596; x_wconf 69' lang='grc' dir='ltr'>καὶ</span> <span class='ocrx_word' id='word_1_507' title='bbox 1660 3543 1859 3608; x_wconf 84' lang='grc' dir='ltr'>πάντες</span> 
     </span>
    </p>
   </div>
   <div class='ocr_carea' id='block_1_68' title="bbox 275 3631 1856 3706">
    <p class='ocr_par' dir='ltr' id='par_1_68' title="bbox 275 3631 1856 3706">
     <span class='ocr_line' id='line_1_68' title="bbox 275 3631 1856 3706; baseline 0.001 -23"><span class='ocrx_word' id='word_1_508' title='bbox 275 3633 326 3684; x_wconf 83' lang='grc' dir='ltr'>οἱ</span> <span class='ocrx_word' id='word_1_509' title='bbox 364 3635 612 3686; x_wconf 87' lang='grc' dir='ltr'>Χετταῖοι</span> <span class='ocrx_word' id='word_1_510' title='bbox 660 3631 1218 3704; x_wconf 82' lang='grc' dir='ltr'>ἐξολοθρευθήσονται.</span> <span class='ocrx_word' id='word_1_511' title='bbox 1255 3633 1388 3686; x_wconf 87' lang='grc' dir='ltr'>Τότε</span> <span class='ocrx_word' id='word_1_512' title='bbox 1443 3633 1679 3703; x_wconf 73' lang='grc' dir='ltr'>ἐκλείψει</span> <span class='ocrx_word' id='word_1_513' title='bbox 1715 3636 1748 3706; x_wconf 84' lang='grc' dir='ltr'><strong>ή</strong></span> <span class='ocrx_word' id='word_1_514' title='bbox 1786 3635 1856 3706; x_wconf 81' lang='grc' dir='ltr'><strong>γῆ</strong></span> 
     </span>
    </p>
   </div>
   <div class='ocr_carea' id='block_1_69' title="bbox 276 3723 1858 3798">
    <p class='ocr_par' dir='ltr' id='par_1_69' title="bbox 276 3723 1858 3798">
     <span class='ocr_line' id='line_1_69' title="bbox 276 3723 1858 3798; baseline -0.001 -16"><span class='ocrx_word' id='word_1_515' title='bbox 276 3727 428 3798; x_wconf 80' lang='grc' dir='ltr'>Χὰμ,</span> <span class='ocrx_word' id='word_1_516' title='bbox 464 3728 558 3781; x_wconf 74' lang='grc' dir='ltr'>καὶ</span> <span class='ocrx_word' id='word_1_517' title='bbox 591 3727 698 3790; x_wconf 71' lang='grc' dir='ltr'><strong>πᾶς</strong></span> <span class='ocrx_word' id='word_1_518' title='bbox 745 3728 773 3780; x_wconf 88' lang='grc' dir='ltr'><strong>ό</strong></span> <span class='ocrx_word' id='word_1_519' title='bbox 804 3725 930 3788; x_wconf 76' lang='grc' dir='ltr'>λαὸς</span> <span class='ocrx_word' id='word_1_520' title='bbox 977 3723 1273 3778; x_wconf 84' lang='grc' dir='ltr'>ἀπολεῖται.</span> <span class='ocrx_word' id='word_1_521' title='bbox 1335 3724 1467 3778; x_wconf 81' lang='grc' dir='ltr'>Τότε</span> <span class='ocrx_word' id='word_1_522' title='bbox 1520 3726 1858 3781; x_wconf 79' lang='grc' dir='ltr'>καταπαύσει</span> 
     </span>
    </p>
   </div>
   <div class='ocr_carea' id='block_1_70' title="bbox 354 3861 1856 3933">
    <p class='ocr_par' dir='ltr' id='par_1_70' title="bbox 354 3861 1856 3933">
     <span class='ocr_line' id='line_1_70' title="bbox 354 3861 1856 3933; baseline 0.004 -16"><span class='ocrx_word' id='word_1_523' title='bbox 354 3862 464 3933; x_wconf 74' lang='lat'><strong>(88)</strong></span> <span class='ocrx_word' id='word_1_524' title='bbox 519 3861 693 3916; x_wconf 71' lang='grc' dir='ltr'>Ἀλλὰ</span> <span class='ocrx_word' id='word_1_525' title='bbox 726 3861 819 3933; x_wconf 72' lang='grc' dir='ltr'>καὶ</span> <span class='ocrx_word' id='word_1_526' title='bbox 841 3861 964 3933; x_wconf 57' lang='grc' dir='ltr'><strong>Δτόν</strong></span> <span class='ocrx_word' id='word_1_527' title='bbox 993 3863 1188 3915; x_wconf 72' lang='grc' dir='ltr'>ὕπνον</span> <span class='ocrx_word' id='word_1_528' title='bbox 1211 3861 1463 3931; x_wconf 60' lang='grc' dir='ltr'>ἀφαιρεῖ.</span> <span class='ocrx_word' id='word_1_529' title='bbox 1504 3862 1628 3917; x_wconf 73' lang='lat' dir='ltr'><strong>liazc</strong></span> <span class='ocrx_word' id='word_1_530' title='bbox 1655 3864 1856 3923; x_wconf 86' lang='lat' dir='ltr'><strong>omissa</strong></span> 
     </span>
    </p>
   </div>
   <div class='ocr_carea' id='block_1_71' title="bbox 281 3930 1122 3990">
    <p class='ocr_par' dir='ltr' id='par_1_71' title="bbox 281 3930 1122 3990">
     <span class='ocr_line' id='line_1_71' title="bbox 281 3930 1122 3990; baseline -0.005 0"><span class='ocrx_word' id='word_1_531' title='bbox 281 3930 409 3990; x_wconf 82' lang='lat' dir='ltr'><strong>sunt</strong></span> <span class='ocrx_word' id='word_1_532' title='bbox 453 3935 504 3986; x_wconf 89' lang='lat' dir='ltr'><strong>in</strong></span> <span class='ocrx_word' id='word_1_533' title='bbox 532 3949 633 3986; x_wconf 73' lang='lat' dir='ltr'><strong>ms.</strong></span> <span class='ocrx_word' id='word_1_534' title='bbox 673 3931 793 3985; x_wconf 84' lang='lat' dir='ltr'><strong>cod.</strong></span> <span class='ocrx_word' id='word_1_535' title='bbox 827 3930 1005 3986; x_wconf 72' lang='lat' dir='ltr'><strong>Oxon.</strong></span> <span class='ocrx_word' id='word_1_536' title='bbox 1043 3935 1122 3986; x_wconf 84' lang='lat' dir='ltr'><strong>io.</strong></span> 
     </span>
    </p>
   </div>
   <div class='ocr_carea' id='block_1_72' title="bbox 354 4003 1858 4075">
    <p class='ocr_par' dir='ltr' id='par_1_72' title="bbox 354 4003 1858 4075">
     <span class='ocr_line' id='line_1_72' title="bbox 354 4003 1858 4075; baseline 0.002 -17"><span class='ocrx_word' id='word_1_537' title='bbox 354 4005 465 4075; x_wconf 87' lang='lat'><strong>(89)</strong></span> <span class='ocrx_word' id='word_1_538' title='bbox 505 4005 730 4057; x_wconf 74' lang='grc' dir='ltr'>Ἔσται.</span> <span class='ocrx_word' id='word_1_539' title='bbox 759 4003 872 4075; x_wconf 70' lang='grc' dir='ltr'>ρῦκ</span> <span class='ocrx_word' id='word_1_540' title='bbox 893 4003 1135 4075; x_wconf 69' lang='lat' dir='ltr'><strong>additum</strong></span> <span class='ocrx_word' id='word_1_541' title='bbox 1161 4013 1262 4066; x_wconf 85' lang='lat' dir='ltr'><strong>est,</strong></span> <span class='ocrx_word' id='word_1_542' title='bbox 1293 4003 1438 4071; x_wconf 86' lang='lat' dir='ltr'><strong>quod</strong></span> <span class='ocrx_word' id='word_1_543' title='bbox 1460 4018 1683 4060; x_wconf 79' lang='lat' dir='ltr'><strong>sensum</strong></span> <span class='ocrx_word' id='word_1_544' title='bbox 1704 4021 1858 4072; x_wconf 86' lang='lat' dir='ltr'><strong>pror-</strong></span> 
     </span>
    </p>
   </div>
   <div class='ocr_carea' id='block_1_73' title="bbox 285 4073 1781 4142">
    <p class='ocr_par' dir='ltr' id='par_1_73' title="bbox 285 4073 1781 4142">
     <span class='ocr_line' id='line_1_73' title="bbox 285 4073 1781 4142; baseline -0.001 -10"><span class='ocrx_word' id='word_1_545' title='bbox 285 4073 384 4132; x_wconf 85' lang='lat' dir='ltr'><strong>sus</strong></span> <span class='ocrx_word' id='word_1_546' title='bbox 415 4075 752 4128; x_wconf 76' lang='lat' dir='ltr'><strong>contrarium</strong></span> <span class='ocrx_word' id='word_1_547' title='bbox 779 4073 928 4126; x_wconf 82' lang='lat' dir='ltr'><strong>facit.</strong></span> <span class='ocrx_word' id='word_1_548' title='bbox 966 4073 1100 4128; x_wconf 78' lang='lat' dir='ltr'><strong>Vide</strong></span> <span class='ocrx_word' id='word_1_549' title='bbox 1125 4084 1305 4128; x_wconf 83' lang='lat' dir='ltr'><strong>notam</strong></span> <span class='ocrx_word' id='word_1_550' title='bbox 1333 4086 1672 4142; x_wconf 83' lang='lat' dir='ltr'><strong>sequentem.</strong></span> <span class='ocrx_word' id='word_1_551' title='bbox 1705 4077 1781 4130; x_wconf 80' lang='lat' dir='ltr'><strong>In.</strong></span> 
     </span>
    </p>
   </div>
   <div class='ocr_carea' id='block_1_74' title="bbox 355 4145 1860 4216">
    <p class='ocr_par' dir='ltr' id='par_1_74' title="bbox 355 4145 1860 4216">
     <span class='ocr_line' id='line_1_74' title="bbox 355 4145 1860 4216; baseline -0.001 -14"><span class='ocrx_word' id='word_1_552' title='bbox 355 4147 466 4216; x_wconf 85' lang='lat'><strong>(90)</strong></span> <span class='ocrx_word' id='word_1_553' title='bbox 519 4146 614 4198; x_wconf 82' lang='grc' dir='ltr'><strong>Ἑν</strong></span> <span class='ocrx_word' id='word_1_554' title='bbox 639 4145 960 4216; x_wconf 69' lang='grc' dir='ltr'>εὐλογίαις,</span> <span class='ocrx_word' id='word_1_555' title='bbox 999 4145 1248 4216; x_wconf 88' lang='lat' dir='ltr'><strong>Dumhic</strong></span> <span class='ocrx_word' id='word_1_556' title='bbox 1273 4145 1339 4198; x_wconf 89' lang='lat' dir='ltr'><strong>de</strong></span> <span class='ocrx_word' id='word_1_557' title='bbox 1370 4146 1602 4214; x_wconf 86' lang='lat' dir='ltr'><strong>posteris</strong></span> <span class='ocrx_word' id='word_1_558' title='bbox 1645 4147 1860 4201; x_wconf 85' lang='lat' dir='ltr'><strong>Simeo-</strong></span> 
     </span>
    </p>
   </div>
   <div class='ocr_carea' id='block_1_75' title="bbox 287 4213 1857 4288">
    <p class='ocr_par' dir='ltr' id='par_1_75' title="bbox 287 4213 1857 4288">
     <span class='ocr_line' id='line_1_75' title="bbox 287 4213 1857 4288; baseline -0.001 -15"><span class='ocrx_word' id='word_1_559' title='bbox 287 4213 370 4273; x_wconf 79' lang='lat' dir='ltr'><strong>nis</strong></span> <span class='ocrx_word' id='word_1_560' title='bbox 401 4217 637 4288; x_wconf 82' lang='lat' dir='ltr'><strong>dicitur:</strong></span> <span class='ocrx_word' id='word_1_561' title='bbox 675 4213 801 4288; x_wconf 49' lang='lat' dir='ltr'><strong>Kal</strong></span> <span class='ocrx_word' id='word_1_562' title='bbox 843 4213 1054 4288; x_wconf 63' lang='grc' dir='ltr'>ἔσονται</span> <span class='ocrx_word' id='word_1_563' title='bbox 1081 4215 1374 4288; x_wconf 64' lang='grc' dir='ltr'>ὀλίγιστοι,</span> <span class='ocrx_word' id='word_1_564' title='bbox 1416 4216 1857 4288; x_wconf 70' lang='grc' dir='ltr'>ἐπιμεριζὸμενοι</span> 
     </span>
    </p>
   </div>
   <div class='ocr_carea' id='block_1_76' title="bbox 283 4285 1860 4359">
    <p class='ocr_par' dir='ltr' id='par_1_76' title="bbox 283 4285 1860 4359">
     <span class='ocr_line' id='line_1_76' title="bbox 283 4285 1860 4359; baseline 0 -17"><span class='ocrx_word' id='word_1_565' title='bbox 283 4287 441 4359; x_wconf 81' lang='grc' dir='ltr'>ἐντῷ</span> <span class='ocrx_word' id='word_1_566' title='bbox 466 4286 597 4340; x_wconf 80' lang='grc' dir='ltr'>Λευῖ</span> <span class='ocrx_word' id='word_1_567' title='bbox 622 4285 948 4359; x_wconf 33' lang='grc' dir='ltr'>καῖ-Ἰούδᾳ,</span> <span class='ocrx_word' id='word_1_568' title='bbox 985 4287 1244 4359; x_wconf 80' lang='lat' dir='ltr'><strong>alluditur</strong></span> <span class='ocrx_word' id='word_1_569' title='bbox 1291 4286 1356 4359; x_wconf 76' lang='lat' dir='ltr'><strong>at_l</strong></span> <span class='ocrx_word' id='word_1_570' title='bbox 1405 4285 1727 4342; x_wconf 81' lang='lat' dir='ltr'><strong>vaticinium</strong></span> <span class='ocrx_word' id='word_1_571' title='bbox 1765 4288 1860 4342; x_wconf 87' lang='lat' dir='ltr'><strong>Ja-</strong></span> 
     </span>
    </p>
   </div>
   <div class='ocr_carea' id='block_1_77' title="bbox 286 4356 1858 4423">
    <p class='ocr_par' dir='ltr' id='par_1_77' title="bbox 286 4356 1858 4423">
     <span class='ocr_line' id='line_1_77' title="bbox 286 4356 1858 4423; baseline -0.002 -9"><span class='ocrx_word' id='word_1_572' title='bbox 286 4356 500 4414; x_wconf 49' lang='lat' dir='ltr'><strong>cohi&#39;de</strong></span> <span class='ocrx_word' id='word_1_573' title='bbox 529 4359 669 4412; x_wconf 89' lang='lat' dir='ltr'><strong>tribu</strong></span> <span class='ocrx_word' id='word_1_574' title='bbox 706 4356 950 4413; x_wconf 86' lang='lat' dir='ltr'><strong>Simeou.</strong></span> <span class='ocrx_word' id='word_1_575' title='bbox 983 4357 1118 4412; x_wconf 79' lang='lat' dir='ltr'><strong>Gen.</strong></span> <span class='ocrx_word' id='word_1_576' title='bbox 1149 4373 1296 4420; x_wconf 65' lang='grc' dir='ltr'>χιιι,</span> <span class='ocrx_word' id='word_1_577' title='bbox 1326 4357 1392 4409; x_wconf 85' lang='lat'><strong>‘7:</strong></span> <span class='ocrx_word' id='word_1_578' title='bbox 1426 4359 1708 4423; x_wconf 69' lang='grc' dir='ltr'>Διαμε-ζριῶ</span> <span class='ocrx_word' id='word_1_579' title='bbox 1751 4362 1858 4411; x_wconf 78' lang='grc' dir='ltr'><strong>αὺ-</strong></span> 
     </span>
    </p>
   </div>
   <div class='ocr_carea' id='block_1_78' title="bbox 1964 3169 3544 3248">
    <p class='ocr_par' dir='ltr' id='par_1_78' title="bbox 1964 3169 3544 3248">
     <span class='ocr_line' id='line_1_78' title="bbox 1964 3169 3544 3248; baseline -0.006 -14"><span class='ocrx_word' id='word_1_580' title='bbox 1964 3176 2470 3248; x_wconf 89' lang='lat' dir='ltr'><strong>multiplicabuntur</strong></span> <span class='ocrx_word' id='word_1_581' title='bbox 2489 3184 2547 3229; x_wconf 91' lang='lat' dir='ltr'><strong>ut</strong></span> <span class='ocrx_word' id='word_1_582' title='bbox 2568 3173 2736 3239; x_wconf 86' lang='lat' dir='ltr'><strong>cedri,</strong></span> <span class='ocrx_word' id='word_1_583' title='bbox 2756 3170 2929 3226; x_wconf 86' lang='lat' dir='ltr'><strong>sancti</strong></span> <span class='ocrx_word' id='word_1_584' title='bbox 2949 3187 3015 3226; x_wconf 81' lang='lat' dir='ltr'><strong>ex</strong></span> <span class='ocrx_word' id='word_1_585' title='bbox 3045 3185 3134 3225; x_wconf 89' lang='lat' dir='ltr'><strong>me</strong></span> <span class='ocrx_word' id='word_1_586' title='bbox 3157 3183 3331 3238; x_wconf 84' lang='lat' dir='ltr'><strong>usque</strong></span> <span class='ocrx_word' id='word_1_587' title='bbox 3360 3169 3413 3222; x_wconf 91' lang='lat' dir='ltr'><strong>in</strong></span> <span class='ocrx_word' id='word_1_588' title='bbox 3442 3183 3544 3224; x_wconf 67' lang='lat'><strong>53&#39;-</strong></span> 
     </span>
    </p>
   </div>
   <div class='ocr_carea' id='block_1_79' title="bbox 1961 3263 3540 3336">
    <p class='ocr_par' dir='ltr' id='par_1_79' title="bbox 1961 3263 3540 3336">
     <span class='ocr_line' id='line_1_79' title="bbox 1961 3263 3540 3336; baseline -0.007 -10"><span class='ocrx_word' id='word_1_589' title='bbox 1961 3273 2166 3334; x_wconf 91' lang='lat' dir='ltr'><strong>culnm,</strong></span> <span class='ocrx_word' id='word_1_590' title='bbox 2185 3279 2239 3324; x_wconf 86' lang='lat' dir='ltr'><strong>et</strong></span> <span class='ocrx_word' id='word_1_591' title='bbox 2260 3267 2395 3324; x_wconf 85' lang='lat' dir='ltr'><strong>rami</strong></span> <span class='ocrx_word' id='word_1_592' title='bbox 2423 3283 2612 3322; x_wconf 90' lang='lat' dir='ltr'><strong>eorum</strong></span> <span class='ocrx_word' id='word_1_593' title='bbox 2639 3281 2812 3336; x_wconf 90' lang='lat' dir='ltr'><strong>usque</strong></span> <span class='ocrx_word' id='word_1_594' title='bbox 2834 3266 2888 3319; x_wconf 91' lang='lat' dir='ltr'><strong>in</strong></span> <span class='ocrx_word' id='word_1_595' title='bbox 2906 3263 3301 3334; x_wconf 78' lang='lat' dir='ltr'><strong>longitudinem</strong></span> <span class='ocrx_word' id='word_1_596' title='bbox 3325 3263 3540 3317; x_wconf 90' lang='lat' dir='ltr'><strong>dierum</strong></span> 
     </span>
    </p>
   </div>
   <div class='ocr_carea' id='block_1_80' title="bbox 1961 3353 3544 3431">
    <p class='ocr_par' dir='ltr' id='par_1_80' title="bbox 1961 3353 3544 3431">
     <span class='ocr_line' id='line_1_80' title="bbox 1961 3353 3544 3431; baseline -0.007 -12"><span class='ocrx_word' id='word_1_597' title='bbox 1961 3373 2121 3419; x_wconf 81' lang='lat' dir='ltr'><strong>erunt</strong></span> <span class='ocrx_word' id='word_1_598' title='bbox 2146 3362 2280 3431; x_wconf 72' lang='lat'><strong>(92).</strong></span> <span class='ocrx_word' id='word_1_599' title='bbox 2312 3359 2470 3414; x_wconf 87' lang='lat' dir='ltr'><strong>Tunc</strong></span> <span class='ocrx_word' id='word_1_600' title='bbox 2494 3359 2692 3428; x_wconf 89' lang='lat' dir='ltr'><strong>peribit</strong></span> <span class='ocrx_word' id='word_1_601' title='bbox 2708 3373 2896 3413; x_wconf 83' lang='lat' dir='ltr'><strong>semen</strong></span> <span class='ocrx_word' id='word_1_602' title='bbox 2944 3355 3206 3411; x_wconf 86' lang='lat' dir='ltr'><strong>Chanaan</strong></span> <span class='ocrx_word' id='word_1_603' title='bbox 3231 3397 3246 3421; x_wconf 96' lang='lat'><strong>,</strong></span> <span class='ocrx_word' id='word_1_604' title='bbox 3298 3363 3354 3409; x_wconf 88' lang='lat' dir='ltr'><strong>et</strong></span> <span class='ocrx_word' id='word_1_605' title='bbox 3400 3353 3544 3409; x_wconf 67' lang='lat' dir='ltr'><strong>resio</strong></span> 
     </span>
    </p>
   </div>
   <div class='ocr_carea' id='block_1_81' title="bbox 1960 3447 3541 3520">
    <p class='ocr_par' dir='ltr' id='par_1_81' title="bbox 1960 3447 3541 3520">
     <span class='ocr_line' id='line_1_81' title="bbox 1960 3447 3541 3520; baseline -0.006 -9"><span class='ocrx_word' id='word_1_606' title='bbox 1960 3456 2130 3511; x_wconf 90' lang='lat' dir='ltr'><strong>duum</strong></span> <span class='ocrx_word' id='word_1_607' title='bbox 2159 3470 2268 3509; x_wconf 92' lang='lat' dir='ltr'><strong>non</strong></span> <span class='ocrx_word' id='word_1_608' title='bbox 2285 3453 2390 3508; x_wconf 91' lang='lat' dir='ltr'><strong>erit</strong></span> <span class='ocrx_word' id='word_1_609' title='bbox 2411 3452 2694 3515; x_wconf 82' lang='lat' dir='ltr'><strong>Amalech,</strong></span> <span class='ocrx_word' id='word_1_610' title='bbox 2724 3460 2777 3506; x_wconf 89' lang='lat' dir='ltr'><strong>et</strong></span> <span class='ocrx_word' id='word_1_611' title='bbox 2805 3450 3061 3520; x_wconf 89' lang='lat' dir='ltr'><strong>peribunt</strong></span> <span class='ocrx_word' id='word_1_612' title='bbox 3089 3464 3284 3505; x_wconf 89' lang='lat' dir='ltr'><strong>omnes</strong></span> <span class='ocrx_word' id='word_1_613' title='bbox 3319 3447 3541 3518; x_wconf 77' lang='lat' dir='ltr'><strong>Cappa-</strong></span> 
     </span>
    </p>
   </div>
   <div class='ocr_carea' id='block_1_82' title="bbox 1961 3539 3542 3612">
    <p class='ocr_par' dir='ltr' id='par_1_82' title="bbox 1961 3539 3542 3612">
     <span class='ocr_line' id='line_1_82' title="bbox 1961 3539 3542 3612; baseline -0.006 -9"><span class='ocrx_word' id='word_1_614' title='bbox 1961 3549 2149 3612; x_wconf 90' lang='lat' dir='ltr'><strong>doces,</strong></span> <span class='ocrx_word' id='word_1_615' title='bbox 2179 3554 2234 3600; x_wconf 86' lang='lat' dir='ltr'><strong>et</strong></span> <span class='ocrx_word' id='word_1_616' title='bbox 2259 3559 2451 3599; x_wconf 88' lang='lat' dir='ltr'><strong>omnes</strong></span> <span class='ocrx_word' id='word_1_617' title='bbox 2489 3543 2692 3597; x_wconf 62' lang='lat' dir='ltr'><strong>Cetliaii</strong></span> <span class='ocrx_word' id='word_1_618' title='bbox 2746 3542 3064 3611; x_wconf 78' lang='lat' dir='ltr'><strong>pet-dentur.</strong></span> <span class='ocrx_word' id='word_1_619' title='bbox 3114 3539 3272 3594; x_wconf 86' lang='lat' dir='ltr'><strong>Tunc</strong></span> <span class='ocrx_word' id='word_1_620' title='bbox 3324 3539 3542 3594; x_wconf 87' lang='lat' dir='ltr'><strong>deficiet</strong></span> 
     </span>
    </p>
   </div>
   <div class='ocr_carea' id='block_1_83' title="bbox 1961 3630 3544 3702">
    <p class='ocr_par' dir='ltr' id='par_1_83' title="bbox 1961 3630 3544 3702">
     <span class='ocr_line' id='line_1_83' title="bbox 1961 3630 3544 3702; baseline -0.008 -9"><span class='ocrx_word' id='word_1_621' title='bbox 1961 3635 2322 3698; x_wconf 73' lang='lat' dir='ltr'><strong>terra-Citam,</strong></span> <span class='ocrx_word' id='word_1_622' title='bbox 2351 3643 2406 3689; x_wconf 90' lang='lat' dir='ltr'><strong>et</strong></span> <span class='ocrx_word' id='word_1_623' title='bbox 2429 3633 2610 3687; x_wconf 87' lang='lat' dir='ltr'><strong>omnis</strong></span> <span class='ocrx_word' id='word_1_624' title='bbox 2634 3633 2868 3702; x_wconf 91' lang='lat' dir='ltr'><strong>populus</strong></span> <span class='ocrx_word' id='word_1_625' title='bbox 2898 3631 3117 3701; x_wconf 88' lang='lat' dir='ltr'><strong>peribit.</strong></span> <span class='ocrx_word' id='word_1_626' title='bbox 3145 3630 3301 3685; x_wconf 85' lang='lat' dir='ltr'><strong>Tunc</strong></span> <span class='ocrx_word' id='word_1_627' title='bbox 3331 3631 3544 3699; x_wconf 85' lang='lat' dir='ltr'><strong>requie-</strong></span> 
     </span>
    </p>
   </div>
   <div class='ocr_carea' id='block_1_84' title="bbox 1961 3723 3540 3796">
    <p class='ocr_par' dir='ltr' id='par_1_84' title="bbox 1961 3723 3540 3796">
     <span class='ocr_line' id='line_1_84' title="bbox 1961 3723 3540 3796; baseline -0.005 -11"><span class='ocrx_word' id='word_1_628' title='bbox 1961 3738 2074 3785; x_wconf 87' lang='lat' dir='ltr'><strong>scet</strong></span> <span class='ocrx_word' id='word_1_629' title='bbox 2107 3727 2287 3783; x_wconf 89' lang='lat' dir='ltr'><strong>omnis</strong></span> <span class='ocrx_word' id='word_1_630' title='bbox 2321 3740 2464 3782; x_wconf 86' lang='lat' dir='ltr'><strong>terra</strong></span> <span class='ocrx_word' id='word_1_631' title='bbox 2489 3741 2520 3778; x_wconf 86' lang='lat' dir='ltr'><strong>a</strong></span> <span class='ocrx_word' id='word_1_632' title='bbox 2549 3724 2979 3796; x_wconf 84' lang='lat' dir='ltr'><strong>perturbatione,</strong></span> <span class='ocrx_word' id='word_1_633' title='bbox 3001 3733 3055 3779; x_wconf 92' lang='lat' dir='ltr'><strong>et</strong></span> <span class='ocrx_word' id='word_1_634' title='bbox 3081 3725 3263 3778; x_wconf 90' lang='lat' dir='ltr'><strong>omnis</strong></span> <span class='ocrx_word' id='word_1_635' title='bbox 3288 3739 3410 3793; x_wconf 83' lang='lat' dir='ltr'><strong>quae</strong></span> <span class='ocrx_word' id='word_1_636' title='bbox 3437 3723 3540 3778; x_wconf 86' lang='lat' dir='ltr'><strong>sub</strong></span> 
     </span>
    </p>
   </div>
   <div class='ocr_carea' id='block_1_85' title="bbox 1960 3857 3540 3944">
    <p class='ocr_par' dir='ltr' id='par_1_85' title="bbox 1960 3857 3540 3944">
     <span class='ocr_line' id='line_1_85' title="bbox 1960 3857 3540 3944; baseline -0.001 -27"><span class='ocrx_word' id='word_1_637' title='bbox 1960 3861 2172 3944; x_wconf 57' lang='lat' dir='ltr'><strong>giensis</strong></span> <span class='ocrx_word' id='word_1_638' title='bbox 2197 3868 2252 3914; x_wconf 92' lang='lat' dir='ltr'><strong>et</strong></span> <span class='ocrx_word' id='word_1_639' title='bbox 2310 3857 2534 3944; x_wconf 46' lang='lat' dir='ltr'><strong>Bo‘berti</strong></span> <span class='ocrx_word' id='word_1_640' title='bbox 2587 3857 2990 3944; x_wconf 28' lang='lat' dir='ltr'><strong>Lincolniennsis</strong></span> <span class='ocrx_word' id='word_1_641' title='bbox 3051 3857 3540 3944; x_wconf 40' lang='lat' dir='ltr'><strong>praeferrenellet,</strong></span> 
     </span>
    </p>
   </div>
   <div class='ocr_carea' id='block_1_86' title="bbox 1950 3930 3539 4003">
    <p class='ocr_par' dir='ltr' id='par_1_86' title="bbox 1950 3930 3539 4003">
     <span class='ocr_line' id='line_1_86' title="bbox 1950 3930 3539 4003; baseline 0 -17"><span class='ocrx_word' id='word_1_642' title='bbox 1950 3930 2312 4003; x_wconf 12' lang='lat' dir='ltr'><strong>ffuxtaiquam</strong></span> <span class='ocrx_word' id='word_1_643' title='bbox 2375 3930 2602 4003; x_wconf 80' lang='lat' dir='ltr'><strong>Simeon</strong></span> <span class='ocrx_word' id='word_1_644' title='bbox 2657 3930 2975 3993; x_wconf 87' lang='lat' dir='ltr'><strong>aflirmavit,</strong></span> <span class='ocrx_word' id='word_1_645' title='bbox 3009 3945 3075 3984; x_wconf 76' lang='lat' dir='ltr'><strong>ex</strong></span> <span class='ocrx_word' id='word_1_646' title='bbox 3129 3932 3378 4003; x_wconf 75' lang='lat' dir='ltr'><strong>posteris</strong></span> <span class='ocrx_word' id='word_1_647' title='bbox 3416 3933 3539 4001; x_wconf 87' lang='lat' dir='ltr'><strong>ejus</strong></span> 
     </span>
    </p>
   </div>
   <div class='ocr_carea' id='block_1_87' title="bbox 1961 4001 3544 4071">
    <p class='ocr_par' dir='ltr' id='par_1_87' title="bbox 1961 4001 3544 4071">
     <span class='ocr_line' id='line_1_87' title="bbox 1961 4001 3544 4071; baseline -0.001 -14"><span class='ocrx_word' id='word_1_648' title='bbox 1961 4001 2078 4058; x_wconf 87' lang='lat' dir='ltr'><strong>fore</strong></span> <span class='ocrx_word' id='word_1_649' title='bbox 2111 4002 2306 4055; x_wconf 79' lang='lat' dir='ltr'><strong>ducem</strong></span> <span class='ocrx_word' id='word_1_650' title='bbox 2335 4018 2349 4065; x_wconf 93' lang='lat'><strong>;</strong></span> <span class='ocrx_word' id='word_1_651' title='bbox 2387 4016 2564 4071; x_wconf 86' lang='lat' dir='ltr'><strong>neque</strong></span> <span class='ocrx_word' id='word_1_652' title='bbox 2591 4001 2739 4054; x_wconf 89' lang='lat' dir='ltr'><strong>hunc</strong></span> <span class='ocrx_word' id='word_1_653' title='bbox 2767 4016 2989 4055; x_wconf 87' lang='lat' dir='ltr'><strong>sensum</strong></span> <span class='ocrx_word' id='word_1_654' title='bbox 3020 4018 3084 4054; x_wconf 85' lang='lat' dir='ltr'><strong>ex</strong></span> <span class='ocrx_word' id='word_1_655' title='bbox 3110 4001 3322 4058; x_wconf 89' lang='lat' dir='ltr'><strong>ultimis</strong></span> <span class='ocrx_word' id='word_1_656' title='bbox 3352 4002 3544 4058; x_wconf 82' lang='lat' dir='ltr'><strong>Jacobi</strong></span> 
     </span>
    </p>
   </div>
   <div class='ocr_carea' id='block_1_88' title="bbox 1958 4071 3544 4143">
    <p class='ocr_par' dir='ltr' id='par_1_88' title="bbox 1958 4071 3544 4143">
     <span class='ocr_line' id='line_1_88' title="bbox 1958 4071 3544 4143; baseline 0 -15"><span class='ocrx_word' id='word_1_657' title='bbox 1958 4074 2164 4135; x_wconf 80' lang='lat' dir='ltr'><strong>verbis,</strong></span> <span class='ocrx_word' id='word_1_658' title='bbox 2200 4071 2495 4143; x_wconf 29' lang='lat' dir='ltr'><strong>Gentxux</strong></span> <span class='ocrx_word' id='word_1_659' title='bbox 2522 4112 2538 4136; x_wconf 96' lang='lat'><strong>,</strong></span> <span class='ocrx_word' id='word_1_660' title='bbox 2560 4142 2565 4143; x_wconf 14' lang='grc' dir='ltr'><em>γ</em></span> <span class='ocrx_word' id='word_1_661' title='bbox 2590 4072 2808 4143; x_wconf 63' lang='lat' dir='ltr'><strong>elicere,</strong></span> <span class='ocrx_word' id='word_1_662' title='bbox 2840 4086 2940 4125; x_wconf 90' lang='lat' dir='ltr'><strong>nec</strong></span> <span class='ocrx_word' id='word_1_663' title='bbox 2974 4071 3133 4143; x_wconf 83' lang='lat' dir='ltr'><strong>facile</strong></span> <span class='ocrx_word' id='word_1_664' title='bbox 3160 4087 3286 4126; x_wconf 84' lang='lat' dir='ltr'><strong>cum</strong></span> <span class='ocrx_word' id='word_1_665' title='bbox 3341 4090 3544 4143; x_wconf 66' lang='lat' dir='ltr'><strong>praece-</strong></span> 
     </span>
    </p>
   </div>
   <div class='ocr_carea' id='block_1_89' title="bbox 1959 4139 3545 4266">
    <p class='ocr_par' dir='ltr' id='par_1_89' title="bbox 1959 4139 3545 4266">
     <span class='ocr_line' id='line_1_89' title="bbox 1959 4139 3545 4266; baseline -0.001 -67"><span class='ocrx_word' id='word_1_666' title='bbox 1959 4143 2293 4266; x_wconf 70' lang='lat' dir='ltr'><strong>dentibuslin</strong></span> <span class='ocrx_word' id='word_1_667' title='bbox 2330 4140 2604 4197; x_wconf 84' lang='lat' dir='ltr'><strong>Simeonis</strong></span> <span class='ocrx_word' id='word_1_668' title='bbox 2631 4139 2983 4199; x_wconf 87' lang='lat' dir='ltr'><strong>Testamento</strong></span> <span class='ocrx_word' id='word_1_669' title='bbox 3026 4142 3207 4198; x_wconf 85' lang='lat' dir='ltr'><strong>verbis</strong></span> <span class='ocrx_word' id='word_1_670' title='bbox 3251 4139 3545 4199; x_wconf 84' lang='lat' dir='ltr'><strong>conciliare</strong></span> 
     </span>
     <span class='ocr_line' id='line_1_90' title="bbox 1964 4225 2296 4266; baseline 0 0"><span class='ocrx_word' id='word_1_671' title='bbox 1964 4225 2181 4266; x_wconf 75' lang='grc' dir='ltr'><strong>υΟίΘΙῚι.</strong></span> <span class='ocrx_word' id='word_1_672' title='bbox 2244 4230 2296 4266; x_wconf 83' lang='grc' dir='ltr'><strong>Ι).</strong></span> 
     </span>
    </p>
   </div>
   <div class='ocr_carea' id='block_1_90' title="bbox 1962 4225 3543 4358">
    <p class='ocr_par' dir='ltr' id='par_1_90' title="bbox 1962 4225 3543 4358">
     <span class='ocr_line' id='line_1_91' title="bbox 1962 4225 3543 4358; baseline 0.003 -20"><span class='ocrx_word' id='word_1_673' title='bbox 1962 4225 2296 4358; x_wconf 35' lang='grc' dir='ltr'><strong>Ροέξῧιλὲζ</strong></span> <span class='ocrx_word' id='word_1_674' title='bbox 2307 4283 2492 4354; x_wconf 76' lang='grc' dir='ltr'>ῥόδον</span> <span class='ocrx_word' id='word_1_675' title='bbox 2522 4283 2868 4358; x_wconf 20' lang='grc' dir='ltr'>ἀκθῄ-σειλτὰ</span> <span class='ocrx_word' id='word_1_676' title='bbox 2894 4285 3064 4350; x_wconf 80' lang='grc' dir='ltr'>ὀστᾶ,</span> <span class='ocrx_word' id='word_1_677' title='bbox 3095 4307 3148 4342; x_wconf 90' lang='grc' dir='ltr'>κ.</span> <span class='ocrx_word' id='word_1_678' title='bbox 3176 4308 3227 4342; x_wconf 87' lang='grc' dir='ltr'>τ.</span> <span class='ocrx_word' id='word_1_679' title='bbox 3256 4289 3306 4342; x_wconf 87' lang='grc' dir='ltr'>λ.</span> <span class='ocrx_word' id='word_1_680' title='bbox 3353 4289 3543 4358; x_wconf 71' lang='lat' dir='ltr'><strong>Hospi-</strong></span> 
     </span>
    </p>
   </div>
   <div class='ocr_carea' id='block_1_91' title="bbox 1960 4353 3545 4419">
    <p class='ocr_par' dir='ltr' id='par_1_91' title="bbox 1960 4353 3545 4419">
     <span class='ocr_line' id='line_1_92' title="bbox 1960 4353 3545 4419; baseline 0.003 -9"><span class='ocrx_word' id='word_1_681' title='bbox 1960 4353 2300 4411; x_wconf 52' lang='lat' dir='ltr'><strong>cit&#39;fo&#39;rtasse</strong></span> <span class='ocrx_word' id='word_1_682' title='bbox 2327 4364 2522 4410; x_wconf 86' lang='lat' dir='ltr'><strong>auctor</strong></span> <span class='ocrx_word' id='word_1_683' title='bbox 2543 4354 2608 4408; x_wconf 90' lang='lat' dir='ltr'><strong>ad</strong></span> <span class='ocrx_word' id='word_1_684' title='bbox 2647 4353 2814 4408; x_wconf 76' lang='lat' dir='ltr'><strong>Edeli.</strong></span> <span class='ocrx_word' id='word_1_685' title='bbox 2836 4375 2982 4419; x_wconf 73' lang='lat' dir='ltr'><strong>xui,</strong></span> <span class='ocrx_word' id='word_1_686' title='bbox 3017 4359 3114 4414; x_wconf 78' lang='lat' dir='ltr'><strong>H:</strong></span> <span class='ocrx_word' id='word_1_687' title='bbox 3159 4361 3234 4413; x_wconf 83' lang='grc' dir='ltr'><em>Τὰ</em></span> <span class='ocrx_word' id='word_1_688' title='bbox 3257 4359 3409 4414; x_wconf 82' lang='grc' dir='ltr'>ὀστᾶ</span> <span class='ocrx_word' id='word_1_689' title='bbox 3438 4353 3545 4414; x_wconf 77' lang='grc' dir='ltr'><strong><em>ἀύ-</em></strong></span> 
     </span>
    </p>
   </div>
   <div class='ocr_carea' id='block_1_92' title="bbox 286 4425 3542 4521">
    <p class='ocr_par' dir='ltr' id='par_1_92' title="bbox 286 4425 3542 4521">
     <span class='ocr_line' id='line_1_93' title="bbox 286 4425 3542 4521; baseline -0.001 -36"><span class='ocrx_word' id='word_1_690' title='bbox 286 4430 524 4521; x_wconf 42' lang='grc' dir='ltr'><strong>ςὶοὺςβν</strong></span> <span class='ocrx_word' id='word_1_691' title='bbox 567 4426 782 4521; x_wconf 67' lang='grc' dir='ltr'>Ζακὼϐ,</span> <span class='ocrx_word' id='word_1_692' title='bbox 810 4426 905 4480; x_wconf 76' lang='grc' dir='ltr'>καὶ</span> <span class='ocrx_word' id='word_1_693' title='bbox 933 4427 1233 4521; x_wconf 61' lang='lat' dir='ltr'><strong>(illac-napo&quot;)</strong></span> <span class='ocrx_word' id='word_1_694' title='bbox 1253 4427 1474 4493; x_wconf 81' lang='grc' dir='ltr'>αὐτοὺς</span> <span class='ocrx_word' id='word_1_695' title='bbox 1494 4428 1580 4521; x_wconf 76' lang='grc' dir='ltr'><strong>ἐν1</strong></span> <span class='ocrx_word' id='word_1_696' title='bbox 1598 4428 1852 4498; x_wconf 80' lang='grc' dir='ltr'>Ἰσραήλ.</span> <span class='ocrx_word' id='word_1_697' title='bbox 1890 4466 1935 4521; x_wconf 76' lang='lat' dir='ltr'><strong>D</strong></span> <span class='ocrx_word' id='word_1_698' title='bbox 1962 4427 2080 4521; x_wconf 64' lang='grc' dir='ltr'>τῶν</span> <span class='ocrx_word' id='word_1_699' title='bbox 2113 4425 2402 4521; x_wconf 48' lang='grc' dir='ltr'>ἁναθάῖιοι</span> <span class='ocrx_word' id='word_1_700' title='bbox 2434 4425 2636 4521; x_wconf 44' lang='grc' dir='ltr'>ξικιτοῦ</span> <span class='ocrx_word' id='word_1_701' title='bbox 2653 4427 2858 4521; x_wconf 47' lang='grc' dir='ltr'>Δτόξτου</span> <span class='ocrx_word' id='word_1_702' title='bbox 2905 4429 3100 4484; x_wconf 79' lang='grc' dir='ltr'>αὐτῶν</span> <span class='ocrx_word' id='word_1_703' title='bbox 3121 4451 3140 4484; x_wconf 90' lang='grc'><strong>.·</strong></span> <span class='ocrx_word' id='word_1_704' title='bbox 3173 4431 3309 4486; x_wconf 70' lang='lat' dir='ltr'><strong>Ossa</strong></span> <span class='ocrx_word' id='word_1_705' title='bbox 3362 4445 3542 4484; x_wconf 82' lang='lat' dir='ltr'><strong>eorum</strong></span> 
     </span>
     <span class='ocr_line' id='line_1_94' title="bbox 341 4499 3542 4521; baseline 0 0"><span class='ocrx_word' id='word_1_706' title='bbox 341 4517 400 4521; x_wconf 36' lang='grc' dir='ltr'><strong>α-</strong></span> <span class='ocrx_word' id='word_1_707' title='bbox 480 4501 526 4521; x_wconf 72' lang='grc'><strong>2-</strong></span> <span class='ocrx_word' id='word_1_708' title='bbox 611 4499 817 4521; x_wconf 61' lang='grc' dir='ltr'><strong>2..-..--Α</strong></span> <span class='ocrx_word' id='word_1_709' title='bbox 841 4499 946 4521; x_wconf 68' lang='lat'><strong>2...-..</strong></span> <span class='ocrx_word' id='word_1_710' title='bbox 979 4507 1117 4521; x_wconf 67' lang='lat' dir='ltr'><strong>-n-._.</strong></span> <span class='ocrx_word' id='word_1_711' title='bbox 1155 4513 1269 4521; x_wconf 60' lang='grc' dir='ltr'><strong>Α---</strong></span> <span class='ocrx_word' id='word_1_712' title='bbox 1296 4507 1436 4521; x_wconf 57' lang='grc' dir='ltr'><strong>..ηιλ-</strong></span> <span class='ocrx_word' id='word_1_713' title='bbox 1469 4515 1524 4521; x_wconf 51' lang='grc' dir='ltr'><strong>Α-.</strong></span> <span class='ocrx_word' id='word_1_714' title='bbox 1593 4516 1682 4521; x_wconf 49' lang='grc' dir='ltr'><strong>Αᾼ--</strong></span> <span class='ocrx_word' id='word_1_715' title='bbox 1707 4518 1715 4521; x_wconf 65' lang='lat'>.</span> <span class='ocrx_word' id='word_1_716' title='bbox 1741 4517 1829 4521; x_wconf 58' lang='grc' dir='ltr'><strong>μ-..</strong></span> <span class='ocrx_word' id='word_1_717' title='bbox 2010 4499 2281 4521; x_wconf 60' lang='grc' dir='ltr'><strong>2--..ιλ-......</strong></span> <span class='ocrx_word' id='word_1_718' title='bbox 2361 4514 2426 4521; x_wconf 64' lang='grc' dir='ltr'><strong>μ-.</strong></span> <span class='ocrx_word' id='word_1_719' title='bbox 2480 4515 2507 4521; x_wconf 88' lang='grc'><strong>-.</strong></span> <span class='ocrx_word' id='word_1_720' title='bbox 2547 4507 2618 4521; x_wconf 72' lang='grc' dir='ltr'><strong>---ι</strong></span> <span class='ocrx_word' id='word_1_721' title='bbox 2691 4513 2710 4521; x_wconf 60' lang='grc' dir='ltr'><strong><em>Α</em></strong></span> <span class='ocrx_word' id='word_1_722' title='bbox 2766 4515 2848 4521; x_wconf 58' lang='grc' dir='ltr'><strong>Α--</strong></span> <span class='ocrx_word' id='word_1_723' title='bbox 2887 4518 2969 4521; x_wconf 37' lang='grc' dir='ltr'><strong>-Α.-</strong></span> <span class='ocrx_word' id='word_1_724' title='bbox 3036 4500 3136 4521; x_wconf 66' lang='lat' dir='ltr'><strong>ITLE</strong></span> <span class='ocrx_word' id='word_1_725' title='bbox 3185 4503 3262 4521; x_wconf 33' lang='lat' dir='ltr'><strong>__!,A</strong></span> <span class='ocrx_word' id='word_1_726' title='bbox 3298 4516 3542 4521; x_wconf 30' lang='lat' dir='ltr'><strong>L__;_-_____</strong></span> 
     </span>
    </p>
   </div>
   <div class='ocr_carea' id='block_1_93' title="bbox 287 4498 1855 4568">
    <p class='ocr_par' dir='ltr' id='par_1_93' title="bbox 287 4498 1855 4568">
     <span class='ocr_line' id='line_1_95' title="bbox 287 4498 1855 4568; baseline -0.001 -12"><span class='ocrx_word' id='word_1_727' title='bbox 287 4501 443 4568; x_wconf 81' lang='lat' dir='ltr'><strong>Quod</strong></span> <span class='ocrx_word' id='word_1_728' title='bbox 480 4501 532 4552; x_wconf 87' lang='lat' dir='ltr'><strong>in</strong></span> <span class='ocrx_word' id='word_1_729' title='bbox 567 4499 822 4554; x_wconf 83' lang='lat' dir='ltr'><strong>Simeone</strong></span> <span class='ocrx_word' id='word_1_730' title='bbox 841 4499 1121 4565; x_wconf 88' lang='lat' dir='ltr'><strong>impletum</strong></span> <span class='ocrx_word' id='word_1_731' title='bbox 1151 4513 1271 4553; x_wconf 87' lang='lat' dir='ltr'><strong>esse</strong></span> <span class='ocrx_word' id='word_1_732' title='bbox 1296 4507 1441 4566; x_wconf 87' lang='lat' dir='ltr'><strong>patet</strong></span> <span class='ocrx_word' id='word_1_733' title='bbox 1463 4515 1528 4554; x_wconf 76' lang='lat' dir='ltr'><strong>ex</strong></span> <span class='ocrx_word' id='word_1_734' title='bbox 1552 4498 1718 4555; x_wconf 86' lang='lat' dir='ltr'><strong>Josue</strong></span> <span class='ocrx_word' id='word_1_735' title='bbox 1741 4517 1855 4564; x_wconf 62' lang='lat' dir='ltr'><strong>xix,</strong></span> 
     </span>
    </p>
   </div>
   <div class='ocr_carea' id='block_1_94' title="bbox 287 4568 1862 4638">
    <p class='ocr_par' dir='ltr' id='par_1_94' title="bbox 287 4568 1862 4638">
     <span class='ocr_line' id='line_1_96' title="bbox 287 4568 1862 4638; baseline 0.001 -15"><span class='ocrx_word' id='word_1_736' title='bbox 287 4575 384 4626; x_wconf 77' lang='lat' dir='ltr'><strong>et!</strong></span> <span class='ocrx_word' id='word_1_737' title='bbox 421 4570 657 4638; x_wconf 74' lang='lat' dir='ltr'><strong>Paralip;</strong></span> <span class='ocrx_word' id='word_1_738' title='bbox 699 4585 772 4623; x_wconf 86' lang='lat' dir='ltr'><strong>Iv.</strong></span> <span class='ocrx_word' id='word_1_739' title='bbox 801 4568 1096 4637; x_wconf 83' lang='lat' dir='ltr'><strong>Sequentia</strong></span> <span class='ocrx_word' id='word_1_740' title='bbox 1147 4571 1290 4637; x_wconf 90' lang='lat' dir='ltr'><strong>quod</strong></span> <span class='ocrx_word' id='word_1_741' title='bbox 1335 4570 1563 4624; x_wconf 81' lang='lat' dir='ltr'><strong>attinet:</strong></span> <span class='ocrx_word' id='word_1_742' title='bbox 1610 4571 1718 4623; x_wconf 76' lang='lat' dir='ltr'><strong>Kal</strong></span> <span class='ocrx_word' id='word_1_743' title='bbox 1761 4571 1862 4625; x_wconf 76' lang='grc' dir='ltr'>οὐκ</span> 
     </span>
    </p>
   </div>
   <div class='ocr_carea' id='block_1_95' title="bbox 289 4639 1864 4711">
    <p class='ocr_par' dir='ltr' id='par_1_95' title="bbox 289 4639 1864 4711">
     <span class='ocr_line' id='line_1_97' title="bbox 289 4639 1864 4711; baseline -0.001 -15"><span class='ocrx_word' id='word_1_744' title='bbox 289 4643 440 4696; x_wconf 78' lang='grc' dir='ltr'>ἔσται</span> <span class='ocrx_word' id='word_1_745' title='bbox 463 4643 520 4708; x_wconf 82' lang='grc' dir='ltr'>ἐξ</span> <span class='ocrx_word' id='word_1_746' title='bbox 554 4641 707 4711; x_wconf 84' lang='grc' dir='ltr'>ὑμῶν</span> <span class='ocrx_word' id='word_1_747' title='bbox 733 4642 812 4703; x_wconf 82' lang='grc' dir='ltr'>εἰς</span> <span class='ocrx_word' id='word_1_748' title='bbox 834 4641 1133 4711; x_wconf 67' lang='grc' dir='ltr'>ἡγεμονίαν</span> <span class='ocrx_word' id='word_1_749' title='bbox 1150 4640 1248 4711; x_wconf 92' lang='lat' dir='ltr'><strong>(uti</strong></span> <span class='ocrx_word' id='word_1_750' title='bbox 1277 4650 1421 4694; x_wconf 90' lang='lat' dir='ltr'><strong>recte</strong></span> <span class='ocrx_word' id='word_1_751' title='bbox 1447 4641 1500 4693; x_wconf 90' lang='lat' dir='ltr'><strong>in</strong></span> <span class='ocrx_word' id='word_1_752' title='bbox 1521 4641 1708 4695; x_wconf 89' lang='lat' dir='ltr'><strong>codice</strong></span> <span class='ocrx_word' id='word_1_753' title='bbox 1724 4639 1864 4711; x_wconf 59' lang='lat' dir='ltr'><strong>Orto-</strong></span> 
     </span>
    </p>
   </div>
   <div class='ocr_carea' id='block_1_96' title="bbox 290 4709 1863 4780">
    <p class='ocr_par' dir='ltr' id='par_1_96' title="bbox 290 4709 1863 4780">
     <span class='ocr_line' id='line_1_98' title="bbox 290 4709 1863 4780; baseline -0.002 -13"><span class='ocrx_word' id='word_1_754' title='bbox 290 4715 465 4768; x_wconf 85' lang='lat' dir='ltr'><strong>niensi</strong></span> <span class='ocrx_word' id='word_1_755' title='bbox 495 4709 733 4780; x_wconf 69' lang='lat' dir='ltr'><strong>legitur),</strong></span> <span class='ocrx_word' id='word_1_756' title='bbox 766 4709 1040 4765; x_wconf 71' lang='lat' dir='ltr'><strong>difficilius</strong></span> <span class='ocrx_word' id='word_1_757' title='bbox 1063 4709 1498 4778; x_wconf 85' lang='lat' dir='ltr'><strong>estconjectare,</strong></span> <span class='ocrx_word' id='word_1_758' title='bbox 1532 4712 1733 4778; x_wconf 89' lang='lat' dir='ltr'><strong>quibus</strong></span> <span class='ocrx_word' id='word_1_759' title='bbox 1765 4710 1863 4764; x_wconf 80' lang='lat' dir='ltr'><strong>Ja-</strong></span> 
     </span>
    </p>
   </div>
   <div class='ocr_carea' id='block_1_97' title="bbox 290 4780 1864 4839">
    <p class='ocr_par' dir='ltr' id='par_1_97' title="bbox 290 4780 1864 4839">
     <span class='ocr_line' id='line_1_99' title="bbox 290 4780 1864 4839; baseline -0.003 0"><span class='ocrx_word' id='word_1_760' title='bbox 290 4784 411 4839; x_wconf 88' lang='lat' dir='ltr'><strong>cobi</strong></span> <span class='ocrx_word' id='word_1_761' title='bbox 441 4783 620 4837; x_wconf 88' lang='lat' dir='ltr'><strong>verbis</strong></span> <span class='ocrx_word' id='word_1_762' title='bbox 648 4783 747 4836; x_wconf 84' lang='lat' dir='ltr'><strong>ista</strong></span> <span class='ocrx_word' id='word_1_763' title='bbox 778 4782 1118 4835; x_wconf 88' lang='lat' dir='ltr'><strong>intimentur.</strong></span> <span class='ocrx_word' id='word_1_764' title='bbox 1158 4780 1401 4835; x_wconf 83' lang='lat' dir='ltr'><strong>Dicerem</strong></span> <span class='ocrx_word' id='word_1_765' title='bbox 1444 4791 1724 4836; x_wconf 89' lang='lat' dir='ltr'><strong>auctorem</strong></span> <span class='ocrx_word' id='word_1_766' title='bbox 1777 4799 1864 4836; x_wconf 89' lang='lat' dir='ltr'><strong>re-</strong></span> 
     </span>
    </p>
   </div>
   <div class='ocr_carea' id='block_1_98' title="bbox 292 4851 1862 4925">
    <p class='ocr_par' dir='ltr' id='par_1_98' title="bbox 292 4851 1862 4925">
     <span class='ocr_line' id='line_1_100' title="bbox 292 4851 1862 4925; baseline -0.004 -15"><span class='ocrx_word' id='word_1_767' title='bbox 292 4856 538 4925; x_wconf 78' lang='lat' dir='ltr'><strong>spexisse</strong></span> <span class='ocrx_word' id='word_1_768' title='bbox 577 4855 694 4908; x_wconf 55' lang='lat' dir='ltr'><strong>haec</strong></span> <span class='ocrx_word' id='word_1_769' title='bbox 729 4851 919 4925; x_wconf 86' lang='lat' dir='ltr'><strong>Jacobi</strong></span> <span class='ocrx_word' id='word_1_770' title='bbox 940 4854 1103 4925; x_wconf 79' lang='lat' dir='ltr'><strong>verba</strong></span> <span class='ocrx_word' id='word_1_771' title='bbox 1133 4871 1144 4905; x_wconf 90' lang='lat'>:</span> <span class='ocrx_word' id='word_1_772' title='bbox 1173 4851 1357 4925; x_wconf 5' lang='grc' dir='ltr'><strong>,ϐωιηί</strong></span> <span class='ocrx_word' id='word_1_773' title='bbox 1397 4868 1576 4905; x_wconf 85' lang='lat' dir='ltr'><strong>eorum</strong></span> <span class='ocrx_word' id='word_1_774' title='bbox 1603 4869 1703 4904; x_wconf 83' lang='lat' dir='ltr'><strong>non</strong></span> <span class='ocrx_word' id='word_1_775' title='bbox 1731 4853 1862 4925; x_wconf 80' lang='lat' dir='ltr'><strong>jun-</strong></span> 
     </span>
    </p>
   </div>
   <div class='ocr_carea' id='block_1_99' title="bbox 291 4922 1864 4995">
    <p class='ocr_par' dir='ltr' id='par_1_99' title="bbox 291 4922 1864 4995">
     <span class='ocr_line' id='line_1_101' title="bbox 291 4922 1864 4995; baseline -0.002 -16"><span class='ocrx_word' id='word_1_776' title='bbox 291 4922 449 4995; x_wconf 72' lang='lat' dir='ltr'><strong>gatur</strong></span> <span class='ocrx_word' id='word_1_777' title='bbox 477 4925 648 4994; x_wconf 80' lang='lat' dir='ltr'><strong>gloria</strong></span> <span class='ocrx_word' id='word_1_778' title='bbox 678 4940 811 4995; x_wconf 76' lang='lat' dir='ltr'><strong>mea,</strong></span> <span class='ocrx_word' id='word_1_779' title='bbox 852 4923 903 4976; x_wconf 90' lang='lat' dir='ltr'><strong>id</strong></span> <span class='ocrx_word' id='word_1_780' title='bbox 927 4933 1012 4995; x_wconf 87' lang='lat' dir='ltr'><strong>est</strong></span> <span class='ocrx_word' id='word_1_781' title='bbox 1032 4922 1084 4975; x_wconf 92' lang='lat' dir='ltr'><strong>in</strong></span> <span class='ocrx_word' id='word_1_782' title='bbox 1117 4924 1258 4976; x_wconf 86' lang='lat' dir='ltr'><strong>tribu</strong></span> <span class='ocrx_word' id='word_1_783' title='bbox 1296 4937 1486 4976; x_wconf 86' lang='lat' dir='ltr'><strong>eorum</strong></span> <span class='ocrx_word' id='word_1_784' title='bbox 1521 4938 1628 4995; x_wconf 88' lang='lat' dir='ltr'><strong>non</strong></span> <span class='ocrx_word' id='word_1_785' title='bbox 1661 4923 1864 4977; x_wconf 77' lang='lat' dir='ltr'><strong>existat</strong></span> 
     </span>
    </p>
   </div>
   <div class='ocr_carea' id='block_1_100' title="bbox 293 4993 1862 5064">
    <p class='ocr_par' dir='ltr' id='par_1_100' title="bbox 293 4993 1862 5064">
     <span class='ocr_line' id='line_1_102' title="bbox 293 4993 1862 5064; baseline -0.001 -15"><span class='ocrx_word' id='word_1_786' title='bbox 293 4993 520 5064; x_wconf 73' lang='lat' dir='ltr'><strong>regnum</strong></span> <span class='ocrx_word' id='word_1_787' title='bbox 554 4994 932 5048; x_wconf 84' lang='lat' dir='ltr'><strong>lsraeliticum.</strong></span> <span class='ocrx_word' id='word_1_788' title='bbox 973 4994 1016 5046; x_wconf 83' lang='lat' dir='ltr'><strong>si</strong></span> <span class='ocrx_word' id='word_1_789' title='bbox 1043 4994 1279 5063; x_wconf 89' lang='lat' dir='ltr'><strong>aliquem</strong></span> <span class='ocrx_word' id='word_1_790' title='bbox 1315 4993 1706 5064; x_wconf 29' lang='lat' dir='ltr'><strong>exﬂveteribus</strong></span> <span class='ocrx_word' id='word_1_791' title='bbox 1763 5009 1862 5062; x_wconf 92' lang='lat' dir='ltr'><strong>pro</strong></span> 
     </span>
    </p>
   </div>
   <div class='ocr_carea' id='block_1_101' title="bbox 293 5062 1860 5134">
    <p class='ocr_par' dir='ltr' id='par_1_101' title="bbox 293 5062 1860 5134">
     <span class='ocr_line' id='line_1_103' title="bbox 293 5062 1860 5134; baseline -0.001 -14"><span class='ocrx_word' id='word_1_792' title='bbox 293 5062 395 5120; x_wconf 80' lang='lat' dir='ltr'><strong>hac</strong></span> <span class='ocrx_word' id='word_1_793' title='bbox 429 5067 769 5134; x_wconf 72' lang='lat' dir='ltr'><strong>eitpositione</strong></span> <span class='ocrx_word' id='word_1_794' title='bbox 798 5063 1069 5119; x_wconf 86' lang='lat' dir='ltr'><strong>adducere</strong></span> <span class='ocrx_word' id='word_1_795' title='bbox 1100 5081 1338 5133; x_wconf 83' lang='lat' dir='ltr'><strong>possem.</strong></span> <span class='ocrx_word' id='word_1_796' title='bbox 1379 5062 1579 5117; x_wconf 86' lang='lat' dir='ltr'><strong>Verum</strong></span> <span class='ocrx_word' id='word_1_797' title='bbox 1611 5064 1662 5116; x_wconf 87' lang='lat' dir='ltr'><strong>hi</strong></span> <span class='ocrx_word' id='word_1_798' title='bbox 1695 5066 1860 5134; x_wconf 78' lang='lat' dir='ltr'><strong>longe</strong></span> 
     </span>
    </p>
   </div>
   <div class='ocr_carea' id='block_1_102' title="bbox 293 5133 1854 5200">
    <p class='ocr_par' dir='ltr' id='par_1_102' title="bbox 293 5133 1854 5200">
     <span class='ocr_line' id='line_1_104' title="bbox 293 5133 1854 5200; baseline -0.002 -9"><span class='ocrx_word' id='word_1_799' title='bbox 293 5133 570 5191; x_wconf 87' lang='lat' dir='ltr'><strong>diversum</strong></span> <span class='ocrx_word' id='word_1_800' title='bbox 603 5138 796 5189; x_wconf 89' lang='lat' dir='ltr'><strong>horum</strong></span> <span class='ocrx_word' id='word_1_801' title='bbox 827 5136 1116 5189; x_wconf 85' lang='lat' dir='ltr'><strong>verborum</strong></span> <span class='ocrx_word' id='word_1_802' title='bbox 1162 5151 1384 5190; x_wconf 90' lang='lat' dir='ltr'><strong>sensum</strong></span> <span class='ocrx_word' id='word_1_803' title='bbox 1421 5135 1666 5200; x_wconf 90' lang='lat' dir='ltr'><strong>tradunt;</strong></span> <span class='ocrx_word' id='word_1_804' title='bbox 1706 5133 1854 5188; x_wconf 60' lang='lat' dir='ltr'><strong>idem</strong></span> 
     </span>
    </p>
   </div>
   <div class='ocr_carea' id='block_1_103' title="bbox 292 5203 1862 5278">
    <p class='ocr_par' dir='ltr' id='par_1_103' title="bbox 292 5203 1862 5278">
     <span class='ocr_line' id='line_1_105' title="bbox 292 5203 1862 5278; baseline -0.002 -17"><span class='ocrx_word' id='word_1_805' title='bbox 292 5224 400 5278; x_wconf 89' lang='lat' dir='ltr'><strong>que</strong></span> <span class='ocrx_word' id='word_1_806' title='bbox 427 5208 740 5268; x_wconf 88' lang='lat' dir='ltr'><strong>dicendum,</strong></span> <span class='ocrx_word' id='word_1_807' title='bbox 761 5207 841 5260; x_wconf 87' lang='lat' dir='ltr'><strong>vei</strong></span> <span class='ocrx_word' id='word_1_808' title='bbox 868 5207 1178 5278; x_wconf 82' lang='lat' dir='ltr'><strong>citationem</strong></span> <span class='ocrx_word' id='word_1_809' title='bbox 1204 5205 1645 5260; x_wconf 85' lang='lat' dir='ltr'><strong>benedictionum</strong></span> <span class='ocrx_word' id='word_1_810' title='bbox 1671 5203 1862 5258; x_wconf 82' lang='lat' dir='ltr'><strong>Jacobi</strong></span> 
     </span>
    </p>
   </div>
   <div class='ocr_carea' id='block_1_104' title="bbox 294 5276 1856 5346">
    <p class='ocr_par' dir='ltr' id='par_1_104' title="bbox 294 5276 1856 5346">
     <span class='ocr_line' id='line_1_106' title="bbox 294 5276 1856 5346; baseline -0.003 -13"><span class='ocrx_word' id='word_1_811' title='bbox 294 5276 360 5333; x_wconf 85' lang='lat' dir='ltr'><strong>ad</strong></span> <span class='ocrx_word' id='word_1_812' title='bbox 397 5280 513 5332; x_wconf 70' lang='lat' dir='ltr'><strong>illBC</strong></span> <span class='ocrx_word' id='word_1_813' title='bbox 541 5294 646 5331; x_wconf 92' lang='lat' dir='ltr'><strong>non</strong></span> <span class='ocrx_word' id='word_1_814' title='bbox 672 5278 958 5346; x_wconf 80' lang='lat' dir='ltr'><strong>pertinere,</strong></span> <span class='ocrx_word' id='word_1_815' title='bbox 987 5276 1079 5330; x_wconf 90' lang='lat' dir='ltr'><strong>sed</strong></span> <span class='ocrx_word' id='word_1_816' title='bbox 1107 5277 1174 5331; x_wconf 90' lang='lat' dir='ltr'><strong>ad</strong></span> <span class='ocrx_word' id='word_1_817' title='bbox 1198 5292 1259 5330; x_wconf 87' lang='lat' dir='ltr'><strong>ea</strong></span> <span class='ocrx_word' id='word_1_818' title='bbox 1293 5292 1414 5344; x_wconf 72' lang='lat' dir='ltr'><strong>quae</strong></span> <span class='ocrx_word' id='word_1_819' title='bbox 1439 5283 1856 5344; x_wconf 70' lang='lat' dir='ltr'><strong>praecesserunt;</strong></span> 
     </span>
    </p>
   </div>
   <div class='ocr_carea' id='block_1_105' title="bbox 292 5346 1860 5415">
    <p class='ocr_par' dir='ltr' id='par_1_105' title="bbox 292 5346 1860 5415">
     <span class='ocr_line' id='line_1_107' title="bbox 292 5346 1860 5415; baseline -0.003 -12"><span class='ocrx_word' id='word_1_820' title='bbox 292 5351 380 5404; x_wconf 88' lang='lat' dir='ltr'><strong>vel</strong></span> <span class='ocrx_word' id='word_1_821' title='bbox 425 5359 704 5403; x_wconf 85' lang='lat' dir='ltr'><strong>auctorem</strong></span> <span class='ocrx_word' id='word_1_822' title='bbox 731 5347 1066 5402; x_wconf 88' lang='lat' dir='ltr'><strong>Testamenti</strong></span> <span class='ocrx_word' id='word_1_823' title='bbox 1094 5346 1219 5402; x_wconf 86' lang='lat' dir='ltr'><strong>Levi</strong></span> <span class='ocrx_word' id='word_1_824' title='bbox 1256 5363 1363 5400; x_wconf 92' lang='lat' dir='ltr'><strong>non</strong></span> <span class='ocrx_word' id='word_1_825' title='bbox 1395 5347 1659 5415; x_wconf 75' lang='lat' dir='ltr'><strong>allegasse</strong></span> <span class='ocrx_word' id='word_1_826' title='bbox 1695 5347 1860 5399; x_wconf 82' lang='lat' dir='ltr'><strong>bene-</strong></span> 
     </span>
    </p>
   </div>
   <div class='ocr_carea' id='block_1_106' title="bbox 294 5416 1860 5476">
    <p class='ocr_par' dir='ltr' id='par_1_106' title="bbox 294 5416 1860 5476">
     <span class='ocr_line' id='line_1_108' title="bbox 294 5416 1860 5476; baseline -0.004 -1"><span class='ocrx_word' id='word_1_827' title='bbox 294 5420 566 5476; x_wconf 91' lang='lat' dir='ltr'><strong>dictiones</strong></span> <span class='ocrx_word' id='word_1_828' title='bbox 593 5417 780 5473; x_wconf 83' lang='lat' dir='ltr'><strong>Jacobi</strong></span> <span class='ocrx_word' id='word_1_829' title='bbox 819 5418 872 5472; x_wconf 91' lang='lat' dir='ltr'><strong>in</strong></span> <span class='ocrx_word' id='word_1_830' title='bbox 900 5418 1168 5472; x_wconf 90' lang='lat' dir='ltr'><strong>canonico</strong></span> <span class='ocrx_word' id='word_1_831' title='bbox 1191 5417 1330 5471; x_wconf 90' lang='lat' dir='ltr'><strong>libro</strong></span> <span class='ocrx_word' id='word_1_832' title='bbox 1356 5416 1630 5471; x_wconf 89' lang='lat' dir='ltr'><strong>Geneseos</strong></span> <span class='ocrx_word' id='word_1_833' title='bbox 1650 5416 1860 5471; x_wconf 84' lang='lat' dir='ltr'><strong>descri-</strong></span> 
     </span>
    </p>
   </div>
   <div class='ocr_carea' id='block_1_107' title="bbox 294 5486 1860 5560">
    <p class='ocr_par' dir='ltr' id='par_1_107' title="bbox 294 5486 1860 5560">
     <span class='ocr_line' id='line_1_109' title="bbox 294 5486 1860 5560; baseline -0.003 -15"><span class='ocrx_word' id='word_1_834' title='bbox 294 5504 438 5560; x_wconf 89' lang='lat' dir='ltr'><strong>ptas.</strong></span> <span class='ocrx_word' id='word_1_835' title='bbox 477 5490 573 5544; x_wconf 88' lang='lat' dir='ltr'><strong>sed</strong></span> <span class='ocrx_word' id='word_1_836' title='bbox 619 5490 988 5560; x_wconf 69' lang='lat' dir='ltr'><strong>apocryphum</strong></span> <span class='ocrx_word' id='word_1_837' title='bbox 1044 5486 1231 5560; x_wconf 81' lang='lat' dir='ltr'><strong>Jacobi</strong></span> <span class='ocrx_word' id='word_1_838' title='bbox 1290 5497 1671 5560; x_wconf 84' lang='lat' dir='ltr'><strong>testamentum</strong></span> <span class='ocrx_word' id='word_1_839' title='bbox 1719 5487 1860 5540; x_wconf 90' lang='lat' dir='ltr'><strong>inter</strong></span> 
     </span>
    </p>
   </div>
   <div class='ocr_carea' id='block_1_108' title="bbox 294 5558 1860 5632">
    <p class='ocr_par' dir='ltr' id='par_1_108' title="bbox 294 5558 1860 5632">
     <span class='ocr_line' id='line_1_110' title="bbox 294 5558 1860 5632; baseline -0.003 -17"><span class='ocrx_word' id='word_1_840' title='bbox 294 5558 558 5632; x_wconf 78' lang='grc' dir='ltr'>διαθήκας</span> <span class='ocrx_word' id='word_1_841' title='bbox 581 5559 748 5631; x_wconf 85' lang='grc' dir='ltr'>τριῶν</span> <span class='ocrx_word' id='word_1_842' title='bbox 772 5559 1150 5632; x_wconf 50' lang='grc' dir='ltr'>Ιῖατριαρχῷ,</span> <span class='ocrx_word' id='word_1_843' title='bbox 1177 5574 1408 5629; x_wconf 85' lang='lat' dir='ltr'><strong>quarum</strong></span> <span class='ocrx_word' id='word_1_844' title='bbox 1441 5558 1771 5632; x_wconf 79' lang='lat' dir='ltr'><strong>mentionem</strong></span> <span class='ocrx_word' id='word_1_845' title='bbox 1805 5565 1860 5611; x_wconf 84' lang='lat' dir='ltr'><strong>et</strong></span> 
     </span>
    </p>
   </div>
   <div class='ocr_carea' id='block_1_109' title="bbox 297 5627 1858 5700">
    <p class='ocr_par' dir='ltr' id='par_1_109' title="bbox 297 5627 1858 5700">
     <span class='ocr_line' id='line_1_111' title="bbox 297 5627 1858 5700; baseline -0.003 -14"><span class='ocrx_word' id='word_1_846' title='bbox 297 5649 400 5699; x_wconf 71' lang='lat' dir='ltr'><strong>ego</strong></span> <span class='ocrx_word' id='word_1_847' title='bbox 440 5627 511 5686; x_wconf 57' lang='lat' dir='ltr'><strong>&#39;in</strong></span> <span class='ocrx_word' id='word_1_848' title='bbox 549 5627 756 5700; x_wconf 64' lang='lat' dir='ltr'><strong>prfefat.</strong></span> <span class='ocrx_word' id='word_1_849' title='bbox 793 5631 858 5700; x_wconf 73' lang='lat' dir='ltr'><strong>ad</strong></span> <span class='ocrx_word' id='word_1_850' title='bbox 893 5627 1051 5685; x_wconf 22' lang='lat' dir='ltr'><strong>inec&quot;</strong></span> <span class='ocrx_word' id='word_1_851' title='bbox 1077 5627 1548 5700; x_wconf 54' lang='lat' dir='ltr'><strong>Testamentafeci</strong></span> <span class='ocrx_word' id='word_1_852' title='bbox 1574 5669 1589 5691; x_wconf 94' lang='lat'><strong>,</strong></span> <span class='ocrx_word' id='word_1_853' title='bbox 1623 5638 1677 5700; x_wconf 91' lang='lat' dir='ltr'><strong>e_t</strong></span> <span class='ocrx_word' id='word_1_854' title='bbox 1710 5628 1858 5700; x_wconf 65' lang='lat' dir='ltr'><strong>ipse</strong></span> 
     </span>
    </p>
   </div>
   <div class='ocr_carea' id='block_1_110' title="bbox 298 5697 1853 5770">
    <p class='ocr_par' dir='ltr' id='par_1_110' title="bbox 298 5697 1853 5770">
     <span class='ocr_line' id='line_1_112' title="bbox 298 5697 1853 5770; baseline -0.001 -14"><span class='ocrx_word' id='word_1_855' title='bbox 298 5697 489 5756; x_wconf 77' lang='lat' dir='ltr'><strong>noster</strong></span> <span class='ocrx_word' id='word_1_856' title='bbox 517 5697 707 5755; x_wconf 80' lang='lat' dir='ltr'><strong>auctor</strong></span> <span class='ocrx_word' id='word_1_857' title='bbox 733 5701 786 5756; x_wconf 91' lang='lat' dir='ltr'><strong>in</strong></span> <span class='ocrx_word' id='word_1_858' title='bbox 821 5698 1169 5756; x_wconf 81' lang='lat' dir='ltr'><strong>Testamento</strong></span> <span class='ocrx_word' id='word_1_859' title='bbox 1201 5697 1480 5769; x_wconf 58' lang='lat' dir='ltr'><strong>Beniamin</strong></span> <span class='ocrx_word' id='word_1_860' title='bbox 1515 5699 1620 5770; x_wconf 81' lang='lat' dir='ltr'><strong>§x,</strong></span> <span class='ocrx_word' id='word_1_861' title='bbox 1649 5697 1853 5770; x_wconf 83' lang='lat' dir='ltr'><strong>injecit.</strong></span> 
     </span>
    </p>
   </div>
   <div class='ocr_carea' id='block_1_111' title="bbox 299 5769 1854 5842">
    <p class='ocr_par' dir='ltr' id='par_1_111' title="bbox 299 5769 1854 5842">
     <span class='ocr_line' id='line_1_113' title="bbox 299 5769 1854 5842; baseline -0.005 -14"><span class='ocrx_word' id='word_1_862' title='bbox 299 5773 570 5828; x_wconf 56' lang='lat' dir='ltr'><strong>(lintei-um</strong></span> <span class='ocrx_word' id='word_1_863' title='bbox 600 5772 643 5826; x_wconf 80' lang='lat' dir='ltr'><strong>si</strong></span> <span class='ocrx_word' id='word_1_864' title='bbox 680 5773 965 5842; x_wconf 83' lang='lat' dir='ltr'><strong>quisquam</strong></span> <span class='ocrx_word' id='word_1_865' title='bbox 993 5773 1278 5826; x_wconf 84' lang='lat' dir='ltr'><strong>lectionem</strong></span> <span class='ocrx_word' id='word_1_866' title='bbox 1325 5769 1530 5826; x_wconf 83' lang='lat' dir='ltr'><strong>codicis</strong></span> <span class='ocrx_word' id='word_1_867' title='bbox 1561 5769 1854 5824; x_wconf 53' lang='lat' dir='ltr'><strong>Cantabria</strong></span> 
     </span>
    </p>
   </div>
   <div class='ocr_carea' id='block_1_112' title="bbox 1964 4498 3545 4622">
    <p class='ocr_par' dir='ltr' id='par_1_112' title="bbox 1964 4498 3545 4622">
     <span class='ocr_line' id='line_1_114' title="bbox 1964 4498 3545 4622; baseline 0.002 -71"><span class='ocrx_word' id='word_1_868' title='bbox 1964 4499 2322 4622; x_wconf 50' lang='lat' dir='ltr'><strong>Sjustorum)</strong></span> <span class='ocrx_word' id='word_1_869' title='bbox 2358 4498 2618 4568; x_wconf 83' lang='lat' dir='ltr'><strong>pullulent</strong></span> <span class='ocrx_word' id='word_1_870' title='bbox 2647 4499 2710 4550; x_wconf 87' lang='lat' dir='ltr'><strong>de</strong></span> <span class='ocrx_word' id='word_1_871' title='bbox 2736 4499 2851 4552; x_wconf 84' lang='lat' dir='ltr'><strong>loco</strong></span> <span class='ocrx_word' id='word_1_872' title='bbox 2879 4518 2994 4554; x_wconf 83' lang='lat' dir='ltr'><strong>suo.</strong></span> <span class='ocrx_word' id='word_1_873' title='bbox 3036 4500 3138 4556; x_wconf 88' lang='lat' dir='ltr'><strong>Ubi</strong></span> <span class='ocrx_word' id='word_1_874' title='bbox 3184 4503 3266 4554; x_wconf 88' lang='lat' dir='ltr'><strong>vir</strong></span> <span class='ocrx_word' id='word_1_875' title='bbox 3293 4516 3545 4556; x_wconf 90' lang='lat' dir='ltr'><strong>summus</strong></span> 
     </span>
     <span class='ocr_line' id='line_1_115' title="bbox 1997 4567 3545 4622; baseline 0 0"><span class='ocrx_word' id='word_1_876' title='bbox 1997 4569 2201 4622; x_wconf 82' lang='lat' dir='ltr'><strong>acubus</strong></span> <span class='ocrx_word' id='word_1_877' title='bbox 2241 4567 2514 4622; x_wconf 68' lang='lat' dir='ltr'><strong>Bellienus</strong></span> <span class='ocrx_word' id='word_1_878' title='bbox 2552 4568 2852 4622; x_wconf 86' lang='lat' dir='ltr'><strong>Bossuetus</strong></span> <span class='ocrx_word' id='word_1_879' title='bbox 2891 4574 3007 4622; x_wconf 59' lang='lat' dir='ltr'><strong>haec</strong></span> <span class='ocrx_word' id='word_1_880' title='bbox 3045 4572 3300 4622; x_wconf 84' lang='lat' dir='ltr'><strong>adnotat:</strong></span> <span class='ocrx_word' id='word_1_881' title='bbox 3354 4592 3372 4622; x_wconf 76' lang='grc' dir='ltr'><strong>ι</strong></span> <span class='ocrx_word' id='word_1_882' title='bbox 3407 4573 3545 4622; x_wconf 68' lang='grc' dir='ltr'><strong>οδω</strong></span> 
     </span>
    </p>
   </div>
   <div class='ocr_carea' id='block_1_113' title="bbox 1997 4567 3545 4636">
    <p class='ocr_par' dir='ltr' id='par_1_113' title="bbox 1997 4567 3545 4636">
     <span class='ocr_line' id='line_1_116' title="bbox 1997 4567 3545 4636; baseline 0.001 -13"><span class='ocrx_word' id='word_1_883' title='bbox 1997 4569 2201 4623; x_wconf 82' lang='lat' dir='ltr'><strong>acubus</strong></span> <span class='ocrx_word' id='word_1_884' title='bbox 2241 4567 2514 4636; x_wconf 69' lang='lat' dir='ltr'><strong>Benignus</strong></span> <span class='ocrx_word' id='word_1_885' title='bbox 2552 4568 2852 4624; x_wconf 83' lang='lat' dir='ltr'><strong>Bossuetus</strong></span> <span class='ocrx_word' id='word_1_886' title='bbox 2891 4574 3007 4627; x_wconf 62' lang='lat' dir='ltr'><strong>haec</strong></span> <span class='ocrx_word' id='word_1_887' title='bbox 3045 4572 3300 4628; x_wconf 87' lang='lat' dir='ltr'><strong>adnotat:</strong></span> <span class='ocrx_word' id='word_1_888' title='bbox 3354 4592 3372 4624; x_wconf 78' lang='grc' dir='ltr'><strong>ι</strong></span> <span class='ocrx_word' id='word_1_889' title='bbox 3407 4573 3545 4627; x_wconf 70' lang='grc' dir='ltr'><strong>οδω</strong></span> 
     </span>
    </p>
   </div>
   <div class='ocr_carea' id='block_1_114' title="bbox 1963 4637 3542 4712">
    <p class='ocr_par' dir='ltr' id='par_1_114' title="bbox 1963 4637 3542 4712">
     <span class='ocr_line' id='line_1_117' title="bbox 1963 4637 3542 4712; baseline 0.003 -18"><span class='ocrx_word' id='word_1_890' title='bbox 1963 4655 2146 4694; x_wconf 84' lang='lat' dir='ltr'><strong>eorum</strong></span> <span class='ocrx_word' id='word_1_891' title='bbox 2176 4637 2458 4712; x_wconf 69' lang='lat' dir='ltr'><strong>pullulent,</strong></span> <span class='ocrx_word' id='word_1_892' title='bbox 2497 4638 2729 4712; x_wconf 71' lang='lat' dir='ltr'><strong>formula</strong></span> <span class='ocrx_word' id='word_1_893' title='bbox 2761 4641 2896 4695; x_wconf 88' lang='lat' dir='ltr'><strong>bene</strong></span> <span class='ocrx_word' id='word_1_894' title='bbox 2923 4645 3253 4712; x_wconf 78' lang='lat' dir='ltr'><strong>apprecandi</strong></span> <span class='ocrx_word' id='word_1_895' title='bbox 3287 4643 3542 4706; x_wconf 90' lang='lat' dir='ltr'><strong>mortuis,</strong></span> 
     </span>
    </p>
   </div>
   <div class='ocr_carea' id='block_1_115' title="bbox 1966 4709 3546 4784">
    <p class='ocr_par' dir='ltr' id='par_1_115' title="bbox 1966 4709 3546 4784">
     <span class='ocr_line' id='line_1_118' title="bbox 1966 4709 3546 4784; baseline 0.002 -19"><span class='ocrx_word' id='word_1_896' title='bbox 1966 4721 2032 4784; x_wconf 87' lang='lat' dir='ltr'><strong>ut_</strong></span> <span class='ocrx_word' id='word_1_897' title='bbox 2055 4719 2198 4784; x_wconf 88' lang='lat' dir='ltr'><strong>patet</strong></span> <span class='ocrx_word' id='word_1_898' title='bbox 2221 4709 2364 4784; x_wconf 73' lang='lat' dir='ltr'><strong>infra</strong></span> <span class='ocrx_word' id='word_1_899' title='bbox 2391 4709 2644 4784; x_wconf 64' lang='lat' dir='ltr'><strong>imx,_i2</strong></span> <span class='ocrx_word' id='word_1_900' title='bbox 2670 4725 2682 4760; x_wconf 93' lang='lat'>:</span> <span class='ocrx_word' id='word_1_901' title='bbox 2707 4782 2716 4784; x_wconf 71' lang='lat'><strong><em>_</em></strong></span> <span class='ocrx_word' id='word_1_902' title='bbox 2743 4713 2854 4766; x_wconf 78' lang='lat' dir='ltr'><strong>Kal</strong></span> <span class='ocrx_word' id='word_1_903' title='bbox 2890 4709 3008 4784; x_wconf 48' lang='grc' dir='ltr'>τῶν</span> <span class='ocrx_word' id='word_1_904' title='bbox 3045 4713 3274 4769; x_wconf 82' lang='grc' dir='ltr'>δώδεκα</span> <span class='ocrx_word' id='word_1_905' title='bbox 3313 4728 3546 4784; x_wconf 64' lang='grc' dir='ltr'>προφη-</span> 
     </span>
    </p>
   </div>
   <div class='ocr_carea' id='block_1_116' title="bbox 1963 4779 3544 4840">
    <p class='ocr_par' dir='ltr' id='par_1_116' title="bbox 1963 4779 3544 4840">
     <span class='ocr_line' id='line_1_119' title="bbox 1963 4779 3544 4840; baseline 0.001 -5"><span class='ocrx_word' id='word_1_906' title='bbox 1963 4781 2082 4835; x_wconf 78' lang='grc' dir='ltr'>τῶν</span> <span class='ocrx_word' id='word_1_907' title='bbox 2105 4780 2176 4834; x_wconf 83' lang='grc' dir='ltr'>τὰ</span> <span class='ocrx_word' id='word_1_908' title='bbox 2201 4779 2352 4834; x_wconf 76' lang='grc' dir='ltr'>ὀστᾶ</span> <span class='ocrx_word' id='word_1_909' title='bbox 2373 4779 2665 4834; x_wconf 78' lang='grc' dir='ltr'>ἀναϐάλοι</span> <span class='ocrx_word' id='word_1_910' title='bbox 2694 4782 2762 4834; x_wconf 76' lang='grc' dir='ltr'><strong>ἐκ</strong></span> <span class='ocrx_word' id='word_1_911' title='bbox 2810 4783 2918 4836; x_wconf 81' lang='grc' dir='ltr'><strong>τοῦ</strong></span> <span class='ocrx_word' id='word_1_912' title='bbox 2960 4785 3146 4838; x_wconf 69' lang='grc' dir='ltr'>τόπου</span> <span class='ocrx_word' id='word_1_913' title='bbox 3200 4779 3450 4840; x_wconf 57' lang='grc' dir='ltr'>αὐτῶν-Ξ</span> <span class='ocrx_word' id='word_1_914' title='bbox 3478 4783 3544 4837; x_wconf 84' lang='lat' dir='ltr'><strong>Et</strong></span> 
     </span>
    </p>
   </div>
   <div class='ocr_carea' id='block_1_117' title="bbox 1963 4852 3540 4929">
    <p class='ocr_par' dir='ltr' id='par_1_117' title="bbox 1963 4852 3540 4929">
     <span class='ocr_line' id='line_1_120' title="bbox 1963 4852 3540 4929; baseline 0.002 -25"><span class='ocrx_word' id='word_1_915' title='bbox 1963 4852 2239 4929; x_wconf 57' lang='lat' dir='ltr'><strong>duodecim</strong></span> <span class='ocrx_word' id='word_1_916' title='bbox 2266 4853 2639 4929; x_wconf 55' lang='lat' dir='ltr'><strong>prophetarum</strong></span> <span class='ocrx_word' id='word_1_917' title='bbox 2666 4869 2785 4906; x_wconf 83' lang='lat' dir='ltr'><strong>ossa</strong></span> <span class='ocrx_word' id='word_1_918' title='bbox 2818 4854 3081 4929; x_wconf 73' lang='lat' dir='ltr'><strong>pullulent</strong></span> <span class='ocrx_word' id='word_1_919' title='bbox 3133 4855 3197 4910; x_wconf 83' lang='lat' dir='ltr'><strong>de</strong></span> <span class='ocrx_word' id='word_1_920' title='bbox 3252 4857 3540 4929; x_wconf 24' lang='lat' dir='ltr'><strong>locohsuo.</strong></span> 
     </span>
    </p>
   </div>
   <div class='ocr_carea' id='block_1_118' title="bbox 1963 4921 3544 4988">
    <p class='ocr_par' dir='ltr' id='par_1_118' title="bbox 1963 4921 3544 4988">
     <span class='ocr_line' id='line_1_121' title="bbox 1963 4921 3544 4988; baseline 0.001 -13"><span class='ocrx_word' id='word_1_921' title='bbox 1963 4921 2132 4988; x_wconf 88' lang='lat' dir='ltr'><strong>Quasi</strong></span> <span class='ocrx_word' id='word_1_922' title='bbox 2159 4921 2397 4976; x_wconf 82' lang='lat' dir='ltr'><strong>diceret:</strong></span> <span class='ocrx_word' id='word_1_923' title='bbox 2437 4921 2636 4974; x_wconf 80' lang='lat' dir='ltr'><strong>Eorum</strong></span> <span class='ocrx_word' id='word_1_924' title='bbox 2672 4921 2936 4980; x_wconf 86' lang='lat' dir='ltr'><strong>memoria</strong></span> <span class='ocrx_word' id='word_1_925' title='bbox 2960 4927 3295 4981; x_wconf 85' lang='lat' dir='ltr'><strong>reflorescat.</strong></span> <span class='ocrx_word' id='word_1_926' title='bbox 3333 4925 3544 4980; x_wconf 82' lang='lat' dir='ltr'><strong>Aliudit</strong></span> 
     </span>
    </p>
   </div>
   <div class='ocr_carea' id='block_1_119' title="bbox 1964 4994 3542 5066">
    <p class='ocr_par' dir='ltr' id='par_1_119' title="bbox 1964 4994 3542 5066">
     <span class='ocr_line' id='line_1_122' title="bbox 1964 4994 3542 5066; baseline 0.002 -20"><span class='ocrx_word' id='word_1_927' title='bbox 1964 5002 2164 5066; x_wconf 85' lang='lat' dir='ltr'><strong>autem_</strong></span> <span class='ocrx_word' id='word_1_928' title='bbox 2206 4994 2270 5046; x_wconf 89' lang='lat' dir='ltr'><strong>ad</strong></span> <span class='ocrx_word' id='word_1_929' title='bbox 2316 4995 2768 5066; x_wconf 77' lang='lat' dir='ltr'><strong>consuetudinem</strong></span> <span class='ocrx_word' id='word_1_930' title='bbox 2816 4997 3125 5050; x_wconf 90' lang='lat' dir='ltr'><strong>collocandi</strong></span> <span class='ocrx_word' id='word_1_931' title='bbox 3175 4998 3440 5066; x_wconf 17' lang='lat' dir='ltr'><strong>sepulcra,</strong></span> <span class='ocrx_word' id='word_1_932' title='bbox 3485 4996 3542 5049; x_wconf 92' lang='lat' dir='ltr'><strong>in</strong></span> 
     </span>
    </p>
   </div>
   <div class='ocr_carea' id='block_1_120' title="bbox 1963 5063 3540 5137">
    <p class='ocr_par' dir='ltr' id='par_1_120' title="bbox 1963 5063 3540 5137">
     <span class='ocr_line' id='line_1_123' title="bbox 1963 5063 3540 5137; baseline 0.003 -19"><span class='ocrx_word' id='word_1_933' title='bbox 1963 5063 2199 5137; x_wconf 73' lang='lat' dir='ltr'><strong>arumnis</strong></span> <span class='ocrx_word' id='word_1_934' title='bbox 2234 5073 2308 5137; x_wconf 74' lang='lat' dir='ltr'><strong>et</strong></span> <span class='ocrx_word' id='word_1_935' title='bbox 2337 5064 2642 5137; x_wconf 70' lang='lat' dir='ltr'><strong>virentibus</strong></span> <span class='ocrx_word' id='word_1_936' title='bbox 2701 5065 2858 5130; x_wconf 90' lang='lat' dir='ltr'><strong>locis,</strong></span> <span class='ocrx_word' id='word_1_937' title='bbox 2893 5078 3022 5137; x_wconf 89' lang='lat' dir='ltr'><strong>puta</strong></span> <span class='ocrx_word' id='word_1_938' title='bbox 3053 5063 3370 5136; x_wconf 54' lang='lat' dir='ltr'><strong>hortisliV</strong></span> <span class='ocrx_word' id='word_1_939' title='bbox 3413 5065 3540 5136; x_wconf 80' lang='lat' dir='ltr'><strong>Reg.</strong></span> 
     </span>
    </p>
   </div>
   <div class='ocr_carea' id='block_1_121' title="bbox 1965 5134 3541 5206">
    <p class='ocr_par' dir='ltr' id='par_1_121' title="bbox 1965 5134 3541 5206">
     <span class='ocr_line' id='line_1_124' title="bbox 1965 5134 3541 5206; baseline 0.003 -18"><span class='ocrx_word' id='word_1_940' title='bbox 1965 5134 2344 5206; x_wconf 15' lang='lat' dir='ltr'><strong>xxr,ii8,26),</strong></span> <span class='ocrx_word' id='word_1_941' title='bbox 2379 5135 2584 5206; x_wconf 74' lang='lat' dir='ltr'><strong>Christi</strong></span> <span class='ocrx_word' id='word_1_942' title='bbox 2617 5150 2838 5206; x_wconf 88' lang='lat' dir='ltr'><strong>quoque</strong></span> <span class='ocrx_word' id='word_1_943' title='bbox 2873 5134 3230 5192; x_wconf 79' lang='lat' dir='ltr'><strong>monumento</strong></span> <span class='ocrx_word' id='word_1_944' title='bbox 3282 5134 3342 5190; x_wconf 88' lang='lat' dir='ltr'><strong>in</strong></span> <span class='ocrx_word' id='word_1_945' title='bbox 3380 5134 3541 5192; x_wconf 81' lang='lat' dir='ltr'><strong>horto</strong></span> 
     </span>
    </p>
   </div>
   <div class='ocr_carea' id='block_1_122' title="bbox 1962 5203 3544 5274">
    <p class='ocr_par' dir='ltr' id='par_1_122' title="bbox 1962 5203 3544 5274">
     <span class='ocr_line' id='line_1_125' title="bbox 1962 5203 3544 5274; baseline 0.003 -17"><span class='ocrx_word' id='word_1_946' title='bbox 1962 5205 2201 5274; x_wconf 87' lang='lat' dir='ltr'><strong>quodam</strong></span> <span class='ocrx_word' id='word_1_947' title='bbox 2240 5207 2418 5274; x_wconf 85' lang='lat' dir='ltr'><strong>posito</strong></span> <span class='ocrx_word' id='word_1_948' title='bbox 2449 5203 2632 5274; x_wconf 82' lang='lat' dir='ltr'><strong>(Jouu.</strong></span> <span class='ocrx_word' id='word_1_949' title='bbox 2672 5203 2786 5272; x_wconf 73' lang='grc' dir='ltr'>χιιι,</span> <span class='ocrx_word' id='word_1_950' title='bbox 2822 5208 2934 5270; x_wconf 64' lang='lat' dir='ltr'><strong>Li).</strong></span> <span class='ocrx_word' id='word_1_951' title='bbox 2965 5208 3144 5263; x_wconf 90' lang='lat' dir='ltr'><strong>Credo</strong></span> <span class='ocrx_word' id='word_1_952' title='bbox 3170 5209 3235 5261; x_wconf 91' lang='lat' dir='ltr'><strong>ad</strong></span> <span class='ocrx_word' id='word_1_953' title='bbox 3259 5223 3544 5262; x_wconf 84' lang='lat' dir='ltr'><strong>commen-</strong></span> 
     </span>
    </p>
   </div>
   <div class='ocr_carea' id='block_1_123' title="bbox 1961 5277 3546 5348">
    <p class='ocr_par' dir='ltr' id='par_1_123' title="bbox 1961 5277 3546 5348">
     <span class='ocr_line' id='line_1_126' title="bbox 1961 5277 3546 5348; baseline -0.001 -17"><span class='ocrx_word' id='word_1_954' title='bbox 1961 5277 2194 5331; x_wconf 83' lang='lat' dir='ltr'><strong>dandam</strong></span> <span class='ocrx_word' id='word_1_955' title='bbox 2231 5277 2446 5346; x_wconf 92' lang='lat' dir='ltr'><strong>piorum</strong></span> <span class='ocrx_word' id='word_1_956' title='bbox 2473 5292 2765 5345; x_wconf 83' lang='lat' dir='ltr'><strong>perennem</strong></span> <span class='ocrx_word' id='word_1_957' title='bbox 2799 5294 2862 5333; x_wconf 88' lang='lat' dir='ltr'><strong>ac</strong></span> <span class='ocrx_word' id='word_1_958' title='bbox 2891 5294 3107 5348; x_wconf 87' lang='lat' dir='ltr'><strong>semper</strong></span> <span class='ocrx_word' id='word_1_959' title='bbox 3135 5277 3397 5331; x_wconf 76' lang='lat' dir='ltr'><strong>virentem</strong></span> <span class='ocrx_word' id='word_1_960' title='bbox 3433 5293 3546 5332; x_wconf 89' lang='lat' dir='ltr'><strong>me-</strong></span> 
     </span>
    </p>
   </div>
   <div class='ocr_carea' id='block_1_124' title="bbox 1963 5349 3546 5419">
    <p class='ocr_par' dir='ltr' id='par_1_124' title="bbox 1963 5349 3546 5419">
     <span class='ocr_line' id='line_1_127' title="bbox 1963 5349 3546 5419; baseline 0 -17"><span class='ocrx_word' id='word_1_961' title='bbox 1963 5349 2192 5402; x_wconf 92' lang='lat' dir='ltr'><strong>moriam</strong></span> <span class='ocrx_word' id='word_1_962' title='bbox 2221 5363 2284 5401; x_wconf 89' lang='lat' dir='ltr'><strong>ac</strong></span> <span class='ocrx_word' id='word_1_963' title='bbox 2318 5363 2470 5417; x_wconf 87' lang='lat' dir='ltr'><strong>spem</strong></span> <span class='ocrx_word' id='word_1_964' title='bbox 2500 5349 2953 5403; x_wconf 87' lang='lat' dir='ltr'><strong>resurrectionis:</strong></span> <span class='ocrx_word' id='word_1_965' title='bbox 2981 5349 3074 5419; x_wconf 90' lang='lat' dir='ltr'><strong>qui</strong></span> <span class='ocrx_word' id='word_1_966' title='bbox 3109 5349 3249 5402; x_wconf 90' lang='lat' dir='ltr'><strong>horti</strong></span> <span class='ocrx_word' id='word_1_967' title='bbox 3304 5363 3428 5402; x_wconf 90' lang='lat' dir='ltr'><strong>cum</strong></span> <span class='ocrx_word' id='word_1_968' title='bbox 3459 5349 3546 5402; x_wconf 84' lang='lat' dir='ltr'><strong>vi-</strong></span> 
     </span>
    </p>
   </div>
   <div class='ocr_carea' id='block_1_125' title="bbox 1961 5419 3542 5488">
    <p class='ocr_par' dir='ltr' id='par_1_125' title="bbox 1961 5419 3542 5488">
     <span class='ocr_line' id='line_1_128' title="bbox 1961 5419 3542 5488; baseline 0.002 -17"><span class='ocrx_word' id='word_1_969' title='bbox 1961 5426 2259 5484; x_wconf 74' lang='lat' dir='ltr'><strong>rescerent,</strong></span> <span class='ocrx_word' id='word_1_970' title='bbox 2297 5419 2416 5488; x_wconf 86' lang='lat' dir='ltr'><strong>ipsa</strong></span> <span class='ocrx_word' id='word_1_971' title='bbox 2440 5433 2565 5473; x_wconf 83' lang='lat' dir='ltr'><strong>ossa</strong></span> <span class='ocrx_word' id='word_1_972' title='bbox 2601 5419 2665 5472; x_wconf 81' lang='lat' dir='ltr'><strong>de</strong></span> <span class='ocrx_word' id='word_1_973' title='bbox 2696 5419 2809 5472; x_wconf 82' lang='lat' dir='ltr'><strong>loco</strong></span> <span class='ocrx_word' id='word_1_974' title='bbox 2837 5435 2956 5482; x_wconf 84' lang='lat' dir='ltr'><strong>suo,</strong></span> <span class='ocrx_word' id='word_1_975' title='bbox 2984 5419 3036 5474; x_wconf 93' lang='lat' dir='ltr'><strong>id</strong></span> <span class='ocrx_word' id='word_1_976' title='bbox 3064 5426 3148 5471; x_wconf 89' lang='lat' dir='ltr'><strong>est</strong></span> <span class='ocrx_word' id='word_1_977' title='bbox 3180 5421 3247 5473; x_wconf 87' lang='lat' dir='ltr'><strong>de</strong></span> <span class='ocrx_word' id='word_1_978' title='bbox 3283 5420 3542 5488; x_wconf 88' lang='lat' dir='ltr'><strong>sepulcro</strong></span> 
     </span>
    </p>
   </div>
   <div class='ocr_carea' id='block_1_126' title="bbox 1959 5489 3546 5558">
    <p class='ocr_par' dir='ltr' id='par_1_126' title="bbox 1959 5489 3546 5558">
     <span class='ocr_line' id='line_1_129' title="bbox 1959 5489 3546 5558; baseline 0.001 -15"><span class='ocrx_word' id='word_1_979' title='bbox 1959 5489 2125 5543; x_wconf 87' lang='lat' dir='ltr'><strong>veluti</strong></span> <span class='ocrx_word' id='word_1_980' title='bbox 2161 5491 2490 5558; x_wconf 81' lang='lat' dir='ltr'><strong>germinare,</strong></span> <span class='ocrx_word' id='word_1_981' title='bbox 2526 5498 2581 5543; x_wconf 90' lang='lat' dir='ltr'><strong>et</strong></span> <span class='ocrx_word' id='word_1_982' title='bbox 2611 5505 2714 5543; x_wconf 89' lang='lat' dir='ltr'><strong>suo</strong></span> <span class='ocrx_word' id='word_1_983' title='bbox 2739 5489 2981 5558; x_wconf 89' lang='lat' dir='ltr'><strong>quodam</strong></span> <span class='ocrx_word' id='word_1_984' title='bbox 3016 5490 3180 5543; x_wconf 92' lang='lat' dir='ltr'><strong>modo</strong></span> <span class='ocrx_word' id='word_1_985' title='bbox 3215 5491 3546 5546; x_wconf 82' lang='lat' dir='ltr'><strong>reviviscere</strong></span> 
     </span>
    </p>
   </div>
   <div class='ocr_carea' id='block_1_127' title="bbox 1959 5558 3545 5628">
    <p class='ocr_par' dir='ltr' id='par_1_127' title="bbox 1959 5558 3545 5628">
     <span class='ocr_line' id='line_1_130' title="bbox 1959 5558 3545 5628; baseline 0.001 -15"><span class='ocrx_word' id='word_1_986' title='bbox 1959 5560 2305 5616; x_wconf 89' lang='lat' dir='ltr'><strong>videbantur.</strong></span> <span class='ocrx_word' id='word_1_987' title='bbox 2340 5579 2359 5613; x_wconf 75' lang='grc' dir='ltr'><strong>ι</strong></span> <span class='ocrx_word' id='word_1_988' title='bbox 2389 5558 2578 5628; x_wconf 86' lang='lat' dir='ltr'><strong>Neque</strong></span> <span class='ocrx_word' id='word_1_989' title='bbox 2601 5559 2747 5613; x_wconf 87' lang='lat' dir='ltr'><strong>aliud</strong></span> <span class='ocrx_word' id='word_1_990' title='bbox 2799 5559 3031 5614; x_wconf 89' lang='lat' dir='ltr'><strong>innuere</strong></span> <span class='ocrx_word' id='word_1_991' title='bbox 3060 5559 3277 5615; x_wconf 85' lang='lat' dir='ltr'><strong>videtur</strong></span> <span class='ocrx_word' id='word_1_992' title='bbox 3325 5561 3415 5617; x_wconf 88' lang='lat' dir='ltr'><strong>hic</strong></span> <span class='ocrx_word' id='word_1_993' title='bbox 3456 5559 3545 5615; x_wconf 87' lang='lat' dir='ltr'><strong>Si-</strong></span> 
     </span>
    </p>
   </div>
   <div class='ocr_carea' id='block_1_128' title="bbox 1960 5629 3540 5693">
    <p class='ocr_par' dir='ltr' id='par_1_128' title="bbox 1960 5629 3540 5693">
     <span class='ocr_line' id='line_1_131' title="bbox 1960 5629 3540 5693; baseline -0.001 -8"><span class='ocrx_word' id='word_1_994' title='bbox 1960 5645 2143 5693; x_wconf 85' lang='lat' dir='ltr'><strong>meon,</strong></span> <span class='ocrx_word' id='word_1_995' title='bbox 2173 5631 2238 5682; x_wconf 90' lang='lat' dir='ltr'><strong>ad</strong></span> <span class='ocrx_word' id='word_1_996' title='bbox 2266 5641 2500 5686; x_wconf 90' lang='lat' dir='ltr'><strong>mentem</strong></span> <span class='ocrx_word' id='word_1_997' title='bbox 2527 5631 2767 5684; x_wconf 87' lang='lat' dir='ltr'><strong>auctoris</strong></span> <span class='ocrx_word' id='word_1_998' title='bbox 2817 5630 3014 5684; x_wconf 88' lang='lat' dir='ltr'><strong>horum</strong></span> <span class='ocrx_word' id='word_1_999' title='bbox 3057 5629 3540 5685; x_wconf 74' lang='lat' dir='ltr'><strong>Testamentorum.</strong></span> 
     </span>
    </p>
   </div>
   <div class='ocr_carea' id='block_1_129' title="bbox 2030 5699 3538 5771">
    <p class='ocr_par' dir='ltr' id='par_1_129' title="bbox 2030 5699 3538 5771">
     <span class='ocr_line' id='line_1_132' title="bbox 2030 5699 3538 5771; baseline 0 -17"><span class='ocrx_word' id='word_1_1000' title='bbox 2030 5701 2144 5771; x_wconf 68' lang='lat'><strong>(92)</strong></span> <span class='ocrx_word' id='word_1_1001' title='bbox 2188 5699 2380 5757; x_wconf 78' lang='lat' dir='ltr'><strong>Erunt.</strong></span> <span class='ocrx_word' id='word_1_1002' title='bbox 2406 5701 2459 5756; x_wconf 88' lang='lat' dir='ltr'><strong>id</strong></span> <span class='ocrx_word' id='word_1_1003' title='bbox 2485 5711 2590 5769; x_wconf 89' lang='lat' dir='ltr'><strong>est,</strong></span> <span class='ocrx_word' id='word_1_1004' title='bbox 2624 5701 2894 5757; x_wconf 79' lang='lat' dir='ltr'><strong>latissime</strong></span> <span class='ocrx_word' id='word_1_1005' title='bbox 2919 5716 2978 5758; x_wconf 82' lang='lat' dir='ltr'><strong>se</strong></span> <span class='ocrx_word' id='word_1_1006' title='bbox 3007 5700 3337 5759; x_wconf 81' lang='lat' dir='ltr'><strong>diffundent.</strong></span> <span class='ocrx_word' id='word_1_1007' title='bbox 3366 5701 3538 5758; x_wconf 70' lang='lat' dir='ltr'><strong>(inn.</strong></span> 
     </span>
    </p>
   </div>
  </div>
