4002 6308
474 235 603 293 I03!

1459 239 1926 298 TESTAMENTA
1959 239 2054 295 XII
2095 237 2717 302 PATRIABCIIAIIUM.

3591 235 3736 293 loss
3787 309 3794 316 ί

468 359 610 413 cmlo
634 366 740 422 est,
776 374 806 412 a
839 359 1004 414 bello.
1036 358 1192 417 Tunc
1223 359 1349 415 Sem
1377 363 1793 431 gloriﬁcabitnr,
1821 360 2042 433 quando

2164 366 2292 417 τᾶσα
2336 365 2369 434 ἡ
2403 365 2473 435 γῆ
2503 365 2611 418 ἀπὸ
2641 353 2920 435 ταραχῆςζ
2968 359 3062 414 καὶ
3093 361 3243 414 πᾶσα
3287 359 3322 429 ἡ
3362 357 3455 410 ὑπ’
3500 354 3738 425 οὐρανὸν

475 453 738 509 Dominus
777 455 918 510 Deus
947 456 1174 527 Magnus
1202 460 1367 514 Israel
1396 462 1680 530 apparebit
1715 462 1767 514 in
1817 470 1958 516 terra
1988 469 2048 514 ut

472 545 658 610 hoino,
715 557 766 601 et
815 549 1049 602 salvahit
1099 550 1152 604 in
1195 551 1313 621 ipso
1338 552 1532 607 Adam.
1567 552 1723 608 Tunc
1768 553 2048 608 dabuntur

472 652 662 692 omnes
704 639 929 708 spiritus
958 641 1162 694 erroris
1190 642 1240 695 in
1264 643 1759 706 cuneuleationem,
1784 654 1836 698 et
1868 643 2046 697 homi—

474 746 570 783 nes
603 732 906 801 regnabunt
934 748 1098 801 super
1131 735 1470 802 perniciosos
1498 737 1745 805 spiritus.
1780 735 1934 790 Tunc
1959 751 2046 790 re-

472 840 691 892 surgam
718 826 771 877 in
806 824 1013 889 Itetitia,
1045 835 1098 878 et
1117 827 1433 880 benedicam
1465 828 1750 881 Altissimo
1780 828 1832 881 in
1877 827 2048 880 mira-

471 917 672 971 bilibus
703 917 874 986 ipsius
901 935 913 978 ;
947 920 1206 988 quoniam
1245 919 1385 975 Deus
1413 935 1614 990 corpus
1641 935 1930 976 assumens
1949 960 1966 986 ,
1994 927 2048 975 et

472 1011 764 1066 comedens
795 1027 919 1066 cum
953 1012 1288 1075 hominibus,
1321 1013 1548 1068 salvavit
1573 1028 1687 1069 eos.

545 1297 636 1350 VII
691 1319 708 1350 ι
733 1299 794 1354 Et
823 1317 990 1369 nunc,
1019 1302 1168 1358 filioli
1196 1305 1323 1366 mei,
1351 1305 1565 1360 obedite
1583 1304 1732 1371 Levi,
1759 1317 1813 1360 et
1835 1307 1885 1360 in
1911 1306 2048 1360 Iuda

475 1390 956 1456 liherahimini;ct
1007 1412 1073 1449 ne
1105 1396 1414 1451 elIeramini
1467 1415 1635 1468 super
1683 1399 1823 1452 duas
1875 1399 2050 1454 tribus

476 1485 596 1552 has,
622 1488 882 1557 quoniam
917 1506 982 1542 ex
1010 1489 1141 1558 ipsis
1171 1492 1376 1546 orietur
1401 1492 1557 1547 vobis
1587 1491 1735 1546 salus
1763 1491 1880 1546 Dei.
1912 1491 2051 1547 Sus—

475 1577 665 1633 citabit
705 1582 848 1634 enim
894 1581 1162 1638 Dominus
1206 1601 1272 1638 ex
1327 1585 1454 1640 Levi
1499 1586 1830 1654 pontificem,
1893 1595 1947 1639 et
1985 1600 2048 1638 ex

474 1669 613 1725 Juda
643 1689 846 1743 regem,
876 1673 1044 1727 Deum
1070 1685 1124 1730 et
1154 1677 1455 1730 hominem.
1476 1677 1576 1733 Hic
1597 1678 1824 1732 salvahit
1857 1692 2050 1732 omnes

477 1776 686 1833 gentes,
718 1776 772 1819 et
799 1781 973 1836 genus
997 1767 1184 1821 Israel.
1217 1767 1446 1836 Propter
1503 1774 1605 1822 hdc
1633 1769 1817 1823 omnia
1849 1768 2050 1823 mando

478 1859 652 1922 vobis,
703 1867 760 1911 ut
791 1867 846 1911 et
879 1874 974 1912 vos
1007 1859 1275 1914 mandetis
1319 1860 1442 1914 liliis
1474 1862 1668 1916 vestris
1696 1901 1711 1926 ,
1751 1869 1808 1917 ut
1861 1872 2053 1917 custo-

478 1951 631 2006 diant
659 1951 747 2006 illa
771 1953 824 2005 in
851 1954 1232 2024 generationes
1257 1971 1467 2009 eorum.
1499 1975 1515 2006 ι

554 2154 683 2210 VIII.
721 2155 786 2212 Et
819 2157 1044 2212 Simeon
1074 2159 1482 2213 consummavit
1527 2173 1810 2214 sermones
1832 2200 1846 2223 ,
1912 2172 2054 2227 quos

483 2249 759 2302 mandavit
783 2250 908 2303 liliis
938 2250 1072 2316 suis,
1106 2262 1159 2305 et
1189 2251 1448 2306 dormivit
1473 2266 1600 2306 cum
1625 2251 1880 2320 patribus
1914 2249 2054 2312 suis,

482 2357 604 2394 cum
627 2351 772 2396 esset
793 2353 1013 2397 centum
1039 2353 1092 2398 et
1121 2345 1311 2414 viginti
1339 2361 1630 2399 annorum.
1667 2343 1733 2397 Et
1756 2351 2059 2413 posuerunt

480 2449 605 2488 eum
644 2435 696 2488 in
733 2437 947 2491 thecam
979 2439 1250 2508 lignorum
1280 2455 1388 2492 non
1415 2439 1865 2508 putrescentium,
1893 2447 1952 2491 ut
1977 2452 2062 2491 re-

481 2527 742 2583 ducerent
785 2545 910 2584 ossa
963 2530 1082 2600 ejus
1140 2531 1192 2584 in
1229 2529 1470 2585 IIebron.
1507 2529 1571 2585 Et
1624 2531 1963 2584 reduxerunt
1992 2541 2057 2582 ea

481 2619 620 2672 clam
645 2620 697 2674 in
723 2623 862 2675 bello
887 2621 1289 2693 Egyptinrum.
1318 2621 1453 2678 Ossa
1479 2623 1623 2677 enim
1651 2621 1853 2690 Ioseph
1882 2628 2060 2675 custo-

481 2711 702 2766 diebant
730 2712 968 2783 IEgyptii
1026 2716 1079 2770 in
1107 2716 1318 2770 aerariis
1353 2731 1563 2786 regum.
1611 2713 1873 2768 Dicebant
1911 2713 2057 2766 enim

481 2800 562 2854 cis
596 2799 985 2861 incantatores.
1011 2803 1155 2870 quod
1193 2805 1238 2857 si
1271 2804 1629 2872 deportentur
1651 2817 1780 2856 ossa
1827 2799 2055 2869 Ioseph.

484 2892 662 2944 forent
685 2893 737 2945 in
771 2893 921 2947 omni
959 2893 1192 2965 ngypto
1230 2896 1464 2949 tenebra:
1497 2904 1551 2950 et
1585 2895 1763 2964 caligo
1807 2903 1862 2948 et
1901 2892 2060 2962 plaga

483 3000 682 3054 magna
703 2987 858 3040 valde
891 2985 1182 3058 ASgyptiis,
1213 2997 1270 3040 ut
1297 3003 1421 3041 eum
1458 2989 1678 3042 lucerna
1708 3001 1930 3056 quoque
1953 3001 2059 3041 non

484 3087 782 3146 cognoscat
813 3081 1192 3149 unusquisque
1224 3079 1447 3134 fratrem
1480 3096 1664 3135 suum.

559 3168 650 3223 IX.
688 3170 752 3223 Et
783 3171 1048 3226 fleverunt
1073 3173 1165 3225 lilii
1195 3174 1412 3226 Simeon
1441 3184 1647 3243 patrem
1672 3187 1835 3226 suum
1861 3186 2060 3226 secun-

484 3261 613 3315 dum
650 3262 820 3330 legem
849 3263 1118 3329 tristitia;
1149 3271 1203 3317 et
1235 3273 1394 3317 erant
1428 3264 1480 3317 in
1519 3262 1754 3333 Egypto
1789 3276 1966 3328 usque
1991 3260 2058 3315 ad

485 3354 604 3409 dies
638 3355 819 3410 exitus
851 3370 1046 3410 eorum
1074 3356 1144 3410 ab
1174 3355 1408 3428 A‘ngpto
1439 3357 1493 3410 in
1527 3347 1950 3427 manu'lloysis.

1093 3581 1323 3638 CAPUT
1363 3585 1450 3637 III.

600 3677 988 3732 Testamentum
1020 3675 1143 3732 Levi
1164 3721 1178 3742 ,
1210 3678 1272 3731 de
1298 3677 1592 3730 sacerdotio
1613 3685 1663 3730 et
1689 3677 1953 3746 superbia.

561 3769 599 3824 I.
635 3769 1052 3840 Transcriptum
1087 3770 1373 3824 verborum
1400 3769 1549 3836 Levi,
1587 3787 1927 3842 quareunque
1951 3771 2065 3829 dis-

489 3864 970 3934 posuitIiIiissuis,
1013 3865 1309 3918 secundum
1355 3863 1538 3918 omnia
1563 3880 1684 3932 qua:
1732 3863 1966 3929 facient,
2013 3874 2068 3920 et

491 3972 835 4026 quaecunque
857 3955 1175 4025 contingent
1203 3956 1282 4010 eis
1327 3971 1499 4026 usque
1545 3957 1611 4010 ad
1659 3957 1800 4012 diem
1845 3957 2062 4028 judicii.

493 4046 673 4102 Sanus
689 4057 824 4113 erat,
851 4049 1073 4116 quando
1093 4048 1308 4101 vocavit
1334 4062 1429 4102 eos
1457 4047 1522 4102 ad
1547 4048 1782 4116 seipsum
1807 4068 1819 4102 :
1873 4052 2070 4120 praevi-

490 4139 651 4194 debat
675 4141 818 4194 enim
852 4139 996 4208 quod
1024 4139 1322 4192 moriturus
1351 4147 1488 4192 erat.
1517 4136 1655 4193 Cum
1704 4149 1884 4194 autem
1933 4155 2068 4195 cono

491 4235 693 4305 gregali
718 4242 898 4287 essent
915 4274 929 4297 ,
955 4232 1092 4286 dixit
1113 4233 1228 4286 eis:

562 4327 626 4384 Il.
665 4347 683 4378 ι
704 4327 817 4398 Ego
842 4327 969 4380 Levi
991 4327 1041 4379 in
1059 4327 1304 4380 Charran
1324 4336 1622 4392 conceptus
1651 4343 1796 4392 sum,
1827 4336 1881 4382 et
1905 4336 2066 4384 natus

494 4422 638 4486 illic;
667 4431 859 4490 etpost
883 4421 997 4474 haec
1031 4422 1151 4476 veni
1177 4437 1299 4474 eum
1333 4430 1482 4489 patre
1513 4420 1565 4472 in
1591 4419 1856 4474 Sichima.
1900 4420 2063 4475 Eram

494 4527 623 4566 vero
640 4511 826 4579 junior
849 4512 1007 4581 quasi
1041 4528 1307 4566 annorum
1341 4513 1550 4582 viginti,
1571 4512 1792 4581 quando
1820 4511 1920 4567 feci
1939 4528 2063 4567 cum

496 4603 751 4657 Simeone
771 4604 1063 4656 vindictam
1097 4603 1306 4658 sororis
1331 4612 1530 4657 nostrae
1559 4601 1709 4658 Dina:
1729 4603 1794 4658 de
1822 4603 2064 4658 Emmor.

497 4697 568 4752 Ut
603 4705 782 4750 autem
808 4695 1060 4764 pavimns
1085 4711 1274 4766 greges
1305 4696 1356 4748 in
1385 4696 1690 4758 Abelmanl,
1719 4695 1956 4766 Spiritus
1986 4697 2069 4749 in-

495 4793 743 4848 tcllectus
775 4788 988 4842 Domini
1023 4789 1171 4841 venit
1193 4804 1356 4858 super
1387 4805 1492 4854 me,
1519 4798 1572 4842 et
1593 4788 1838 4843 videbam
1875 4803 2068 4844 omnes

497 4885 751 4941 homines
782 4882 1119 4937 occultantes
1170 4883 1313 4934 viam
1345 4897 1499 4936 suam
1527 4925 1540 4948 ,
1574 4893 1626 4936 et
1678 4881 1824 4952 quod
1880 4898 2068 4939 muros

496 4977 784 5033 :edilicavit
814 4975 914 5030 subi
949 4975 1048 5044 ipsi
1081 4973 1348 5044 injustitia
1379 4975 1421 5039 ⁷,
1452 4984 1506 5030 et
1535 4991 1698 5044 super
1729 4985 1908 5030 turres
1960 4975 2067 5030 ini-

566 5095 585 5125 ⁷
615 5093 759 5148 Psal.
789 5107 902 5154 Ltv,
934 5092 1020 5158 Il,
1052 5090 1136 5145 I2.

571 5211 681 5281 (95)
722 5210 1087 5279 Φαινόμενος
1139 5207 1235 5261 ἐπὶ
1281 5204 1427 5281 γῆς,
1456 5207 1896 5281 ὠς-ἅτςθρωπος.
1939 5206 2072 5281 Qua:

503 5276 594 5345 hic
621 5276 675 5336 et
710 5283 872 5350 paulo
899 5276 1042 5351 post,
1077 5281 1144 5334 de
1169 5293 1364 5344 magno
1399 5276 1506 5331 Deo
1523 5279 1586 5351 iu
1619 5277 1792 5351 forma
1829 5279 2068 5333 hominis

501 5368 666 5422 super
699 5349 1308 5422 terram’apparenteet
1347 5363 1471 5422 cum
1511 5349 1842 5422 hominibus
1881 5363 2068 5422 corne-

501 5417 664 5478 dente
689 5417 975 5483 dicuntur,
1002 5417 1112 5476 non
1141 5419 1335 5479 Judaei.
1370 5417 1463 5472 sed
1498 5419 1798 5474 Christiani
1831 5419 2070 5473 hominis

503 5504 633 5546 sunt
656 5495 838 5547 verba.
865 5492 1037 5551 ῦιιΑιι.

577 5563 690 5632 (94)
739 5564 836 5629 Ὠς
857 5565 1184 5632 ἅνθρωπος.
1213 5560 1426 5618 Omissa
1470 5570 1618 5620 sunt.
1654 5562 1732 5616 Id.

576 5634 688 5694 (95)
741 5634 852 5688 Ἐν.
895 5635 1032 5687 Ἐπί.
1073 5637 1146 5688 In.

579 5704 689 5775 (96)
744 5705 1050 5773 Ἀρχιερέα,
1078 5708 1167 5759 καὶ
1201 5707 1266 5759 ἐκ
1295 5708 1396 5762 τοῦ
1436 5707 1620 5762 Ἰούδα
1637 5706 1918 5770 βασιλέα.
1963 5709 2069 5772 Pp.

2145 458 2252 511 ἀπὸ
2284 458 2542 528 πολέμου.
2581 459 2722 510 Τότε·
2745 459 2867 528 Σὴμ
2899 453 3366 523 ὲνδοξασθήσεται,
3401 451 3492 503 ὅτε
3527 448 3737 518 Κύριος

2144 552 2174 602 ὁ
2204 550 2336 612 Θεὸς
2372 550 2544 620 μέγας
2574 549 2670 602 τοῦ
2718 547 2934 620 Ἰσραὴλ
2968 547 3292 617 φαινόμενος
3335 543 3426 598 ἐπὶ
3467 545 3574 614 γῆς
3621 541 3737 610 (95)

2146 642 2223 704 ὼς
2270 642 2552 713 ἅνθρωπος
2587 641 2698 712 (94)
2720 682 2734 703 ,
2771 642 2866 696 καὶ
2901 638 3090 704 σώζων
3125 641 3182 692 ἐν
3201 635 3349 706 αὑτῷ
3398 637 3493 688 τὸν
3539 634 3736 702 Ἀδάμ..

2149 735 2281 787 Τότε
2313 734 2628 806 δοθήσονται
2664 733 2839 787 πάντα
2871 732 2942 786 τά
2961 731 3246 804 πνεύματα
3277 730 3379 801 τῆς
3413 726 3624 798 πλάνης
3657 727 3741 787 εἰς

2149 827 2547 899 καταπάτησιν,
2583 829 2678 882 καὶ
2707 829 2757 881 oi
2790 826 3064 898 ἄνθρωποι
3100 824 3479 896 βασιλεύσουσι
3510 819 3744 872 τῶνπο-

2088 973 2098 986 κ
2148 922 2330 995 νηρῶν
2364 923 2710 993 πνευμάτων.
2747 922 2880 975 Τότε
2897 921 3273 992 ἀναστήσομαι
3308 920 3366 971 ἐν
3398 915 3739 988 εὐφροσύνῃ,

2149 1020 2242 1073 κα).
2277 1019 2554 1091 εὐλογήσω
2585 1020 2677 1074 τὸν
2715 1020 2974 1087 Ὕψιστον
3008 1021 3065 1072 ὲν
3100 1017 3209 1089 (95)
3243 1020 3357 1081 τοῖς
3408 1006 3742 1085 θαυμασίοις

2151 1114 2316 1167 αὑτοῦ
2336 1132 2348 1144 ·
2386 1115 2468 1168 ὅτι
2501 1117 2530 1167 ὁ
2578 1113 2710 1176 Θεὸς
2744 1113 2901 1183 σῶμα
2933 1111 3132 1175 λαϐὼν,
3167 1111 3261 1164 καὶ
3308 1109 3610 1163 συνεσθίων
3643 1110 3743 1162 ἀν-

2152 1205 2407 1277 θρώποις,
2444 1206 2643 1259 ἔσωσεν
2677 1205 2889 1268 αὐτούς.

2224 1297 2297 1348 Ζ¹.
2340 1317 2357 1346 ι
2388 1297 2496 1350 Kal
2529 1295 2644 1359 νῦν,
2679 1296 2866 1349 τεκνία
2902 1312 3003 1366 μου
3029 1335 3042 1357 ,
3081 1295 3383 1349 ὑπακούετε
3428 1293 3566 1347 Λευῖ
3589 1335 3605 1356 ,
3649 1297 3745 1349 καὶ

2153 1390 2210 1440 ὲν
2259 1388 2427 1461 Ἰούδᾳ
2458 1388 2870 1460 λυτρωθήσεσθε
2893 1406 2905 1418 ·
2944 1389 3038 1441 καὶ
3077 1389 3150 1459 μὴ
3186 1387 3479 1459 ἐπαίρεσθε
3514 1388 3613 1440 ἐπὶ
3644 1389 3744 1448 τὰς

2152 1482 2245 1536 δύο
2278 1481 2450 1551 φυλὰς
2483 1482 2719 1546 ταύτας,
2755 1483 2836 1536 ὅτι
2887 1481 2946 1546 ἐξ
2978 1481 3157 1534 αὐτῶν
3202 1480 3454 1536 ἀνατελεῖ
3502 1482 3639 1551 ύμῖν
3684 1480 3745 1532 τὸ

2157 1577 2419 1647 σωτήριον
2451 1574 2547 1628 τοῦ
2589 1574 2742 1629 Θεοῦ.
2794 1575 3109 1645 Ἀναστήσει
3155 1573 3263 1645 γὰρ
3297 1573 3504 1644 Κύριος
3549 1575 3617 1625 ὲκ
3648 1573 3745 1625 τοῦ

2157 1664 2287 1718 Λευῒ
2334 1664 2638 1737 ἀρχιερέα,
2694 1666 2787 1719 καὶ
2840 1666 2904 1717 ἐκ
2951 1663 3046 1717 τοῦ
3093 1665 3262 1718 Ἰούδα
3316 1663 3544 1733 βασιλέα
3594 1663 3744 1732 (96).

2153 1758 2285 1812 Θεὸν
2306 1760 2400 1811 καὶ
2431 1758 2734 1831 ἄνθρωπον.
2782 1748 2948 1819 Οὗτος
2989 1756 3152 1810 σώσει
3176 1757 3350 1811 πάντα
3371 1757 3441 1810 τά
3475 1757 3627 1826 ἔθνη,
3654 1760 3746 1810 καὶ

2154 1852 2214 1905 τὸ
2246 1852 2400 1920 γένος
2431 1852 2539 1904 τῶν
2587 1853 2821 1925 Ἰσραήλ.
2857 1853 2954 1906 Διά
2985 1853 3141 1906 τοῦτο
3192 1853 3368 1906 πάντα
3412 1851 3525 1920 (97)
3565 1851 3747 1903 ἐντέλ-

2156 1946 2321 2015 λομαι
2357 1946 2508 2016 ὑμῖν,
2546 1946 2632 1999 ἵνα
2666 1947 2758 2000 καὶ
2807 1948 2964 2018 ὑμεῖς
3008 1946 3319 2018 ἐντείλησθε
3367 1948 3482 2008 τοῖς
3528 1945 3745 2004 τέκνοις

2156 2039 2330 2110 ὑμῶν,
2367 2040 2513 2104 ὅπως
2548 2041 2852 2109 φυλάξωσιν
2887 2041 3025 2095 αύτά
3046 2044 3126 2105 είς
3156 2041 3254 2104 τὰς
3287 2039 3484 2109 γενεὰς
3507 2041 3742 2093 αὐτῶν..

2227 2133 2311 2186 II'.
2359 2133 2470 2186 Kal
2530 2133 2839 2186 συνετέλεσε
2913 2132 3136 2205 Συμεὼν
3194 2133 3584 2205 ἐντελλόμενος
3637 2136 3746 2196 τῶς

2157 2227 2292 2288 υἱοῖς
2323 2226 2508 2290 αὑτοῦ,
2544 2227 2638 2279 καὶ
2669 2227 2935 2297 ἐκοιμήθη
2961 2227 3097 2296 μετά
3128 2228 3236 2280 τῶν
3268 2229 3522 2298 πατέρων
3557 2225 3746 2290 αὐτοῦ,

2157 2324 2291 2376 ὲτῶν
2318 2330 2418 2395 ρκ’.
2447 2323 2557 2375 Kal
2581 2321 2781 2392 ἔθηκαν
2808 2321 2966 2374 αὑτὸν
3000 2323 3057 2374 ἐν
3077 2320 3220 2394 θήκῃ
3254 2323 3424 2388 ξύλων
3458 2325 3747 2394 ἀσήπτων,

2156 2416 2252 2470 τοῦ
2287 2419 2580 2486 ἀναγαγεῖν
2611 2417 2680 2468 τὰ
2711 2417 2846 2469 ὁστᾶ
2877 2415 3042 2469 αὐτοῦ
3078 2418 3136 2468 ἐν
3181 2416 3407 2488 Χεϐρόν.
3459 2418 3576 2470 Kal
3619 2417 3742 2488 ἀνή-

2157 2527 2355 2578 νεγκαν
2387 2509 2527 2563 αύτά
2559 2511 2616 2562 ὲν
2651 2507 2874 2580 πολέμῳ
2914 2509 3228 2578 Αἰγυπτίων
3269 2513 3473 2581 κρυφῇ.
3525 2510 3614 2562 Τά
3644 2510 3750 2580 γὰρ

2157 2604 2293 2656 ὀστᾶ
2354 2603 2552 2674 Ἰωσὴφ
2610 2602 2906 2671 ἐφύλαττον
2939 2603 2988 2655 οἱ
3024 2603 3311 2670 Αἰγύπτιοι
3369 2604 3426 2655 ὲν
3485 2604 3605 2666 τοῖς
3656 2620 3748 2654 τα-

2162 2695 2331 2767 μείοις
2366 2695 2476 2764 (98)
2509 2695 2617 2748 τῶν
2673 2694 2952 2764 βασιλέων.
3017 2694 3242 2763 Ἔλεγον
3299 2695 3408 2766 γὰρ
3462 2697 3652 2757 αὐτοῖς
3701 2697 3749 2748 oi

2159 2789 2417 2850 ὲπαοιδοὶ,
2451 2789 2532 2842 ὅτι
2566 2789 2622 2840 ἐν
2657 2787 2820 2860 ἐξόδῳ
2838 2787 3039 2843 ὀστέων
3086 2789 3283 2860 Ἰωσὴφ
3318 2789 3470 2841 ἔσται
3507 2790 3564 2840 ὲν
3603 2788 3752 2859 πάσῃ

2158 2885 2225 2952 τῇ
2258 2884 2328 2953 γῇ
2363 2880 2637 2949 Αἰγύπτου
2672 2879 2880 2943 σκότος,
2917 2881 3011 2933 καὶ
3047 2878 3225 2950 πληγὴ
3282 2878 3492 2949 μεγάλη
3545 2877 3751 2946 σώρα

2161 2976 2271 3037 τοῖς
2300 2972 2633 3041 Αἰγυπτίοις,
2669 2971 2810 3024 ὥστε
2847 2970 2984 3042 μετά
3015 2969 3208 3040 λύχνου
3256 2971 3330 3040 μὴ
3363 2968 3753 3036 ἐπιγινώσκειν

2085 3088 2128 3145 ο
2161 3067 2389 3129 ἕκαστος
2423 3063 2512 3118 τὸν
2543 3063 2771 3130 ἀδελφὸν
2806 3061 2991 3116 αὑτοῦ.

2235 3161 2310 3213 Θ’.
2347 3162 2458 3214 Kal
2489 3157 2760 3211 ἔκλαυσαν
2791 3156 2897 3210 ulol
2929 3155 3153 3227 Συμεὼν
3184 3157 3274 3210 τὸν
3309 3159 3525 3230 πατέρα
3570 3159 3754 3212 αὐτῶν

2166 3251 2307 3306 κατά
2337 3251 2429 3304 τὸν
2461 3249 2624 3321 νόμον
2656 3249 2751 3300 τοῦ
2779 3245 3037 3311 πένθους·
3075 3249 3169 3301 καὶ
3190 3244 3328 3320 ἦσαν
3361 3251 3441 3311 είς
3475 3250 3754 3317 Αἴγυπτον

2165 3346 2270 3405 ἕως
2306 3344 2517 3415 ἡμέρας
2571 3341 2751 3408 ἐξόδου
2809 3339 2990 3395 αὐτῶν
3022 3341 3116 3394 ἀπ’
3178 3341 3288 3413 (99)
3349 3343 3636 3411 Αἰγύπτου
3697 3344 3755 3397 ὲν

2167 3435 2312 3508 χειρὶ
2345 3433 2581 3489 Μωῦσοῦ
2616 3433 2785 3503 (100).

2698 3589 3091 3644 ΚΕΦΛΛΑΙΟΝ
3123 3589 3196 3642 Γ.

2168 3685 2424 3754 Διαθήκη
2457 3685 2622 3750 Λευῒ,
2645 3686 2782 3752 περὶ
2811 3671 3143 3754 ἱερωσύνης
3179 3685 3276 3739 καὶ
3312 3687 3755 3756 ὑπερηφανίας.

2238 3802 2314 3853 A'.
2364 3798 2716 3870 Ἀντίγραφον
2749 3797 2922 3867 λόγων
2954 3798 3104 3862 Λευῗ,
3140 3798 3238 3852 ὅσα
3259 3797 3465 3852 διέθετο
3484 3803 3598 3862 τοῖς
3619 3801 3758 3864 υἱοῖς

2167 3890 2354 3955 αὑτοῦ,
2391 3891 2532 3946 κατά
2562 3890 2737 3943 πάντα
2769 3889 2804 3944 ἃ
2838 3892 3144 3962 ποιήσουσι,
3181 3891 3276 3942 κα).
3307 3889 3407 3943 ὅσα
3429 3893 3755 3962 συναντήσει

2168 3990 2347 4052 αὐτοῖς
2381 3988 2486 4051 ἕως
2517 3988 2730 4060 ἡμέρας
2765 3989 3015 4060 κρίσεως.
3065 3988 3355 4055 Ὑγιαίνων
3386 3983 3476 4058 ἦν,
3515 3989 3605 4041 ὅτε
3630 3989 3756 4041 εκά-

2168 4082 2320 4134 λεσεν
2378 4080 2574 4144 αὐτοὺς
2631 4081 2766 4152 πρὸς
2801 4080 3026 4133 ἑαυτόν·
3085 4078 3238 4150 ὤφθη
3299 4080 3407 4152 γὰρ
3463 4080 3636 4150 αὐτῷ,
3675 4081 3752 4134 ὅτι

2172 4173 2352 4244 μέλλει
2387 4172 2766 4243 ἀποθνήσκειν.
2809 4174 2932 4226 Ὅτε
2967 4172 3025 4226 δὲ
3058 4171 3420 4244 συνήχθησαν,
3455 4171 3581 4228 εἶπε
3619 4175 3750 4245 πρὸς

2169 4261 2380 4326 αὐτούς’

2241 4358 2315 4409 B'.
2357 4377 2373 4408 ι
2417 4356 2556 4424 Ἐγὼ
2589 4354 2717 4409 Λευῒ
2750 4357 2808 4408 ὲν
2840 4353 3065 4427 Χαρρὰν
3101 4355 3470 4428 συνελήφθην,
3504 4357 3603 4409 καὶ
3634 4355 3743 4409 ἐτέ-

2095 4431 2143 4490 D
2170 4444 2303 4514 χθην
2337 4446 2472 4507 ἐκεῖ,
2508 4446 2600 4498 καὶ
2637 4443 2775 4516 μετά
2807 4443 2978 4498 ταῦτα
3012 4441 3173 4516 ἦλθον
3209 4447 3306 4498 σὺν
3339 4444 3419 4516 τῷ
3454 4447 3626 4515 πατρὶ
3675 4448 3749 4507 εἰς

2170 4534 2402 4606 Σίκημα.
2447 4537 2630 4608 Ἧμην
2680 4536 2736 4588 δὲ
2777 4534 3062 4606 νεώτερος,
3096 4536 3229 4588 ὡσεὶ
3263 4535 3338 4606 (Ι)
3388 4536 3524 4589 ἐτῶν
3560 4543 3630 4597 κ’,
3665 4537 3749 4589 ὅτε

2171 4627 2400 4700 ἐποίησα
2448 4629 2585 4699 μετά
2629 4627 2852 4700 Συμεὼν
2905 4627 3004 4698 τὴν
3045 4627 3320 4700 ἐκδίκησιν
3372 4629 3471 4699 τῆς
3515 4627 3752 4698 ἀδελφῆς

2171 4721 2325 4792 ἡμῶν
2353 4721 2508 4787 Δίνας
2533 4724 2638 4776 ἀπὸ
2669 4722 2762 4776 τοῦ
2795 4721 3042 4795 Ἑμμὼρ.
3081 4721 3168 4784 Ὠς
3191 4722 3246 4775 δὲ
3270 4723 3661 4793 ὲποιμαίνομεν
3679 4723 3751 4793 ('3)

2170 4819 2227 4870 ὲν
2267 4815 2616 4886 Ἀϐελμαοὺλ,
2652 4816 2866 4886 πνεῦμα
2915 4815 3183 4878 συνέσεως
3216 4814 3424 4886 Κυρίου
3464 4810 3632 4885 ἦλθεν
3665 4816 3751 4868 ἐπ’

2171 4911 2290 4981 ἐμὲ,
2323 4891 2649 4970 καίπάντας
2675 4907 2993 4980 ἀνθρώπους
3031 4906 3214 4978 ἑώρων
3253 4904 3621 4975 ἀφανίζοντας
3653 4906 3752 4977 τὴν

2169 5001 2286 5054 ὁδὸν
2312 4999 2511 5060 αὐτῶν,
2540 5001 2631 5053 καὶ
2652 5001 2732 5052 ὅτι
2755 4999 2906 5069 τείχη
2927 4999 3272 5070 ᾠκοδόμησεν
3297 4998 3462 5069 ἑαυτῇ
3488 5001 3521 5070 ἡ
3547 4997 3751 5060 ἀδικία,

2169 5211 2244 5276 ὡς
2267 5208 2546 5282 ἀρχιερέα,
2582 5205 2921 5282 ὡς-βαῌσιλέα.
2957 5204 3030 5260 In.

2267 5229 2546 5334 αξχιερεα,
2582 5229 2657 5270 ως
2683 5229 2921 5273 Ρασιλεα.
2957 5229 2960 5257 ι

2265 5284 2297 5336 9
2339 5281 2354 5348 )
2397 5279 2614 5334 Πάντα.
2653 5276 2858 5344 Ταῦτα.
2885 5275 2960 5348 In.

2264 5347 2354 5418 98)
2402 5351 2682 5418 Τίιμείοις.
2721 5347 3021 5418 Ταμιείοις.
3048 5347 3124 5402 In.

2264 5419 2796 5485 99):Anr.'sg.tn.

2246 5490 2392 5561 (100)
2433 5490 2710 5562 Μωῢτζοῦ.
2741 5491 2844 5557 Γρ.
2875 5490 3102 5562 Μενῦσῆ.
3143 5490 3214 5544 Io.

2245 5552 2321 5631 (Ι)
2373 5552 2551 5616 Ὥσεί.
2586 5552 2884 5614 Omissum.
2923 5552 3004 5606 Io.

2246 5637 2322 5706 (‘2)
2377 5633 2848 5701 Ἐποιμίιίνρμεν.
2898 5631 3260 5703 Ἐποίμαινον.
3300 5631 3371 5685 In.
