4002 6308
263 267 392 324 1055

1542 266 2061 324 TES'I'AMELVTL'M
2104 268 2278 323 LEVI.

3363 283 3497 337 £054

256 383 347 440 καὶ
377 382 466 435 ἐπὶ
490 381 728 453 πύργους
767 384 798 453 ή
836 379 1334 456 ἀνομία’κάθηται·
1374 389 1468 439 κα)⁵
1507 385 1804 456 ὲλυπούμηη

1937 390 2124 456 quitas
2155 389 2326 454 sedit;
2360 397 2410 444 et
2441 394 2694 448 trislatus
2717 410 2836 450 sum
2868 398 2934 450 de
2957 414 3150 468 genere
3192 400 3498 464 hominmn,

258 479 380 548 περὶ
400 475 490 528 τοῦ
527 475 715 543 γένους
752 477 855 529 τῶν
879 477 1198 550 ἀνθρώπων,
1226 481 1318 532 καὶ
1343 477 1586 551 εὐξάμην
1613 480 1820 550 Κυρίῳ,

254 572 394 632 ὅπως
420 566 596 621 σωθῶ.
626 568 758 620 Τότε
785 569 1050 622 ἐπέπεσεν
1074 569 1160 621 ἐπ’
1192 570 1295 639 ἐμὲ
1329 567 1515 631 ὕπνος,
1555 569 1650 622 καὶ
1665 568 1820 620 ἐθεα-

255 662 428 731 σάμην
450 660 574 729 ὅρος
600 659 830 730 ὑψηλόν·
872 661 1030 714 τοῦτο
1055 661 1178 732 ὄρος
1225 661 1470 724 Ἀσπίδος
1509 663 1568 714 ὲν
1633 662 1819 714 Ἀϐελ-

255 751 418 824 μαούλ
445 751 541 820 (3).
574 751 682 803 Kal
720 751 828 804 ἰδοὺ
851 751 1202 822 ἀνεῴχθησαν
1227 754 1276 805 οἱ
1300 753 1538 824 οὐρανοὶ,
1583 755 1677 807 καὶ
1715 755 1818 821 ἄγ-

250 839 397 908 γελος
423 838 625 908 Κυρίου
661 833 782 892 εἷπε
809 840 942 909 πρός
974 857 1043 910 με
1063 857 1076 870 ·
1132 859 1150 891 ι
1176 840 1309 894 Λευτ
1330 881 1345 905 ,
1390 841 1620 896 εἴσελθε.
1649 863 1666 897 t
1710 844 1819 897 Kal

248 931 490 1001 εἰσῆλθον
540 933 603 985 ὲκ
641 933 734 985 τοῦ
772 933 991 1004 πρώτου
1030 933 1260 1006 ούρανοῦ
1305 936 1385 999 εἰς
1423 935 1514 988 τὸν
1547 936 1815 1008 δεύτερον,

248 1024 337 1075 καὶ
369 1017 506 1075 εἶδον
548 1024 666 1076 ἐκεῖ
705 1023 848 1096 ὓδωρ
885 1026 1230 1096 κρεμάμενον
1269 1025 1373 1080 ἀνά
1403 1027 1566 1098 μέσον
1625 1028 1818 1081 τούτου

248 1110 516 1164 κάκείνου.
555 1114 663 1166 Καί
697 1110 834 1167 εἶδον
863 1114 937 1185 (4)
972 1113 1154 1188 τρίτον
1177 1115 1406 1188 οὐρανὸν
1445 1116 1578 1170 πολὺ
1621 1136 1815 1188 φωτει-

247 1204 460 1275 νότερον
507 1206 662 1276 παρά
712 1207 837 1270 τοὺς
875 1207 998 1261 δύο·
1037 1209 1131 1262 καὶ
1163 1209 1271 1279 γὰρ
1297 1208 1428 1279 ὕψος
1465 1206 1532 1280 ἦν
1568 1213 1625 1264 ὲν
1669 1214 1816 1286 αὐτῷ

243 1297 480 1369 ἄπειρον.
521 1299 630 1350 Καὶ
649 1296 801 1352 εἷπον
823 1299 900 1370 τῷ
927 1301 1142 1372 ἀγγέλῳ
1164 1319 1178 1332 ο
1214 1322 1232 1352 ι
1257 1302 1408 1354 Διατί
1432 1301 1636 1369 οὖτωςς
1665 1325 1682 1355 ι
1705 1306 1815 1360 Καὶ

242 1384 388 1443 εἷπεν
421 1392 448 1443 ὁ
473 1390 703 1460 ἅγγελος
729 1393 864 1464 πρὸς
890 1411 955 1464 με
977 1411 988 1423 ·
1034 1415 1050 1443 ι
1077 1395 1166 1466 Μὴ
1203 1393 1447 1466 Θαύμαςε
1472 1397 1565 1448 ἐπὶ
1586 1396 1812 1460 τούτοις,

240 1483 426 1548 ἄλλους
460 1486 570 1558 γὰρ
592 1487 862 1559 τέσσαρας
885 1490 1146 1560 οὐρανοὺς
1169 1490 1287 1560 ὄψει
1314 1493 1699 1565 φαιδροτέρους
1723 1495 1815 1547 καὶ

238 1577 618 1650 ἀσυγκρίτους,
655 1579 783 1632 ὅταν
818 1579 1047 1652 ἀνέλθῃς
1074 1582 1220 1634 έκεῖ⁶
1257 1583 1338 1635 ὅτι
1381 1584 1445 1636 σὺ
1485 1584 1649 1653 ἐγγὺς
1696 1587 1810 1638 Κυ-

241 1668 352 1738 ρίου
381 1671 576 1741 στήσῃ,
609 1672 702 1724 καὶ
729 1671 1040 1744 λειτουργὸς
1074 1671 1239 1726 αὑτοῦ
1264 1675 1384 1748 ἔσῃ,
1421 1677 1514 1728 καὶ
1540 1679 1812 1749 μυστήρια

236 1759 396 1811 αὑτοῦ
423 1760 738 1829 ὲξαγγελείς
759 1765 870 1826 τοῖς
895 1742 1222 1834 ἀνθρώποις,
1261 1742 1362 1817 καί⁷
1388 1767 1516 1838 περ).
1541 1742 1647 1820 ’τοῦ
1688 1742 1814 1838 μέλ-ι
1845 1742 1886 1796 Β

236 1847 424 1928 λοντος.
437 1849 764 1922 λυτροῦσθαι
787 1852 878 1904 τὸν
926 1853 1143 1924 Ἰσραὴλ
1170 1856 1425 1926 κηρύξεις
1444 1875 1455 1886 ·
1494 1858 1586 1910 καὶ
1612 1858 1698 1911 διά
1720 1858 1812 1912 σοῦ

235 1941 323 1993 καὶ
361 1942 528 1996 Ἰούδα
551 1943 843 2015 ὀφθήσεται
870 1947 1071 2019 Κύριος
1094 1951 1151 2000 ὲν
1187 1945 1521 2020 ἀνθρώποις,
1548 1949 1736 2014 σώζων
1753 1954 1812 2005 ὲν

232 2033 414 2096 αὐτοῖς
440 2037 546 2088 πᾶν
580 2037 735 2104 γένος
760 2038 1063 2110 ἀνθρώπων
1085 2059 1096 2070 ·
1135 2043 1228 2094 καὶ
1262 2043 1325 2094 ὲκ
1355 2042 1568 2113 μερίδος
1607 2044 1810 2114 Κυρίου

232 2118 262 2185 ἡ
285 2116 396 2190 ζωή
429 2137 545 2185 σου,
570 2124 662 2175 καὶ
687 2125 848 2188 αὐτὸς
872 2124 1022 2178 ἔσται
1051 2143 1141 2179 σου
1170 2127 1357 2198 ἀγρὸς,
1385 2128 1661 2200 ἀμπελὼν,
1681 2149 1808 2204 καρ-

232 2209 338 2272 ποὶ,
378 2215 601 2283 χρυσίον
636 2217 729 2269 καὶ
763 2217 1044 2290 ἀργύριον.

295 2303 370 2358 I".
425 2325 442 2356 ι
491 2308 752 2361 ’Ἄκουσον
799 2306 890 2364 οὖν
938 2313 1066 2381 περὶ
1112 2313 1220 2366 τῶν
1267 2315 1406 2369 ἐπτά
1439 2317 1702 2390 οὐρανῶν.
1751 2321 1809 2376 Ὁ

225 2395 431 2450 κατώτε
442 2415 532 2468 ρος
565 2400 652 2453 διὰ
683 2401 841 2455 τοῦτο
875 2405 1224 2478 στυγνότερός
1249 2408 1416 2472 ἐστιν,
1445 2409 1629 2482 ἐπειδὴ
1656 2407 1808 2477 οὗτος

224 2485 374 2557 παρά
422 2489 601 2553 πάσας
649 2491 861 2555 ἀδικίας
909 2492 1230 2564 ἀνθρώπων.
1296 2496 1354 2548 Ὀ
1397 2495 1648 2569 δεύτερος
1693 2499 1806 2569 ἔχει

223 2577 357 2649 πῦρ,
395 2578 571 2649 χιόνα,
603 2583 952 2655 κρύσταλλον,
980 2583 1173 2656 ἕτοιμα
1208 2589 1287 2650 είς
1325 2588 1538 2659 ἡμέραν
1571 2590 1808 2660 προστά-

219 2685 434 2739 γματος
461 2675 686 2746 Κυρίου,
715 2678 773 2728 ὲν
801 2680 864 2748 τῇ
891 2677 1258 2751 δικαιοκρισίᾳ
1288 2679 1383 2732 τοῦ
1417 2680 1552 2734 Θεοῦ
1571 2699 1583 2711 °
1623 2683 1680 2735 ὲν
1705 2683 1803 2736 αύ-

218 2762 299 2833 τῷ
339 2769 444 2819 εἰσι
485 2769 660 2822 πάντα
693 2769 764 2822 τὰ
798 2770 1082 2841 πνεύματα
1123 2771 1199 2843 (5)
1235 2773 1342 2825 τῶν
1386 2774 1688 2842 ἐπαγωγῶν
1725 2777 1804 2839 είς

222 2859 502 2930 ἐκδίκησιν
536 2860 644 2913 τῶν
679 2862 914 2932 ἀνόμων.
967 2863 1054 2915 Ἐν
1086 2863 1164 2934 τῷ
1188 2863 1356 2936 τρίτῳ
1393 2866 1532 2918 εἰσὶν
1557 2869 1610 2919 ai
1645 2867 1803 2921 δυνά-

227 2967 342 3019 μεις
375 2951 485 3003 τῶν
515 2953 894 3023 παρεμϐολῶν,
930 2939 1212 3025 ταχθεῖσαι
1239 2954 1314 3026 (6)
1344 2959 1421 3020 εἰς
1449 2958 1660 3029 ἡμέραν
1685 2959 1803 3030 κρί-

222 3059 378 3106 σεως,
418 3045 637 3114 ποιῆσαι
673 3046 949 3116 ἐκδίκησιν
984 3048 1040 3099 ἐν
1072 3051 1187 3112 τοῖς
1221 3048 1496 3119 πνεύμασι
1528 3051 1626 3122 τῆς
1665 3051 1800 3106 πλά-

221 3151 316 3204 νης
343 3137 436 3188 καὶ
462 3135 556 3188 τοῦ
584 3137 869 3208 Βελιάρ.οἱ
902 3139 958 3192 δὲ
991 3141 1071 3203 είς
1097 3139 1354 3212 τέταρτον
1383 3142 1569 3196 ἐπάνω
1594 3143 1801 3199 τούτων

223 3227 364 3295 ἀγιοί
387 3231 557 3282 εἰσιν·
588 3230 668 3282 ὃτι
702 3232 758 3282 ὲν
791 3231 1046 3304 ἀνωτέρῳ
1086 3234 1300 3286 πάντων
1334 3233 1586 3287 καταλύει
1621 3237 1654 3306 ἡ
1699 3254 1798 3306 με-

218 3321 352 3392 γάλη
379 3322 510 3388 δόξα
529 3322 762 3394 ὲνἈγίῳ
786 3323 976 3392 ἁγίων,
1007 3325 1261 3396 ὑπεράνω
1288 3325 1467 3395 πάσης
1491 3327 1796 3398 ἁγιότητος.

231 3411 316 3464 Ἐν
347 3413 500 3484 αύτῷ
535 3413 610 3484 (7)
645 3418 692 3468 οἱ
727 3414 948 3484 ἄγγελοί
974 3418 1079 3467 είσι
1115 3414 1206 3467 τοῦ
1242 3413 1534 3485 προσώπου
1572 3417 1796 3488 Κυρίου,

216 3507 262 3557 οί
295 3505 738 3579 λειτουργοῦντες
769 3509 863 3562 καὶ
887 3507 1293 3578 ἐξιλασκόμενοι
1321 3506 1457 3578 πρὸς
1482 3508 1683 3580 Κύριον
1707 3511 1799 3562 ἐπὶ

219 3598 412 3663 πάσαις
453 3603 578 3663 ταῖς
612 3599 854 3668 ἀγνοίαις
900 3600 1008 3652 τῶν
1052 3599 1294 3653 δικαίων.
1325 3599 1702 3672 Προσφέρουσι
1741 3602 1798 3654 δὲ

215 3691 398 3762 Κυρίῳ
440 3692 521 3761 (8)
559 3691 734 3762 ὀσμὴν
767 3691 995 3755 εὐωδίας
1029 3692 1253 3764 λογικὴν
1277 3733 1291 3757 ,
1329 3694 1422 3746 καὶ
1463 3693 1798 3764 ἀναίμακτον

214 3784 548 3856 προσφοράν.
598 3785 683 3836 Ἐν
726 3782 783 3836 δὲ
828 3781 906 3854 τῷ
956 3785 1210 3837 ὑποκάτω
1241 3785 1378 3838 εἰσὶν
1416 3787 1465 3838 οἱ
1499 3786 1796 3856 ἀγγελοιοὶ

214 3873 468 3945 φέροντες
504 3874 601 3936 τὰς
625 3873 942 3943 ἀποκρίσεις
963 3876 1074 3936 τοῖς
1098 3873 1346 3940 ἀγγέλοις
1376 3873 1471 3926 τοῦ
1506 3874 1794 3946 προσώπου

215 3965 435 4036 Κυρίου.
481 3965 569 4016 Ἐν
590 3963 647 4016 δὲ
678 3962 754 4033 τῷ
791 3964 905 4034 μετ’
939 3963 1121 4027 αὑτὸν,
1159 3963 1266 4016 είσὶ
1298 3963 1497 4034 θρόνοι,
1532 3965 1791 4031 ἐξουσίαι,

212 4057 265 4107 ὲν
289 4050 330 4124 ᾧ
356 4058 446 4110 ἀεὶ
478 4056 635 4126 ὓμνοι
669 4055 746 4126 τῷ
778 4053 894 4125 Θεῷ
920 4054 1336 4126 προσφέρονται.
1367 4057 1531 4110 Ὅταν
1558 4053 1649 4110 οὖν
1677 4060 1795 4112 ἐπι-

213 4147 375 4223 ϐλέψῃ
406 4153 437 4204 ὁ
472 4148 676 4220 Κύριος
711 4147 785 4219 (9)
815 4148 899 4217 ἐφ’
927 4149 1098 4218 ἡμᾶς,
1135 4148 1336 4211 πάντες
1370 4149 1532 4218 ἡμεῖς
1570 4150 1792 4204 σαλευό-

216 4241 347 4310 μεθα
371 4260 382 4272 ·
423 4242 523 4295 καὶ
547 4243 595 4294 οί
631 4241 868 4312 οὐρανοὶ,
900 4241 992 4294 καὶ
1027 4241 1060 4312 ἡ
1092 4239 1186 4309 γῆ,
1216 4241 1310 4293 καὶ
1334 4242 1388 4292 αἱ
1414 4241 1657 4306 ἄϐυσσοι,
1686 4244 1794 4298 ἀπὸ

213 4335 502 4405 προσώπου
526 4333 626 4403 τῆς
665 4331 1056 4403 μεγαλωσύνης
1089 4330 1254 4385 αὑτοῦ
1291 4332 1600 4388 σαλεύονται
1637 4335 1748 4405 (10)
1773 4354 1786 4366 ·

210 4429 255 4479 οί
287 4428 342 4480 δὲ
373 4429 484 4482 υἱοὶ
514 4426 624 4479 τῶν
656 4425 981 4497 ἀνθρώπων,
1033 4426 1126 4477 ἐπὶ
1158 4423 1366 4488 τούτοις
1399 4426 1786 4498 ἀναισθητοῦν-
1821 4425 1864 4479 D

211 4536 316 4583 τες,
351 4519 749 4590 ἁμαρτάνουσι,
786 4519 879 4571 καὶ
913 4517 1302 4588 παροργίζουσι
1340 4518 1430 4571 τὸν
1468 4519 1752 4588 ⁹’Υψιστον.

278 4616 349 4668 A'.
380 4635 397 4664 ι
436 4612 552 4666 Νῦν
580 4607 674 4666 οὖν
695 4609 1010 4678 γινώσκετε,
1036 4611 1117 4663 ὅτι
1145 4613 1359 4682 ποιήσει
1382 4612 1585 4684 Κύριος
1608 4613 1786 4685 κρίσιν

211 4707 299 4759 ἐπὶ
329 4711 457 4771 τοὺς
513 4708 660 4770 υἱοὺς
703 4706 810 4758 τῶν
855 4704 1188 4775 ἀνθρώπων,
1237 4707 1359 4770 ὅτε,
1409 4707 1516 4759 τῶν
1564 4707 1784 4780 πετρῶν

214 4801 562 4872 σχιζομένων,
589 4801 680 4853 καὶ
702 4799 794 4852 τοῦ
821 4799 970 4870 ἡλίου
997 4799 1376 4870 σϐεννυμένου,
1400 4801 1493 4853 καὶ
1521 4800 1632 4854 τῶν
1659 4801 1782 4854 ὑδά-

210 4909 314 4948 των
343 4895 405 4965 ξη
417 4893 746 4966 ραινομένων
765 4932 779 4954 ,
815 4891 908 4944 καὶ
936 4891 1030 4944 τοῦ
1059 4892 1229 4964 πυρὸς
1271 4893 1748 4963 καταπὴσσοντος
1771 4941 1788 4961 ,

214 4981 303 5035 καὶ
337 4984 517 5055 πάσης
559 4982 788 5046 κτίσεως
829 4981 1191 5054 κλονουμένης
1215 5023 1229 5047 ,
1259 4983 1353 5035 καὶ
1386 4982 1495 5035 τῶν
1539 4983 1786 5054 ἀοράτων

282 5140 357 5208 (5)
397 5141 505 5194 Καὶ
559 5141 910 5208 ἐλυπούμην
936 5178 951 5193 .
974 5178 987 5193 .
1014 5179 1025 5191 .
1054 5179 1066 5192 .
1091 5139 1160 5193 ἐν
1221 5139 1607 5207 Ἀϐελμαούλ.
1663 5136 1786 5194 Haec

215 5224 392 5265 omn;a
447 5213 648 5266 omissa
704 5219 872 5278 sunt,
921 5211 1110 5280 procul
1160 5211 1326 5264 dubio
1377 5226 1469 5278 per
1518 5210 1783 5263 incuriam

217 5283 423 5335 scribe.
459 5283 537 5336 In.

285 5353 360 5418 (4)
401 5353 601 5406 Εἶδον.
640 5353 760 5405 Ἔτι
793 5352 1055 5407 additum.
1093 5353 1168 5405 ID.

285 5424 360 5491 (5)
406 5426 479 5477 Τὰ
512 5424 841 5491 πνεύματα.
872 5423 944 5478 De
970 5423 1054 5476 his
1078 5421 1446 5476 Ecelesiastici
1476 5439 1665 5485 χχχιχ,
1693 5423 1781 5478 55.

220 5491 386 5548 Ἐστι
418 5495 741 5562 πνεύματα,
776 5493 813 5546 ἂ
844 5497 930 5560 εἰς
961 5493 1275 5559 ἐκδίκησιν
1305 5493 1588 5548 ἔκτισται.
1633 5496 1709 5547 In.

285 5564 359 5634 (6)
404 5564 730 5632 Ταχθεῖσαι.
769 5566 830 5616 Οἱ
865 5564 1169 5634 ταχθέντες.
1216 5563 1289 5618 Ιυ.

284 5632 358 5702 (7)
399 5635 585 5700 Αὐτῷ.
621 5635 710 5705 Τῷ
747 5637 862 5705 μετ’
895 5632 1074 5688 αῦτὸν.
1113 5633 1185 5688 ID.

285 5705 358 5772 (8)
400 5705 811 5776 "pec-genre:
855 5706 920 5759 es
963 5707 1173 5775 Κιφίῳ.
1213 5705 1285 5760 lla
1333 5706 1446 5775 ipse
1488 5707 1786 5775 archange-

1926 488 1979 533 et
2014 481 2167 534 oravi
2200 481 2488 536 Dominum
2520 495 2578 538 ut
2600 487 2860 541 salvarer.
2908 488 3060 545 Tunc
3092 491 3286 546 cecidit
3336 508 3498 561 super

1925 587 2012 625 me
2046 588 2296 640 somnus,
2317 585 2372 629 et
2389 579 2788 647 contemplatus
2805 596 2923 634 sum
2945 585 3490 638 montemcxcelsum:

1925 665 2014 718 hic
2043 673 2127 719 est
2153 681 2314 722 mons
2339 667 2564 737 Aspidis
2593 670 2646 722 in
2679 672 2986 727 Abelmaul.
3045 675 3106 729 Et
3153 693 3277 732 ecce
3321 681 3493 748 aperti

1922 766 2051 810 sunt
2071 759 2194 813 εαξη
2226 801 2241 825 ,
2267 770 2318 815 et
2347 763 2573 831 angelus
2593 761 2683 818 Dei
2716 765 2851 819 dixit
2875 768 3006 821 mihi
3033 787 3045 821 :
3100 790 3117 820 ι
3139 769 3286 837 Levi,
3315 773 3494 843 ingre-

1920 850 2067 905 dere.
2093 871 2110 902 ι
2154 851 2220 906 Ει
2249 854 2591 924 ingrediebar
2620 859 2686 912 de
2720 859 2894 928 primo
2925 862 3064 916 cmlo
3091 862 3142 915 in
3169 865 3488 930 secundum,

1919 950 1973 996 et
2013 944 2122 998 vidi
2156 945 2265 1001 illic
2290 963 2486 1016 aquam
2532 966 2853 1020 suspensam
2913 953 2967 1007 in
3017 955 3196 1009 medio
3234 957 3395 1025 huius
3437 965 3493 1011 et

1920 1035 2088 1092 illius.
2121 1037 2185 1092 Et
2209 1040 2315 1094 vidi
2349 1043 2566 1095 tertium
2597 1045 2793 1099 cmlum
2832 1047 3003 1101 multo
3043 1048 3276 1104 lucidius
3324 1066 3489 1120 quam

1920 1131 2095 1198 duos;
2128 1133 2326 1187 etenim
2368 1135 2596 1190 altitudo
2634 1147 2749 1192 erat
2776 1140 2828 1192 in
2864 1140 2982 1208 ipso
3014 1142 3243 1198 infinita.
3293 1143 3356 1198 Et
3408 1147 3492 1199 di-

1919 1222 2107 1276 cebam
2143 1225 2334 1294 angelo
2372 1243 2384 1278 :
2422 1244 2440 1277 ι
2485 1225 2711 1295 Pr0pter
2741 1230 2870 1298 quid
2916 1231 3030 1284 ita?
3060 1254 3078 1285 ι
3111 1233 3176 1288 Et
3212 1235 3348 1292 dixit
3389 1254 3490 1292 an-

1918 1313 2070 1382 gelus
2109 1315 2272 1368 mihi:
2309 1315 2421 1370 «Ne
2451 1317 2666 1372 mireris
2722 1318 2774 1371 in
2811 1319 2932 1385 his;
2967 1340 2984 1371 ι
3020 1323 3156 1377 alios
3179 1325 3321 1378 enim
3351 1341 3488 1394 qua-

1919 1415 2044 1460 tuor
2099 1408 2268 1462 caelos
2304 1408 2512 1464 videbis
2573 1411 2836 1465 clariores
2891 1420 2944 1466 et
3007 1413 3484 1483 incomparabiles,

1916 1515 2039 1554 cum
2074 1500 2388 1555 ascenderis
2417 1501 2555 1566 illic;
2587 1504 2845 1571 quoniam
2873 1512 2927 1557 tu
2973 1520 3139 1574 prope
3195 1505 3488 1560 hominum

1916 1593 2114 1656 stabis,
2143 1603 2195 1646 et
2218 1593 2466 1647 minister
2490 1595 2663 1664 ipsius
2699 1596 2831 1662 eris,
2858 1607 2911 1650 et
2952 1598 3207 1668 mysteria
3245 1599 3365 1668 ejus
3389 1614 3490 1652 an—

1917 1687 2195 1742 nuntiabis
2227 1687 2560 1748 hominibus,
2593 1698 2644 1740 et
2691 1687 2759 1742 de
2791 1698 3020 1741 venturo
3051 1689 3286 1743 liberare
3321 1687 3489 1747 lsrael

1917 1778 2276 1847 prmdicabis;
2313 1788 2365 1832 et
2387 1795 2481 1847 per
2514 1788 2565 1832 te
2598 1789 2651 1832 et
2673 1777 2867 1833 Judam
2901 1782 3183 1849 apparebit
3227 1781 3488 1838 Dominus

1916 1873 2056 1927 inter
2089 1873 2358 1936 homines,
2401 1873 2619 1928 salvans
2670 1873 2723 1926 in
2755 1872 2886 1942 ipsis
2915 1889 3077 1928 omne
3102 1890 3272 1943 genus
3306 1875 3452 1928 homi
3473 1905 3486 1917 ε

1915 1982 2042 2020 num
2069 1984 2082 2028 ;
2112 1975 2166 2020 et
2195 1982 2258 2021 ex
2291 1976 2443 2035 parte
2475 1965 2687 2020 Domini
2720 1971 2822 2022 erit
2845 1968 2951 2022 vita
2986 1977 3108 2033 tua;
3137 1977 3190 2022 et
3215 1969 3330 2038 ipse
3381 1968 3488 2024 erit

1913 2057 2009 2112 tibi
2037 2073 2185 2128 ager,
2212 2057 2392 2122 vinea,
2426 2058 2657 2126 fructus,
2692 2077 2887 2115 aurum
2911 2069 2964 2116 et
2986 2071 3290 2130 argentum.

1982 2335 2068 2391 Ill.
2117 2339 2299 2396 «Audi
2322 2355 2450 2410 ergo
2486 2340 2553 2394 de
2581 2351 2788 2410 septem
2833 2342 3022 2397 caelis:
3069 2340 3302 2397 Inferius
3352 2359 3482 2413 pro-

1911 2439 2094 2500 pterea
2124 2433 2336 2488 tristius
2374 2443 2478 2498 est,
2503 2435 2631 2504 quia
2671 2435 2813 2490 istud
2843 2436 3002 2505 juxta
3043 2452 3236 2492 omnes
3260 2437 3482 2506 injusti-

1911 2525 2016 2578 tias
2045 2525 2328 2578 hominum
2357 2535 2461 2581 cst.
2487 2525 2801 2581 Secundum
2828 2528 2990 2583 habet
3027 2529 3232 2599 ignem,
3274 2530 3479 2596 nivem,

1909 2618 2162 2690 glaciem,
2207 2628 2393 2688 parata
2425 2619 2477 2674 in
2511 2619 2655 2675 diem
2683 2623 2932 2691 praecepti
2987 2623 3222 2690 Domini,
3263 2624 3482 2693 injusto

1903 2711 2116 2781 judicio
2134 2711 2226 2765 Dei
2252 2730 2265 2778 ;
2294 2713 2347 2766 in
2375 2713 2493 2782 ipso
2531 2723 2660 2768 sunt
2690 2731 2882 2770 omnes
2908 2716 3134 2785 spiritus
3162 2718 3478 2771 retributio-

1908 2820 2037 2857 num
2069 2804 2120 2856 in
2154 2804 2448 2860 vindictam
2481 2806 2816 2876 iniquorum.
2846 2806 2902 2861 ιη
2936 2810 3093 2862 tertio
3142 2817 3272 2864 sunt
3302 2810 3478 2863 virtu-

1908 2905 1989 2952 tes
2011 2906 2341 2963 castrorum,
2371 2899 2638 2954 ordinata:
2669 2899 2722 2954 in
2748 2901 2891 2955 diem
2913 2901 3128 2970 judieii,
3163 2901 3230 2955 ad
3272 2901 3482 2957 facient-

1905 2990 2034 3044 dum
2067 2990 2366 3045 vindictam
2413 2991 2465 3044 in
2514 2993 2797 3060 spiritibus
2849 2995 3053 3048 erroris
3077 3002 3130 3049 et
3175 2993 3371 3048 Beliar.
3419 2993 3476 3049 lu

1828 3079 1870 3136 C
1905 3091 2102 3152 quarto
2119 3093 2298 3139 autem
2329 3085 2581 3154 superius
2607 3085 2689 3139 his
2719 3086 2892 3140 sancti
2922 3093 3082 3151 sunt;
3117 3087 3378 3155 quoniam
3423 3087 3476 3140 in

1907 3191 2165 3246 supremo
2213 3177 2457 3230 omnium
2512 3177 2721 3231 habitat
2757 3193 2958 3248 magna
2994 3178 3164 3248 gloria
3189 3178 3240 3230 in
3277 3178 3478 3233 Sancto

1906 3284 2244 3334 Sanetorum,
2279 3285 2442 3338 supra
2475 3286 2696 3324 omnem
2733 3271 3100 3324 sanctitatem.
3154 3269 3210 3323 In
3242 3271 3345 3324 hoe
3378 3287 3476 3324 au-

1903 3365 2005 3434 geli
2057 3373 2184 3419 sunt
2235 3365 2390 3418 faciei
2427 3365 2538 3430 Dei,
2597 3365 2972 3420 ministrantes
3030 3375 3082 3420 et
3115 3367 3476 3434 propitiantes

1903 3455 2044 3524 apud
2079 3455 2371 3510 Dominum
2405 3456 2459 3508 in
2505 3457 2762 3511 omnibus
2808 3457 3132 3526 ignorantiis
3174 3458 3473 3526 justorum.

1902 3548 2150 3601 Ullerunt
2173 3563 2302 3601 vero
2346 3546 2578 3601 Domino
2608 3549 2834 3602 odorem
2887 3549 3174 3603 suavitatis
3232 3552 3475 3604 rationa-

1901 3638 2027 3705 lem,
2059 3649 2114 3693 et
2140 3641 2258 3694 sine
2292 3640 2556 3708 sanguine
2583 3641 2933 3694 oblationem.
2961 3642 3017 3694 In
3041 3656 3107 3694 eo
3123 3652 3302 3695 autem
3329 3643 3474 3710 quod

1901 3732 2096 3786 subtus
2126 3741 2230 3795 est,
2263 3742 2390 3786 sunt
2416 3732 2593 3802 angeli
2617 3733 2706 3801 qui
2739 3731 2920 3787 ferunt
2953 3734 3336 3802 responsiones
3376 3750 3475 3788 au-

1899 3825 2036 3894 gelis
2069 3824 2226 3878 faciei
2259 3822 2496 3878 Domini.
2525 3822 2582 3876 ln
2609 3839 2675 3878 eo
2712 3841 2840 3878 vero
2872 3825 3017 3894 quod
3055 3834 3181 3893 post
3237 3826 3339 3879 hoc
3367 3835 3470 3890 est,

1899 3923 2030 3968 sunt
2061 3914 2239 3968 throni
2270 3923 2323 3969 et
2346 3923 2664 3984 potestates,
2699 3914 2751 3967 in
2778 3930 2886 3983 quo
2911 3915 3097 3985 hymni
3125 3931 3340 3984 semper
3362 3914 3472 3970 Deo

1897 4003 2224 4058 offeruntur.
2258 4003 2488 4070 Quando
2513 4021 2642 4074 ergo
2665 4005 2965 4074 respexerit
2989 4004 3254 4060 Dominus
3306 4022 3469 4074 super

1897 4111 2017 4159 nos,
2058 4104 2467 4151 commovemur
2496 4111 2686 4150 omnes
2719 4111 2852 4161 nos;
2884 4104 2932 4150 el
2983 4095 3126 4160 coeli,
3154 4105 3205 4149 et
3228 4105 3390 4162 terra,
3417 4107 3471 4151 et

1896 4189 2100 4258 abyssi,
2121 4205 2152 4242 a
2183 4188 2320 4242 facie
2348 4187 2741 4259 magnitudinis
2762 4189 2879 4258 ejus
2904 4197 3347 4242 commoventur:
3374 4187 3470 4244 lilii

1895 4291 2075 4335 autem
2107 4283 2386 4334 hominum
2421 4282 2473 4334 in
2509 4281 2594 4336 his
2624 4280 2918 4336 existentes
2968 4280 3314 4335 insensibiles
3344 4296 3472 4349 pec-

1895 4375 2116 4438 cabunt,
2158 4384 2210 4428 et
2243 4374 2532 4429 irritabunt
2562 4374 2924 4429 Altissimum.

1968 4598 2061 4653 ιν.
2099 4616 2118 4650 ι
2143 4597 2300 4654 Nunc
2321 4615 2450 4670 ergo
2483 4599 2816 4669 cognoscite,
2840 4600 2982 4670 quod
3011 4598 3177 4656 faciet
3203 4599 3469 4656 Dominus

1887 4692 2154 4763 judicium
2179 4708 2344 4763 super
2383 4694 2525 4748 filios
2563 4693 2867 4756 hominum,
2892 4695 3112 4762 quando
3139 4694 3307 4764 petris
3332 4693 3466 4748 scis-

1890 4787 1988 4852 sis,
2027 4795 2082 4841 et
2105 4787 2218 4841 sole
2243 4785 2514 4841 exstincto
2535 4826 2551 4850 ,
2579 4794 2634 4840 et
2661 4785 2818 4854 aquis
2850 4785 3068 4840 siccatis
3091 4827 3105 4850 ,
3127 4795 3180 4840 et
3211 4786 3334 4857 igne
3360 4794 3464 4840 tre-

1895 4889 2100 4947 mente,
2135 4891 2190 4934 et
2210 4881 2360 4935 omni
2393 4890 2644 4935 creatura
2699 4881 2912 4934 turbata
2938 4921 2953 4946 ,
2999 4889 3053 4934 et
3100 4879 3464 4935 invisibilibus

1891 4972 2178 5041 spiritibus
2203 4971 2537 5042 liquefactis,
2559 4983 2613 5026 et
2637 4971 2852 5026 inferno
2877 4972 3110 5042 spoiiato
3131 4972 3182 5025 in
3212 4973 3464 5041 passione

1890 5138 1974 5190 lus
2009 5134 2280 5204 Raphiae],
2316 5133 2450 5187 Tob.
2490 5147 2599 5198 xu,
2643 5133 2747 5186 15:
2797 5132 2942 5203 Ἐγώ
2983 5134 3100 5200 εἰμι
3158 5129 3459 5204 Ῥαφαὴλι,

1887 5207 1974 5272 εἷς
2005 5206 2074 5259 ἐκ
2095 5200 2224 5258 τῶν
2255 5203 2404 5258 ἐπτὰ
2435 5204 2618 5273 ἁγίων
2660 5200 2929 5273 armer
2947 5243 2961 5266 ,
2998 5204 3053 5256 οἳ
3085 5200 3464 5270 προσαναφέο

1879 5294 2062 5348 ρουσι
2094 5278 2196 5348 τὰς
2228 5274 2720 5348 προσεῃχᾲςητῶν
2750 5276 2977 5348 ἀπίων,
3009 5273 3105 5326 καὶ
3126 5273 3462 5348 ’.εἰσπορερ-

1887 5343 2054 5403 errat
2084 5346 2338 5400 ἐνώπιον
2371 5345 2478 5413 τῆς
2509 5345 2694 5411 δόξης
2733 5343 2838 5398 τοῦ
2879 5345 3071 5413 ἁγίου.
3117 5343 3338 5398 Confer.
3401 5343 3460 5398 S.

1887 5419 2118 5474 Joannis
2144 5419 2467 5488 Apocalyps.
2502 5417 2706 5488 vui,A5,
2744 5432 2858 5482 seq.
2892 5413 2972 5488 lu.

1959 5490 2038 5560 (9)
2081 5485 2264 5542 "om.
2286 5485 2408 5560 0ὗῇ
2429 5486 2726 5560 ἐπιϐλέψῃ
2759 5489 2790 5539 ὀ
2815 5487 3050 5560 Κύριος,
3075 5497 3180 5541 etc.
3206 5485 3464 5560 Respexit

1889 5556 2330 5629 ad'prophetiam
2367 5557 2638 5611 llabacuci
2682 5571 2776 5629 ut,
2805 5557 2841 5629 ti
2871 5575 2883 5610 :
2937 5557 3148 5629 ξἘστη,
3186 5558 3280 5611 καὶ
3316 5556 3461 5610 ἐσα-

1887 5625 2072 5696 λεύθη
2094 5625 2144 5697 τι)
2180 5629 2275 5700 γῆ,
2310 5629 2623 5700 ἐπέϐλεψε,
2659 5627 2755 5700 καὶ
2790 5625 3028 5700 διετάκη
3059 5630 3222 5696 ἔθνη.
3258 5631 3332 5682 In.

1961 5703 2072 5771 (10)
2114 5696 2492 5756 Σάλεύονται.
2532 5696 2978 5774 Σαλευθήσονται.
3017 5699 3092 5756 In.
