4030 6316
275 260 415 316 1057

1504 217 2028 310 τεετΑΜΕΝτυΜ
2066 247 2242 305 LEVI.

3396 252 3533 308 1οῖὶὸ

273 372 631 439 κατεδέξαντο
666 374 761 446 τὴν
806 375 1135 448 περιτομὴν,
1161 378 1253 431 καὶ
1293 373 1429 446 μετά
1462 373 1620 427 τοῦτο
1649 370 1839 426 ἅπὲθα

1956 365 2189 435 sionem,
2234 377 2289 423 et
2309 376 2432 438 post
2456 368 2561 424 hoc
2588 370 2791 424 mortui
2815 377 2977 435 sunt;
3018 379 3073 424 et
3099 370 3153 422 in
3190 369 3531 427 benedictio-

275 483 401 523 νον·
435 468 530 521 καὶ
563 468 619 519 ἐν
652 471 770 531 ταῖς
811 468 1078 538 εὐλογίαις
1113 468 1285 533 ἄλλως
1321 468 1591 538 ἐποίησεν.
1642 465 1850 537 Ἡμάρ-

274 578 443 632 τομεν
496 560 636 634 γὰρ,
676 563 757 615 ὅτι
809 562 957 635 παρά
995 562 1221 635 γνώμην
1263 561 1430 617 αὑτοῦ
1473 562 1851 632 πεποιήκαμεν

273 652 435 706 τοῦτο
457 670 471 683 ·
508 653 663 721 καίγε
697 655 1033 728 ὲμαλακίσθη
1070 657 1127 708 ἐν
1157 659 1223 728 τῇ
1258 656 1440 728 ἡμέρᾳ
1466 654 1669 729 ἐκείνῃ.
1710 652 1850 706 Ἀλλ’

274 744 391 813 ἐγὼ
422 741 559 798 εἶδον
581 787 596 808 ,
631 746 710 799 ὅτι
744 746 1015 815 ἀπόφασις
1046 747 1182 802 Θεοῦ
1212 744 1281 819 ἦν
1325 749 1404 811 είς
1438 745 1583 800 κακὰ
1625 746 1716 800 ἐπὶ
1760 746 1847 798 Σί-

274 854 465 907 κημα·
502 837 633 891 διότι
668 838 853 909 ήθελον
886 842 966 904 εἰς
995 841 1091 912 τὴν
1126 842 1337 914 Σάρῤαν
1371 840 1610 910 ποιῆσαι,
1644 839 1702 892 ὃν
1726 838 1849 911 τρό-

273 943 380 980 πον
428 926 688 997 ἐποίησαν
733 928 890 981 Δίναν
936 929 1034 1000 τὴν
1080 929 1311 1000 ἀδελφὴν
1359 927 1546 999 ἡμῶν*
1594 926 1689 979 καὶ
1733 924 1848 978 Κύ-

278 1036 395 1091 ριος
433 1015 698 1071 ἐκώλυσεν
737 1018 948 1083 αύτούς.
988 1020 1098 1072 Καὶ
1135 1020 1306 1085 οὕτως
1328 1018 1563 1093 ¹ἐδίωξαν
1599 1016 1849 1088 Ἀϐραὰμ

270 1112 368 1164 τὸν
410 1110 620 1181 πατέρα
664 1110 821 1182 ἡμῶν
845 1152 860 1175 ,
914 1111 1060 1178 ξένον
1114 1112 1272 1176 ὄντα,
1325 1111 1420 1165 καὶ
1457 1110 1848 1181 κατεπάτησαν

273 1204 391 1275 (i7)
416 1204 485 1259 τὰ
506 1205 731 1276 ποίμνια
767 1206 1071 1277 ὠγκωμένα
1100 1205 1226 1259 ὄντα
1262 1206 1349 1258 ἐπ’
1384 1204 1544 1257 αὐτόν
1564 1221 1575 1233 ·
1608 1203 1700 1256 καὶ
1748 1202 1846 1254 Ἰε-

274 1295 436 1360 ϐλαῖ,
469 1296 559 1350 τὸν
589 1298 835 1368 οίκογενῆ
870 1298 1065 1363 αὑτοῦ,
1102 1298 1304 1369 σφόδρα
1342 1297 1637 1349 αίκίσαντο.
1672 1296 1845 1364 Καίγε

270 1386 448 1450 οὕτως
472 1388 684 1441 ἐποίουν
715 1389 921 1452 πάντας
947 1390 1072 1452 τοὺς
1102 1389 1284 1456 ξένους
1318 1387 1451 1459 (i8),
1483 1390 1541 1440 ἐν
1561 1388 1846 1459 δυναστείᾳ

270 1478 611 1550 ἁρπάζοντες
633 1479 732 1544 τὰς
757 1484 1016 1548 γυναῖκας
1046 1481 1225 1535 αὐτῶν
1244 1521 1259 1545 ,
1299 1482 1392 1533 καὶ
1432 1480 1845 1551 ξενηλατοῦντες

270 1569 743 1640 αὑτούς.Ἔφθασε
764 1571 818 1625 δὲ
838 1574 871 1642 ἡ
892 1572 1028 1643 ὀργὴ
1048 1573 1250 1644 Κυρίου
1266 1573 1350 1624 ἐπ’
1368 1572 1562 1635 αὐτοὺς
1577 1575 1656 1636 είς
1670 1571 1841 1636 τέλος.

342 1663 417 1715 Ζ’.
461 1682 479 1714 ι
516 1664 623 1716 Καὶ
655 1658 806 1716 εἶπον
843 1663 920 1734 τῷ
956 1665 1151 1735 πατρί·
1189 1684 1206 1716 ι
1251 1663 1342 1735 Μὴ
1383 1664 1620 1736 όργίζου,
1665 1664 1841 1735 κύριε,

268 1752 353 1804 ὅτι
378 1753 435 1805 ἐν
459 1754 540 1805 σοὶ
579 1752 918 1820 ἐξουδενώσει
955 1754 1156 1826 Κύριος
1189 1755 1315 1818 τοὺς
1360 1755 1724 1819 Χαναναίους,
1752 1757 1845 1808 κα)⁹

266 1843 430 1897 δώσει
468 1846 568 1915 τὴν
605 1846 707 1917 γῆν
741 1845 919 1899 αὐτῶν
962 1864 1079 1910 σοι,
1134 1848 1225 1900 καὶ
1264 1848 1535 1920 σπέρματί
1574 1866 1664 1902 σου
1708 1848 1844 1918 μετά

269 1937 355 1993 σέ.
390 1940 582 1994 Ἔσται
616 1941 725 2013 γὰρ
757 1942 865 1996 ἀπὸ
900 1944 1136 2015 σήμερον
1170 1945 1348 2016 Σικὴμ
1388 1945 1651 2017 λεγομένη
1694 1945 1844 2009 πόλις

267 2031 546 2084 ἀσυνέτων
565 2049 579 2063 ’
603 2033 827 2086 ὃτιὼσεί
846 2052 930 2098 τις
950 2034 1197 2104 χλευάσει
1221 2035 1420 2107 μωρὸν,
1442 2036 1612 2100 οὕτως
1632 2036 1846 2107 ἐχλευά-

268 2138 442 2193 σαμεν
461 2122 674 2187 αὐτούς·
694 2125 774 2178 ὅτι
790 2142 860 2179 κα
868 2126 947 2194 ίγε
963 2127 1267 2199 ἀφροσύνην
1283 2126 1521 2199 ἔπραξαν
1536 2130 1593 2182 ἐν
1609 2130 1841 2202 Ἰσραὴλ,

273 2214 463 2284 μιᾶναι
496 2214 604 2284 (l9)
621 2216 720 2287 τὴν
751 2216 985 2290 ἀδελφὴν
1019 2220 1193 2292 ἡμῶν.
1212 2221 1321 2274 Καὶ
1347 2220 1601 2285 λαϐόντες
1635 2221 1843 2276 ἐκεῖθεν

268 2302 376 2375 τὴν
400 2304 625 2377 ἀδελφὴν
651 2307 827 2378 ἡμῶν,
845 2310 1148 2383 ἀπάροντες
1165 2312 1274 2383 (20)
1291 2313 1523 2384 ἤλθομεν
1543 2315 1621 2377 είς
1648 2314 1837 2385 Βεθήλ.

344 2396 427 2450 Η¹.
459 2416 478 2448 ι
506 2399 679 2452 Κάκεῖ
706 2400 864 2454 πάλιν
891 2398 1028 2456 εἶδον
1063 2406 1312 2476 πρᾶγμα,
1343 2404 1531 2477 ὥσπερ
1556 2406 1618 2459 τὸ
1646 2406 1841 2477 πρότε-

273 2502 389 2556 ρον,
424 2488 558 2560 μετὰ
584 2490 643 2543 τὸ
676 2492 894 2563 ποιῆσαι
916 2494 1130 2566 ἡμέρας
1159 2503 1200 2549 ο¹
1238 2497 1368 2567 (21).
1399 2499 1507 2551 Καὶ
1541 2494 1678 2551 εἶδον
1702 2499 1843 2554 ἐπτὰ

275 2580 600 2651 ἀνθρώπους
613 2584 671 2637 ἐν
686 2584 871 2657 ἐσθῆτι
897 2586 1085 2660 λευκῇ,
1104 2588 1360 2657 λέγοντάς
1385 2608 1500 2662 μοι·
1526 2609 1545 2643 ι
1582 2592 1839 2658 Ἀναστὰς

269 2672 487 2728 ἔνδυσαι
514 2675 613 2747 τὴν
645 2676 835 2749 στολὴν
869 2678 969 2749 τῆς
1008 2680 1299 2752 ίερατείας,
1345 2684 1438 2737 καὶ
1464 2683 1554 2738 τὸν
1582 2686 1840 2755 στέφανον

265 2764 375 2835 τῆς
403 2765 766 2838 δικαιοσύνης,
794 2771 887 2824 καὶ
909 2770 970 2824 τὸ
993 2770 1171 2841 λόγιον
1200 2776 1298 2845 τῆς
1320 2777 1602 2843 συνέσεως,
1630 2781 1723 2834 καὶ
1747 2782 1838 2835 τὸν

270 2857 481 2929 ποδήρη
523 2859 621 2931 τῆς
667 2860 940 2931 ἀληθείας,
981 2865 1164 2918 καὶτὸ
1202 2866 1428 2922 πέταλον
1455 2869 1555 2940 τῆς
1584 2872 1836 2938 πίστεως,

270 2948 367 3000 καὶ
394 2949 494 3020 τὴν
522 2950 718 3039 μίτραν
741 2952 834 3007 τοῦ
860 2957 1105 3025 σημείου,
1128 2958 1222 3011 καὶ
1247 2959 1309 3012 τὸ
1333 2961 1496 3031 ἐφοὺδ
1515 2964 1615 3033 τῆς
1638 2983 1839 3039 προφη-

1951 457 2113 514 nibus
2142 459 2299 514 aliter
2337 458 2485 513 fecit.
2512 458 2867 515 Peccavimus
2896 459 3067 526 enim,
3092 460 3352 531 quoniam
3389 477 3530 530 pra:—

1953 554 2034 603 ter
2055 550 2344 605 consilium
2376 551 2497 620 ejus
2552 550 2658 606 hoc
2687 550 2953 618 fecimus;
3000 560 3055 606 et
3099 552 3407 608 inﬁrmatus
3446 562 3530 609 est

1951 641 2005 696 in
2037 642 2126 697 die
2149 642 2259 697 illa.
2295 642 2400 696 Sed
2434 659 2534 714 ego
2566 644 2716 707 novi,
2758 644 2906 713 quod
2934 646 3203 698 sententia
3260 643 3352 701 Dei
3407 655 3529 700 erat

1952 737 2006 792 in
2051 739 2190 791 mala
2228 753 2391 807 super
2430 736 2708 803 Sichima;
2753 737 3014 806 quoniam
3043 738 3333 793 voluerunt
3376 737 3527 794 Sane

1952 827 2151 894 facere,
2203 828 2663 898 quemadmodum
2712 827 2957 882 fecerunt
3009 828 3158 883 Dina}
3201 832 3375 885 sorori
3423 847 3526 884 ηομ

1951 930 2109 977 strae:
2144 930 2197 974 et
2232 918 2497 974 Dominus
2520 920 2803 988 prohibuit
2849 936 2968 973 eos.
3014 918 3079 974 Et
3130 925 3209 974 sic
3250 923 3523 990 persecuti

1949 1022 2079 1069 sunt
2104 1014 2379 1068 Abraham
2416 1023 2621 1082 patrem
2666 1021 2941 1078 nostrum,
2999 999 3344 1084 peregrinum
3400 1014 3522 1067 exi-

1950 1114 2284 1171 stentem,et
2315 1106 2775 1163 conculcaverunt
2822 1122 3012 1176 greges
3068 1106 3209 1175 ejus,
3276 1105 3522 1175 turgidus

1947 1202 2243 1256 existentes
2274 1200 2417 1268 apud
2446 1200 2663 1268 ipsum;
2704 1209 2758 1255 et
2808 1198 3015 1261 Jeblai,
3053 1199 3106 1252 in
3153 1199 3315 1251 domo
3346 1197 3519 1267 ipsius

1948 1296 2213 1365 genitum,
2243 1294 2398 1348 valde
2445 1293 2891 1348 verberaverunt.
2928 1291 2993 1345 Et
3043 1292 3117 1345 ita
3165 1290 3437 1346 faciebant
3464 1292 3519 1345 in

1947 1399 2138 1438 omnes
2176 1384 2514 1453 peregrinos,
2549 1383 2600 1436 vi
2632 1384 2907 1452 rapientes
2954 1396 3154 1437 uxores
3205 1397 3419 1446 eorum,
3466 1392 3521 1436 ct

1947 1473 2000 1527 in
2033 1474 2284 1528 exsilium
2319 1473 2658 1542 impellenles
2687 1488 2803 1527 eos.
2861 1471 3023 1526 Venit
3057 1481 3236 1527 autem
3297 1474 3377 1527 ira
3413 1472 3519 1527 Do-

1945 1568 2078 1622 mini
2104 1582 2266 1635 super
2298 1580 2392 1619 eos
2423 1565 2475 1618 in
2510 1564 2695 1619 finem.

2015 1658 2129 1713 VII.
2179 1677 2196 1710 ι
2223 1658 2287 1713 Ει
2319 1658 2563 1712 dicebam
2594 1660 2731 1727 patri
2758 1677 2769 1713 :
2806 1678 2823 1710 ι
2848 1658 2927 1714 Ne
2960 1659 3235 1725 irascaris,
3268 1661 3514 1727 domine,

1949 1752 2209 1822 quoniam
2239 1751 2293 1805 in
2317 1762 2369 1807 te
2392 1753 2459 1807 ad
2484 1752 2716 1806 nihilum
2745 1753 2950 1821 rediget
2980 1752 3125 1807 Deus
3150 1752 3514 1820 Chananzeos,

1948 1854 2001 1900 et
2040 1845 2188 1899 dabit
2234 1854 2433 1898 terram
2485 1844 2726 1913 ipsorum
2758 1844 2877 1908 tibi,
2916 1853 2969 1898 et
3004 1844 3199 1898 semini
3250 1853 3345 1898 tuo
3395 1852 3519 1913 post

1947 1944 2019 1992 te.
2050 1956 2068 1988 ι
2106 1934 2222 1989 Erit
2273 1934 2417 1990 enim
2451 1933 2526 1989 ab
2562 1934 2668 1988 hoc
2723 1933 2811 1987 die
2856 1932 3076 1987 Siehcm
3130 1933 3276 1988 dicta
3319 1933 3515 1989 civitas

1947 2028 2238 2083 stultorum
2262 2044 2277 2093 ;
2303 2027 2562 2097 quoniam
2586 2034 2647 2081 ut
2668 2027 2793 2096 quis
2815 2026 3023 2081 deridet
3054 2024 3286 2091 fatuum,
3316 2027 3388 2080 ita
3419 2027 3516 2082 de-

1946 2119 2170 2174 risimus
2186 2134 2298 2183 eos;
2317 2120 2575 2189 quoniam
2594 2119 2958 2188 insipientiam
2978 2119 3185 2187 operati
3210 2131 3339 2173 sunt
3360 2118 3413 2172 in
3435 2120 3518 2173 ls-

1944 2211 2079 2277 rael,
2099 2210 2447 2282 inquinantes
2471 2225 2714 2266 sororem
2735 2220 2998 2265 nostram.
3019 2210 3082 2265 Et
3104 2210 3432 2279 accipientes
3449 2210 3517 2263 il-

1944 2307 2055 2363 linc
2077 2322 2318 2362 sororem
2336 2314 2604 2371 nostram,
2622 2305 2930 2361 auferentes
2962 2307 3212 2361 venimus
3231 2306 3282 2359 in
3302 2306 3511 2361 Bethel.

2015 2399 2151 2454 Vlll.
2193 2419 2212 2452 ι
2248 2397 2315 2453 Et
2348 2398 2419 2453 ibi
2466 2413 2662 2453 rursus
2687 2397 2935 2453 videbam
2984 2414 3122 2461 rem,
3152 2399 3514 2469 quemadmo-

1942 2491 2071 2545 dum
2104 2489 2277 2559 prius,
2303 2497 2590 2559 postquam
2617 2488 2721 2543 feci
2752 2489 2869 2543 dies
2899 2490 3261 2560 septuaginta.
3294 2490 3361 2545 Et
3401 2491 3512 2545 vidi

1942 2595 2149 2654 septem
2178 2584 2428 2637 homines
2454 2582 2508 2635 in
2534 2592 2682 2637 veste
2704 2581 2847 2646 alba,
2882 2582 3123 2637 dicentes
3155 2582 3289 2637 mihi
3315 2602 3330 2638 :
3362 2602 3379 2635 ι
3404 2583 3514 2638 Ex-

1942 2692 2193 2747 surgens,
2221 2675 2384 2729 indue
2416 2675 2606 2731 stolam
2636 2674 2948 2739 sacerdotii,
2979 2684 3034 2729 et
3063 2689 3322 2729 coronam
3348 2676 3513 2746 justi-

1941 2769 2028 2824 tiaa
2051 2811 2065 2836 ,
2107 2778 2159 2824 et
2199 2768 2464 2823 rationale
2504 2768 2832 2832 intellectus,
2868 2776 2922 2822 et
2952 2768 3204 2836 poderem
3234 2769 3509 2837 veritatis,

1938 2871 1993 2916 et
2019 2861 2255 2932 petalum
2285 2860 2428 2923 ﬁdei,
2459 2869 2512 2914 et
2537 2861 2754 2914 mitram
2785 2860 2948 2931 signi,
2982 2868 3035 2914 et
3065 2861 3241 2931 ephud
3271 2864 3509 2932 prophe-

1941 2953 2050 3007 tiae.
2082 2971 2102 3004 ι
2135 2951 2201 3006 Et
2233 2951 2611 3020 unusquisque
2643 2951 2886 3021 ipsorum
2920 2954 3351 3024 unumquodque
3381 2968 3510 3024 por-

267 3040 439 3103 τείας.
466 3059 483 3092 ι
508 3043 616 3095 Καὶ
630 3037 710 3107 είς
730 3043 958 3110 ἕκαστος
984 3048 1163 3102 αὐτῶν
1187 3049 1415 3106 ἕκαστον
1458 3037 1834 3125 βαστάζοντες,

1943 3053 2141 3111 tantes,
2179 3044 2561 3114 imposuerunt
2610 3043 2765 3109 mihi,
2798 3052 2851 3097 et
2902 3044 3201 3099 dixerunt:
3235 3065 3253 3098 ι
3285 3046 3367 3100 Ab
3407 3048 3510 3103 hoc

269 3131 549 3202 ἐπέθηκαν
587 3152 695 3206 μοι,
722 3138 817 3190 καὶ
840 3133 1025 3193 εἶπον·
1072 3140 1202 3194 Ἀπὸ
1233 3142 1324 3195 τοῦ
1360 3144 1453 3199 νῦν
1477 3146 1626 3213 γίνου
1658 3150 1737 3212 είς
1766 3150 1840 3201 is-

272 3223 375 3292 ρέα
416 3219 641 3296 Κυρίου,
677 3228 741 3282 σὺ
773 3230 864 3282 καὶ
896 3231 1114 3302 σπέρμα
1151 3251 1245 3287 σου
1280 3234 1385 3299 ἕως
1426 3238 1640 3303 αἰῶνος.
1676 3242 1785 3294 Καὶ
1810 3244 1838 3295 ό

267 3316 487 3389 πριῖιτος
648 3320 831 3392 ἤλειψέ
856 3340 921 3393 με
944 3324 1106 3397 ἐλαίῳ
1129 3327 1286 3403 ἁγίῳ,
1319 3329 1412 3382 καὶ
1432 3329 1597 3383 ἔδωκέ
1622 3349 1711 3402 μοι
1743 3332 1839 3405 ρά-

267 3410 395 3463 ϐδον
433 3413 683 3483 κρίσεως.
726 3418 783 3471 '0
807 3417 1054 3489 δεύτερος
1096 3420 1281 3473 ἕλουσέ
1316 3438 1382 3491 με
1414 3422 1562 3476 ὕδατι
1590 3424 1832 3497 καθαρῷ,

266 3502 368 3556 καὶ
396 3502 636 3575 ἐψώμισε
665 3508 824 3578 ἄρτον
864 3509 973 3579 (25)
1003 3512 1095 3565 καὶ
1122 3507 1280 3576 οἶνον,
1315 3514 1479 3582 ’Ἅγια
1508 3516 1674 3584 ἁγίων
1701 3517 1833 3589 (24),

268 3596 367 3649 καὶ
392 3596 680 3669 περιέθηκέ
705 3618 793 3670 μοι
826 3601 1015 3673 στολὴν
1044 3604 1203 3671 ἁγίαν
1232 3606 1325 3658 καὶ
1359 3606 1583 3674 ἔνδοξον.
1629 3610 1686 3663 '0
1717 3612 1834 3683 τρί-

264 3705 362 3750 τος
406 3687 658 3760 βυσσίνην
692 3709 756 3761 με
787 3691 1125 3764 περιέϐαλεν,
1166 3697 1352 3767 ὁμοίαν
1398 3700 1578 3769 ἐφούδ.
1640 3701 1697 3756 '0
1746 3702 1836 3756 τέ-

263 3795 463 3849 ταρτος
494 3779 667 3850 ζώνην
710 3799 797 3851 μοι
830 3786 1180 3858 περιέθηκεν,
1226 3790 1415 3860 ὁμοίαν
1449 3791 1720 3864 πορφύρᾳ.
1778 3795 1836 3848 '0

265 3873 516 3943 πέμπτος
543 3875 733 3930 κλάδον
766 3897 853 3950 μοι
879 3879 1059 3945 ἐλαίας
1088 3883 1252 3938 ἔδωκε
1284 3884 1548 3956 πιότητος.
1599 3887 1655 3941 Ὀ
1680 3887 1835 3951 ἕκτος

268 3962 530 4033 στέφανόν
564 3984 652 4037 μοι
675 3971 739 4039 τῇ
771 3971 978 4042 κεφαλῇ
1007 3974 1349 4045 περιέθηκεν.
1397 3976 1453 4031 Ὀ
1478 3977 1700 4049 ἕϐδομος
1724 3979 1837 4032 διὰ-

262 4056 414 4127 δημα
435 4061 499 4130 τῇ
536 4063 742 4134 κεφαλῇ
777 4081 866 4134 μοι
902 4066 1169 4138 ίερατείας
1198 4070 1506 4141 περιέθηκε,
1537 4071 1631 4125 καὶ
1666 4071 1835 4143 ἐπλή-

269 4167 411 4220 ρωσε
448 4153 546 4216 τὰς
580 4157 766 4226 χεῖράς
810 4174 911 4227 μου
956 4158 1313 4231 θυμιάματος,
1358 4162 1496 4216 ὥστε
1542 4165 1835 4235 ἱερατεύειν

268 4258 339 4309 με
364 4243 567 4315 Κυρίῳ.
596 4241 768 4300 Εἶπαν
800 4247 856 4300 δὲ
885 4249 1021 4319 πρός
1048 4267 1142 4320 με·
1181 4271 1198 4301 ι
1229 4253 1359 4306 Λευῒ
1388 4255 1467 4318 είς
1493 4258 1641 4327 τρεῖς
1662 4255 1835 4327 ἀρχὰς

261 4332 661 4405 διαιρεθήσεται
687 4337 748 4389 τὸ
778 4338 1001 4410 σπέρμα
1029 4357 1143 4405 σου,
1180 4342 1259 4404 εἰς
1297 4346 1518 4414 σημεῖον
1542 4344 1697 4415 δόξης
1724 4349 1835 4399 Κυ-

1942 3146 2185 3206 tempore
2216 3146 2335 3191 esto
2362 3134 2616 3190 sacerdos
2652 3134 2887 3199 Domini,
2921 3143 2979 3191 tu
3024 3146 3078 3192 et
3126 3153 3308 3193 semen
3354 3151 3507 3196 tuum

1938 3244 2115 3299 usque
2144 3228 2198 3282 in
2240 3229 2520 3283 saeculum.
2554 3247 2573 3279 ι
2610 3226 2677 3281 Ει
2705 3227 2913 3297 primus
2944 3230 3097 3284 unxit
3124 3247 3210 3285 me
3234 3231 3355 3287 oleo
3379 3249 3510 3288 san-

1940 3332 2047 3388 cto,
2080 3330 2135 3378 et
2184 3322 2331 3377 dedit
2382 3321 2515 3375 mihi
2546 3322 2753 3393 virgam
2783 3322 2997 3391 judicii.
3050 3325 3333 3382 Secundus
3376 3328 3509 3384 lavit

1942 3431 2028 3470 me
2050 3430 2191 3485 aqua
2228 3415 2449 3479 munda,
2481 3423 2536 3469 et
2564 3415 2765 3469 cibavit
2785 3415 2962 3485 (dans)
2989 3431 3181 3485 panem
3213 3429 3267 3473 et
3294 3420 3504 3486 vinum,

1940 3509 2147 3563 scilicet
2173 3507 2371 3562 Sancta
2405 3515 2742 3570 sanctorum,
2781 3518 2834 3562 et
2864 3510 3216 3566 circumdedit
3253 3528 3338 3566 me
3366 3515 3504 3568 stola

1939 3613 2127 3660 sancta
2155 3610 2209 3658 et
2231 3602 2490 3673 gloriosa.
2518 3600 2735 3656 Tertius
2762 3602 2982 3672 byssina
3007 3620 3092 3657 me
3116 3605 3312 3673 induit,
3340 3607 3507 3662 simili

1936 3697 2134 3767 ephod.
2170 3694 2407 3761 Quartus
2443 3710 2636 3749 zonam
2686 3695 2819 3748 mihi
2858 3696 3297 3767 circumposuit,
3345 3701 3503 3755 simi-

1936 3790 2041 3844 lem
2074 3803 2348 3859 purpuraa.
2377 3786 2613 3853 Quintus
2642 3803 2854 3842 ramum
2881 3790 3038 3843 olivze
3064 3790 3198 3844 mihi
3222 3792 3505 3861 deditpin-

1938 3882 2206 3954 guedinis.
2260 3880 2458 3934 Sextus
2506 3895 2769 3935 coronam
2807 3882 2971 3951 capiti
3024 3898 3145 3938 meo
3192 3884 3506 3956 circumpo—

1914 3975 2069 4031 .suit.
2104 3971 2383 4043 Septimus
2409 3972 2658 4027 diadema
2692 3974 2854 4043 capiti
2899 3990 3023 4028 meo
3067 3976 3359 4032 sacerdotii
3391 3979 3502 4034 eir-

1938 4064 2270 4134 cumposuit,
2296 4071 2351 4118 et
2372 4064 2613 4133 implevit
2641 4080 2837 4120 manus
2863 4081 3015 4121 meas
3046 4068 3419 4139 thymiamate,
3443 4082 3506 4128 ut

1937 4157 2244 4212 sacerdotio
2266 4155 2522 4225 lungerer
2549 4154 2802 4212 Domino.
2832 4155 3096 4213 Dixerunt
3119 4171 3298 4215 autem
3326 4162 3459 4217 mihi
3485 4181 3502 4219 :

1943 4268 1961 4301 ‹
1994 4249 2145 4315 Levi,
2177 4249 2234 4304 in
2279 4249 2379 4302 tria
2414 4247 2680 4317 principia
2710 4248 2981 4304 dividetur
3009 4266 3194 4306 semen
3230 4262 3415 4323 tuum,
3448 4256 3504 4310 in

1937 4343 2155 4413 signum
2187 4341 2372 4411 gloria:
2408 4340 2622 4395 Domini
2662 4343 3133 4410 supervenientis;
3165 4352 3221 4397 et
3253 4347 3346 4415 qui
3384 4363 3507 4403 ere.

264 4420 387 4493 ρίου
415 4424 810 4495 ἐπερχομένου·
829 4406 978 4481 καὶ-ὀ
1010 4429 1306 4493 πιστεύσας
1325 4406 1436 4503 (έὸ)
1462 4406 1830 4507 πρῶτοςνκλῆ-

1940 4435 2153 4498 diderit,
2183 4434 2357 4504 prima
2400 4449 2522 4488 sors
2544 4433 2666 4499 erit,
2689 4440 2744 4486 et
2767 4432 2940 4502 major
2967 4449 3129 4503 super
3174 4437 3349 4505 ipsum
3390 4455 3500 4493 non

264 4531 362 4585 ρος
394 4513 564 4580 ἔσται,
599 4520 692 4571 καὶ
734 4521 906 4590 μέγας
948 4522 1088 4593 ὑπὲρ
1130 4524 1292 4577 αὑτὸν
1326 4526 1387 4578 οὐ
1417 4527 1723 4596 γενήσεται.
1775 4530 1831 4584 Ὀ

259 4606 514 4682 δεύτερος
535 4613 686 4667 ἐσται
706 4616 764 4667 ἐν
792 4616 1075 4688 ἱερωσύνῃ.
1111 4618 1166 4672 '0
1185 4619 1384 4690 τρίτος,
1407 4621 1830 4695 ἐπικληθήσεται

338 4744 939 4827 (ΙῙᾺΚᾳτεπάι-ηααν.
976 4755 1387 4827 Κατεπόνησαν,
1422 4759 1602 4813 nimiis
1631 4759 1830 4817 labori.

261 4814 914 4902 ῡαελςίατςὶραταηιξδξνθ
936 4814 1292 4902 confecerunt
1325 4814 1493 4902 ϐψ.

486 4886 722 4969 {hirtae
752 4894 893 4969 coep
925 4886 1156 4969 ξένους.
1192 4898 1332 4969 Πᾶσι
1360 4900 1472 4961 τοῖς
1515 4896 1700 4963 ξένοις.
1750 4901 1827 4958 Io.

363 4956 450 5029 19)
486 4956 723 5017 Μιᾶναι.
754 4956 1057 5029 Μιάναντες
1082 4956 1258 5019 Δίναν.
1286 4965 1366 5021 In.

344 5029 448 5101 [20)
502 5030 869 5101 Ἀπάροντες.
908 5036 1258 5101 Ἐπάραντες,
1284 5053 1387 5093 ms.
1417 5038 1590 5094 Oxon.
1624 5039 1728 5096 Sed
1754 5044 1831 5099 le-

259 5100 661 5178 gendumyuto
686 5100 1013 5178 ἀπάραντες.
1042 5100 1115 5161 lo.

358 5171 449 5252 gl
465 5172 720 5252 ᾙιέέρας.
740 5171 959 5252 Inserta).
975 5188 1100 5252 sunt
1110 5179 1242 5252 dum
1263 5194 1422 5252 voces
1444 5184 1477 5250 ἡ
1488 5184 1592 5252 μᾶς
1608 5183 1824 5241 Entello.

502 5245 562 5297 Ὀ
592 5241 838 5313 πρῶτος.
876 5250 995 5301 Ἔτι
1022 5249 1284 5305 additum.
1313 5251 1389 5305 In.

333 5312 445 5455 (25)
490 5315 707 5388 Ἄρτον.
738 5312 839 5371 Me.
874 5318 947 5373 lo.

355 5383 446 5453 Ἃ)
489 5386 648 5454 Ἅγια
694 5389 894 5455 ἁγίων.
938 5390 947 5441 l

355 5383 446 5453 Ἃ)
489 5383 648 5462 "Arria
694 5389 894 5462 ἀπίων.
938 5389 1113 5445 Minus
1159 5394 1372 5461 placent
1414 5411 1535 5462 qua:
1582 5395 1634 5448 in
1683 5397 1829 5452 hunc

254 5453 443 5508 locum
479 5453 705 5512 adnotat
739 5453 999 5525 Crabius;
1042 5478 1103 5515 ea
1139 5453 1283 5518 enim
1320 5464 1373 5516 in
1420 5453 1654 5519 alienum
1702 5484 1827 5521 sen-

254 5540 382 5579 sum
414 5524 619 5604 detorta
640 5524 1026 5604 videntur.gT&
1068 5534 1229 5601 ’Ἅγια
1273 5534 1380 5587 τῶν
1424 5537 1592 5604 ἁγίων
1634 5551 1828 5591 oecur-

253 5603 389 5649 runt
412 5598 609 5673 passim
638 5599 693 5653 in
717 5603 886 5673 sacris
924 5598 1225 5672 litteris,'in
1264 5598 1613 5673 primis'vero
1650 5606 1824 5665 Levit.

252 5670 694 5738 reSpondcutque
748 5671 813 5726 iis
861 5670 1165 5741 praecipue,
1227 5670 1349 5742 qinc
1395 5687 1585 5743 sponte
1641 5679 1821 5732 oblata

431 4886 450 5098 ξ

1933 4530 2044 4585 ﬁet.
2081 4528 2368 4585 Secundus
2398 4526 2503 4581 erit
2534 4527 2587 4579 in
2619 4528 2949 4582 sacerdotio.
2983 4526 3221 4595 Tertius,
3262 4530 3309 4585 ei
3342 4547 3506 4586 voca-

1932 4626 2081 4681 bitur
2110 4639 2310 4679 nomen
2342 4637 2568 4685 novum,
2595 4621 2855 4691 quoniam
2898 4620 3012 4675 Rex
3042 4637 3108 4675 ex
3138 4621 3276 4676 Juda
3304 4637 3502 4678 exsur-

1933 4760 2189 4824 Domino,
2220 4760 2420 4814 ﬁebant
2449 4757 2646 4832 Sancta
2675 4766 2983 4832 sanctorum
2999 4800 3013 4824 ,
3046 4760 3419 4832 cedebantque
3447 4766 3500 4819 in

1933 4847 2092 4886 usum
2123 4832 2469 4886 sacerdotum
2497 4837 2569 4899 eL
2599 4828 2907 4881 levitarum.
2940 4828 3126 4899 Neque
3169 4828 3343 4886 aliter'
3370 4850 3503 4888 sane

1932 4904 2176 4957 sensisse
2214 4913 2490 4955 auctorem
2529 4896 2984 4952 Testamentorum
3032 4896 3191 4968 puto,
3242 4904 3370 4956 dum
3416 4906 3504 4959 hic

1930 4973 2058 5027 Levi
2089 4973 2168 5025 sic
2218 4972 2538 5043 loquentem
2567 4969 2795 5043 inducit.
2828 5000 2897 5043 -τ
2930 4969 3094 5025 Recte
3133 4975 3503 5027 consideranti

1931 5045 2046 5098 haec
2077 5042 2216 5097 visio
2246 5040 2427 5114 potius
2455 5040 2670 5095 videtur
2711 5040 2901 5095 referri
2931 5043 2999 5114 ad
3047 5043 3407 5097 christianum
3450 5054 3504 5098 et

1930 5115 2173 5170 divinum
2214 5113 2403 5169 altaris
2451 5121 2868 5182 sacramentum,
2894 5113 2995 5165 sub
3028 5123 3254 5181 utraque
3292 5120 3501 5182 Specie;

1930 5186 2089 5254 cujus
2112 5190 2166 5237 et
2192 5184 2319 5240 hinc
2340 5200 2555 5254 quoque
2576 5186 2827 5256 prinueva
2850 5181 2984 5236 ﬁdes
3004 5195 3193 5238 contra
3221 5181 3504 5243 haereticos

1928 5256 2305 5313 Protestautes
2328 5256 2676 5325 comprobari
2700 5264 2897 5323 potest.
2936 5256 3137 5310 limen.

2007 5328 2112 5397 (25)
2150 5328 2261 5380 Καὶ
2303 5331 2335 5381 ό
2378 5330 2730 5391 πιστεύσας.
2784 5327 2891 5379 Καὶ
2940 5327 3273 5397 ἐπίστευσα,
3324 5326 3395 5380 ita
3445 5338 3503 5382 ut

1930 5396 2158 5467 πρῶτος
2186 5414 2382 5453 novam
2434 5397 2649 5452 inchoet
2686 5397 2992 5467 periodum.
3025 5396 3193 5450 ϐειΑΒ.
3222 5428 3286 5435 -
3313 5398 3497 5452 Grazra

1928 5465 2096 5523 verbo
2131 5480 2287 5523 tenus
2328 5469 2400 5522 ita
2443 5477 2642 5522 sonant
2688 5465 2702 5521 Ξ
2743 5465 2809 5519 Et
2841 5470 2929 5536 qui
2961 5468 3265 5532 crediderit,
3307 5485 3498 5539 ntagna

1928 5557 2041 5594 sors
2070 5543 2167 5592 erit
2187 5580 2200 5601 ,
2232 5549 2282 5593 et
2311 5555 2528 5607 magnus
2560 5554 2717 5606 super
2744 5539 2914 5605 ipsum
2942 5554 3045 5592 non
3072 5538 3161 5606 ﬁet
3191 5553 3207 5591 :
3242 5540 3348 5595 hoc
3382 5538 3463 5596 est

1928 5627 2076 5664 nemo
2107 5609 2277 5679 major
2305 5611 2437 5678 ipso.
