4002 6308
561 245 697 300 1059
1263 257 1266 262 ·
1563 231 2029 288 TESTAMENTA
2061 227 2151 282 XII
2187 221 2805 282 PATRIARCHARUM.
3641 224 3744 278 {om

561 382 670 441 get.
694 379 749 420 et
777 362 935 419 faciet
962 354 1329 415 sacerdotium
1364 363 1590 409 novum,
1617 351 1922 401 secundum
1948 353 2133 413 typum
2167 385 2173 409 γ

2267 339 2386 409 μύτῷ
2409 337 2579 408 ὄνομα
2613 335 2818 396 καινὸν,
2850 333 2930 386 ὅτι
2975 331 3221 400 βασιλεὺς
3252 331 3315 383 ἐκ
3347 330 3433 383 τοῦ
3467 332 3615 386 Ἰούδα
3646 335 3746 388 ἀνα-

2320 430 2332 441 :
2637 426 2648 441 ε
2804 423 2909 441 '___
2951 421 3218 441 !____-!_._
3247 419 3369 441 ..1.._.
3434 417 3554 441 _-._L
3586 419 3723 441 _\._’

564 417 828 531 gentium,
863 455 917 508 in
968 465 1163 506 omnes
1192 453 1401 516 gentes.
1435 440 1714 494 Adventus
1749 446 1930 490 autem
1970 434 2142 502 ipsius

2267 430 2529 498 πτήσεται,
2567 426 2660 478 καὶ
2698 423 2914 492 ποιήσει
2951 421 3219 491 ἱερατείαν
3246 419 3390 481 νέαν,
3433 417 3557 488 μετὰ
3585 419 3658 470 τὶν
3680 422 3749 473 τύ-

2417 519 2441 530 ~
2515 516 2568 531 ιΛ
2615 517 2639 528 ο
2769 517 2781 531 ο
2905 514 2917 531 r
2951 529 2955 531 _
3069 511 3127 531 ,ι
3171 512 3225 531 ειη
3266 529 3290 531 υ
3358 511 3418 531 "II
3458 510 3502 531 θλ
3542 527 3651 531 --Αᾼ
3693 512 3725 531 ,I

566 510 880 613 ianeﬁ‘abilis,
913 555 973 600 ut
1004 510 1284 614 prOphetze
1317 534 1585 590 Altissimi
1614 547 1678 585 ex
1711 530 1919 584 semine
1963 528 2144 580 Abra-

2267 538 2346 572 τον
2375 519 2482 571 τῶν
2511 516 2702 582 ἐθνῶν,
2737 517 2817 578 εἰς
2851 514 3027 567 πάντα
3063 511 3130 564 τὰ
3170 512 3318 582 ἔθνη.
3358 511 3419 562 Ἦ
3455 510 3506 562 δέ
3537 512 3752 582 παρουσία

569 647 694 701 ham
728 603 898 715 patris
929 603 1126 696 nostri:
1161 637 1335 691 Omne
1360 628 1724 687 desiderabile
1765 626 1820 679 in
1852 623 2015 678 lsrael
2049 622 2146 676 tibi

2267 611 2409 664 ιύτοῦ
2443 611 2739 681 ἄφραστος,
2771 608 2847 670 ὡς
2880 607 3158 677 προφήτου
3188 604 3394 675 ὑψηλοῦ
3423 603 3524 673 ('26)
3552 605 3607 656 ἐκ
3629 606 3753 677 σπέρ-

567 740 692 804 erit,
725 746 778 792 et
807 735 1005 792 semini
1040 742 1170 794 tuo;
1219 738 1273 782 et
1317 722 1616 782 comedetis
1656 734 1818 774 omne
1857 717 2146 788 pulchrum

570 832 716 891 visu.
751 838 806 883 et
835 841 1078 881 mensam
1110 819 1326 874 Domini
1356 814 1646 871 distribuet
1666 825 1851 865 semen
1883 817 2068 870 tuum,
2097 815 2152 860 et

572 940 637 979 ex
669 922 802 992 ipsis
831 927 989 974 erunt
1015 913 1300 985 pontiﬁces
1325 915 1379 963 et
1402 904 1640 977 judices,
1665 908 1720 954 et
1747 897 1939 953 scribae
1965 913 1978 962 ;
2013 910 2152 965 quo-

574 1017 720 1071 niam
754 1013 807 1066 in
837 1026 931 1065 ore
972 1024 1164 1063 eorum
1205 1002 1548 1059 custodietur
1579 1005 1856 1054 sanctum.
1898 1009 1916 1041 ι
1955 988 2022 1042 Ει
2057 1004 2154 1042 ex—

575 1103 922 1177 pergefactus
950 1097 1214 1160 intellexi,
1240 1094 1503 1165 quoniam
1533 1092 1638 1146 lioc
1663 1086 1844 1144 simile
1873 1083 2022 1138 illius
2047 1089 2150 1136 est.

576 1195 848 1251 Abscondi
875 1208 1004 1246 vero
1031 1191 1133 1244 hoc
1163 1189 1217 1242 in
1242 1187 1406 1242 corde
1437 1197 1583 1240 meo.
1611 1191 1666 1237 et
1695 1194 1804 1234 non
1833 1172 2154 1230 annuntiavi

578 1289 682 1342 hoc
715 1285 967 1354 cuiquam
997 1279 1204 1335 homini
1233 1279 1287 1332 in
1314 1287 1481 1331 terra.

651 1538 744 1594 IX.
781 1557 798 1589 ι
833 1537 897 1592 Et
918 1545 1041 1608 post
1065 1537 1207 1591 duos
1243 1534 1360 1588 dies
1383 1530 1731 1586 ascendimus
1767 1543 1868 1598 ego
1909 1537 1963 1581 et
1990 1525 2160 1581 ludas

583 1633 650 1687 ad
683 1630 833 1685 Isaac
865 1644 989 1683 cum
1019 1636 1175 1696 patre
1200 1633 1420 1687 nostro;
1454 1629 1507 1676 et
1536 1619 1817 1674 benedixit
1847 1618 1982 1672 mibi
2010 1627 2161 1686 pater

2253 720 2418 774 ματος
2464 701 2712 772 Ἀϐραὰμ
2762 699 2967 771 πατρὸς
3017 696 3193 768 ἡμῶν.
3233 697 3348 748 Πᾶν
3393 694 3685 766 ἐπιθυμητὸν
3716 698 3756 748 ὲν

2265 797 2480 868 Ἰσραήλ
2508 813 2588 847 σοι
2619 794 2792 856 ἔσται,
2821 794 2915 846 καὶ
2941 792 3018 862 τῷ
3049 789 3328 861 σπέρματί
3369 805 3485 840 σου·
3522 789 3605 840 καὶ
3625 789 3760 841 ἒδεσθε

2254 889 2361 940 πᾶν
2384 887 2584 957 ὡραῖον
2606 883 2816 955 ὁράσει,
2850 884 2943 935 καὶ
2971 881 3067 952 τὴν
3105 879 3384 952 τράπεζαν
3415 878 3603 949 Κυρίου
3630 877 3760 932 ama.

2257 981 2485 1051 μήσεται
2507 977 2568 1030 τὸ
2599 976 2816 1047 σπέρμα
2853 992 2968 1038 σου,
3005 975 3099 1026 καὶ
3126 973 3183 1038 ἐξ
3211 971 3391 1025 αὐτῶν
3411 971 3607 1023 ἔσονται
3625 971 3757 1041 me

2259 1074 2389 1142 ρεῐς,
2420 1069 3007 1141 κριτα“ι,γραμματεῖς·
3035 1066 3116 1118 ὅτι
3146 1066 3239 1117 ἐπὶ
3265 1065 3524 1134 στόματος
3541 1064 3764 1132 adsciri?»-

2256 1165 2585 1235 λαχθήσεται
2609 1161 2720 1232 (27)
2743 1161 2802 1214 τὸ
2833 1161 3002 1228 ἅγιον.
3036 1180 3052 1210 ι
3087 1161 3195 1211 Καὶ
3215 1156 3551 1224 ἐξυπνισθεὶς
3590 1157 3763 1225 συνῆκα,

2257 1258 2336 1310 ὄτι
2361 1255 2519 1309 τοῦτο
2539 1256 2725 1325 ὅμοιον
2754 1253 2944 1322 ἐκείνῳ
2973 1252 3108 1303 ἐστί.
3148 1250 3328 1318 Καίγε
3356 1248 3559 1319 ἔκρυψα
3585 1247 3710 1300 τοῦτο
3730 1249 3766 1300 ἐν

2260 1351 2323 1418 τῇ
2366 1346 2564 1418 καρδίᾳ
2595 1362 2718 1414 μου,
2751 1344 2843 1396 καὶ
2891 1343 2989 1395 οῦκ
3020 1341 3322 1412 ἁνήγγειλα
3368 1342 3496 1395 αὐτὸ
3536 1342 3674 1394 παντὶ
3704 1341 3766 1392 ἀν-

2262 1439 2463 1514 θρὼπῳ
2497 1442 2589 1493 ἐπὶ
2619 1440 2716 1511 τῆς
2747 1439 2870 1508 γῆς.

2333 1533 2410 1585 Θ’.
2446 1551 2464 1583 ι
2499 1533 2609 1586 Kal
2638 1531 2754 1603 μεθ’
2781 1531 2992 1603 ἡμέρας
3020 1529 3112 1582 δύο
3135 1528 3339 1598 ἀνέϐην
3367 1525 3475 1595 ἐγὼ
3499 1524 3585 1577 καὶ
3627 1524 3769 1584 Ἰούδας

2265 1625 2402 1698 πρὸς
2459 1623 2644 1677 Ἰσαὰκ
2679 1622 2816 1694 μετὰ
2846 1623 2935 1675 τὸν
2979 1622 3189 1693 πατέρα
3229 1619 3419 1691 ἡμῶν·
3460 1618 3549 1669 καὶ
3578 1615 3772 1684 εὐλόγηςέ

583 1724 753 1795 patris
793 1720 918 1785 mei,
953 1717 1252 1773 secundum
1285 1729 1570 1768 sermones
1595 1711 1868 1766 visionum
1911 1724 2156 1764 mearum

2267 1736 2331 1790 με
2357 1719 2384 1770 ὁ
2416 1715 2596 1787 πατὴρ
2631 1714 2724 1768 τοῦ
2762 1713 2964 1785 πατρός
3007 1730 3128 1784 μου,
3159 1711 3300 1764 κατὰ
3342 1710 3468 1772 τοὺς
3501 1707 3666 1776 λόγους
3696 1706 3770 1758 τῶν

584 1833 722 1886 quas
742 1815 1020 1878 videram;
1047 1820 1102 1865 et
1125 1825 1233 1864 non
1261 1807 1432 1862 voluit
1456 1807 1535 1860 ire
1562 1805 1846 1860 nobiscum
1874 1803 1928 1857 in
1954 1801 2157 1856 Bethel.

587 1908 657 1963 Ut
685 1919 867 1961 autem
892 1905 1140 1960 venimus
1165 1902 1218 1956 in
1254 1900 1460 1964 Bctbel,
1486 1899 1622 1953 vidit
1645 1907 1796 1968 pater
1816 1911 1971 1951 meus
1993 1894 2164 1950 Jacob

588 2004 644 2057 in
671 2001 884 2055 visione
910 1998 979 2052 de
1017 2013 1123 2061 me,
1156 1996 1306 2066 quod
1344 1995 1562 2049 futurus
1591 2008 1769 2047 essem
1797 1991 1876 2046 eis
1907 1990 2164 2045 sacerdos

588 2096 656 2150 ad
682 2093 876 2148 Deum.
917 2091 984 2145 Et
1004 2105 1308 2159 exsurgens
1337 2103 1496 2142 mane
1519 2085 1814 2140 deeimavit
1853 2083 2036 2136 omnia
2071 2096 2166 2150 per

588 2202 677 2241 me
706 2184 959 2238 Domino.
987 2181 1053 2235 Et
1080 2182 1333 2235 venimus
1359 2179 1408 2231 in
1433 2175 1650 2230 Hebron
1681 2175 1747 2228 ad
1776 2172 2162 2236 habitandum;

589 2290 643 2336 et
670 2279 823 2334 Isaac
869 2277 1084 2331 vocavit
1131 2289 1218 2328 me
1249 2272 1534 2343 continuo,
1576 2279 1634 2322 ut
1663 2275 1991 2321 memoraret
2033 2265 2166 2318 mibi

589 2374 762 2443 legem
811 2370 1046 2431 Domini,
1089 2367 1232 2421 sicut
1260 2362 1585 2419 monstravit
1622 2360 1756 2414 mihi
1783 2358 2010 2429 angelus
2051 2354 2164 2409 Dei.

593 2465 659 2521 Et
685 2463 874 2518 docuit
897 2477 984 2515 me
1010 2461 1178 2529 legem
1208 2454 1524 2518 sacerdotii,
1557 2451 1978 2515 sacriﬁciorum,
2013 2447 2168 2502 holo-

591 2565 967 2613 cautomatum
991 2596 1006 2619 ,
1065 2552 1459 2623 primitiarum,
1486 2547 1941 2608 voluntariorum,
1967 2544 2174 2599 saluta-

595 2651 761 2705 rium.
791 2641 1035 2719 Singulis
1057 2645 1249 2700 diebus
1279 2644 1465 2698 docuit
1490 2659 1577 2697 me
1619 2640 1940 2710 intelligere,
1965 2648 2021 2691 et
2043 2652 2171 2707 pcr-

594 2743 877 2800 severabat
895 2742 948 2796 in
973 2757 1060 2795 me
1081 2753 1265 2794 coram
1293 2736 1538 2790 Domino.
1553 2734 1613 2787 Et
1634 2733 1772 2787 dixit
1798 2730 1928 2784 mihi
1950 2728 2169 2793 :tCave,

595 2839 694 2902 ﬁli,
714 2853 744 2892 a
769 2835 961 2906 spiritu
992 2831 1404 2893 fornicationis;
1442 2829 1529 2880 hie
1555 2826 1702 2879 enim
1728 2821 2087 2893 permanebit,
2120 2826 2173 2874 et

595 2945 690 3001 per
716 2943 902 2984 semen
930 2934 1083 2978 tuum
1115 2919 1423 2991 inquinabit
1447 2929 1654 2972 sancta.
1685 2914 1885 2982 Accipe
1906 2924 2039 2981 ergo
2077 2908 2174 2964 tibi

598 3033 848 3083 uxorem,
884 3017 1063 3070 adhuc
1087 3012 1306 3083 juvenis
1333 3009 1600 3069 existens,
1633 3004 1906 3060 maculam
1935 3017 2044 3056 non
2078 3001 2175 3055 ha-

597 3112 814 3167 bentem
851 3123 1025 3179 neque
1052 3105 1416 3176 inquinatam,
1435 3115 1610 3170 neque
1621 3099 1687 3154 de
1703 3112 1896 3169 genere
1919 3093 2174 3164 alienige-

599 3220 794 3260 narum
807 3203 889 3258 vel
908 3196 1246 3271 gentium.Et
1275 3204 1568 3264 antequam
1599 3193 1767 3247 intres
1797 3190 1851 3244 in
1871 3197 2078 3252 sancta,
2097 3186 2174 3239 la-

600 3311 763 3359 vare;
788 3302 840 3347 et
861 3293 912 3345 in
943 3288 1325 3354 sacrificando,
1346 3289 1558 3352 lavare;
1593 3294 1647 3341 et
1669 3282 1948 3353 complens
1977 3279 2179 3334 sacriﬁ-

601 3385 769 3448 cium,
795 3396 986 3437 rursus
1014 3381 1217 3434 lavare.
1237 3377 1532 3432 Duodecim
1551 3375 1804 3429 arborum
1839 3385 2051 3439 semper
2087 3369 2178 3423 lia-

603 3477 848 3532 bentium
888 3473 1019 3528 folia
1049 3471 1304 3542 (fructus)
1338 3470 1470 3524 offer
1505 3467 1758 3530 Domino,
1789 3474 1846 3519 ut
1880 3465 2044 3519 etiam
2093 3476 2178 3516 me

603 3568 878 3624 Abraham
908 3565 1116 3620 docuit.
1151 3562 1216 3617 Et
1253 3564 1436 3616 omnis
1467 3560 1719 3614 animalis
1754 3557 1963 3620 mundi,
1995 3564 2049 3609 et
2085 3569 2178 3607 vo—

604 3660 770 3715 latilis
799 3657 989 3712 mundi
1036 3655 1168 3711 oﬁ‘er
1215 3653 1541 3710 sacriﬁcium
1598 3651 1852 3705 Domino.
1905 3647 1968 3701 Et
2001 3645 2179 3700 omnis

607 3751 766 3823 primi
795 3749 1058 3822 germinis
1091 3748 1171 3803 tui
1202 3757 1256 3802 et
1293 3746 1401 3801 vini
1433 3745 1566 3801 oﬁ‘er
1614 3745 1918 3814 primitias,
1971 3740 2180 3796 sacriﬁ-

607 3847 753 3901 cium
793 3844 1050 3909 Domino;
1082 3851 1135 3897 et
1179 3854 1340 3894 omne
1382 3837 1710 3893 sacrificium
1767 3835 1880 3889 sale
1929 3845 2184 3901 consper-

609 3956 723 4012 ges.
758 3958 776 3990 ι

683 4032 750 4087 Χ.
793 4050 811 4082 ι
851 4030 1006 4086 Nunc
1050 4031 1215 4100 igitur
1256 4025 1549 4088 custodite,
1597 4033 1940 4091 quaecunque
1984 4020 2184 4071 mando

613 4128 792 4195 vobis,
828 4127 955 4191 ﬁlii;
986 4122 1249 4194 quoniam
1286 4131 1626 4191 quaecunque
1661 4114 1844 4170 audivi
1879 4128 1910 4166 a
1941 4111 2186 4182 patribus

614 4220 772 4286 meis,
800 4215 1121 4272 annuntiavi
1153 4213 1330 4268 vobis.
1358 4209 1626 4265 lnnocens
1653 4223 1775 4263 sum
1807 4205 1876 4260 ab
1908 4203 2058 4259 omni
2087 4203 2188 4257 im-

613 4313 813 4382 pietate
860 4317 1044 4363 vestra
1074 4315 1128 4360 et
1168 4300 1624 4374 transgressione,
1674 4311 1842 4368 quam
1888 4294 2102 4351 facietis
2134 4294 2188 4348 in

2262 1808 2504 1882 ὁράσεών
2543 1825 2664 1879 μου,
2710 1801 2784 1861 ὧν
2830 1803 2997 1860 εἶόοψ
3045 1807 3138 1858 καὶ
3179 1805 3282 1856 οὐκ
3324 1801 3481 1874 ἤθελε
3516 1797 3772 1869 πορευθῆναι

2268 1903 2384 1975 μεθ’
2413 1901 2572 1973 ἡμῶν
2594 1902 2672 1964 εἰς
2700 1899 2892 1971 Βεθήλ.
2939 1899 3024 1962 Ὠς
3047 1899 3103 1951 δὲ
3128 1897 3366 1968 ἤλθομεν
3389 1895 3467 1956 εἰς
3497 1890 3664 1960 Βεθὴλ,
3682 1885 3772 1941 είδεν

2263 1999 2293 2050 ὁ
2323 1997 2504 2067 πατήρ
2534 2013 2633 2066 μου
2678 1992 2868 2047 Ἰακὼϐ
2893 1993 2950 2045 ἐν
2983 1993 3220 2064 ὁράματι
3264 1989 3395 2058 περὶ
3425 1984 3573 2055 ἐμοῦ,
3606 1985 3673 2036 ὃτι
3698 1983 3774 2034 ἐσο-

2271 2106 2366 2159 μαι
2399 2087 2581 2149 αὐτοῖς
2625 2087 2705 2148 είς
2749 2084 2898 2156 ἱερέα
2945 2084 3080 2153 πρὸς
3116 2081 3206 2133 τὸν
3255 2078 3410 2131 Θεόν.
3457 2075 3562 2129 Καὶ
3603 2072 3773 2134 ἀναστὰς

2267 2181 2327 2233 τὸ
2350 2179 2458 2250 (28)
2485 2177 2628 2250 πρωῒ
2661 2175 3043 2231 ἀπεδεκάτωσε
3079 2172 3258 2226 πάντα
3286 2171 3352 2224 δι’
3382 2167 3514 2240 ἐμοῦ
3541 2165 3610 2236 τῷ
3627 2164 3773 2234 Κυρίῳ.

2269 2274 2379 2327 Καὶ
2403 2272 2635 2343 ἤλθομεν
2668 2273 2748 2333 εἰς
2781 2267 3026 2339 Χεϐρὼν,
3057 2265 3150 2319 τοῦ
3183 2262 3512 2318 καταλῦσαι*
3535 2261 3617 2314 καὶ
3649 2257 3775 2310 Ἰσαὰκ

2270 2364 2450 2420 ἐκάλει
2480 2381 2546 2434 με
2575 2361 2808 2432 συνεχῶς
2832 2359 2927 2412 τοῦ
2952 2357 3267 2430 ὑπομνῆσαι
3299 2355 3414 2426 (29)
3454 2371 3519 2424 με
3550 2352 3687 2421 νόμον
3704 2350 3774 2400 liu-

2274 2460 2409 2531 ρίου,
2444 2455 2624 2519 καθὼς
2654 2453 2818 2521 ἓδειξέ
2855 2471 2942 2524 μοι
2966 2454 2995 2506 ὁ
3019 2451 3248 2521 ἄγγελος
3289 2449 3388 2502 τοῦ
3416 2445 3566 2501 Θεοῦ.
3600 2445 3688 2497 Καὶ
3705 2440 3772 2492 ἐδίο

2270 2550 2435 2604 δασκέ
2467 2567 2532 2621 με
2569 2547 2728 2619 νόμον
2757 2545 3073 2618 ἱερωσύνης,
3107 2544 3332 2606 θυσιῶν,
3370 2535 3774 2605 ὁλοκαυτωμάτων.

2274 2642 2557 2716 ἀπαρχῶν,
2606 2640 2890 2703 ἑκουσίων,
2939 2636 3239 2710 σωτηρίων.
3295 2636 3407 2688 και
3447 2627 3513 2702 ἦν
3551 2627 3656 2683 καθ’
3691 2624 3773 2679 ἑκά-

2277 2755 2406 2809 στην
2435 2735 2646 2807 ἡμέραν
2677 2731 2964 2795 συνετίζων
3004 2747 3090 2800 με,
3111 2729 3202 2782 καὶ
3227 2729 3311 2791 είς
3334 2725 3434 2797 ἐμὲ
3467 2721 3776 2793 ἀσχολούμενος

2273 2829 2340 2904 ἦν
2375 2829 2603 2884 ἐνώπιον
2649 2827 2875 2898 Κυρίου.
2909 2824 3020 2877 Καὶ
3061 2821 3216 2890 ἐλεγέ
3248 2836 3368 2892 μοι·
3415 2838 3431 2868 ι
3470 2815 3694 2888 Πρόσεχε,

2275 2903 2399 2978 κνον
2431 2923 2564 2992 (50),
2613 2921 2722 2975 ἀπὸ
2759 2919 2854 2972 τοῦ
2894 2916 3200 2987 πνεύματος
3227 2914 3332 2982 τῆς
3377 2909 3641 2983 πορνείας⁸
3675 2903 3779 2956 mito

2278 3015 2385 3087 γὰρ
2407 3013 2687 3084 ἐνδελεχεῖ,
2717 3011 2814 3065 καὶ
2837 3008 3017 3082 μέλλει
3050 3006 3283 3079 μιαίνειν
3310 3003 3399 3058 διὰ
3419 3000 3510 3055 τοῦ
3539 2993 3778 3068 σπέρματός

2280 3125 2374 3162 σου
2409 3107 2558 3175 ἆγια.
2597 3104 2742 3159 Λάϐε
2766 3099 2857 3156 οῦν
2880 3099 3090 3170 σεαυτῷ
3112 3099 3371 3167 γυναῖκα,
3407 3093 3484 3147 ἔτι
3516 3091 3621 3152 νέος
3641 3087 3715 3146 ὣν,
3733 3083 3780 3153 μὴ

2277 3199 2500 3270 ἔχουσαν
2534 3196 2742 3267 μῶμον,
2771 3193 2903 3265 μηδέ
2927 3190 3310 3262 βεϐηλωμένην
3337 3228 3351 3251 ,
3383 3188 3514 3258 μήτε
3538 3181 3632 3236 ἀπὺ
3649 3178 3779 3270 γένους

2276 3262 2586 3359 ἀλλοφύλων
2697 3262 2886 3339 ἐθνῶν.
2934 3284 3047 3337 Καὶ
3090 3281 3199 3353 πρὸ
3238 3279 3338 3332 τοῦ
3377 3274 3621 3330 εἰσελθεῖν
3652 3271 3712 3330 είς
3739 3262 3780 3314 τά

2279 3382 2427 3451 ἅγια,
2460 3379 2644 3433 λούου·
2678 3377 2771 3430 καὶ
2813 3377 2870 3430 ἐν
2899 3369 2977 3446 τῷ
3023 3373 3191 3436 θύειν,
3235 3372 3460 3425 νίπτου·
3499 3367 3584 3419 καὶ
3616 3357 3777 3429 ἀπαρτί-

2279 3444 2386 3537 ζων
2415 3444 2588 3523 πάλιν
2629 3468 2728 3538 τὴν
2771 3444 2981 3529 Θυσίαν,
3011 3463 3222 3518 νίπτου.
3258 3461 3484 3523 Δώδεκα
3511 3456 3704 3524 δένδρων
3728 3444 3778 3501 ἀεὶ

2280 3566 2508 3636 ἐχόντων
2538 3561 2709 3632 φύλλα
2733 3561 2973 3628 ἀνάγαγε
2997 3556 3076 3628 τῷ
3102 3556 3311 3628 Κυρίῳ,
3339 3555 3413 3618 ὡς
3434 3551 3570 3623 κάμὲ
3599 3541 3777 3636 Ἀδραᾶξ

2281 3629 2504 3722 ἐδίδαξε.
2551 3629 2669 3708 ’Καὶ
2713 3651 2912 3715 παντὸς
2965 3648 3103 3714 ζώου
3151 3644 3420 3717 καθαροῦ,
3467 3643 3556 3695 καὶ
3597 3629 3781 3722 πετεινοῦ

2282 3745 2520 3819 καθαροῦ
2569 3745 2846 3817 πρόσφερε
2894 3739 3082 3793 θυσίαν
3125 3737 3202 3807 τῷ
3245 3736 3454 3808 Κυρίῳ.
3505 3730 3605 3784 Καὶ
3642 3721 3783 3779 παντὸς

2283 3815 2771 3914 πρωτογενήματός
2811 3852 2925 3895 σου,
2953 3834 3048 3887 καὶ
3073 3830 3229 3884 οἴνων
3265 3829 3536 3901 πρόσφερε
3575 3815 3780 3889 ἀπαρχὰς,

2284 3931 2470 3985 θυσίαν
2497 3928 2574 3998 τῷ
2597 3927 2784 3997 Κυρίῳ
2801 3943 2814 3955 ο
2841 3925 2937 3978 καὶ
2965 3924 3142 3976 πᾶσαν
3170 3920 3363 3974 θυσίαν
3396 3918 3546 3972 ᾶλατι
3569 3913 3720 3972 ἁλιεῖς.
3747 3927 3760 3956 ρ

2359 4027 2415 4078 ι’.
2465 4043 2484 4073 ι
2511 4021 2624 4075 Νῦν
2667 4015 2759 4073 οὖν
2796 4016 3085 4088 φυλάξατε,
3111 4015 3209 4068 ὅσα
3243 4013 3355 4082 ἐγὼ
3377 4009 3664 4079 ἐντέλλομαι
3679 4002 3781 4071 ὑμῖν,

2285 4116 2480 4171 τέκναο
2517 4114 2598 4166 ὅτι
2651 4112 2750 4164 ὅσα
2794 4111 3002 4181 ἤκουσα
3059 4107 3209 4178 παρὰ
3252 4105 3364 4158 τῶν
3409 4102 3639 4172 πατέρων
3683 4109 3780 4164 μου.

2287 4206 2580 4280 ἀνήγγειλα
2632 4205 2779 4275 ὑμῖν.
2820 4201 3018 4266 ’Δθῶός
3061 4203 3174 4270 είμι
3225 4199 3334 4252 ἀπὸ
3379 4197 3551 4265 πάσης
3595 4184 3782 4280 ἀσεϐείας

2291 4275 2450 4374 ὑμῶνν
2474 4301 2568 4354 καὶ
2612 4296 2998 4370 παραϐάσεως,
3042 4294 3109 4364 ἣν
3147 4293 3398 4363 ποιήσετε
3449 4289 3536 4344 ἐπὶ
3575 4275 3784 4341 comiti?

616 4400 1092 4457 censummatione
1144 4395 1470 4452 saeculorum
1524 4392 1578 4445 in
1612 4387 1950 4444 Salvatorem
2000 4387 2165 4441 mund

2290 4372 2398 4448 τῶν
2423 4391 2632 4445 αἰώνων
2665 4390 2744 4453 είς
2773 4388 2863 4441 τὸν
2897 4385 3125 4457 Σωτῆρα
3158 4383 3253 4436 τοῦ
3280 4383 3481 4452 κόσμου
3513 4372 3781 4479 ἀσεϐοῦντεςέ

617 4495 785 4563 impie
811 4492 1092 4556 facientes,
1129 4489 1449 4545 sedueentes
1483 4484 1668 4550 Israel,
1702 4492 1755 4538 et
1785 4481 2114 4538 suscitantes
2139 4480 2186 4534 ei

619 4585 766 4639 mala
787 4599 983 4654 magna
1007 4599 1036 4637 a
1063 4582 1313 4637 Domino.
1333 4579 1397 4635 Et
1419 4578 1603 4648 inique
1624 4575 1836 4630 facietis
1855 4589 1978 4629 cum
2002 4571 2187 4639 Israel,

624 4688 682 4732 ut
711 4692 820 4731 non
868 4676 1140 4729 sustineat
1173 4688 1233 4728 se
1259 4672 1561 4727 Jerusalem
1594 4684 1624 4722 a
1656 4667 1797 4722 facie
1829 4665 2055 4720 malitia:
2098 4679 2191 4718 ve-

623 4780 784 4835 stne;
811 4767 904 4822 sed
935 4765 1219 4821 seindatur
1246 4764 1428 4818 velum
1464 4760 1676 4832 templi,
1705 4767 1766 4815 ut
1802 4773 1910 4813 non
1938 4757 2078 4811 velet
2100 4757 2193 4810 de-

625 4863 959 4919 formitatem
983 4866 1241 4912 vestram.
1266 4855 1332 4909 Et
1353 4854 1740 4925 dispergemini
1764 4850 1965 4922 captivi
1989 4851 2041 4903 in
2071 4865 2194 4920 gen-

623 4957 792 5020 tibus,
831 4962 883 5008 et
913 4950 1068 5006 eritis
1099 4949 1152 5002 in
1195 4946 1576 5016 opprobrium,
1617 4954 1670 4999 et
1712 4943 2150 4998 maledictionem
2175 4979 2191 5003 ,

624 5061 680 5107 et
701 5046 1202 5108 conculcationem;
1234 5043 1430 5096 domus
1453 5040 1597 5094 enim
1623 5054 1786 5107 quam
1813 5037 1975 5107 eliget
2004 5033 2190 5087 Domi-

628 5161 752 5209 nus,
780 5139 1082 5196 Jerusalem
1110 5134 1416 5195 vocabitur,
1457 5130 1920 5202 quemadmodum
1953 5127 2195 5183 continet

627 5238 764 5293 liber
790 5232 974 5287 Enoch
1003 5229 1159 5300 justi.

699 5432 810 5504 (26)
845 5434 1217 5504 Ἅφραστος,
1355 5423 1676 5504 ’προφήτου
1716 5419 1981 5490 ὑψηλοῦ.
2038 5420 2196 5488 Ἀγα-

631 5494 804 5574 πητὴ,
826 5503 902 5566 ὡς
918 5494 1209 5574 προφήτης
1243 5497 1517 5574 Ὑψίστουὶ
1535 5494 1714 5574 ,(ἶιιΑο.

722 5561 811 5639 27)
851 5561 1332 5639 ὦυλαλξθῆσίὲταιξ
1364 5565 1728 5637 Ληνρθήσεται.
1757 5561 1832 5614 In.

723 5641 813 5696 28)
858 5644 947 5696 Τό.
992 5642 1140 5693 Ἀπό.
1167 5641 1244 5694 In.

724 5701 813 5781 29)
863 5711 1240 5781 Ὑπομνῆσαι.
1285 5705 1774 5779 Ὑπομνηματίσαι.
1804 5701 1878 5757 In.

700 5575 723 5784 ἓ

793 5575 813 5783 Ξ

2291 4482 2599 4544 πλανῶντες
2622 4480 2712 4532 τὸν
2751 4475 2984 4548 Ἰσραὴλ,
3027 4454 3121 4528 καὶ
3151 4474 3515 4542 ἐπεγείροντες
3535 4462 3664 4532 αὐτῷ
3683 4454 3783 4548 κατὰ

2295 4573 2503 4646 μεγάλα
2528 4570 2680 4642 παρὰ
2706 4546 3048 4639 Κυρίῳ.Κα”ι
3075 4565 3374 4636 ἁνομήσετε
3401 4563 3491 4614 σὺν
3509 4557 3582 4627 τῷ
3606 4546 3780 4621 Ἰσραὴλ

2292 4644 2432 4719 ὥστε
2479 4661 2552 4734 μὴ
2588 4659 2854 4732 βαστάσαι
2895 4655 3249 4728 Ἰερουσαλὴμ
3295 4653 3401 4708 ἀπὸ
3437 4644 3781 4734 προσώπου-πο-

2292 4731 2491 4828 νηρίαξ
2513 4731 2664 4826 ὺνμῶν
2682 4769 2695 4782 ⁸
2724 4749 2859 4804 ἀλλὰ
2895 4749 3077 4818 σχίσαι
3104 4748 3167 4800 τὸ
3190 4747 3306 4800 ἐνδυ
3316 4763 3388 4816 μα
3409 4741 3498 4795 τοῦ
3520 4735 3652 4795 ναοῦ,
3685 4731 3781 4783 ὥστε

2297 4847 2371 4919 μὴ
2394 4844 2827 4901 κατακαλύπτειν
2860 4841 3244 4914 ἀσχημοσύνην
3286 4837 3452 4909 ὑμῶν.
3478 4833 3580 4887 Καὶ
3610 4829 3780 4919 διασπξί

2296 4911 2522 5011 ρήσεσθε
2551 4939 2879 5009 αἰχμάλωτοι
2981 4911 3097 4998 τοῖς
3121 4934 3316 4994 ἔθνεσι,
3341 4931 3431 4982 καὶ
3446 4925 3613 4981 ἔσεσθε
3628 4921 3690 4982 εἰς
3703 4911 3777 5011 (5.1)

2295 5006 2760 5099 dvsthcpbvfml
2806 5027 3070 5098 κατάραν,
3109 5026 3204 5078 καὶ
3242 5025 3623 5093 καταπάτημα·
3657 5006 3777 5076 ὁγὰρ

2295 5120 2462 5186 οἶκος,
2479 5123 2535 5175 ὃν
2554 5121 2618 5175 ἂν
2639 5120 2924 5192 ἐκλέξηται
2945 5120 3169 5192 Κύριος,
3207 5117 3552 5191 Ἰερουσαλὴμ
3580 5105 3775 5192 κληθήσέ·

2299 5232 2414 5279 ται,
2462 5213 2644 5277 καθὼς
2670 5189 2914 5284 περιέχει
2947 5189 3121 5284 βίϐλος
3165 5189 3332 5281 Ἑνὼχ
3353 5210 3444 5264 τοῦ
3480 5201 3658 5261 δικαίου
3681 5189 3772 5264 (5Ξ)ι

2524 5416 2754 5470 Τέκνον.
2789 5413 3026 5484 Σεαυτῷ.
3054 5413 3128 5468 In.

2392 5486 2481 5552 5i)
2525 5490 2644 5552 Εἰς.
2693 5487 2839 5538 Ἐκεῖ
2872 5486 3138 5539 additum.
3176 5487 3252 5539 ID.
3453 5551 3458 5552 ί
3688 5551 3696 5552 ί
3733 5529 3740 5552 ε

2374 5541 2482 5630 (325
2522 5541 2740 5630 Βίέῖλςς
2787 5555 3117 5630 Ἐνδοιφώ
3141 5554 3391 5630 δικαίου·
3431 5551 3546 5630 ,ἔδω
3580 5541 3770 5630 “illi!

2303 5615 2646 5684 Testamento
2683 5615 3011 5696 Simeonis§
3038 5641 3089 5690 v,
3121 5627 3380 5696 citaverat
3399 5625 3556 5690 aliqua
3580 5629 3630 5667 ex
3648 5615 3771 5696 159:;

2984 5674 3057 5750 0et
3075 5674 3221 5762 via-ni—
3240 5674 3310 5749 id
3326 5674 3767 5750 ἶΓέείὲῖιιιιξιιιοίιεεπ

2392 5419 2457 5473 30

2371 5420 2450 5562 is!

2461 5418 2482 5631 ξ
