4002 6308
150 261 298 319 1069

699 400 992 457 ΚΕΦΑΛΔΙ
1001 404 1093 458 ΟΝ
1139 407 1211 459 A'.

153 512 423 583 Διαθήκη
472 509 693 591 Ἰούδα
729 519 863 587 περὶ
909 518 1234 591 ἀνδρείας,
1300 521 1399 574 καὶ
1452 526 1740 591 φιλαργυ-

626 588 786 655 ρίας,
827 588 925 643 καὶ
964 590 1264 658 πορνείας.

220 699 303 753 A'.
355 699 719 775 Ἀντίγραφον
751 702 924 772 λόγων
970 704 1172 770 Ἰούδα,
1207 703 1308 757 ὅσα
1352 702 1579 775 ὲλάλησε
1625 708 1737 770 τοῖς

1434 292 1961 353 TESTAMENTUM
1995 280 2217 358 tum.

1773 425 1818 480 Α
2440 423 2669 484 CAPUT
2723 430 2812 488 IV.

3271 323 3419 389 ιωο

1847 528 2241 586 Testamentum
2272 534 2465 679 Judcer.
2519 540 2584 625 de
2614 543 2927 628 fortitudine
2946 591 2962 620 ,
2994 562 3043 607 et
3074 558 3332 626 avaritia,
3358 568 3415 621 et

1952 652 1955 657 λ
2457 625 2807 671 ormcauone.

2457 625 2807 671 ormcatt‘one.

1908 707 1952 763 Ι.
1991 709 2406 785 Transcriptum
2457 735 2775 781 sermonum
2825 726 3013 799 Judae,
3068 750 3411 811 quaecunque

150 791 286 855 υἱοῖς
330 792 503 846 αὐτοῦ
542 794 647 867 πρὸ
677 795 771 848 τοῦ
808 795 1098 850 ἀποθανεῖν
1143 794 1324 849 αὐτόν.
1374 796 1703 867 Συναχθέντε

1838 800 2055 859 locutus
2077 814 2162 860 est
2205 806 2332 864 ﬁliis
2385 812 2521 879 suis,
2570 824 2861 888 antequam
2908 791 3230 885 moreretur.
3257 791 3407 888 Con:

144 877 310 954 ἦλθον
362 884 505 956 πρὸς
556 886 752 952 αὐτὸν,
805 889 899 942 καὶ
948 884 1101 942 εἶπεν
1147 888 1327 952 αὐτοῖς
1349 904 1363 918 ·
1418 907 1437 939 ι
1465 887 1733 960 Τέταρτος

146 973 259 1039 υίὸς
293 977 570 1049 ἐγενόμην
614 978 728 1048 ἐγὼ
756 980 834 1052 τῷ
856 981 1019 1053 πατρί
1043 999 1143 1052 μου
1163 1021 1177 1046 ,
1213 982 1305 1034 καὶ
1336 981 1368 1051 ή
1409 981 1591 1052 μήτηρ
1629 998 1731 1051 μου

142 1069 255 1143 (56)
309 1071 568 1145 ὠνόμασέ
604 1092 672 1146 με
717 1073 938 1139 Ἰούδαν,
993 1073 1253 1143 λέγουσαι
1317 1073 1733 1147 Ἀνθομολογοῦ-

144 1180 240 1234 μαι
286 1162 369 1235 τῷ
422 1166 653 1238 Κυρίῳ,
690 1167 772 1221 ὃτι
817 1164 1015 1221 δέδωκέ
1053 1184 1140 1238 μοι
1175 1168 1269 1221 καὶ
1301 1168 1559 1240 τέταρτον
1589 1166 1727 1223 υἱόν.

153 1253 309 1319 Ὀξὺς
343 1255 499 1327 ήμην
533 1256 626 1309 καὶ
659 1256 945 1320 σπουδαῖος
978 1257 1038 1310 ἐν
1071 1254 1282 1327 νεότητί
1318 1275 1440 1328 μου,
1464 1259 1557 1313 καὶ
1588 1256 1755 1314 ὑπαί

139 1344 317 1400 κούων
364 1346 448 1418 τῷ
498 1347 669 1419 πατρὶ
719 1346 862 1401 κατά
894 1347 1070 1402 πάντα
1118 1348 1275 1416 λόγον
1294 1365 1306 1378 °
1345 1350 1439 1403 καὶ
1472 1349 1727 1421 εύλόγουν

138 1436 249 1507 (57)
284 1436 388 1508 τὴν
428 1438 643 1510 μητέρα
680 1456 781 1509 μου
804 1478 820 1502 ,
854 1439 951 1493 καὶ
982 1439 1082 1510 τὴν
1117 1435 1349 1510 ἀδελφὴν
1381 1440 1482 1510 τῆς
1520 1443 1725 1515 μητρός

140 1545 259 1600 μου.
299 1530 416 1582 Καὶ
452 1528 670 1598 ἐγένετο
692 1570 706 1595 ,
740 1529 816 1595 ὡς
848 1530 1128 1604 ἡνδρώθην
1165 1533 1317 1605 (58),
1352 1534 1449 1587 καὶ
1478 1533 1507 1585 ό
1542 1536 1723 1607 πατήρ

137 1638 237 1692 μου
309 1620 516 1675 Ἰακὼϐ
565 1619 766 1693 ηὔξατό
820 1639 910 1694 μοι
961 1621 1096 1695 (59),
1156 1623 1363 1694 λέγων·
1422 1626 1722 1692 Βασιλεὺς

134 1714 267 1782 ἔσῃ,
299 1713 814 1783 κατευοδούμενος
855 1713 925 1768 ἐν
962 1712 1133 1769 πᾶσι.

202 1825 279 1879 B'.
323 1845 343 1877 ι
372 1827 488 1880 Καὶ
510 1824 678 1879 ἔδωκέ
717 1842 804 1897 μοι
838 1824 1043 1897 Κύριος
1077 1826 1237 1898 χάριν
1267 1824 1326 1879 ἐν
1344 1827 1477 1880 πᾶσι
1498 1827 1610 1890 τοῖς
1626 1825 1718 1898 έρ-

132 1933 245 1984 γοις
315 1934 459 1987 μου,
508 1915 567 1970 έν
614 1933 675 1969 τε
720 1915 799 1988 τῷ
846 1916 1035 1988 ἀγρῷ,
1085 1916 1180 1971 καὶ
1212 1917 1272 1969 ἐν
1304 1916 1382 1988 τῷ
1426 1916 1579 1987 οἴκῳ.
1631 1916 1719 1980 Ὠς

130 2000 265 2059 εἶδον
335 2004 454 2077 (60)
476 2046 492 2070 ,
544 2006 626 2059 ὅτι
663 2005 995 2079 συνέδραμον
1030 2008 1096 2079 τῇ
1146 2006 1349 2077 ἐλάφῳ,
1387 2006 1481 2059 καὶ
1514 2005 1717 2068 πιάσας

128 2098 319 2171 αὐτὴν,
358 2099 597 2170 ἐποίησα
628 2098 706 2171 τῷ
739 2098 906 2171 πατρί
943 2116 1043 2171 μου
1079 2097 1424 2172 Τὰς
1455 2098 1718 2170 δορκάδας

126 2189 404 2261 ἐκράτουν
438 2190 528 2244 διά
558 2188 652 2243 τοῦ
684 2190 908 2263 δρόμου,
944 2189 1037 2244 καὶ
1071 2192 1200 2256 πᾶν,
1228 2189 1257 2244 ὃ
1285 2184 1354 2261 ἦν
1386 2189 1444 2243 ἐν
1475 2192 1589 2253 τοῖς
1623 2206 1719 2241 πε-

124 2280 274 2345 δίοις,
311 2280 744 2352 κατελάμϐανον.
797 2280 1005 2353 Φοράδα
1039 2279 1235 2353 ἀγρίαν
1268 2279 1586 2346 κατέλαϐον,
1623 2281 1717 2333 καὶ

125 2372 329 2437 πιάσας
379 2373 648 2446 ὴμέρωσα
694 2364 827 2444 (61)’
866 2374 960 2426 καὶ
1006 2372 1195 2427 λέοντα
1240 2372 1569 2438 ἀπέκτεινα,
1619 2372 1715 2427 καὶ

120 2464 435 2537 ἀφειλόμην
499 2464 686 2536 ἔριφον
720 2466 785 2518 ἐκ
815 2463 911 2518 τοῦ
946 2464 1212 2537 στόματος
1256 2464 1441 2520 αὐτοῦ.
1481 2466 1714 2538 ’Λρκτον

118 2555 303 2611 λαϐὼν
338 2556 456 2610 ἀπὸ
487 2554 583 2610 τοῦ
618 2556 808 2623 ποδὸς,
843 2557 1152 2611 ἀπεκύλισα
1183 2557 1264 2621 είς
1301 2556 1546 2628 κρημνόν
1569 2573 1583 2586 ·
1620 2557 1714 2610 καὶ

120 2647 227 2703 πᾶν
263 2646 464 2718 θηρίον
487 2686 502 2710 ,
538 2648 586 2700 εἰ
633 2646 969 2721 ἐπέστρεφεν
1003 2647 1092 2701 ἐπ’
1127 2647 1249 2719 ἐμὲ,
1284 2646 1522 2701 διέσπων
1556 2646 1709 2712 αὐτὸ,

119 2737 189 2803 ὥς
224 2737 401 2792 κύων.
455 2738 656 2811 Ἀγρίῳ
688 2739 856 2812 χοίρῳ
893 2739 1229 2813 συνέδραμον
1249 2779 1262 2804 ,
1297 2740 1390 2793 καὶ
1424 2740 1711 2810 προλαϐὼν

122 2828 176 2881 ἐν
205 2827 287 2898 τῷ
321 2828 545 2901 τρέχειν
582 2846 669 2900 με,
707 2829 1095 2902 κατεσπάραξα
1127 2829 1311 2884 αὐτόν.
1345 2830 1619 2900 Πάρδαλις
1652 2831 1711 2885 ἐν

122 2917 346 2989 Χεϐρὼν
370 2918 788 2990 προσεπήδησεν
809 2918 901 2973 ἐπὶ
920 2918 1012 2972 τὸν
1046 2916 1214 2973 κύνα’
1252 2918 1346 2972 καὶ
1378 2920 1577 2983 πιάσας
1610 2919 1710 2973 αύ-

121 3008 215 3080 τὴν
261 3007 374 3062 ἀπὺ
407 3009 509 3080 τῆς
540 3008 727 3082 οὐρᾶς,
763 3009 1108 3082 ἀπηκόντισα
1126 3008 1328 3081 αὐτὴν,
1364 3010 1466 3064 καὶ
1497 3011 1706 3084 ἐρράγη

1836 897 2044 989 gregati
2066 911 2337 957 venerunt
2373 904 2441 958 ad
2466 905 2666 975 ipsum,
2698 921 2751 966 et
2782 913 2917 969 dixit
2949 917 3029 973 eis
3058 936 3072 973 :
3112 939 3130 971 ι
3161 920 3409 989 Quartus

1834 986 1980 1042 illius
2008 989 2231 1048 effectus
2259 1009 2380 1049 sum
2402 997 2544 1066 patri
2576 1016 2719 1067 meo,
2748 1012 2802 1059 et
2834 1016 3008 1062 mater
3045 1026 3161 1067 mea
3186 986 3411 1076 vocavit

1834 1076 2168 1171 medudam,
2213 1082 2399 1140 dicens
2428 1104 2443 1140 :
2477 1104 2498 1138 ι
2531 1087 2806 1147 Conﬁteor
2836 1092 3103 1166 Domino,
3137 1103 3404 1171 quoniam

1831 1165 2131 1225 deditmihi
2160 1181 2216 1227 et
2244 1185 2499 1245 quartum
2529 1178 2724 1236 filium.
2756 1201 2777 1235 ι
2817 1183 2985 1243 Velox
3019 1165 3170 1247 erani
3203 1204 3258 1250 et
3280 1205 3402 1253 stu-

1830 1254 2021 1347 diosus
2046 1256 2101 1313 in
2121 1259 2409 1329 iuventute
2434 1282 2577 1335 mea,
2605 1280 2659 1325 et
2687 1271 2947 1332 obediens
2978 1281 3119 1347 patri
3164 1299 3289 1340 meo
3315 1303 3407 1343 se-

1830 1346 2070 1403 cundum
2103 1365 2265 1409 omne
2279 1356 2503 1413 verbum
2528 1378 2543 1426 ;
2573 1369 2628 1416 et
2647 1346 3037 1424 benedicebam
3063 1377 3221 1430 matri
3246 1395 3401 1443 meae,

1826 1447 1882 1493 et
1902 1442 2077 1497 sorori
2106 1446 2299 1502 matris
2355 1464 2511 1506 meat.
2548 1451 2615 1508 Et
2662 1454 2864 1513 factum
2916 1473 3037 1530 est,
3065 1474 3124 1519 ut
3174 1442 3401 1527 effectus

1827 1546 1951 1631 sum
1980 1534 2101 1602 vir,
2146 1546 2202 1591 et
2227 1547 2381 1609 pater
2428 1558 2584 1599 meus
2630 1545 2801 1605 Jacob
2848 1555 3025 1610 oravit
3071 1572 3236 1628 super
3288 1579 3397 1631 me,

1826 1622 2013 1680 dicens
2039 1643 2053 1681 :
2091 1645 2112 1678 ι
2145 1626 2261 1684 Rex
2290 1631 2421 1699 eris,
2452 1647 2805 1708 prosperatus
2835 1642 2892 1698 in
2921 1622 3197 1703 omnibus.
3235 1668 3254 1700 ι

1891 1823 1957 1880 li.
2003 1844 2022 1878 ‹
2060 1826 2128 1881 Ει
2168 1830 2318 1887 dedit
2356 1834 2492 1891 mihi
2534 1836 2804 1897 Dominus
2852 1846 3079 1913 gratiam
3114 1848 3166 1903 in
3207 1855 3393 1908 omni-~

1820 1915 1924 1973 bus
1965 1921 2223 1989 operibus
2277 1926 2435 1993 meis,
2476 1936 2531 1983 et
2558 1929 2612 1984 in
2658 1947 2789 2004 agro
2820 1946 2872 1989 et
2911 1939 2965 1991 in
2997 1938 3180 1996 domo.
3215 1940 3286 1997 Ut
3307 1945 3393 1999 vi-

1819 2009 2037 2078 debam,
2088 2015 2233 2084 quod
2284 2021 2679 2077 concurrebam
2725 2039 2935 2094 cerva;
2985 2039 3039 2083 et
3081 2034 3387 2103 apprehen-

1818 2101 1954 2194 dens
1986 2102 2184 2173 ipsam,
2217 2104 2319 2162 feci
2356 2108 2536 2165 cibum
2563 2114 2704 2182 patri
2748 2131 2892 2172 meo.
2925 2101 3130 2189 Capras
3156 2101 3391 2194 supera-

1818 2192 1943 2247 bam
2000 2210 2098 2264 per
2138 2211 2384 2264 cursum,
2430 2209 2484 2255 et
2522 2216 2685 2259 omne
2715 2207 2860 2275 quod
2889 2217 3007 2264 erat
3046 2211 3100 2267 in
3143 2192 3389 2285 campis,

1816 2285 2115 2376 capiebam.
2166 2287 2373 2360 Equam
2407 2302 2673 2363 agrestem
2716 2299 3037 2369 capiebam,
3086 2310 3141 2359 et
3191 2321 3390 2376 appre-

1817 2372 2061 2431 hendens
2094 2378 2431 2435 mansuefeci
2454 2397 2469 2448 ;
2495 2391 2550 2436 et
2571 2382 2781 2441 leonem
2809 2387 3073 2458 interfeci,
3106 2394 3161 2447 et
3182 2372 3384 2465 eripie-

1815 2463 1940 2519 bam
1965 2465 2176 2521 haedum
2197 2483 2264 2524 ex
2287 2486 2381 2526 ore
2403 2472 2543 2543 ejus.
2571 2473 2772 2531 Ursum
2802 2481 3023 2549 capiens
3051 2499 3147 2553 per
3171 2463 3386 2555 pedem,

1813 2557 2096 2614 volvebam
2128 2560 2182 2614 in
2212 2564 2567 2635 pmipitium
2595 2586 2609 2635 ;
2637 2577 2687 2625 et
2719 2583 2937 2629 omnem
2973 2574 3165 2641 feram,
3198 2580 3245 2634 si
3301 2596 3387 2635 re-

1812 2664 1971 2707 versa
2005 2660 2088 2709 est
2114 2653 2168 2708 in
2194 2670 2301 2720 me,
2327 2656 2694 2717 dilacerabam
2726 2678 2871 2731 eam,
2907 2674 2970 2721 ut
3006 2668 3181 2725 canis.
3212 2670 3386 2729 Porco

1814 2742 2053 2799 silvestri
2107 2749 2530 2819 concurrebam,
2559 2762 2612 2809 et
2640 2770 3031 2828 praeoccupans
3072 2761 3126 2815 in
3156 2778 3387 2820 curren-

1811 2834 1905 2902 do,
1933 2835 2231 2894 dilaceravi
2269 2855 2414 2897 eum.
2442 2841 2691 2903 Pardalis
2720 2847 2774 2903 in
2808 2848 3024 2907 Hebron
3051 2855 3263 2912 insiluit
3287 2873 3384 2914 su-

1810 2940 1911 2996 per
1941 2942 2165 2994 canem;
2200 2940 2254 2985 et
2283 2934 2697 3002 apprehendens
2720 2954 2840 2994 eam
2871 2958 2968 3012 per
3006 2947 3256 3013 caudam,
3284 2950 3383 3004 ab-

1805 3019 2064 3090 jiciebam
2109 3038 2262 3090 eam,
2298 3035 2353 3081 et
2401 3026 2620 3100 dirupta
2672 3040 2757 3088 est
2803 3034 2856 3089 in
2906 3038 3155 3094 terminis
3197 3039 3377 3096 (iam.

122 3100 177 3152 ἐν
207 3104 319 3164 τοῖς
357 3102 508 3172 ὅροις
542 3102 741 3174 Γάζης.
776 3100 937 3156 Βοῦν
968 3104 1156 3174 ἄγριον
1189 3104 1248 3158 ἐν
1282 3103 1438 3177 χώρᾳ
1471 3105 1706 3176 νεμόμε-

1812 3112 2012 3168 Bovem
2052 3114 2356 3173 silvestrem
2412 3118 2467 3173 in
2515 3122 2737 3191 regione
2772 3134 2986 3194 pastum
3018 3130 3163 3185 tenui
3194 3132 3381 3186 corni-

123 3207 206 3243 νον
236 3192 525 3264 ἐκράτησα
560 3192 670 3265 (62)
703 3193 811 3247 τῶν
845 3194 1113 3266 κεράτων,
1149 3194 1242 3248 καὶ
1275 3197 1332 3248 ἐν
1364 3194 1548 3265 κύκλῳ
1568 3211 1699 3248 συσ-

125 3280 321 3347 σείσας,
359 3283 457 3336 καὶ
494 3283 766 3349 σκοτίσας,
803 3283 964 3359 ῥίψας
998 3283 1207 3337 ἀνεῖλον
1240 3282 1423 3337 αὐτόν.

186 3396 256 3448 Γν.
300 3414 319 3447 ι
345 3396 460 3450 Καὶ
483 3397 574 3450 ὅτε
593 3391 759 3469 ἦλθον
773 3397 823 3448 οἱ
843 3396 937 3450 δύο
962 3396 1199 3468 βασιλεῖς
1229 3396 1338 3451 τῶν
1371 3394 1695 3450 Χαναναίων

120 3487 578 3561 τεθωρακισμένοι
610 3488 705 3543 ἐπὶ
735 3488 803 3543 τὰ
836 3490 1081 3561 ποίμνια,
1117 3489 1211 3543 καὶ
1240 3488 1407 3552 πολὺς
1434 3487 1559 3552 λαὸς
1579 3486 1697 3558 μετ’

120 3574 317 3644 αὐτῶν,
352 3576 517 3646 κάγὼ
567 3577 724 3649 μόνος
755 3576 975 3649 δραμὼν
1026 3578 1119 3633 ἐπὶ
1149 3577 1241 3631 τὸν
1278 3577 1498 3649 βασιλέα
1531 3577 1692 3649 Σοὺρ,

122 3665 366 3738 συνέσχον
402 3666 523 3741 (65)
544 3667 727 3733 αὑτὸν,
752 3669 844 3722 καὶ
874 3669 968 3723 ἐπὶ
999 3668 1097 3734 τὰς
1131 3668 1399 3739 κνημίδας
1432 3667 1689 3741 κρούσας,

121 3760 427 3818 κατέσπασα
447 3801 464 3829 ,
503 3762 597 3817 καὶ
627 3762 800 3828 οὕτως
832 3762 1041 3817 ἀνεῖλον
1074 3762 1254 3817 αὐτόν.
1290 3761 1402 3815 Καὶ
1440 3761 1533 3815 τὸν
1574 3760 1694 3814 ἐτε-

125 3868 205 3922 ρον
254 3854 487 3927 βασιλέα
537 3854 785 3926 Ταφουὲ,
835 3854 1148 3926 καθήμενον
1196 3852 1289 3907 ἐπὶ
1337 3852 1432 3907 τοῦ
1488 3852 1689 3919 ἵππου,

120 3946 307 4002 ἀνεῖλον
326 3948 517 4013 αὑτὸν,
535 3946 629 4002 καὶ
660 3945 832 4011 οὕτως
849 3947 1029 4001 πάντα
1042 3945 1133 4000 τὸν
1162 3944 1287 3999 λαὸν
1318 3944 1428 4018 (64)
1449 3945 1692 4016 διεσκόρ-

121 4054 259 4095 πισα.
307 4042 412 4096 Τὸν
478 4038 657 4112 Ἀχὼρ
707 4038 965 4111 βασιλέα,
1017 4037 1184 4111 ἄνδρα
1217 4036 1523 4107 γιγάντων,
1560 4036 1690 4108 βάλ-

120 4126 261 4185 λοντα
290 4133 421 4198 τόξα
456 4131 767 4204 ἔμπροσθεν
800 4130 894 4185 καὶ
927 4130 1181 4196 ὄπισθεν,
1218 4132 1305 4202 ἐφ’
1339 4131 1505 4184 ἵππου
1539 4130 1635 4183 ἀνε
1665 4158 1688 4169 -

120 4220 323 4293 λόμενος
342 4265 356 4291 ,
390 4224 544 4279 λίθον
577 4224 840 4296 ἐξήκοντα
887 4223 1088 4297 λιτρῶν
1121 4224 1409 4288 ἀκοντίσας
1431 4264 1448 4289 ,
1480 4223 1689 4277 δέδωκα

118 4314 187 4384 τῷ
216 4316 361 4389 ἵππῳ
393 4319 494 4373 καὶ
545 4317 841 4371 ἀπέκτεινα
873 4317 1056 4373 αὐτόν.
1107 4316 1219 4372 Καὶ
1252 4317 1564 4388 πολεμήσας
1595 4315 1688 4371 τὸν

1804 3203 1929 3270 bus,
1966 3215 2019 3261 et
2047 3206 2101 3261 in
2136 3209 2404 3265 circulum
2427 3213 2655 3271 volvens
2682 3226 2738 3272 et
2757 3218 3146 3285 obtenebrans,
3164 3222 3378 3293 jaciens

1802 3298 1977 3353 occidi
2000 3314 2147 3357 eum.

1868 3411 1958 3468 lll.
1999 3433 2018 3465 ι
2048 3414 2113 3470 Et
2139 3419 2359 3487 quando
2388 3420 2679 3478 veniebant
2713 3423 2823 3479 duo
2852 3442 3005 3497 reges
3032 3428 3375 3489 Chananteo-

1799 3519 1923 3562 rum
1957 3505 2169 3563 loricati
2205 3524 2369 3580 super
2397 3527 2608 3584 greges,
2640 3524 2694 3571 et
2735 3518 2941 3575 multus
2982 3523 3213 3591 populus
3247 3542 3373 3582 eum

1799 3596 1954 3669 ipsis,
1981 3606 2036 3653 et
2067 3614 2168 3671 ego
2199 3602 2350 3658 solus
2396 3618 2623 3661 currens
2646 3606 2701 3661 in
2735 3624 2915 3680 regem
2950 3609 3077 3679 Sur,
3122 3618 3371 3677 continui

1797 3706 1923 3747 eum
1947 3699 2001 3746 et
2032 3693 2083 3745 in
2119 3692 2283 3749 tibias
2318 3697 2626 3765 percutiens
2647 3741 2663 3766 ,
2693 3703 2988 3770 prostravi,
3014 3713 3068 3761 et
3097 3707 3166 3761 ita
3192 3711 3370 3766 occidi

1794 3797 1941 3838 eum.
1967 3782 2033 3838 Et
2053 3784 2221 3839 alium
2251 3801 2431 3856 regem
2456 3785 2698 3858 Tapbue,
2727 3792 3002 3848 sedentem
3027 3796 3081 3849 in
3109 3812 3249 3868 equo
3277 3815 3372 3856 oe-

1794 3875 1925 3945 cidi,
1958 3887 2122 3949 atque
2144 3878 2218 3934 ita
2250 3896 2467 3936 omnem
2495 3883 2753 3953 populum
2782 3885 3034 3956 dispersi.
3068 3889 3251 3947 Aelior
3278 3908 3368 3948 rc-

1794 3985 1936 4041 gem,
1960 3970 2139 4027 virum
2165 3973 2466 4044 gigantum,
2495 3975 2840 4045 sagittantem
2877 3987 3002 4033 ante
3032 3989 3085 4035 et
3111 3991 3278 4051 retro,
3309 3985 3366 4040 in

1790 4078 1933 4133 equo
1955 4064 2387 4135 apprehendens,
2405 4066 2640 4136 lapidem
2663 4067 2941 4139 sexaginta
2960 4070 3218 4127 librarum
3232 4090 3367 4130 con-

1791 4164 2077 4229 torquens,
2110 4156 2316 4228 pmjeci
2358 4158 2413 4213 in
2446 4174 2670 4229 equum,
2697 4167 2751 4215 et
2794 4160 2972 4231 ipsum
3004 4162 3271 4220 interfeci.
3297 4165 3365 4221 Et

1788 4263 2109 4319 expugnans
2139 4248 2322 4304 Achor
2352 4248 2501 4305 horis
2525 4250 2760 4314 duabus,
2791 4251 2964 4307 occidi
2991 4264 3138 4318 eum,
3164 4265 3218 4310 et
3248 4256 3361 4313 dis-

1789 4356 1981 4398 secans
2003 4343 2249 4414 clypeum
2266 4341 2403 4414 ejus,
2422 4344 2663 4400 conscidi
2682 4346 2845 4415 pedes
2862 4344 3003 4415 ejus.
3030 4345 3087 4401 In
3110 4350 3361 4405 emendo

132 4404 292 4482 ’Δχὼρ
324 4411 416 4466 ἐπὶ
453 4410 603 4483 ὥρας
634 4411 761 4476 δύο,
795 4410 1092 4466 ἀπέκτεινα
1123 4409 1285 4464 αὐτὸν
1304 4451 1318 4475 ,
1356 4410 1448 4462 καὶ
1479 4410 1560 4473 είς
1592 4408 1686 4463 δύο

1812 4443 1974 4491 intem
2006 4435 2127 4505 ejus
2166 4436 2465 4502 thoracem,
2489 4450 2619 4490 ecce
2637 4444 2762 4491 octo
2788 4434 2912 4501 viri,
2938 4437 3099 4491 amici
3129 4438 3250 4509 ejus
3274 4440 3362 4495 in-

121 4498 248 4572 μέρη
282 4505 513 4576 ποιήσας
542 4503 643 4575 τὴν
676 4502 878 4557 ἀσπίδα
909 4501 1094 4567 αὑτοῦ,
1132 4501 1402 4572 συνέκοψα
1432 4501 1560 4566 τοὺς
1583 4501 1681 4555 πό-

118 4587 202 4654 δας
231 4593 409 4650 αὐτοῦ.
463 4595 551 4649 Ἐν
582 4595 640 4649 δὲ
670 4594 750 4666 τῷ
782 4593 990 4649 ἐκδύειν
1027 4612 1096 4667 με
1128 4593 1291 4649 αὑτὸν
1320 4593 1412 4647 τὸν
1430 4591 1682 4664 θώρακα,

124 4680 220 4737 ἰδοὺ
262 4685 452 4760 ἄνδρες
484 4685 630 4740 ὀκτὼ
652 4726 668 4752 ,
702 4686 907 4758 ἑταῖροι
939 4686 1123 4753 αὐτοῦ,
1158 4684 1390 4759 ἤρξαντο
1424 4684 1682 4756 πολεμεῖν

123 4772 243 4843 πρὸς
290 4793 375 4847 με.
439 4777 752 4850 Ἐνειλήσας
816 4771 910 4831 οὖν
971 4776 1071 4849 τὴν
1138 4775 1330 4847 στολήν
1367 4791 1467 4846 μου
1502 4774 1563 4827 ἐν
1610 4776 1679 4846 τῇ

122 4866 248 4937 χειρί
281 4885 399 4938 μου,
436 4869 605 4935 λίθοις
655 4869 1017 4941 σφενδονήσας
1063 4866 1277 4932 αὐτοὺς,
1310 4866 1584 4939 τέσσαρας
1617 4865 1676 4933 ἐξ

122 4956 283 5013 αὐτῶν
331 4961 572 5017 ἀνεῖλον·
624 4964 675 5017 οἱ
721 4961 780 5016 δὲ
812 4960 962 5017 ἄλλοι
1006 4959 1229 5032 ἔφυγον.
1266 4960 1377 5014 Καὶ
1421 4957 1615 5013 Ἰακὼϐ
1646 4959 1676 5011 ό

123 5053 285 5125 πατὴρ
315 5057 473 5128 ἡμῶν
506 5056 682 5111 ἀνεῖλε
732 5056 824 5111 τὸν
875 5054 1100 5118 Βεελισᾶ
1120 5095 1136 5119 ,
1185 5051 1405 5125 βασιλέα
1452 5053 1674 5107 πάντων

121 5142 215 5196 τῶν
258 5147 543 5217 βασιλέων,
596 5148 826 5217 γίγαντα
854 5150 922 5220 τῇ
978 5145 1152 5217 ίσχύῖ,
1190 5143 1408 5216 πηχέων
1440 5143 1667 5196 δώδεκα.

1786 4533 2050 4597 ceperunt
2093 4540 2337 4597 pugnare
2385 4525 2649 4581 adversus
2720 4541 2828 4581 me.
2880 4524 3165 4584 Involvens
3226 4545 3359 4602 ergo

1785 4619 1981 4676 stolam
2002 4634 2181 4674 meam
2210 4618 2262 4674 in
2289 4633 2454 4673 manu
2483 4633 2626 4684 mea,
2661 4618 2937 4688 lapidibus
2966 4635 2997 4676 e
3028 4619 3197 4677 funda
3222 4636 3356 4694 per-
3424 4683 3452 4711 ο

1782 4712 2000 4767 cutiens
2026 4712 2199 4782 ipsos,
2226 4718 2465 4782 quatuor
2506 4725 2695 4765 eorum
2724 4712 2934 4779 occidi;
2962 4713 3143 4769 caeteri
3169 4726 3353 4773 autem

1782 4798 2056 4869 fugerunt.
2092 4796 2340 4854 EtJaeob
2366 4808 2519 4869 pater
2550 4807 2736 4855 noster
2766 4801 2967 4857 occidit
2995 4802 3224 4872 Beelisa,
3258 4822 3350 4863 re-

1778 4905 1901 4962 gem
1928 4890 2175 4946 omnium
2195 4906 2408 4963 regum,
2440 4892 2712 4961 gigantem
2744 4891 3063 4951 fortitudine
3082 4936 3100 4963 ,
3131 4899 3349 4954 cubito-

1778 4996 1899 5035 rum
1948 4980 2259 5036 duodecim.
2292 4980 2360 5036 Et
2409 4982 2607 5038 cecidit
2634 4998 2800 5053 super
2852 4984 3002 5056 ipsos
3041 4995 3262 5056 tremor,
3294 4999 3348 5044 et

1773 5082 2128 5128 cessaverunt
2150 5088 2397 5145 pugnare
2423 5083 2613 5129 contra
2643 5089 2765 5130 nos.
2795 5073 3025 5146 Propter
3055 5077 3158 5133 hoc
3185 5094 3345 5133 secu-

1772 5179 1867 5219 rus
1892 5171 2010 5218 erat
2050 5164 2205 5234 pater
2233 5179 2387 5220 meus
2419 5165 2472 5219 in
2506 5165 2731 5239 prmliis,
2764 5168 3025 5237 quoniam
3052 5184 3152 5239 ego
3190 5184 3341 5224 eram

122 5230 216 5288 Καὶ
259 5238 516 5296 ἐπέπεσεν
563 5238 648 5294 ἐπ’
696 5239 892 5303 αὐτοὺς
936 5236 1135 5311 τρόμος
1158 5277 1175 5304 ,
1224 5234 1318 5291 καὶ
1354 5232 1666 5290 ἐπαύσαντο

1812 5272 1896 5313 um
1938 5255 2207 5317 fratribus
2250 5257 2407 5315 meis.
2442 5256 2587 5315 Vidit
2623 5259 2769 5314 enim
2803 5258 2858 5313 in
2888 5259 3098 5315 visione
3127 5260 3336 5327 deme,

315 5441 518 5513 Μήτηρ
545 5459 697 5513 μου,
720 5441 841 5496 Δία.
872 5442 950 5497 lo.

322 5505 650 5582 Εὖλόγόυν.
690 5512 944 5582 Ἐτίμων.
965 5511 1043 5566 ID.

336 5574 686 5654 'HrapcbOnr.
719 5574 1055 5654 ῘΗδρύνθην.
1075 5653 1079 5654 ν
1096 5581 1171 5636 In.

305 5642 535 5722 ῌϋξαὶό
552 5642 671 5722 μοι.
699 5642 1035 5722 ξΕπήύξατο.
1070 5653 1148 5707 lo.

180 5690 282 5792 i665
305 5690 814 5789 ὀὄὲἒὶἔοῗῗὸῖέαῗ
823 5690 910 5778 ’(ἱῖ

1834 5435 1950 5507 (6|)
1972 5435 2432 5509 φορώδαάκρίαν
2450 5435 2801 5500 κατέῶαϐον,
2828 5434 2927 5490 καὶ
2948 5432 3162 5505 πιάσαι,
3198 5436 3338 5509 ἠμέ-

1754 5506 1943 5593 puga,
1978 5506 2203 5593 pssunt.
2238 5506 2317 5564 In.

1853 5577 1944 5650 θῇ)
1989 5576 2342 5650 Ἑκρὰτησα,
2370 5576 2701 5650 Κρατείσαςγ
2741 5580 2814 5634 lo.

1853 5579 1922 5631 62
1989 5579 2342 5646 'Exptitna'a.
2370 5579 2701 5650 Κρατείσας.
2741 5580 2814 5634 lo.

1982 5647 2156 5715 Σοὺρ,
2184 5648 2514 5738 our-gazam
2563 5647 2777 5715 Ἀσοὺρ,
2803 5650 3063 5721 συνεῖχον.
3095 5648 3167 5705 Ιυ.
3364 5676 3376 5745 γ

1852 5719 1943 5788 64)
1971 5720 2151 5777 Λαιόν.
2183 5721 2388 5776 Αυτων.
2418 5719 2492 5777 Iul

1852 5719 1943 5792 6t)
1971 5720 2151 5777 Λαιόν.
2183 5719 2388 5776 Αὐτῶν.
2418 5719 2492 5777 ιιι.
