4002 6308
780 297 846 356 τί
1664 290 2121 356 TESTAMENTA
2160 301 2228 356 XI

2341 302 2908 360 ATRIARCHARUM.
3763 315 3863 373 l0?!

702 410 846 488 quod
873 414 1098 486 angelus
1136 413 1352 469 virtutis
1406 413 1744 485 sequebatur
1768 431 1853 470 me
1898 416 1952 470 in
1992 416 2234 470 omnibus

2341 416 2748 488 ,πολεμοῦντες
2795 418 2881 487 ἐφ’
2930 418 3099 489 ἡμᾶς.
3154 419 3251 472 Διά
3298 420 3456 475 τοῦτο
3500 423 3755 496 ἀμέριμνος
3781 427 3863 503 ἦνί

700 518 756 563 ιιι
800 524 905 563 non
940 507 1209 561 vincerer.

2376 510 2556 580 πατήρ
2592 527 2693 580 μου
2727 511 2784 563 ἐν
2814 512 2927 573 τοῖς
2963 509 3239 580 πολέμοις,
3275 512 3356 565 ὅτι
3390 513 3497 581 ἐγὼ
3526 516 3655 588 ἢμην
3685 520 3761 572 σὺν
3786 526 3864 587 τοῖς

700 603 948 674 ἀδελφοῖς
1001 619 1125 673 μου.
1162 595 1284 653 Εἶδε
1333 598 1441 671 γὰρ
1474 601 1531 651 ὲν
1564 600 1795 671 ὁράματι
1844 602 1971 673 περί
2006 598 2162 672 ἐμοῦ,
2198 601 2279 654 ὅτι
2317 602 2545 671 ἄγγελος
2594 603 2875 674 δυνάμεως
2941 603 3131 656 ἔπεταί
3166 623 3253 675 μοι
3287 606 3345 659 ἐν
3382 608 3541 673 πᾶσι,
3604 610 3684 663 τοῦ
3716 614 3773 683 μὴ
3797 618 3862 686 ἠτ-

696 694 910 750 τᾶσθαι.

768 806 861 864 IV.
882 827 901 860 ι
927 806 1072 863 Etad
1087 814 1333 863 austrum
1359 804 1559 860 factum
1587 813 1671 860 est
1694 804 1855 861 nobis
1878 808 2124 876 praelium
2148 823 2234 862 ma

2454 802 2525 853 A'.
2558 819 2577 851 ι
2620 800 2727 853 Kal
2758 801 2897 854 κατὰ
2915 804 3062 854 νότον
3078 802 3299 871 γέγονεν
3322 805 3456 874 ἡμῖν
3486 806 3694 877 πόλεμος
3722 812 3861 880 μείζων

694 901 807 970 jus,
835 914 1000 971 quam
1025 897 1171 968 quod
1200 897 1254 950 in
1281 896 1540 951 Sichimis
1569 913 1583 961 ;
1618 904 1671 949 et
1707 895 2011 951 instructus
2058 896 2113 950 in
2150 896 2232 951 aci

2369 888 2462 941 τοῦ
2480 890 2536 941 ἐν
2553 889 2683 960 Σική
2692 907 2811 960 μοις
2829 907 2841 919 ’
2867 892 2959 943 καὶ
2995 892 3448 963 παραταξάμενος
3485 896 3615 964 μετά
3644 899 3733 951 τῶν
3756 900 3863 957 ἀθά.

694 1007 822 1049 cum
854 992 1119 1046 fratribus
1158 989 1316 1054 meis,
1364 995 1685 1058 persecutus
1725 1001 1846 1041 sum
1886 986 2035 1041 mille
2081 987 2230 1043 viros

2371 980 2487 1050 φῶν
2526 998 2625 1051 μου
2650 1021 2664 1045 ,
2700 981 2893 1048 ἐδίωξα
2925 982 3129 1052 χιλίους
3164 983 3386 1054 ἄνδρας,
3423 989 3514 1040 καὶ
3562 980 3802 1046 ἀπέκτεινα
3823 998 3861 1064 ἐξ

692 1100 749 1145 et
769 1089 944 1146 occidi
994 1104 1059 1143 ex
1106 1087 1185 1142 eis
1223 1086 1487 1141 ducentos
1513 1085 1695 1148 viros,
1724 1092 1777 1138 et
1806 1092 2043 1152 quatuor
2078 1098 2234 1155 reges

2369 1069 2548 1122 αὐτῶν
2610 1069 2915 1135 διακοσίους
2976 1073 3194 1145 ἄνδρας,
3244 1077 3342 1128 καὶ
3375 1076 3634 1149 τέσσαρας
3678 1082 3855 1151 βασιλεῖς,

694 1181 764 1236 Et
806 1179 1029 1236 ascendi
1078 1194 1241 1249 super
1292 1178 1445 1247 ipsos
1480 1176 1533 1231 in
1580 1191 1834 1242 murum,
1861 1183 1917 1230 et
1951 1174 2090 1231 alios
2121 1175 2231 1231 duo

2368 1162 2477 1215 Kal
2511 1163 2737 1233 ἀνῆλθον
2773 1165 2858 1217 ἐπ’
2891 1167 3084 1230 αὐτοὺς
3103 1168 3195 1220 ἐπὶ
3226 1167 3321 1220 τοῦ
3357 1169 3583 1239 τείχους,
3615 1174 3698 1227 καὶ
3733 1175 3857 1242 ἄλλους

693 1287 849 1344 reges
870 1270 1045 1327 occidi
1073 1288 1088 1325 :
1116 1280 1170 1325 et
1214 1271 1288 1324 ita
1337 1268 1689 1324 liberavimus
1716 1266 1953 1336 Hebron,
1978 1274 2035 1322 et
2085 1267 2234 1323 abduc

2365 1253 2459 1306 δύο
2496 1253 2731 1323 βασιλεῖς
2760 1254 2973 1307 ’ἀνεῖλον
2994 1272 3006 1285 ·
3046 1256 3140 1309 καὶ
3174 1257 3350 1321 οὕτως
3372 1259 3775 1334 ἠλευθερώσαμεν

692 1360 875 1415 ximus
898 1374 1118 1415 omnem
1141 1373 1331 1429 regum
1356 1356 1749 1427 captivitatem.

2368 1346 2595 1418 Χεϐρὼν
2619 1388 2634 1412 ,
2671 1349 2764 1401 καὶ
2798 1348 3058 1420 ἐλάϐομεν
3095 1352 3275 1404 πᾶσαν
3309 1352 3413 1423 τὴν
3445 1355 3853 1426 αἰχμαλωσίαντὼν

2373 1438 2664 1507 βασιλέων.

2408 1439 2664 1493 ασιλέων.

758 1543 824 1599 ν.
864 1563 883 1596 ι
922 1542 989 1598 Et
1035 1550 1257 1614 postero
1296 1540 1384 1595 die
1420 1538 1691 1595 abivimus
1714 1538 1769 1593 in
1794 1537 2036 1604 Aretam,
2069 1539 2233 1595 civita

2438 1540 2513 1590 E'.
2558 1558 2575 1590 ι
2605 1541 2714 1595 Kal
2747 1544 2815 1614 τῇ
2852 1540 2979 1613 ἑξῆς
3029 1542 3352 1615 ἀπήλθομεν
3383 1546 3464 1609 εἰς
3508 1545 3721 1618 Ἀρέταν,
3756 1550 3851 1603 πόλιν

686 1646 795 1692 tem
825 1645 1101 1708 potentem
1149 1642 1208 1689 et
1256 1638 1528 1687 muratam
1555 1671 1571 1696 ,
1607 1637 1661 1684 et
1708 1629 1865 1685 nobis
1909 1629 2233 1685 inacwssibi

2364 1628 2627 1699 κραταιὰν
2660 1632 2755 1685 καὶ
2788 1634 3037 1705 τειχήρη,
3074 1635 3167 1686 κα)⁵
3201 1635 3631 1707 ἀπροσέγγιστον
3660 1642 3773 1709 ἡμῖν,
3796 1642 3852 1694 6i-

685 1731 816 1795 lem,
868 1736 1102 1782 mortem
1154 1724 1475 1779 minantem.
1512 1720 1624 1791 Ego
1671 1721 1835 1791 igitur
1862 1731 1916 1776 et
1944 1721 2059 1777 Gad
2089 1721 2225 1776 adve

2363 1735 2517 1772 νατον
2567 1721 2915 1777 ἀπειλούσαν.
2977 1722 3116 1792 Ἐγὼ
3162 1720 3255 1778 οὖν
3303 1726 3402 1778 καὶ
3452 1726 3556 1779 Γὰδ
3594 1731 3849 1801 προσήξαμεν

685 1822 870 1876 nimus
898 1820 967 1874 ab
988 1818 1201 1873 oriente
1223 1814 1493 1881 civitatis;
1523 1815 1719 1869 Ruben
1774 1830 1904 1869 vero
1938 1822 1993 1867 et
2021 1812 2150 1868 Levi
2190 1813 2234 1868 al

2370 1810 2478 1863 ἀπὸ
2525 1811 2796 1866 ἀνατολῶν
2848 1814 2949 1885 τῆς
3000 1815 3206 1880 πόλεως
3227 1833 3243 1847 ο
3312 1817 3553 1889 Ῥουϐὴμ
3592 1819 3640 1872 δὲ
3676 1822 3746 1872 καὶ
3769 1821 3848 1873 Ast!

681 1910 965 1966 occidente
990 1918 1044 1962 et
1072 1915 1283 1961 austro.
1316 1904 1383 1960 Et
1408 1905 1791 1960 existimantes
1822 1903 1916 1973 qui
1947 1919 2111 1974 super
2132 1920 2234 1959 mu

2356 1894 2464 1955 ἀπὸ
2495 1900 2713 1973 δυσμῶν
2747 1905 2839 1957 καὶ
2869 1904 3042 1961 νότου.
3078 1908 3187 1960 Kal
3235 1908 3552 1980 νομίζοντες
3594 1912 3635 1963 οἰ
3680 1909 3760 1964 ἀπὸ
3790 1914 3845 1965 τοῦ

682 2016 777 2056 ros
797 2009 974 2065 erant,
999 1998 1146 2069 quod
1176 2014 1280 2053 nos
1304 1998 1407 2052 soli
1453 2011 1725 2061 essemus,
1780 1996 1995 2051 attracti
2026 2005 2156 2051 sunt
2198 1997 2234 2051 it

2353 1993 2585 2063 τείχους,
2621 1996 2702 2048 ὅτι
2735 1998 2897 2068 ἡμεῖς
2935 1998 3083 2069 μόνοι
3117 1999 3312 2070 ἐσμὲν,
3348 2000 3738 2073 ὲφειλκύσθησαν
3762 2007 3845 2075 sai;

681 2110 819 2159 nos;
878 2102 933 2148 et
978 2093 1053 2147 ita
1105 2091 1335 2145 latentes
1377 2088 1579 2144 fratres
1614 2090 1721 2143 mei
1752 2104 1818 2143 ex
1844 2099 2073 2159 utraque
2104 2100 2234 2159 part4

2353 2084 2520 2152 ἡμᾶς·
2558 2085 2650 2137 καὶ
2681 2085 2851 2150 οὕτως
2886 2086 3126 2159 λαθραῖοι
3174 2092 3223 2142 οἰ
3256 2085 3482 2159 ἀδελφοί
3529 2108 3621 2162 μου
3652 2094 3698 2159 ἐξ
3724 2093 3843 2148 ἐκατέ-

680 2188 897 2260 paxillis
937 2184 1301 2241 ascenderunt
1345 2198 1585 2246 murum,
1642 2190 1698 2236 et
1748 2182 2089 2236 intraverunt
2116 2182 2234 2237 civi.

2361 2190 2473 2243 ρων
2510 2172 2620 2245 (65)
2657 2175 2953 2240 πασσάλοις
2989 2179 3334 2250 ἐπανέϐησαν
3371 2179 3451 2249 τῷ
3486 2179 3658 2250 τείχει,
3688 2182 3842 2232 taleis-

678 2289 866 2345 tatem,
918 2275 1297 2348 ignorantibus
1331 2273 1486 2344 ipsis.
1518 2272 1587 2326 Et
1627 2272 1875 2342 cepimus
1902 2288 2025 2327 eam
2072 2273 2127 2328 in
2156 2289 2234 2329 ore

2352 2263 2511 2336 ῆλθον
2543 2266 2623 2331 εἰς
2673 2266 2771 2338 τὴν
2805 2267 2976 2334 πόλιν,
3004 2264 3348 2339 ἀγνοούντων
3386 2272 3581 2327 αὐτῶν.
3611 2270 3699 2324 Καὶ
3723 2271 3839 2325 ἐλάω

678 2372 862 2444 gladii,
896 2381 952 2426 et
995 2368 1326 2439 refugientes
1371 2367 1426 2421 in
1456 2366 1677 2431 turrim,
1728 2367 2085 2423 incendentes
2106 2382 2234 2422 eam,

2355 2373 2453 2427 μεν
2503 2355 2670 2430 αὐτὴν
2718 2359 2778 2411 ἐν
2825 2358 3052 2431 στόματι
3104 2362 3417 2435 μαχαίρας,
3472 2362 3561 2416 καὶ
3604 2364 3709 2426 τοὺς
3734 2362 3835 2433 Eva)

680 2481 806 2522 cum
839 2464 975 2535 ipsis
1004 2464 1273 2533 cepimus.
1304 2460 1517 2516 Etcum
1546 2461 1945 2528 recederemus,
1966 2463 2071 2517 viri
2103 2461 2251 2518 Tha-

676 2558 823 2628 pbue
860 2553 1447 2625 iuvadebantprzedam
1498 2563 1783 2621 nostram;
1815 2561 1869 2609 et
1912 2570 2035 2610 cum
2095 2570 2251 2611 acce-

674 2651 886 2721 pissent
904 2664 1024 2705 eam
1050 2664 1175 2703 cum
1206 2646 1333 2701 filiis
1357 2644 1582 2711 nostris,
1606 2645 1884 2714 congressi
1908 2660 2100 2703 sumus
2122 2662 2234 2701 cum

2349 2635 2559 2705 Θαφουὲ
2584 2636 2846 2691 ἐπέϐαλον
2866 2641 2931 2710 τῇ
2967 2640 3328 2712 αἰχμαλωσίᾳ
3368 2642 3541 2713 ὴμῶν,
3562 2640 3644 2695 καί
3674 2641 3833 2711 παρὼ-

672 2741 755 2796 eis
776 2756 952 2811 usque
974 2740 1041 2794 ad
1068 2738 1333 2809 Thaphue
1358 2755 1373 2805 ;
1401 2751 1606 2806 eosque
1646 2737 1969 2805 occidimus,
2016 2746 2071 2792 et
2114 2738 2234 2793 civi-

2348 2724 2535 2794 ϐόντες
2570 2729 2745 2800 αὐτὴν
2778 2730 2873 2783 σὺν
2912 2729 3021 2802 (66)
3057 2736 3169 2796 τοῖς
3203 2733 3344 2796 υἰοῖς
3388 2734 3562 2805 ἡμῶν,
3615 2733 3830 2802 συνήιξαμεν

672 2842 839 2887 tatem
896 2830 1261 2894 incendimus,
1320 2835 1609 2899 postquam
1665 2829 1851 2883 omnia
1878 2828 2081 2899 quatin
2128 2829 2234 2901 ipsa

2350 2817 2490 2890 πρὸς
2528 2821 2725 2886 αὐτοὺς
2741 2822 2846 2887 ἕως
2877 2823 3090 2893 Θαφουέ
3128 2823 3237 2895 (67)
3260 2841 3276 2855 ’
3302 2826 3586 2889 κάκείνους
3604 2824 3829 2879 ἀπεκτείνα-

672 2934 850 2994 erant,
878 2924 1293 2995 spoliassemus.

2351 2933 2472 2984 μεν,
2509 2919 2605 2971 καὶ
2637 2918 2737 2991 τὴν
2789 2920 2943 2975 πόλιν
2976 2922 3396 2993 ὲνεπρήσαμεν,
3434 2918 3602 2975 πάντα
3629 2920 3683 2974 τὰ
3707 2921 3747 2972 ἐν
3770 2920 3827 2969 αὺ-

2352 2448 2547 2521 πύργῳ
2580 2450 3009 2521 καταφυγόντας,
3044 2454 3432 2526 ἐμπρήσαντες
3465 2454 3553 2509 τὸν
3582 2456 3759 2528 πύργον,
3780 2458 3833 2506 σιν

2349 2543 2531 2606 αὐτοῖς
2564 2543 2845 2614 ἐλάϐομεν.
2894 2545 3003 2598 Kal
3037 2547 3094 2600 ὲν
3146 2546 3224 2617 τῷ
3258 2548 3480 2602 ἀπιέναι
3513 2550 3673 2618 ἡμᾶς,
3717 2549 3832 2617 ἄιδρίς

743 3103 833 3159 Vl.
872 3122 891 3156 ι
922 3102 987 3158 Ει
1015 3113 1070 3158 ut
1104 3118 1253 3158 eram
1290 3104 1344 3157 in
1373 3102 1531 3174 aquis
1563 3100 1844 3168 Cliuzeba,
1891 3102 1928 3155 ii
1972 3103 2119 3173 quia
2145 3101 2241 3159 Jo-

2346 3010 2412 3079 τῇ
2450 3009 2867 3077 σκυλεύσαντες.

2420 3103 2506 3169 ς’.
2539 3121 2555 3152 ι
2596 3104 2704 3157 Kal
2736 3105 2810 3169 ῶς
2846 3106 2991 3177 ἥμην
3025 3107 3082 3160 ἐν
3114 3110 3227 3173 τοῖς
3261 3099 3421 3162 ὕδασι
3453 3105 3742 3177 Χουζηϐᾶ,οἰ
3764 3100 3826 3156 ira

671 3199 778 3263 bel,
811 3199 1104 3252 veniebant
1151 3198 1415 3253 adversus
1464 3212 1566 3252 nos
1616 3197 1672 3251 in
1702 3196 1981 3266 praelium;
2022 3205 2077 3250 et
2110 3213 2234 3252 con-

2360 3166 2548 3265 Ίωϐὴλ
2580 3190 2742 3265 ἦλθον
2948 3166 3095 3269 ῆμᾶς
3128 3166 3221 3264 εἰς,
3244 3201 3513 3272 πόλεμονο
3549 3166 3633 3253 κα)
3663 3166 3825 3267 M92-

671 3289 842 3360 gressi
873 3304 1064 3343 sumus
1095 3304 1221 3342 cum
1250 3290 1360 3356 eis,
1395 3290 1657 3359 ipsosque
1693 3289 2015 3356 occidimus,
2039 3304 2242 3359 eosque

668 3380 763 3449 qui
801 3396 833 3434 a
877 3378 1037 3434 Selou
1068 3380 1343 3433 auxiliarii
1375 3380 1617 3449 ipsorum
1650 3390 1839 3445 erant;
1866 3389 1920 3433 et
1950 3394 2056 3433 non
2090 3379 2242 3446 dedi-

669 3489 792 3529 mus
816 3474 899 3527 eis
926 3486 1229 3543 egressum,
1273 3482 1333 3527 ut
1360 3471 1607 3527 venirent
1646 3474 1711 3526 ad
1747 3488 1866 3527 nos.
1901 3472 1967 3525 Et
1993 3473 2086 3542 qui
2115 3482 2242 3527 sunt

666 3582 697 3621 a
729 3563 936 3621 Mecltir
971 3573 1406 3633 supervenerunt
1454 3564 1611 3619 nobis
1639 3565 1832 3634 quinto
1860 3564 1967 3629 die,
1992 3572 2050 3619 ut
2072 3567 2239 3634 capti-

668 3672 766 3711 vos
841 3657 1196 3723 abducerent,
1222 3664 1275 3711 ct
1297 3655 1500 3727 agressi
1533 3671 1627 3711 eos
1665 3655 1792 3711 forti
1826 3672 2005 3726 pugna
2037 3656 2240 3710 invasi-

667 3764 814 3813 ntus,
857 3747 1118 3819 quoniam
1159 3757 1317 3802 erant
1360 3746 1709 3801 multitudine
1740 3756 2023 3817 potentes;
2057 3756 2109 3802 et
2141 3762 2237 3801 oc-

665 3842 901 3895 cidimus
944 3856 1059 3905 eos,
1090 3849 1384 3909 antequam
1426 3839 1793 3893 ascenderunt
1833 3839 2235 3896 ascensionem.

666 3931 737 3988 Ut
780 3941 963 3987 autem
1015 3932 1268 3987 velimus
1299 3931 1366 3985 ad
1410 3930 1688 3985 civitatem
1727 3946 1941 3997 eorum,
1978 3932 2236 3986 mulieres

659 4044 850 4083 eorum
872 4027 1162 4083 volvebant
1184 4041 1350 4096 super
1371 4041 1470 4081 nos
1493 4025 1700 4094 lapides
1729 4040 1757 4079 a
1781 4026 1985 4080 vertice
2008 4025 2233 4090 montis,

660 4122 715 4175 iu
753 4137 864 4191 quo
894 4128 1012 4175 erat
1050 4119 1265 4172 civitas.
1318 4116 1385 4171 Et
1414 4117 1693 4173 latitantes
1723 4132 1825 4187 ego
1854 4125 1908 4171 et
1957 4112 2176 4169 Simcon
2203 4130 2231 4167 a

658 4224 831 4283 tergo,
880 4210 1339 4281 apprehendimus
1382 4208 1626 4276 excelsa,
1657 4216 1712 4264 et
1739 4216 1909 4263 totam
1951 4208 2231 4263 civitatem

658 4303 1021 4374 perdidimus.

704 4394 844 4457 rVIl.
887 4413 905 4446 ‹
938 4394 1005 4449 Et
1026 4393 1275 4465 sequenti
1307 4393 1394 4448 die
1423 4391 1630 4447 dictum
1666 4399 1750 4447 est
1777 4392 1955 4454 nobis,
1980 4392 2123 4462 quod
2155 4392 2232 4448 ci-

2348 3303 2444 3357 μεν
2479 3288 2675 3353 αὐτοὺς
2712 3289 2844 3360 (68),
2881 3291 3167 3356 κάκείνους
3201 3293 3625 3363 ἀπεκτείναμεν·
3656 3288 3820 3347 καὶτοὺς

2340 3376 2451 3431 ἀπὸ
2466 3377 2667 3451 Σηλὼμ
2704 3383 3025 3452 συμμάχους
3059 3383 3239 3436 αὐτῶν
3275 3376 3823 3453 ἀπεκτείναμενυκείοὖι

2341 3471 2617 3543 ἐδώκαμεν
2651 3471 2833 3537 αὐτοῖς
2878 3474 3127 3540 διέξοδον,
3161 3475 3255 3528 τοῦ
3295 3476 3549 3530 εἰσελθεῖν
3582 3472 3693 3546 πρὸς
3718 3472 3818 3539 ἡμεῖςν

2340 3566 2450 3618 Καὶ
2482 3567 2531 3617 οἱ
2567 3565 2673 3617 ἀπὸ
2706 3565 2899 3637 Μεχὴρ
2932 3566 3165 3637 ἐπῆλθον
3198 3568 3336 3639 ἡμῖν
3370 3571 3434 3638 τῇ
3470 3564 3668 3637 πέμπτῃ
3688 3561 3817 3633 ἡμέρᾳ,

2340 3655 2520 3709 λαϐεῖν
2565 3657 2663 3726 τὴν
2713 3657 3125 3728 αἰχμαλωσίαν·
3176 3660 3273 3711 καὶ
3326 3659 3670 3731 προσάξαντες
3703 3653 3817 3709 αὐτοῖς

2339 3748 2396 3799 ἐν
2431 3750 2675 3820 κρατερᾷ
2711 3749 2860 3822 μάχῃ
2896 3750 3353 3823 περιεγενόμεθα,
3406 3752 3485 3805 ὅτι
3528 3745 3650 3821 ἦσαν
3690 3742 3817 3812 πλῆϐθς

2337 3841 2551 3894 δυνατοὶ
2582 3844 2639 3895 ἐν
2670 3843 2853 3905 αὐτοῖς
2873 3860 2886 3873 ο
2924 3845 3017 3897 xal
3040 3844 3443 3916 ἀπεκτείναμεν
3477 3843 3651 3905 αὐτοὺς
3677 3830 3814 3910 πῴττιῦ

2345 3932 2613 4002 ἀναϐῆναι
2661 3934 2758 4005 τὴν
2791 3933 3074 3989 ἀνάϐασιν.
3136 3931 3223 4000 Ὠς
3267 3936 3327 3990 δὲ
3377 3936 3596 4007 ἤλθομεν
3634 3932 3687 4001 τῇ
3724 3924 3813 3979 sols:
3892 3994 3893 4005 γ

2337 4023 2544 4089 αὐτῶν,
2583 4026 2639 4079 αἰ
2674 4028 2931 4094 γυναῖκες
2965 4023 3143 4081 αὐτῶν
3187 4024 3403 4082 ἐκύλιον
3446 4028 3526 4096 ἐφ’
3559 4025 3680 4096 ἡμᾶς
3702 4018 3812 4075 λῖθσδῖ
3890 4094 3891 4099 η

2334 4118 2442 4171 ἀπὸ
2472 4118 2572 4187 τῆς
2605 4118 2846 4189 κορυφῆς
2880 4118 2974 4171 τοῦ
3008 4119 3166 4191 ὅρους
3192 4158 3208 4183 ,
3243 4122 3302 4173 ἐν
3429 4114 3493 4190 ἦν
3524 4118 3553 4189 ἠ
3588 4112 3723 4175 πόλις.
3748 4106 3811 4161 Καὶ

2337 4208 2742 4280 ὑποκρυϐέντες
2777 4210 2888 4279 ἐγὼ
2919 4212 3013 4263 καί
3062 4210 3285 4281 Συμεὼν
3320 4210 3603 4276 ἐξόπισθεν,
3634 4198 3807 4259 ἐπελσῶ

2338 4301 2475 4370 μεθα
2494 4301 2603 4355 τῶν
2620 4300 2863 4374 ὑψηλῶν,
2886 4305 2979 4357 καί
3001 4303 3128 4374 ὃλην
3160 4306 3258 4376 τὴν
3294 4306 3446 4359 πόλιν
3476 4298 3807 4373 ὼλοθρεύσαμΰο

2405 4395 2477 4447 Ζ’.
2520 4412 2538 4445 ι
2562 4394 2673 4447 Kal
2690 4398 2756 4465 τῇ
2776 4395 2902 4466 ἑξῆς
2932 4397 3130 4468 ἐρρέθη
3165 4397 3301 4468 πρὸς
3330 4398 3490 4469 ἡμᾶς,
3524 4396 3595 4448 ὅτι
3622 4392 3666 4443 αἰ
3693 4386 3805 4443 mli-'1;

660 4487 856 4541 vitales
896 4487 1128 4541 duorum
1162 4502 1348 4556 regum
1399 4501 1525 4540 cum
1558 4485 1757 4554 populo
1802 4484 1952 4555 gravi
1984 4486 2229 4539 venirent

2341 4484 2440 4537 τῶν
2473 4484 2564 4539 δύο
2600 4485 2865 4555 βασιλέων
2899 4486 3009 4558 (69)
3043 4489 3102 4553 ἐν
3135 4487 3277 4559 ὄχλῳ
3314 4488 3465 4559 βαρεῖ
3510 4485 3713 4555 ἔρχονται
3738 4476 3802 4579 (1")

658 4579 723 4632 ad
781 4593 903 4633 nos.
946 4578 1058 4648 Ego
1106 4581 1269 4649 igitur
1302 4589 1355 4633 et
1402 4578 1513 4632 Dan
1544 4618 1558 4642 ,
1595 4576 1858 4648 [iungentes
1888 4592 1988 4629 nos
2026 4575 2225 4630 Amor-

604 4666 627 4687 ⁸
661 4672 863 4733 rlneos,
916 4680 973 4724 ut
1020 4672 1291 4725 auxiliarii
1326 4672 1573 4725 venimus
1622 4669 1675 4723 in
1711 4668 1986 4723 civitatem
2014 4681 2227 4721 eorum.

658 4760 823 4816 Nocte
854 4770 1035 4815 autem
1068 4761 1338 4829 profunda
1386 4758 1734 4816 venientibus
1786 4760 2049 4814 fratribus
2097 4773 2228 4829 ape-

658 4855 872 4909 ruimus
912 4862 1118 4921 portas,
1144 4863 1195 4907 et
1219 4868 1410 4908 omnes
1442 4870 1536 4907 eos
1566 4853 1902 4923 perdidimus
1924 4894 1938 4920 ,
1966 4860 2020 4907 et
2043 4853 2228 4907 omnia

658 4962 779 5018 quae
807 4961 1000 5001 eorum
1038 4956 1214 5011 erant,
1250 4946 1642 5013 deprazdantes,
1673 4956 1783 5002 tres
1813 4963 2001 5002 muros
2035 4964 2226 5001 eorum

657 5038 1074 5109 prostravimus.
1110 5035 1177 5090 Et
1214 5035 1475 5089 Tltamna:
1514 5040 2107 5109 appmpinquavimns,
2134 5039 2226 5093 ubi

658 5140 775 5185 erat
813 5145 975 5185 omne
996 5128 1266 5198 refugium
1308 5127 1624 5182 bellantium
1659 5145 1867 5200 regum.
1897 5126 2053 5185 Tunc
2082 5130 2229 5200 inju-

656 5237 792 5278 Lam
824 5237 1019 5291 passus
1072 5221 1245 5275 iratus
1277 5234 1399 5273 sum
1420 5260 1433 5283 ,
1472 5228 1525 5274 et
1555 5220 1817 5290 impetum
1856 5220 1960 5276 feci
1986 5221 2043 5275 in
2077 5221 2226 5291 ipsos

730 5380 843 5449 (65)
893 5377 1234 5449 Ἑκατέρων.
1418 5373 1813 5449 μερῶν..ϐιιλρ.

730 5444 840 5519 (66)
872 5448 981 5503 Καὶ
1015 5444 1460 5516 παραλαϐόντες
1483 5444 1693 5510 αὑτήν.
1737 5445 1845 5496 Kal
1883 5445 2223 5516 πράσσοντες

700 5522 846 5573 ὺτήν.
886 5522 960 5573 lt).

880 5524 1031 5656 Ξὲως
1077 5588 1326 5659 Θαφουέ.
1376 5589 1463 5661 Ἐν
1494 5586 1833 5661 τῷλθαφουέ.
1862 5586 1939 5640 In.

729 5658 849 5748 (68),
871 5661 1232 5783 Σγνήγαμεν
1245 5660 1483 5724 αὐτούς.
1504 5659 1611 5711 Kal
1635 5658 1968 5727 συνάψαντες
1992 5658 2223 5729 ἐτρέψα-

735 5748 762 5782 ν
794 5748 1004 5783 αυτούς.
1059 5746 1111 5783 ι).

662 5748 762 5796 μεν
794 5730 1004 5793 αὐτούς.
1037 5730 1111 5783 In.

731 5802 843 5874 (69)
876 5804 944 5856 Αἱ
973 5802 1175 5865 πόλεις
1207 5798 1322 5854 τῶν
1366 5799 1471 5854 δύο
1512 5800 1838 5865 βασιλέων.
1882 5801 2025 5863 Γαᾶς
2069 5799 2220 5862 πόλις

702 5522 712 5535 ἢ

658 5539 693 5575 α

2332 4574 2465 4647 πρὸς
2497 4578 2665 4647 ἡμᾶς·
2715 4577 2855 4646 Ἐγὼ
2888 4574 2979 4631 οὖν
3014 4579 3107 4633 καὶ
3139 4578 3267 4644 Δάν,
3303 4575 3735 4651 προσποιησάμενοι
3754 4566 3801 4615 Ἀ-

2334 4669 2645 4739 μορῤαίους,
2682 4668 2757 4733 ὡς
2794 4669 3069 4740 σύμμαχοι
3122 4670 3355 4742 ἤλθομεν
3387 4670 3463 4731 εἰς
3492 4666 3580 4737 τὴν
3610 4661 3723 4715 πόλιν
3745 4654 3799 4705 r3-

2329 4762 2457 4815 τῶν.
2522 4760 2696 4815 Νυκτὶ
2742 4762 2798 4816 δὲ
2844 4763 3035 4835 βαθείᾳ
3086 4763 3297 4817 ἐλθοῦσι
3342 4765 3449 4824 τοῖς
3492 4756 3699 4824 ἀδελφοῖς
3729 4745 3795 4817 (Ἡ)

2330 4850 2616 4922 ἡνοίξαμεν
2650 4851 2749 4916 τὰς
2784 4851 2957 4916 πύλας
2994 4853 3128 4925 (ἹΞ),
3180 4855 3275 4907 καὶ
3309 4852 3509 4913 πάντας
3538 4845 3696 4905 αὐτοὺς

2330 4942 2655 5015 θρεύσαμεν,
2691 4946 2782 4998 καὶ
2816 4944 2990 4999 πάντα
3012 4945 3082 4999 τὰ
3105 4946 3284 5000 αὐτῶν
3315 4940 3729 5017 προνομεύσαντεςι
3752 4923 3793 4977 τὰ

2330 5038 2461 5109 τρία
2494 5037 2652 5109 τείχη
2700 5035 2876 5090 αὐτῶν
2930 5037 3271 5109 καθείλομεν.
3321 5036 3426 5090 Kal
3480 5035 3533 5085 ἐν
3572 5032 3626 5098 τῇ
3668 5023 3789 5089 Θάμνξ

2331 5132 2803 5204 προσηγγίσαμεν,
2856 5126 2916 5184 οὗ
2967 5128 3034 5203 ἦν
3079 5134 3228 5185 πᾶσα
3273 5134 3304 5203 ἡ
3352 5126 3583 5198 ἀποφυγὴ
3618 5111 3789 5189 (75)τῶν

2330 5224 2601 5294 πολεμίων
2665 5222 2946 5295 βασιλέων.
3016 5224 3147 5276 Τότε
3198 5222 3530 5295 ὑϐριζόμενος
3570 5207 3782 5282 ὲουμιὶιθηνν

2330 5382 2613 5452 βασιλέων.
2666 5381 2741 5437 lo.

2397 5452 2509 5527 (ΞΟ)
2548 5454 2882 5527 Ἐρχοτῖται-
2918 5456 3192 5527 Ἔρχετειι-
3225 5453 3300 5527 ID:

2400 5522 2511 5593 (7|)
2566 5524 2837 5594 Ἐλθοῦοζι
2893 5522 3361 5594 τοῖζέαδελφοῖς.

2326 5591 2569 5662 ἀδελφῶν
2603 5594 2778 5664 ἡμῶν.
2806 5591 2881 5646 In.

2400 5665 2511 5733 (72)
2552 5667 2775 5731 Πύλας.
2806 5666 3016 5728 Αύτοῖς.
3047 5664 3122 5719 lo.

2400 5735 2513 5805 (75)
2566 5734 2881 5806 Ἄποφυγή.
2928 5736 3252 5807 ’Δποσκευή.
3284 5735 3355 5792 In.

3425 5517 3663 5575 Ἐλθόντων
3708 5496 3777 5556 τῶν
