4002 6308
585 307 728 394 {ora

1600 335 2066 393 TESTAMENTA
2105 334 2196 390 ΧΠ
2226 334 2843 398 ΡΑἹῊΙΑΒΕΗΑΒΗΗ.

3705 334 3844 390 1076

583 455 640 511 in
662 455 868 510 malitia
899 470 1008 514 non
1035 456 1288 527 cognovit
1309 471 1454 523 eam,
1481 456 1666 510 vivens
1693 471 1819 510 cum
1843 471 1905 512 ea
1928 467 2152 509 annum.

2259 453 2390 524 αὐτῇ
2431 453 2523 507 τὸν
2562 452 2761 509 Αὐνᾶν·
2799 451 2957 524 καίγε
2997 445 3152 516 οὗτος
3189 454 3247 505 ἐν
3292 452 3528 524 πονηρίᾳ
3566 451 3672 505 οὐκ
3700 453 3844 521 ἔγνω

585 543 654 599 Ει
679 545 900 617 quando
930 546 1169 600 minatus
1199 561 1320 600 sum
1347 546 1420 613 ei,
1451 545 1619 601 coivit
1644 545 1863 615 quidem
1887 558 2011 599 cum
2037 543 2151 607 illa,

585 651 771 691 semen
807 652 936 692 vero
962 635 1172 692 corruit
1197 635 1306 709 (85)
1336 637 1394 694 in
1417 644 1642 702 terram,
1669 637 1968 693 secundum
2000 649 2156 689 man-

584 729 774 785 datum
817 730 1010 786 matris
1043 745 1189 797 suae;
1220 738 1275 784 et
1303 729 1392 785 hic
1422 729 1476 784 in
1504 728 1714 784 malitia
1758 740 2009 787 mortuus
2047 741 2152 788 est.

586 821 847 878 Volebam
889 831 1071 878 autem
1112 831 1168 876 et
1211 822 1381 879 Silom
1427 821 1560 877 dare
1600 822 1675 888 ei,
1718 823 1816 878 sed
1859 837 1998 878 uxor
2032 839 2153 879 mea

585 914 789 972 Bessue
831 930 936 969 non
984 913 1268 985 permisit;
1298 913 1568 970 malitiosa
1595 913 1741 969 enim
1781 926 1898 971 erat
1923 916 1978 970 in
2005 915 2154 970 Tha-

586 1026 725 1074 mar,
754 1009 1014 1078 quoniam
1056 1022 1163 1063 non
1205 1016 1324 1062 erat
1359 1022 1428 1062 ex
1454 1006 1672 1063 filiabus
1696 1006 1980 1075 Chanaan,
2011 1010 2154 1068 sicut

583 1103 724 1172 ipsa.

653 1195 748 1253 XI.
785 1213 804 1246 ι
832 1194 898 1250 Et
931 1209 1033 1265 ego
1058 1195 1320 1260 sciebam,
1349 1193 1496 1264 quod
1523 1193 1894 1264 perniciosum
1923 1204 2040 1249 erat
2062 1210 2154 1265 ge-

581 1306 689 1346 nus
726 1289 1009 1352 Chanaan,
1043 1288 1138 1344 sed
1176 1289 1469 1343 consilium
1510 1287 1814 1358 juventutis
1862 1288 2156 1344 excmcavit

580 1396 677 1436 cor
725 1395 928 1436 meum.
974 1378 1042 1434 Et
1088 1378 1279 1434 videns
1326 1394 1446 1434 eam
1487 1380 1676 1432 vinum
1725 1378 2062 1444 fundentem,
2099 1380 2153 1434 in

581 1474 841 1530 ebrietate
889 1473 1000 1528 viui
1042 1473 1302 1543 deceptus
1346 1487 1492 1537 sum,
1530 1481 1585 1525 et
1626 1470 1840 1526 concidi
1889 1470 1957 1525 ad
2007 1483 2151 1524 eam.

580 1565 723 1637 Ipsa,
747 1581 834 1621 me
862 1566 1106 1629 absente,
1138 1565 1292 1632 abiit,
1315 1572 1371 1619 et
1391 1563 1602 1633 accepit
1631 1563 1801 1617 Silom
1833 1577 2059 1616 uxorem
2087 1576 2155 1616 ex

582 1669 728 1713 terra
768 1656 1050 1712 Chanaan.
1097 1655 1166 1709 At
1191 1671 1317 1711 cum
1346 1654 1726 1725 cognovisscm
1769 1653 1898 1723 quid
1932 1652 2152 1719 fecerat,

581 1750 837 1806 maledixi
866 1749 916 1804 ei
958 1749 1011 1802 in
1041 1747 1230 1803 dolore
1260 1748 1456 1800 anima:
1496 1761 1631 1800 meae
1657 1763 1671 1798 :
1696 1755 1750 1801 et
1782 1747 1898 1816 ipsa
1936 1754 2152 1800 mortua

580 1853 666 1900 est
689 1844 745 1898 in
770 1843 978 1898 malitia
1004 1842 1238 1896 filiorum
1271 1855 1516 1895 suorum.

649 1933 766 1990 XII.
799 1952 818 1986 ι
844 1933 978 1988 Post
1011 1934 1112 1988 hos
1142 1942 1324 1988 autem
1364 1945 1647 1988 sermones
1681 1931 1818 2002 (87),
1846 1932 2010 1986 vidua
2039 1930 2154 1986 exi-

581 2035 756 2082 stente
803 2024 1064 2091 Thamar,
1119 2034 1242 2095 post
1289 2025 1431 2081 duos
1484 2040 1658 2079 annos
1713 2024 1962 2090 audiens,
2005 2023 2154 2093 quod

580 2117 818 2174 ascendo
847 2117 1069 2184 tondere
1093 2131 1243 2182 oves,
1270 2123 1465 2172 ornata
1489 2115 1835 2185 sponsalibus
1861 2129 2156 2170 ornamen-

583 2211 673 2273 tis,
701 2209 842 2265 sedit
859 2218 984 2264 ante
1005 2209 1278 2264 civitatem
1306 2208 1373 2264 ad
1398 2219 1632 2278 portam.
1657 2205 1768 2262 Lex
1789 2205 1935 2262 enim
1957 2207 2156 2261 Amor-

580 2303 853 2358 rliaeorum
879 2310 985 2370 est,
1017 2311 1238 2371 nuptam
1273 2301 1563 2370 praesidere
1589 2301 1642 2354 in
1671 2299 2033 2355 fornicatione
2060 2314 2156 2369 per

581 2405 789 2466 septem
827 2394 943 2450 dies
981 2394 1137 2465 juxta
1168 2403 1403 2464 portam.
1437 2390 1742 2448 Inebriatus
1772 2392 1938 2462 igitur
1958 2406 2059 2462 ego
2097 2392 2152 2445 in

582 2491 744 2560 aquis
770 2487 1010 2551 Chozeb,
1036 2503 1143 2544 non
1175 2487 1367 2557 agnovi
1397 2501 1516 2542 eam
1546 2502 1657 2556 pra:
1681 2485 1839 2552 vino;
1868 2495 1922 2541 et
1941 2485 2154 2554 decepit

581 2597 672 2636 me
701 2580 1048 2650 pulchritudo
1078 2578 1254 2649 ipsius
1283 2593 1377 2648 per
1413 2577 1644 2633 formam
1682 2585 1931 2632 ornatus.
1963 2575 2029 2630 Et
2057 2577 2153 2630 de-

581 2668 795 2722 clinans
818 2666 885 2721 ad
909 2667 1108 2736 ipsam,
1133 2666 1380 2722 dicebam
1408 2685 1423 2722 :
1450 2665 1728 2738 Ingredior
1750 2666 1817 2723 ad
1836 2675 1906 2720 te.
1930 2665 1996 2720 Et
2017 2666 2155 2721 dixit

581 2761 718 2816 mihi
743 2779 757 2814 :
783 2759 924 2827 Quid
958 2759 1091 2814 mihi
1123 2759 1316 2815 dabis?
1353 2757 1421 2813 Et
1461 2759 1586 2814 dedi
1619 2759 1670 2813 ei
1701 2759 1908 2830 virgam
1953 2773 2153 2824 meam,

581 2863 636 2909 et
663 2869 878 2918 zonam,
912 2861 976 2908 et‘
994 2853 1244 2907 diadema
1275 2851 1428 2923 regni
1463 2860 1557 2907 :et
1603 2867 1728 2907 cum
1774 2852 1980 2907 coirem
2027 2867 2154 2907 cum

582 2944 696 3010 illa,
742 2943 1014 3014 concepit.
1068 2939 1333 3012 Ignorans
1379 2951 1563 2997 autem
1617 2941 1751 3010 quid
1810 2939 1957 3007 fecit,
2007 2939 2154 2994 volui

581 3035 836 3092 occidere
875 3051 1032 3101 eam;
1063 3035 1179 3103 ipsa
1219 3043 1402 3089 autem
1451 3035 1674 3089 mittens
1723 3034 1779 3088 in
1831 3034 2155 3090 abscondito

2254 545 2442 616 αὐτὴν,
2467 547 2697 616 ποιήσας
2725 547 2821 599 σὺν
2848 547 2983 616 αὐτῇ
3009 545 3270 599 ἐνιαυτόν.
3301 545 3414 599 Kal
3445 547 3537 597 ὅτε
3565 544 3841 615 ἠπείλησα

2255 637 2431 709 αὐτῷ,
2469 636 2697 709 συνῆλθε
2747 638 2846 709 μὲν
2886 639 3056 708 αὐτῇ,
3089 636 3362 708 διέφθειρε
3405 637 3462 690 δὲ
3505 638 3571 690 τὸ
3620 636 3840 708 σπέρμα

2255 733 2346 786 ἐπὶ
2366 731 2464 803 τὴν
2481 725 2607 802 γῆν,
2637 731 2775 802 μετὰ
2798 731 2898 803 τὴν
2919 732 3136 803 ἐντολὴν
3160 732 3260 802 τῆς
3285 731 3492 804 μητρὸς
3513 730 3686 784 αὑτοῦ
3710 732 3838 801 (8-ί)’

2255 825 2415 892 καίγε
2457 820 2612 886 οὗτος
2651 822 2918 877 ἀπέθανεν
2961 824 3020 877 ἐν
3070 823 3323 895 πονηρίᾳ.
3368 822 3603 877 Ἤθελον
3650 822 3712 878 δὲ
3752 824 3843 877 καὶ

2252 917 2346 972 τὸν
2369 915 2552 987 Σιλὼμ
2575 915 2755 969 δοῦναι
2786 917 2945 988 αὐτῇ,
2973 915 3140 988 ἀλλ’ἢ
3167 917 3304 988 γυνή
3343 933 3444 988 μου
3470 915 3726 986 Βησῖουὲ
3746 916 3840 967 οὐκ

2253 1009 2486 1077 ἀφῆκεν·
2523 1009 2879 1080 ἐπονηρεύετο
2912 1007 3021 1080 γὰρ
3047 1009 3186 1080 πρὸς
3223 1008 3320 1080 τὴν
3358 1008 3586 1080 Θάμαρ,
3623 1008 3713 1060 ὅτι
3746 1010 3840 1060 si:

2252 1096 2321 1173 ἦν
2343 1102 2410 1155 ἐκ
2432 1099 2744 1174 θυγατέρων
2774 1100 3012 1165 Χαναὰν,
3038 1101 3114 1164 ὼς
3141 1103 3297 1173 αὐτή.

2325 1192 2424 1246 IA'.
2464 1213 2484 1246 ι
2526 1193 2696 1263 Κάγὼ
2730 1194 2894 1267 ᾔδειν,
2926 1195 3008 1247 ὃτι
3039 1193 3271 1266 πονηρὸν
3297 1193 3357 1246 τὸ
3384 1194 3547 1263 γένος
3577 1190 3803 1245 Χαναὰν
3822 1231 3840 1255 ,

2254 1283 2391 1338 ἀλλὰ
2421 1284 2482 1337 τὸ
2510 1284 2809 1339 διαϐούλιον
2846 1285 2944 1356 τῆς
2983 1284 3232 1356 νεότητος
3270 1283 3378 1357 (86)
3417 1285 3711 1353 ἐτύφλωσε
3751 1284 3842 1354 τὴν

2255 1376 2478 1448 καρδίαν
2507 1394 2630 1448 μου.
2667 1377 2774 1430 Kal
2803 1375 2925 1430 ίδὼν
2968 1376 3136 1447 αὐτὴν
3177 1376 3544 1446 οἰνοχοοῦσαν,
3587 1378 3649 1429 ἐν
3707 1376 3842 1447 μέθη

2253 1470 2398 1524 οίνου
2447 1467 2754 1540 ἡπατήθην,
2789 1467 2882 1520 καὶ
2925 1466 3195 1520 συνέπεσα
3241 1466 3376 1538 πρὸς
3421 1467 3616 1537 αὑτήν.
3671 1466 3842 1535 Αὕτη,

2256 1563 2484 1626 ἀπόντος
2513 1578 2637 1632 μου,
2664 1559 2954 1634 ἐπορεύθη,
2978 1560 3072 1612 κα)⁵
3092 1557 3251 1611 ἔλαϐε
3277 1558 3355 1628 τῷ
3380 1556 3570 1629 Σιλὼμ
3603 1561 3840 1626 γυναῖκα

2256 1657 2320 1709 ἐκ
2357 1654 2462 1724 γῆς
2506 1653 2743 1707 Χαναὰν.
2792 1652 2958 1714 Γνοὺς
2995 1649 3053 1704 δὲ
3095 1650 3124 1703 δ
3157 1649 3399 1722 ἐποίησε,
3428 1649 3840 1721 κατηρασάμην

2255 1750 2392 1820 αὐτῇ
2436 1749 2492 1801 ἐν
2527 1745 2691 1818 ὀδύνῃ
2732 1744 2910 1817 ψυχῆς
2943 1759 3066 1816 μοψ
3111 1743 3270 1812 καίγε
3306 1743 3444 1814 αὑτὴ
3474 1743 3761 1797 ἀπέθανεν
3787 1745 3838 1793 ἐν

2255 1837 2488 1910 πονηρία
2521 1836 2650 1891 υίῶν
2674 1837 2859 1907 αὐτῆς.

2323 1930 2419 1983 IB'.
2461 1947 2480 1981 ι
2512 1927 2668 1983 Μετὰ
2709 1929 2767 1982 δὲ
2804 1928 2932 1990 τοὺς
2969 1926 3162 1998 λόγους
3207 1925 3451 1991 τούτους,
3491 1926 3840 1997 χηρευούσης

2251 2023 2352 2096 τῆς
2380 2022 2595 2093 Θάμαρ,
2639 2020 2778 2093 μετὰ
2815 2020 2908 2074 δύο
2945 2019 3037 2092 ἔτη
3078 2019 3375 2083 ἀκούσασα,
3418 2020 3501 2072 ὅτι
3536 2019 3837 2091 ἀνέρχομαι

2253 2119 2432 2187 κεῖραι
2477 2113 2548 2168 τὰ
2594 2112 2872 2185 πρόὸατα,
2925 2112 3260 2184 κοσμηθεῖσα
3311 2111 3502 2182 κόσμῳ
3547 2109 3834 2182 νυμφικῷ,

2252 2208 2505 2262 ἐκάθισεν
2539 2207 2800 2264 ἀπέναντι
2823 2209 2892 2281 τῇ
2917 2205 3068 2258 πόλει
3105 2204 3244 2276 πρὸς
3281 2203 3379 2274 τὴν
3419 2202 3620 2272 πύλην.
3658 2201 3835 2270 Νόμος

2251 2302 2361 2374 γὰρ
2398 2302 2760 2375 Ἀμορραίων,
2787 2302 2886 2376 τὴν
2923 2300 3203 2372 γαμούσαν
3245 2299 3579 2372 προκαθίσαι
3607 2301 3668 2351 ὲν
3706 2315 3831 2371 πορ-

2253 2395 2372 2468 νείᾳ
2408 2395 2548 2450 ἐπτὰ
2587 2396 2799 2468 ἡμέρας
2840 2393 2991 2466 παρὰ
3019 2394 3117 2467 τὴν
3159 2392 3349 2464 πύλην.
3395 2391 3716 2454 Μεθυσθεὶς
3748 2387 3832 2445 οὖν

2255 2487 2363 2557 ἐγὼ
2402 2491 2458 2543 ἐν
2499 2488 2653 2543 mam.
2693 2486 2914 2562 Χωζὴϐ,
2941 2488 3040 2541 οὐκ
3084 2487 3327 2555 ἐπέγνων
3369 2485 3544 2557 αὐτὴν
3592 2485 3704 2538 ἀπὸ
3743 2483 3830 2537 τοῦ

2254 2581 2417 2634 οἴνουο
2456 2581 2550 2636 καὶ
2581 2581 2830 2652 ἠπάτησέ
2858 2563 2924 2652 με
2953 2579 3014 2632 τὸ
3046 2577 3240 2642 κάλλος
3266 2578 3435 2649 αὐτῆς
3459 2577 3553 2630 διὰ
3579 2577 3677 2630 τοῦ
3709 2578 3830 2649 σχή-

2257 2691 2427 2746 ματος
2472 2675 2574 2745 τῆς
2616 2675 2957 2745 κοσμήσεως.
3003 2674 3116 2728 Kal
3163 2671 3414 2736 ἐκκλίνας
3455 2671 3601 2742 πρὸς
3639 2670 3830 2741 αὐτὴν,

2254 2762 2436 2819 εἷπον·
2479 2786 2497 2817 ι
2531 2764 2769 2819 Είσέλθω
2811 2765 2947 2837 πρὸς
2974 2765 3054 2821 σέ,
3085 2785 3103 2817 ι
3140 2765 3248 2818 Kal
3271 2760 3390 2817 εἶπέ
3431 2780 3545 2834 μοι’
3590 2782 3610 2814 ι
3641 2763 3709 2814 Τί
3750 2780 3834 2832 μοι

2253 2859 2475 2926 δώσειςς
2503 2878 2526 2912 ι
2560 2859 2672 2915 Kal
2702 2859 2878 2914 ἔδωκα
2909 2859 3047 2930 αὐτῇ
3081 2859 3178 2930 τὴν
3223 2856 3414 2930 ῥάϐδον
3447 2874 3576 2928 μου,
3606 2857 3704 2909 καὶ

2255 2950 2451 3022 ζώνην,
2476 2950 2570 3005 καὶ
2598 2948 2660 3001 τὸ
2693 2949 2930 3023 διάδημα
2954 2948 3054 3018 τῆς
3089 2947 3385 3018 βασιλείας·
3411 2946 3507 2998 κα)⁵
3533 2947 3615 3010 ὡς
3645 2946 3834 3016 συνῆλ-

2256 3041 2346 3094 θον
2374 3043 2532 3112 αὐτῇ,
2559 3040 2893 3111 συνείληφεν.
2937 3038 3168 3108 Ἀγνοιῖιν
3201 3039 3257 3092 δὲ
3277 3038 3305 3091 ὃ
3337 3037 3622 3109 ἐποίησεν,
3651 3037 3835 3108 ἤθελον

580 3129 832 3198 pignora,
885 3127 1093 3199 pudore
1131 3125 1356 3182 suffudit
1407 3141 1513 3182 me.
1565 3125 1781 3207 Vocans
1828 3141 1958 3182 vero
1999 3141 2152 3194 eam,

2259 3132 2425 3204 αὐτὴν
2441 3131 2664 3188 ἀνελεῖν·
2681 3131 2944 3202 πέμψασα
2961 3131 3016 3185 δὲ
3032 3133 3088 3184 ἐν
3104 3130 3328 3202 κρυπτῷ
3342 3130 3469 3194 τοὺς
3484 3130 3833 3201 ἀρραϐῶνας,

581 3219 765 3274 audivi
816 3227 872 3273 et
920 3217 1183 3288 mysticos
1230 3231 1534 3284 sermones,
1561 3233 1702 3288 quos
1745 3217 1963 3273 locutus
2006 3233 2151 3286 sum,

581 3307 864 3364 dormiens
911 3323 1036 3362 cum
1083 3322 1171 3373 ea,
1200 3307 1257 3362 in
1302 3307 1567 3363 ebrietate
1597 3322 1746 3374 mea;
1777 3295 1964 3363 etnon
2001 3307 2154 3377 potui

581 3401 836 3457 occidere
885 3416 1042 3467 eam,
1083 3402 1344 3471 quoniam
1371 3417 1403 3457 a
1432 3400 1666 3457 Domino
1706 3409 1846 3458 erat.
1895 3400 2152 3458 Dicebam

583 3504 763 3550 autem
793 3512 807 3548 :
831 3492 910 3548 Ne
941 3493 1081 3550 forte
1109 3495 1234 3551 dolo
1258 3510 1470 3550 mecum
1495 3503 1641 3566 agat,
1659 3493 1728 3548 ab
1751 3493 1857 3552 alia
1882 3493 2156 3566 accipiens

582 3587 802 3658 pignus.
838 3585 944 3642 Sed
975 3601 1152 3658 neque
1175 3586 1604 3657 appropinquavi
1638 3586 1688 3641 ei
1720 3586 1954 3656 amplius
1981 3602 2155 3658 usque

581 3680 651 3735 ad
697 3688 926 3735 mortem
978 3696 1191 3746 meam,
1241 3681 1500 3750 quoniam
1545 3681 2007 3736 abominatiouem
2050 3682 2155 3738 feci

583 3773 728 3826 hanc
757 3771 986 3828 inomni
1019 3771 1205 3828 Israel.
1237 3772 1304 3826 Et
1328 3772 1422 3842 qui
1453 3781 1612 3826 erant
1642 3773 1696 3826 in
1727 3774 1966 3840 civitate,
2003 3774 2153 3828 dice-

580 3862 716 3917 bant
734 3877 842 3918 non
865 3878 990 3918 esse
1011 3863 1064 3917 in
1098 3863 1318 3919 civitate
1345 3863 1764 3933 desponsatam;
1794 3865 2052 3933 quoniam
2087 3880 2155 3921 ex

582 3954 692 4010 alio
724 3954 846 4010 loco
877 3956 1102 4011 veniens
1133 3955 1202 4010 ad
1240 3955 1406 4010 breve
1450 3964 1669 4026 tempus
1698 3957 1839 4011 sedit
1871 3956 1930 4011 in
1959 3967 2150 4027 porta;

581 4054 638 4102 et
672 4046 1028 4113 existimavit,
1059 4046 1208 4117 quod
1241 4048 1424 4104 nullus
1450 4048 1706 4118 cognovit
1741 4062 1832 4102 me
1863 4047 2155 4104 intravisse

583 4145 651 4200 ad
682 4160 826 4201 eam.
854 4144 920 4200 Et
948 4155 1072 4216 post
1115 4146 1231 4200 haec
1266 4145 1515 4201 venimus
1542 4145 1598 4199 in
1635 4145 1930 4218 IEgyptum
1962 4144 2029 4200 ad
2063 4143 2156 4202 Jo-

583 4237 718 4307 seph
763 4245 988 4308 propter
1039 4236 1260 4292 famem.
1319 4236 1688 4307 Quadraginta
1739 4253 1836 4291 sex
1884 4251 2153 4291 annorum

581 4345 758 4396 cram,
781 4339 836 4385 et
865 4329 1206 4400 septuaginta
1233 4338 1343 4385 tres
1373 4345 1551 4385 annos
1579 4329 1689 4384 vixi
1719 4329 1848 4387 illic.

655 4421 794 4477 XIII.
823 4442 843 4476 ι
866 4421 934 4480 Et
961 4439 1107 4478 nunc
1134 4437 1474 4493 quascunque
1501 4436 1602 4492 ego
1626 4421 1783 4478 vobis
1809 4421 2032 4484 mando,
2053 4435 2154 4476 au-

2256 3223 2558 3295 κατῄσχυνέ
2601 3241 2688 3295 με.
2722 3222 2973 3286 Καλέσας
3004 3222 3061 3275 δὲ
3101 3220 3288 3291 αὐτὴν,
3317 3221 3524 3293 ἥκουσα
3578 3224 3677 3274 καὶ
3719 3224 3837 3286 τοὺς

2256 3319 2312 3370 ἐν
2348 3322 2629 3389 μυστηρίῳ
2669 3316 2876 3386 λόγους,
2904 3314 3018 3380 οὓς,
3050 3315 3323 3372 καθεύδων
3351 3314 3450 3366 σὺν
3483 3315 3653 3384 αὐτῇ,
3685 3316 3743 3366 ἐν
3775 3317 3838 3386 τῇ

2260 3407 2400 3483 μέθῃ
2427 3425 2528 3478 μου
2553 3406 2807 3478 ἐλάλησα·
2849 3406 2943 3459 καὶ
2972 3406 3072 3459 ούκ
3097 3405 3367 3478 ἠδυνήθην
3392 3404 3611 3466 ἀνελεῖν
3646 3406 3833 3475 αὐτὴν,

2254 3500 2336 3553 ὅτι
2370 3499 2520 3573 παρὰ
2550 3500 2756 3568 Κυρίου
2787 3494 2875 3572 ἧν.
2916 3499 3140 3567 Ἔλεγον
3166 3499 3294 3576 γάρ·
3331 3519 3351 3550 ‹
3381 3500 3616 3570 Μήποτε
3656 3501 3717 3552 ἐν
3754 3501 3835 3553 δο-

2255 3589 2459 3663 λιότητι
2478 3592 2719 3664 ἐποίησε,
2740 3591 2890 3664 παρὰ
2915 3591 3081 3663 ἄλλης
3100 3591 3336 3646 λαϐοῦσα
3359 3592 3450 3646 τὸν
3477 3593 3830 3664 ἀρραϐῶνα..

2270 3685 2406 3739 Ἀλλ’
2429 3685 2552 3739 οὐδὲ
2577 3687 2781 3756 ἥγγισα
2803 3687 2938 3757 αὐτῇ
2968 3685 3048 3738 ἔτι
3069 3685 3174 3749 ἕως
3198 3685 3428 3741 θανάτου
3455 3703 3587 3758 μου,
3611 3689 3696 3740 ὅτι
3726 3687 3836 3757 βδέ-

2255 3777 2438 3854 λυγμα
2468 3778 2700 3849 ἐποίησα
2733 3777 2890 3832 τοῦτο
2929 3781 2986 3832 ἐν
3019 3779 3180 3831 παντὶ
3217 3777 3450 3851 Ἰσραήλ.
3487 3780 3677 3850 Καίγε
3702 3784 3755 3834 οἱ
3784 3783 3835 3834 ἐν

2254 3873 2319 3942 τῇ
2369 3870 2520 3924 πόλει
2565 3869 2768 3940 ἔλεγον,
2811 3871 2885 3942 μὴ
2929 3866 3065 3924 εἶναι
3103 3873 3160 3925 ἐν
3207 3875 3278 3942 τῇ
3320 3871 3482 3930 πόλει
3516 3872 3835 3944 τελισκομέο

2255 3979 2351 4032 νην
2391 3961 2523 4034 (88)“
2561 3962 2642 4016 δτι
2675 3961 2734 4030 ἐξ
2771 3961 2930 4015 ἄλλου
2972 3962 3172 4035 χωρίου
3215 3961 3445 4016 ἐλθοῦσα
3485 3964 3632 4035 πρὸς
3665 3965 3835 4036 βραχὺ

2255 4055 2505 4110 ἐκάθισεν
2546 4057 2604 4110 ἐν
2648 4058 2715 4126 τῇ
2755 4055 2918 4130 πύλῃ·
2957 4057 3053 4109 καὶ
3089 4055 3335 4128 ἐνόμιζεν
3373 4056 3508 4128 (89),
3538 4059 3631 4111 ὅτι
3666 4059 3834 4123 midst;

2255 4148 2414 4216 ἔγνω,
2450 4148 2532 4201 ὅτι
2559 4146 2806 4218 εἰσῆλθον
2837 4148 2918 4211 είς
2950 4148 3138 4219 αὑτήν.
3174 4151 3284 4203 Καὶ
3317 4149 3454 4221 μετὰ
3477 4150 3660 4205 ταῦτα
3682 4152 3836 4223 ἤλθο-

2257 4257 2356 4309 μεν
2375 4240 2455 4302 εἰς
2476 4237 2746 4307 Αἴγυπτον
2772 4237 2908 4310 πρὸς
2936 4237 3131 4312 Ἰωσὴφ
3149 4239 3238 4293 διὰ
3258 4240 3349 4293 τὸν
3369 4240 3546 4312 λιμόν·
3575 4251 3677 4314 μς¹
3701 4245 3836 4298 ἐτῶν

2254 4332 2420 4406 ήμην,
2445 4331 2537 4382 καὶ
2565 4335 2644 4397 ογ¹
2667 4327 2838 4400 ἔζησα
2860 4331 2976 4383 ἐκεῖ
3005 4329 3121 4403 ἐτη.

2327 4419 2422 4471 ΙΓ’.
2463 4437 2481 4470 ι
2512 4419 2621 4474 Kal
2643 4417 2736 4474 νῦν
2763 4419 2863 4472 ὅσα
2888 4417 2998 4488 ἐγὼ
3021 4421 3150 4491 ὑμῖν
3173 4420 3509 4492 ἐντέλλομαι,
3537 4424 3833 4488 ἀκούσατε,

585 4512 697 4567 dite
733 4513 830 4570 ﬁlii
859 4516 989 4580 mei,
1025 4490 1220 4570 Iudam
1270 4490 1476 4584 patrem
1518 4490 1779 4580 vestrum,
1804 4525 1857 4568 et
1885 4512 2154 4568 custodite

2259 4509 2418 4566 τέκνα
2469 4526 2591 4579 μου,
2629 4508 2798 4563 Ἰούδα
2840 4508 2933 4565 τοῦ
2975 4511 3177 4582 πατρὸς
3215 4510 3388 4582 ὑμῶν,
3428 4515 3525 4566 καὶ
3559 4515 3832 4582 φυλάξατε

585 4619 779 4660 omnes
806 4621 1087 4661 sermones
1119 4621 1293 4672 meos,
1325 4607 1393 4660 ad
1423 4605 1730 4661 faciendum
1777 4620 1969 4659 omnes
1993 4603 2155 4674 justi-

585 4696 868 4752 licatioues
893 4696 1132 4765 Domini,
1158 4707 1214 4753 et
1237 4699 1306 4753 ad
1337 4698 1700 4754 obediendum
1729 4697 2003 4752 mandatis
2036 4697 2152 4752 Dei.

586 4786 655 4842 Et
695 4802 805 4841 non
845 4788 1138 4855 ambulctis,
1173 4799 1296 4859 post
1331 4790 1602 4844 desideria
1650 4799 1854 4854 vestra,
1892 4804 2067 4859 neque
2099 4789 2155 4843 in

587 4879 1010 4952 cogitationibus
1057 4881 1406 4936 consiliorum
1446 4891 1775 4946 vestrorum,
1805 4881 1862 4933 in
1901 4879 2157 4951 superbia

584 4970 770 5027 cordis
795 4970 984 5038 vestri,
1012 4979 1062 5026 et
1087 4986 1154 5024 ne
1181 4970 1484 5040 gloriemini
1519 4970 1575 5024 in
1598 4969 1854 5040 operibus
1879 4966 2157 5021 fortitudi-

656 5147 771 5221 (84)
813 5148 895 5221 ρὺ
951 5145 1061 5221 γᾴρ
1099 5145 1337 5221 ,ἢθελενμ
1380 5145 1542 5212 ἔχειν
1601 5144 1781 5221 τέκνα
1826 5142 2152 5221 ἀπἰαὑζῆς·

584 5235 754 5288 mure
790 5235 965 5282 ουτος
996 5235 1292 5270 απευανεν
1313 5235 1381 5267 εν
1406 5235 1676 5281 πονηρίᾳ.
1733 5235 1815 5265 αν
1852 5235 1977 5278 ταις
2017 5235 2153 5282 τιμε-ι

579 5309 714 5358 ραις
748 5288 853 5358 τοῦ
877 5285 1144 5358 θαλάμου
1165 5284 1610 5358 ὲπεπτὶμϐρειισα
1631 5282 1910 5358 adnith
1930 5282 2153 5358 Αὺιιάνο

589 5351 755 5429 beatis
781 5357 957 5429 obrog-
981 5351 1050 5410 ἐκ
1072 5351 1328 5429 πονηρίᾳ
1480 5355 1629 5429 ξγνῳ
1647 5353 1872 5429 αὐτὴν,
1899 5351 2156 5429 π-οιήσας

587 5422 708 5487 σὺιλ
728 5427 878 5496 αὐτῇ
904 5422 1200 5481 ἐνιαυτόν.
1227 5422 1336 5479 Καὶ
1360 5425 1459 5496 ὅτε
1482 5425 1785 5496 ἠπείλησα
1805 5422 2156 5496 adcelerar-

523 5516 532 5525 '
587 5501 736 5572 ἧρθε
760 5492 1082 5572 μὲῆαὐζιῇ,
1113 5496 1404 5572 διέφθειρε
1436 5495 1504 5572 {is
1537 5494 1601 5547 τὸ
1641 5492 1876 5572 σπέρμα
1910 5493 2006 5572 ὲίιὶ
2030 5492 2156 5572 ’τὴν

587 5561 723 5643 ᾧῆκ,
760 5561 911 5643 και-ὰ
953 5561 1067 5643 ιςὴῦ
1097 5561 1500 5643 ἐκτολὴῦχτῆς
1525 5562 1753 5643 μητρὸς
1780 5561 1982 5616 αὐτοῦ.
2029 5561 2153 5643 Ηωο

591 5643 644 5694 iu
685 5639 983 5692 Oxoniensi
1040 5639 1228 5692 codice
1274 5638 1414 5691 male
1465 5648 1592 5691 sunt
1647 5638 1848 5688 omissa
1885 5652 1897 5687 :
1939 5642 2155 5688 exstant

586 5725 717 5764 vero
749 5709 799 5760 iu
831 5723 898 5761 eo
935 5709 1215 5776 sequentia
1244 5706 1453 5775 εΚαίγε
1484 5701 1636 5768 οὗτος
1672 5703 1939 5758 ἀπέθανεν
1968 5705 2026 5758 ἐν
2059 5718 2154 5755 πο-

586 5777 769 5855 νηρίᾳ,
804 5793 925 5848 qua:
953 5775 1473 5850 in’Cantabt-igieusi
1505 5778 1718 5833 desunt.
1749 5775 1916 5836 Gnss.

790 5214 968 5290 οὗτος(
996 5215 1292 5290 ᾀπέθιινεν
1406 5217 1695 5290 πονηρίᾳ.-
1723 5215 1815 5290 ’ὶξν
1852 5214 1977 5290 rure
1994 5215 2158 5290 Δἡμέ..

2258 4601 2462 4664 πάντας
2486 4603 2612 4664 τοὺς
2637 4600 2825 4670 λόγους
2853 4619 2974 4672 μου,
3001 4601 3093 4654 τοῦ
3129 4607 3297 4656 ποιεῖν
3319 4603 3495 4658 πάντα
3520 4604 3592 4659 τὰ
3617 4607 3833 4660 δικαιώ-

2261 4710 2408 4764 ματα
2447 4694 2674 4764 Κυρίου,
2710 4695 2804 4748 καὶ
2845 4695 3138 4749 ὑπακούειν
3176 4695 3390 4759 ἐντολὰς
3429 4696 3590 4751 Θεοῦ.
3621 4701 3736 4752 Kal
3763 4701 3830 4770 μὴ

2258 4783 2552 4854 πορεύεσθε
2578 4783 2750 4838 ὀπίσω
2771 4785 2877 4838 τῶν
2901 4784 3201 4856 ἐπιθυμιῶν
3231 4786 3402 4858 ὑμῶν,
3431 4787 3572 4858 μηδὲ
3600 4790 3831 4861 ἐνθυμή-

2260 4889 2374 4925 σεσι
2399 4871 2712 4926 διαϐουλίων
2737 4873 2908 4944 ὑμῶν,
2931 4875 2988 4927 ἐν
3021 4875 3367 4948 ὑπερηφανίᾳ
3399 4878 3630 4948 καρδίας
3660 4881 3828 4951 ὑμῶν,

2257 4965 2351 5048 καῖ
2397 4965 2472 5038 μὴ
2514 4964 2788 5036 καυχᾶσθε
2828 4967 2886 5018 ἐν
2918 4964 3102 5037 ἔργοις
3138 4966 3316 5039 ίσχύος
3361 4968 3616 5039 νεότητος
3658 4971 3825 5042 ὑμῶν,

2325 5151 2438 5213 (85)
2469 5151 2702 5204 Corruit.
2739 5149 2794 5204 In
2821 5150 3026 5215 Grmco,
3063 5154 3317 5218 corrupit.
3355 5152 3430 5206 In.

2325 5221 2432 5288 (86)
2463 5223 2772 5293 Νεότητος.
2803 5221 2996 5292 Ψυχῆς
3022 5222 3116 5275 καὶ
3144 5221 3243 5290 τῆς
3267 5223 3537 5293 νεότητος.
3576 5224 3652 5278 In.

2323 5293 2434 5360 (87)
2469 5290 2595 5345 Post
2626 5292 2718 5345 Iros
2748 5290 2926 5346 autem
2954 5290 3235 5345 sermones.
3276 5290 3540 5347 Posthac.
3568 5295 3648 5348 In.

2324 5361 2438 5436 (8_8)_
2453 5363 2629 5415 Πόλει
2640 5363 3109 5436 ’τελισκομένηιξκ
3132 5361 3282 5436 Πύλῃ
3298 5363 3530 5416 τελωνου
3538 5365 3726 5435 μένην.
3745 5364 3819 5420 In.

2251 5466 2322 5475 —
2353 5432 2719 5517 Τελισκομένη
2738 5473 2752 5497 ,
2783 5447 2892 5517 ηομ
2933 5445 3017 5487 est
3044 5432 3393 5517 desportsata:
3423 5444 3484 5517 ut
3520 5432 3701 5517 reddit
3741 5437 3825 5517 ig-

2254 5515 2305 5558 te
2337 5520 2460 5573 pres
2502 5501 2725 5563 Latine,
2768 5504 2861 5559 sed
2914 5513 3164 5556 scortum.
3207 5503 3385 5559 Semel
3431 5505 3626 5574 legitur
3668 5507 3720 5559 in
3759 5505 3816 5559 S.

2255 5573 2452 5641 δοτῆρι.
2478 5574 2546 5628 de
2577 5583 2756 5628 scorto
2789 5574 3049 5628 masculo.
3080 5571 3293 5628 Denter.
3322 5591 3480 5639 χλιιι,
3509 5576 3592 5633 I8.
3627 5577 3816 5631 Alex.:

2251 5645 2530 5718 οὐκέσται
2557 5644 3092 5718 τελισκὸμενος-προς
3125 5646 3302 5718 πᾶσαν
3327 5645 3510 5718 εὐχήν,
3544 5646 3745 5704 Diues.

2323 5717 2436 5788 (89)
2465 5715 2572 5771 Καὶ
2597 5713 2878 5785 ἐνόμιζεν.
2907 5713 3179 5785 Νομίζων.
3216 5713 3384 5770 Gen.

2313 5898 2424 5914 .ἰΙι-ι.-.
2502 5902 2505 5903 ⁷
2526 5899 2528 5903 ¹
2561 5892 2592 5900 ’”
