4002 6308
236 300 367 361 ιοΠ
1458 293 1991 354 TESTAMENTUM
2025 295 2243 356 ιυΜξ.
3332 294 3505 350 4078;

229 416 308 470 6m
324 409 482 482 καίγα
512 410 668 469 τοῦτο
686 411 917 487 πονηρὸν
940 411 996 466 ὲν
1011 411 1305 483 ὀφθαλμοῖς
1330 410 1551 482 Κυρίου.
1588 409 1804 480 Ἐπειδὴ

1916 410 2002 467 uis
2026 411 2341 482 jurentutis
2359 420 2572 477 vestrae,
2603 410 2863 483 quoniam
2885 420 2940 467 et
2966 411 3087 466 hoc
3101 418 3186 466 est
3208 409 3481 480 pernicioa

231 502 333 575 γὰρ
364 500 518 572 κάγὼ
550 502 986 575 καυχησάμενος,
1027 502 1110 556 ὅτι
1143 501 1201 555 ὲν
1233 500 1493 571 πολέμοις
1524 502 1624 554 οὐκ
1655 499 1801 570 ἠπά-

1927 519 2028 558 ιιιω
2067 506 2121 558 in
2152 503 2603 560 oculisDomini.
2646 503 2785 570 Quia
2825 505 2970 559 enim
3000 511 3057 560 et
3085 518 3186 574 ego
3214 502 3507 590 gloriatus.

228 594 355 666 τησὲ
414 611 482 665 με
534 595 822 666 πρόσωπον
871 595 1127 665 γυναικὸς
1172 593 1481 665 εὐμόρφου,
1530 591 1806 655 ὠνείδιζον

1918 613 2053 664 sum,
2078 598 2223 667 quod
2252 598 2305 652 in
2344 598 2500 653 bellis
2537 614 2645 653 non
2686 598 2895 668 decepit
2922 613 3009 652 me
3038 597 3205 652 facies
3230 595 3498 650 mulieris.

240 688 477 759 Ῥουὸὴμ
506 687 598 740 τὸν
631 686 857 757 ἀδελφόν
893 705 993 759 μου
1021 688 1149 759 περὶ
1182 686 1389 750 Βάλλας
1416 685 1672 755 γυναικὸς
1699 701 1806 737 πα-

1913 688 2191 754 formosae,
2226 690 2428 759 probro
2476 689 2629 745 affeci
2674 688 2864 744 Ruben
2909 688 3131 743 fratrem
3180 702 3359 742 meum
3408 687 3476 742 de

227 781 349 853 τρός
377 797 499 851 μου’
526 778 703 833 καὶτὸ
730 778 945 850 πνεῦμα
976 778 1069 833 τοῦ
1104 779 1267 851 ζήλου
1302 779 1395 834 καὶ
1427 777 1527 847 τῆς
1555 777 1807 848 πορνείας

1917 779 2064 839 Balla
2106 797 2277 836 uxore
2314 782 2483 851 patris
2514 781 2620 836 mei
2650 800 2662 836 :
2689 790 2742 836 et
2767 781 2990 851 spiritus
3017 782 3116 835 zeli
3151 790 3206 835 et
3241 779 3476 834 fornica-

228 872 569 945 παρετάξατο
609 873 666 925 ὲν
700 873 841 943 ἐμοὶ,
869 871 973 935 ἕως
1004 871 1276 924 συνεπεσα
1316 872 1396 934 εἰς
1429 869 1677 940 Βησσουὲ
1707 868 1808 939 τὴν

1912 874 2078 929 tionis
2109 872 2355 928 constitit
2379 873 2435 926 in
2464 888 2571 939 me,
2600 872 2777 927 donec
2813 873 2977 926 incidi
3016 872 3068 925 in
3097 870 3296 925 Bessue
3329 868 3474 923 Cha-

226 962 555 1027 Χαναναίαν,
601 962 696 1016 καὶ
746 963 827 1025 εἰς
873 960 1071 1031 Θάμαρ
1120 961 1218 1033 τὴν
1254 960 1653 1032 νυμφευθεῖσαν
1695 961 1806 1023 τοῖς

1920 982 2178 1031 nameam,
2210 974 2264 1021 et
2292 966 2345 1019 in
2376 964 2615 1018 Thamar
2643 974 2864 1034 nuptam
2897 964 3022 1019 filiis
3052 964 3208 1018 meis.
3242 961 3308 1016 Et
3332 962 3481 1015 dice-

224 1057 357 1119 υἱοῖς
407 1071 527 1126 μου.
576 1054 687 1107 Καὶ
732 1052 917 1122 ἔλεγον
962 1052 1040 1123 τῷ
1076 1051 1322 1123 πενθερῷ
1365 1068 1488 1122 μουο
1518 1070 1537 1101 ι
1566 1049 1804 1121 Συμόου-

1911 1060 2034 1113 bam
2084 1074 2275 1113 socero
2329 1056 2871 1112 meozPersuadeho
2913 1056 3053 1126 patri
3104 1070 3255 1118 meo,
3301 1063 3355 1109 ct
3402 1053 3480 1108 ita

222 1144 399 1199 λεύσω
424 1143 500 1215 τῷ
532 1143 699 1212 πατρί
737 1160 861 1214 μου,
901 1144 995 1196 καὶ
1031 1141 1205 1206 οὕτως
1243 1141 1483 1215 λήψομαι
1516 1140 1612 1212 τὴν
1646 1140 1802 1211 θυγα-

1914 1149 2178 1218 accipiam
2212 1148 2377 1203 filiam
2406 1157 2576 1203 tuam.
2611 1147 2677 1204 Et
2705 1149 2941 1201 ostendit
2963 1148 3093 1203 mihi
3114 1147 3332 1201 nomine
3358 1144 3481 1199 filia:

219 1237 357 1308 τέρα
394 1254 507 1291 σου.
534 1256 553 1288 ι
586 1236 696 1288 Καὶ
727 1234 896 1301 ἔδειξε
932 1252 1020 1306 μοι
1046 1236 1133 1288 ἐπ’
1151 1235 1375 1306 ὀνόματι
1406 1234 1507 1305 τῆς
1540 1233 1799 1306 θυγατρὸς

1925 1258 2024 1297 tua:
2054 1242 2175 1296 auri
2201 1241 2601 1296 multitudinem
2636 1240 2931 1307 inﬁnitam;
2962 1249 3081 1296 erat
3101 1243 3243 1294 enim
3270 1254 3386 1293 rex.
3417 1236 3505 1291 Et.

224 1327 390 1383 αὑτοῦ
426 1326 627 1400 χρυσοῦ
655 1327 859 1398 πλῆθος
892 1327 1137 1399 ἄπειρον·
1162 1322 1230 1403 ἧν
1263 1326 1372 1399 γὰρ
1399 1325 1668 1397 βασιλεύς.
1699 1324 1804 1381 Καὶ

1911 1350 2037 1391 cum
2082 1343 2336 1391 ornasset
2371 1351 2490 1392 eam
2538 1351 2672 1391 auro
2710 1344 2766 1390 et
2803 1335 3133 1403 margaritis,
3159 1334 3285 1388 fecit
3324 1334 3482 1387 nobis

220 1421 393 1493 αὐτὴν
419 1422 701 1490 κοσμήσας
725 1422 781 1472 ὲν
802 1420 1008 1491 χρυσίῳ
1028 1419 1125 1475 καὶ
1149 1418 1534 1492 μαργαρίταις,
1558 1416 1800 1487 ἐποίησεν

1930 1429 2100 1483 riuum
2136 1428 2337 1484 eﬂ’undi
2362 1429 2416 1482 in
2447 1444 2625 1493 coma,
2656 1428 2708 1481 in
2738 1427 3140 1497 pulchritudine
3166 1426 3479 1479 mulierum.
3506 1480 3510 1483 Α

218 1517 354 1585 ἡμῖν
379 1515 636 1584 οἰνοχοεῖν
660 1515 716 1566 ὲν
736 1513 813 1583 τῷ
834 1513 1053 1585 δείπνῳ,
1081 1515 1137 1566 ὲν
1165 1511 1351 1567 κάλλει
1376 1511 1668 1578 γυναικῶν.
1698 1511 1798 1564 Kal

1912 1518 1979 1573 Et
2016 1521 2200 1574 vinum
2232 1521 2493 1590 pervertit
2534 1520 2724 1574 oculos
2756 1534 2930 1583 meos,
2954 1526 3008 1572 et
3041 1517 3355 1572 obscuravit
3386 1530 3483 1569 cor

217 1609 246 1662 6
277 1602 425 1671 οῐνος
472 1605 755 1678 διέστρεψέ
806 1624 897 1678 μοι
944 1607 1076 1670 τοὺς
1121 1604 1454 1677 ὀφθαλμοὺς,
1490 1607 1586 1660 καὶ
1628 1604 1797 1677 ἠμαύ-

1912 1626 2093 1666 tneum
2153 1611 2425 1680 voluptas.
2493 1609 2560 1664 Et
2605 1609 2925 1665 desiderans
2975 1625 3096 1663 eam
3148 1607 3384 1672 concidi,
3430 1615 3483 1661 et

221 1714 365 1769 ρωσε
391 1697 491 1770 τὴν
519 1698 745 1769 καρδίαν
783 1714 886 1768 μου
922 1698 954 1767 ἡ
995 1696 1172 1769 ἡδονή.
1213 1696 1325 1750 Καὶ
1351 1696 1602 1766 ἐρασθεὶς
1636 1695 1801 1765 αὐτῆς

1931 1720 2291 1775 ,ransgressus
2320 1721 2441 1759 sum
2474 1703 2791 1757 mandatum
2834 1701 3048 1757 Domini
3077 1701 3511 1759 ctmandatum.

217 1791 514 1858 συνέπεσα,
555 1791 649 1845 καὶ
681 1788 933 1861 παρέϐην
976 1788 1193 1859 ἐντολὴν
1217 1786 1448 1860 Κυρίου,
1475 1787 1570 1841 καὶ
1592 1785 1797 1857 ὲντολὴκ

1926 1806 2127 1866 patrum
2161 1811 2431 1861 meorum,
2457 1807 2509 1850 et
2554 1796 2739 1865 accepi
2779 1809 2899 1848 eam
2928 1794 2981 1847 in
3025 1810 3273 1851 uxorem.
3311 1793 3374 1849 Et
3399 1810 3506 1851 sem

214 1882 477 1955 πατέρων
516 1900 639 1953 μου,
680 1883 774 1935 καὶ
821 1880 1012 1935 ἔλαϐον
1060 1879 1231 1950 αὐτὴν
1268 1880 1349 1943 είς
1393 1881 1644 1947 γυναῖκα.
1700 1878 1794 1931 Ka‘

1911 1889 2150 1944 cundum
2186 1889 2478 1943 consilium
2515 1886 2699 1943 cordis
2727 1886 2833 1940 mei
2858 1886 3111 1940 retribuit
3142 1886 3274 1939 mihi
3300 1885 3484 1945 Domi:

214 1970 574 2031 ἁνταπὲδωκέ
605 1987 695 2042 μοι
720 1968 923 2041 Κύριος
958 1969 1100 2028 κατὰ
1123 1970 1186 2023 τὸ
1217 1967 1525 2025 διαϐούλιον
1548 1968 1651 2038 τῆς
1676 1984 1794 2038 καρ

1689 1984 1811 2038 ίαρ·
1912 1995 2040 2048 nus,
2068 1982 2330 2051 quoniam
2360 1995 2469 2035 non
2508 1980 2722 2035 lattatus
2749 1994 2869 2035 sum
2894 1979 2949 2033 in
2979 1978 3104 2034 ﬁliis
3132 1979 3269 2048 ejus.

213 2059 337 2125 δίας
369 2078 495 2132 μου,
516 2060 597 2113 ὅτι
622 2060 722 2113 οὐκ
743 2060 1049 2132 εύφράνθην
1073 2060 1130 2114 ὲν
1149 2062 1261 2123 τοῖς
1280 2059 1491 2121 τέκνοις
1510 2058 1700 2127 αὐτῆς.

288 2153 388 2205 ΙΔ’.
427 2172 446 2203 t
479 2152 592 2206 Καὶ
627 2150 746 2218 νῦν,
788 2151 955 2206 τέκνα
998 2169 1123 2223 μου,
1153 2150 1227 2223 μὴ
1271 2149 1610 2223 μεθύσκεσθε
1654 2149 1805 2219 οἴνῳο

1980 2138 2123 2193 ΧΠ.
2162 2157 2187 2190 (η
2217 2137 2281 2192 Et
2307 2153 2473 2200 nunc,
2520 2136 2617 2191 ﬁlii
2668 2135 2797 2203 mei,
2831 2151 2901 2192 ne
2931 2133 3273 2191 inebriemini
3317 2132 3480 2199 vino;

214 2244 300 2297 ὅτι
327 2239 474 2308 οἶνος
504 2243 818 2314 διαστρέφει
838 2244 928 2297 τὸν
958 2243 1081 2297 νοῦν
1111 2243 1222 2303 ἀπὸ
1273 2242 1375 2312 τῆς
1412 2240 1691 2312 ἀληθείας,
1717 2239 1794 2293 κατ

1916 2232 2172 2302 quoniam
2204 2231 2391 2285 vinum
2448 2231 2650 2287 avertit
2705 2230 3041 2285 intellectum
3072 2244 3102 2283 a
3132 2229 3382 2294 veritate,
3431 2236 3496 2283 ct!

214 2333 481 2405 ἐμϐάλλει
508 2333 682 2404 ὀργὴν
729 2333 838 2403 (90)
866 2333 1182 2405 ἐπιθυμίας,
1226 2334 1321 2387 καὶ
1362 2334 1650 2405 ὁδηγεῖοείς
1676 2332 1794 2385 πλά-

1914 2324 2157 2381 immittit
2182 2325 2319 2378 iram
2350 2322 2631 2389 desiderii,
2654 2331 2708 2377 et
2738 2323 2890 2379 ducit
2916 2322 2969 2377 in
2995 2337 3236 2378 errorem
3267 2323 3481 2377 oculos.

213 2440 319 2495 νην
352 2424 479 2487 τοὺς
523 2422 855 2494 ὀφθαλμούς.
890 2423 962 2476 Τὸ
992 2423 1100 2495 γάρ
1142 2422 1358 2495 πνεῦμα
1405 2424 1501 2494 τῆς
1553 2420 1793 2493 πορνείας

1918 2416 2151 2487 Spiritus
2177 2416 2323 2472 enim
2353 2414 2731 2471 fornicationis
2756 2414 2944 2469 vinum
2993 2423 3054 2469 ut
3079 2414 3392 2469 ministrum
3413 2411 3498 2468 ad.

211 2514 311 2569 τὸν
361 2509 501 2569 οἶνον
528 2553 543 2581 ,
593 2514 668 2578 ὡς
723 2514 967 2575 διάκονον
1014 2515 1151 2587 πρὸς
1187 2514 1287 2580 τὰς
1325 2514 1517 2586 ἡδονὰς
1563 2513 1676 2583 ἔχει
1712 2512 1791 2573 τοί

1912 2510 2219 2582 voluptates
2251 2509 2416 2566 habet
2446 2510 2682 2577 mentis;
2717 2509 2979 2579 quoniam
3009 2518 3065 2564 et
3099 2509 3209 2563 duo
3241 2508 3359 2562 haec
3384 2522 3483 2563 au-

211 2607 373 2671 νοόςο
403 2607 485 2661 ὅτι
528 2606 684 2676 καίγε
712 2606 780 2661 τὰ
817 2607 909 2662 δύο
940 2608 1117 2662 ταῦτα
1146 2608 1421 2677 ὰφιστῶσι
1451 2607 1550 2679 τὴν
1580 2606 1791 2676 δύναμιγ

1910 2602 2094 2659 ferunt
2126 2602 2424 2673 potentiam
2462 2600 2719 2656 hominis.
2776 2600 2834 2656 Si
2870 2601 3015 2655 enim
3046 2599 3245 2669 aliquis
3288 2598 3485 2654 biberit

210 2697 315 2752 τοῦ
354 2698 663 2771 ἀνθρώπου.
710 2700 835 2762 Ἐὰν
865 2701 972 2773 γάρ
991 2718 1075 2765 τις
1108 2700 1207 2774 πίῃ
1238 2694 1381 2754 οἶνον
1412 2700 1492 2764 εἰς
1523 2699 1724 2770 μέθην,
1750 2698 1790 2749 ὲ¹

1910 2697 2100 2752 vinum
2126 2696 2179 2750 in
2204 2695 2550 2762 ebrietatem,
2585 2693 3008 2764 cogitationibus
3058 2693 3301 2747 sordidis
3348 2706 3484 2746 con-

209 2790 592 2861 διαλογισμοῖς
646 2795 912 2864 ῥυπαροῖς
970 2773 1333 2863 συνταράσσει
1386 2790 1477 2844 τὸν
1541 2789 1665 2844 νοῦν
1720 2791 1789 2854 εἰς

1910 2790 2097 2846 turbat
2119 2789 2451 2846 intellectum
2480 2789 2533 2844 in
2562 2787 3002 2851 fornicationem,
3017 2794 3072 2839 et
3093 2783 3341 2839 accendit
3360 2798 3483 2837 cor-

213 2881 501 2952 πορνείαν,
531 2882 624 2935 καὶ
654 2866 1002 2954 ἐκθερμαίνει
1027 2883 1089 2934 τὸ
1118 2883 1383 2953 σῶμαλείς
1413 2882 1560 2954 μίξιν
1580 2900 1594 2915 ’
1640 2884 1734 2937 καὶ
1759 2900 1786 2936 ε

1910 2899 2013 2954 pus
2037 2884 2108 2940 ad
2136 2883 2444 2938 mistionem
2468 2900 2483 2949 ;
2520 2890 2574 2937 et
2609 2881 2656 2936 si
2684 2881 2838 2936 adest
2858 2878 3111 2934 desiderii
3143 2891 3332 2939 causa,
3355 2890 3485 2944 ope-

213 2970 458 3042 πάρεστι
479 2971 540 3023 τὸ
559 2972 660 3041 τῆς
685 2971 982 3043 ἐπιθυμίας
1011 2972 1207 3037 αἴτιον,
1240 2973 1475 3045 πράσσει
1510 2974 1610 3043 τὴν
1638 2973 1793 3043 ἁμαρ

1911 2986 2064 3031 ratur
2092 2982 2398 3045 peccatum,
2421 2983 2483 3030 et
2498 2988 2608 3028 non
2638 2970 2972 3028 suffunditur
2993 2970 3219 3039 pudore.
3252 2966 3381 3020 Tale
3400 2973 3484 3021 est

211 3062 342 3115 τίαν
372 3062 506 3134 (91),
539 3066 631 3117 καὶ
658 3064 757 3117 οὐκ
783 3065 1111 3135 αἰσχύνεται.
1132 3064 1385 3128 Τοιοῦτός
1411 3066 1558 3117 ἐστιν
1583 3064 1611 3116 6
1634 3060 1791 3128 oivog.

1910 3069 2122 3135 vinum,
2164 3066 2263 3122 ﬁlii
2310 3065 2440 3134 mei,
2478 3064 2737 3136 quoniam
2782 3061 2968 3117 ebrius
3017 3060 3155 3115 nihil
3183 3057 3479 3114 erubescit.

212 3130 389 3208 τέκνα
440 3130 578 3226 μου,
609 3156 691 3209 ὅτι
727 3157 754 3207 6
787 3130 1002 3227 μεθύων
1049 3157 1202 3210 οὐδὲν
1245 3157 1497 3211 αἰδεῖται.
1538 3156 1668 3208 Ἰδοὺ
1701 3155 1792 3226 γὰρ

1911 3160 2052 3218 Ecce
2081 3161 2230 3216 enim
2269 3168 2324 3216 et
2350 3175 2437 3215 me
2465 3174 2651 3215 errare
2691 3156 2837 3223 fecit,
2869 3165 2928 3211 ut
2955 3170 3063 3210 non
3101 3154 3482 3209 erubescerem

215 3246 366 3318 κάμὲ
411 3247 702 3318 ὲπλάνησε,
736 3248 809 3318 μὴ
840 3248 1193 3318 αίσχυνθῆναι
1216 3248 1419 3319 πλῆθος
1448 3249 1506 3301 ἐν
1526 3249 1592 3318 τῇ
1625 3245 1795 3299 πόλειε

1911 3254 1982 3311 ob
2004 3253 2409 3309 multitudinem
2435 3252 2493 3307 in
2515 3250 2764 3316 civitate;
2796 3247 3053 3318 quoniam
3082 3247 3135 3300 in
3160 3244 3334 3300 oculis
3364 3259 3484 3298 om-

210 3336 297 3393 ὅτι
331 3339 390 3390 ὲν
416 3338 717 3410 ὀφθαλμοῖς
748 3341 964 3394 πάντων
1002 3341 1251 3407 ἐξέκλινα
1289 3340 1426 3411 πρὸς
1458 3340 1556 3410 τὴν
1588 3338 1785 3411 Θάμαρ

1909 3344 2068 3398 nium
2111 3343 2380 3399 declinavi
2432 3342 2500 3397 ad
2531 3340 2791 3405 Thamar,
2826 3350 2881 3395 et
2908 3338 3009 3394 feci
3055 3345 3336 3407 peccatum
3363 3351 3480 3389 mav-

212 3429 310 3485 καὶ
351 3431 587 3500 ἐποίησα
620 3434 895 3504 ἁμαρτίαν
940 3435 1202 3505 μεγάλην,
1237 3435 1332 3487 καὶ
1360 3432 1675 3503 ἀνεκάλυψα
1704 3432 1792 3485 κά-

1910 3449 2099 3504 gnum,
2150 3442 2206 3488 et
2256 3431 2490 3488 revelavi
2537 3431 2783 3485 velamen
2834 3426 3193 3483 immunditia:
3244 3424 3482 3479 lilinrum

210 3519 412 3595 λυμμα
438 3524 777 3596 ἀκαθαρσίας
818 3526 948 3580 υίῶν
989 3543 1106 3597 μου.
1135 3525 1282 3580 Πιὼν
1303 3522 1463 3591 οἶνον,
1488 3526 1589 3579 οὐκ
1609 3526 1790 3596 ὴσχύν·

1910 3541 2182 3582 meorum.
2214 3524 2352 3580 Cum
2389 3524 2633 3579 biberem
2682 3522 2893 3587 vinum,
2939 3536 3050 3575 non
3089 3517 3484 3574 verecundatus

212 3613 315 3686 θην
348 3617 452 3689 τὴν
481 3617 696 3689 ἐντολὴν
716 3618 809 3671 τοῦ
842 3618 998 3683 Θεοῦ,
1024 3620 1119 3679 καὶ
1145 3618 1335 3672 ἔλαϐον
1364 3622 1600 3688 γυναῖκα
1628 3620 1792 3673 Χανα-

1910 3633 2032 3674 sum
2061 3618 2378 3671 mandatum
2410 3614 2827 3684 Dci,_etaccepi.
2846 3628 3072 3669 uxorem
3095 3612 3478 3667 Chananaeam.

211 3708 400 3762 ναίαν.
420 3709 696 3774 Συνέσεως
725 3710 832 3780 γὰρ
862 3710 1062 3783 χρῄζει⁴
1080 3714 1107 3765 6
1140 3710 1277 3764 πιὼν
1306 3709 1467 3773 οἶνον,
1497 3710 1664 3764 τέκνα
1683 3728 1784 3781 μου

1911 3709 2142 3780 Propter
2171 3709 2318 3779 quod
2350 3707 2628 3764 intellectu
2667 3722 2806 3775 Opus
2859 3705 3042 3771 habet,
3091 3705 3186 3773 qui
3235 3703 3370 3757 bibit
3402 3702 3480 3757 vi-

212 3799 309 3851 καὶ
339 3798 485 3869 αῦτη
511 3801 660 3855 ἐστὶν
685 3803 723 3873 ἡ
746 3802 959 3866 σύνεσις
979 3803 1080 3873 τῆς
1100 3804 1433 3867 οἱνοποσίας,
1456 3802 1543 3856 ἵνα
1558 3802 1663 3866 ἕως
1684 3803 1792 3857 ὃτοι

1911 3818 2065 3868 num,
2094 3802 2188 3855 lilii
2222 3799 2358 3866 mei;
2394 3808 2447 3854 et
2476 3799 2524 3855 is
2545 3807 2629 3854 est
2662 3797 2971 3852 intellectus
3005 3796 3117 3850 vini
3150 3793 3480 3864 potationis.

212 3888 330 3961 εχει
362 3890 521 3954 αίὸὼ,
552 3892 651 3965 πίῃ
670 3910 683 3923 ε
718 3893 811 3946 ἐὰν
837 3893 893 3946 δὲ
918 3893 1165 3967 παρέλθῃ
1193 3895 1283 3949 τὸν
1318 3895 1451 3967 ὅρον
1467 3893 1677 3961 τοῦτον,
1712 3897 1792 3966 ἑμ-

1912 3894 2252 3964 ut-quandiu
2286 3893 2451 3948 habet
2491 3890 2950 3953 erubescentiam,
3005 3888 3192 3950 bibat;
3250 3887 3297 3942 si
3353 3901 3480 3941 vero

215 3982 413 4037 ϐάλλει
436 3984 517 4048 εἰς
546 3985 639 4039 τὸν
663 3984 789 4039 νοῦν
817 3985 880 4039 τὸ
910 3984 1125 4056 πνεῦμα
1160 3986 1260 4057 τῆς
1289 3987 1517 4059 πλάνης,
1545 3988 1640 4041 καὶ
1668 3990 1795 4041 ποιεῖ

1913 3996 2153 4044 transeat
2178 3985 2473 4040 terminum
2488 3983 2654 4050 hunc,
2671 3983 2912 4037 immittit
2932 3982 2985 4036 in
3009 3980 3337 4037 intellectum
3368 3981 3483 4048 spi-

214 4076 310 4130 τὸν
346 4075 584 4148 μέθυσον
614 4078 1130 4150 αἰσχρορῤημονεῖν,
1170 4080 1266 4134 καὶ
1314 4083 1682 4153 παρανομεῖν,
1716 4083 1794 4135 κατ

1910 4083 2078 4138 ritum
2112 4080 2335 4148 erroris,
2367 4079 2461 4150 qui
2497 4078 2628 4133 facit
2655 4078 2868 4133 ebrium
2893 4075 3072 4145 turpia
3103 4074 3273 4144 loqui,
3298 4082 3353 4128 et
3377 4073 3482 4127 ini-

219 4169 296 4239 μὴ
333 4167 713 4239 αἰσχύνεσθαι,
751 4170 866 4223 ἀλλ’
899 4172 1270 4242 ὲγκαυχᾶσθαι
1297 4175 1365 4244 τῇ
1407 4172 1621 4246 ἀτιμίᾳ,
1658 4174 1799 4245 νομί-

1911 4190 2021 4245 qua
2082 4188 2263 4244 agere,
2314 4181 2369 4227 et
2410 4187 2517 4229 non
2547 4168 3048 4234 verecundari,.sed
3085 4176 3141 4222 et
3169 4166 3388 4239 gloriari
3425 4164 3480 4218 in

214 4257 383 4323 ζοντα
414 4256 554 4313 εἶναι
584 4260 768 4316 καλόν.

1912 4267 2234 4337 ignominia,
2272 4264 2675 4320 existimantem
2698 4276 2820 4317 esse
2850 4262 3073 4315 bonum.

290 4352 397 4405 IE'.
438 4370 457 4403 ι
510 4351 568 4404 '0
607 4352 910 4421 πορνεύων,
968 4354 1063 4408 καὶ
1100 4354 1476 4426 γυμνούμενος
1512 4356 1613 4427 τῆς
1652 4354 1807 4427 βασι-

1983 4356 2100 4412 XV.
2128 4377 2147 4409 ι
2177 4355 2282 4423 Qui
2320 4354 2651 4421 fornicatur,
2676 4363 2732 4409 et
2776 4352 3013 4408 nudatus
3052 4365 3240 4421 regno,
3271 4347 3479 4419 egredi-

212 4439 375 4504 λείας
409 4440 542 4512 (92),
567 4440 848 4512 ἐξέρχεται
867 4443 998 4514 (95),
1029 4444 1317 4508 δουλωθεὶς
1344 4448 1409 4516 τῇ
1443 4446 1691 4519 πορνείᾳ,
1732 4447 1792 4510 ὡς

1912 4460 2023 4516 tur,
2061 4464 2253 4504 servus
2282 4447 2507 4503 eifectus
2528 4444 2905 4510 fornicationi,
2937 4443 3081 4498 sicut
3100 4451 3154 4497 et
3176 4455 3278 4512 ego
3309 4439 3480 4494 nuda-

215 4531 382 4600 κάγὼ
414 4532 741 4604 γυμνωθείς.
772 4535 988 4591 Ἐδωκα
1021 4535 1129 4608 γὰρ
1148 4538 1246 4608 τὴν
1282 4538 1475 4609 ῥάϐδον
1503 4556 1625 4610 μου,
1650 4556 1795 4593 τουτ-

1914 4552 2001 4597 tus
2036 4556 2180 4596 sum.
2214 4539 2345 4595 Dedi
2375 4538 2520 4594 enim
2550 4538 2720 4607 (aliis)
2761 4536 2971 4605 virgam
3003 4549 3202 4597 meam,
3236 4532 3340 4587 hoc
3373 4540 3476 4597 est,

211 4622 360 4690 ἐστι,
392 4623 454 4676 τὸ
484 4626 761 4697 στήριγμα
802 4627 898 4698 τῆς
944 4628 1081 4699 ἐμῆς
1122 4628 1320 4700 φυλῆςο
1355 4631 1448 4683 καὶ⁹
1486 4632 1585 4703 τὴν
1634 4630 1791 4705 ζὼνηγ

1912 4635 2314 4690 firtnamcntum
2334 4646 2465 4685 mea:
2494 4629 2702 4694 tribus;
2720 4637 2774 4683 et
2794 4642 3001 4681 zonam.
3016 4640 3218 4691 meam,
3252 4625 3355 4679 hoc
3374 4633 3476 4690 est,

215 4732 361 4788 μου,
405 4717 674 4783 τουτέστι,
712 4717 966 4789 δύναμιν
1002 4720 1095 4773 καὶ
1134 4720 1195 4773 τὺ
1244 4721 1502 4794 διάδημα,
1536 4724 1795 4790 τουτέστι,

1910 4724 2245 4795 potentiam;
2274 4732 2328 4778 ct
2357 4723 2629 4787 diadema,
2669 4722 2771 4776 hoc
2802 4728 2885 4775 est
2915 4719 3141 4791 gloriam
3172 4718 3321 4790 regni
3348 4716 3474 4771 mei.

214 4809 320 4881 τὴν
352 4809 512 4875 δόξαν
539 4810 641 4881 τῆς
672 4810 949 4881 βασιλείας
977 4830 1097 4883 μου.
1126 4814 1301 4883 Καίγε
1343 4817 1682 4889 μετανοήσας
1713 4818 1794 4872 sui

1913 4816 1979 4871 Et
2010 4816 2278 4887 pmnitens
2298 4816 2365 4871 de
2394 4815 2499 4881 his,
2532 4814 2719 4868 vinum
2750 4822 2804 4867 et
2827 4828 3022 4868 carnes
3050 4827 3160 4867 non
3207 4808 3477 4879 assumpsi

216 4899 461 4964 τούτοις,
480 4895 619 4953 οἶνον
637 4900 731 4957 καὶ
750 4900 916 4973 κρέας
929 4901 1027 4953 οὐκ
1043 4900 1229 4955 ἔλαϐον
1244 4902 1349 4966 ἕως
1371 4903 1445 4973 γῆ
1453 4920 1570 4975 ρας,
1588 4904 1682 4957 καὶ
1698 4904 1796 4957 πᾶ-

1910 4924 2085 4978 usque
2113 4909 2181 4962 ad
2207 4915 2580 4973 senectutem,
2615 4914 2671 4959 et
2699 4920 2917 4960 omnem
2971 4903 3210 4959 laetitiam
3246 4901 3473 4957 nescivi.

219 5008 330 5045 σαν
360 4991 699 5063 εὐφροσύνην
734 4994 835 5046 ούκ
862 4987 1023 5048 εἶδον.
1054 4995 1163 5047 Καὶ
1190 4994 1360 5061 ἔδειξε
1397 5012 1488 5065 μοι
1520 4997 1549 5048 6
1573 4994 1799 5065 ἄγγελος

1908 5000 1979 5057 Et
2009 5000 2249 5055 ostendit
2279 4999 2413 5054 mihi
2439 4997 2664 5068 angelus
2691 4995 2807 5061 Dei,
2838 4996 2985 5067 quod
3008 5010 3181 5065 usque
3223 4994 3275 5049 in
3303 5006 3474 5047 saecu-

216 5083 316 5136 τοῦ
335 5082 494 5147 Θεοῦ,
526 5083 605 5137 ὅτι
620 5083 725 5147 ἕως
739 5081 833 5136 τοῦ
859 5083 1073 5148 αἰῶνος,
1089 5085 1188 5139 κᾶν
1207 5085 1434 5156 βασιλεῖ,
1458 5085 1559 5140 κᾶν
1581 5089 1796 5160 πτωχῷ,

1908 5097 2049 5160 lum,
2081 5104 2134 5149 et
2156 5094 2360 5163 regi,et
2377 5091 2620 5161 pauperi,
2658 5089 2916 5144 mulieres
2941 5087 3391 5151 dominabuntur;
3418 5091 3473 5137 et

218 5175 280 5228 αἱ
316 5177 574 5243 γυναῖκες
616 5176 1135 5246 κατακυριεύσουσι,
1168 5179 1261 5230 καὶ
1290 5177 1384 5231 τοῦ
1420 5178 1517 5249 μὲν
1539 5179 1798 5249 βασιλέως

1908 5187 2059 5257 regis
2079 5185 2299 5255 quidem
2327 5183 2518 5237 tollent
2543 5180 2770 5252 gloriam
2796 5188 2850 5233 et
2874 5178 3048 5232 virilis
3070 5174 3386 5247 potentiam,
3417 5181 3470 5227 et

221 5264 424 5336 ἀροῦσι
446 5266 546 5339 τὴν
576 5266 754 5333 δόξαν,
787 5266 881 5321 τοῦ
911 5268 967 5320 δὲ
1014 5269 1259 5341 ἀνδρείου
1297 5270 1394 5342 τὴν
1423 5272 1647 5343 δύναμιν
1668 5315 1681 5338 ,
1711 5276 1801 5328 καὶ

1724 5276 1805 5328 tat
1914 5278 2169 5351 pauperis
2196 5275 2531 5349 paupertatis
2560 5272 2847 5328 minimum
2885 5269 3304 5323 firmamentum.

216 5358 318 5413 τοῦ
359 5358 576 5431 πτωχοῦ
626 5360 688 5413 τὸ
729 5360 829 5432 τῆς
878 5363 1152 5432 πτωχείας
1194 5362 1476 5435 ἐλάχιστον
1508 5356 1800 5441 στήριγμα.

301 5514 416 5612 φρ)
467 5516 691 5586 Ὀργήν.
715 5516 978 5588 Suspicor
998 5517 1285 5589 legendum
1310 5523 1508 5593 ὁρμήν,
1527 5522 1798 5591 impetum.

1910 5546 2067 5599 μενος
2089 5529 2187 5612 οὐκ
2213 5526 2543 5610 αἰσθάνεται,
2570 5524 2663 5576 καὶ
2686 5518 2869 5605 άδοξον
2889 5519 2988 5571 ούκ
3004 5514 3335 5612 αἰσχύνεξαι.
3355 5511 3469 5565 Κᾶν

220 5585 413 5675 anili.
467 5660 505 5675 ..
684 5659 697 5675 ,
833 5660 888 5675 ..η
958 5661 982 5675 ,ι
1076 5661 1088 5675 ,
1201 5660 1216 5675 .
1343 5584 1394 5593 Π
1442 5584 1452 5592 Ι
1495 5584 1501 5587 ﬁ
1602 5584 1612 5591 ’
1904 5584 2012 5670 γάρ
2034 5584 2471 5675 ἐιςᾼβασιλεύσῃ,
2512 5584 2786 5675 πορνεύων
2814 5587 3198 5660 γυμνούμενος.
3230 5584 3306 5639 in.

299 5656 416 5785 (θιζ
467 5659 793 5727 Ἀλιαρτίαν.
833 5660 1174 5734 Ἐπιθυμίαν.
1201 5660 1274 5716 In.

300 5726 395 5785 (973
454 5729 564 5784 Καὶ
592 5732 1000 5785 γυανούιιενοτ-
1046 5731 1154 5785 τῆ(-
1180 5733 1514 5785 γϐασιλείατ.
1568 5736 1796 5785 Ζτξιιιού-

1201 5660 1274 5716 In.
1916 5656 1927 5668 '
1979 5656 2486 5740 (υδ>”ὶςξέρχετᾶέ.
2519 5656 2646 5718 05x.
2686 5662 2762 5717 In.

1182 5733 1514 5785 ϐασιλεῖαι.
1568 5736 1796 5785 Ζτξιιιού-

300 5729 416 5799 (9'2)
454 5729 564 5784 Καὶ
592 5732 1000 5801 γυμνούμενος
1029 5729 1154 5801 ’τῆς
1179 5733 1514 5801 βασιλείας.
1568 5736 1796 5808 Ζημιού-
