4002 6308
507 264 646 321 1079

1538 261 2003 320 TESTAMENTA
2039 262 2136 318 XII
2170 264 2785 334 PATRIARCBARL‘M,

3637 276 3663 327 ἱ
3673 274 3771 328 0).ίέ

578 381 723 438 XVI.
753 400 772 434 ‹
811 382 1095 439 Custodite
1115 398 1267 454 ergo,
1311 382 1407 439 ﬁlii
1451 383 1589 450 mei,
1622 384 1915 438 terminum
1947 383 2079 436 vini.

2263 386 2345 452 1C:
2347 391 2379 438 α.
2446 408 2466 439 ‹
2505 385 2848 441 Φυλάσσεσθε
2877 379 2989 449 οὖν,
3010 366 3199 441 ’τέκνα
3232 404 3353 459 μου,
3383 386 3481 442 τὸν
3504 390 3633 462 ὅρον
3683 389 3777 442 τοῦ

510 472 655 529 Sunt
680 474 827 528 enim
874 475 927 528 in
950 490 1015 529 eo
1050 483 1285 544 quatuor
1330 474 1558 544 spiritus
1605 475 2081 543 perniciosi;con-

509 566 881 636 cupiscentize.
911 566 1378 632 inﬂammationis,
1412 566 1666 631 luxuriae,
1692 576 1746 621 et
1775 567 1950 636 turpis
1994 566 2081 619 lu-

510 660 610 714 cri.
662 658 718 712 Si
765 659 965 714 bibatis
1008 658 1195 726 vinum
1252 658 1307 712 in
1349 659 1555 723 la‘titia,
1602 675 1725 712 cum
1767 660 1960 712 timore
1988 656 2078 711 Dei

509 751 913 818 erubescentes,
964 750 1177 806 vivetis.
1210 749 1265 805 Si
1312 753 1456 805 enim
1507 750 1705 804 bibatis
1746 766 1853 804 non
1889 750 2085 804 erube-

511 852 747 909 scentes,
774 852 829 898 et
853 844 1068 898 recedat
1101 841 1193 897 Dei
1222 842 1404 905 timor,
1425 842 1541 910 jam
1570 841 1799 896 eﬁicitur
1822 842 2081 906 ebrietas,

508 945 562 989 et
609 936 883 990 subintrat
926 934 1333 990 inverecundia.
1388 932 1446 987 Si
1494 949 1625 988 vero
1658 948 1832 1004 neque
1859 935 2086 989 omnino

510 1026 707 1082 bibetis
748 1028 885 1097 (95),
916 1038 976 1083 ut
1020 1043 1126 1082 non
1158 1027 1391 1097 peccetis
1419 1027 1474 1081 in
1505 1028 1687 1082 verbis
1714 1028 2083 1093 contumeliae,

510 1131 566 1176 et
594 1136 807 1190 pugnat,
844 1130 897 1175 et
920 1120 1229 1188 calumnize,
1274 1130 1328 1175 et
1372 1121 1829 1190 transgressionis
1860 1121 2089 1176 manda-

512 1222 692 1267 torum
732 1212 848 1277 Dei,
878 1220 932 1267 et
962 1213 1196 1282 pereatis
1244 1222 1371 1267 ante
1412 1222 1628 1282 tempus
1658 1221 1924 1267 vestrum.
1951 1210 2087 1266 Nam

514 1306 770 1375 mysteria
805 1304 897 1359 Dei
922 1313 976 1360 et
1004 1305 1284 1359 hominum
1315 1305 1508 1360 alienis
1536 1304 1735 1359 revelat
1764 1305 1952 1359 vinum
2002 1303 2085 1373 (ut

511 1407 565 1453 et
595 1413 695 1466 ego
724 1397 978 1451 mandata
1001 1396 1094 1452 Dei
1119 1406 1174 1451 et
1196 1399 1451 1468 mysteria
1477 1397 1645 1453 Jacob
1673 1399 1842 1467 patris
1866 1395 1971 1452 mei
1999 1410 2087 1452 τε-

512 1488 684 1543 velavi
709 1488 1048 1543 Chananitidi
1087 1488 1309 1560 Bessue)
1343 1489 1543 1560 quibus
1566 1490 1736 1547 vetuit
1767 1489 1909 1544 Deus
1936 1505 2088 1545 reve-

512 1576 643 1631 lare.
702 1576 807 1632 Sed
837 1587 891 1633 et
921 1578 1043 1633 belli
1096 1586 1149 1630 et
1177 1579 1612 1634 conturbationis
1661 1594 1827 1634 causa
1856 1578 2092 1634 efﬁcitur

512 1684 721 1722 Vlllllm.

2184 475 2353 530 οἴνου.
2385 477 2545 529 Ἔστι
2572 477 2683 549 γὰρ
2712 480 2770 530 ἐν
2793 476 2945 547 αὐτῷ
2964 479 3205 551 τέσσαρα
3231 479 3517 551 πνεύματα
3571 477 3784 547 “Efﬁngit

2184 568 2503 639 ἐπιθυμίας,
2526 570 2844 640 πυρώσεως,
2878 572 3625 644 ἀσωτίας,αίσχροκερδείας.
3657 573 3780 625 Ἐὰν

2190 660 2381 731 πίνητε
2412 657 2552 713 οἶνον
2597 661 2654 714 ἐν
2680 662 3007 735 εὐφροσύνῃ,
3046 662 3180 733 μετά
3210 663 3373 732 φόϐου
3416 663 3555 715 Θεοῦ
3598 661 3778 716 αὶᾶούο

2160 760 2163 763 ⁷
2194 769 2366 821 μενοι,
2401 752 2649 824 ζήσεσθε.
2689 754 2814 807 Ἐὰν
2859 754 2969 825 γὰρ
2995 755 3181 824 πίνητε
3217 755 3289 826 μή
3321 754 3656 825 αἰδούμενοι,
3690 755 3781 807 καὶ

2198 846 2405 917 ἀποστῇ
2424 849 2451 900 6
2464 846 2559 899 τοῦ
2577 847 2709 899 Θεοῦ
2725 847 2907 916 φόϐος,
2928 847 3111 900 λοιπὸν
3126 848 3333 916 γίνεται
3353 846 3517 919 μέθη,
3536 848 3634 899 καὶ
3651 864 3783 918 παρ-

2190 936 2305 989 εισέ
2319 938 2935 1008 ρχεταιήάναισχυντία.
2970 940 3031 992 Ei
3060 939 3116 992 δὲ
3142 939 3273 1011 μηδὲ
3298 940 3435 1002 ὅλως
3462 940 3632 1010 πίητε
3649 940 3780 1009 (94),

2192 1031 2282 1083 ἵνα
2311 1032 2384 1102 μὴ
2418 1031 2699 1103 ἁμάρτητε
2743 1034 2798 1085 ἐν
2828 1031 3010 1101 λόγοις
3040 1031 3268 1103 ὕϐρεως,
3307 1034 3401 1086 καὶ
3433 1032 3645 1103 μάχης,
3692 1034 3785 1093 καὶ

2192 1124 2581 1193 συκοφαντίας,
2634 1124 2728 1177 καὶ
2774 1123 3138 1195 παραϐάσεως
3190 1124 3414 1177 ἐντολῶν
3465 1125 3634 1188 Θεοῦ,
3696 1129 3785 1178 καὶ

2194 1216 2479 1270 ἀπολεῖσθε
2500 1216 2600 1269 οὐκ
2630 1217 2688 1269 ἐν
2716 1216 2890 1287 καιρῷ
2913 1214 3087 1287 ὑμῶν.
3114 1216 3287 1284 Καίγε
3326 1219 3611 1287 μυστήρια
3650 1217 3784 1271 Θεοῦ

2190 1310 2286 1363 καὶ
2332 1307 2632 1380 ἀνθρώπων
2681 1308 2980 1379 ἀλλοτρίοις
3026 1308 3398 1361 ἀποκαλύπτει
3443 1310 3472 1361 6
3500 1304 3654 1371 οἶνος
3693 1310 3786 1379 (ὡς

2191 1400 2347 1470 κάγὼ
2373 1400 2592 1465 ἐντολὰς
2617 1400 2752 1453 Θεοῦ
2783 1403 2876 1455 καὶ
2900 1402 3173 1471 μυστήρια
3219 1398 3414 1453 ’ἰακὼὸ
3443 1400 3544 1453 τοῦ
3575 1402 3786 1471 πατρός

2196 1508 2295 1564 μου
2331 1490 2654 1562 ἀπεκάλυψα
2692 1495 2758 1563 τῇ
2792 1492 3101 1545 Χανανίτιδι
3144 1492 3403 1563 Βησσουὲ)
3444 1487 3529 1555 οἷς
3559 1488 3723 1546 εἶπεν
3757 1497 3787 1544 6

2191 1581 2325 1646 Θεὸς
2365 1582 2439 1653 μὴ
2487 1582 2856 1653 ἀποκαλύψαι.
2889 1583 2999 1638 Καὶ
3045 1583 3104 1636 δέ
3134 1583 3371 1654 πολέμου
3402 1582 3499 1635 καὶ
3529 1583 3787 1654 ταραχῆς

2193 1672 2363 1737 αἴτιος
2386 1673 2594 1742 γίνεται
2615 1674 2644 1726 6
2675 1669 2836 1739 οἶνος.

584 1756 746 1811 XVII.
783 1776 803 1810 ι
842 1756 1041 1812 Mando
1075 1758 1237 1828 igitur
1266 1759 1421 1813 vobis
1442 1799 1457 1822 ,
1492 1758 1587 1813 lilii
1623 1759 1751 1825 mei,
1779 1768 1838 1813 ut
1869 1774 1980 1813 non
2006 1758 2087 1812 di-

2262 1766 2357 1818 lZ'.
2395 1784 2414 1817 (
2470 1766 2821 1837 Ἑντέλλομαι
2848 1760 2941 1821 οὖν
2976 1768 3135 1838 ὑμῖν,
3176 1767 3343 1822 τέκνα
3371 1786 3498 1839 μου,
3545 1769 3623 1839 μὴ
3648 1768 3788 1836 ἀγα-

512 1849 696 1921 ligatis
723 1858 1032 1918 argentum,
1059 1865 1239 1919 neque
1270 1851 1577 1920 inspiciatis
1620 1852 1675 1905 in
1726 1851 2088 1920 pulchritudi-

513 1955 639 1994 nem
672 1940 999 2006 mulierum;
1027 1941 1157 2010 quia
1188 1949 1241 1995 et
1268 1950 1487 2010 propter
1504 1950 1787 2011 argentum
1810 1951 1865 1996 et
1886 1941 2089 1998 ferino—

514 2032 729 2087 sitatem
755 2032 932 2086 erravi
981 2032 1036 2085 in
1085 2030 1291 2086 Bessue
1324 2031 1719 2087 Chananaeam.
1752 2031 1889 2087 Novi
1916 2035 2086 2100 enim,

513 2124 659 2194 quod
686 2132 904 2194 propter
934 2122 1045 2177 duo
1069 2123 1182 2179 hac
1204 2124 1309 2178 erit
1331 2139 1499 2194 genus
1524 2140 1705 2178 meum
1725 2124 1780 2178 in
1809 2125 2087 2194 nequitia;

513 2215 776 2284 quoniam
808 2222 864 2269 et
892 2214 1164 2284 sapientes
1185 2214 1328 2269 viros
1351 2214 1587 2269 ﬁliorum
1615 2229 1863 2270 meorum
1887 2217 2092 2271 aliena-

506 2307 681 2374 bunt,
726 2315 781 2363 et
826 2322 1055 2379 regnum
1084 2305 1238 2362 Judze
1275 2309 1543 2374 minuent,
1576 2310 1721 2379 quod
1775 2310 1924 2365 dedit
1953 2311 2090 2365 mihi

514 2400 783 2456 Dominus
807 2400 861 2455 in
891 2401 1197 2456 obedientia
1223 2402 1412 2471 patris.
1447 2400 1737 2472 Nunquam
1782 2403 1929 2457 enim
1956 2418 2091 2458 con-

516 2493 730 2549 tristavi
763 2493 987 2549 verbum
1039 2494 1211 2563 patris
1241 2494 1347 2549 mei
1394 2492 1585 2561 Jacob,
1616 2496 1873 2564 quoniam
1907 2496 2092 2550 omnia

515 2602 640 2657 quae
673 2585 832 2652 dixit,
863 2585 1149 2641 laciebam.
1177 2584 1245 2639 Et
1266 2586 1542 2641 Abraham
1581 2596 1735 2656 pater
1776 2587 1949 2656 patris
1985 2588 2089 2641 mei

516 2678 799 2735 benedixit
827 2678 983 2744 mihi,
1014 2686 1073 2731 ut
1100 2693 1389 2748 regnarem
1417 2678 1472 2732 in
1510 2677 1713 2745 lsrael;
1745 2688 1799 2733 et
1823 2677 1976 2734 Isaac
2000 2680 2094 2733 be-

517 2768 729 2825 nedixit
755 2770 891 2824 mihi
921 2769 1086 2824 simili
1116 2769 1301 2824 modo.
1335 2768 1397 2823 Et
1430 2784 1532 2840 ego
1564 2769 1713 2836 novi,
1743 2769 1889 2839 quod
1912 2786 1979 2826 ex
2009 2786 2095 2826 me

514 2865 688 2921 stabit
720 2880 972 2934 regnum.

593 2954 776 3010 XVIII.
798 2975 816 3008 ι
842 2954 909 3009 Ει
934 2955 1039 3026 legi
1069 2954 1121 3010 in
1155 2956 1309 3011 libris
1334 2955 1521 3012 Enocb
1544 2957 1699 3027 justi,
1725 2965 1931 3028 quanta
1953 2958 2097 3013 mala

517 3050 735 3106 facietis
761 3051 815 3104 in
848 3050 1113 3106 extremis
1143 3050 1357 3106 diebus.
1384 3049 1587 3106 Cavete
1615 3051 1798 3121 igitur,
1846 3051 1940 3106 ﬁlii
1966 3051 2095 3115 mei,

520 3158 555 3198 a
601 3143 966 3199 fornicatione
1018 3152 1072 3199 et
1106 3144 1367 3211 avaritia;
1418 3143 1599 3199 audite
1641 3143 1836 3199 Judam
1889 3154 2100 3214 patrem

521 3245 788 3303 vestrum,
807 3235 1067 3305 quoniam
1099 3236 1203 3292 ista
1226 3244 1481 3305 separant
1507 3251 1538 3291 a
1566 3237 1681 3308 lege
1701 3237 1822 3303 Dei,
1854 3248 1907 3291 et
1930 3251 2106 3291 excae-

523 3336 653 3381 cant
681 3329 971 3383 consilium
995 3328 1211 3394 animze,
1237 3337 1291 3384 et
1328 3330 1637 3399 superbiam
1671 3331 1890 3398 docent,
1918 3338 1971 3385 et
1995 3345 2105 3384 non

522 3420 810 3492 patiuntur
827 3421 1103 3476 hominem
1127 3422 1561 3477 misericordiam
1580 3423 1839 3478 exhibere
1854 3423 2106 3493 proximo

527 3525 653 3573 suo,
676 3511 1139 3579 privantanimam
1161 3512 1334 3581 ipsius
1366 3513 1513 3567 omni
1546 3513 1813 3579 bonitate,
1838 3522 1894 3568 et
1924 3513 2105 3569 conti-

527 3615 659 3660 nent
704 3604 882 3675 ipsum
916 3606 972 3660 in
1014 3606 1293 3660 laboribus
1335 3616 1388 3661 et
1414 3606 1696 3661 doloribus
1719 3650 1734 3674 ,
1768 3616 1823 3662 et
1851 3616 2108 3663 amovent

529 3711 789 3752 somnum
806 3696 875 3750 ab
889 3712 977 3765 eo,
998 3708 1334 3753 consumunt
1350 3713 1544 3753 carnes
1560 3699 1752 3768 ipsius,
1769 3708 1823 3753 et
1839 3700 2107 3755 sacriﬁcia

531 3787 629 3842 Dei
658 3788 983 3859 impediunt,
1030 3799 1084 3843 et
1116 3788 1524 3845 benedictiones
1550 3805 1659 3843 non
1691 3799 2017 3856 memorant,
2055 3799 2110 3845 et

529 3881 814 3952 prophetae
860 3880 1104 3951 loquenti
1150 3896 1259 3935 non
1303 3881 1587 3946 obediunt,
1617 3891 1669 3937 et
1694 3882 1862 3939 verbo
1891 3883 2108 3952 pietatis

532 3973 906 4029 oﬁ'enduntur.
966 3972 1193 4028 Duabus
1228 3974 1376 4028 enim
1418 3974 1770 4045 passionibus
1814 3976 2109 4031 contrariis

531 4067 808 4122 mandatis
827 4066 923 4122 Dei
950 4068 1215 4133 serviens,
1248 4066 1359 4122 Deo
1375 4067 1599 4122 obedire
1620 4082 1730 4122 non
1754 4078 1952 4138 potest,
1967 4084 2109 4138 quo-

534 4158 687 4213 niam
711 4166 1123 4217 excazcaverunt
1145 4158 1384 4212 animam
1410 4157 1553 4227 ejus,
1584 4166 1639 4213 et
1672 4157 1725 4211 in
1750 4157 1861 4225 die,
1891 4158 2033 4213 sicut
2054 4158 2107 4212 in

534 4260 695 4306 nocte
712 4252 976 4305 ambulat.

609 4345 749 4401 XlX.
783 4365 802 4399 ι
838 4345 963 4400 Filii
995 4347 1121 4413 mei,
1160 4345 1389 4401 avaritia
1444 4344 1511 4401 ad
1565 4344 1709 4400 idola
1755 4344 1926 4410 ducit,
1973 4360 2112 4415 quo-

2190 1854 2299 1925 πᾷν
2341 1853 2622 1927 ἀργύριον,
2657 1856 2791 1926 μηδέ
2821 1855 3114 1927 ἐμϐλέπειν
3138 1858 3217 1919 είς
3260 1857 3457 1921 κάλλος
3475 1857 3784 1926 γυναικῶνσ

2190 1946 2271 2001 ὅτι
2313 1948 2472 2018 καίγε
2499 1949 2567 2002 δι’
2589 1949 2869 2027 ἀργύριον,
2902 1949 2997 2003 καὶ
3032 1948 3104 2002 6t‘
3120 1950 3423 2020 εὐμορφίαν
3465 1950 3787 2021 ἐπλανήθην

2190 2040 2271 2104 είς
2296 2041 2537 2110 Βησσουὲ
2558 2044 2657 2113 τὴν
2682 2044 3013 2096 Χαναναίαν.
3038 2043 3161 2096 Ὅτι
3187 2038 3305 2097 οἶδα
3332 2043 3469 2113 ἐγὼ,
3495 2046 3584 2098 ὅτι
3608 2045 3702 2099 διὰ
3722 2047 3789 2099 τὰ

2190 2132 2282 2186 δύο
2313 2132 2485 2187 ταῦτα
2517 2134 2666 2188 ἔσται
2692 2137 2753 2188 τὸ
2776 2136 2929 2205 γένος
2968 2152 3068 2206 μου
3109 2138 3167 2191 ἐν
3197 2137 3463 2209 πονηρίᾳ·
3502 2139 3591 2191 ὅτι
3624 2141 3786 2208 καῐγε

2196 2227 2395 2295 σοφοὺς
2424 2226 2626 2299 ἄνδρας
2646 2226 2754 2289 τῶν
2787 2228 2921 2283 υἱῶν
2963 2245 3062 2300 μου
3092 2229 3468 2295 ἀλλοιώσουσι,
3493 2234 3596 2285 καὶ
3630 2231 3787 2301 βασι-

2190 2318 2342 2373 λείαν
2378 2318 2549 2374 Ἰούδα
2581 2319 2977 2392 σμικρυνθῆναι
3008 2325 3346 2395 ποιήσουσιν,
3376 2325 3447 2395 ήν
3484 2324 3663 2377 ἔδωκέ
3700 2342 3786 2395 μοι

2193 2410 2399 2482 Κύριος
2448 2411 2505 2464 ἐν
2555 2410 2770 2482 ὑπακοῇ
2819 2412 3043 2483 πατρός.
3088 2412 3352 2473 Οὐδέποτε
3389 2412 3501 2483 γὰρ
3532 2412 3785 2485 ἐλύπησα

2192 2501 2350 2570 λόγον
2403 2499 2598 2554 Ἰακὼὸ
2637 2502 2732 2555 τοῦ
2767 2503 2973 2575 πατρός
3020 2504 3128 2577 (96)
3178 2523 3308 2577 μου,
3337 2506 3421 2558 ὄτι
3443 2505 3651 2570 πάντα,
3689 2507 3787 2561 ὅσα

2194 2586 2366 2655 εἶπεν,
2391 2591 2625 2647 ἐποίουν,
2658 2594 2768 2646 Καὶ
2802 2594 3053 2665 Ἀϐραὰμ
3077 2595 3105 2647 6
3123 2596 3309 2667 πατὴρ
3325 2596 3419 2648 τοῦ
3444 2598 3659 2670 πατρός
3689 2617 3785 2669 μου

2194 2682 2455 2755 εὐλόγησέ
2488 2701 2574 2756 με,
2618 2684 2921 2754 βασιλεύειν
2956 2689 3013 2741 ἐν
3053 2687 3296 2759 Ἰσραήλο
3330 2689 3426 2741 καὶ
3469 2689 3666 2743 Ἰσαὰκ
3698 2692 3785 2742 εὐ-

2194 2774 2404 2846 λόγησέ
2443 2792 2508 2847 με
2538 2776 2758 2847 ὁμοίως.
2784 2778 2895 2831 Καὶ
2922 2776 3031 2848 ἐγὼ
3059 2775 3201 2845 οἶδα,
3233 2779 3314 2832 ὅτι
3337 2779 3394 2847 ἐξ
3417 2781 3558 2852 ἐμοῦ
3590 2783 3791 2853 στήσερ

2195 2884 2284 2920 ται
2304 2868 2366 2919 τὸ
2392 2867 2680 2938 βασίλειον.

2268 2957 2375 3009 IH'.
2407 2975 2425 3007 ι
2458 2956 2633 3026 Καίγε
2658 2959 2830 3027 ἔγνων
2860 2962 2916 3013 ἐν
2950 2959 3177 3031 βιϐλίοις
3215 2961 3386 3033 Ἑνὼχ
3428 2962 3527 3026 τοῦ
3550 2963 3790 3031 δικαίου,

2200 3048 2301 3101 ὅσα
2332 3048 2476 3101 κακά
2509 3050 2763 3120 ποιήσετε
2794 3054 2851 3105 ἐν
2888 3054 3145 3124 ἐσχάταις
3170 3055 3428 3125 ἡμέραις.
3471 3056 3793 3123 (rulae-22:0:

2204 3136 2316 3204 οὖν,
2347 3141 2510 3195 τέκνα
2540 3159 2662 3213 μου,
2704 3143 2811 3196 ἀπὸ
2838 3145 2936 3216 τῆς
2967 3146 3222 3217 πορνείας
3250 3147 3343 3199 καὶ
3380 3147 3485 3217 τῆς
3513 3148 3793 3218 φιλαργυ-

2207 3233 2359 3306 ρίας*
2407 3234 2673 3289 ἀκούσατε
2714 3234 2883 3289 Ἰούδα
2925 3235 3020 3288 τοῦ
3048 3237 3252 3308 πατρὸς
3279 3235 3454 3307 ὐμῶν,
3488 3238 3574 3291 ὅτι
3616 3239 3794 3301 ταῦτα

2206 3326 2411 3397 aetna
2445 3326 2609 3396 νόμου
2636 3324 2791 3391 Θεοῦ,
2822 3328 2917 3379 καὶ
2939 3325 3127 3395 τυφλοί
3146 3328 3207 3379 τὸ
3228 3326 3530 3381 διαϐούλιον
3558 3328 3663 3395 τῆς
3693 3328 3795 3395 ψυ-

2207 3417 2330 3488 χῆς,
2374 3418 2469 3472 καὶ¹
2517 3417 2893 3489 ὑπερηφανίαν
2920 3418 3246 3483 ἐκδιδάσκει,
3291 3420 3386 3472 καὶ
3407 3420 3513 3473 οὐκ
3564 3420 3795 3490 ἀφίησιν

2208 3509 2378 3582 ἄνδρα
2409 3510 2631 3580 ἐλεῆσαι
2662 3510 2757 3564 τοῦ
2780 3511 3004 3581 πλησίον
3041 3510 3227 3574 αὐτοῦ,
3260 3511 3537 3583 στερίσκει
3567 3511 3669 3582 τὴν
3692 3512 3797 3581 dra.

2208 3604 2310 3675 χὴν
2336 3602 2501 3657 αὐτοῦ
2525 3603 2630 3656 ἀπὸ
2663 3602 2843 3674 πάσης
2871 3602 3247 3673 ἀγαθωσύνης,
3270 3605 3363 3656 καὶ
3384 3605 3607 3673 συνέχει
3634 3605 3798 3658 air-tiu

2210 3698 2269 3750 ὲν
2306 3695 2525 3767 μόχθοις
2551 3696 2643 3748 καὶ
2668 3696 2868 3759 πόνοις,
2903 3697 2997 3749 καὶ
3027 3696 3237 3766 ἀφιστᾷ
3280 3695 3446 3749 ὕπνον
3473 3696 3671 3759 αὐτοῦ,
3698 3715 3800 3748 κα·-

2210 3788 2492 3858 ταδαπανᾷ
2522 3787 2730 3859 σάρκας
2762 3786 2947 3851 αὐτοῦ,
2977 3787 3072 3839 καὶ
3102 3785 3289 3848 θυσίας
3321 3784 3457 3851 Θεοῦ
3488 3784 3796 3853 ἐμποδίζει,

2214 3882 2309 3934 κα)⁸
2336 3879 2584 3948 εὐλογίας
2596 3879 2657 3931 οὐ
2683 3878 2954 3949 μέμνηται
2983 3876 3114 3948 (97),
3136 3876 3230 3929 καὶ
3255 3876 3514 3947 προφήτῃ
3542 3876 3799 3929 λαλοῦντι

2218 3973 2322 4045 οὐχ
2347 3970 2633 4035 ὑπακούει,
2667 3971 2760 4023 καὶ
2793 3969 2935 4041 λόγῳ
2962 3968 3236 4031 εὐσεϐείας
3260 3968 3639 4039 προσοχθίξει.
3670 3970 3800 4022 Ausi.

2212 4067 2321 4139 γὰρ
2367 4066 2596 4120 πάθεσιν
2630 4063 2890 4127 ἐναντίοις
2914 4062 3023 4115 τῶν
3064 4061 3290 4116 ἐντολῶν
3344 4062 3437 4114 τοῦ
3488 4062 3630 4116 Θεοῦ
3683 4064 3801 4116 δου-

2220 4157 2411 4223 λεύων,
2439 4156 2557 4228 Θεῷ
2588 4154 2881 4210 ὑπακούειν
2908 4157 2968 4209 οὐ
2989 4154 3228 4217 δύναται,
3253 4155 3335 4207 ὅτι
3355 4153 3681 4223 ἐτύφλωσαν
3702 4155 3801 4224 τὴν

2221 4251 2400 4323 ψυχὴν
2427 4249 2611 4314 αὐτοῦ,
2640 4250 2733 4303 καὶ
2768 4251 2825 4302 ἐν
2850 4248 3053 4318 ἡμέρα,
3082 4247 3159 4310 ὼς
3190 4248 3248 4299 ἐν
3277 4246 3454 4311 νυκτὶ,
3482 4244 3795 4318 πορεύεται.

2285 4343 2382 4396 ΙΘ’.
2408 4363 2427 4393 ‹
2456 4340 2633 4395 Τέκνα
2658 4358 2779 4412 μου,
2798 4342 2831 4411 ή
2852 4340 3183 4411 φιλαργυρία
3210 4338 3345 4412 πρὸς
3371 4338 3567 4391 είδωλα
3593 4340 3801 4408 ὁδηγεῖ,

537 4437 683 4490 niam
709 4437 761 4489 in
784 4452 971 4491 errore
995 4453 1090 4506 per
1113 4450 1418 4509 argentum,
1443 4451 1538 4492 eos
1554 4438 1645 4507 qui
1676 4453 1785 4491 non
1804 4445 1951 4502 sunt,
1978 4437 2098 4492 deos

2215 4436 2296 4488 ὅτι
2332 4435 2391 4486 ἐν
2421 4451 2460 4486 π
2496 4433 2598 4506 ἀνῃ
2625 4432 2693 4485 δι’
2713 4431 2972 4503 ἀργυρίου
3002 4432 3129 4494 τοὺς
3156 4430 3236 4503 μὴ
3254 4430 3412 4493 ὄντας
3428 4429 3587 4493 θεοὺς
3606 4430 3804 4500 ὀνομά-

538 4523 859 4590 ῖιθιηὶηιιηι;
892 4534 947 4579 et
966 4524 1095 4580 facit
1124 4526 1413 4581 habentem
1448 4542 1567 4581 eam
1616 4527 1669 4581 in
1699 4528 1942 4582 exstasin
1978 4527 2111 4581 inci-

538 4613 692 4669 dere.
715 4613 941 4683 Propter
969 4629 1251 4687 argentum
1272 4618 1385 4689 (98)
1405 4634 1507 4688 ego
1524 4619 1730 4688 perdidi
1754 4620 1893 4674 ﬁlios
1924 4635 2073 4674 meos
2096 4638 2112 4686 ;

440 4780 445 4786 ἢ
540 4713 598 4758 et
624 4704 728 4760 nisi
761 4707 1080 4775 paenitentia
1105 4709 1287 4764 carnis
1327 4724 1480 4773 meae,
1512 4718 1565 4763 et
1597 4710 1879 4764 humilitas
1917 4710 2115 4764 anima:

448 4861 455 4868 ι
544 4812 680 4852 meae
700 4808 753 4852 et
772 4797 1052 4854 orationes
1069 4798 1238 4854 Jaeob
1253 4802 1424 4871 patris
1442 4802 1547 4855 mei
1566 4801 1975 4871 (obstitissent),
1995 4802 2114 4856 sine

544 4888 731 4943 liberis
761 4903 1019 4943 morerer.
1068 4890 1173 4944 Sed
1206 4890 1348 4947 Deus
1370 4903 1581 4961 patrum
1606 4909 1877 4956 meorum,
1904 4893 2120 4948 miseri-

545 4995 669 5036 cors
680 4990 733 5036 et
747 4979 1007 5045 clemens,
1028 4983 1281 5053 cognovit
1294 4984 1440 5053 quod
1461 4985 1514 5037 in
1538 4984 1843 5055 ignorantia
1866 4985 1990 5040 feci.
2012 4985 2120 5040 Ex-

546 5072 771 5128 caecavit
796 5072 941 5127 enim
967 5090 1052 5127 me
1073 5075 1325 5144 princeps
1345 5076 1568 5140 erroris,
1596 5085 1650 5131 et
1674 5078 1941 5149 ignoravi,
1977 5078 2121 5133 sicut

549 5163 736 5229 homo,
768 5170 823 5217 et
853 5162 996 5217 sicut
1031 5177 1183 5230 caro,
1220 5163 1274 5217 in
1307 5165 1545 5233 peccatis
1592 5177 1913 5237 corruptus.
1938 5166 2002 5221 Et
2029 5183 2122 5223 co—

622 5300 733 5369 (94)
771 5304 840 5354 El
862 5300 931 5370 δὲ
960 5301 1114 5370 μηδὲ
1146 5301 1300 5368 ὅλως
1332 5302 1523 5370 πίητε.
1559 5302 1784 5370 corrige
1830 5317 1897 5357 ex
1943 5302 2117 5357 Oxon.

560 5366 683 5442 cod.
712 5366 769 5442 τί
874 5366 1041 5439 λέγω,
1067 5370 1187 5442 μηδ’
1215 5366 1349 5431 ὅλως
1378 5366 1577 5442 πίνετε.
1605 5366 1770 5442 Gaia—13A.

632 5441 743 5510 (95)
780 5440 842 5496 Si
888 5432 1007 5494 vero
1039 5432 1203 5510 n'eq'ue
1252 5439 1462 5510 anguino
1496 5436 1704 5491 bibatis.
1733 5434 1874 5501 Quid
1904 5450 2018 5489 vero
2051 5432 2134 5488 di-

561 5508 804 5565 cam?‘ne
832 5512 1043 5566 omnino
1076 5508 1287 5565 bibatis.
1320 5508 1394 5562 In.

637 5580 748 5648 (96)
779 5582 974 5651 Λόγον
1017 5581 1214 5643 Ἰακὼϐ
1253 5580 1359 5635 τοῦ
1391 5578 1628 5648 πατρός.
1673 5574 1865 5631 Ἰακὼϐ
1904 5572 1995 5630 τὸν
2027 5592 2133 5629 πα-

564 5650 868 5793 τέῗζθ)ὴδὺ
897 5734 1206 5795 μεμνηται.
1235 5719 1369 5778 Saos
1400 5721 1460 5776 οὐ
1492 5718 1837 5794 μνημονεύει.
1869 5716 1943 5775 In.

2222 4527 2507 4592 ζουσι·καὶ
2526 4529 2670 4580 ποιεῖ
2699 4526 2789 4579 τὸν
2806 4525 2996 4594 ἔχοντα
3028 4524 3197 4596 αὐτὴν
3230 4524 3308 4586 είς
3336 4523 3595 4577 ἔκστασιν
3633 4526 3801 4593 eam-

2221 4621 2353 4672 σεῖν.
2395 4617 2471 4669 Δι’
2500 4616 2763 4691 ἀργυρίου
2805 4615 2917 4685 ἐγὼ
2951 4612 3206 4669 ἀπώλεσα
3239 4613 3306 4677 τά
3334 4613 3500 4665 τέκνα
3548 4630 3655 4683 μου
3676 4654 3690 4673 ,
3712 4613 3803 4666 καὶ

2218 4712 2266 4762 εί
2288 4710 2361 4781 μὴ
2386 4711 2419 4779 ἡ
2445 4709 2700 4780 μετάνοια
2714 4709 2813 4785 τῆς
2837 4708 3037 4779 σαρκός
3062 4724 3183 4777 μου,
3202 4706 3341 4777 καὶὴ
3357 4704 3692 4768 ταπείνωσις
3705 4705 3801 4781 τῆς

2216 4804 2400 4877 ψυχῆς
2443 4819 2568 4873 μου,
2610 4803 2705 4854 καὶ
2748 4804 2803 4854 αἱ
2847 4801 3004 4870 εὐχαὶ
3047 4798 3238 4852 Ἰακὼὸ
3278 4797 3373 4851 τοῦ
3420 4799 3633 4869 πατρός
3682 4816 3798 4868 μου,

2222 4896 2448 4958 ἄτεκνος
2485 4889 2629 4963 εἶχον
2672 4892 2980 4956 ἀποθανεῖν.
3028 4891 3211 4943 Ἀλλ’ὀ
3236 4890 3365 4953 Θεὸς
3392 4890 3501 4941 τῶν
3551 4892 3800 4959 πατέρων

2229 5002 2350 5055 μου,
2376 4986 2404 5036 6
2428 4983 2726 5054 οἰκτίρμων
2746 4983 2837 5035 καὶ
2857 4980 3124 5053 ἐλεήμων,
3147 4979 3383 5047 συνέγνω
3405 4978 3486 5030 ὅτι
3522 4978 3582 5029 ἐν
3614 4976 3799 5057 ἀγνοίξ

2222 5076 2474 5147 ἐποίησα.
2511 5075 2814 5145 Ἑτύφλωσε
2840 5074 2949 5143 γάρ
2980 5090 3046 5144 με
3068 5073 3096 5124 6
3122 5073 3303 5143 ἅρχων
3326 5070 3427 5139 τῆς
3454 5069 3688 5137 πλάνης,
3714 5068 3801 5120 καὶ

2222 5169 2493 5242 ἠγνόησα,
2525 5168 2599 5233 ὡς
2628 5168 2931 5239 ἄνθρωπος,
2978 5166 3072 5229 καὶ
3094 5166 3168 5228 ὡς
3209 5162 3345 5233 σὰρξ
3375 5162 3507 5232 (99),
3541 5163 3600 5213 ἐν
3621 5163 3799 5232 ἀμαρ-

2274 5307 2408 5377 ε(98)
2440 5305 2665 5377 propter
2703 5314 2998 5377 argentum.
3048 5302 3165 5377 Duo
3198 5300 3370 5377 verba
3404 5300 3507 5377 ista
3559 5299 3625 5353 ad
3670 5315 3801 5369 prm-

2224 5370 2499 5435 ceden'tem
2532 5370 2814 5444 periodum
2839 5385 2965 5430 sunt
2993 5373 3293 5435 referenda,
3328 5372 3373 5425 si
3401 5370 3655 5444 Graecum
3689 5380 3797 5420 tu»

2226 5458 2341 5503 tum
2361 5447 2515 5517 sequi
2533 5441 2801 5517 velimus,
2823 5446 2878 5499 in
2908 5445 3324 5517 cujus‘utroque
3340 5441 3663 5508 exemplari,
3695 5450 3800 5490 tam

2225 5519 2399 5574 Oxon.
2426 5511 2590 5586 quam
2615 5514 2846 5570 Cantab.
2876 5511 3000 5584 post
3018 5514 3085 5568 δι’
3113 5511 3380 5586 ἀργυρίου
3405 5520 3801 5583 οεῑριιηςωωί

2227 5590 2421 5644 melius
2446 5581 2598 5652 vero,
2626 5586 2781 5655 juxta
2819 5581 2958 5640 hanc
2979 5581 3307 5655 versionem.
3332 5581 3408 5637 In.

2302 5664 2315 5696 ¹
2324 5660 2411 5731 99)
2433 5656 2612 5728 Σάρξ.
2630 5654 2946 5716 Omissum.
2975 5654 3051 5711 In.
