4002 6308
285 264 308 320 l
320 262 411 318 O81

1522 266 2049 331 TESTAMEN'I‘UM
2083 273 2297 333 JUDE.

3381 298 3523 356 1082

274 378 419 439 τίαις
453 374 700 447 φθαρείς.
722 377 832 431 Kal
863 378 1107 448 ἐπέγνων
1134 382 1234 453 τὴν
1258 383 1498 453 ἐμαυτοῦ
1548 386 1842 456 ἀσθένειαν,

1957 398 2287 466 gnoscebam
2340 399 2557 455 tandem
2618 404 2722 459 mei
2774 404 2948 477 ipsius
2997 409 3387 481 inﬁrmitatem,
3424 418 3516 487 qui

273 466 510 537 νομίζων
529 468 951 541 ἀκαταμάχητος
980 468 1138 527 εἶναι.

344 561 427 615 K'.
447 580 467 614 t
499 563 802 632 Ἑπίγνωτε
819 560 912 619 οὖν
933 566 1101 640 (100),
1130 568 1294 624 τέκνα
1327 588 1448 642 μου,
1471 571 1552 625 δτι
1574 573 1667 626 δύο
1692 572 1851 628 πνεύι-

277 670 421 727 ματα
450 654 767 725 σχολάζουσι
796 658 874 729 τῷ
912 658 1202 732 ἀνθρώπῳ,
1230 662 1291 715 τὸ
1319 663 1420 732 τῆς
1446 664 1721 735 ἀληθείας,
1752 665 1848 720 καὶ

268 746 331 799 τὸ
359 747 461 817 τῆς
490 747 698 818 πλάνης
716 766 729 779 ο
768 751 862 802 καὶ
893 750 1055 822 μέσον
1086 753 1204 807 ἐστὶ
1227 754 1290 807 τὸ
1311 755 1411 826 τῆς
1435 757 1703 821 συνέσεως
1750 758 1844 812 τοῦ

269 835 407 901 νοὸς,
437 831 498 890 οὗ
531 838 625 891 ἐὰν
650 838 778 913 θέλῃ
804 841 1000 897 κλῖναι.
1026 843 1200 912 Καίγε
1229 844 1299 899 τὰ
1324 846 1424 917 τῆς
1448 846 1722 917 ἀληθείας,
1752 848 1847 901 καὶ

266 924 336 977 τὰ
356 927 455 997 τῆς
484 926 710 998 πλάνης,
738 930 1042 1002 γέγραπται
1074 933 1166 986 ἐπὶ
1191 934 1253 987 τὸ
1282 935 1475 1006 στῆθος
1508 938 1601 990 τοῦ
1635 937 1844 1010 ἀνθρώ-

268 1033 370 1069 που
388 1034 401 1047 ·
431 1019 524 1070 καὶ
550 1018 607 1072 ἓν
627 1019 853 1074 ἕκαστον
875 1022 1053 1077 αὐτῶν
1082 1026 1338 1097 γνωρίζει
1368 1027 1590 1099 Κύριος.
1617 1031 1726 1084 Kal
1746 1032 1846 1083 οὐκ

266 1107 380 1162 ἔστι
401 1111 610 1181 καιρὸς,
637 1114 693 1167 ὲν
711 1106 754 1179 ᾧ
774 1113 1058 1186 δυνήσεται
1080 1115 1259 1170 λαθεῖν
1272 1118 1571 1189 ἀνθρώπων
1589 1121 1743 1192 ἔργα,
1764 1123 1847 1176 ὃτι

265 1200 326 1253 ὲν
363 1202 545 1273 στήθει
566 1203 767 1257 ὀστέων
797 1205 936 1257 αὑτά
958 1206 1328 1277 ἐγγέγραπται
1359 1207 1594 1263 ἐνώπιον
1620 1211 1843 1282 Κυρίου,

265 1293 377 1346 Καὶ
402 1294 464 1347 τὸ
506 1296 722 1368 πνεῦμα
750 1298 851 1367 τῆς
893 1297 1151 1370 ἀληθείας
1201 1302 1468 1370 μαρτυρεῖ
1517 1301 1719 1365 πάντα,
1752 1303 1845 1355 καὶ

265 1393 564 1460 κατηγορεῖ
600 1391 845 1455 πάντων,
879 1392 971 1444 καὶ
1000 1391 1407 1462 ὲμπεπύρισται
1448 1395 1477 1453 ό
1522 1394 1846 1465 ἁμαρτήσας

266 1480 331 1532 ὲκ
357 1481 457 1551 τῆς
492 1481 625 1544 ίδίας
651 1481 897 1553 καρδίας,
929 1482 1022 1534 καὶ
1053 1478 1182 1553 ἆραι
1207 1482 1503 1556 πρόσωπον
1532 1485 1593 1539 οὑ
1623 1484 1843 1547 δύναται

264 1568 403 1640 πρὸς
427 1570 515 1623 τὸν
546 1572 759 1643 κριτήν.

335 1661 464 1713 KA'.
499 1679 518 1713 ι
554 1662 663 1715 Kal
691 1663 806 1727 νῦν,
836 1662 1001 1716 τέκνα
1050 1680 1173 1734 μου,
1206 1664 1531 1737 ἀγαπήσατε
1559 1668 1650 1721 τὸν
1689 1667 1840 1732 Λευῖ,

262 1754 351 1806 Eva
381 1754 719 1825 διαμείνητε-
754 1757 848 1809 καὶ
881 1758 955 1828 μὴ
981 1756 1271 1827 ἐπαίρεσθε
1316 1761 1404 1812 ἐπ’
1426 1759 1622 1825 αὑτὸν,
1651 1760 1737 1815 ἵνα
1767 1761 1841 1832 μὴ
1876 1746 1917 1802 Β

261 1844 699 1918 ὲξολοθρευθῆτε.
756 1848 910 1920 Ἐμοὶ
939 1850 1048 1921 γὰρ
1096 1850 1264 1905 ἔδωκε
1306 1851 1511 1922 Κύριος
1554 1852 1652 1923 τὴν
1691 1851 1847 1921 βασι-

262 1938 432 2002 λείαν,
474 1938 711 2009 κάκείνῳ
732 1941 831 2011 τὴν
873 1942 1176 2011 ἱερατείαν,
1207 1943 1303 1995 καὶ
1345 1940 1579 2006 ὑπέταξε
1609 1942 1708 2014 τὴν
1743 1939 1843 2010 βα-

263 2030 467 2084 σιλείαν
498 2033 564 2102 τῇ
600 2032 886 2106 ἱερωσύνῃ.
934 2034 1087 2105 ‘Epol
1129 2035 1299 2088 ἔδωκε
1343 2034 1413 2087 τὰ
1440 2034 1533 2087 ἐπὶ
1567 2034 1668 2105 τῆς
1710 2034 1842 2104 γῆς,

260 2121 499 2193 κάκείνῳ
526 2121 598 2176 τά
636 2124 694 2175 ἐν
731 2125 1002 2195 οὐρανοῖς.
1054 2127 1142 2191 Ὠς
1182 2127 1441 2198 ὑπερέχει
1487 2125 1715 2197 οὐρανὸς
1742 2124 1846 2194 τῆς

259 2213 384 2283 γῆς,
416 2213 587 2279 οὕτως
609 2216 864 2288 ὑπερέχει
883 2217 1016 2271 Θεοῦ
1051 2219 1291 2290 ίερατεία
1312 2218 1413 2287 τῆς
1445 2218 1536 2273 ἐπὶ
1562 2216 1666 2287 γῆς
1692 2216 1847 2285 βασι-

257 2303 408 2367 λείας
434 2304 528 2375 (1).
562 2307 670 2358 Kal
694 2305 801 2377 γὰρ
827 2308 988 2360 αὑτὸν
1037 2308 1178 2380 ὑπὲρ
1222 2309 1281 2361 σὲ
1330 2307 1617 2374 ἐξελέξατο
1638 2305 1843 2377 Κύριος

255 2392 497 2464 ἐγγίζειν
544 2396 712 2467 αὐτῷ,
766 2399 860 2451 καὶ
911 2398 1108 2454 ἐσθίειν
1174 2399 1453 2470 τράπεζαν
1492 2398 1693 2463 αὐτοῦ,
1748 2396 1844 2455 καὶ

257 2485 515 2555 ἀπαρχάς
542 2487 972 2557 ἐντρυφημάτων
999 2486 1131 2540 υίῶν
1180 2486 1421 2558 Ἰσραήλο
1466 2486 1567 2543 καὶ,
1598 2484 1697 2557 ἔσῃ
1746 2484 1846 2543 αὺ-

255 2577 371 2637 τοῖς
403 2574 477 2645 (2)
506 2576 582 2641 ὼς
617 2580 650 2648 ἡ
698 2576 962 2631 θάλασσα.
1005 2580 1214 2650 Ὥσπερ
1246 2577 1355 2648 γὰρ
1387 2581 1443 2631 ὲν
1477 2578 1613 2647 αὑτῇ
1644 2576 1844 2628 δίκαιοι

256 2666 355 2719 καὶ
392 2667 566 2721 ἄδικοι
604 2669 974 2739 χειμάζονται,
1005 2671 1055 2723 οἱ
1088 2671 1187 2741 μὲν
1225 2667 1769 2739 αίχμαλωτιζὸμενοι,
1792 2666 1841 2719 οί

253 2755 315 2810 δὲ
360 2757 742 2822 πλουτοῦντεςο
780 2760 951 2824 οὑτως
981 2762 1075 2814 καὶ
1097 2762 1154 2813 ὲν
1186 2761 1269 2812 σοὶ
1300 2761 1409 2813 πᾶν
1448 2759 1605 2827 γένος
1634 2756 1845 2829 ἀνθρώ-

264 2866 404 2915 πων,
452 2852 501 2903 οί
546 2852 644 2921 μὲν
687 2853 1085 2909 κινδυνεύουσιν
1125 2850 1674 2924 αίχμαλωτιζόμενοι,
1704 2850 1753 2902 oi
1786 2848 1845 2902 δὲ

256 2942 578 2996 πλουτοῦσιν
604 2941 961 3013 ἁρπάζοντες.
991 2944 1111 3001 Ὅτι
1136 2945 1185 2997 οἱ
1210 2941 1592 3013 βασιλεύοντες
1610 2940 1843 3004 ἔσονται,

253 3037 332 3101 ὡς
360 3020 521 3109 κήτη,
552 3037 939 3100 καταπίνοντες
963 3034 1305 3107 ἀνθρώπους,
1329 3036 1405 3099 ὠς
1436 3034 1654 3105 ἰχθύας·
1685 3032 1845 3102 θυγα-

253 3130 418 3202 τέρας
438 3130 531 3183 καὶ
554 3130 705 3193 υἱοὺς
729 3128 1043 3200 ἐλευθέρους
1075 3126 1573 3188 καταδουλώσουσιν
1590 3144 1603 3157 ⁸
1638 3125 1838 3191 οἴκους,

255 3224 479 3294 ἀγροὺς,
513 3224 764 3293 ποίμνια,
815 3224 1072 3295 χρήματα
1110 3220 1449 3292 ἀρπάσουσι·
1498 3222 1595 3275 καὶ
1633 3220 1842 3274 πολλῶν

258 3314 465 3385 σάρκας
507 3314 707 3376 ἀδίκως
754 3314 986 3385 κόρακες
1030 3312 1124 3366 καὶ
1169 3310 1301 3374 ἴϐεις
1357 3312 1704 3383 χορτάσουσι,
1748 3311 1844 3366 καὶ

257 3407 622 3478 προκόψουσιν
660 3407 756 3459 ἐπὶ
787 3406 848 3459 τὸ
887 3406 1055 3458 κακὸν
1095 3406 1152 3456 ὲν
1196 3403 1480 3475 πλεονεξίᾳ
1526 3404 1840 3476 ὑψούμενοι.

256 3499 365 3551 Kal
390 3498 604 3551 ἔσονται
638 3498 714 3561 ὼς
743 3497 1054 3567 καταιγίδες
1081 3496 1551 3568 ψευδοπροφῆται,
1583 3498 1678 3557 καὶ
1707 3498 1843 3557 πάν-

252 3606 353 3655 τας
380 3590 620 3654 δικαίους
640 3588 939 3654 διώξονται.

326 3684 454 3738 KB'.
502 3703 521 3736 ι
565 3682 786 3749 Ἐπάξει
816 3682 872 3738 δὲ
906 3683 1090 3747 αὐτοῖς
1141 3683 1348 3754 Κύριος
1377 3682 1672 3754 διαιρέσεις
1720 3684 1841 3737 κατ’

252 3779 519 3850 ἀλλήλων,
565 3781 658 3832 καὶ
702 3779 927 3849 πόλεμοι
964 3780 1204 3847 συνεχεῖς
1238 3776 1449 3830 ἔσονται
1482 3779 1539 3831 ὲν
1588 3778 1839 3850 Ἰσραὴλ,

212 3918 215 3919 ,
252 3872 349 3924 καὶ
382 3872 439 3924 ὲν
466 3869 783 3939 ἀλλοφύλοις
821 3868 1299 3939 συντελεσθήσεται
1339 3871 1372 3939 ἡ
1416 3868 1661 3939 βασιλεία
1696 3888 1799 3941 μου
1823 3910 1838 3934 ,

218 3980 223 3985 ·
251 3963 358 4026 ἕως
388 3962 482 4016 τοῦ
519 3962 691 4015 ἐλθεῖν
715 3963 778 4015 τὸ
803 3961 1067 4031 σωτήριον
1100 3959 1178 4031 τῷ
1224 3959 1467 4033 Ἰσραὴλ,
1496 3962 1606 4025 ἕως
1640 3979 1843 4033 παρου-

254 4052 377 4115 σίας
409 4051 502 4105 τοῦ
543 4050 796 4120 Θεοῦ.τῆς
824 4048 1193 4121 δικαιοσύνης,
1215 4048 1309 4102 τοῦ
1327 4049 1598 4122 ἡσυχάσαι
1616 4050 1704 4103 τὸν
1738 4050 1843 4106 Ἰα-

206 4208 217 4217 ε
252 4142 370 4198 κὼϐ
406 4146 463 4196 ὲν
484 4144 696 4215 εἰρήνῃ,
715 4144 809 4199 καὶ
840 4142 1017 4196 πάντα
1044 4140 1114 4193 τὰ
1128 4140 1278 4212 ἔθνη,
1297 4138 1407 4201 Ka't
1424 4140 1585 4205 αὐτὸς
1618 4139 1841 4209 φυλάξει

253 4238 453 4308 κράτος
488 4234 765 4306 βασιλείας
814 4252 912 4305 μου
947 4234 1051 4298 ἕως
1095 4232 1188 4287 τοῦ
1232 4231 1447 4295 αἰῶνος.
1502 4234 1688 4304 Ὄρκῳ
1734 4230 1841 4301 γὰρ

250 4328 436 4399 ὦμοσέ
458 4344 546 4398 μοι
566 4326 789 4398 Κύριος,
813 4327 887 4397 μὴ
911 4325 1180 4394 ἐκλείψειν
1194 4325 1254 4377 τὸ
1271 4323 1534 4394 βασίλειόν
1553 4342 1652 4394 μου
1668 4325 1731 4376 ὲκ
1744 4322 1839 4375 τοῦ

1951 488 2351 544 existimassem
2379 506 2466 546 me
2494 493 2973 566 inexpugnabilem
2991 515 3132 557 esse.

2022 579 2144 635 XX.
2183 601 2203 637 ι
2240 582 2572 655 Cognoscite
2600 587 2788 658 igitur,
2820 590 2915 645 ﬁlii
2944 594 3072 660 mei,
3102 595 3246 665 quod
3274 597 3380 651 duo
3408 599 3518 667 spi-

1956 672 2095 729 ritus
2126 684 2324 730 vacant
2352 677 2583 744 homini,
2620 681 2842 750 spiritus
2870 686 3146 751 verit-alis,
3193 696 3246 743 et
3292 690 3519 759 spiritus

1954 766 2189 833 erroris;
2229 775 2284 821 et
2326 768 2541 823 medius
2571 779 2654 825 est
2698 773 2925 842 spiritus
2962 776 3265 834 intellectus
3297 780 3520 847 mentis,

1949 857 2111 927 cujus
2144 868 2248 928 est,
2280 876 2389 931 quo
2412 863 2527 916 vult
2556 862 2836 920 inclinare.
2860 866 2924 920 Et
2947 884 3065 937 qua:
3095 878 3222 925 sunt
3248 872 3514 937 veritatis,

1949 957 2003 1003 et
2028 966 2149 1019 qua:
2176 963 2304 1007 sunt
2330 954 2554 1020 erroris,
2579 957 2776 1026 scripta
2804 969 3108 1030 suntsuper
3131 971 3316 1030 pectus
3338 964 3517 1018 homi-

1949 1040 2038 1095 nis
2070 1041 2133 1108 ⁸³,
2167 1050 2222 1096 et
2248 1047 2677 1117 unumquodque
2698 1064 2888 1104 eorum
2915 1054 3199 1122 cognoscit
3230 1054 3514 1111 Dominus.

1947 1130 2012 1186 Et
2036 1149 2143 1188 non
2170 1145 2252 1190 est
2276 1145 2508 1206 tempus,
2542 1139 2595 1194 in
2628 1157 2737 1210 quo
2756 1153 3011 1211 poterunt
3035 1146 3199 1201 latere
3231 1148 3518 1204 hominum

1948 1218 2139 1293 opera;
2169 1230 2423 1295 quoniam
2457 1245 2521 1285 ea
2552 1232 2606 1285 in
2634 1243 2851 1302 pectore
2869 1236 3075 1290 ossium
3101 1239 3361 1309 inscripta
3387 1249 3517 1295 sunt

1953 1330 2136 1370 coram
2184 1317 2436 1377 Domino.
2473 1322 2539 1378 Et
2591 1324 2817 1393 Spiritus
2864 1328 3104 1385 veritatis
3141 1332 3518 1391 testimonium

1948 1410 2196 1478 perhibet
2219 1413 2285 1468 de
2320 1415 2594 1483 omnibus,
2623 1428 2676 1471 et
2706 1429 2930 1473 accusat
2958 1421 3172 1485 omnia;
3201 1433 3253 1477 et
3284 1424 3518 1484 adustus

1947 1512 2033 1558 est
2083 1506 2178 1573 qui
2232 1514 2423 1574 peccat
2464 1522 2529 1561 ex
2560 1509 2782 1579 proprio
2812 1511 2997 1575 corde,
3026 1520 3080 1566 et
3113 1512 3292 1568 levare
3321 1513 3515 1571 faciem

1946 1612 2053 1652 non
2091 1606 2265 1665 potest
2287 1598 2354 1652 ad
2385 1598 2642 1668 judicem.

2017 1688 2159 1744 ΧΧΙ.
2185 1708 2204 1741 ι
2225 1689 2290 1745 Ει
2316 1708 2482 1756 nunc,
2512 1692 2609 1747 ﬁlii
2641 1694 2769 1759 mei,
2803 1695 3010 1767 diligite
3036 1696 3185 1762 Levi,
3220 1706 3279 1752 ut
3301 1714 3517 1768 perma-

1948 1782 2160 1848 neatis;
2193 1791 2247 1837 et
2276 1799 2385 1838 non
2409 1784 2707 1839 eﬁeramini
2734 1802 2897 1856 super
2925 1788 3101 1856 ipsum
3129 1830 3142 1853 ,
3178 1799 3237 1843 ut
3262 1806 3373 1845 non
3396 1791 3514 1845 dis-

1952 1875 2211 1943 pereatis.
2245 1873 2377 1929 Mihi
2414 1876 2559 1931 enim
2592 1878 2738 1933 dedit
2766 1878 3037 1935 Dominus
3076 1896 3326 1950 regnum,
3352 1891 3406 1936 et
3437 1883 3515 1937 illi

1947 1966 2337 2033 sacerdotium,
2378 1978 2431 2024 et
2473 1969 2704 2039 subjecit
2732 1986 2959 2042 regnum
3003 1974 3330 2029 sacerdotio.
3384 1973 3515 2028 Mihi

1944 2056 2094 2112 dedit
2122 2075 2241 2129 qua:
2270 2061 2324 2114 in
2356 2072 2533 2130 terra;
2572 2062 2647 2116 illi
2680 2079 2830 2130 vero,
2861 2081 2982 2135 qua:
3011 2076 3138 2121 sunt
3165 2068 3218 2121 in
3250 2068 3426 2123 caelis.
3445 2068 3516 2125 Ut

1946 2151 2315 2219 supereminet
2341 2154 2538 2207 coelum
2563 2162 2742 2219 terrae,
2779 2156 2852 2210 ita
2879 2160 3249 2228 supereminet
3280 2160 3374 2215 Dei
3426 2176 3515 2216 sa-

1857 2280 1864 2286 .
1944 2242 2248 2297 cerdotium
2279 2259 2446 2314 regno
2480 2246 2625 2315 quod
2666 2255 2751 2301 est
2798 2248 2851 2302 in
2882 2259 3048 2306 terra.
3085 2251 3298 2307 Etenim
3330 2254 3513 2324 ipsum

1939 2349 2105 2405 supra
2132 2344 2185 2391 te
2206 2337 2367 2409 elegit
2388 2339 2651 2399 Dominus
2675 2345 3112 2415 appropinquare
3134 2345 3257 2415 ipsi,
3281 2355 3335 2401 et
3364 2362 3514 2407 come

1938 2427 2097 2482 edere
2136 2444 2378 2486 mensam
2418 2434 2623 2504 ipsius,
2663 2447 2717 2492 et
2768 2438 3035 2507 primitias
3090 2439 3406 2494 deliciarum
3449 2440 3514 2494 ﬁ-

1945 2518 2145 2574 liorum
2177 2518 2342 2575 Israel
2386 2540 2398 2575 :
2438 2532 2491 2577 et
2520 2524 2629 2578 eris
2650 2525 2729 2579 eis
2762 2535 2819 2578 ut
2844 2540 3012 2579 mare.
3041 2524 3511 2591 Quemadmodum

1944 2610 2089 2664 enim
2119 2612 2172 2665 in
2202 2612 2339 2666 mari
2365 2612 2499 2682 justi
2529 2622 2583 2668 et
2637 2614 2825 2682 injusti
2879 2615 3145 2678 hiemant,
3196 2616 3250 2669 hi
3294 2617 3514 2685 quidem

1944 2702 2143 2772 captivi
2182 2700 2331 2767 facti,
2361 2705 2416 2758 hi
2449 2720 2577 2758 vero
2597 2704 2785 2759 ditati:
2816 2706 2885 2759 ita
2920 2714 2973 2760 et
2993 2707 3046 2760 in
3079 2715 3131 2759 te
3161 2722 3320 2761 omne
3343 2724 3515 2777 genus

1945 2794 2254 2861 hominum,
2291 2794 2346 2849 hi
2391 2796 2609 2865 quidem
2640 2796 3012 2867 periclitantur
3060 2798 3113 2852 in
3145 2800 3515 2867 captivitatem

1946 2887 2076 2953 acti,
2108 2886 2163 2941 hi
2190 2903 2321 2942 vero
2371 2888 2621 2942 ditantur
2672 2889 2967 2957 rapientes.
3001 2888 3269 2956 Quoniam
3302 2890 3396 2961 qui
3425 2907 3514 2947 re-

1950 2990 2118 3050 gnant
2149 2989 2309 3034 erunt
2341 2982 2483 3036 sicut
2511 2991 2648 3046 cete,
2682 2982 3045 3053 deglutientes
3074 2984 3325 3039 homines
3367 2985 3517 3041 velut

1870 3088 1914 3149 ο
1948 3070 2311 3139 pisceszﬁlias
2325 3081 2380 3126 et
2409 3071 2551 3127 ﬁlios
2578 3072 2777 3128 liberos
2814 3074 2867 3127 in
2893 3075 3208 3129 servitutem
3238 3075 3512 3145 redigent;

1947 3160 2164 3229 domos,
2192 3178 2375 3232 agros,
2406 3178 2619 3234 greges,
2665 3166 2928 3235 pecunias
2955 3167 3202 3235 rapient;
3235 3176 3290 3222 et
3317 3167 3516 3223 multo-

1945 3271 2067 3310 rum
2101 3256 2359 3315 carnibus
2400 3256 2604 3326 injuste
2649 3272 2843 3311 corvos
2887 3266 2941 3312 et
2975 3258 3141 3313 ibices
3170 3260 3512 3322 saturabunt,

1945 3356 2000 3402 et
2047 3349 2335 3418 proﬁcient
2384 3348 2449 3421 in»
2483 3349 2689 3403 malum
2750 3351 2805 3404 in
2859 3350 3086 3404 avaritia
3148 3352 3391 3406 exaltati.
3449 3350 3515 3404 Et

1944 3448 2105 3495 erunt
2130 3447 2190 3492 ut
2218 3440 2472 3509 procellae
2496 3442 3004 3511 pseudoprophetaz.
3030 3441 3297 3498 et’omnes
3334 3443 3516 3513 justos

1944 3539 2360 3601 persequentur.

2019 3688 2183 3749 XXII.
2231 3706 2249 3740 ι
2285 3688 2509 3744 lnducet
2562 3696 2743 3742 autem
2783 3688 2863 3742 eis
2913 3688 3176 3742 Dominus
3216 3688 3515 3745 divisiones

1946 3783 2088 3839 inter
2132 3798 2212 3849 se,
2264 3790 2318 3837 et
2360 3781 2500 3836 bella
2534 3781 2791 3834 continua
2823 3790 2983 3835 erunt
3032 3782 3087 3834 in
3136 3780 3323 3845 lsrael,
3367 3792 3419 3835 et
3458 3782 3514 3834 in

1944 3875 2262 3946 alienigenis
2300 3873 2770 3931 consummabitur
2814 3890 3041 3943 regnum
3077 3890 3256 3927 meum
3278 3874 3514 3937 ,-douec

1944 3968 2125 4023 veniet
2154 3967 2394 4022 salutare
2421 3965 2607 4030 Israel.
2641 3982 2814 4036 usque
2841 3967 2908 4021 ad
2940 3966 3234 4023 adventum
3272 3967 3367 4022 Dei
3414 3967 3513 4038 ju-

1938 4061 2121 4129 stitiaa,
2138 4072 2199 4119 ut
2215 4060 2462 4130 quiescat
2505 4058 2674 4115 Jacob
2721 4059 2775 4113 in
2807 4074 2959 4129 pace,
2997 4068 3051 4113 et
3081 4076 3271 4114 omnes
3302 4069 3510 4130 gentes.

1943 4152 2012 4208 Et
2057 4154 2175 4222 ipse
2204 4152 2476 4207 custodiet
2522 4160 2849 4221 potestatem
2902 4152 3050 4221 regni
3085 4151 3191 4205 mei
3234 4167 3406 4219 usque
3456 4152 3511 4205 in

1945 4245 2229 4300 sarculum.
2263 4243 2581 4299 Juramento
2610 4244 2754 4298 enim
2796 4244 3004 4313 juravit
3041 4244 3176 4297 mihi
3223 4242 3511 4308 Dominus,

1946 4352 2050 4395 non
2081 4334 2419 4396 deiecturum
2459 4341 2684 4405 regnum
2716 4349 2899 4390 meum
2925 4349 2956 4388 e
2982 4334 3190 4388 semine
3217 4348 3361 4399 meo,
3389 4349 3511 4389 om-

252 4417 568 4489 σπέρματός
606 4432 729 4486 μου,
767 4416 947 4479 πάσας
981 4414 1077 4478 τὰς
1112 4414 1349 4485 ἡμέρας,
1378 4414 1482 4477 ἕως
1504 4412 1599 4474 τοῦ
1618 4413 1838 4477 αἰῶνος,

1943 4427 2106 4480 nibus
2138 4426 2349 4488 diebus,
2382 4440 2553 4494 usque
2580 4425 2635 4477 in
2670 4425 2950 4479 sazculum.

322 4512 447 4564 Kl".
496 4529 514 4561 ι
544 4510 717 4580 Πολλὴ
738 4508 795 4562 δὲ
826 4507 969 4579 λύπη
1007 4508 1097 4579 μοί
1130 4510 1264 4569 ἐστι,
1290 4507 1455 4567 τέκνα
1483 4524 1605 4577 μου,
1627 4507 1715 4559 διὰ
1735 4507 1834 4571 τὰς

246 4603 533 4673 ἀσελγείας
558 4605 651 4657 καὶ
677 4600 952 4672 γοητείας,
981 4600 1074 4653 καὶ
1108 4599 1573 4672 είδωλολατρείας,
1597 4600 1661 4664 ἃς
1685 4600 1835 4671 ποιή-

247 4710 373 4747 σετε
404 4696 485 4758 είς
516 4695 578 4747 τὸ
604 4690 1363 4764 βασίλειον,,ὲγγαστριμύθοις
1389 4690 1831 4755 ἀκολουθοῦντες,

247 4788 470 4861 κληδόσι
516 4785 627 4859 (5),
680 4788 774 4850 καὶ
821 4788 1039 4858 δαίμοσι
1089 4786 1319 4856 πλάνης.
1373 4785 1485 4848 Τὰς
1528 4785 1833 4858 θυγατέρας

248 4879 404 4953 ὑμῶν
445 4879 706 4951 μουσικὰς
741 4880 834 4932 καὶ
864 4879 1131 4950 δημοσίας
1166 4880 1454 4949 ποιήσετε,
1508 4879 1603 4931 καὶ
1646 4879 1833 4949 ἐπιμι-

244 4970 481 5043 γήσεσθε
515 4972 572 5023 ἐν
607 4970 969 5041 βδελύγμασιν
1002 4970 1202 5023 ἐθνῶνο
1232 4969 1347 5023 ἀνθ’
1380 4961 1453 5022 ὧν
1478 4968 1595 5033 ἄξει
1628 4970 1832 5041 Κύριος

246 5061 332 5131 ὄψ’
367 5062 509 5130 ὑμᾶς
542 5060 730 5131 λιμὸν,
766 5061 991 5114 θάνατον
1025 5062 1119 5115 xal
1156 5060 1463 5132 ῥομφαίαν,
1511 5059 1831 5113 ὲκδικοῦσαν

246 5152 585 5226 πολιορκίαν,
621 5157 715 5208 καὶ
746 5154 912 5219 κύνας
953 5155 1031 5218 εἰς
1063 5154 1438 5223 διασπασμὸν,
1495 5152 1703 5224 ἐχθρῶν
1736 5154 1831 5206 καὶ

246 5245 417 5316 φίλων
458 5246 827 5316 ὀνειδισμοὺς,
877 5244 1151 5300 ἀπώλειαν
1198 5244 1415 5321 καίμ)
1464 5244 1829 5316 σφακελισμὸν

324 5337 369 5368 ¹³
402 5336 559 5392 Rom.
597 5353 655 5405 tt,
690 5339 777 5404 M,
817 5339 901 5394 15.

320 5428 466 5503 (l0_0)
517 5431 827 5501 Ἐπίγνωτε
849 5431 981 5487 οὖν.
1013 5429 1229 5503 Omissa
1257 5431 1468 5501 integra
1501 5430 1617 5487 hazc
1645 5431 1828 5502 perio-

248 5500 782 5646 flufllilnBcto'thlac.
829 5574 1146 5637 Βασιλείας,
1180 5573 1294 5646 ἐὰνΔ
1325 5575 1398 5646 μὴ
1453 5572 1534 5646 δι’,
1555 5573 1835 5646 ἁμαρτίας

249 5634 460 5713 ἐκπέσῃ
509 5634 863 5712 Κυρίουξκαὶ
898 5634 1156 5716 κυριευθῇ
1204 5634 1624 5712 ὑπδ’ὲπιγείας,
1678 5634 1828 5698 addit

251 5713 425 5777 codex
453 5712 625 5769 Oxon.

2011 4518 2203 4578 XXIII.
2250 4539 2269 4571 ι
2303 4517 2467 4573 Multa
2499 4526 2677 4571 autem
2712 4519 2931 4573 tristitia
2961 4517 3093 4571 mihi
3121 4528 3222 4579 est,
3252 4517 3345 4571 lilii
3380 4517 3507 4582 mei,

1942 4622 2166 4683 propter
2201 4612 2592 4683 impudicitias,
2619 4621 2673 4667 et
2717 4611 3019 4681 sortilegia,
3064 4618 3119 4664 et
3152 4612 3507 4675 idololatrias,

1937 4720 2076 4775 quas
2128 4704 2345 4761 facietis
2380 4706 2434 4760 in
2468 4720 2694 4775 regnum
2718 4746 2734 4771 ,
2763 4704 3139 4773 ventriloquos
3183 4714 3505 4774 sequentes.

1936 4796 2303 4852 divinationes
2355 4806 2409 4852 et
2460 4797 2742 4852 daemonas
2796 4798 3022 4851 erroris.
3087 4795 3251 4850 Filias
3300 4805 3507 4851 vestras

1936 4890 2268 4946 cantatrices
2314 4899 2369 4946 et
2416 4890 2666 4960 publicas
2700 4889 2932 4954 facietis,
2964 4898 3018 4943 et
3066 4888 3507 4944 immiscebimiui

1936 4984 2447 5040 abominationibus
2471 4984 2746 5055 gentium;
2792 4998 2891 5054 pro
2915 4983 3116 5053 quibus
3136 4982 3297 5043 ducet
3326 4980 3506 5034 Domi-

1935 5091 2042 5131 nus
2073 5090 2236 5146 super
2261 5091 2360 5131 vos
2397 5074 2596 5129 famem
2645 5084 2699 5129 et
2739 5075 3125 5144 pestilentiam,
3174 5081 3405 5126 mortem
3451 5077 3509 5125 et

1937 5170 2200 5241 gladium,
2235 5169 2593 5224 ulciscentem
2627 5168 2990 5230 obsidionem,
3026 5174 3081 5220 et
3109 5180 3272 5219 canes
3316 5164 3370 5215 in
3415 5164 3495 5216 di-

1935 5262 2313 5331 laniationem,
2365 5262 2715 5318 inimicorum
2759 5270 2814 5315 et
2855 5259 3157 5314 amicorum
3189 5254 3500 5339 opprobria,

1985 5422 2080 5510 1?)
2107 5422 2225 5510 fat
2243 5423 2357 5492 tum
2384 5422 2605 5488 αὐτοῖς.
2636 5424 2773 5478 Add.
2800 5422 2862 5475 σὺ
2891 5420 2947 5472 δὲ
2974 5419 3073 5493 ἔσῃ
3099 5417 3348 5490 βασιλεὺς
3397 5417 3499 5472 ἰι-

1930 5497 2077 5635 ml?)
2105 5492 2643 5635 ςὲἓὲἀουθοῦντες,
2661 5562 2931 5635 “ﬁdem.
2970 5559 3494 5628 Ἐξακολουθοῦντες,

1928 5632 2131 5691 Omissa
2158 5635 2405 5706 sequenti
2439 5650 2568 5706 voce
2595 5632 2835 5706 κληδόσι.
2862 5634 2934 5687 ID.

2001 5706 2075 5774 44)
2113 5701 2438 5771 Καίκύνας
2466 5705 2550 5773 εἰς
2583 5701 2983 5773 διάὰπισμὸν,
3022 5701 3247 5770 ἐχθρῶν
3284 5702 3377 5758 καὶ
3406 5701 3499 5771 φί-
