4002 6308
459 306 598 363 1085

1495 272 1964 337 TESTAMENTA
1996 269 2093 325 XII
2126 257 2741 324 PATRIABCHARUM.

3590 241 3731 300 {086

456 417 825 483 Perditionem
856 419 912 468 et
952 410 1131 465 tabem
1159 404 1448 462 oculorum
1475 438 1493 466 ,
1536 407 1836 469 puerorum
1883 388 2034 447 occi-
2064 426 2075 448 ε

2185 380 2437 453 ςρθαλμῶν
2457 419 2471 443 ,
2500 376 2711 447 νηπίων
2744 370 3023 445 ἀναίρεσιν
3042 410 3057 436 ,
3094 370 3188 424 xal
3223 366 3467 440 συμϐίων
3497 364 3730 434 ἀφαίρε-

461 516 699 578 sionem,
732 518 787 564 et
812 518 1048 561 uxorum
1094 498 1448 561 ablationem,
1485 489 1898 563 possessionum
1946 498 2039 539 ra—

461 609 646 679 pinam
665 577 691 671 ,
729 610 890 656 terrae
916 594 1330 657 desolationem,
1359 584 1547 656 templi
1578 582 1673 637 Dei
1705 577 2038 640 incendium,

465 668 636 755 vestri
667 668 929 767 ipsorum
978 687 1297 743 servitutem
1328 682 1381 735 in
1412 677 1699 750 gentibus;
1750 681 1805 726 et
1830 668 2045 725 exscin-

463 794 595 849 dent
619 806 649 844 e
676 788 833 844 vobis
861 781 1150 839 eunuchos
1181 775 1449 831 uxoribus
1475 770 1593 827 suis
1611 809 1627 833 ,
1656 768 1831 822 donec
1862 774 2046 817 rever-

464 883 659 941 tamini
697 881 764 935 ad
800 876 1094 932 Dominum
1125 872 1182 926 in
1210 870 1427 938 integro
1451 862 1647 927 corde,
1683 857 2044 931 pmnitentes,

466 982 523 1029 et
553 972 903 1027 ambulantes
937 967 995 1021 in
1028 962 1286 1019 omnibus
1312 953 1591 1012 mandatis
1630 950 1746 1016 Dei,
1786 957 1839 1002 et
1869 945 2049 1000 visitet

466 1077 570 1120 vos
603 1060 867 1116 Dominus
897 1056 953 1110 in
984 1048 1384 1114 misericordia,
1414 1054 1469 1100 et
1497 1044 1725 1099 reducat
1760 1055 1791 1094 a
1820 1034 2051 1107 captivi-

471 1166 581 1211 tate
617 1153 963 1212 inimicorum
999 1156 1333 1201 vestrorum.

547 1244 738 1300 XXIV.
786 1262 805 1296 ι
834 1242 899 1296 Et
946 1250 1072 1311 post
1115 1238 1232 1292 haec
1275 1236 1486 1289 orietur
1534 1228 1691 1284 vobis
1735 1235 1943 1279 astrum
1983 1236 2051 1275 ex

2142 452 2226 530 σιν
2246 515 2261 539 ,
2311 452 2662 545 ὑπαρχόντων
2696 465 2953 539 ἁρπαγὴν
2981 464 3091 535 (5),
3126 463 3231 533 γῆς
3263 461 3568 534 ἐρήμωσιν,
3602 452 3734 508 ναοῦ

2142 566 2277 623 Θεοῦ
2310 560 2677 637 ὲμπυρισμδν,
2720 558 2875 629 ὑμῶν
2912 554 3091 610 αὐτῶν
3134 552 3379 608 δουλείαν
3418 551 3499 602 ὲν
3522 546 3731 599 ἔθνεσι·

2149 661 2242 719 καὶ
2275 635 2599 728 ἐκτεμοῦσιν
2634 652 2695 717 ἐξ
2726 651 2881 721 ὑμῶν
2917 648 2997 711 είς
3024 644 3309 715 εὐνούχους
3332 642 3459 703 ταῖς
3488 635 3738 707 γυναιξὶν

2148 755 2352 819 αὐτῶν,
2386 754 2492 816 ἕως
2536 750 2602 804 ἂν
2643 744 3012 817 ὲπιστρέιιιιητε
3059 742 3195 813 πρὸς
3228 738 3433 809 Κύριον
3467 736 3528 786 ἐν
3558 732 3745 802 τελεία

2152 846 2373 921 καρδία,
2413 839 2872 915 μεταμελούμενοι
2891 876 2907 901 ,
2942 836 3038 889 καὶ
3070 832 3428 903 πορευόμενοι
3454 829 3515 880 ὲν
3541 826 3741 886 πάσαις

2147 916 2274 1005 ταίς
2296 916 2537 999 ἐντολαῖς
2559 933 2653 987 τοῦ
2678 930 2836 994 Θεοῦ,
2864 929 2959 983 καὶ
2982 925 3344 997 ὲπισκέψηται
3367 922 3516 991 ὑμᾶς
3539 916 3744 988 Κύριος

2150 1034 2209 1087 ὲν
2241 1030 2402 1095 ἐλέει,
2438 1029 2533 1082 καὶ
2563 1022 2823 1096 ἀναγάπῃ
2847 1020 2920 1093 (6)
2958 1018 3066 1074 ἀπὸ
3097 1016 3196 1087 τῆς
3225 1009 3609 1085 αἰχμαλωσίας
3638 1006 3751 1061 τῶν

2151 1124 2363 1196 ἐχθρῶν
2397 1120 2569 1191 ὑμῶν.

2224 1194 2350 1270 ΚΔ’.
2398 1234 2415 1266 ι
2456 1215 2566 1267 Kal
2602 1209 2740 1284 μετά
2781 1208 2952 1262 ταῦτα
2987 1202 3236 1263 ἀνατελεῖ
3276 1202 3406 1270 ὑμῖν
3452 1198 3661 1266 ἄστρον
3695 1194 3751 1259 ἐξ

547 1288 738 1300 .-.-...
789 1288 899 1296 -_-
947 1288 1070 1311 τ---
1284 1288 1296 1289 ,
1346 1288 1353 1289 ,

471 1339 643 1395 Jaeob
670 1338 722 1391 in
754 1349 888 1405 pace
912 1374 926 1398 ,
974 1341 1028 1387 et
1070 1338 1331 1399 exsurget
1358 1328 1525 1381 homo
1570 1338 1634 1376 ex
1663 1319 1871 1375 semine
1905 1331 2050 1379 meo,

2185 1308 2362 1364 Ιακὼϐ
2390 1310 2447 1361 ἐν
2482 1307 2696 1378 εἰρήνῃ,
2730 1304 2825 1363 καὶ
2856 1299 3217 1369 ἀναστήσεται
3249 1293 3540 1365 ἄνθρωπος
3566 1291 3636 1341 ὲκ
3660 1288 3752 1341 τοῦ

475 1384 639 1395 --ννυ
756 1384 885 1405 τ-νη
914 1384 926 1398 .
982 1384 1024 1387 η
1088 1384 1091 1385 ν
1243 1384 1271 1399 υ

475 1441 536 1483 ut
576 1424 935 1495 soliustitire,
982 1420 1273 1475 ambulans
1312 1431 1436 1471 cum
1487 1413 1614 1468 ﬁliis
1660 1408 1944 1464 hominum
1998 1405 2055 1459 in

2185 1401 2472 1475 ῖπέρματός
2510 1417 2631 1472 μου,
2667 1398 2741 1461 ὡς
2766 1397 2794 1448 6
2821 1395 2971 1465 ἥλιος
3002 1389 3364 1458 δικαιοσύνης,
3405 1384 3754 1456 συμπορευό-

478 1474 536 1483 ..-
576 1474 935 1495 ---,_---__--,
988 1474 1011 1475 κν

473 1519 897 1577 mansuetudine
928 1524 981 1570 et
1008 1514 1219 1585 justitia
1241 1552 1256 1577 ,
1291 1520 1344 1566 et
1372 1508 1671 1579 quidquam
1705 1500 1914 1573 peccati
1946 1516 2055 1555 non

2185 1474 2322 1556 ιενος
2347 1495 2461 1555 τοῖς
2490 1492 2624 1554 υἱοῖς
2654 1487 2765 1541 τῶν
2807 1484 3111 1556 ἀνθρώπων
3148 1484 3205 1535 ὲν
3240 1479 3511 1551 πραότητι
3547 1477 3645 1528 καὶ
3677 1474 3755 1527 δι-

475 1565 896 1577 ·“““··”“ν“------
935 1565 980 1570 ν·
1008 1565 1186 1585 ὒ“““’“⁷“
1243 1565 1255 1577 ι
1305 1565 1309 1566 ν
1390 1565 1404 1579 .
1526 1565 1540 1578 .
1705 1565 1721 1573 -

475 1614 783 1669 invenietur
822 1625 881 1663 in
907 1622 994 1663 eo.
1029 1605 1095 1660 Et
1124 1603 1439 1674 aperientur
1479 1613 1643 1668 super
1686 1596 1867 1667 ipsum
1895 1591 2018 1648 caeli
2039 1628 2066 1659 ,,

2185 1583 2455 1656 ιαιοσύνῃ,
2504 1582 2598 1634 καὶ
2651 1581 2799 1633 πᾶσα
2848 1575 3091 1648 ἁμαρτία
3138 1574 3236 1643 οὐχ
3282 1568 3651 1640 εὑρεθήσεται
3701 1565 3758 1616 ὲν

476 1661 983 1761 vellu'ndendum
1039 1661 1347 1766 Spiritum,
1395 1661 1830 1746 benedictionem
1882 1684 2060 1740 Patris

2185 1679 2331 1750 ιύτῷ.
2361 1678 2474 1732 Kal
2506 1676 2881 1745 ἀνοιγήσονται
2908 1671 2996 1723 ἐπ’
3020 1666 3179 1721 αὑτὸν
3206 1668 3254 1719 οἱ
3277 1664 3501 1735 οὐρανοὶ
3519 1703 3537 1727 ,
3563 1661 3757 1729 ἐκχέαι

478 1795 654 1853 sancti
684 1812 698 1848 :
723 1801 778 1847 et
810 1792 924 1859 ipse
950 1753 1193 1845 eﬂ'undet
1222 1785 1478 1856 spiritum
1513 1781 1699 1851 gratiae
1731 1794 1894 1849 super
1922 1792 2054 1842 vos,

2185 1770 2407 1842 Ινεῦμα,
2438 1767 2687 1835 εὐλογίαν
2721 1763 2933 1834 Πατρὸς
2979 1760 3164 1829 ἀγίουσ
3216 1758 3313 1811 καὶ
3360 1756 3527 1818 αὐτὸς
3576 1753 3761 1822 ἐκχεεί

477 1896 533 1942 et
559 1887 712 1941 eritis
742 1885 791 1939 ei
826 1882 921 1937 lilii
949 1882 1003 1935 in
1030 1847 1299 1943 veritate,
1346 1889 1403 1931 et
1446 1847 1812 1929 anibulabitisi
1830 1870 1886 1924 in
1917 1884 2058 1939 praa-

2185 1865 2378 1935 τνεῦμα
2405 1863 2623 1934 χάριτος
2648 1860 2733 1929 ἐφ’
2767 1859 2932 1929 ὑμᾶς,
2967 1855 3060 1906 καὶ
3090 1851 3277 1905 ἔσεσθε
3313 1847 3461 1918 αὐτῷ
3492 1849 3580 1910 είς
3608 1847 3759 1906 υἱοὺς

480 1979 659 2048 captis
685 1976 833 2031 illius
860 1973 1053 2045 primis
1080 1980 1133 2026 et
1163 1969 1390 2025 ultimis.
1440 1965 1540 2021 llic
1577 1975 1661 2020 est
1708 1978 1926 2035 germen
1964 1960 2062 2016 Dei

2185 1976 2222 2015 ;v
2249 1934 2475 2026 ἀληθείᾳ
2497 1992 2511 2017 ,
2546 1953 2639 2005 καὶ
2678 1946 3010 2021 πορεύσεσθε
3044 1947 3102 1997 ὲν
3147 1942 3535 2015 προστάγματι
3591 1934 3757 1990 αὑτοῦ

483 2027 656 2048 νντ-ντ
687 2027 718 2030 --
748 2027 828 2031 -η-
862 2027 884 2045 τ
1709 2027 1736 2035 -

478 2067 756 2127 Altissimi
780 2110 794 2132 ,
844 2075 899 2121 et
942 2065 1035 2119 hic
1070 2072 1157 2118 est
1191 2062 1317 2116 lons
1348 2061 1401 2115 in
1432 2060 1599 2113 vitam
1646 2056 1827 2112 omnis
1855 2054 2059 2109 carnis.

2185 2044 2401 2119 τρώτοις
2428 2043 2520 2096 καὶ
2546 2042 2792 2111 ἐσχάτοις
2946 2030 3113 2098 Οὗτος
3136 2035 3165 2086 6
3189 2033 3415 2104 βλαστὸς
3449 2028 3593 2083 Θεοῦ
3634 2027 3759 2099 ὑψί-

483 2162 639 2219 Tune
671 2159 966 2231 reiulgebit
1002 2164 1279 2225 sceptrum
1329 2153 1481 2225 regni
1532 2152 1662 2214 mei,
1704 2158 1756 2204 et
1806 2164 1837 2203 a
1880 2146 2065 2202 radice

2185 2118 2315 2198 nou,
2342 2136 2434 2187 καὶ
2459 2132 2599 2203 αὕτη
2627 2132 2661 2203 ἡ
2692 2130 2842 2202 πηγὴ
2875 2130 2955 2192 είς
2982 2127 3126 2199 ζωὴν
3160 2126 3340 2196 πάσης
3369 2123 3601 2196 σαρκός.
3625 2118 3760 2173 Τότε

481 2261 665 2308 vestra
698 2257 955 2308 nascetur
994 2259 1270 2317 propago;
1322 2251 1377 2300 et
1420 2243 1476 2296 in
1516 2256 1583 2296 eo
1626 2238 1884 2296 ascendet
1909 2237 2073 2308 virga

2185 2228 2473 2299 ιναλάμψει
2497 2227 2571 2297 (8)
2603 2225 2879 2294 σκῆπτρον
2922 2219 3195 2291 βασιλείας
3231 2235 3353 2288 μου,
3383 2216 3480 2270 καὶ
3506 2214 3622 2268 ἀπὸ
3662 2214 3761 2282 τῆς

480 2344 711 2415 institue
736 2309 1026 2413 gentibus,
1068 2309 1129 2394 ιιί
1148 2309 1359 2408 iudicet
1380 2343 1435 2391 et
1472 2334 1641 2389 salvet
1679 2346 1870 2388 omnes
1903 2330 2064 2387 invo-

2185 2323 2325 2401 ῥίζης
2343 2320 2799 2393 ὑμῶντγενήσεται,
2818 2314 2923 2369 πυθ
2932 2316 3056 2386 μήν’
3076 2313 3167 2367 καὶ
3181 2315 3237 2365 ἐν
3254 2310 3403 2380 αύτῴ
3419 2309 3764 2380 ἀναϐήσεται

483 2444 675 2492 cantes
702 2431 1019 2487 Dominum.

556 2612 730 2668 XXV.
778 2631 795 2663 ι
825 2611 893 2666 Et
921 2622 1043 2680 post
1070 2610 1186 2666 haec
1210 2619 1460 2679 resurget
1485 2608 1786 2671 Abraham,
1817 2617 1871 2661 et
1894 2604 2067 2672 Isaae,

486 2715 542 2759 et
565 2703 736 2759 Jacob
763 2703 815 2757 in
849 2704 1049 2769 vitam;
1082 2710 1137 2757 et
1173 2717 1295 2772 ego,
1323 2711 1378 2757 et
1406 2699 1605 2755 fratres
1635 2700 1740 2753 mei
1770 2698 2065 2767 principes.

487 2804 764 2865 sceptrum
792 2803 1036 2849 vestrum
1080 2794 1134 2847 in
1176 2791 1347 2847 Israel
1385 2791 1617 2845 erimus.
1663 2788 1792 2847 Levi
1834 2788 2067 2856 primus,

488 2886 764 2942 secundus
800 2900 923 2955 ego,
966 2883 1160 2938 tertius
1196 2880 1435 2951 Joseph,
1487 2886 1718 2950 quartus
1761 2875 2068 2945 Beniamin,

488 2979 716 3048 quintus
761 2975 1017 3042 Simeon,
1055 2985 1245 3030 sextus
1286 2972 1532 3037 lsachar,
1585 2980 1641 3025 et
1691 2969 1765 3023 ita
1816 2968 2071 3037 deinceps

2171 2400 2366 2490 ῥάϐδος
2398 2411 2748 2481 δικαιοσύνης
2791 2411 2906 2472 τοῖς
2954 2406 3167 2473 ἔθνεσι,
3214 2406 3399 2475 κρῖναι
3444 2402 3544 2456 καὶ
3590 2400 3763 2455 σῶσαι

2169 2510 2379 2572 πάντας
2403 2507 2531 2569 τοὺς
2560 2501 3024 2572 ἐπικαλουμένους
3050 2497 3272 2569 Κύριον.

2184 2692 2391 2755 Ἰσαὰκ,
2417 2692 2509 2744 καὶ
2546 2686 2762 2751 Ἰακὼϐ,
2794 2687 2875 2748 είς
2899 2684 3043 2754 ζωήν
3067 2700 3080 2713 ·
3117 2681 3213 2734 κα)⁸
3245 2678 3376 2746 ἐγὼ,
3410 2681 3505 2733 καὶ
3528 2680 3583 2731 oi.
3615 2677 3765 2732 ἁδελ-

2174 2786 2263 2858 φοί
2297 2803 2396 2857 μου
2426 2782 2665 2855 ἐξαρχοι,
2701 2780 2976 2851 σκῆπτρον
3003 2776 3161 2849 ήμῶν
3188 2775 3260 2846 (9)
3294 2776 3355 2835 ἐν
3394 2771 3624 2844 Ἰσραὴλ
3644 2768 3764 2823 ἐσό-

2177 2879 2333 2952 μεθα.
2380 2874 2513 2930 Λευῒ
2557 2872 2799 2946 πρῶτος,
2828 2872 3079 2941 δεύτερος
3113 2867 3255 2937 ἐγὼ,
3291 2868 3475 2937 τρίτος
3525 2865 3763 2935 Ἰωσὴφ.

2171 2974 2431 3045 τέταρτος
2455 2970 2733 3040 Βενιαμὶν,
2774 2968 3023 3039 πέμπτος
3045 2964 3290 3036 Συμεὼν,
3326 2964 3486 3027 ἕκτος
3519 2960 3762 3031 Ἰσαχὰρ,

489 3084 703 3124 omnes.
744 3068 811 3123 Et
849 3067 1115 3122 Dominus
1142 3065 1425 3121 benedixit
1464 3062 1624 3128 Levi;
1656 3060 1887 3130 angelus
1912 3058 2071 3114 faciei

2185 3068 2270 3122 καὶ
2291 3065 2461 3130 οὓτως
2488 3058 2725 3133 καθεξῆς
2758 3062 2978 3125 πάντες.
3010 3058 3120 3114 Kal
3144 3058 3347 3130 Κύριος
3374 3056 3643 3126 εύλόγησε
3676 3054 3766 3107 τὸν

490 3177 614 3227 me;
644 3162 877 3216 virtutes
902 3161 1089 3228 gloria:
1130 3157 1391 3223 Simeon;
1428 3155 1629 3209 etclqu
1672 3152 1903 3217 Ruben;
1955 3151 2073 3205 Isa-

491 3255 628 3310 ehar
653 3263 830 3319 terra;
869 3269 1022 3307 mare
1048 3251 1328 3311 Zabulon;
1369 3256 1585 3303 montes
1609 3244 1810 3314 Joseph
1833 3262 1865 3310 ;,
1894 3242 2076 3298 taber-

493 3346 753 3403 naculum
810 3344 1130 3414 Benjamin;
1184 3340 1477 3397 luminaria
1526 3337 1673 3403 Dan;
1721 3336 1931 3392 deliciae
1973 3333 2079 3389 Ne-

493 3439 803 3509 pbthalim;
833 3439 913 3493 sol
941 3438 1087 3505 Gad;
1116 3436 1259 3491 oliva
1290 3434 1428 3489 Aser
1455 3450 1469 3487 :
1494 3441 1549 3487 et
1565 3431 1667 3486 erit
1685 3445 1829 3487 unus
1845 3428 2079 3501 populus

501 3529 740 3591 Domini.
777 3539 832 3585 et
861 3529 1047 3600 lingua
1074 3544 1212 3594 una;
1243 3536 1297 3581 et
1322 3540 1430 3580 non
1463 3525 1566 3579 erit
1592 3522 1829 3592 amplius
1854 3519 2082 3591 spiritus

498 3624 706 3679 erroris
732 3621 933 3686 Beliar,
964 3621 1226 3691 quoniam
1256 3619 1501 3672 mittetur
1526 3616 1579 3669 in
1615 3616 1795 3685 ignem
1825 3615 1881 3668 in
1908 3628 2081 3669 saecu-

498 3718 636 3773 lum.
691 3715 758 3771 Et
800 3715 892 3785 qui
925 3716 979 3769 in
1021 3712 1242 3768 tristitia
1278 3710 1478 3766 mortui
1514 3718 1675 3771 sunt,
1709 3718 1995 3777 resurgent
2024 3706 2082 3760 in

501 3811 736 3884 gaudio;
767 3819 821 3863 et
853 3809 945 3877 qui
975 3808 1027 3861 iu
1052 3814 1371 3877 paupertate
1396 3810 1619 3874 propter
1651 3798 1962 3861 Dominum,
1992 3798 2080 3853 di-

505 3904 798 3967 labuntur;
829 3913 884 3956 et
908 3902 1001 3970 qui
1028 3900 1082 3952 in
1112 3896 1316 3967 inopia,
1355 3894 1779 3957 saturabuntur;
1815 3899 1871 3945 et
1897 3888 1991 3959 qui
2026 3887 2080 3941 in

502 3996 839 4061 inﬁrmitate,
878 3991 1353 4056 fortitlcabuntur;
1400 3996 1454 4043 et
1498 3986 1592 4057 qui
1635 3992 1853 4055 propter
1898 3979 2081 4036 Domi-

504 4104 637 4142 num
676 4086 878 4141 mortui
908 4093 1056 4149 sunt,
1089 4081 1425 4153 evigilabunt
1457 4080 1509 4132 in
1542 4078 1677 4131 vita.
1707 4074 1773 4133 Et
1803 4074 1948 4128 cervi
1990 4071 2083 4126 Ja-

504 4180 610 4235 cob
640 4190 865 4235 current
893 4178 945 4231 in
972 4175 1343 4232 exsultatione
1363 4214 1377 4237 ,
1408 4180 1464 4227 et
1490 4171 1687 4240 aquila:
1724 4167 1892 4223 lsrael
1927 4167 2081 4220 vola-

501 4275 641 4330 bunt
666 4275 719 4328 in
760 4272 993 4344 gaudio;
1019 4268 1173 4339 impii
1198 4281 1328 4323 vero
1353 4264 1741 4327 tristabuntur,
1786 4270 1842 4315 et
1882 4274 2083 4332 pecea-

506 4378 653 4423 tores
675 4366 965 4437 lugebunt,
993 4372 1048 4419 et
1072 4377 1265 4418 omnes
1291 4344 1477 4431 populi
1500 4355 1886 4428 gloriﬁcabunt
1906 4352 2085 4408 Domi-

506 4475 518 4510 ι
548 4473 637 4511 um
664 4456 719 4510 in
743 4456 960 4511 saecula.

454 4722 502 4767 τῖ’
582 4734 777 4793 XXVI.
828 4754 845 4786 ι
880 4733 1158 4788 Custodite
1184 4732 1368 4803 igitur,
1396 4730 1491 4785 ﬁlii
1520 4730 1648 4794 mei,
1674 4745 1891 4785 omnem
1916 4729 2090 4800 legem

512 4830 767 4894 Domini,
824 4827 1082 4897 quoniam
1135 4841 1260 4894 spes
1304 4832 1388 4878 est
1432 4824 1690 4879 omnibus
1731 4824 2092 4893 dirigentibus

514 4930 659 4980 viam
689 4922 830 4992 ejus.
865 4939 883 4970 ι
912 4917 977 4972 Ει
998 4916 1133 4971 dixit
1157 4917 1237 4970 eis
1265 4934 1277 4970 :
1313 4934 1329 4966 ι
1351 4915 1582 4970 Centum
1608 4920 1792 4971 decem
1818 4926 1872 4971 et
1896 4932 2092 4971 novem

512 5031 785 5078 annorum
814 5029 914 5083 ego
948 5010 1152 5063 morior
1187 5008 1345 5062 hodie
1372 5006 1426 5061 in
1469 5009 1644 5062 oculis
1678 5010 1895 5064 vestris.
1927 5008 2097 5064 Nemo

516 5128 606 5169 me
633 5109 858 5181 sepeliat
903 5105 957 5158 in
1003 5102 1244 5174 pretiosa
1288 5109 1458 5165 veste,
1502 5102 1588 5156 vel
1617 5111 1865 5157 ventrem
1913 5117 2097 5157 meum

520 5275 646 5325 λων
676 5265 1078 5335 ὀνειδισμοὺς,
1104 5257 1409 5335 ἀπώλειαν
1438 5259 1557 5335 καί.
1584 5257 1788 5335 Desunt
1814 5260 2021 5335 omnia,
2048 5269 2102 5313 et

522 5344 645 5396 loco
677 5326 955 5411 sequentis
987 5326 1139 5391 vocis
1166 5326 1533 5404 σφακελισμόν
1558 5330 1737 5402 posita
1762 5347 1869 5385 vox
1898 5330 2097 5401 λήμην.

524 5414 695 5469 ϐιυιιι.

598 5483 675 5548 (5)
727 5478 1150 5548 ’Υπαρχόντων
1182 5474 1477 5548 ἁρπαγήν.
1514 5474 1740 5548 Desunt.
1770 5471 1845 5548 In.

600 5486 654 5547 (5
727 5486 1150 5548 ’Υπαρχόντων
1182 5486 1477 5548 ἁρπαγὴν.
1516 5486 1740 5529 Desunt.
1770 5486 1845 5527 ID.

600 5486 677 5623 (δὲ
728 5549 1039 5619 Ἁναγάπῃ.
1076 5550 1373 5621 Ἀναγάγῃ,
1400 5564 1522 5623 qua:
1543 5544 1702 5601 lectio
1726 5545 1897 5623 multo
1916 5544 2105 5623 melior

531 5616 875 5703 esta'alterau'
892 5635 1116 5703 prorsus
1162 5616 1379 5676 vitiosa.
1422 5616 1635 5703 Neque,
1662 5616 1823 5703 enim.
1849 5616 2106 5703 ἀναγάπῃ

536 5685 750 5761 uspiam
779 5685 906 5745 alibi
939 5692 1163 5757 legitur;
1214 5707 1313 5746 nec
1351 5685 1587 5759 sequens
1612 5685 1723 5761 ἀπό
1758 5687 1827 5743 ad
1866 5685 2104 5760 aliquam

535 5758 723 5819 vocem
748 5762 1136 5834 praecedentem
1168 5761 1358 5817 referri
1392 5758 1586 5831 petest.
1616 5758 1691 5814 lo.

2178 3158 2307 3213 Λευῖ
2326 3174 2339 3188 ·
2375 3158 2403 3210 6
2428 3155 2658 3225 ἄγγελος
2681 3152 2776 3207 τοῦ
2810 3150 3101 3224 προσώπου
3129 3148 3229 3221 ὲμέ
3250 3166 3263 3179 ·
3294 3149 3349 3201 αἱ
3378 3147 3647 3217 δυνάμεις
3670 3146 3769 3215 τῆς

2177 3250 2333 3319 δόξης
2375 3247 2467 3302 τὸν
2517 3245 2774 3318 Συμεών⁸
2823 3246 2853 3297 6
2903 3242 3129 3316 οὐρανὸς
3180 3241 3271 3295 τὸν
3332 3239 3617 3309 Ῥουῦήμ·
3673 3237 3771 3291 τὸν

2191 3341 2410 3414 ’ἰσαχάρ
2444 3343 2477 3415 ἡ
2511 3340 2585 3412 γῆ
2604 3358 2617 3372 ο
2643 3344 2678 3412 ή
2705 3339 2946 3394 Θάλασσα
2969 3336 3061 3389 τὸν
3095 3334 3378 3392 Ζαϐουλὼν
3397 3350 3411 3364 δ
3446 3333 3515 3387 τὰ
3551 3336 3655 3405 ὄρη
3675 3332 3773 3386 τὸν

2192 3434 2420 3506 Ἰωσήφ·
2467 3435 2501 3504 ή
2549 3431 2722 3502 σκηνὴ
2769 3430 2861 3483 τὸν
2906 3427 3197 3498 Βενιαμίν·
3248 3428 3297 3478 οἱ
3350 3424 3641 3496 φωστῆρες
3680 3422 3775 3477 τὸν

2180 3528 2319 3582 Δάν·
2370 3528 2403 3598 ή
2450 3523 2629 3597 τρυφὴ
2672 3524 2762 3577 τὸν
2814 3520 3166 3591 Νεφθαλείμο
3215 3521 3245 3573 6
3288 3518 3451 3588 ἣλιος
3489 3516 3585 3569 τὸν
3628 3515 3770 3569 Γάδ-

2182 3616 2336 3673 ὲλαία
2381 3615 2472 3669 τὸν
2530 3615 2726 3685 Ἀσήρ·
2777 3612 2872 3665 καὶ
2916 3610 3070 3664 ἔσται
3112 3603 3194 3673 εἷς
3235 3609 3363 3672 λαὸς
3408 3607 3643 3679 κυρίου,
3678 3605 3776 3659 καὶ

2183 3707 2405 3776 γλῶσσα
2432 3707 2560 3777 μίαο
2604 3705 2700 3758 καὶ
2739 3704 2841 3757 οὐκ
2885 3702 3036 3756 ἔσται
3074 3702 3157 3755 ἔτι
3182 3700 3403 3772 πνεῦμα
3430 3698 3647 3769 πλάνης
3676 3698 3775 3751 τοῦ

2184 3800 2404 3873 Βελιάρ,
2428 3800 2509 3853 ὅτι
2537 3797 2939 3869 ὲμὸληθήσεται
2971 3797 3031 3850 ὲν
3052 3796 3132 3865 τῷ
3159 3796 3295 3866 πυρὶ
3330 3796 3413 3859 είς
3440 3794 3533 3847 τὸν
3575 3791 3772 3847 αίῶνα.

2186 3893 2297 3947 Kal
2315 3894 2362 3945 οἱ
2385 3893 2442 3945 ὲν
2463 3890 2608 3963 λύπῃ
2642 3889 3076 3960 τελευτήσαντεςε
3096 3887 3489 3957 ἀναστήσονται
3512 3886 3574 3939 ὲν
3606 3884 3774 3956 χαρᾷ,

2188 3985 2284 4037 καὶ
2316 3984 2365 4036 οί
2399 3984 2457 4036 ὲν
2491 3979 2735 4051 πτωχεία
2764 3979 2855 4033 διά
2884 3981 3109 4052 Κύριον,
3146 3976 3657 4049 πλουτισθήσονται,
3680 3977 3776 4029 καὶ

2187 4077 2236 4129 οἱ
2271 4076 2329 4127 ὲν
2363 4073 2560 4145 πενίᾳ,
2604 4072 3099 4145 χορτασθήσονται,
3148 4070 3241 4123 καὶ
3282 4070 3331 4123 οί
3378 4069 3435 4123 ὲν
3482 4065 3772 4137 ἀσθενείᾳ,

2192 4168 2503 4240 ίσχύσουσι,
2557 4167 2653 4220 καὶ
2699 4169 2748 4221 οί
2793 4165 2881 4221 διά
2913 4164 3116 4236 Κύριον
3147 4162 3511 4227 ἀποθανόντες
3554 4162 3779 4228 ὲξυπνι⁸

2192 4261 2479 4332 σθήσονται
2511 4261 2570 4313 ὲν
2602 4259 2737 4330 ζωῇ.
2772 4259 2881 4316 Kal
2906 4260 2955 4311 οἱ
2982 4258 3171 4326 ἔλαφοι
3217 4254 3410 4309 Ἰακὼὸ
3440 4253 3776 4326 δραμοῦνται

2191 4354 2248 4407 ὲν
2282 4350 2621 4421 ἀγαλλιάσει,
2658 4350 2753 4404 καὶ
2803 4350 2852 4402 οἱ
2898 4349 3047 4402 ἀετοὶ
3088 4347 3304 4419 Ἰσραὴλ
3347 4346 3780 4417 πετασθήσοπαι

2116 4433 2168 4491 D
2195 4442 2252 4493 ὲν
2284 4440 2463 4511 χαρᾷο
2498 4440 2549 4491 οἱ
2579 4438 2636 4491 δὲ
2670 4436 2885 4501 ἀσεϐεῖς
2919 4436 3245 4508 πενθήσουσι
3267 4479 3282 4503 ,
3333 4436 3429 4489 καὶ
3459 4436 3782 4507 ἁμαρτωλοὶ

2192 4532 2541 4597 κλαύσονται,
2579 4531 2674 4590 καὶ
2708 4531 2907 4595 πάντες
2940 4531 2989 4583 οἱ
3014 4529 3133 4583 λαοὶ
3157 4529 3437 4593 δοξάσουσι
3466 4530 3677 4601 Κύριον
3699 4532 3783 4593 είς

2193 4625 2417 4690 αἰῶνας.

2266 4721 2411 4787 ΚΕΓ.
2441 4738 2460 4771 ι
2489 4718 2766 4785 ⁴ι>υλάξατε
2794 4713 2907 4783 οὖν,
2930 4717 3096 4771 τέκνα
3131 4734 3253 4789 μου,
3288 4718 3464 4775 πάντα
3496 4717 3590 4771 τὸν
3620 4719 3782 4788 νόμον

2194 4816 2422 4888 Κυρίου,
2458 4816 2540 4868 ὅτι
2573 4813 2728 4876 ἐλπίς
2762 4815 2908 4865 ἐστιν
2942 4814 3075 4865 πᾶσι
3107 4814 3217 4874 τοῖς
3251 4809 3643 4863 κατευθύνουσι
3685 4808 3780 4880 τὴν

2197 4908 2315 4962 ὁδὸν
2337 4904 2523 4960 αὐτοῦ.
2554 4925 2573 4958 ι
2603 4904 2715 4958 Kal
2734 4900 2887 4959 εἶπεν
2909 4902 3047 4975 πρὸς
3072 4901 3283 4966 αὐτούς’
3319 4920 3338 4952 ‹
3365 4900 3467 4970 ριθ¹
3484 4900 3625 4954 ὲτῶν
3650 4904 3781 4955 ἀπο-

2200 5001 2418 5071 θνήσκω
2450 4997 2561 5067 ἐγὼ
2596 4999 2833 5069 σήμερον
2865 4998 2923 5050 ἐν
2955 4995 3252 5067 ὀφθαλμοῖς
3276 4996 3451 5066 ὑμῶν.
3479 4996 3689 5067 Μηδείς
3712 5012 3778 5066 με

2201 5091 2503 5167 ὲνταφιάσῃ
2536 5089 2819 5144 πολυτελεῖ
2850 5090 3073 5161 ἐσθῆτι,
3129 5088 3164 5161 ἢ
3198 5088 3497 5161 ἀναρρήξω
3532 5088 3631 5159 τὴν
3664 5105 3777 5142 κοι-

2275 5253 2352 5325 (7)
2411 5252 2523 5307 Καὶ
2565 5254 2973 5325 Απορεύσεσθς
3009 5251 3078 5304 ἐν
3131 5247 3537 5325 προσξάγματι
3564 5246 3777 5325 ,αἰίτσῦ

2204 5316 2453 5396 πρώτοις
2482 5323 2579 5378 καὶ
2610 5316 3152 5396 ὲὰχάτοιςεῦεευῃι
3191 5320 3245 5372 in
3270 5316 3599 5396 _Oxo_niensi.
3644 5316 3780 5396 Puto

2204 5387 2334 5452 vero
2359 5387 2457 5465 pro
2480 5387 2885 5467 προστάῖξματι,
2918 5392 3199 5467 legendum
3231 5389 3514 5467 plu_raliter
3546 5387 3777 5459 προστά-

2205 5459 2400 5539 γμασι,
2432 5477 2490 5539 ut
2515 5459 2793 5539 sequentia
2820 5459 2993 5519 verba
3006 5463 3271 5539 indicant.
3313 5459 3387 5511 In.

2281 5539 2355 5611 (8)
2388 5527 2980 5611 ’Τότεηᾷναλάμψειλ
2998 5532 3215 5611 Omissa
3260 5529 3443 5584 omnia
3495 5543 3669 5611 usque
3711 5527 3777 5579 ad.

2207 5600 2488 5675 δοξάσουσι
2533 5607 2735 5679 Κύριον
2774 5600 2853 5669 εἰς
2886 5604 3111 5679 αἰῶνας,
3146 5605 3260 5659 sive
3294 5616 3465 5669 usque
3502 5601 3572 5654 ad
3616 5600 3777 5653 ﬁnem

2210 5682 2487 5740 seuuentis
2516 5677 2859 5748 paragraphi.
2887 5677 2961 5732 In.

2282 5751 2357 5824 (9)
2410 5745 2621 5822 ἰΙμῶν.
2652 5745 2806 5821 Lego
2830 5749 3009 5820 potius
3038 5745 3209 5818 ὑμῶν.
3243 5745 3317 5802 lo.

2420 2617 2437 2648 ι
2470 2566 2579 2651 Kal
2606 2594 2742 2666 μετά
2765 2566 2939 2645 ταῦτα
2962 2566 3323 2659 ἀναστήσεται
3360 2584 3643 2657 Ἀϐραὰμ,
3673 2584 3767 2636 καὶ
3862 2566 3869 2573 κ
