4002 6308
260 332 428 391 1085

1463 310 1993 376 TESTAMENTUM
2043 308 2375 367 lSACHAR.

3426 299 3567 359 1086

253 447 398 502 λίαν
442 464 571 519 μου,
606 446 688 501 δτι
712 443 885 500 ταῦτα
916 441 1170 516 μέλλουσι
1197 438 1371 494 ποιεῖν
1404 436 1455 490 οἱ
1483 431 1857 508 βασιλεύοντες

1986 426 2291 491 rescindat,
2323 423 2586 496 quoniam
2615 422 2733 480 hrec
2758 422 2957 479 facturi
2982 431 3117 483 sunt
3151 431 3458 493 regnantes.
3498 421 3565 477 Et

255 540 386 594 Kal
443 538 753 609 άναγάγετέ
811 554 878 609 με
924 537 1006 601 είς
1050 531 1279 606 Χεϐρὼν
1327 528 1445 602 μεθ’
1497 525 1671 599 ὑμῶν.
1704 543 1722 576 ι
1771 523 1883 577 Kal

252 632 463 687 ταῦτα
514 632 723 698 εἰπὼν,
772 630 1041 703 ἐκοιμήθη
1090 626 1323 690 Ἰούδας·
1373 624 1468 677 καὶ
1517 620 1784 690 ἐποίησαν
1829 617 1879 670 οί

256 726 379 778 υἱοὶ
418 722 593 779 αὐτοῦ
628 723 773 779 κατὰ
816 722 995 777 πάντα
1018 762 1033 788 ,
1068 721 1169 774 ὅσα
1206 714 1478 771 ὲντείλατο
1524 713 1708 774 αὐτοῖς
1732 748 1747 774 ,
1783 706 1879 763 καὶ

253 818 495 891 ἔθαψαν
525 817 689 873 αὐτὸν
722 818 781 871 ὲν
814 812 1043 886 Χεϐρὼν
1079 809 1218 884 μετὰ
1248 808 1359 863 τῶν
1404 804 1656 876 πατέρων
1687 798 1877 856 αὐτοῦ.

819 947 1221 1004 ΚΕΦΑΛΑΙΟΝ
1259 947 1337 999 Ε’.

530 1042 790 1112 Διαθήκη
829 1042 1094 1110 Ἶσαχὰρ,
1127 1037 1261 1107 περὶ
1292 1036 1649 1102 ἁπλότητος.

332 1142 426 1195 A'.
500 1139 858 1209 Ἀντίγραφον
911 1134 1084 1203 λόγων
1144 1130 1383 1203 Ἰσαχάρ.
1444 1128 1696 1191 Καλέσας
1745 1125 1877 1191 τοὺς

250 1230 426 1295 υἱοὺς
463 1227 651 1291 αὑτοῦ,
688 1223 840 1281 εἶπεν
873 1224 1089 1288 αὐτοῖς’
1118 1242 1136 1275 t
1170 1222 1485 1283 Ἀκούσατε,
1510 1219 1699 1282 τέκνα,
1737 1218 1875 1271 Ἰσα-

249 1320 376 1394 χὰρ
413 1318 516 1375 τοῦ
553 1319 763 1392 πατρὸς
796 1316 983 1390 ὑμῶν,
1020 1312 1350 1369 ἐνωτίσασθε
1388 1313 1605 1384 ῥήματα
1648 1313 1871 1381 ἠγαπη-

254 1414 431 1484 μένοι
471 1412 583 1485 (10)
618 1412 723 1466 ὑπὸ
765 1411 993 1482 Κυρίου.
1034 1406 1174 1477 Ἐγὼ
1207 1406 1431 1478 ὲτέχθην
1466 1406 1716 1477 πέμπτος
1756 1405 1872 1469 υἱὸς

248 1507 340 1579 τῷ
385 1506 612 1571 Ἰακὼϐ,
647 1508 706 1560 ὲν
745 1504 921 1577 μισθῷ
946 1503 1055 1556 τῶν
1084 1501 1493 1573 μανδραγόρων.
1535 1498 1732 1554 Ἰακὼϐ
1758 1500 1868 1571 (11)

250 1599 376 1671 γὰρ
416 1600 620 1671 ἤνεγκε
660 1597 1071 1670 μανδραγόρους
1107 1594 1219 1667 (12)
1261 1594 1327 1647 ὲκ
1380 1591 1477 1646 τοῦ
1530 1590 1737 1663 ἀγροῦ,
1774 1590 1869 1643 καὶ

250 1691 749 1763 προαπαντήσασα
784 1687 987 1759 Ῥαχὴλ
1020 1686 1212 1741 ἔλαϐεν
1248 1685 1443 1750 αὐτούς
1470 1683 1604 1756 (15).
1644 1682 1865 1737 Ἔκλαιε

1984 517 2229 573 reducite
2260 531 2348 572 me
2396 515 2454 570 in
2504 512 2725 569 Bebron
2772 513 3075 569 vobiscum.
3109 532 3127 565 ι
3183 511 3398 568 Etcum
3447 512 3562 566 haec

1982 612 2257 678 dixisset,
2299 610 2635 669 obdormivit
2677 607 2884 674 ludas;
2921 616 2977 664 et
3022 607 3271 665 fecerunt
3312 606 3406 662 ﬁlii
3442 606 3562 675 ejus

1982 707 2288 763 secundum
2320 705 2504 761 omnia
2534 719 2657 775 qua:
2682 702 2963 759 mandavit
2987 703 3100 771 eis,
3146 711 3201 758 et
3229 701 3561 773 sepelierunt

1978 815 2106 858 eum
2131 800 2186 856 in
2214 798 2436 856 Hebron
2467 812 2593 853 cum
2628 796 2876 867 patribus
2909 798 3045 853 suis.

2600 931 2830 987 CAPUT
2870 931 2935 991 V.

2194 1026 2589 1083 Testamentum
2620 1024 2867 1092 lsachar,
2896 1026 2962 1080 de
2991 1026 3353 1097 simplicitate.

2048 1119 2087 1178 1.
2121 1120 2538 1189 Transcriptum
2563 1120 2854 1175 verborum
2879 1118 3119 1175 lsachar.
3144 1121 3280 1176 Cum
3305 1130 3557 1178 vocasset

1976 1214 2120 1268 lnios
2154 1226 2283 1267 suos
2306 1252 2322 1279 ,
2358 1211 2499 1265 dixit
2530 1209 2611 1264 eis
2640 1226 2654 1263 :
2691 1227 2710 1260 t
2739 1210 2935 1263 Audite
2966 1209 3062 1263 ﬁlii
3102 1210 3322 1265 lsachar
3345 1221 3553 1281 patrem

1973 1315 2217 1360 vestrum
2238 1345 2253 1366 ,
2296 1303 2524 1358 auribus
2563 1301 2825 1373 percipite
2851 1303 3016 1356 verba
3036 1301 3220 1357 dilecti
3244 1319 3273 1357 a
3302 1302 3551 1358 Domino.

1972 1398 2085 1470 Ego
2142 1414 2263 1454 sum
2316 1406 2478 1454 natus
2527 1396 2753 1467 quintus
2786 1396 2930 1451 ﬁlius
2963 1394 3163 1461 Jacoh,
3200 1397 3255 1450 in
3307 1399 3556 1454 mercede

1972 1492 2483 1564 mandragorarum.
2533 1491 2726 1545 Ruben
2760 1492 2905 1545 enim
2940 1491 3126 1545 attulit
3161 1491 3553 1561 mandragoras

1970 1601 2037 1641 ex
2072 1600 2224 1655 agro,
2270 1594 2324 1641 et
2355 1585 2695 1657 praeobvians
2735 1583 2937 1639 Rachel
2974 1584 3181 1653 accepit
3209 1599 3323 1638 eas.
3376 1583 3552 1638 Flevit

1970 1685 2152 1731 autem
2191 1673 2380 1730 Ruben
2405 1715 2420 1741 ,
2453 1683 2508 1729 et
2553 1674 2606 1728 in
2639 1689 2779 1730 voce
2812 1675 2986 1744 ipsius
3020 1674 3190 1729 exivit
3237 1673 3331 1727 Lia
3376 1684 3552 1727 mater

250 1783 315 1835 δὲ
365 1781 652 1853 Ῥουϐὴμ,
706 1782 802 1835 καὶ
853 1781 946 1834 ἐπὶ
978 1782 1045 1851 τῇ
1082 1782 1233 1851 φωνῇ
1267 1776 1433 1832 αὐτοῦ
1472 1776 1662 1849 ἐξῆλθε
1696 1774 1797 1829 Δία
1830 1778 1858 1847 ἡ

1972 1783 2109 1822 mea.
2135 1766 2510 1836 Mandragorm
2536 1775 2719 1820 autem
2745 1777 2904 1820 erant
2926 1766 3068 1820 maia
3104 1766 3398 1831 odorifera,
3430 1782 3550 1835 quae

255 1875 461 1947 μήτηρ
506 1891 629 1945 μου.
680 1873 869 1927 Ταῦτα
900 1874 958 1928 δὲ
990 1869 1130 1945 ἦσαν
1168 1872 1312 1944 μῆλα
1345 1868 1602 1941 εὐώδημα
1647 1868 1779 1940 (14),
1828 1866 1865 1922 ἃ.

253 1964 450 2018 ἐποίει
484 1968 515 2035 ἡ
548 1966 622 2036 γῆ
670 1964 849 2037 Ἀρὰμ
882 1966 940 2019 ἐν
976 1964 1100 2034 ὕψει
1136 1964 1393 2019 ὑποκάτω
1426 1962 1708 2033 φάραγγος
1736 1959 1863 2014 ὐδάη

250 2072 399 2109 ⁴κων.
430 2052 565 2109 Εἶπε
590 2055 648 2109 δὲ
692 2055 925 2127 Ῥαχήλ·
962 2074 980 2107 ι
1010 2054 1083 2108 Οὐ
1107 2053 1262 2108 δὼσω
1287 2070 1368 2107 σοι
1401 2051 1561 2116 αὐτὰ,
1597 2052 1679 2105 ὅτι
1713 2050 1863 2103 ἔσον-

251 2146 356 2200 ταί
400 2164 490 2219 μοι
524 2148 644 2201 ἀντὶ
675 2147 903 2201 τέκνων.
935 2165 954 2200 ι
991 2142 1171 2200 Ἦσαν
1196 2146 1253 2199 δὲ
1291 2145 1435 2217 μῆλα
1468 2143 1579 2198 δύο.
1609 2142 1719 2199 Kal
1743 2138 1863 2196 εἶπε

250 2238 371 2292 Δία
393 2257 409 2271 ο
438 2259 455 2292 t
481 2237 807 2293 ἰκανούσθω
842 2256 923 2293 σοι
942 2278 957 2303 ,
994 2238 1076 2292 ὅτι
1112 2237 1301 2302 ἔλαϐες
1331 2237 1425 2291 τὸν
1456 2224 1626 2308 ἄνδρα
1659 2234 1865 2307 παρθεφ

252 2332 420 2397 νείας
475 2350 611 2404 μου’
672 2332 745 2404 μὴ
792 2333 889 2387 καὶ
930 2331 1105 2385 ταῦτα
1148 2331 1373 2403 λήψῃ;›
1445 2330 1509 2384 Ἦ
1561 2330 1617 2383 δὲ
1668 2325 1862 2383 εἶπενι

258 2442 278 2475 ι
327 2424 493 2486 Ἰδοὺ,
531 2422 670 2476 ἔστω
706 2440 791 2476 σοι
839 2421 1033 2476 Ἰακὼϐ
1058 2421 1158 2494 τὴν
1182 2420 1352 2475 νύκτα
1373 2419 1578 2492 ταύτην
1610 2420 1731 2473 ἀντὶ
1753 2418 1862 2474 τῶν

254 2514 663 2587 μανδραγόρων
694 2513 791 2568 τοῦ
827 2513 946 2567 υίοῦ
981 2531 1098 2567 σου.
1129 2534 1147 2565 ι
1187 2508 1325 2566 Eli-rs
1359 2513 1415 2565 δὲ
1448 2512 1551 2566 Δία
1587 2512 1724 2583 πρὸς
1757 2513 1859 2567 αὐ-

249 2606 364 2674 τήν
386 2621 400 2635 ο
446 2624 465 2656 t
494 2606 585 2676 Μὴ
612 2604 801 2676 καυχῶ
822 2647 837 2671 ,
873 2604 969 2659 καὶ
1007 2603 1081 2675 μὴ
1112 2602 1334 2669 δοξάςου
1354 2619 1367 2635 °
1404 2603 1536 2674 ὲμδς
1569 2604 1678 2673 γάρ
1712 2603 1860 2655 ἐστιν

252 2700 286 2753 ὁ
326 2698 555 2764 Ἰακὼϐ,
587 2698 741 2767 κάγὼ
774 2696 910 2768 γυνὴ
942 2696 1195 2767 νεότητος
1224 2694 1455 2762 αὑτοῦ.,›
1514 2696 1577 2748 Ἦ
1624 2694 1680 2748 δὲ
1737 2694 1862 2748 Ῥα-

251 2789 369 2865 χὴλ
404 2786 555 2842 εἷπε⁸
594 2809 612 2841 t
640 2790 705 2843 Τί
738 2784 865 2854 οὖν;
901 2788 981 2840 ὅτι
1018 2786 1142 2857 ἐμοὶ
1174 2786 1392 2858 πρῶτον
1420 2783 1530 2857 (15)
1564 2786 1856 2857 ἥρμοσται,

253 2884 359 2943 καὶ
394 2884 461 2937 δι’
489 2884 589 2954 ἐμὲ
618 2883 899 2937 ἐδούλευσε
931 2879 1011 2951 τῷ
1041 2882 1209 2952 πατρὶ
1236 2879 1393 2951 ἡμῶν
1428 2879 1523 2950 ἐτη
1556 2879 1637 2933 ιδ’.
1676 2879 1741 2932 Τί
1776 2895 1859 2932 σοι

256 2978 504 3049 ποιήσω,
537 2976 620 3029 ὃτι
654 2975 953 3047 ἐπλήθυνεν
985 2978 1014 3030 ὁ
1047 2977 1195 3039 δόλος
1218 2975 1311 3028 καὶ
1341 2975 1373 3044 ἡ
1411 2972 1715 3045 πανουργία
1747 2970 1857 3029 τῶν

254 3068 591 3142 ἀνθρώπιον,
628 3069 723 3122 καὶ
753 3072 781 3123 ὁ
812 3069 961 3134 δόλος
991 3069 1268 3142 προχωρεῖ
1299 3068 1393 3121 ἐπὶ
1424 3067 1523 3138 τῆς
1548 3067 1684 3138 γῆς;
1708 3067 1770 3119 El
1799 3064 1856 3119 δὲ

1969 1860 2217 1933 producit
2258 1868 2400 1914 terra
2430 1858 2595 1912 Aram
2626 1858 2680 1912 in
2710 1859 2931 1914 excelso
2958 1858 3060 1913 sub
3087 1858 3229 1912 valle
3255 1874 3544 1929 aquarum.

1966 1953 2114 2007 Dixit
2140 1958 2320 2006 autem
2349 1948 2559 2005 Rachel
2585 1968 2598 2005 :
2633 1968 2652 2001 ι
2676 1947 2795 2003 Νοη
2825 1949 2966 2003 dabo
2992 1949 3109 2003 haec
3138 1949 3259 2013 tibi,
3288 1948 3545 2019 quoniam

1964 2049 2125 2097 erunt
2154 2041 2287 2095 mihi
2322 2055 2421 2110 pro
2450 2039 2600 2095 ﬁliis.
2637 2060 2656 2091 ι
2697 2037 2870 2093 Erant
2902 2047 3086 2093 autem
3124 2039 3265 2093 mala
3299 2039 3429 2094 duo.
3482 2038 3548 2092 Et

1965 2134 2102 2190 dixit
2137 2134 2231 2188 Lia
2266 2154 2278 2189 :
2319 2153 2337 2184 t
2364 2132 2612 2188 Sulﬁciat
2636 2131 2759 2198 tibi,
2792 2134 3049 2202 quoniam
3081 2134 3339 2202 accepisti
3364 2134 3543 2188 virntn

1963 2226 2299 2297 virginitatis
2334 2243 2505 2294 meai;
2539 2242 2668 2283 num
2703 2236 2758 2282 et
2793 2228 2909 2282 haec
2940 2227 3256 2297 accipies?»
3292 2228 3385 2282 Illa
3413 2244 3545 2283 vero

1965 2319 2103 2374 dixit
2135 2338 2148 2373 :
2188 2338 2207 2372 ι
2237 2318 2411 2381 Ecce,
2462 2319 2535 2373 sit
2565 2318 2739 2375 Jacob
2776 2318 2873 2373 tibi
2920 2328 3078 2376 nocte.
3110 2319 3211 2374 hac
3241 2335 3340 2390 pro
3387 2336 3546 2375 man-

1962 2412 2213 2483 dragoris
2239 2412 2333 2466 ﬁlii
2363 2412 2463 2467 tui.
2493 2430 2512 2464 )
2540 2410 2688 2466 Dixit
2728 2422 2907 2467 autem
2945 2413 2994 2467 ei
3023 2411 3119 2467 Lia
3153 2432 3167 2468 :
3202 2432 3220 2465 ι
3245 2412 3321 2468 Ne
3342 2413 3541 2484 jactes,

1962 2515 2017 2560 et
2050 2520 2116 2560 ne
2142 2505 2427 2576 glorieris;
2469 2520 2622 2561 mens
2654 2506 2798 2560 enim
2824 2516 2909 2562 est
2935 2505 3104 2561 Jacob
3124 2548 3139 2573 ,
3186 2515 3239 2561 et
3271 2523 3370 2577 ego
3402 2522 3545 2562 uxor

1959 2595 2263 2668 juventutis
2287 2596 2425 2667 ejus.
2456 2615 2474 2649 ι
2507 2596 2712 2653 Rachel
2740 2613 2872 2653 vero
2902 2598 3041 2653 dixit
3068 2617 3081 2653 ς
3119 2618 3138 2651 t
3168 2599 3309 2667 Quid
3340 2599 3544 2671 igitur?

1960 2690 2222 2761 quoniam
2258 2690 2392 2745 mihi
2426 2691 2605 2761 primo
2639 2692 2928 2763 copulatus
2958 2702 3075 2756 est,
3117 2704 3172 2748 et
3204 2704 3426 2763 propter
3453 2711 3541 2748 me

1962 2784 2186 2840 scrvivit
2211 2785 2351 2854 patri
2378 2795 2569 2840 nostro
2602 2786 2759 2841 annis
2790 2788 3232 2856 quatuordccim.
3270 2788 3412 2855 Quid
3441 2790 3539 2844 tibi

1962 2875 2188 2940 faciam,
2222 2879 2483 2948 quoniam
2517 2878 2914 2950 multiplicatus
2940 2890 3025 2936 est
3054 2880 3212 2935 dolus
3247 2890 3302 2935 et
3335 2884 3539 2937 astutia

1962 2969 2283 3047 hominum,
2330 2979 2389 3026 et
2437 2972 2593 3026 dolus
2635 2972 2878 3041 procedit
2922 2972 2975 3026 in
3008 2974 3192 3028 terra?
3247 2973 3305 3028 Si
3356 2983 3537 3029 autem

1962 3078 2125 3120 secus
2158 3071 2340 3132 esset,
2375 3078 2487 3119 non
2536 3066 2724 3135 utique
2756 3074 2811 3120 tu
2844 3064 3060 3120 videres
3098 3065 3292 3120 faciem
3327 3064 3533 3134 Jacoh;

257 3139 501 3235 μὴ,ὀύκ
527 3160 592 3215 ἂν
619 3158 686 3237 ᾖς
722 3162 786 3215 σὺ
811 3162 998 3234 ὁρῶσα
1033 3139 1322 3234 πρόσωπον
1370 3158 1600 3215 ἰακὼϐσ
1640 3160 1701 3213 οὐ
1747 3159 1856 3231 γὰρ

1969 3172 2070 3211 non
2099 3157 2247 3211 enim
2280 3171 2419 3213 uxor
2451 3156 2623 3228 ipsius
2657 3167 2714 3211 tu
2755 3172 2854 3225 es,
2900 3157 2994 3212 sed
3030 3158 3085 3212 in
3128 3158 3256 3214 dolo
3302 3174 3402 3230 pro
3447 3175 3537 3214 nte

251 3254 402 3325 γυνὴ
435 3255 599 3308 αὑτοῦ
626 3250 676 3308 εἷ
711 3256 797 3319 σὺ,
825 3253 939 3308 ἀλλ’
964 3256 1022 3308 ὲν
1065 3253 1201 3325 δόλῳ
1242 3254 1358 3307 ἀντ’
1402 3252 1539 3324 ἐμοῦ
1571 3251 1853 3324 εἰσήχθης.

252 3349 373 3402 Kal
411 3347 685 3419 ὲπλάνησέ
722 3365 789 3420 με
822 3350 851 3401 ὁ
877 3349 1061 3420 πατήρ
1098 3365 1221 3419 μου,
1265 3348 1360 3401 καὶ
1397 3348 1741 3418 μεταστήσας
1788 3364 1856 3418 με

248 3443 318 3511 τῇ
344 3440 509 3494 νυκτὶ
530 3440 735 3511 ἐκείνῃ,
765 3440 866 3493 οὐκ
889 3439 1041 3493 εῐασέ
1074 3457 1139 3511 με
1168 3440 1295 3493 ἰδεῖν
1314 3457 1327 3469 ο
1355 3440 1438 3493 ὅτι
1466 3441 1515 3492 εί
1539 3441 1688 3511 ἢμην
1716 3441 1853 3500 ἐκεῖ,

248 3532 355 3586 οὐκ
375 3532 588 3601 ἐγίνετο
618 3531 793 3585 τοῦτο.
820 3552 838 3585 ›
868 3532 980 3585 Καὶ
998 3527 1119 3584 εἷπε
1156 3530 1357 3604 Ῥαχήλ
1375 3548 1388 3563 ’
1414 3551 1432 3583 ι
1467 3531 1612 3585 Λάϐε
1632 3531 1727 3585 ἕνα
1746 3532 1854 3603 (16)

254 3624 673 3696 μανδραγόραν,
693 3626 789 3677 καὶ
806 3624 927 3677 ἀντὶ
942 3622 1035 3677 τοῦ
1057 3624 1175 3687 ἐνὸς
1204 3622 1450 3694 ὲκμισθῶ
1468 3623 1575 3695 (17)
1596 3641 1677 3676 σοι
1693 3623 1855 3677 αὑτὸν

251 3714 311 3769 ὲν
334 3715 443 3786 μιᾷ
464 3714 635 3768 νυκτί.
664 3733 681 3765 ι
718 3715 829 3768 Kal
851 3713 991 3782 ἔγνω
1028 3712 1221 3767 Ἰακὼϐ
1242 3712 1341 3784 τὴν
1364 3714 1520 3777 Δίαν,
1548 3714 1643 3767 καὶ
1664 3713 1856 3767 συλλα-

250 3804 435 3859 ϐοὖσά
457 3822 523 3876 με
553 3805 707 3859 ἔτεκε
726 3822 739 3835 ·
782 3807 877 3859 καὶ
897 3804 986 3859 διὰ
1008 3805 1099 3857 τὸν
1131 3804 1319 3875 μισθὸν
1342 3804 1579 3877 ἐκλήθην
1613 3806 1849 3878 Ἰσαχάρ.

324 3899 589 3951 Β¹.ιΤότε
622 3898 777 3969 ὤφθη
813 3898 892 3969 τῷ
928 3898 1122 3952 Ἰακὼϐ
1150 3897 1378 3967 ἄγγελος
1404 3898 1630 3969 Κυρίου,
1658 3899 1851 3967 λέγων,

1959 3250 2177 3306 inducta
2203 3266 2283 3305 es.
2320 3249 2387 3305 Et
2423 3250 2643 3305 seduxit
2671 3266 2760 3306 me
2795 3258 2949 3320 pater
2990 3266 3168 3314 meus,
3216 3262 3269 3305 et
3297 3251 3533 3306 transfe-

1956 3358 2087 3398 rens
2117 3358 2203 3397 me
2230 3351 2389 3397 nocte
2435 3342 2548 3407 illa,
2587 3358 2693 3397 non
2730 3344 2979 3414 permisit
3018 3359 3106 3399 me
3142 3344 3357 3411 videre;
3394 3360 3533 3417 quo--

1958 3434 2103 3489 niam
2135 3435 2181 3489 si
2212 3432 2437 3489 fuissem
2471 3434 2605 3502 illic,
2631 3449 2739 3489 non
2785 3434 2992 3491 factum
3040 3434 3235 3491 fuisset
3262 3437 3386 3492 hoc.
3414 3456 3433 3489 ι
3468 3436 3532 3491 Et

1956 3526 2094 3581 dixit
2119 3526 2323 3583 Rachel
2350 3547 2365 3583 :
2401 3546 2419 3579 t
2447 3527 2650 3597 Accipe
2679 3543 2844 3582 unam
2878 3528 3320 3600 mandragoram,
3356 3538 3411 3586 et
3433 3547 3532 3603 pro

1956 3636 2066 3675 una
2109 3620 2163 3675 in
2213 3620 2520 3675 mercedem
2552 3620 2622 3675 do
2665 3620 2765 3675 tibi
2808 3635 2935 3675 eum
2971 3620 3028 3675 in
3064 3637 3171 3675 una
3208 3632 3385 3677 nocte.
3419 3642 3438 3677 ι
3467 3622 3531 3678 Et

1955 3714 2211 3785 cognovit
2232 3712 2404 3769 Jacob
2432 3713 2613 3775 Liam,
2646 3721 2701 3767 et
2723 3712 3038 3783 concipiens
3070 3728 3158 3768 me
3194 3715 3439 3784 peperit;
3479 3726 3528 3769 et

1953 3816 2175 3877 propter
2202 3807 2507 3863 mercedem
2534 3814 2760 3861 vocatus
2785 3821 2905 3861 sum
2935 3805 3175 3861 lsachar.

2026 3900 2093 3955 ll.
2141 3919 2160 3953 ι
2189 3900 2345 3955 Tunc
2388 3901 2641 3971 apparuit
2682 3899 2852 3955 Jacob
2890 3900 3116 3971 angelus
3151 3899 3399 3969 Domini,
3448 3901 3531 3956 di-

251 3989 336 4042 ὅτι
363 3987 460 4041 δύο
480 3988 649 4043 τέκνα
685 3989 887 4059 Ῥαχὴλ
912 3988 1148 4054 τέξεται,
1175 3989 1257 4042 ὅτι
1279 3988 1531 4044 διέπτυσε
1569 3993 1853 4045 συνουσίαν

1969 4008 2108 4059 :ens,
2143 3994 2287 4065 quod
2319 3993 2459 4050 duos
2486 3994 2628 4050 ﬁlios
2661 3993 2865 4049 Rachel
2898 3994 3094 4064 pariet.
3132 3996 3391 4065 quoniam
3441 4012 3530 4051 reo

253 4081 475 4151 ἀνδρὸς,
511 4082 606 4134 καὶ
636 4080 917 4147 ἐξελέξατο
948 4084 1294 4154 ἐγκράτειαν.
1330 4084 1441 4137 Kal
1476 4085 1523 4136 εί
1561 4084 1634 4155 μὴ
1673 4085 1772 4137 Δία
1816 4087 1850 4157 ἡ

1969 4090 2098 4159 spuit
2130 4088 2335 4145 coitum
2372 4089 2516 4155 viri,
2561 4099 2616 4144 et
2663 4089 2827 4159 elegit
2859 4087 3277 4143 continentiam.
3316 4087 3381 4143 Et
3426 4090 3528 4146 nisi

255 4175 448 4243 μήτηρ
486 4189 587 4242 μου
614 4171 800 4225 άπέδω
823 4173 944 4226 ἀντὶ
979 4174 1267 4238 συνουσίας
1296 4173 1365 4227 τὰ
1388 4174 1481 4228 δύο
1515 4174 1682 4246 μῆλα,
1706 4174 1852 4229 ὀκτὼ

1969 4179 2049 4234 Lia
2074 4190 2251 4235 mater
2274 4195 2396 4235 mea
2421 4196 2525 4251 pro
2546 4181 2695 4236 coitu
2723 4180 3049 4237 reddidisset
3072 4182 3180 4237 duo
3211 4181 3377 4247 mala,
3406 4190 3529 4237 octo

252 4264 407 4326 υἱοὺς
442 4259 556 4333 εἶχε
590 4267 801 4317 τεκεῖν·
838 4264 928 4318 διὰ
958 4263 1118 4318 τοῦτο
1160 4265 1217 4332 ἒξ
1258 4265 1409 4319 ἔτεκε
1431 4307 1445 4329 ,
1497 4269 1625 4331 τοὺς
1668 4268 1725 4321 δὲ
1757 4268 1851 4322 δύο

1969 4273 2093 4329 ilios
2113 4273 2361 4344 paritura
2390 4272 2619 4340 fuisset;
2647 4282 2867 4343 propter
2890 4274 2994 4329 hoc
3019 4288 3114 4329 sex
3140 4274 3366 4345 peperit,
3392 4274 3527 4331 duos

263 4354 491 4425 Ῥαχὴλ,
545 4355 627 4408 ὅτι
677 4356 737 4407 ὲν
760 4354 1174 4426 μανδραγόραις
1219 4355 1557 4425 ἐπεσκέψατο
1602 4356 1771 4428 αὐτὴν
1820 4360 1849 4411 ὀ

1969 4382 2084 4421 tero
2132 4366 2376 4433 Rachel,
2429 4366 2693 4437 quoniam
2743 4367 2799 4422 in
2851 4367 3232 4439 mandragoris
3289 4369 3525 4424 visitavit

252 4450 483 4519 Κύριος.
530 4442 652 4500 Εἷδε
687 4446 829 4519 γὰρ,
866 4448 947 4500 ὅτι
973 4448 1063 4501 διὰ
1094 4449 1261 4501 τέκνα
1298 4448 1456 4518 ἤθελε
1493 4452 1727 4503 συνεῖναι
1769 4450 1849 4521 τῷ

1969 4473 2071 4512 tam
2118 4457 2407 4514 Dominus.
2468 4458 2640 4514 Scivit
2692 4459 2874 4525 enim,
2925 4460 3071 4531 quod
3116 4472 3334 4531 propter
3386 4461 3526 4516 ﬁlios

266 4539 465 4595 Ἰακὼϐ
493 4581 506 4603 ,
544 4540 639 4593 καὶ
670 4540 729 4592 οὐ
764 4540 853 4594 διὰ
884 4541 1216 4612 φιληδονίαν.
1264 4542 1567 4613 Πῳσθείσα
1611 4542 1719 4615 γὰρ
1756 4546 1849 4597 καὶ

1969 4549 2125 4603 roluit
2152 4552 2299 4605 coire
2323 4566 2447 4605 cum
2493 4549 2684 4617 Iacob,
2730 4563 2786 4606 et
2817 4568 2925 4607 non
2954 4562 3173 4623 propter
3197 4553 3526 4609 desiderium

250 4636 319 4703 τῇ
350 4631 613 4703 ἐπαύριον
648 4632 878 4685 ἀπέδοτο
907 4633 1000 4686 τὸν
1057 4633 1251 4687 Ἰακὼϐ
1271 4674 1285 4697 ,
1334 4634 1424 4686 ἶνα
1457 4634 1596 4709 λάϐῃ
1631 4636 1725 4688 καὶ
1757 4636 1849 4690 τὸν

1969 4642 2279 4712 roluptatis.
2331 4644 2626 4714 Apponens
2660 4645 2808 4699 enim
2844 4652 2898 4701 et
2933 4645 2987 4699 itt
3022 4647 3262 4701 crastino
3292 4648 3523 4702 reddidit

253 4722 415 4777 ἄλλον
447 4723 827 4795 μανδραγόραν
853 4724 984 4793 (18).
1020 4723 1117 4777 Διὰ
1158 4724 1316 4777 τοῦτο
1356 4726 1413 4777 έν
1453 4729 1567 4789 τοῖς
1614 4727 1849 4797 μανδρα-

1948 4735 2147 4801 Jacob,
2184 4744 2244 4790 ut
2275 4736 2546 4806 acciperet
2592 4744 2647 4790 et
2691 4737 2856 4791 aliam
2900 4740 3341 4808 mandragoram.
3390 4739 3523 4795 Pro~

253 4815 448 4885 γόραις
476 4814 583 4885 (19)
608 4816 881 4885 ἐπήκουσε
916 4817 1120 4887 Κύριος
1142 4816 1243 4885 τῆς
1284 4817 1485 4887 Ῥαχήλ
1504 4834 1516 4846 ·
1558 4818 1660 4879 ὅτι,
1687 4818 1845 4887 καίγε

1969 4838 2069 4883 iter
2109 4828 2215 4883 hoc
2261 4829 2318 4883 in
2355 4829 2738 4899 mandragoris
2779 4830 3060 4885 exaudivit
3108 4830 3371 4889 Dominus
3416 4832 3514 4886 Ra-

254 4907 543 4978 ποθήσασα
585 4908 782 4971 αὐτοὺς
824 4908 973 4979 (20),
1008 4908 1109 4961 οὐκ
1150 4907 1371 4977 ἔφαγεν,
1425 4908 1539 4961 ἀλλ’
1582 4910 1846 4981 ἀνέθηκεν

1969 4921 2106 4989 :hel;
2141 4921 2399 4991 quoniam
2428 4931 2481 4977 et
2506 4922 2823 4978 desiderans
2848 4938 2967 4990 eas,
2999 4940 3107 4980 non
3141 4925 3393 4989 comedit,
3427 4924 3520 4979 sed

496 5066 903 5137 Ἠγαπημένοι.
955 5067 1358 5137 Ἡγαπημένου.
1388 5066 1560 5122 ϐιιΑΒ.

329 5133 445 5208 (ll)
499 5133 724 5190 Ἰακώϐ.
772 5133 1043 5208 Ῥουϐήμέ
1070 5133 1371 5208 etiduidem
1398 5154 1566 5203 recte,
1620 5138 1765 5194 unde
1790 5147 1845 5194 ct

231 5199 483 5259 Latinam
516 5208 828 5261 versionem
860 5199 1092 5261 correxi.
1128 5199 1197 5261 Io.

328 5276 439 5349 (12)
481 5276 964 5349 Μανδραγᾴρους.
1015 5278 1431 5349 Μανδραγόραν.
1485 5278 1560 5334 In.
1587 5309 1637 5319 —
1680 5284 1842 5335 Μαν-

256 5344 559 5418 δραγόρων
579 5358 632 5401 et
656 5344 1126 5418 [tardpardpovg
1162 5344 1447 5402 nominum
1489 5350 1664 5405 instar
1703 5354 1840 5406 sim-

258 5416 481 5493 plicipm
507 5417 559 5493 in
588 5434 645 5470 os
676 5416 1040 5493 desinentium
1065 5421 1215 5493 ;_sed
1251 5420 1666 5493 pa_ul0_i_nferit_is
1692 5422 1838 5493 leges

254 5486 671 5559 μανδραγόραν
710 5498 762 5542 et
798 5486 1263 5559 μανδραγόραιςξ
1312 5490 1369 5544 ltt
1417 5489 1530 5545 νει.
1590 5486 1840 5548 ΤρδιῘει

256 5557 399 5624 apud
442 5558 703 5645 profanos
740 5557 1050 5645 scriptores
1079 5562 1424 5645 solummodo
1459 5564 1495 5615 ’ὁ
1532 5563 1835 5645 μανδραγό-

257 5642 356 5749 ρας
413 5630 507 5682 καὶ
544 5630 920 5709 μανδραγόρης
947 5632 1027 5710 vel
1068 5632 1107 5756 Ἄ
1140 5632 1487 5704 μανδραγόρα
1533 5630 1830 5716 invenitur.

292 5699 410 5752 Inde
444 5699 546 5775 hoc
576 5716 628 5775 tn
663 5698 1069 5775 loco_corrtgen
1115 5719 1203 5757 um
1234 5712 1397 5772 puto:
1437 5704 1831 5775 μανδρσγορων

257 5775 305 5822 et
349 5768 741 5841 μανδραγόρας.
778 5768 973 5827 Oaxen.

2018 5075 2131 5144 (15)
2171 5077 2422 5148 Αὑτούς.
2441 5074 2644 5148 Αὐτὴν.
2674 5073 2844 5133 (ἶῐυω.

2016 5145 2457 5223 (14)-Ταῦτα-ὃὲ
2482 5145 2647 5216 ἦσαν
2661 5149 2832 5219 μῆλα
2858 5151 3152 5221 εὐώδημα.
3188 5150 3334 5221 Αὕτη
3360 5150 3413 5203 δὲ
3448 5147 3515 5223 ἦν

1948 5218 2092 5288 μῆλα
2115 5216 2341 5289 εὔοσμα.
2370 5217 2441 5272 lo.

2017 5289 2131 5361 (15)
2171 5288 2432 5355 Πρῶτον.
2460 5291 2733 5361 Πρότερον
2756 5308 2869 5343 σου.
2898 5290 2977 5345 lo.

2016 5358 2129 5427 (16)
2172 5361 2333 5412 Ἕνα.
2361 5358 2525 5414 Μίαν.
2554 5362 2621 5414 In.

2013 5429 2125 5503 (17)
2172 5430 2280 5503 Τοῦ
2307 5431 2444 5503 ἐγὸς
2477 5432 2753 5503 ἐκμισθῶ.
2782 5429 2995 5501 Ταύτης
3015 5432 3359 5503 ἐκμισθώσω.
3399 5433 3475 5489 In.

2013 5501 2127 5576 (18)
2174 5502 2286 5576 Τόφς⁵
2320 5501 2515 5555 ἄλλον
2544 5502 2982 5572 μανδραγόραν.
3023 5501 3131 5574 Τὴν
3172 5503 3336 5576 ἄλλην
3378 5524 3510 5576 μανι.

1938 5570 2228 5643 δραγόραν.
2250 5573 2334 5643 in.

2171 5642 2297 5709 Τοῖς
2314 5642 2769 5716 μανδραγόριίις.
2811 5644 2940 5703 Ταῖς
2971 5645 3393 5716 μανδραγόραις.
3435 5647 3507 5703 in.

2016 5712 2128 5780 €20)
2165 5712 2414 5781 Αὐτοὺς.
2443 5714 2639 5777 Αὑτάς.
2668 5713 2758 5769 Sic
2782 5722 2835 5770 et
2858 5712 3022 5786 paulo
3048 5712 3293 5788 postia.
