4002 6308
566 336 717 401 ιοετ,

1702 319 2167 383 TESTAMENTA
2222 316 2314 372 Xll
2364 312 2975 372 PATRIARCHARUM.

3639 319 3743 374 l088

564 453 811 525 reposuit
852 467 948 511 eas
998 450 1051 505 in
1088 449 1252 505 domo
1288 444 1505 501 Domini
1527 485 1549 508 ,_
1588 443 1827 498 oﬂerens
1875 436 2136 496 sacerdou

2248 434 2442 499 αὐτοὺς
2467 434 2524 485 ἐν
2551 431 2683 500 οἴκῳ
2709 428 2936 499 Κυρίου,
2964 426 3371 498 προσενέγκασα
3391 428 3464 499 τῷ
3486 430 3602 501 ἱερεῖ
3629 434 3746 503 Ὑψί.

561 544 852 606 Altissimi,
879 542 971 612 qui
1005 551 1125 594 erat
1158 540 1212 592 in
1242 548 1483 607 tempore
1515 536 1626 590 illo.

634 635 722 690 Ill.
771 656 787 685 ι
818 633 1043 705 Quando
1086 633 1249 700 igitur
1294 631 1476 685 factus
1532 644 1653 684 sum
1698 630 1802 691 vir,
1852 626 1947 680 lilii
1996 624 2139 688 mei,

2247 541 2393 588 στου,
2418 523 2498 594 τῷ
2521 524 2634 575 ὄντι
2660 522 2717 575 ἐν
2750 520 2829 590 τῷ
2852 518 3029 590 καιρῷ
3052 519 3263 589 ἐκείνῳ.

2311 618 2384 669 I".
2411 635 2429 667 ι
2461 617 2588 668 Ὅτε
2619 610 2711 667 οὖν
2734 612 3024 685 ἡδρύνθην,
3045 611 3207 664 τέκνα
3232 629 3351 683 μου,
3387 614 3678 687 ἐπορευόμην
3708 621 3748 673 ἐν

562 703 926 784 ambulaviiiu
962 726 1288 781 rectitudine
1314 723 1497 781 cordis
1520 762 1533 785 ,
1562 730 1616 774 et
1640 720 1815 775 factus
1847 734 1967 774 sum
1998 716 2136 785 agri-

2245 707 2497 775 εὒθύτητι
2518 705 2764 775 καρδίας,
2790 706 2883 757 καὶ
2904 704 3167 774 ἐγενόμην
3186 703 3425 775 γεωργὸς
3443 705 3540 757 τῶν
3558 708 3750 779 πατέρι»)

562 822 679 877 cola
705 832 919 890 patrum
962 834 1237 880 meorum,
1267 827 1320 870 et
1349 813 1581 869 fratrum
1608 827 1876 876 meorum,
1909 819 1962 865 et
1986 809 2138 864 attuli

563 914 777 970 fructus
805 930 868 968 ex
899 916 1048 983 agris
1077 909 1373 965 secundum
1405 917 1617 976 tempus
1646 921 1857 969 eorum,
1892 912 1945 957 et
1975 904 2141 957 bene-

564 1008 701 1063 dixit
736 1007 865 1060 mihi
906 1014 1060 1074 pater
1084 1017 1240 1056 meus
1265 1042 1280 1064 ,
1312 1000 1501 1052 videns
1528 998 1673 1067 quod
1702 997 1756 1049 in
1794 994 2139 1062 simplicitate

563 1099 933 1153 ambulabatn.
987 1094 1054 1149 Et
1100 1108 1208 1147 non
1242 1107 1391 1146 eram
1429 1096 1804 1159 perscrutator
1840 1086 1892 1139 in
1926 1085 2138 1139 actibus

565 1189 725 1253 meis,
756 1201 931 1255 neque
961 1184 1303 1253 perniciosus
1337 1190 1394 1235 et
1426 1179 1678 1232 invidens
1705 1177 1954 1247 proximo
1980 1189 2137 1241 meo;

562 1296 672 1337 non
700 1280 991 1335 oblocutus
1018 1293 1138 1332 sum
1172 1276 1334 1331 alicui
1359 1314 1374 1337 ,
1424 1286 1603 1342 neque
1630 1268 1931 1339 vituperavi
1971 1266 2137 1320 vitam

565 1372 807 1427 hominis
833 1371 1122 1425 ambulans
1163 1370 1218 1424 in
1264 1366 1615 1437 simplicitate
1654 1365 1960 1419 oculorum.
2006 1361 2139 1415 Pro-

566 1472 687 1533 pter
712 1466 813 1519 hoc
838 1463 1062 1534 triginta
1089 1476 1357 1516 annorum
1404 1457 1586 1526 accepi
1615 1457 1863 1509 mihimet
1888 1469 2135 1517 uxorem,

562 1555 823 1624 quoniam
854 1554 1011 1609 labor
1037 1554 1395 1607 devoraverat
1424 1546 1807 1603 fortitudinem
1843 1560 2042 1601 meam.
2074 1542 2139 1597 Et

563 1662 671 1700 non
700 1644 1202 1700 animadvertebam
1230 1641 1564 1710 voluptatem
1600 1636 1868 1700 mulieris,
1905 1636 1998 1689 sed
2043 1649 2139 1703 per

562 1740 801 1794 laborem
831 1754 1058 1793 somnus
1092 1751 1246 1789 meus
1273 1731 1636 1788 circumdedit
1677 1745 1796 1797 me,
1840 1739 1894 1783 et
1923 1743 2139 1797 semper

561 1831 781 1900 gavisus
815 1838 899 1883 est
934 1829 987 1881 in
1039 1826 1387 1895 simplicitate
1460 1839 1578 1877 mea
1644 1832 1797 1891 pater
1848 1836 2024 1874 meus.
2077 1819 2134 1875 Si

561 1922 695 1991 quid
749 1921 895 1974 enim
946 1919 1300 1980 laborabam,
1343 1932 1560 1975 omnem
1608 1914 1843 1968 fructum
1887 1921 1941 1967 et
1976 1928 2138 1967 omne

560 2016 800 2083 primum
834 2029 1055 2083 germen
1101 2012 1340 2081 primum
1391 2025 1485 2080 per
1529 2008 1863 2064 sacerdotem
1906 2006 2138 2061 Domino

562 2106 856 2160 otl‘erebam
885 2144 899 2168 ,
928 2104 1125 2159 deinde
1157 2103 1297 2174 patri
1338 2118 1481 2169 meo,
1515 2111 1568 2156 et
1612 2110 1744 2157 tunc
1775 2115 1875 2169 ego
1906 2098 2040 2169 (24).
2073 2097 2140 2153 Ει

562 2197 827 2253 Dominus
861 2196 1161 2267 duplicavit
1210 2197 1352 2250 bona
1388 2196 1443 2251 in
1478 2195 1733 2250 manibus
1765 2193 1917 2248 meis.
1968 2190 2140 2245 Scivit

561 2301 744 2347 autem
771 2300 825 2344 et
851 2288 1042 2353 Jacob,
1090 2288 1236 2357 quod
1272 2286 1414 2343 Deus
1449 2296 1774 2356 cooperatur
1804 2282 2138 2352 simplicitati

562 2397 698 2436 mea:
726 2401 740 2435 :
767 2381 917 2435 omni
942 2381 1084 2434 enim
1113 2380 1335 2449 pauperi
1364 2388 1418 2433 et
1439 2378 1585 2433 onmi
1614 2377 1812 2435 alﬂicto
1834 2375 2138 2431 tribuebam

563 2486 722 2530 terra:
752 2476 890 2528 bona
925 2475 977 2528 in
1008 2474 1353 2543 simplicitate
1380 2472 1584 2527 cordis.

632 2564 721 2620 ιν.
760 2584 777 2615 ι
823 2564 889 2618 Et
911 2580 1056 2618 nunc
1098 2565 1283 2618 audite
1336 2580 1455 2629 me,
1504 2563 1633 2629 ﬁlii,
1661 2572 1715 2617 et
1762 2562 2039 2616 ambulate
2082 2562 2137 2615 in

560 2656 911 2727 simplicitate
960 2656 1165 2724 cordis,
1212 2659 1473 2728 quoniam
1534 2657 1657 2711 novi
1709 2656 1763 2710 in
1811 2659 1925 2725 ipsa
1977 2668 2137 2708 omne

560 2738 960 2820 beneplacitum
1006 2749 1246 2806 Domini.
1292 2750 1535 2820 Simplex
1565 2764 1763 2803 aurum
1800 2762 1909 2801 non
1934 2762 2135 2803 concu-

558 2844 742 2914 piscit,
782 2845 1091 2914 proximum
1135 2860 1245 2898 non
1293 2842 1679 2907 circumvenit,
1742 2841 1894 2899 cibos
1957 2840 2137 2895 varios

561 2951 672 2990 non
714 2939 939 3008 appetit,
977 2946 1184 2993 vestem
1235 2938 1507 2991 diversam
1554 2951 1662 2988 non
1703 2935 1849 3000 vult,
1892 2945 2135 3001 tempora

558 3027 719 3098 longa
759 3029 862 3082 sibi
895 3045 1004 3083 non
1042 3029 1348 3099 praescribit
1377 3030 1590 3094 vivere,
1620 3028 1711 3082 sed
1741 3025 1917 3082 solum
1946 3024 2136 3094 recipit

558 3120 895 3177 νοιυηωιεω
947 3120 1080 3187 Dei;
1125 3132 1179 3176 et
1231 3122 1458 3190 spiritus
1512 3120 1715 3174 erroris
1764 3118 1837 3172 nil
1884 3118 2207 3209 valebuntc
2240 3118 2392 3225 :5;

561 3212 826 3266 adversus
863 3227 1012 3266 eum.
1048 3210 1165 3264 Non
1192 3213 1338 3265 enim
1381 3210 1532 3264 novit
1572 3210 1813 3279 recipere
1842 3207 2139 3278 pulchritu-

560 3301 744 3356 dinem
781 3302 1047 3367 mulieris,
1081 3310 1140 3355 ut
1170 3316 1276 3354 non
1325 3300 1379 3353 in
1430 3300 1774 3370 perversionc
1823 3297 2138 3367 coinquinet

563 3402 801 3453 mentem
838 3408 1025 3460 suam;
1064 3409 1172 3447 non
1221 3392 1371 3447 zelus
1420 3393 1475 3447 in
1509 3392 1753 3447 consiliis
1795 3391 1913 3461 ejus
1947 3404 2138 3459 super-

562 3488 779 3554 veniet;
811 3503 919 3540 non
954 3487 1155 3541 invidia
1191 3486 1471 3557 liquefacit
1506 3488 1742 3541 animam
1782 3488 1921 3556 ejus,
1962 3499 2137 3554 neque

561 3582 777 3636 lucrum
820 3581 873 3634 in
901 3579 1308 3635 iusatiabilitate
1346 3580 1643 3649 excogitat;
1688 3579 1783 3633 sed
1815 3578 2055 3633 ambulat
2082 3577 2137 3631 in

560 3674 889 3733 rectitudine
924 3674 1087 3739 vitaz,
1135 3683 1188 3728 et
1238 3673 1420 3727 omnia
1472 3673 1618 3727 videt
1663 3676 1715 3726 in
1754 3673 2134 3742 simplicitate,

560 3780 669 3819 non
700 3766 968 3834 recipiens
994 3764 1167 3820 oculis
1192 3764 1557 3834 malignitatcs
1598 3764 1667 3818 ab
1694 3779 1881 3819 errore
1924 3765 2137 3834 mundi,

562 3870 623 3915 ut
650 3877 756 3914 non
789 3862 968 3915 videat
1002 3876 1253 3930 perverse
1282 3859 1503 3929 aliquod
1530 3859 1910 3913 mandatorum
1948 3857 2061 3914 Dei.

633 3954 699 4010 ν.
732 3976 750 4007 (
789 3955 1070 4010 Custodite
1115 3955 1311 4025 igitur,
1346 3954 1441 4013 lilii
1490 3954 1632 4021 mei,
1670 3954 1842 4023 legem
1894 3953 2026 4018 Dei,
2084 3960 2139 4007 et

559 4049 965 4118 simplicitatem
1008 4048 1298 4118 possidete,
1329 4058 1381 4102 et
1411 4048 1466 4101 in
1495 4046 1806 4102 innocentia
1838 4044 2134 4110 ambulate,

560 4157 670 4197 non
716 4139 881 4193 nimis
921 4140 1136 4192 curiose
1182 4146 1489 4193 scrutantes
1535 4138 1784 4191 mandata
1810 4136 2049 4201 Domini,
2082 4143 2137 4190 et

560 4235 796 4304 proximi
839 4235 1119 4300 actiones;
1150 4232 1243 4288 sed
1292 4232 1499 4301 diligite
1534 4229 1825 4285 Dominum
1866 4238 1919 4284 et
1950 4229 2135 4299 proxi-

560 4341 746 4389 mum,
795 4325 1052 4395 pauperis
1098 4334 1150 4379 et
1199 4324 1399 4378 iniit-mi
1437 4321 1791 4377 miseremini.
1835 4321 2135 4393 Supponite

560 4418 783 4471 dorsum
810 4426 1055 4472 vestrum
1097 4417 1166 4473 ad
1218 4432 1409 4488 agrum
1448 4414 1763 4479 colendum,
1796 4424 1851 4469 et
1876 4415 2133 4469 laboran-

2248 817 2372 871 μου,
2402 800 2497 851 καὶ
2533 795 2641 849 τῶν
2685 794 2927 864 ἀδελφῶν
2972 813 3095 865 μου,
3128 797 3222 848 καὶ
3263 794 3450 866 ἔφερον
3481 801 3684 867 καρποὺς
3711 802 3752 867 ἐξ

2243 889 2431 962 ἀγρῶν
2459 887 2600 941 κατά
2633 888 2823 961 καιρὸν
2856 888 3055 951 αὐτῶν,
3084 889 3177 941 καὶ
3204 887 3459 957 εὐλόγησέ
3485 907 3546 958 με
3573 893 3598 943 ό
3620 908 3753 963 ttat-ip

2246 999 2349 1053 μου
2375 1020 2389 1045 ,
2426 980 2636 1051 βλέπων
2666 983 2748 1036 ὅτι
2796 981 2853 1034 ἐν
2903 980 3163 1051 ἁπλότητι
3212 978 3524 1050 πορεύομαι.
3568 983 3657 1033 Καὶ
3683 985 3754 1038 ο-ἰ

2239 1074 2388 1144 ἤμην
2428 1074 2720 1145 περίεργος
2760 1074 2818 1125 ἐν
2866 1074 2987 1135 ταῖς
3031 1070 3263 1142 πράξεσί
3319 1088 3439 1140 μου,
3483 1071 3589 1122 οὐδὲ
3631 1089 3753 1145 min}-

2244 1163 2333 1233 ρδς
2364 1160 2475 1232 (21)
2509 1162 2602 1214 καὶ
2638 1162 2904 1233 βάσκανος
2948 1160 3026 1231 τῷ
3060 1160 3289 1231 πλησίον
3326 1176 3455 1229 μου.
3494 1161 3549 1212 οὐ
3583 1162 3754 1217 muli.

2239 1254 2379 1325 λησά
2414 1271 2579 1317 τινος,
2612 1254 2731 1306 οὐδὲ
2772 1254 2937 1323 ἕψεξα
2981 1252 3092 1324 βίον
3124 1252 3435 1323 ἀνθρώπου,
3462 1255 3755 1323 πορευόμενος

2239 1347 2297 1398 ἐν
2350 1346 2615 1417 ἁπλότητι
2663 1344 2975 1417 ὀφθαλμῶν.
3001 1329 3117 1399 ’Διά
3157 1344 3320 1397 τοῦτο
3372 1346 3639 1416 τριάκοντα
3678 1349 3755 1417 (Si)

2239 1437 2377 1495 ἐτῶν
2412 1437 2601 1493 ἔλαϐον
2631 1436 2853 1507 ἐμαυτῷ
2892 1439 3145 1505 γυναῖκα,
3187 1437 3269 1489 ὅτι
3310 1438 3339 1489 ὁ
3372 1422 3603 1508 ’κάματος
3632 1444 3756 1513 κατη-

2242 1530 2355 1583 σθιε
2389 1530 2484 1601 τὴν
2514 1529 2665 1600 ἰσχύν
2695 1546 2794 1603 μου
2816 1547 2828 1558 ’
2873 1530 2966 1581 καὶ
3008 1529 3108 1580 οὐκ
3143 1530 3390 1582 ἐνενόουν
3418 1532 3594 1602 ἡδονὴν
3619 1551 3758 1603 γυναι-

2240 1624 2354 1686 κὸς,
2380 1623 2512 1681 ἀλλά
2535 1623 2621 1679 διὰ
2657 1621 2749 1675 τοῦ
2791 1622 2961 1674 κόπου
2990 1621 3155 1685 ὕπνος
3199 1639 3290 1691 μοι
3336 1625 3668 1693 περιεγένετο,
3696 1630 3758 1680 καὶ

2240 1716 2469 1769 πάντοτε
2504 1715 2718 1786 ἔχαιρεν
2758 1716 2849 1767 ἐπὶ
2882 1718 2949 1785 τῇ
2981 1713 3242 1784 ἀπλότητί
3274 1732 3376 1784 μου
3416 1701 3443 1766 ό
3484 1718 3643 1787 πατήρ
3670 1737 3755 1787 μου.

2238 1807 2357 1861 Είτι
2403 1806 2511 1880 γὰρ
2559 1807 2793 1877 ἔκαμνον
2817 1847 2833 1871 ,
2887 1808 3067 1859 πᾶσαν
3112 1804 3337 1875 ὀπώραν
3388 1806 3529 1876 (25),
3576 1810 3652 1860 καὶ
3686 1810 3759 1861 πᾶν

2240 1900 2673 1971 πρωτογέννημα
2700 1900 2913 1973 πρῶτον
2939 1900 3026 1953 διὰ
3065 1900 3159 1959 τοῦ
3206 1900 3399 1971 ἱερέως
3435 1900 3607 1971 Κυρίῳ
3637 1918 3756 1971 προς-

2241 1994 2457 2065 έφερον,
2505 1993 2693 2046 ἔπειτα
2737 1992 2814 2063 τῷ
2864 1994 3031 2064 πατρί
3068 2011 3191 2064 μου,
3241 1993 3338 2046 καὶ
3390 1993 3505 2045 τότε
3547 1992 3654 2060 ἐγώ.
3684 1994 3759 2044 Καὶ

2239 2083 2444 2153 Κύριος
2526 2082 2871 2135 ἐδιπλασίασε
2947 2082 3016 2135 τά
3091 2082 3274 2151 ἀγαθά
3357 2084 3413 2135 ἐν
3484 2083 3622 2153 χερσί
3673 2100 3756 2151 μου.

2243 2174 2397 2245 ’ῌδει
2424 2174 2479 2225 δὲ
2516 2175 2611 2226 καὶ
2649 2172 2868 2237 Ἰακὼϐ,
2895 2174 2975 2226 ὅτι
3019 2175 3046 2225 ὁ
3092 2174 3222 2237 Θεὸς
3270 2177 3517 2243 συνεργεῖ
3550 2176 3606 2243 τῇ
3643 2173 3759 2225 ἁπλό-

2238 2267 2360 2339 τητί
2408 2285 2541 2338 μου·
2582 2269 2744 2326 παντὶ
2790 2269 2897 2341 γὰρ
2941 2270 3133 2338 πένητι
3180 2270 3279 2329 καὶ
3327 2269 3487 2320 παντὶ
3527 2266 3758 2336 θλιὸομίνῳ

2240 2362 2501 2431 παρεῖχον
2534 2359 2635 2430 τῆς
2662 2361 2763 2430 γῆς
2789 2359 2859 2413 τὰ
2882 2360 3063 2429 ἀγαθά
3088 2361 3147 2415 ἐν
3184 2358 3449 2430 ἁπλότητι
3473 2356 3684 2427 καρδίας.

2311 2537 2383 2591 Δ’.
2426 2556 2445 2588 ι
2471 2538 2582 2591 Καὶ
2605 2538 2700 2597 νῦν
2728 2538 2996 2593 ἀκούσατέ
3035 2558 3156 2611 μου,
3180 2542 3372 2601 τέκνα,
3408 2540 3499 2593 καὶ
3528 2537 3757 2610 πορεύεσθε

2239 2628 2298 2680 ἐν
2328 2628 2584 2699 ἁπλότητι
2620 2631 2863 2701 καρδίας,
2893 2632 2973 2685 ὅτι
3003 2629 3142 2685 εἶδον
3177 2634 3237 2685 ἐν
3269 2634 3408 2703 αὐτῇ
3438 2634 3600 2684 πᾶσαν
3622 2630 3759 2699 εὐαρέ-

2241 2737 2428 2790 στησιν
2456 2721 2683 2791 Κυρίου.
2724 2722 2779 2774 '0
2804 2722 3008 2787 ἁπλοῦς
3034 2724 3256 2795 χρυσίον
3285 2726 3384 2778 οὐκ
3419 2723 3676 2793 ἐπιθυμεῖ,
3696 2722 3757 2772 τὸν

2240 2812 2467 2882 πλησίον
2484 2814 2542 2865 ού
2575 2813 2907 2879 πλεονεκτεῖ,
2938 2816 3240 2887 βρωμάτων
3272 2818 3530 2871 ποικίλων
3548 2819 3631 2870 οὐκ
3655 2816 3758 2885 ἐφίεη

2237 2918 2349 2965 ται,
2376 2903 2575 2975 ἐσθῆτα
2606 2905 2861 2976 διάφορον
2899 2907 2957 2959 οὐ
3002 2907 3163 2969 θέλει,
3200 2911 3429 2979 χρόνους
3465 2909 3673 2979 μακροὺς
3690 2906 3756 2973 οὐχ

2238 2991 2545 3063 ὑπογράφει
2571 2993 2687 3065 ζῇν,
2717 2995 2850 3049 ἀλλά
2888 2998 3045 3067 μόνον
3079 2999 3362 3069 ἐκδέχεται
3401 3000 3458 3052 τὸ
3483 2999 3663 3068 θέλημα
3691 2993 3756 3047 τοῦ

2239 3080 2393 3135 Θεοῖν
2432 3081 2589 3152 καίγε
2625 3083 2694 3136 τὰ
2727 3084 3012 3156 πνεύματα
3033 3087 3133 3158 τῆς
3157 3088 3369 3160 πλάνης
3400 3091 3494 3142 οὐκ
3520 3088 3618 3159 (25)
3650 3084 3755 3155 ἰσχὺ-

2427 3174 2563 3245 πρὸς
2597 3176 2779 3231 αὐτόν.
2826 3178 2899 3231 Οὐ
2934 3177 3043 3251 γὰρ
3077 3175 3212 3234 εἶδεν
3249 3179 3587 3247 ἐπιδέξασθαι
3615 3178 3756 3239 κάλλος

2243 3265 2481 3335 θηλείας,
2518 3267 2605 3320 ἵνα
2631 3268 2703 3339 μὴ
2730 3269 2788 3323 ὲν
2822 3268 3117 3343 διαστροφῇ
3150 3273 3323 3346 μιάνῃ
3356 3273 3443 3326 τὸν
3475 3270 3588 3325 νοῦν
3618 3266 3753 3323 αὐτοῦ’

2240 3357 2299 3409 ού
2331 3355 2490 3426 ζῆλος
2514 3358 2571 3410 ἐν
2606 3358 2929 3424 διαϐουλίοις
2957 3360 3121 3413 αὐτοῦ
3143 3362 3513 3416 ἐπελεύσεται·
3535 3362 3587 3414 ού
3606 3360 3757 3429 ﬂam-

2240 3445 2327 3499 νία
2345 3447 2569 3518 ἐκτήκει
2596 3448 2772 3520 ψυχὴν
2796 3450 2981 3513 αὐτοῦ,
3000 3451 3120 3504 οὐδέ
3138 3454 3408 3524 πορισμὸν
3436 3453 3539 3522 (26)
3564 3455 3611 3503 ἐν
3632 3449 3758 3517 ἀπλη-

2242 3537 2365 3608 στίᾳ
2399 3538 2588 3591 ἐννοεῖ*
2628 3539 2913 3610 πορεύεται
2946 3541 3001 3594 δέ
3029 3543 3086 3594 ἐν
3107 3543 3364 3615 εύθύτητι
3400 3544 3535 3614 ζωῆς
3560 3543 3669 3611 (27),
3692 3541 3758 3591 καὶ

2241 3630 2417 3682 πάντα
2452 3633 2553 3703 ὁρᾷ
2575 3634 2632 3684 ἐν
2670 3632 2953 3704 ἁπλότητι,
3003 3636 3075 3707 μὴ
3112 3635 3491 3708 ἐπιδεχόμενος
3524 3634 3755 3705 ὀφθαλμοῖς

2241 3722 2504 3793 πονηρίας
2530 3722 2637 3775 ἀπὸ
2661 3723 2759 3794 τῆς
2782 3724 2987 3797 πλάνης
3012 3727 3105 3779 τοῦ
3136 3727 3365 3797 κόσμου,
3400 3730 3481 3781 ἵνα
3507 3727 3572 3799 μὴ
3596 3726 3665 3798 ἴδῃ
3682 3725 3757 3777 διες

2241 3813 2606 3885 στραμμένως
2631 3831 2683 3867 τι
2716 3814 2823 3869 τῶν
2847 3816 3076 3870 ἐντολῶν
3104 3818 3215 3890 (28)
3239 3819 3337 3872 τοῦ
3364 3820 3575 3891 Κυρίου.

2311 3963 2388 4017 E'.
2424 3983 2442 4015 ι
2465 3964 2741 4030 Φυλάξατε
2762 3962 2876 4032 οὖν,
2902 3968 3067 4022 τέκνα
3092 3987 3214 4041 μου,
3233 3972 3396 4043 νόμον
3420 3972 3565 4038 Θεοῦ,
3591 3971 3666 4025 καὶ
3686 3970 3756 4039 τὴν

2240 4056 2525 4128 ἁπλότητα
2561 4059 2857 4130 κτήσασθε,
2899 4062 2994 4115 καὶ
3030 4064 3088 4115 ἐν
3127 4064 3340 4136 ἀκακία
3378 4063 3673 4137 πορεύεσθε,
3703 4062 3755 4130 μὴ

2239 4147 2727 4221 περιεργαζόμενοι
2760 4153 2979 4217 ἐντολὰς
3003 4154 3229 4225 Κυρίου,
3250 4159 3346 4211 καὶ
3375 4157 3465 4210 τοῦ
3485 4154 3755 4227 πλησίοντὰς

2238 4240 2489 4313 πράξεις·
2529 4241 2643 4295 ἀλλ’
2680 4243 2929 4311 ἀγαπᾶτε
2968 4246 3173 4317 Κύριον
3211 4249 3307 4301 καὶ
3347 4249 3434 4303 τὸν
3464 4244 3756 4318 πλησίον,πέ-

2236 4349 2373 4404 νητα
2400 4334 2495 4386 καὶ
2516 4333 2714 4406 ἀσθενῆ
2733 4335 3010 4407 ἐλεήσατε.
3048 4338 3360 4403 Ὑποτίθεςε
3374 4341 3461 4394 τὸν
3474 4340 3623 4393 νῶτον
3641 4336 3753 4409 ὑμῶν

2235 4425 2317 4487 εἰς
2354 4425 2416 4477 τὸ
2438 4429 2722 4497 γεωργεῖν,
2752 4428 2843 4480 καὶ
2880 4427 3205 4501 ἐργάζεσθαι
3239 4433 3297 4485 ἐν
3332 4432 3503 4505 ἔργοις
3531 4429 3636 4502 γῆς,
3664 4426 3753 4481 καθ’

560 4505 691 4559 dum
723 4507 778 4559 in
812 4508 1069 4577 operibus
1104 4516 1283 4572 terraz,
1347 4506 1647 4562 secundum
1688 4520 2131 4575 unamquamque

2241 4514 2480 4585 ἐκάστην
2496 4516 2766 4587 γεωργίαν
2781 4516 2927 4588 δῶρα
2948 4517 3064 4587 μετ’
3084 4518 3429 4590 εὐχαριστίας
3445 4519 3613 4589 Κυρίῳ
3628 4530 3753 4587 προσ-

560 4598 954 4666 agriculturam
990 4600 1133 4654 dona
1164 4616 1287 4655 cum
1319 4599 1620 4670 gratiarum
1656 4599 1868 4654 actione
1899 4598 2130 4654 Domino

562 4691 879 4755 oll‘erentes;
912 4692 1171 4761 quoniam
1195 4692 1247 4747 in
1278 4693 1470 4761 primis
1492 4692 1826 4765 germinibus
1858 4691 2134 4748 fructuum

565 4795 721 4841 terra:
758 4786 1033 4842 benedixit
1062 4788 1160 4841 tibi
1204 4787 1488 4853 Dominus,
1532 4789 1673 4843 sicut
1711 4788 1987 4844 benedixit
2014 4806 2136 4845 om~

563 4877 725 4941 nibus
751 4879 974 4945 sanctis,
999 4880 1068 4933 ab
1108 4880 1242 4934 Abel
1276 4894 1449 4950 usque
1480 4882 1545 4935 ad
1592 4881 1694 4936 hoc
1740 4890 1975 4952 tempus.
2012 4880 2132 4937 Non

560 4970 706 5029 enim
747 4969 909 5024 datur
943 4971 1039 5025 tibi
1070 4972 1175 5026 alia
1207 4987 1354 5042 pars,
1387 4988 1551 5042 quam
1577 4974 1920 5043 pinguedinis
1952 4990 2129 5042 terrae,

560 5063 721 5131 cujus
757 5062 813 5116 in
846 5062 1127 5118 doloribus
1173 5073 1301 5117 sunt
1340 5062 1580 5131 fruetus;
1616 5065 1875 5133 quoniam
1898 5076 1951 5119 et
1980 5075 2131 5134 pater

562 5163 750 5208 noster
784 5152 953 5208 Jacob
978 5155 1034 5208 in
1082 5153 1550 5209 benedictionibus
1584 5163 1743 5209 terra;
1770 5164 1824 5211 et
1864 5157 2132 5226 primitia-

565 5263 686 5304 rutn
746 5245 1024 5303 fructuum
1078 5245 1356 5303 benedixit
1418 5246 1573 5301 mihi.
1604 5245 1672 5302 Et
1697 5245 1827 5302 Levi
1864 5232 1920 5303 et
1963 5245 2132 5303 Judas

636 5449 748 5522 (2|)
786 5452 1072 5522 Πονηρός.
1102 5449 1381 5522 Φθονερός.
1403 5449 1571 5522 (ἕλω.

635 5520 747 5589 νέξ)
801 5519 1136 5588 Τριάκοντα.
1175 5519 1366 5584 Πέντε,
1393 5519 1714 5579 ειὸἁςῦιιλβτ

793 5590 1067 5663 ᾨπώραν.
1107 5593 1295 5663 Ὥραν,
1334 5591 1408 5646 In.

637 5660 749 5732 (24)
787 5660 853 5717 Et
906 5673 1031 5718 tunc
1085 5660 1194 5732 ego.
1252 5661 1352 5719 Hic
1402 5661 1605 5733 aliquid
1659 5661 1847 5718 deesse
1892 5663 2123 5719 videtur.

563 5745 639 5786 ιο.

2240 4606 2525 4677 φέροντες·
2552 4608 2633 4660 ὅτι
2668 4609 2726 4662 ἐν
2763 4612 3251 4682 πρωτογεννήμασι
3284 4611 3503 4683 καρπῶν
3524 4610 3614 4680 γῆς
3641 4603 3753 4658 εὐλύ-

2236 4702 2376 4767 γησὲ
2417 4715 2475 4750 σε
2502 4698 2725 4770 Κύριος,
2754 4699 2937 4764 καθὼς
2952 4701 3209 4773 εὐλόγησε
3236 4704 3438 4767 πάντας
3454 4703 3571 4764 τοὺς
3590 4698 3750 4766 ἁγίους,

2237 4789 2350 4842 ἀπὸ
2385 4790 2551 4843 Ἀϐελ
2586 4791 2690 4855 ἕως
2712 4792 2805 4846 τοῦ
2832 4793 2946 4846 νῦν.
2979 4796 3052 4847 Οὐ
3078 4795 3186 4865 γὰρ
3208 4796 3411 4851 δέδοταί
3445 4812 3519 4847 σοι
3544 4791 3657 4859 ἄλλη
3680 4804 3749 4858 με·

2242 4882 2345 4952 ρὶς.
2371 4880 2404 4951 ἢ
2437 4883 2535 4953 τῆς
2558 4883 2811 4955 πιότητος
2848 4886 2947 4956 τῆς
2980 4887 3107 4958 γῆς,
3139 4882 3207 4957 ἧς
3230 4888 3287 4940 ὲν
3313 4888 3484 4948 πόνοις
3507 4886 3551 4938 oi
3576 4876 3748 4952 καρποὶ⁹

2238 4975 2320 5027 ὅτι
2353 4977 2447 5029 καὶ
2487 4978 2514 5029 ὁ
2555 4978 2737 5049 πατὴρ
2771 4978 2928 5049 ἡμῶν
2968 4978 3160 5032 Ἰακὼὸ
3199 4981 3255 5033 ἐν
3288 4978 3540 5048 εὐλογίαις
3570 4976 3656 5044 γῆς
3680 4968 3747 5021 καὶ

2240 5067 2502 5138 ἀπαρχῶν
2551 5068 2777 5139 καρπῶν
2823 5069 3089 5141 εὐλόγησέ
3144 5089 3232 5142 με.
3273 5072 3379 5124 Καὶ
3408 5071 3437 5122 ὁ
3480 5066 3597 5122 Λευῒ
3634 5060 3746 5115 καὶὸ

2253 5160 2420 5213 Ἰούδα
2444 5160 2804 5231 ἐδοξάσθησαν
2823 5161 2974 5232 παρὰ
3000 5162 3188 5234 Κυρίῳ
3211 5164 3267 5215 ἐν
3290 5164 3420 5224 υἱοῖς
3456 5152 3641 5212 Ἰακώϐ.
3664 5149 3743 5202 Καὶ

2240 5254 2348 5327 γὰρ
2379 5258 2408 5309 ὁ
2438 5256 2641 5327 Κύριος
2668 5255 2979 5329 ἐκλήρωσεν
3004 5256 3062 5311 ἐν
3084 5258 3289 5320 αὐτοῖς,
3312 5256 3402 5310 κα).
3426 5252 3498 5323 τῷ
3521 5258 3604 5322 μὲν
3618 5244 3741 5298 ἔδωκε

2310 5458 2424 5523 (25)
2463 5462 2603 5513 Οὐκ.
2626 5456 2809 5513 Οὐδέν.
2839 5463 2917 5515 In.

2332 5528 2421 5667 26)
2455 5532 2773 5608 Πορισμόν.
2812 5533 3217 5603 Περισπασμόν.
3254 5534 3333 5588 lo.

2332 5599 2397 5653 '27
2456 5603 2641 5666 Ζωης.
2671 5602 2881 5667 Ψυχῆς.
2910 5604 2986 5656 In.

2456 5599 2641 5666 Ζωῆς.
2671 5602 2881 5673 Ψυχῆς.
2897 5599 2986 5656 Ἰυ.

2332 5669 2417 5737 28)
2453 5669 2932 5741 Διεστραμμέὧίθως
2965 5691 3015 5726 τι
3042 5673 3154 5727 τῶν
3186 5672 3464 5729 ἐντολῶν.
3496 5673 3728 5737 Διεστίάίλθ

2242 5742 2407 5813 μένας
2433 5740 2528 5804 τὰς
2557 5741 2792 5809 ἐντολάς.
2830 5742 2905 5799 ID.

2309 5534 2328 5738 Ξ
