4002 6308
284 301 424 366 1089

1396 290 1921 349 TESTAMENTUM
1957 290 2299 350 ZABULON.

3394 305 3417 358 1
3427 304 3532 360 090

275 426 370 498 τὴν
402 416 693 493 ἱερατείαν,
725 414 806 488 τῷ
829 414 885 469 δὲ
920 411 1218 486 βασιλείαν.
1257 412 1450 475 Αύτοῖς
1484 413 1851 478 ὑπακούσατε,

1957 411 2244 485 gloriﬁcati
2277 419 2404 466 sunt
2453 425 2483 465 a
2530 410 2762 468 Domino
2812 413 2865 468 in
2913 413 3040 472 ﬁliis
3087 414 3274 474 Jacob.
3314 420 3532 481 Etenim

275 517 366 572 καὶ
396 515 461 583 τῇ
493 508 753 580 ἁπλότητι
775 506 869 563 τοῦ
894 504 1100 577 πατρὸς
1136 500 1289 574 ὑμῶν
1316 503 1747 574 περιπατήσατε·
1767 503 1848 555 ὅτι

276 608 365 663 καὶ
393 603 469 674 τῷ
506 601 613 655 Γάδ
650 600 807 671 ὲδόθη
830 596 1091 652 ἀπολέσαι
1130 593 1197 648 τὰ
1229 594 1562 666 πειρατήρια
1594 593 1663 647 τὰ
1696 596 1854 665 ἐπερ-

275 704 474 774 χόμενα
511 693 747 767 Ἰσραήλ.

341 979 429 1043 ς’.
463 993 483 1025 ‹
506 968 636 1027 Οἶδα
662 971 736 1037 δὲ,
756 971 919 1025 τέκνα
941 986 1061 1041 μου,
1080 968 1160 1022 ὅτι
1186 968 1242 1020 ὲν
1264 964 1508 1037 ἐσχάτοις
1531 963 1741 1035 καιροῖς
1760 978 1853 1015 και-

268 1066 608 1136 ταλείψουσιν
641 1065 691 1118 οι
718 1064 823 1117 uici
855 1061 1015 1134 ἡμῶν
1044 1060 1156 1131 (29)
1180 1060 1278 1130 τὴν
1296 1057 1593 1126 ἁπλότητα,
1612 1055 1708 1108 καὶ
1726 1054 1850 1107 κολ-

267 1159 588 1232 ληθήσονται
623 1158 688 1229 τῇ
728 1153 1022 1227 ἀπληστίᾳ·
1059 1153 1155 1205 καὶ
1196 1150 1428 1221 ἀφέντες
1465 1148 1564 1220 τὴν
1592 1142 1848 1211 ἀκακίαν,

266 1249 701 1324 προσπελάσουσι
736 1248 802 1317 τῇ
837 1243 1164 1315 κακουργίᾳ,
1194 1242 1287 1295 καὶ
1312 1238 1699 1300 καταλιπόντες
1737 1237 1847 1305 (50)

265 1342 362 1406 τὰς
402 1340 622 1403 ἐντολὰς
654 1336 880 1409 Κυρίου,
923 1333 1348 1406 κολληθήσονται
1382 1330 1459 1401 τῷ
1494 1328 1710 1401 Βελιάρ’
1756 1330 1850 1381 καὶ

266 1433 493 1503 ἀφέντες
522 1431 582 1484 τδ
603 1429 887 1500 γεώργιον,
935 1425 1415 1495 ὲξακολουθὴσουσι
1452 1424 1566 1484 τοῖς
1593 1423 1850 1493 πονηροῖς

266 1522 587 1586 διαϐουλίοις
607 1520 804 1585 αὐτῶν,
829 1518 925 1574 καὶ
942 1517 1406 1588 διασπαρήσονται
1430 1515 1488 1567 ὲν
1513 1517 1627 1578 τοῖς
1650 1514 1848 1575 ἔθνεσι,

267 1615 359 1669 καὶ
382 1612 724 1668 δουλεύσουσι
767 1612 879 1673 τοῖς
925 1609 1137 1680 ὲχθροῖς
1170 1604 1370 1659 αὐτῶν.
1415 1604 1527 1657 Καὶ
1559 1603 1721 1673 ὑμεῖς
1759 1598 1851 1655 οὖν

266 1705 453 1760 εἴπατε
479 1704 651 1759 ταῦτα
683 1704 796 1767 τοῖς
827 1701 1039 1762 τέκνοις
1073 1697 1252 1769 ὑμῶν,
1277 1697 1448 1759 ὅπως,
1485 1694 1578 1748 ἐὰν
1606 1694 1853 1765 ἁμαρτή-

1950 503 2096 559 Deus
2132 498 2504 558 haereditatem
2542 506 2841 576 assumpsit
2872 524 2940 563 ex
2980 512 3116 579 illis;
3150 522 3203 568 et
3252 513 3379 569 huic
3410 517 3533 585 qui-

1948 596 2072 651 dem
2124 596 2269 681 dedit
2315 596 2719 665 sacerdotium,
2770 599 2898 656 huic
2947 618 3079 659 vero
3128 621 3380 675 regnum.
3436 602 3532 665 Eis

1949 704 2081 759 ergo
2114 687 2348 757 obedite,
2383 698 2438 744 et
2474 690 2527 743 in
2553 690 2903 761 simplicitate
2937 696 3106 765 patris
3134 700 3298 753 vestri
3336 701 3533 755 ambu-

1949 784 2087 849 late;
2112 783 2372 852 quoniam
2405 792 2457 837 et
2485 776 2599 839 Gad
2631 787 2816 840 datum
2842 797 2925 843 est
2946 791 3170 858 perdere
3199 786 3534 851 tentationes

1949 875 2394 944 supervenientes
2428 875 2615 930 Israel.

2021 964 2110 1021 Vl.
2154 986 2172 1019 ι
2206 966 2343 1023 Novi
2372 983 2525 1034 vero,
2560 970 2654 1024 ﬁlii
2686 964 2814 1038 mei,
2852 973 2996 1043 quod
3020 976 3074 1027 in
3104 976 3364 1032 extremis
3390 986 3531 1032 tem-

1949 1061 2174 1131 poribus
2217 1058 2598 1131 derelinq'uent
2653 1058 2749 1119 ﬁlii
2798 1068 2966 1122 vestri
3018 1068 3422 1139 simplicitatem
3477 1080 3532 1127 et

1950 1152 2310 1207 adhaerebunt
2352 1154 2623 1215 avaritiae;
2666 1164 2720 1209 et
2766 1157 3097 1215 dimittentes
3137 1156 3530 1230 innocentiam,

1950 1244 2462 1314 appropinquabunt
2523 1235 2884 1317 malignitati;
2970 1259 3023 1305 et
3090 1244 3529 1323 derelinquentes

1950 1337 2203 1389 mandata
2246 1335 2374 1401 Dei,
2426 1337 2781 1392 adhmrebunt
2833 1334 3044 1409 Beliar;
3090 1351 3143 1395 et
3196 1346 3532 1401 dimittentes

1951 1428 2366 1497 agriculturam,
2396 1440 2693 1500 sequentur
2720 1432 3027 1500 perniciosa
3056 1435 3282 1488 consilia
3325 1452 3445 1504 sua,
3477 1447 3532 1494 et

1951 1510 2327 1590 dispergentur
2366 1523 2420 1576 in
2450 1525 2723 1593 gentibus,
2759 1535 2810 1578 et
2845 1526 3085 1581 servient
3115 1521 3354 1583 inimicis
3387 1526 3527 1586 suis.

1955 1611 2019 1665 Et
2051 1628 2149 1666 vos
2190 1613 2353 1682 igitur
2383 1614 2497 1668 haec
2518 1614 2683 1669 dicite
2713 1604 2836 1669 liliis
2867 1608 3086 1681 vestris,
3121 1626 3181 1671 ut
3210 1615 3252 1671 si
3284 1628 3527 1689 peccent,

1952 1709 2214 1763 velociter
2258 1717 2601 1763 revertantur
2641 1709 2708 1763 ad
2752 1709 3073 1778 Dominum;
3132 1711 3389 1781 quoniam
3427 1708 3532 1767 mi‘

268 1816 398 1854 σωσι
423 1796 761 1868 (51),τάχιον
783 1792 1154 1865 ἐπιστρέψωσι
1190 1790 1324 1862 πρὸς
1347 1788 1568 1860 Κύριονσ
1604 1788 1686 1840 ὅτι
1709 1786 1851 1857 ἐλεή-

1957 1802 2193 1855 sericors
2231 1809 2335 1870 est,
2377 1810 2431 1855 et
2467 1802 2660 1873 eripiet
2690 1818 2806 1870 eos,
2845 1814 2904 1860 ut
2938 1813 3283 1861 revertantur
3313 1806 3370 1861 in
3414 1816 3529 1863 ter-

269 1909 382 1962 μων
411 1892 546 1953 ἐστὶ,
589 1889 683 1942 καὶ
721 1882 980 1953 ὲξελεῖται
1010 1882 1230 1946 αὐτοὺς,
1271 1879 1365 1934 τοῦ
1404 1877 1729 1949 ἐπιπρέψαι
1766 1877 1847 1941 είς

264 1984 361 2056 τὴν
384 1986 487 2057 γῆν
510 1983 690 2038 αύτῶν
724 1980 859 2050 (52).

336 2077 410 2128 Z'.
446 2094 464 2126 ι
496 2073 624 2128 Ρκ6’
652 2072 789 2127 ἐτῶν
834 2072 949 2143 είμι
986 2067 1114 2138 ἐγώ·
1160 2064 1255 2121 καὶ
1298 2063 1398 2119 ούκ
1433 2062 1602 2132 ἔγνων
1636 2060 1724 2112 ἐπ’
1748 2057 1848 2130 ἐμὲ

265 2165 541 2237 ἁμαρτίαν
576 2166 655 2228 εἰς
694 2163 942 2216 θάνατον.
983 2160 1129 2230 Πλὴν
1152 2158 1254 2229 τῆς
1296 2153 1552 2225 γυναικός
1592 2170 1713 2223 μου,
1748 2151 1849 2202 ούκ

266 2258 439 2326 ἔγνων
464 2254 648 2325 ἄλλην·
690 2254 790 2306 οὐκ
825 2250 1127 2323 ὲπὸρνευσα
1149 2250 1206 2300 έν
1246 2243 1606 2318 μετεωρισμῴ
1646 2240 1847 2311 ὀφθαλ-

269 2347 406 2419 μῶν·
443 2343 584 2399 οἶνον
624 2346 703 2409 είς
746 2340 1117 2413 ἀποπλάνησιν
1157 2338 1256 2392 οὐκ
1302 2337 1472 2390 ἔπιοψ
1519 2335 1626 2388 πᾶν
1662 2331 1850 2385 ἐπιθύ-

270 2454 428 2509 μημα
456 2434 550 2488 τοῦ
575 2433 799 2505 πλησίον
828 2430 929 2484 οὐκ
960 2429 1222 2498 ἐπόθησαο
1244 2426 1393 2490 δόλος
1415 2425 1514 2478 ούκ
1540 2423 1755 2493 ἐγένετο
1788 2423 1847 2475 ὲν

267 2528 467 2599 καρδίᾳ
497 2542 617 2597 μουο
649 2523 841 2594 ψεῦδος
868 2523 969 2575 οὐκ
1003 2519 1200 2591 ἀνῆλθε
1223 2518 1310 2572 διὰ
1340 2516 1446 2571 τῶν
1475 2516 1697 2588 χειλέων
1725 2532 1847 2586 μου.

264 2619 441 2674 Παντὶ
467 2610 736 2689 ἀνθρώπῳ
764 2613 1086 2685 όδυνωμένῳ
1114 2609 1492 2676 συνεστέναξα,
1521 2608 1616 2662 καὶ
1650 2605 1851 2678 πτωχῷ

277 2710 555 2764 αετέδωκα
595 2708 685 2762 τὸν
727 2708 889 2779 ἄρτον
930 2723 1048 2777 μου.
1089 2705 1201 2758 Uine
1244 2702 1443 2773 ἔφαγον
1492 2701 1668 2773 μόνος·
1705 2701 1851 2771 ὅριον

263 2801 365 2853 οὐκ
394 2800 577 2865 ἔλυσα,
614 2798 893 2852 εὐσέϐειαν
916 2795 1150 2868 ἐποίησα
1176 2797 1233 2849 ὲν
1250 2796 1449 2858 πάσαις
1470 2792 1592 2856 ταῖς
1617 2791 1852 2863 ἡμέραις

264 2888 423 2958 ἐμοῦ,
445 2890 537 2941 κα)⁸
552 2887 805 2958 ἀληθειαν
832 2886 962 2956 (55).
988 2885 1091 2937 Τὸν
1113 2884 1315 2956 Κύριον
1338 2882 1599 2954 ἠγάπησα
1620 2881 1678 2935 ὲν
1703 2880 1854 2955 πάσῃ

264 2980 333 3047 τῇ
366 2976 512 3047 ἰσχύϊ
547 2993 670 3048 μουο
704 2972 906 3046 ὁμοίως
938 2974 1034 3027 κα)⁹
1068 2973 1243 3027 πάντα
1265 2972 1548 3045 ἄνθρωπον
1565 2972 1849 3042 ἠγάπησα,

267 3070 343 3133 ώς
376 3068 489 3138 (54)
514 3067 601 3137 ,τὰ
632 3067 797 3120 τέκνα
836 3076 956 3137 μου.
998 3064 1181 3117 Ταῦτα
1224 3064 1486 3133 ποιήσατε
1534 3063 1627 3115 καὶ
1671 3062 1849 3132 ὑμεῖς,

1950 1907 2065 1947 ram
2100 1907 2278 1947 suam.

2018 2058 2130 2125 Vll.
2170 2090 2189 2124 ‹
2221 2070 2449 2127 Centum
2482 2066 2671 2145 viginti
2707 2068 2816 2129 duo
2847 2086 3117 2129 annorum
3153 2091 3274 2131 sum
3303 2084 3439 2147 ego;
3470 2078 3525 2130 et

1947 2177 2058 2217 non
2088 2166 2318 2234 cognovi
2352 2182 2516 2236 super
2544 2182 2630 2222 me
2666 2178 2951 2236 peccatum
2988 2168 3039 2221 in
3083 2177 3335 2222 mortem.
3378 2168 3529 2222 Prm-

1949 2264 2032 2310 ter
2060 2272 2285 2311 uxorem
2322 2274 2519 2326 meam,
2563 2274 2673 2313 non
2706 2258 2935 2329 cognovi
2970 2252 3166 2327 aliam;
3206 2276 3313 2315 non
3358 2256 3532 2316 furni-

1950 2352 2106 2403 catus
2129 2364 2251 2404 sum
2288 2344 2344 2404 in
2374 2350 2608 2406 elatione
2643 2352 2927 2407 oculorum
2954 2370 2969 2418 ;
3002 2354 3187 2406 vinum
3221 2354 3273 2406 in
3306 2353 3529 2408 aberra‘

1952 2440 2154 2494 tionem
2189 2455 2299 2494 non
2344 2441 2491 2509 bibi;
2536 2456 2701 2496 omne
2740 2442 3099 2497 desiderabile
3138 2442 3371 2513 proximi
3418 2454 3528 2498 non

1952 2534 2292 2602 desideravi;
2342 2532 2503 2593 dolus
2552 2553 2659 2592 non
2712 2537 2889 2595 factus
2938 2549 3022 2594 est
3072 2540 3127 2593 in
3175 2541 3337 2596 corde
3372 2548 3526 2608 meo;

1953 2625 2299 2682 mendacium
2333 2643 2441 2683 non
2479 2629 2726 2707 ascendit
2760 2646 2855 2701 per
2882 2631 3025 2687 labia
3058 2648 3199 2688 mea.
3232 2627 3393 2687 Omni
3426 2628 3530 2686 ho-

1953 2720 2088 2775 mini
2113 2720 2303 2776 dolore
2328 2723 2574 2779 cruciato
2601 2723 2918 2795 congemui,
2946 2733 2999 2779 et
3028 2726 3251 2796 pauperi
3276 2723 3398 2781 dedi
3434 2740 3532 2796 pa-

1954 2828 2077 2867 nem
2123 2829 2329 2868 meum.
2381 2806 2498 2870 Non
2553 2817 2765 2872 comedi
2820 2812 3006 2881 solus;
3064 2819 3358 2872 terminum
3421 2833 3529 2872 non

1956 2903 2127 2969 solvi;
2163 2906 2419 2973 pietatem
2458 2898 2562 2962 feci
2614 2908 2667 2962 in
2710 2909 2966 2965 omnibus
3013 2909 3204 2965 diebus
3255 2904 3433 2977 meis,
3475 2920 3532 2968 et

1955 2999 2260 3056 veritatem.
2293 3002 2582 3057 Dominum
2608 3004 2772 3060 dilexi
2803 3005 2859 3060 in
2890 3012 3003 3061 tota
3035 3000 3355 3062 fortitudine
3378 3024 3526 3073 mea;

1957 3090 2209 3147 similiter
2240 3101 2295 3147 et
2316 3109 2534 3150 omnem
2568 3096 2844 3153 hominem
2878 3099 3064 3166 dilexi,
3099 3108 3157 3153 ut
3180 3099 3319 3155 ﬁlios
3353 3117 3528 3158 meos.

264 3159 432 3213 τέκνα
460 3176 583 3230 μου,
609 3158 702 3211 καὶ
727 3156 834 3210 πᾶν
865 3152 1083 3227 πνεῦμα
1112 3153 1205 3208 τοῦ
1238 3153 1436 3225 Βελιάρ
1476 3152 1731 3223 φεύξεται
1753 3153 1845 3223 ἀφ’

1963 3143 1978 3145 _
2247 3143 2293 3147 --
2879 3143 3064 3166 -..πη
3101 3143 3157 3153 μ-
3180 3143 3319 3155 um...
3355 3143 3528 3158 ...ννιη

1955 3181 2080 3239 Haec
2116 3195 2171 3240 et
2203 3202 2298 3241 vos
2344 3186 2593 3254 faciatis,
2644 3191 2740 3244 ﬁlii
2782 3192 2921 3258 mei,
2964 3200 3018 3246 et
3062 3193 3244 3247 omnis
3301 3193 3533 3259 spiritus

265 3249 443 3322 ὑμῶν,
468 3252 564 3304 καὶ
599 3246 746 3303 πᾶσα
782 3245 981 3321 πρᾶξις
1019 3246 1269 3319 πονηρῶν
1310 3246 1614 3318 ἀνθρώπων
1647 3247 1707 3299 ού
1748 3257 1848 3300 κυ-

267 3343 475 3415 ριεύσει
491 3342 663 3414 ὑμῶν’
688 3341 781 3394 καὶ
798 3340 971 3393 πάντα
988 3340 1175 3411 ἄγριον
1193 3338 1332 3410 θῆρα
1346 3336 1844 3401 καταδουλώσεσθε,

263 3432 483 3504 ἔχοντες
513 3432 628 3503 μεθ’
657 3430 866 3484 ἑαυτῶν
889 3429 1021 3482 Θεὸν
1049 3428 1143 3481 τοῦ
1168 3428 1415 3501 ούρανοῦ-
1448 3428 1850 3500 συμπορευόμε-

264 3541 341 3579 vat
364 3527 479 3588 τοῖς
502 3521 809 3595 ἀνθρώποις
834 3522 889 3574 ἐν
918 3518 1179 3591 ἁπλότητι
1200 3520 1448 3591 καρδίας.
1475 3539 1493 3572 ι
1516 3521 1625 3574 Καὶ
1650 3519 1849 3572 ἐνετεί-

262 3618 393 3669 λατο
417 3616 625 3678 αὐτοῖς,
651 3614 797 3675 ὅπως
818 3612 1089 3679 ἀνάγωσιν
1121 3611 1283 3665 αὐτὸν
1321 3613 1379 3664 έν
1411 3608 1659 3685 Χεϐρὼν,
1688 3611 1849 3664 κάκεῖ

265 3708 425 3761 αὐτὸν
466 3706 708 3772 θάψωσιν
734 3705 792 3757 ὲν
822 3704 898 3775 τῷ
925 3704 1173 3777 σπηλαίῳ
1210 3703 1470 3776 μετὰτῶν
1488 3704 1738 3775 πατέρων
1752 3704 1849 3755 αύ-

264 3801 375 3854 τοῦ.
416 3800 531 3852 Καὶ
563 3796 793 3861 ἐξέτεινε
827 3798 953 3862 τοὺς
1001 3797 1167 3860 πόδας
1215 3795 1400 3861 αὐτοῦ,
1448 3797 1543 3848 καὶ
1581 3794 1849 3847 ἀπέθανεν

266 3893 520 3963 πέμπτος
557 3891 669 3961 (55)
693 3891 751 3943 ὲν
775 3893 935 3961 γήρει
969 3888 1139 3959 καλῷ,
1166 3890 1274 3943 πᾶν
1321 3888 1479 3960 μέλος
1509 3888 1648 3959 ἔχων
1677 3887 1848 3957 ὑγιὲς,

266 3986 356 4038 καὶ
389 3983 595 4054 ἰσχύων
630 3978 877 4037 ὕπνωσεν
910 3980 1080 4035 ὕπνον
1114 3980 1353 4034 αἰώνιον.

809 4222 1205 4278 ΚΕΦΑΛΑΙΟΝ
1247 4225 1340 4290 εῖν.

347 4334 610 4404 Διαθήκη
648 4334 1159 4459 Ζαϐουλὼνέἱὶἔτερί
1186 4332 1641 4402 εὐσπλαγχνίας
1672 4331 1772 4386 καί

1051 4422 1181 4459 ουρ.

1051 4422 1181 4470 ους.

337 4522 416 4574 A'.
474 4519 827 4591 Ἀντίγραφον
857 4516 1139 4571 Ζαϐουλὼν
1158 4556 1172 4579 ,
1208 4517 1236 4569 ὃ
1269 4516 1472 4570 διέθετο
1494 4519 1605 4581 τοῖς
1637 4517 1847 4581 τέκνοις
1876 4486 1924 4543 D

270 4611 432 4665 αὐτοῦ
470 4610 744 4680 ἑκατοστῷ
778 4608 1196 4680 τεσσαρακοστῷ
1230 4607 1341 4678 (56)
1382 4608 1476 4661 καὶ
1507 4607 1716 4677 δεκάτῳ
1740 4606 1851 4659 ἔτει

269 4703 363 4773 τῆς
402 4701 549 4772 ζωῆς
593 4700 777 4763 αὐτοῦ,
809 4699 947 4771 μετά
982 4699 1076 4752 δύο
1111 4700 1206 4770 ἐτη
1232 4698 1325 4752 τοῦ
1350 4698 1579 4769 θανάτου
1628 4699 1846 4770 Ἰωσήφ.

270 4793 377 4847 Καὶ
403 4788 557 4845 εἷπεν
590 4792 791 4855 αὐτοῖς·
835 4810 854 4842 ι
907 4790 1200 4843 Ἀκούσατέ
1267 4807 1367 4860 μου
1393 4829 1408 4854 ,
1469 4790 1576 4841 υἱοὶ
1638 4789 1845 4842 Ζαϐου-

340 4967 454 5041 (29)
503 4967 705 5041 Ἠμῶν.
754 4966 937 5041 ⁹γελῶν
961 4973 1092 5041 puto
1116 4965 1433 5041 legendum,
1469 4962 1547 5019 uti
1577 4960 1851 5041 Robertus

271 5032 470 5119 legisse
504 5032 751 5119 videtur;
794 5032 917 5119 licet
952 5032 1285 5119 Oxoniensi‘s
1321 5037 1526 5105 pariter
1565 5049 1630 5089 ac
1655 5032 1853 5089 Canta-

274 5106 568 5180 brigiensis
598 5111 768 5164 codex
796 5108 994 5161 habeat
1035 5106 1211 5180 ἡμῶν.
1241 5108 1317 5180 In.

366 5176 455 5251 50)
490 5180 953 5243 Καταλιπόντες.
992 5176 1532 5248 Καταλιμπάνοντες.
1570 5176 1650 5229 ID.

366 5252 456 5303 51)
503 5249 934 5303 Ἀααοτήσωσι.
984 5248 1317 5303 Ἀμάοτωσι.
1347 5248 1423 5302 In.

366 5254 427 5307 51
503 5254 934 5319 Ἀμαρτήσωσι.
984 5254 1317 5319 Ἀμάρτωσι.
1348 5254 1423 5302 In.

366 5254 456 5392 52)
467 5321 573 5375 Τοῦ
589 5319 942 5392 ἐπιστρέψαι
958 5321 1043 5392 εὶς
1059 5317 1172 5392 τὴν
1188 5317 1304 5392 γῆν
1318 5314 1848 5392 αὑτῶνζυεευημῐυ.

494 5386 820 5463 Εὐσέϐειαν
833 5386 1181 5463 ἐποζῃσᾳῄἐν
1196 5386 1431 5463 πάσαις
1452 5387 1580 5463 ταῖς
1602 5386 1850 5463 ἡμέραις

276 5458 447 5532 ἐμοῦ,
470 5462 567 5515 καὶ
601 5460 905 5532 ἀλήθειαν.
925 5458 1236 5532 ,Εὐσέϐειαν
1258 5460 1508 5532 ἐποίησα,
1540 5460 1597 5512 έν
1646 5459 1850 5521 πάσαις

277 5530 394 5597 ταῖς
424 5534 655 5655 ἡμέϐαις
688 5532 786 5602 μου
810 5531 1064 5654 ἀληθειαν
1094 5530 1346 5602 ἐποίησα.
1377 5530 1453 5587 1b.

348 5602 457 5657 (54)
506 5603 517 5619 ’
570 5623 621 5657 c.
673 5601 861 5657 Ὑπὲρ.
925 5619 976 5656 n.

608 5641 621 5652 .
701 5619 723 5654 ι
739 5619 861 5656 περ.
901 5619 976 5656 ω.

348 5604 457 5743 (δι)
506 5604 621 5667 Ὧς.
673 5604 861 5671 Ὑπέρ.
901 5604 976 5656 In.

369 5674 458 5743 55)
492 5671 781 5739 Πέμπτος.
821 5673 997 5743 Deest.
1030 5674 1107 5727 lo.

349 5741 456 5815 (56)
498 5741 982 5811 Τεσσαραλιοστῷ.
1036 5743 1291 5814 Τετάρτῳ
1342 5741 1678 5815 legendum,
1724 5743 1850 5800 licet

503 5249 934 5319 Ἀμαρτήσωσι.
984 5248 1317 5319 Ἀμάρτωσι.
1347 5248 1423 5302 In.

1945 3280 2122 3336 Beliar
2152 3277 2323 3350 fugiet
2348 3294 2378 3334 a
2409 3281 2600 3349 vobis;
2635 3291 2689 3339 et
2719 3284 2899 3339 omnis
2928 3287 3071 3340 actio
3094 3285 3532 3354 perniciosorum

1945 3371 2228 3426 hominum
2264 3388 2374 3426 non
2403 3374 2778 3429 dominabitur
2815 3373 3002 3441 vobis;
3032 3383 3086 3429 et
3126 3390 3342 3430 omnem
3375 3393 3534 3448 agre-

1946 3471 2082 3518 stem
2113 3463 2283 3518 feram
2313 3465 2557 3520 servituti
2590 3466 2917 3537 subjicietis,
2949 3467 3212 3523 habentes
3246 3470 3531 3526 vobiscum

1947 3554 2117 3610 Deum
2146 3557 2267 3611 caeli
2294 3575 2309 3623 ;
2342 3557 2685 3613 ambulantes
2711 3574 2835 3613 cum
2878 3558 3196 3615 hominibus
3238 3561 3291 3614 in
3324 3562 3535 3632 simpli-

1947 3650 2109 3705 citate
2140 3649 2345 3705 cordis.
2390 3669 2410 3701 ι
2444 3648 2510 3704 Et
2554 3650 2833 3706 mandavit
2871 3653 2975 3717 eis,
3014 3662 3074 3709 ut
3103 3654 3372 3710 reducant
3402 3673 3530 3712 eum

1947 3741 2003 3796 in
2039 3741 2280 3808 Hebron,
2312 3751 2363 3797 et
2406 3743 2517 3798 illic
2547 3758 2672 3797 eum
2718 3743 2984 3813 sepeliant
3019 3746 3074 3799 in
3115 3747 3373 3817 spelunca
3405 3765 3532 3804 cum

1949 3835 2199 3904 patribus
2249 3835 2385 3890 suis.
2425 3834 2492 3890 Et
2522 3836 2764 3890 extendit
2810 3836 2975 3905 pedes
3014 3853 3166 3904 suos,
3199 3848 3251 3893 et
3280 3850 3531 3898 mortuus

1949 3936 2031 3981 est
2065 3927 2288 3997 quintus
2331 3928 2499 3998 (ﬁlius
2547 3927 2716 4000 Liae),
2750 3928 2804 3983 in
2848 3939 3128 3985 senectute
3155 3931 3317 3996 bona,
3357 3949 3524 3989 omne

1951 4018 2253 4073 membrum
2292 4019 2499 4075 habens
2522 4034 2741 4087 sanum,
2779 4028 2833 4075 et
2860 4030 3054 4090 potens
3093 4022 3356 4079 dormivit
3382 4041 3535 4083 som-

1952 4126 2082 4165 num
2112 4120 2455 4181 perpetuum.

2562 4226 2793 4282 CAPUT
2836 4227 2923 4283 VI.

1959 4340 2345 4395 Testamentum
2384 4340 2665 4426 Zabulon,
2694 4343 3247 4467 dedcommiseratione
3290 4351 3341 4399 et
3370 4345 3530 4401 mise.

2619 4430 2758 4467 rtcor
2797 4431 2868 4467 ια.

2619 4430 2868 4468 ηεοταια.

2022 4526 2061 4582 1.
2111 4527 2528 4599 Transcriptum
2579 4528 2823 4583 Zahulon
2849 4570 2863 4595 ,
2902 4529 3047 4598 quod
3086 4527 3357 4597 disposuit
3402 4530 3532 4586 ﬁliis

1956 4622 2070 4677 suis
2112 4624 2413 4676 centesimo
2440 4621 2654 4677 decimo
2685 4631 2882 4692 quarto
2907 4637 3053 4676 anno
3080 4623 3205 4679 vitze
3234 4640 3369 4691 suat,
3408 4634 3529 4695 post

1953 4714 2095 4769 duos
2128 4729 2304 4768 annos
2336 4713 2528 4768 mortis
2575 4712 2796 4784 Joseph.
2835 4713 2903 4769 Et
2938 4716 3079 4771 dixit
3104 4717 3184 4772 eis
3216 4735 3229 4772 :
3276 4736 3294 4770 ι
3329 4717 3528 4773 Audite

1953 4820 2059 4872 me,
2086 4804 2178 4859 ﬁlii
2212 4803 2485 4872 Zabulon,
2518 4805 2780 4862 attendite
2805 4807 2986 4863 verbis
3010 4810 3180 4879 patris
3203 4811 3388 4866 vestri.
3416 4810 3530 4878 Ego

1952 4975 2068 5050 tam.
2096 4966 2148 5020 in
2182 4963 2509 5031 Oxoniensi,
2553 4982 2716 5050 quam
2750 4967 3190 5050 Cantabrigiensi
3213 4970 3403 5050 codice
3432 4969 3533 5025 ha-

1953 5040 2143 5109 beatur
2176 5039 2629 5109 τεσσαρακοστῷ,
2666 5039 2917 5108 quamvis
2958 5039 3138 5095 in’illo
3175 5040 3365 5094 ultima
3402 5056 3533 5109 pars

1952 5106 2129 5179 hujus
2166 5107 2317 5179 vocis
2351 5106 2534 5179 deleta
2570 5106 2699 5174 sit,_
2720 5109 2866 5178 quod
2894 5125 3064 5179 error
3106 5106 3529 5179 chronologicus

1952 5177 2469 5248 deprehenderetur.
2494 5177 2685 5233 Ruben
2709 5177 2855 5233 enim
2881 5178 3052 5234 frater
3073 5188 3204 5233 natu
3229 5177 3528 5248 maximus,

1952 5249 2144 5302 eodem
2217 5262 2327 5319 quo
2374 5246 2621 5319 zabulon
2667 5264 2843 5315 anno,
2880 5250 3119 5304 secundo
3162 5250 3370 5319 scilicet
3405 5246 3534 5319 post

1952 5327 2183 5372 mortem
2230 5318 2476 5387 Josephi,
2507 5318 2796 5374 defunctus
2845 5319 3045 5374 dicitur
3087 5333 3252 5388 supra
3296 5318 3530 5375 Testam.

1952 5388 2056 5462 I,§
2094 5388 2145 5462 1.
2175 5388 2421 5462 Atquiig.
2446 5388 2673 5462 _ibider_n
2709 5399 2960 5462 mortuus
2997 5388 3211 5462 dicitur
3235 5389 3339 5444 125
3386 5407 3532 5444 anno

1952 5457 2078 5514 vitae
2096 5457 2285 5528 ipsius.
2308 5457 2426 5513 Non
2445 5459 2609 5529 igitur
2625 5458 2890 5524 Zabulon,
2916 5458 3305 5529 fraterjunior,
3324 5475 3531 5514 annum

1955 5530 2059 5584 150
2090 5530 2356 5600 attingere
2386 5528 2579 5598 potuit,
2609 5530 2704 5585 sed
2742 5530 2930 5598 utique
2974 5528 3075 5583 114
3098 5528 3251 5584 anno
3278 5542 3533 5586 mortuus

1954 5610 2056 5665 est,
2087 5610 2147 5682 ut
2172 5599 2351 5654 Latini
2383 5602 2599 5655 codices
2622 5641 2639 5667 ,
2679 5600 3040 5711 manuscrigti
3085 5602 3291 5671 pariter
3321 5617 3385 5658 ac
3426 5604 3532 5656 im-

1955 5686 2129 5711 nrncct
2182 5671 2397 5711 Imhnnl,
2433 5669 2537 5711 9m!
2564 5672 2617 5711 in
2656 5670 2743 5711 Ιιίει
2766 5670 2903 5711 ιηειιρ
2927 5670 2962 5711 Κ
2989 5706 2997 5711 .
3055 5686 3154 5711 nm
3182 5672 3397 5711 dnnlm:
3433 5690 3531 5711 an-

1955 5664 2152 5743 pressi,
2172 5671 2400 5743 habent.
2433 5669 2539 5726 Sed
2563 5664 2633 5728 in
2656 5670 2743 5727 his
2765 5670 2904 5725 male
2927 5664 3018 5738 52,
3053 5664 3154 5743 ρῐο
3182 5672 3399 5731 duobus
3432 5690 3531 5728 au-

1958 5742 2045 5796 nis
2067 5741 2229 5811 positi
2259 5753 2404 5799 sunt.
2432 5743 2506 5800 In.
