4002 6308
194 316 356 376 1093

1328 310 1850 377 TESTAMENTUM
1889 310 2233 379 ZABULON.

3338 325 3480 385 ιθει

192 432 523 504 ἀναστῆσαι
559 431 639 505 τῷ
674 429 887 503 ἀδελφῷ
916 427 1103 495 αὑτοῦ,
1135 430 1567 503 ύπολυθήσεσθαι
1593 431 1702 504 (46)
1729 432 1791 487 τὸ

1901 452 2075 493 semen
2126 435 2281 492 fratri
2350 452 2488 501 suo,
2537 435 2856 493 solvendum
2903 438 3371 507 calc‘eamentum,
3423 456 3477 500 (ιι

193 526 490 596 ὑπόδημα,
531 526 626 578 καὶ
664 524 1001 596 ἐμπτύεσθαι
1044 526 1123 589 είς
1163 524 1224 577 τὸ
1267 523 1575 595 πρόσωπον.
1610 525 1722 577 Kal
1748 526 1799 577 οί

190 617 437 686 ἀδελφοὶ
480 617 678 688 Ἰωσὴφ
708 618 810 670 οὐκ
840 617 1113 689 ἠθέλησαν
1143 617 1223 679 εἰς
1250 615 1361 687 (47)
1393 614 1539 688 ζωὴν
1567 614 1797 687 ἀδελφοῦ

191 709 393 763 αὐτῶν
415 727 431 740 ·
467 712 562 765 καὶ
575 710 780 782 Κύριος
812 709 1079 763 ὑπέλυσεν
1107 710 1291 772 αὐτοῖς
1317 709 1380 761 τὸ
1408 709 1661 780 ὑπόδημα
1687 711 1800 764 Ἰω-

195 805 315 874 σήφ
354 802 495 874 (48).
523 803 634 857 Kal
665 802 774 875 γὰρ
800 802 1043 866 ἐλθόντες
1070 803 1129 855 ἐν
1150 800 1429 872 Αἰγύπτῳ,
1454 800 1798 873 ὑπελύθησαν

194 894 310 947 ὑπὸ
354 894 474 948 τῶν
523 893 726 948 παίδων
784 894 1002 965 Ἰωσὴφ,
1032 892 1176 948 κατά
1214 890 1308 946 τὸν
1351 892 1520 946 τύπον
1556 892 1650 945 τοῦ
1693 892 1801 946 Φα-

196 983 323 1057 ραώ
372 984 516 1057 (50).
568 985 643 1040 ού
690 985 848 1057 μόνον
896 984 954 1038 δέ
996 982 1409 1057 προσεκύνησαν
1450 983 1617 1055 αὐτῷ,
1662 982 1799 1037 ἀλλά

191 1080 296 1132 καὶ
333 1078 772 1150 ἐνεπτύσθησαν,
816 1080 1155 1152 παραχρῆμα
1196 1079 1451 1141 πεσόντες
1492 1076 1797 1148 ἔμπροσθεν

192 1170 377 1225 αὑτοῦ
401 1186 416 1201 ο
455 1173 549 1226 καὶ
577 1171 749 1235 οὕτως
774 1171 1120 1243 ᾐσχύνθησαν
1163 1169 1474 1243 ἔμπροσθεν
1504 1168 1614 1220 τῶν
1634 1168 1799 1236 Λίγυ-

192 1262 407 1317 πτίων.
438 1263 593 1317 Μετὰ
613 1263 784 1316 ταῦτα
812 1263 921 1333 γάρ
958 1264 1196 1333 ἥκουσαν
1232 1263 1281 1316 οἱ
1305 1259 1593 1330 Αἰγύπτιοι
1624 1259 1799 1314 πάντα

190 1353 267 1408 τά
299 1355 463 1409 κακά
500 1355 536 1409 ἃ
565 1356 905 1426 ἐποιήσαμεν
933 1354 1012 1426 τῷ
1050 1356 1267 1426 Ἰωσήφ.

270 1449 351 1499 Δ’.
428 1466 449 1499 ‹
492 1446 645 1501 Μετά
686 1446 857 1500 ταῦτα
901 1445 1091 1501 ἐσαλον
1136 1446 1337 1499 ἐσθίειν
1385 1446 1603 1499 ἐκεῖνοι.
1657 1441 1798 1513 Ἐγὼ

193 1540 315 1612 γὰρ
367 1538 472 1592 δύο
520 1538 731 1610 ἡμέρας
782 1539 877 1592 καὶ
921 1539 1016 1592 δύο
1061 1537 1259 1599 νύκτας
1307 1536 1408 1590 οὐκ
1460 1535 1794 1607 ἐγευσάμην,

198 1630 718 1702 πλαγχνιζὸμενος
762 1630 856 1684 ἐπὶ
895 1626 1113 1699 Ἰωσήφ.
1162 1630 1268 1684 Καὶ
1313 1626 1516 1691 Ἰούδας
1549 1625 1610 1679 ού
1646 1624 1799 1678 συνέ-

196 1739 431 1794 τρωγεν
461 1722 644 1785 αὐτοῖς
665 1736 680 1751 ο
714 1722 967 1792 προσεῖχε
996 1719 1053 1775 δέ
1072 1716 1149 1788 τῷ
1178 1718 1388 1788 λάκκῳ,
1415 1717 1497 1770 ὃτι
1531 1714 1793 1786 ἐφοϐεῖτο,

322 1791 781 1885 ἀποπηδήσαντες
815 1810 1038 1881 Συμεὼν
1067 1810 1162 1864 καὶ
1186 1810 1295 1866 Γὰδ
1324 1808 1583 1862 ἀνέλωσιν
1613 1806 1793 1860 αὐτόν.
1826 1791 1870 1846 Β

202 1906 322 1957 Kal
369 1906 609 1976 ὁρῶντες
646 1904 790 1975 κάμὲ
839 1903 912 1975 μὴ
957 1902 1235 1966 ἐσθίοντα,
1280 1900 1461 1953 ἐθεντό
1498 1916 1565 1971 με
1608 1902 1796 1970 τηρεῖν

201 1996 404 2059 αὐτὸν,
458 1996 562 2059 ἓως
613 1991 675 2050 οὗ
714 1995 949 2066 ἐπράθη.
1008 1988 1259 2065 Ἐποίησε
1298 1993 1356 2046 δὲ
1398 1993 1455 2047 ἐν
1492 1990 1571 2062 τῷ
1610 1991 1797 2062 λάκκῳ

202 2089 368 2161 τρεῖς
414 2086 626 2158 ἡμέρας
668 2086 763 2138 καὶ
782 2088 931 2156 τρεῖς
971 2083 1189 2149 νύκτας,
1234 2083 1329 2138 καὶ
1372 2082 1545 2146 οὕτως
1582 2082 1794 2155 ἐπράθη

203 2173 428 2239 ἄσιτος.
468 2176 579 2228 Καὶ
616 2175 853 2239 ἀκούσας
895 2174 1155 2246 Ῥουδὴμ,
1199 2177 1281 2229 ὅτι
1313 2176 1526 2249 ἐπράθη
1568 2178 1798 2242 ἀπόντος

205 2268 411 2334 αὐτοῦ,
442 2270 893 2341 περισχισάμενος
922 2267 1157 2339 ἐθρήνει,
1188 2269 1381 2337 λέγων⁸
1451 2270 1576 2334 Πῶς
1594 2271 1796 2343 ὄψομαι

203 2360 270 2413 τὸ
319 2361 613 2434 πρόσωπον
670 2360 862 2414 Ἰακὼὸ
889 2358 984 2413 τοῦ
1031 2360 1236 2431 πατρός
1290 2378 1429 2432 μου;
1460 2362 1569 2415 Kal
1615 2362 1798 2418 λαϐὼν

201 2450 271 2503 τὸ
315 2451 605 2523 ἀργύριον,
655 2450 964 2523 κατέδραμε
1020 2449 1131 2521 (51)
1185 2453 1296 2514 τοῖς
1352 2452 1655 2523 ἐμπόροις,
1701 2456 1798 2508 καὶ

204 2541 374 2595 οὐδὲν
404 2541 515 2613 (52)
566 2533 753 2612 εὗρενσ
804 2541 1032 2611 ἀφέντες
1061 2541 1168 2612 γάρ
1192 2543 1290 2613 τὴν
1327 2539 1442 2595 ὁδὸν
1486 2544 1587 2615 τήν
1630 2546 1798 2615 μεγά-

206 2631 341 2702 λην,
390 2632 764 2704 ἐπορεύθησαν
808 2632 898 2686 διά
940 2632 1439 2704 τρωγλοκολπητῶν
1471 2632 1584 2705 (55)
1631 2636 1687 2687 ἐν
1728 2639 1795 2708 τῇ

210 2723 477 2795 συντόμῳ
496 2741 510 2754 ο
547 2725 641 2778 καὶ
671 2724 771 2777 οὐκ
814 2724 981 2793 ἔφαγε
1026 2718 1265 2795 Ῥουόὴμ
1306 2725 1416 2795 (54)
1448 2726 1608 2798 άρτον
1640 2726 1698 2780 ἐν
1728 2729 1794 2798 τῇ

213 2813 414 2885 ἡμέρᾳ
463 2814 668 2889 ἐκείνῃ.
712 2814 1030 2887 Προσελθὼν
1074 2812 1166 2869 οὖν
1210 2816 1239 2868 ὁ
1281 2814 1388 2868 Δάν
1430 2810 1582 2870 εἶπεν
1625 2816 1793 2887 αὐτῷ·

217 2908 352 2978 «Μὴ
387 2907 561 2973 κλαῖε,
607 2909 742 2981 μηδέ
795 2910 1013 2964 πένθει’
1047 2905 1202 2982 εὖρον
1238 2908 1345 2982 γάρ
1371 2910 1423 2963 τί
1446 2910 1688 2983 εἴπωμεν
1718 2911 1797 2983 τῷ

213 3002 396 3074 πατρὶ
428 3003 582 3074 ἡμῶν
627 3003 839 3058 Ἰακώϐ.
876 3003 1121 3075 Θύσομεν
1159 3004 1270 3076 (55)
1306 3004 1571 3077 χίμαρῥον
1602 3007 1796 3076 αίγῶν,

214 3093 315 3145 καὶ
361 3092 679 3165 ἐμϐάψομεν
727 3092 820 3147 τὸν
866 3095 1073 3166 χιτῶνα
1129 3092 1347 3165 Ἰωσὴφ,
1395 3097 1494 3190 καὶ
1529 3097 1792 3169 ἐροῦμεν·
1821 3132 1863 3190 c

227 3184 550 3253 Ἑπίγνωθι,
593 3187 641 3238 εί
669 3184 832 3256 χιτὼν
863 3186 957 3239 τοῦ
991 3184 1109 3239 υῑοῦ
1135 3184 1227 3238 σού
1264 3186 1411 3239 ἐστιν
1438 3180 1591 3251 οὗτος
1610 3186 1742 3260 (56)-
1770 3209 1789 3243 ι

211 3276 306 3330 τὸν
334 3274 450 3347 γὰρ
486 3274 686 3346 χιτῶνα
716 3275 811 3330 τοῦ
842 3277 1046 3349 πατρὸς
1077 3276 1232 3348 ήμῶν
1264 3275 1518 3342 ἐξέδυσαν
1552 3278 1643 3333 τὸν
1686 3280 1797 3334 Ἰω-

215 3367 326 3439 σὴφ
357 3369 422 3420 ἐν
448 3367 528 3438 τῷ
562 3368 775 3439 μέλλειν
814 3370 1146 3440 πιπράσκειν
1178 3368 1360 3432 αὑτὸν,
1407 3371 1501 3423 καὶ
1540 3372 1795 3426 ἐνέδυσαν

213 3458 383 3512 αὑτὸν
435 3459 645 3529 ἱμάτιον
690 3460 917 3513 παλαιὸν
958 3459 1164 3513 δούλου.
1200 3458 1304 3514 Τὸν
1340 3463 1397 3516 δὲ
1434 3463 1641 3535 χιτῶνα
1682 3460 1796 3534 εἶχε

209 3546 471 3619 Συμεὼν,
503 3550 598 3602 καὶ
624 3551 723 3603 οὐκ
751 3550 907 3621 ἤθελε
935 3552 1115 3606 δοῦναι
1146 3554 1326 3620 αὐτὸν,
1355 3555 1522 3609 θέλων
1551 3558 1618 3627 τῇ
1660 3558 1795 3627 ῥομ-

213 3642 351 3712 φαίᾳ
380 3640 546 3694 αὐτοῦ
567 3642 869 3712 κατακόψαι
892 3644 1083 3709 αὑτὸν,
1104 3646 1479 3719 ὀργιζόμενος,
1504 3649 1586 3701 ὅτι
1611 3647 1793 3718 ἔζησε,

214 3734 308 3787 καὶ
343 3734 453 3788 οὐκ
495 3734 700 3788 ἀνεῖλεν
749 3736 930 3789 αὐτόν.
981 3737 1334 3803 Ἀναστάντες
1378 3740 1434 3793 δὲ
1480 3743 1598 3794 κατ’
1631 3740 1794 3793 αὐτοῦ

213 3826 425 3895 πάντες
468 3825 626 3887 ὁμοῦ,
658 3825 881 3897 εἴπομεν
904 3844 919 3858 ο
945 3847 963 3879 ι
991 3829 1113 3882 Ὅτι
1149 3830 1243 3883 ἐὰν
1287 3832 1358 3902 μὴ
1394 3830 1518 3902 δῷς,
1541 3831 1793 3902 ἐροῦμεν,

214 3912 295 3965 ὅτι
328 3914 401 3966 σὺ
439 3919 597 3983 μόνος
621 3913 879 3985 ἐποίησας
912 3914 972 3967 τὸ
1005 3918 1238 3988 πονηρὸν
1268 3920 1325 3971 ἐν
1363 3919 1577 3991 Ἰσραήλ
1604 3917 1737 3990 (57).
1769 3936 1789 3970 t

215 4004 325 4057 Kal
354 4002 531 4068 οὕτως
558 4004 769 4057 δίδωσιν
796 4006 980 4072 αὑτὸν,
1002 4009 1095 4061 καὶ
1127 4010 1408 4080 ἐποίησαν,
1432 4010 1615 4075 καθὼς
1643 4007 1796 4065 εἶπεν

215 4097 245 4147 ὁ
264 4096 399 4151 Δάν.

286 4191 369 4245 E'.
428 4211 446 4242 ι
478 4191 587 4245 Kal
618 4190 732 4256 νῦν,
774 4191 942 4244 τέκνα
983 4208 1120 4261 μου,
1166 4194 1481 4263 ἀναγγέλλω
1525 4195 1654 4265 ύμῖν
1698 4193 1792 4248 τοῦ

217 4282 519 4352 φυλάσσειν
553 4282 652 4346 τάς
683 4281 900 4345 ἐντολὰς
930 4283 1160 4355 Κυρίου,
1192 4286 1286 4337 καὶ
1317 4289 1488 4339 ποιεῖν
1517 4285 1663 4350 ἔλεος
1702 4286 1794 4340 ἐπὶ

216 4372 307 4427 τὸν
341 4373 589 4445 πλησίον,
635 4375 728 4428 κα)⁸
762 4375 1161 4446 εὐσπλαγχνίαν
1198 4376 1341 4446 ἔχειν
1388 4377 1522 4448 πρὸς
1566 4380 1789 4445 πάντας,

1899 527 2311 597 conspuendum
2366 527 2420 582 in
2464 525 2683 582 faciem.
2750 526 2815 582 Et
2866 526 3062 584 fratres
3120 528 3322 601 Joseph
3364 547 3474 590 non

1900 620 2186 672 voluerunt
2214 617 2380 672 vitam
2432 616 2621 673 fratris
2653 633 2843 673 eorum
2872 637 2886 673 :
2921 629 2976 674 et
3011 619 3278 678 Dominus
3312 622 3478 680 solvit

1898 710 1979 765 eis
2012 711 2445 766 calceamenturn
2504 710 2729 782 Joseph.
2788 713 3001 767 Etenim
3069 716 3349 773 venientes
3415 718 3475 774 in

1897 799 2193 873 Egyptum
2216 840 2232 869 ,
2281 802 2445 858 soluti
2485 813 2615 858 sunt
2653 820 2684 858 a
2714 805 2900 875 pueris
2924 804 3125 877 Joseph
3175 817 3302 862 ante
3347 823 3477 879 por-

1898 902 2008 948 tam
2044 894 2180 965 (49),
2228 905 2283 951 et
2334 896 2407 951 ita
2458 896 2831 951 adoraverunt
2876 896 3113 967 Joseph,
3172 902 3475 957 secundum

1898 1001 2087 1063 typum
2120 991 2449 1046 Pharaonis.
2498 989 2616 1046 Non
2651 993 2830 1047 solum
2878 1003 3059 1047 autem
3110 995 3479 1052 adoravervnt

1896 1099 2048 1146 eum,
2080 1084 2175 1139 sed
2209 1083 2375 1138 etiam
2408 1086 2661 1155 consputi
2689 1095 2837 1152 sunt,
2871 1088 3156 1143 confestim
3191 1091 3478 1159 prociden-
3521 1092 3545 1105 "

1897 1184 1980 1231 tes
2014 1190 2196 1231 coram
2231 1189 2298 1230 eo
2327 1194 2340 1230 :
2373 1185 2427 1231 et
2458 1176 2539 1231 sic
2568 1176 2783 1231 confusi
2821 1186 2950 1232 sunt
2976 1194 3160 1234 coram
3182 1179 3473 1252 Egyptiis.

1898 1265 2027 1320 Post
2061 1266 2177 1321 haec
2202 1266 2348 1321 enim
2378 1265 2669 1321 audierunt
2696 1265 2938 1338 Egyptii
2969 1268 3153 1321 omnia
3186 1270 3327 1323 mala
3355 1284 3479 1339 quae

1898 1358 2131 1414 fecimus
2163 1358 2389 1428 Ioseph.

1968 1450 2057 1507 IV.
2083 1470 2100 1503 ι
2131 1451 2264 1506 Post
2302 1452 2417 1507 haec
2468 1460 2839 1522 apposuerunt
2878 1451 2954 1505 illi
2983 1449 3226 1524 (fratres)
3265 1455 3475 1523 cibum,

1897 1552 1958 1599 ut
1999 1544 2366 1598 comederent.
2424 1542 2536 1613 Ego
2582 1543 2726 1597 enim
2771 1560 2870 1613 per
2911 1544 3050 1599 duos
3083 1544 3200 1600 dies
3242 1552 3297 1599 et
3337 1546 3477 1603 duas

1896 1649 2087 1695 noctes
2120 1655 2230 1693 non
2266 1638 2479 1708 gustavi
2515 1638 2768 1710 (cibum),
2814 1639 3106 1693 miseratus
3136 1637 3361 1709 Ioseph.
3410 1639 3479 1696 Et

1894 1734 2064 1789 Judas
2122 1748 2231 1786 non
2275 1732 2510 1787 comedit
2563 1746 2688 1786 cum
2740 1733 2862 1797 eis;
2923 1731 3238 1786 intendebat
3291 1744 3475 1788 autem

1899 1827 1952 1881 in
1983 1826 2184 1889 lacum,
2227 1824 2486 1894 quoniam
2527 1822 2773 1888 timebat,
2820 1836 2887 1876 ne
2916 1821 3219 1876 resilientes
3253 1821 3476 1878 Simeon

1898 1926 1951 1971 et
1973 1915 2086 1971 Gad
2114 1915 2482 1969 interficerent
2507 1927 2656 1967 eum.
2686 1911 2751 1966 Et
2775 1911 3021 1967 videntes
3048 1926 3134 1966 me
3163 1927 3271 1966 non
3294 1926 3479 1967 come-

1898 2007 2137 2071 dentem,
2176 2012 2483 2075 posuerunt
2514 2018 2602 2057 me
2649 2003 2928 2057 custodire
2959 2002 3160 2071 ipsum,
3193 2016 3479 2071 quousque

1896 2097 2149 2151 Venditus
2193 2109 2297 2151 est.
2335 2095 2457 2150 Fuit
2490 2104 2671 2149 autem
2719 2094 2772 2147 in
2817 2094 2937 2149 lacu
2972 2103 3085 2150 tres
3129 2095 3245 2149 dies
3286 2104 3339 2149 et
3370 2103 3481 2148 tres

1898 2198 2119 2256 noctes,
2163 2197 2217 2243 ct
2264 2190 2335 2243 ita
2377 2189 2629 2243 venditus
2676 2195 2760 2240 est
2803 2187 3094 2257 impastus.
3147 2184 3214 2240 Et
3249 2186 3481 2241 audiens

1896 2280 2112 2347 Ruben,
2158 2283 2303 2352 quod
2345 2280 2599 2337 venditus
2642 2290 2788 2336 esset
2835 2281 3063 2334 absente
3108 2294 3193 2344 eo,
3239 2277 3480 2333 circum-

1898 2375 2105 2430 scissus
2141 2373 2408 2444 plorabat,
2454 2373 2644 2428 dicens
2673 2391 2687 2427 :
2729 2370 3019 2438 Quomodo
3050 2370 3241 2426 videbo
3278 2370 3474 2426 faciem

1896 2465 2066 2522 Jacob
2093 2466 2263 2537 patris
2294 2467 2441 2521 mei?
2488 2466 2555 2521 Et
2589 2466 2863 2536 accipiens
2907 2472 3190 2535 argentum
3237 2465 3481 2520 cucurrit

1898 2561 1965 2615 ad
2009 2568 2366 2623 mercatores,
2414 2566 2467 2612 et
2500 2559 2773 2612 neminem
2824 2558 3032 2611 invenit
3079 2574 3097 2612 :
3142 2557 3481 2612 dimittentes

1897 2654 2041 2706 enim
2092 2654 2234 2706 viam
2286 2666 2575 2722 magnam,
2625 2630 3043 2705 ambulaverunt
3106 2665 3202 2720 per
3255 2664 3481 2720 asperos

1898 2739 2053 2795 sinus
2088 2739 2142 2793 in
2173 2740 2259 2793 via
2295 2740 2701 2809 compendiaria
2729 2759 2743 2795 :
2777 2749 2831 2795 et
2872 2755 2981 2796 non
3026 2740 3262 2795 comedit
3284 2739 3478 2795 Ruben

1896 2845 2091 2901 panem
2138 2828 2191 2885 in
2232 2832 2320 2887 die
2362 2833 2473 2887 illa.
2524 2832 2801 2888 Accedens
2848 2833 3017 2904 igitur
3055 2832 3168 2885 Dan
3210 2833 3349 2887 dixit
3387 2832 3475 2888 ei:

1904 2941 1923 2974 ι
1952 2921 2029 2977 Ne
2065 2922 2216 2989 ﬂeas,
2247 2938 2428 2993 neque
2472 2925 2739 2991 tristeris;
2768 2925 2948 2979 inveni
2982 2924 3131 2978 enim
3164 2923 3295 2994 quid
3326 2925 3479 2980 dica-

1897 3030 2021 3070 mus
2048 3014 2187 3086 patri
2222 3024 2413 3072 nostro
2443 3016 2633 3071 Jacob.
2672 3015 2998 3071 Occidemus
3029 3015 3243 3069 hircum
3277 3030 3480 3086 capro-

1896 3123 2051 3175 rum,
2098 3116 2154 3162 et
2201 3108 2476 3178 tingemus
2527 3109 2768 3163 tunicam
2811 3106 3043 3178 Joseph,
3099 3117 3152 3161 et
3193 3107 3474 3161 dicemus:

1896 3196 2197 3269 Cognosce.
2226 3199 2272 3253 si
2308 3199 2490 3252 tunica
2537 3197 2632 3251 filii
2665 3198 2742 3252 tui
2785 3198 2856 3252 sit
2885 3198 3029 3263 ista;
3070 3214 3091 3247 ι
3116 3196 3299 3249 tunica
3328 3195 3476 3250 enim

1893 3293 2063 3362 patris
2097 3293 2269 3347 nostri
2296 3300 2566 3347 exuerunt
2592 3290 2818 3361 Joseph,
2845 3306 2968 3346 cum
2994 3290 3265 3345 vendituri
3294 3298 3481 3345 essent

1894 3398 2041 3449 eum,
2077 3392 2131 3438 et
2172 3383 2469 3438 induerunt
2507 3398 2632 3438 eum
2674 3383 3060 3437 vestimentum
3108 3390 3265 3435 vetus
3307 3380 3475 3437 servi.

1896 3470 2158 3530 Tunicam
2186 3488 2319 3530 vero
2349 3474 2539 3528 habuit
2572 3473 2824 3539 Simeon,
2864 3483 2918 3528 et
2948 3474 3126 3529 noluit
3154 3474 3287 3528 dare
3327 3487 3473 3537 eam,

1894 3565 2083 3620 volens
2132 3564 2318 3635 gladio
2367 3580 2473 3619 suo
2522 3566 2833 3620 discindere
2885 3580 3047 3631 eam,
3104 3566 3277 3620 iratus
3330 3562 3477 3636 quod

1893 3655 2120 3721 viveret,
2148 3663 2201 3710 et
2235 3666 2343 3709 non
2382 3654 2674 3710 occidisset
2703 3670 2853 3709 eum.
2885 3654 3256 3725 Exsurgentes
3287 3662 3472 3708 autem

1896 3747 2160 3801 adversus
2190 3760 2315 3799 eum
2346 3759 2537 3799 omnes
2564 3744 2729 3799 simul
2749 3745 2989 3799 diximus
3012 3762 3024 3797 :
3051 3762 3071 3795 ι
3097 3744 3254 3810 Quod
3289 3745 3333 3797 si
3364 3758 3475 3797 non

1895 3836 2014 3902 des,
2050 3837 2320 3903 dicemus,
2359 3836 2506 3906 quod
2544 3847 2601 3892 tu
2643 3836 2793 3892 solus
2830 3835 3008 3889 fecisti
3041 3835 3147 3889 hoc
3175 3833 3378 3888 malum
3416 3832 3476 3888 in

1894 3924 2081 3983 Israel.
2117 3945 2136 3979 ι
2167 3929 2233 3982 Et
2275 3929 2348 3983 ita
2375 3927 2523 3982 dedit
2553 3942 2704 3995 eam;
2746 3935 2801 3981 et
2844 3924 3123 3992 fecerunt,
3155 3924 3297 3979 sicut
3337 3923 3476 3977 dixit

1895 4018 2033 4074 Dan.

1975 4174 2035 4230 Υ.
2067 4198 2085 4230 ι
2116 4175 2182 4233 Et
2217 4182 2385 4243 nune,‘
2418 4176 2512 4231 filii
2540 4176 2678 4244 mei,
2720 4176 2989 4232 annuntio
3022 4175 3179 4232 vobis
3200 4174 3477 4230 custodire

1895 4274 2147 4331 mandata
2176 4270 2417 4335 Domini,
2446 4279 2501 4325 et
2549 4269 2730 4324 facere
2767 4269 3205 4323 misericordiam
3250 4267 3306 4321 in
3347 4280 3478 4336 pro-

1894 4368 2126 4429 ximum,
2158 4372 2213 4418 et
2244 4364 2455 4418 viscera
2498 4358 3001 4416 eommiserationis
3043 4357 3108 4412 ad
3142 4372 3334 4412 omnes
3369 4357 3474 4410 ha-

219 4464 279 4519 οὐ
320 4466 483 4538 μόνον
529 4467 609 4529 εἰς
652 4465 990 4537 ἀνθρώπους,
1039 4466 1175 4520 ἀλλά
1211 4469 1304 4521 καὶ
1350 4447 1440 4531 εἰς)
1473 4469 1660 4538 ἄλογα.
1694 4472 1793 4524 Διά

1901 4459 2044 4522 bere,
2072 4471 2180 4510 non
2209 4455 2387 4509 solum
2413 4452 2482 4507 ad
2509 4451 2779 4514 homines,
2812 4448 2904 4503 sed
2933 4456 2987 4501 et
3010 4447 3076 4501 ad
3111 4447 3471 4502 irrationalia.

222 4556 327 4630 γάρ
364 4555 536 4609 ταῦτα
578 4555 836 4626 εύλόγησέ
888 4573 953 4627 με
1001 4555 1224 4627 Κύριος,
1272 4557 1387 4621 καὶ,
1424 4556 1640 4633 πάντων
1684 4558 1792 4614 τῶν

222 4650 465 4721 ἀδελφῶν
514 4667 612 4720 μου
654 4648 1041 4714 ἀσθενούντων,
1083 4648 1193 4719 ἐγὼ
1234 4651 1423 4714 ἄνοσος
1476 4650 1752 4721 παρῆλθον
1773 4665 1790 4683 ⁸

221 4743 327 4800 οἶδε
381 4746 490 4818 γάρ
534 4743 736 4817 Κύριος
794 4744 1023 4798 ἑκάστου
1067 4746 1166 4817 τὴν
1213 4745 1549 4817 προαίρεσιν.
1601 4746 1791 4816 Ἔχετε

222 4834 315 4892 οὖν
362 4838 506 4901 ἕλεος
544 4840 602 4890 ἐν
639 4841 751 4901 τοῖς
786 4836 1109 4907 σπλάγχνοις
1136 4837 1309 4907 ὑμῶν,
1343 4837 1509 4891 τέκνα
1550 4855 1671 4909 μου,
1711 4838 1794 4892 ὅτι

223 4931 295 4997 ὡς
337 4932 401 4986 ἀν
439 4949 521 4995 τις
562 4932 764 5004 ποιήσῃ
796 4930 874 5002 τῷ
910 4930 1133 5001 πλησίον
1172 4929 1372 4993 αὑτοῦ,
1416 4926 1587 4992 οὕτως
1629 4929 1724 4983 καὶ
1764 4931 1794 4983 ὁ

227 5044 429 5127 faciem
458 5048 719 5127 ejus,__qui
753 5047 943 5127 fratris
982 5062 1181 5127 nomen
1220 5061 1535 5127 propagare.
1569 5062 1795 5127 recusa-

225 5120 382 5182 verit,
411 5116 523 5189 jam
561 5116 691 5173 olim
733 5118 995 5173 usitatum
1045 5117 1245 5181 fuisse;
1293 5116 1433 5171 sicut
1458 5116 1572 5189 alia
1606 5118 1793 5171 excal-

227 5187 424 5254 ceatio,
464 5205 570 5259 qua
623 5190 963 5259 propinquus
1006 5189 1159 5259 alteri
1218 5202 1319 5259 suo
1373 5187 1794 5259 cedeba_t,_mos

229 5256 496 5322 antiquus
522 5261 574 5313 in
608 5256 769 5314 l'srael
801 5256 971 5313 fuisse
998 5258 1219 5319 dicitur,
1255 5257 1426 5310 Ruth.
1461 5273 1535 5322 IV,
1565 5256 1718 5312 7.10.

317 5326 408 5402 46)
466 5330 1007 5402 ’Υπολυθήσεσθᾳμ
1061 5326 1453 5400 ’Υποδήσεσθαι
1492 5328 1653 5383 male.
1688 5329 1763 5383 ID.

318 5399 408 5474 47)
447 5405 568 5467 Εἰς.
609 5402 920 5474 Omissum.
941 5399 1018 5453 lo.

316 5468 413 5555 ςιὸ).
458 5472 697 5555 ’ζωσῄμ
734 5474 799 5525 Ὀ
828 5472 1091 5544 ἐφόρεσαν
1117 5469 1255 5524 κατά
1293 5469 1491 5540 Ἰωσὴφ
1513 5468 1608 5523 τοῦ
1642 5468 1794 5523 ἀδελ-

230 5542 327 5609 φοῦ
354 5542 554 5597 αὐτῶν.
592 5542 669 5597 lo.
934 5542 941 5544 ⁷

298 5613 407 5684 (49)
435 5612 689 5692 Portam.
714 5612 947 5692 Atrium,
979 5610 1201 5692 J_o_sephi
1233 5611 1475 5677 scilicet;
1508 5611 1614 5666 hoc
1643 5610 1791 5667 enim

231 5696 330 5737 vox
354 5682 543 5738 πυλών
570 5683 811 5738 denotat.
838 5682 1129 5737 ln.-—Vide
1155 5692 1337 5736 notam
1364 5692 1701 5752 sequentem.

276 5755 406 5826 (50)
443 5754 605 5809 Κατὰ
632 5752 738 5807 τὸν
765 5755 953 5808 τύπον
977 5752 1081 5808 τοῦ
1102 5752 1326 5822 Φαραώ.
1359 5752 1505 5810 Adde
1530 5768 1598 5810 ex
1612 5752 1787 5810 Oxon.

1895 4547 2124 4618 Propter
2176 4546 2294 4600 haec
2331 4542 2479 4598 enim
2524 4539 2805 4595 benedixit
2850 4538 2983 4592 mihi
3037 4536 3335 4600 Dominus,
3393 4544 3472 4601 et,

1894 4639 2153 4694 omnibus
2206 4636 2472 4691 fratribus
2521 4633 2661 4689 meis
2711 4632 3146 4703 aegretantibus,
3197 4645 3298 4701 ego
3352 4629 3475 4685 sine

1892 4731 2211 4803 aegritudine
2262 4729 2443 4795 evasi;
2478 4727 2629 4782 novit
2654 4725 2799 4781 enim
2824 4723 3088 4778 Dominus
3116 4723 3474 4792 uniuscujus-

1892 4842 2001 4897 que
2046 4824 2410 4895 propositum.
2480 4819 2685 4874 Habete
2740 4832 2869 4887 ergo
2924 4816 3357 4872 misericordiam
3410 4814 3471 4869 in

1892 4918 2195 4974 visceribus
2244 4913 2467 4981 vestris,
2515 4912 2613 4967 ﬁlii
2655 4912 2795 4978 mei,
2848 4912 3111 4982 quoniam
3156 4916 3217 4962 ut
3263 4906 3474 4976 aliquis

1893 5045 2198 5132 ἔμπροσθεν
2242 5044 2338 5132 τοῦ
2384 5043 2649 5110 πυλῶνος,
2694 5043 2789 5096 καὶ
2831 5041 3004 5105 οὕτως
3056 5036 3473 5111 προσεκύνησαν

1892 5115 2471 5309 τῳβίῗῗιὲέέἕρῗμε.
2511 5185 2622 5239 Καὶ
2649 5180 3031 5263 καταδραμὼν.
3063 5178 3138 5233 In.
3301 5245 3314 5259 ο
3422 5242 3437 5256 ,

1965 5258 2079 5309 (Sil
2120 5257 2333 5309 Οὐδέν.
2400 5266 2521 5309 orte
2549 5254 2758 5309 οὐδένα.
2786 5267 3037 5309 ouantvrs
3064 5260 3117 5303 et
3141 5247 3437 5303 OxomenSI

1965 5247 2079 5327 (52)
2120 5247 2333 5312 Οὐδέτῖι
2356 5247 2758 5327 Ῡοηε-οὐδένα,
2786 5247 3037 5327 quamvis
3064 5260 3117 5327 et
3141 5247 3473 5303 Oxoniensio

1894 5318 2072 5385 codex.
2093 5328 2287 5382 habeat
2318 5326 2490 5381 οὐδέν.
2526 5325 2628 5380 Ms.
2655 5318 2820 5377 Trin:
2841 5322 3046 5374 οὐδένα.
3072 5318 3154 5374 ιι).

1965 5400 2079 5469 (55)
2122 5396 2689 5467 Τρωγλοκολπητῶν.
2722 5390 3136 5516 Τὲωγλοδυτῶν.
3151 5385 3253 5473 _ln.

1966 5470 2079 5532 (54)
2123 5471 2349 5532 Ἐερατε
2393 5467 2670 5532 Ῥουϐήμ.
2740 5466 2761 5484 '
2810 5478 3005 5532 φατον,
3055 5472 3253 5516 omisso

1941 5457 2079 5560 154;)
2123 5457 2349 5539 ’ῖφᾶγε
2393 5457 2670 5535 Ῥουϐτὶμο
2740 5457 3005 5532 Ἐφὰγον,
3055 5461 3265 5516 omisso
3318 5457 3470 5511 Ῥω-

1893 5539 2411 5682 σηίὲέάυδύσομεν.
2434 5606 2705 5682 ,Μαχαίρα
2741 5604 2868 5682 add.
2904 5604 2980 5660 In.

1968 5670 2079 5753 (56)
2123 5670 2327 5753 οὗτοξι.
2367 5680 2504 5753 Add.
2534 5670 2933 5753 Καξέποίησαχ
2954 5670 3257 5753 οὓτωςκῐιδ.

1966 5741 2080 5825 (57)
2133 5752 2235 5809 Ἐν
2276 5741 2542 5823 Ἰσραήλ.
2606 5741 2863 5804 Ἐνὼπιόν
2890 5745 3121 5819 Κυρίου.
3149 5741 3229 5800 ιο.
