4002 6308
489 301 641 361 1095,

1367 291 1836 350 TESTAMENTA
1887 290 1979 347 XII
2023 290 2640 350 PATRIARCHABUM.

3592 286 3736 341 tam

488 417 653 471 faciet
675 414 926 486 proximo
953 422 1076 478 suo,
1098 411 1172 465 ita
1190 418 1245 465 et
1273 408 1536 464 Dominus
1564 409 1724 463 faciet
1752 409 1822 463 ei.
1842 408 2053 464 Etenim

2165 409 2359 481 Κύριος
2401 411 2616 481 ποιήσει
2653 406 2820 478 αὑτῷ.
2845 405 2955 459 Καὶ
2974 403 3083 476 γὰρ
3119 404 3171 457 οί
3202 403 3311 456 υἱοὶ
3341 401 3453 456 τῶν
3487 400 3740 470 ἀδελφῶν

489 508 583 563 lilii
616 507 844 561 fratrum
870 518 1115 561 meorum
1141 502 1507 572 aegrotahant,
1534 502 1907 556 moriebantur
1934 516 2054 571 pro-

487 612 605 670 pter
628 600 851 667 Joseph,
885 598 1141 667 quoniam
1188 610 1296 649 non
1338 593 1585 647 fecerunt
1622 594 2051 648 misericordiam

489 692 542 745 in
571 691 871 745 visceribus
906 690 1055 753 suis;
1085 686 1185 741 ﬁlii
1218 695 1397 739 autem
1435 684 1542 739 mei
1582 684 1709 739 sine.
1736 686 2053 753 (egritudine

488 783 744 837 custoditi
772 790 918 845 sunt,
965 782 1107 834 sicut
1149 777 1400 831 novistis.
1440 775 1505 830 Et
1541 777 1761 845 quando
1800 792 1951 830 eram
1996 777 2052 831 in

487 873 771 939 Chanaan,
802 875 855 927 in
888 874 1071 926 littore
1104 880 1329 925 venatus
1355 884 1475 922 sum
1499 868 1787 922 venatione
1819 866 2050 937 piscium

487 967 655 1021 Jacoh
680 966 820 1035 patri
852 980 1007 1028 meo;
1039 973 1093 1019 et
1123 964 1308 1017 multis
1332 959 1609 1016 suﬂ'ocatis
1658 960 1711 1013 in
1754 960 1915 1025 tnari,
1952 976 2054 1030 ego

488 1062 691 1116 illmsus
721 1057 1014 1128 permansi.

560 1152 649 1207 Vl.
676 1172 693 1203 ‹
722 1151 936 1205 Primus
960 1165 1061 1219 ego
1092 1148 1193 1203 feci
1230 1148 1485 1217 scapham
1530 1147 1584 1201 in
1608 1146 1746 1201 mari
1774 1146 2051 1216 navigare,

488 1247 746 1316 quoniam
772 1244 1036 1297 Dominus
1064 1241 1209 1296 dedit
1235 1240 1366 1294 mihi
1402 1239 1730 1293 intellectum
1762 1250 1815 1292 et
1838 1239 2054 1307 sapien-

488 1341 619 1394 tiam
672 1340 726 1392 in
780 1337 897 1407 ipsa
941 1354 955 1389 :
1006 1345 1059 1389 et
1106 1334 1301 1388 demisi
1341 1334 1544 1403 lignum
1592 1343 1714 1402 post
1754 1332 1953 1401 ipsam,
2001 1340 2055 1387 et

486 1434 664 1487 velum
711 1430 926 1485 extendi
962 1429 1017 1482 in
1047 1429 1195 1499 ligno
1227 1435 1402 1493 recto,
1452 1428 1504 1480 in
1532 1426 1739 1493 medio;
1769 1435 1823 1480 et
1848 1427 1904 1480 in
1936 1426 2053 1497 ipsa

487 1521 875 1590 perambulans
910 1517 1126 1583 littora,
1168 1517 1415 1587 piscabar
1451 1517 1626 1586 pisces
1657 1517 1843 1572 domui
1882 1517 2054 1587 patris

490 1614 617 1678 mei,
646 1626 931 1682 usquequo
965 1610 1216 1664 venimus
1262 1610 1315 1662 in
1343 1608 1633 1679 Egyptum
1664 1627 1677 1662 :
1703 1617 1757 1664 et
1796 1624 1861 1664 ex
1892 1624 2056 1665 vena-

489 1708 641 1761 tione
664 1722 783 1759 mea
811 1704 960 1759 omni
984 1701 1189 1756 homini
1213 1701 1497 1769 peregrino
1526 1701 1813 1755 miseratus
1835 1700 2051 1755 dabam.

492 1796 549 1851 Si
582 1812 708 1851 vero
751 1806 868 1850 erat
906 1793 1249 1864 peregrinus,
1294 1792 1378 1845 vel
1416 1804 1707 1861 azgrOtans,
1744 1792 1830 1846 vel
1869 1807 2055 1857 senex,

492 1903 735 1957 coquens
775 1887 975 1955 pisces,
1010 1894 1063 1939 et
1086 1886 1221 1939 bene
1246 1900 1310 1938 ea
1346 1884 1483 1949 (eos)
1508 1899 1814 1953 apparans,
1858 1899 2058 1940 secun-

492 1978 624 2031 dum
658 1974 1093 2044 uniuscujusque
1134 1975 1510 2029 necessitatem
1556 1974 1846 2029 ati'erebam
1878 1974 2053 2028 omni-

492 2066 615 2131 bus,
642 2064 902 2133 colligens
932 2073 986 2117 et
1013 2065 1372 2133 compatiens.
1402 2063 1628 2132 Propter
1656 2065 1762 2121 hoc
1796 2075 1849 2119 et
1871 2062 2057 2119 Domi-

491 2172 596 2210 nus
618 2156 819 2210 multos
844 2156 1022 2225 pisces
1055 2154 1184 2209 fecit
1212 2172 1298 2209 me
1323 2157 1532 2212 venari.
1564 2156 1667 2223 Qui
1696 2158 1840 2213 enim
1875 2158 2060 2212 tribuit

491 2249 771 2318 proximo,
819 2248 1018 2317 accipit
1061 2248 1417 2317 multiplicata
1465 2265 1494 2303 a
1528 2249 1778 2305 Domino.
1809 2249 2061 2320 Quinque

493 2343 652 2396 annis
691 2343 933 2411 piscatus
984 2357 1130 2405 sum,
1178 2342 1326 2395 omni
1368 2342 1577 2396 homini
1615 2358 1776 2411 quem
1818 2344 2058 2399 videram

493 2434 775 2498 tribuens,
813 2440 868 2486 et
905 2433 1054 2486 omni
1095 2433 1280 2487 domui
1334 2433 1503 2502 patris
1532 2435 1637 2488 mei
1668 2436 1963 2492 sufliciens.
2002 2436 2057 2490 ln

390 2528 393 2531 '
493 2532 680 2577 aestate
700 2524 987 2593 piscabar;
1027 2523 1079 2577 in
1108 2522 1287 2578 bieme
1316 2533 1497 2579 autem
1525 2525 1813 2596 pascebam
1842 2542 2059 2598 gregem

492 2632 616 2672 cum
645 2615 904 2671 fratribus
935 2615 1090 2670 meis.

564 2707 675 2762 VII.
696 2727 714 2759 ‹
755 2707 912 2763 Nunc
939 2708 1274 2763 annuntiabo
1302 2709 1459 2763 vobis
1488 2725 1608 2779 qum
1652 2708 1775 2765 feci.
1797 2708 2058 2765 Videbam

494 2799 749 2854 alllictum
799 2799 853 2852 in
897 2797 1144 2853 nuditate
1188 2798 1418 2867 hiemis;
1462 2808 1517 2854 et
1562 2801 1734 2870 ipsius
1780 2801 2055 2869 misertus,

495 2891 708 2946 furatus
764 2892 1151 2946 vestimentum
1205 2907 1273 2946 ex
1325 2892 1489 2946 domo
1546 2909 1666 2948 mea
1712 2894 2055 2960 abscondite,

494 2984 616 3038 dedi
662 2983 877 3038 afflicto.
926 2982 993 3037 Et
1036 2997 1135 3037 vos
1180 2982 1366 3052 igitur,
1414 2981 1509 3037 ﬁlii
1554 2985 1680 3050 mei,
1711 3000 1775 3038 ex
1819 2985 1904 3039 his
1937 3000 2059 3054 qua:

2159 516 2257 570 μου
2284 500 2562 568 ἠσθένουν,
2586 498 2930 569 ἀπέθνησκον
2952 496 3041 550 διὰ
3074 498 3292 569 Ἰωσὴφ,
3321 499 3404 550 ὅτι
3425 495 3530 548 οὑκ
3560 493 3742 564 ἐποίη-

2158 607 2255 643 σαν
2305 590 2451 654 ἔλεος
2502 593 2560 643 ὲν
2610 590 2938 661 σπλάγχνοις
2995 590 3205 643 αὐτῶνα
3257 591 3309 641 οί
3358 588 3419 640 δὲ
3463 584 3576 639 υἱοί
3638 602 3737 656 μου

2154 682 2333 735 ἀνοσοι
2370 682 2822 754 διεφυλάχθησαν,
2868 680 2944 743 ὡς
2987 680 3183 734 οἴδατε.
3230 680 3341 733 Καὶ
3379 681 3471 731 ὅτε
3507 679 3658 748 ήμην
3684 680 3740 729 έν

2153 777 2220 844 τῇ
2284 774 2421 846 (58)
2480 774 2728 837 Χαναὰν,
2797 774 2877 835 είς
2942 772 3205 844 παράλιον
3267 772 3533 844 ἐθήρευον
3600 771 3741 841 θήρᾳ.

2139 865 2356 934 ’ἰχθύων
2400 865 2525 936 (59)
2588 865 2780 919 Ἰακὼϐ
2830 866 2909 936 τῷ
2967 865 3134 936 πατρί
3188 882 3320 935 μου·
3377 866 3475 918 καὶ
3530 863 3741 916 πολλῶν

2154 955 2472 1026 ἀγχομένων
2494 958 2551 1009 ὲν
2573 959 2638 1026 τῇ
2668 956 2933 1029 θαλάσσῃ,
2962 955 3075 1024 ἐγὼ
3110 956 3352 1026 ἀϐλαϐὴς
3376 956 3655 1025 διέμεινα.

2233 1161 2307 1219 ς’.
2365 1172 2383 1205 ι
2418 1153 2639 1225 Πρῶτος
2675 1153 3048 1226 ἐγὼιὲποίησα
3082 1156 3288 1223 σκάφος
3318 1154 3430 1227 (60)
3459 1154 3744 1209 ἐπιπλέειν

2155 1247 2213 1300 ἐν
2250 1250 2315 1317 τῇ
2359 1245 2622 1319 θαλάσσῃ,
2672 1246 2753 1298 ότι
2787 1248 2990 1319 Κύριος
3030 1248 3197 1301 ἔδωκέ
3248 1266 3336 1319 μοι
3385 1249 3612 1301 σύνεσιν
3655 1250 3745 1301 xui.

2158 1336 2348 1405 σοφίαν
2381 1338 2437 1389 έν
2472 1336 2650 1407 αὑτῷ·
2695 1338 2788 1390 καὶ
2826 1337 3041 1405 καθῆκα
3079 1337 3233 1402 ξύλον
3276 1337 3504 1391 ὄπισθεν
3555 1337 3744 1399 αὑτοῦ,

2158 1428 2250 1480 καὶ
2269 1426 2456 1497 ὀθόνην
2478 1426 2714 1493 ἐξέτεινα
2726 1428 2782 1479 ὲν
2800 1427 2939 1497 ξύλῳ
2955 1426 3097 1500 ὀρθῷ
3117 1430 3174 1481 ὲν
3201 1429 3374 1499 μέσῳ’
3394 1429 3487 1482 καὶ
3509 1430 3571 1479 ὲν
3598 1429 3748 1499 αὑτῷ

2157 1518 2606 1590 διαπορευόμενος
2635 1518 2761 1582 τοὺς
2796 1518 3093 1587 αίγιαλοὺς,
3131 1519 3343 1590 ήλίευον
3379 1520 3579 1590 ἰχθύας
3612 1522 3747 1590 οἴκῳ

2158 1611 2362 1682 πατρὸς
2394 1628 2517 1682 μου,
2552 1610 2659 1674 ἓως
2691 1611 2925 1682 ἤλθομεν
2969 1613 3049 1675 εἰς
3077 1612 3383 1680 Αἴγυπτον·
3417 1616 3518 1668 και
3554 1617 3621 1667 ἐκ
3648 1615 3747 1683 τῆς
3836 1610 3847 1619 ’

2160 1702 2329 1773 θήρας
2374 1720 2474 1773 μου
2515 1704 2691 1755 παντί
2725 1704 2995 1775 ἀνθρώπῳ
3047 1705 3181 1774 ξένῳ
3242 1705 3748 1776 σπλαγχνιζόμενος

2161 1792 2381 1845 ἐδίδουν.
2412 1794 2474 1845 Ei
2498 1792 2553 1845 δὲ
2584 1788 2652 1863 ἦν
2686 1792 2853 1859 ξένος,
2888 1796 2921 1866 ἦ
2948 1795 3137 1857 νοσῶν,
3166 1796 3197 1866 ἢ
3224 1797 3495 1867 γηράσας,
3535 1799 3747 1869 ὲῇσας

2159 1883 2285 1946 τοὺς
2334 1882 2539 1953 ἰχθύας,
2584 1887 2677 1938 καὶ
2727 1888 2959 1957 ποιήσας
3004 1887 3141 1940 αὑτά
3173 1888 3413 1955 ἀγαθῶς,
3461 1890 3608 1941 κατά
3647 1891 3747 1961 τὴν

2161 1976 2390 2029 ἑκάστου
2418 1977 2604 2046 χρείαν
2635 1978 2969 2048 προσέφερον
3001 1981 3154 2042 πᾶσι,
3191 1980 3441 2047 συνάγων
3467 1983 3567 2034 καὶ
3604 1999 3743 2051 συμ-

2162 2069 2405 2138 πάσχων.
2436 2070 2534 2122 Διά
2554 2069 2711 2123 τοῦτο
2734 2072 2825 2124 καὶ
2856 2072 2884 2123 ὁ
2904 2071 3108 2144 Κύριος
3138 2072 3301 2127 πολὺν
3332 2074 3485 2144 ἰχθῦν
3519 2077 3745 2146 ἐποίησέ

2165 2175 2231 2229 με
2268 2158 2464 2231 θηρᾷν.
2513 2158 2570 2214 Ὀ
2602 2161 2709 2233 γὰρ
2746 2164 3056 2233 μεταδιδοὺς
3087 2164 3164 2235 τῷ
3208 2164 3433 2237 πλησίον
3469 2166 3745 2237 λαμϐάνει

2162 2249 2597 2305 πολλαπλασίονα
2648 2254 2797 2325 παρά
2843 2256 3067 2327 Κυρίου.
3126 2256 3291 2309 Πέντε
3344 2255 3439 2327 ἔτη
3487 2258 3742 2327 ἡλίευςα.

2163 2339 2320 2391 παντὶ
2352 2339 2641 2410 ἀνθρώπῳ,
2677 2341 2734 2393 ὂν
2767 2342 3053 2413 ἑωράκειν,
3094 2343 3422 2412 μεταδιδοὺς,
3453 2347 3551 2398 καὶ
3583 2348 3745 2398 παντὶ

2159 2429 2236 2499 τῷ
2264 2430 2396 2499 οἴκῳ
2428 2432 2521 2484 τοῦ
2551 2434 2757 2504 πατρός
2792 2451 2890 2503 μου
2918 2434 3161 2507 ἐξαρκῶν
3212 2436 3284 2489 Τὸ
3312 2436 3470 2507 θέρος
3502 2438 3741 2507 ἡλίευον,

2161 2522 2255 2573 καὶ
2287 2522 2345 2575 ὲν
2377 2524 2603 2594 χειμῶνι
2646 2526 2962 2595 ὲποίμαινον
3015 2525 3152 2596 μετά
3194 2527 3298 2579 τῶν
3327 2528 3578 2596 ἀδελφῶν
3614 2548 3741 2599 μου.

2231 2726 2302 2778 Z'.
2352 2743 2369 2776 ι
2400 2724 2512 2779 Νῦν
2559 2727 2841 2796 ἀναγγελῶ
2886 2729 3013 2799 ὑμῖν
3046 2728 3177 2800 (61),
3218 2728 3253 2783 ἀ
3286 2729 3539 2799 ἐποίησα.
3588 2727 3743 2783 Εἶδον

2161 2813 2470 2885 θλιϐόμενον
2519 2818 2575 2870 ἐν
2620 2820 2916 2891 γυμνότητι
2965 2820 3252 2890 χειμῶνος,
3304 2821 3396 2873 καὶ
3437 2821 3741 2891 σπλαγχνι-

2163 2901 2308 2967 σθεὶς
2353 2906 2439 2958 ἐπ’
2484 2907 2661 2970 αὑτὸν,
2714 2908 2915 2977 κλέψας
2964 2911 3172 2980 ἱμάτιον
3219 2913 3281 2963 ἐκ
3311 2911 3403 2964 τοῦ
3448 2913 3602 2965 οἴκου
3636 2931 3739 2984 μου

2161 2997 2461 3067 κρυφαίως,
2487 2998 2661 3052 ἔδωκα
2686 3000 2761 3070 τῷ
2782 2999 3095 3073 θλιϐομένῳ.
3121 3002 3229 3055 Καὶ
3253 3003 3407 3072 ὑμεῖς
3425 2999 3541 3069 οὖν,
3572 3006 3739 3058 τέκνα

494 3075 687 3129 tribuit
718 3074 872 3128 vobis
906 3073 1069 3135 Deus,
1104 3070 1476 3127 indifferenter
1502 3074 1747 3128 omnium
1791 3074 2043 3129 miseren-

2166 3104 2285 3157 μου,
2334 3087 2391 3152 ἐξ
2421 3083 2494 3142 ὧν
2542 3092 2768 3162 παρέχει
2803 3070 2945 3162 ὑμῖν
2977 3095 3005 3145 ό
3039 3070 3189 3156 Θεὸς,
3239 3070 3569 3166 ἀδιακρίτως
3604 3099 3737 3149 πᾶσν

496 3173 598 3229 tes,
627 3165 1059 3218 misericordiam
1105 3163 1286 3228 facile,
1318 3172 1372 3217 et
1398 3165 1618 3219 tribuite
1654 3168 1803 3220 omni
1849 3166 2058 3219 homini

496 3257 551 3311 in
596 3257 737 3311 bono
776 3256 959 3312 corde.
1011 3255 1067 3309 Si
1097 3271 1227 3309 vero
1277 3272 1382 3310 non
1412 3257 1623 3313 habetis
1672 3259 1726 3311 in
1769 3257 2059 3313 occasione

493 3345 626 3400 dare
656 3344 938 3415 indigenti,
964 3346 1370 3415 compatiamini
1420 3349 1475 3401 in
1508 3349 1809 3405 visceribus
1848 3349 2061 3405 miseri-

494 3436 713 3501 cordiae.
754 3435 887 3491 Novi
911 3439 1055 3507 quod
1082 3454 1278 3494 manus
1306 3455 1426 3494 mea
1453 3455 1563 3495 non
1600 3440 1804 3496 invenit
1834 3442 1887 3495 in
1917 3457 2060 3511 prte-

496 3540 624 3581 sens
669 3525 909 3581 tribuere
946 3528 1231 3599 indigenti,
1258 3540 1311 3585 et
1341 3532 1575 3602 amplius
1620 3541 1824 3603 septem
1871 3533 2062 3588 stadiis

496 3616 783 3673 ambulans
812 3633 936 3672 eum
969 3619 1109 3688 ipso,
1138 3619 1367 3688 ﬂebam;
1418 3631 1473 3677 et
1498 3624 1708 3679 viscera
1751 3640 1873 3679 mea
1904 3641 2060 3683 versa

497 3717 627 3764 sunt
655 3722 817 3778 super
851 3710 1026 3780 ipsum
1064 3711 1119 3765 in
1147 3714 1606 3783 compassionem.

569 3887 703 3941 Vill.
735 3888 845 3942 «Et
897 3904 995 3943 vos
1050 3889 1236 3960 igitur,
1287 3891 1382 3946 filii
1433 3894 1563 3959 mei,
1612 3894 1805 3950 habete
1852 3895 2061 3952 viscera

497 3980 898 4047 compassionis
932 3982 984 4035 in
1012 3998 1229 4038 omnem
1262 3984 1535 4038 hominem
1576 3985 1629 4039 in
1663 3987 2060 4056 misericordia,

498 4079 561 4124 ut
584 4081 637 4124 et
660 4070 806 4126 Deus
837 4074 993 4128 vobis
1034 4076 1303 4143 propitius
1345 4075 1670 4132 misereatur
1714 4080 1901 4146 vestri,
1927 4097 2065 4150 quo.

499 4163 646 4215 niam
678 4172 733 4217 et
772 4168 825 4218 in
858 4166 1119 4220 extremis
1155 4166 1346 4221 diebus
1378 4166 1519 4222 Deus
1550 4171 1725 4224 mittet
1753 4171 2067 4228 misericor-

499 4253 644 4305 diam
702 4269 857 4308 suam
908 4255 961 4309 in
1005 4264 1203 4310 terram
1254 4275 1267 4310 :
1312 4265 1365 4311 et
1409 4258 1500 4311 ubi
1562 4259 1827 4315 invenerit
1858 4261 2065 4317 viscera

500 4344 911 4412 misericordiae,
962 4349 1017 4401 in
1074 4348 1194 4418 ipso
1246 4349 1532 4404 habitabit.
1583 4349 1857 4416 Quantum
1918 4354 2064 4409 enim

2164 3179 2642 3252 σπλαγχνιζόμενοι
2688 3182 2884 3235 ἐλεεῖτε
2936 3182 3067 3255 (62),
3122 3186 3215 3237 καὶ
3264 3187 3532 3257 παρέχετε
3579 3189 3739 3239 παντὶ

2162 3268 2429 3341 ἀνθρώπῳ
2480 3272 2536 3324 ὲν
2590 3272 2766 3344 ἀγαθῇ
2816 3275 3031 3346 καρδίᾳ.
3074 3275 3138 3327 Εί
3178 3275 3235 3328 δὲ
3281 3276 3353 3347 μὴ
3396 3277 3551 3347 ἔχετε
3604 3278 3739 3348 πρὸς

2162 3362 2350 3433 καιρὸν
2393 3363 2574 3417 δοῦναι
2608 3364 2683 3436 τῷ
2719 3365 2992 3437 χρῄζοντι,
3041 3368 3387 3438 συμπάσχετε
3435 3371 3493 3421 ἐν
3538 3370 3743 3438 σπλάγ-

2162 3469 2306 3521 χνοις
2354 3453 2558 3517 ὲλέους.
2608 3450 2736 3509 Οἶδα
2783 3460 2865 3510 ὅτι
2904 3460 2937 3526 ὴ
2973 3459 3094 3531 χείρ
3142 3477 3242 3529 μου
3296 3460 3393 3530 οὑχ
3425 3454 3551 3530 εὗρε
3600 3464 3743 3534 πρὸς

2161 3541 2223 3595 τὸ
2269 3543 2441 3615 παρὸν
2498 3546 2772 3602 ἐπιδοῦναι
2827 3548 2906 3620 τῷ
2953 3550 3251 3623 χρῄζοντι,
3329 3553 3423 3605 καὶ
3473 3552 3554 3605 ἔτι
3599 3554 3744 3606 έπτά

2164 3634 2407 3699 σταδίους
2472 3640 2946 3711 συμπορευόμενος
2995 3642 3162 3713 αὐτῷ,
3222 3642 3434 3696 ἔκλαιον
3458 3660 3473 3675 ο
3528 3646 3625 3697 καὶ
3670 3644 3744 3698 τά

2164 3726 2443 3797 σπλάγχνα
2488 3747 2587 3799 μου
2627 3731 2881 3801 ἐτρέφετο
2925 3732 3034 3805 (65)
3081 3736 3169 3789 ἐπ’
3203 3736 3351 3807 αὑτῷ
3385 3739 3467 3801 είς
3514 3740 3741 3808 συμπά-

2165 3814 2331 3870 θειαν.

2234 3909 2315 3960 H'.
2341 3910 2479 3963 «Kal.
2505 3910 2660 3981 ὑμεῖς
2682 3906 2795 3976 οὖν,
2827 3914 2992 3969 τέκνα
3018 3933 3139 3987 μου,
3166 3916 3312 3989 ἔχετε
3335 3916 3742 3990 εὑσπλαγχνίαν

2164 3998 2304 4051 κατά
2346 4001 2545 4064 παντὸς
2589 4002 2875 4073 ἀνθρώπου
2924 4008 2979 4057 ὲν
3020 4008 3178 4073 ἐλέει,
3226 4008 3313 4062 ἵνα
3345 4010 3435 4062 καὶ
3477 4010 3739 4082 όΚύριος

2165 4087 2245 4148 είς
2300 4088 2444 4158 ὑμᾶς
2498 4091 2913 4162 σπλαγχνισθεὶς
2975 4096 3175 4169 ἐλεήσῃ
3223 4099 3398 4168 ὑμᾶς’
3448 4100 3530 4152 ὅτι
3577 4102 3738 4170 καίγε

2166 4179 2251 4232 ἐπ’
2296 4182 2537 4251 ἐσχάτων
2580 4185 2801 4256 ἡμερῶν
2847 4189 2874 4239 ό
2913 4187 3044 4252 Θεὸς
3072 4191 3386 4243 ἀποστέλλει
3430 4192 3492 4244 τὸ
3532 4195 3742 4264 σπλάγ-

2166 4286 2288 4339 χνον
2322 4271 2485 4324 αὑτοῦ
2519 4274 2611 4325 ἐπὶ
2648 4275 2747 4345 τῆς
2792 4277 2916 4347 γῆς,
2966 4281 3060 4332 καὶ
3108 4282 3240 4333 ὅπου
3271 4283 3404 4354 εὕρῃ
3455 4284 3739 4356 σπλάγχνα

2166 4361 2381 4426 ἐλέους,
2442 4366 2499 4417 έν
2543 4366 2690 4436 αὑτῷ
2738 4373 2998 4423 κατοικεῖ.
3067 4374 3226 4426 Ὅσον
3285 4375 3393 4448 γὰρ
3452 4378 3741 4449 ἄνθρωπος

499 4434 668 4488 homo
722 4439 1011 4493 miseretur
1062 4440 1333 4508 proximi,
1397 4450 1604 4495 tantum
1660 4441 1804 4498 Deus
1866 4445 2057 4514 ipsius.

2167 4452 2581 4524 σπλαγχνίζεται
2626 4430 2704 4521 είς
2750 4459 2839 4511 τὸν
2873 4460 3117 4533 πλησίον,
3148 4430 3399 4520 τοσούτόν
3422 4430 3629 4541 Κύρίος
3658 4430 3742 4537 είς

498 4526 731 4592 Quando
750 4530 892 4582 enim
916 4530 1296 4587 descendimus
1326 4531 1378 4584 in
1395 4530 1709 4603 IEgyptum,
1727 4533 1925 4606 Joseph
1954 4552 2061 4591 non

500 4619 819 4673 recordatus
856 4628 941 4674 est
978 4622 1103 4675 mali
1137 4623 1190 4676 in
1230 4640 1362 4690 nos;
1411 4640 1498 4679 me
1543 4641 1673 4680 vero
1703 4626 1914 4693 videns,
1955 4627 2063 4681 mi-

503 4717 686 4763 sertus
708 4719 807 4764 est.
846 4710 901 4763 In
930 4728 1089 4781 quem
1121 4715 1467 4784 inspicientes
1490 4727 1544 4771 et
1564 4733 1683 4783 vos,
1714 4717 2062 4776 immemores

500 4798 768 4853 malorum
805 4799 1134 4867 elliciamini,
1184 4804 1280 4856 lilii
1325 4806 1451 4872 mei,
1502 4815 1556 4861 et
1600 4807 1804 4877 diligite
1849 4819 2062 4864 vosmet

498 4890 751 4958 invicem,
790 4900 844 4945 et
878 4908 946 4946 ne
985 4894 1429 4953 animadvertatis
1468 4902 1847 4972 unusquisque
1899 4904 2062 4958 mali-

568 5071 680 5143 (ξε)
724 5070 819 5143 Τῇ.
851 5071 946 5143 Γῇ.
985 5071 1151 5128 GBAB.

565 5141 675 5268 (59)
720 5141 1144 5227 Θήρᾳίχθύῳν.
1180 5144 1379 5268 Θῂραν.
1419 5146 1497 5202 In.

567 5211 654 5268 (60
713 5216 947 5268 Ποωτορ
978 5213 1091 5268 ἐγω
1117 5215 1225 5267 ego
1250 5234 1373 5268 ησα
1402 5233 1497 5268 ova

567 5211 674 5282 (60)
713 5212 947 5280 Πρῶτος
978 5213 1091 5282 ἐγὼ
1117 5211 1373 5286 ἐποίὴσα
1402 5215 1652 5286 σκάφος.
1686 5218 1929 5275 Zabulon
1965 5223 2064 5278 ita-

495 5296 602 5349 que
631 5286 1109 5358 connumerandus
1138 5284 1303 5358 variis
1330 5284 1609 5358 heroibus,
1638 5291 1731 5358 qui
1777 5307 1835 5345 se
1866 5294 2060 5345 inven-

498 5363 643 5426 tores
684 5354 1095 5426 artisnaulicae
1138 5354 1310 5423 fuisse
1347 5354 1670 5426 jactaruntf
1703 5360 1783 5413 vel
1829 5366 1896 5415 ab
1938 5364 2059 5417 aliis

498 5421 860 5502 talescredi‘ti
884 5432 1131 5502 sunt;net
1159 5421 1440 5502 addendus
1476 5429 1561 5493 iis,
1589 5444 1728 5499 quos
1754 5429 2061 5502 Polydorus

503 5488 766 5571 Yet-gilius
806 5492 900 5571 lib.
946 5509 1005 5571 Ill
1046 5495 1129 5571 De
1162 5498 1516 5571 inventoribus
1550 5488 1758 5571 rerum,
1808 5488 1926 5571 cap.
1963 5504 2051 5569 15,

499 5559 813 5641 Szilmuthus
850 5564 914 5641 in
968 5562 1314 5641 Pancirolum
1353 5572 1455 5641 itit.
1482 5586 1535 5623 χι
1588 5570 1665 5624 De
1729 5559 2053 5641 Pysic'teculé

498 5631 732 5711 nautico,
763 5641 816 5711 et
844 5631 1129 5711 cornelius
1170 5654 1199 5711 _a
1231 5637 1434 5707 Lapide
1476 5642 1678 5711 aliique
1721 5631 2057 5699 commenta-

499 5709 643 5753 torcs
676 5702 730 5755 in
766 5700 1050 5775 Sapientia:
1085 5700 1383 5765 Salomonis
1429 5727 1545 5782 cap.
1577 5700 1688 5782 itv,
1737 5730 1784 5769 v.
1814 5715 1837 5769 1
1897 5730 2053 5786 seqq.

2166 4546 2345 4599 αὐτόν.
2393 4548 2521 4613 Ὅτε
2562 4548 2671 4622 γὰρ
2711 4553 3048 4624 κατήλθομεν
3087 4557 3167 4620 είς
3195 4556 3486 4626 Αἴγυπτον,
3537 4562 3740 4634 Ἰωσὴφ

2162 4638 2263 4690 οὑκ
2300 4639 2738 4711 ἐμνησικάκησεν
2775 4645 2855 4707 είς
2897 4646 3036 4715 ἡμᾶς
3060 4663 3073 4677 ·
3107 4648 3205 4717 ἐμὲ
3229 4650 3285 4702 δὲ
3316 4650 3456 4717 ἰδὼν,
3497 4654 3742 4723 ἐσπλαγο

2164 4730 2373 4802 χνίσθη.
2415 4732 2509 4794 Εἰς
2537 4732 2595 4785 ὃν
2625 4733 2986 4803 ὲμόλέποντες
3020 4739 3113 4791 καὶ
3146 4741 3320 4809 ὑμεῖς,
3365 4743 3737 4815 ἀμνησίκακοι

2164 4822 2396 4888 γίνεσθε,
2432 4823 2596 4875 τέκνα
2626 4842 2747 4894 μου,
2782 4828 2875 4879 καὶ
2905 4829 3152 4895 ἀγαπᾶτε
3192 4831 3473 4903 ἀλλήλους,
3524 4839 3620 4889 καὶ
3662 4840 3737 4909 μὴ

2164 4910 2444 4980 λογίζεσθε
2459 4913 2689 4979 ἕκαστος
2703 4917 2801 4987 τὴν
2826 4919 3023 4972 κακίαν
3038 4921 3132 4973 τοῦ
3159 4922 3383 4993 ἀδελφοῦ
3414 4927 3581 4980 αὑτοῦ
3602 4928 3731 5000 (64)·

2165 5087 2533 5174 nominarunt.
2563 5089 2644 5144 Ex
2670 5092 2869 5174 quibus
2897 5097 3120 5174 patebit,
3153 5099 3430 5174 Zabnlone
3455 5104 3739 5174 antiqui.)-

2164 5174 2277 5241 rem
2305 5175 2425 5215 esse
2456 5171 2640 5241 artem
2656 5166 2962 5241 nauticam,
2987 5169 3214 5241 ejusque
3237 5172 3503 5241 originem
3532 5166 3605 5228 ad
3623 5176 3737 5235 Noe

2165 5230 2356 5283 saltem
2397 5231 2733 5286 referendam
2765 5252 2909 5292 esse.
2941 5230 3022 5291 in.

2236 5300 2356 5380 (61).
2385 5300 2513 5354 Νῦν
2531 5303 2853 5380 ’ἀναπτελῷ
2885 5308 3048 5378 ὑμῖν.
3103 5308 3226 5366 Haec
3285 5314 3470 5368 omnia
3527 5319 3731 5372 omissa

2165 5379 2294 5423 sunt
2343 5373 2397 5423 in
2433 5374 2631 5455 codice
2667 5373 2962 5455 Oxoniensi
2996 5396 3170 5455 usque
3209 5382 3276 5436 ad
3319 5384 3419 5437 ista
3451 5391 3729 5455 sequentis

2163 5441 2485 5550 paragraphi
2508 5444 2672 5498 verba
2700 5464 2712 5498 :
2739 5448 3031 5502 τοσοῦτον
3051 5441 3264 5519 Κύριος
3294 5457 3381 5520 εὶς
3411 5441 3617 5509 αὺτόν.
3652 5457 3724 5510 In.

2238 5509 2289 5550 (ϐ
2319 5510 2345 5550 .l
2398 5511 2651 5550 Ἵππη-Τη-
2706 5514 2782 5550 Ma
2836 5517 3018 5550 mea...
3080 5520 3131 5550 I..

2238 5509 2345 5579 (62)
2398 5511 2670 5568 Ἐλεεῖτε.
2706 5514 2805 5569 Ms.
2836 5517 3040 5572 ἐλεᾶτε.

2391 5582 2714 5664 ξξῖρξερεζρ.
2758 5586 3067 5664 μθςςηόιηῐι
3099 5593 3407 5664 ἐστρέφετο.
3435 5594 3511 5649 In.

2237 5650 2344 5731 (64)
2379 5650 2814 5733 ψὴηλογίζεοςᾷε
2836 5650 3111 5733 ’ἕκαστος
3154 5650 3368 5718 κακίαν
3407 5668 3513 5721 τοῦ
3550 5668 3720 5722 ἀδελ·

2162 5724 2278 5789 φοῦ
2324 5724 2527 5788 αὐτοῦ,
2586 5736 2689 5780 etc.
2733 5726 2876 5782 Idem
2931 5724 3200 5787 monitum
3240 5734 3448 5790 Hermae
3494 5738 3719 5794 dabatur
