4002 6308
258 302 392 367 ,ιοοῖ

1428 299 1960 361 TESTAMENTUM
2019 302 2181 359 DAN.

3384 302 3519 361 {098

253 419 335 472 ὅτι
391 413 550 470 τοῦτο
591 415 816 490 χωρίζει
864 414 1112 489 ἐνότητα,
1160 416 1254 470 καὶ
1297 416 1479 470 πᾶσαν
1526 417 1845 486 συγγένειαν

1949 419 2081 475 tiam
2132 419 2319 476 fratris
2359 419 2486 487 sui;
2531 417 2794 489 quoniam
2846 418 2953 475 hoc
2994 414 3188 475 dividit
3237 420 3518 487 unitatem,

256 507 646 579 διασκορπίζει,
680 510 775 562 καὶ
801 509 902 581 τὴν
936 509 1116 580 ψυχὴν
1158 509 1423 581 ταράσσει
1455 508 1587 580 (65).
1642 510 1700 562 '0
1735 508 1844 581 γὰρ

258 600 588 671 μνησίκακος
625 602 910 673 σπλάγχνα
943 603 1127 667 ἐλέους
1169 602 1272 655 οὐκ
1312 600 1449 673 ἔχει.

322 782 398 837 Θ¹.
440 802 459 835 ι
490 782 795 855 Προσέχετε
825 784 897 838 τὰ
934 784 1100 838 ὕδατα
1127 782 1258 855 (66),
1286 784 1369 839 ὅτι
1400 784 1529 838 ὅταν
1550 783 1645 838 ἐπὶ
1674 784 1734 837 τὸ
1758 784 1847 837 αὐ-

255 876 312 931 τὸ
328 875 642 947 πορεύεται,
664 877 867 942 λίθους,
888 878 1039 943 ξύλα,
1067 877 1165 948 τὴν
1189 878 1374 949 ἅμμον
1394 877 1690 950 κατασύρει
1708 876 1840 949 (67)·

255 971 348 1027 ἐὰν
378 972 438 1026 δέ
470 972 553 1036 είς
584 971 757 1026 πολλὰ
787 972 1055 1045 διαιρεθῇ,
1091 973 1124 1045 ή
1172 973 1244 1046 γῆ
1268 970 1524 1044 ἀφανίζει
1557 972 1717 1036 αὐτὰ,
1752 972 1846 1025 καὶ

251 1064 458 1133 γίνεται
490 1063 959 1135 εὐκαταφρόνητα.
996 1064 1105 1118 Καὶ
1143 1064 1323 1136 ὑμεῖς,
1359 1063 1455 1118 ἐὰν
1494 1064 1804 1137 διαιρεθῆτε
1827 1104 1841 1129 ,

251 1154 440 1207 ἔσεσθε
466 1154 658 1219 οὕτως.
694 1154 786 1227 Μὴ
820 1155 1078 1226 σχισθῆτε
1109 1156 1193 1220 εἰς
1221 1157 1316 1211 δύο
1348 1155 1609 1227 κεφαλὰς,
1632 1157 1714 1210 ὅτι
1737 1158 1845 1210 πᾶν

248 1245 279 1299 ὃ
309 1246 535 1317 ἐποίησε
585 1245 828 1320 Κύριος,
877 1247 1120 1319 κεφαλὴν
1174 1248 1303 1321 μίαν
1349 1249 1483 1321 ἔχει.
1522 1250 1729 1303 Ἔδωκε
1752 1250 1846 1304 δύο

248 1338 456 1410 ὤμους,
500 1340 687 1405 πόδας,
726 1342 935 1413 χεῖρας·
983 1340 1121 1397 ἀλλά
1152 1341 1331 1397 πάντα
1372 1340 1442 1396 τά
1471 1342 1604 1414 μέλη
1638 1346 1704 1414 τῇ
1749 1345 1846 1415 μιᾷ

249 1432 460 1504 κεφαλῇ
516 1432 798 1489 ὑπακούει.
854 1434 1066 1502 Ἐγνων
1106 1432 1166 1487 ἐν
1202 1436 1389 1505 γραφῇ
1430 1434 1682 1505 πατέρων
1719 1452 1843 1506 μου,

247 1526 331 1579 ὅτι
376 1526 439 1580 ἐν
475 1527 732 1597 ἐσχάταις
771 1529 1007 1601 ἡμέραις
1052 1526 1429 1599 άποστήσεσθε
1462 1526 1572 1580 ἀπὸ
1615 1525 1841 1599 Κυρίου,

250 1619 344 1672 καὶ
387 1619 800 1692 διαιρεθήσεσθε
847 1622 906 1675 ἐν
951 1619 1167 1694 Ἰσραὴλ
1214 1618 1364 1691 (68),
1417 1621 1513 1673 καὶ
1542 1619 1662 1673 δυσὶ
1694 1620 1847 1690 βασι-

250 1704 437 1759 λεῦσιν
468 1706 944 1780 ἐξακολουθήσετε,
981 1708 1077 1761 καὶ
1111 1710 1220 1763 πᾶν
1254 1707 1532 1779 βδέλυγμα
1563 1708 1841 1778 ποιήσετε,

1945 523 1999 568 et
2028 527 2246 567 omnem
2278 509 2814 581 consanguinitatem
2850 510 3135 583 dispergit,
3186 522 3242 568 et
3273 514 3519 568 animum

1943 603 2246 673 perturbat.
2288 601 2498 658 Memor
2529 604 2675 658 enim
2706 601 2837 657 mali
2874 603 3087 659 viscera
3128 604 3522 661 misericordia-

1950 709 2055 747 unn
2088 695 2268 750 habet.
3477 713 3481 715 “

2015 780 2105 834 IX.
2140 800 2159 834 ι
2190 782 2469 839 Attendite
2492 782 2687 853 aquis,
2720 784 2981 853 quoniam
3015 798 3139 839 cum
3186 785 3350 841 simul
3396 796 3520 840 mo-

1944 882 2161 940 ventur,
2203 874 2440 945 lapides,
2485 875 2631 944 ligna
2652 916 2667 941 ,
2692 890 2914 929 arenam
2957 875 3281 944 detrahunt;
3313 878 3357 933 si
3389 888 3520 932 vero

1944 962 1999 1017 in
2027 963 2231 1021 multas
2257 965 2592 1031 dividantur,
2625 976 2768 1021 terra
2792 966 3120 1021 exterminat
3142 983 3236 1023 eas
3257 1008 3272 1032 ,
3303 978 3356 1023 et
3385 968 3521 1022 ﬁunt

1944 1055 2222 1125 neglectae.
2253 1055 2321 1110 Et
2358 1072 2479 1123 vos,
2522 1056 2566 1111 si
2596 1055 2939 1124 dividamini,
2967 1058 3122 1114 eritis
3152 1058 3248 1112 ita.
3275 1056 3353 1113 Ne
3374 1058 3522 1114 scin-

1944 1145 2151 1200 damini
2189 1147 2244 1201 in
2281 1146 2392 1203 duo
2422 1148 2622 1218 capita,
2646 1148 2777 1218 quia
2815 1165 2980 1204 omne
3008 1149 3156 1220 quod
3185 1151 3312 1205 fecit
3354 1146 3518 1213 Deus,

1945 1245 2110 1305 caput
2140 1251 2312 1291 unum
2352 1238 2533 1292 habet.
2591 1237 2748 1292 Dedit
2790 1239 2931 1294 duos
2974 1240 3263 1305 humeros,
3315 1240 3520 1311 pedes,

1946 1345 2176 1398 manus;
2224 1330 2322 1386 sed
2356 1331 2539 1385 omnia
2592 1333 2833 1387 membra
2879 1333 2973 1387 nni
3018 1334 3181 1403 capiti
3235 1334 3517 1390 obediunt.

1943 1419 2083 1477 Novi
2113 1421 2168 1476 in
2194 1423 2465 1493 scriptura
2496 1432 2715 1494 patrum
2751 1440 3021 1489 meorum,
3053 1426 3198 1495 quod
3224 1426 3277 1479 in
3316 1428 3523 1484 ultimis

1944 1516 2140 1572 diebus
2172 1516 2437 1572 recedetis
2463 1531 2494 1569 a
2519 1515 2774 1583 Domino,
2802 1526 2858 1571 et
2879 1516 3040 1571 divisi
3071 1518 3223 1573 eritis
3246 1520 3298 1573 in
3334 1518 3521 1587 Israel,

1945 1617 2000 1664 et
2027 1608 2167 1663 duos
2190 1623 2344 1678 reges
2375 1609 2703 1677 sequemini,
2734 1618 2789 1663 et
2814 1625 3031 1665 omnem
3055 1611 3521 1668 abominationem

1946 1701 2179 1768 facietis,
2208 1709 2263 1755 et
2287 1715 2451 1755 omne
2480 1699 2687 1754 idolum
2716 1701 3038 1766 adorabitis,
3069 1713 3125 1757 et
3154 1704 3401 1773 captivos
3424 1707 3522 1762 ab-

251 1798 344 1850 καί
376 1815 443 1867 γε
478 1771 585 1853 πᾶν
608 1771 829 1854 εἴδωλον
855 1771 1285 1872 προσκυνήσετε,
1321 1771 1438 1854 καὶ⁷
1457 1771 1841 1871 αἰχμαλωτεύέ

1946 1795 2144 1851 ducent
2170 1810 2269 1849 vos
2303 1791 2510 1847 inimici
2534 1793 2728 1860 vestri,
2758 1804 2813 1849 et
2837 1795 3096 1850 sedchitis
3131 1797 3184 1850 in
3204 1771 3522 1855 nationibus

254 1907 439 1945 σουσιν
464 1892 608 1963 ὑμᾶς
640 1893 694 1946 οι
737 1892 922 1965 ἐχθροὶ
961 1894 1138 1965 ὑμῶν,
1172 1894 1266 1947 καὶ
1309 1893 1597 1948 καθίσεσθε
1633 1894 1742 1966 (69)
1784 1894 1841 1948 ἐν

251 1983 435 2038 ἔθνεσι
469 1986 528 2038 ἐν
559 1985 763 2050 πάσαις
794 1987 1122 2052 ἀσθενείαις,
1146 1988 1240 2043 καὶ
1265 1987 1497 2057 θλίψεσι,
1514 1988 1608 2041 καὶ
1629 1986 1842 2052 ὀδύναις

249 2076 454 2148 ψυχῆς.
490 2078 598 2131 Kal
631 2077 772 2149 μετὰ
812 2078 988 2133 ταῦτα
1043 2079 1419 2152 μνησθήσεσθε
1463 2080 1704 2153 Κυρίου,
1749 2080 1843 2135 καὶ

252 2172 639 2243 μετανοήσετε,
668 2171 761 2224 καὶ
788 2171 1110 2244 ἐπιστρέψει
1134 2172 1279 2244 ὑμᾶς
1299 2213 1314 2237 ,
1349 2174 1430 2226 ὃτι
1455 2173 1701 2245 ἐλεήμων
1724 2172 1843 2226 ἐστὶ

252 2264 351 2317 κα)⁵
381 2262 753 2334 εύσπλαγχνος
772 2303 787 2329 ,
838 2263 914 2336 μὴ
945 2263 1294 2336 λογιζόμενος
1332 2266 1527 2319 κακίαν
1568 2268 1681 2329 τοῖς
1706 2266 1842 2329 υἱοῖς

249 2355 364 2409 τῶν
414 2354 751 2427 ἀνθρώπων,
796 2354 931 2409 διότι
985 2353 1122 2427 σάρξ
1161 2356 1287 2420 είσι,
1330 2356 1423 2409 καὶ
1452 2354 1522 2409 τὰ
1552 2354 1843 2425 πνεύματα

250 2447 357 2518 τῆς
391 2447 599 2520 πλάνης
632 2448 819 2519 ἀπατᾷ
849 2448 1047 2513 αὐτοὺς
1080 2448 1173 2501 ἐπ)⁸
1200 2449 1401 2512 πάσαις
1422 2450 1543 2513 ταῖς
1580 2447 1842 2520 πράξεσιν

249 2537 458 2592 αὐτῶν.
492 2538 602 2592 Kal
638 2537 774 2610 μετὰ
818 2537 993 2591 ταῦτα
1024 2539 1274 2593 άνατελεῖ
1304 2539 1435 2611 ὑμῖν
1466 2539 1626 2602 αὐτὸς
1665 2540 1694 2591 ό
1726 2537 1841 2591 Κύ-

255 2647 374 2702 ριος
404 2630 536 2702 (70),
571 2631 689 2701 φῶς
719 2631 1086 2702 δικαιοσύνης,
1122 2632 1216 2685 καὶ
1251 2630 1391 2695 ἴασις
1428 2632 1522 2685 καὶ
1566 2629 1841 2699 εὐσπλαγ-

253 2720 380 2790 χνία
416 2720 510 2774 ἐπὶ
539 2722 659 2783 ταῖς
684 2719 943 2792 πτέρυξιν
974 2717 1162 2773 αὑτοῦ.
1186 2718 1359 2783 Δύτδς
1381 2717 1715 2790 λυτρὼσεται
1739 2718 1844 2770 πᾶ-

256 2828 358 2864 σαν
389 2812 761 2883 αἰχμαλωσίαν
790 2811 923 2866 υἱῶν
956 2810 1242 2884 ἀνθρώπου
1270 2813 1336 2865 ἐκ
1364 2810 1461 2865 τοῦ
1496 2809 1714 2882 Βελιὰρ,
1749 2809 1844 2864 καὶ

254 2901 368 2953 πᾶν
416 2900 633 2972 πνεῦμα
678 2902 884 2974 πλάνης
931 2902 1336 2974 πατηθήσεται·
1385 2902 1483 2957 καὶ
1526 2901 1842 2973 ἐπιστρέψει

255 2991 438 3045 πάντα
475 2992 547 3047 τά
584 2993 710 3065 εθνη
756 2995 835 3058 εἰς
869 2995 1258 3067 παραζήλωσιν
1295 2993 1483 3049 αὑτοῦ·
1519 2997 1613 3049 καὶ
1644 2993 1840 3064 δψεσθε

255 3086 392 3143 Θεὸν
416 3089 473 3141 ἐν
502 3090 739 3160 σχήματι
772 3086 1081 3159 ἀνθρώπου,
1106 3088 1167 3141 ὃν
1193 3087 1271 3142 ἂν
1293 3085 1579 3160 ἐκλέξηται
1612 3087 1839 3159 Κύριος,
1867 3120 1911 3182 C

265 3178 625 3251 Ἰερουσαλὴμ
667 3179 839 3250 ὄνομα
863 3180 1012 3251 αύτῷ
1042 3178 1176 3252 (7i).
1226 3181 1335 3235 Kal
1389 3180 1553 3235 πάλιν
1587 3182 1645 3235 ἐν
1672 3198 1842 3254 πονη-

255 3268 350 3341 ρίᾳ
384 3269 558 3340 λόγων
580 3269 734 3341 ὑμῶν
772 3271 1138 3343 παροργίσετε
1171 3268 1352 3335 αὐτὸν,
1375 3270 1470 3324 καὶ
1499 3270 1847 3345 άποῤῥιφθή-

255 3363 420 3418 σεσθε
443 3364 550 3428 ἓως
580 3361 777 3435 καιροῦ
802 3362 1136 3427 συντελείας.

324 3459 388 3511 1'.
429 3476 449 3509 ι
478 3457 587 3511 Καὶ
616 3456 731 3522 νῦν,
752 3457 918 3511 τέκνα
949 3474 1073 3528 μου,
1105 3454 1474 3527 μηλυπεῖσθε,
1507 3456 1589 3510 ὅτι
1610 3457 1849 3532 ἀποθνή-

254 3564 376 3602 σκω
426 3546 570 3617 ἐγὼ,
619 3548 754 3621 μηδὲ
806 3548 1189 3620 συμπίπτετε,
1242 3549 1324 3603 ὅτι
1355 3546 1638 3603 ἀπολείπω
1670 3549 1844 3621 ὑμῶν.

266 3643 671 3715 Ἀναστήσομαι
695 3642 804 3715 γὰρ
835 3643 997 3698 πάλιν
1018 3643 1079 3696 ἐν
1115 3643 1263 3715 μέσῳ
1293 3643 1469 3715 ὑμῶν,
1502 3643 1578 3708 ὡς
1609 3644 1848 3717 ἡγούμε-

254 3750 344 3798 νος
382 3737 443 3787 ἐν
477 3733 627 3806 μέσῳ
662 3733 796 3787 υἱῶν
827 3733 1014 3797 αὑτοῦ,
1043 3732 1140 3786 καὶ
1180 3732 1623 3805 εύφρανθήσομαι
1656 3734 1713 3787 ἐν
1749 3734 1847 3805 μέ-

255 3845 336 3901 σῳ
360 3827 466 3899 τῆς
500 3828 673 3899 φυλῆς
709 3845 830 3899 μου,
858 3828 973 3880 ὅσοι
1000 3825 1273 3896 ἐφύλαξαν
1300 3824 1462 3896 νόμον
1486 3826 1714 3896 Κυρίου,
1754 3827 1848 3879 καὶ

254 3920 480 3984 ἐντολὰς
513 3917 797 3975 Ζαϐουλὼν
824 3918 1028 3991 πατρὸς
1053 3917 1253 3972 αὐτῶν.
1306 3918 1429 3971 Ἐπὶ
1462 3917 1520 3970 δέ
1563 3917 1691 3980 τοὺς
1717 3918 1846 3970 ἀσε-

255 4012 377 4077 ϐεῖς
401 4011 593 4079 ἐπάξει
626 4011 832 4083 Κύριος
850 4010 963 4084 πῦρ
993 4008 1231 4075 αἰώνιον,
1254 4010 1349 4063 καὶ
1372 4007 1626 4062 ἀπολέσει
1651 4008 1847 4074 αὐτοὺς

253 4106 364 4170 ἕως
400 4103 621 4174 γενεῶν.
660 4103 801 4174 Ἐγὼ
822 4104 902 4168 είς
932 4102 1030 4175 τὴν
1061 4101 1365 4157 ἀνάπαυσίν
1396 4119 1495 4174 μου
1537 4099 1844 4172 ἀποτρέχω,

254 4197 333 4263 ὡς
381 4198 432 4250 οἱ
465 4195 700 4267 πατέρες
737 4213 871 4267 μου·
908 4196 1067 4267 ὑμεῖς
1098 4194 1156 4248 δὲ
1201 4193 1454 4264 φοϐεῖσθε
1502 4193 1707 4264 Κύριον
1755 4192 1846 4245 τὸν

256 4289 396 4344 Θεὸν
421 4288 575 4360 ὑμῶν
600 4327 614 4353 ,
650 4289 708 4341 ἐν
743 4288 893 4361 πάσῃ
923 4286 1098 4358 ἰσχύϊ,
1150 4286 1328 4349 πάσας
1352 4284 1452 4348 τὰς
1496 4282 1707 4355 ἡμέρας
1737 4283 1846 4353 ’τῆς

258 4383 410 4454 ζωῆς
442 4382 614 4453 ὑμῶν.
629 4401 647 4433 ι
668 4382 779 4435 Kal
808 4380 980 4435 ταῦτα
1001 4379 1188 4442 εἰπὼν,
1215 4379 1480 4451 ἐκοιμήθη
1501 4378 1654 4449 ὕπνῳ
1675 4376 1843 4446 καλῷ,

1943 1885 1997 1939 in
2024 1885 2280 1941 ornatibus
2314 1884 2747 1952 inﬁrmitatibus,
2770 1894 2826 1940 et
2855 1886 3325 1956 tribulationibus,
3344 1901 3399 1945 et
3424 1892 3521 1947 do-

1942 1974 2151 2030 loribus
2182 1976 2396 2029 animae.
2431 1974 2496 2029 Et
2524 1984 2649 2045 post
2684 1977 2801 2031 haec
2827 1976 3251 2033 recordabimini
3274 1978 3519 2047 Domini,

1942 2078 1996 2125 et
2025 2069 2380 2139 resipiscetis,
2413 2077 2467 2125 et
2494 2080 2774 2126 convertet
2812 2086 2941 2138 vos,
2983 2062 3245 2142 quoniam
3279 2074 3521 2131 clemens

1941 2169 2029 2216 est
2057 2171 2112 2215 et
2138 2161 2476 2226 misericors,
2504 2176 2615 2217 non
2645 2162 2925 2232 imputans
2967 2164 3233 2218 malitiam
3262 2165 3388 2220 ﬁliis
3421 2166 3521 2220 ho-

1942 2254 2186 2322 minum;
2223 2252 2486 2325 quoniam
2516 2270 2649 2310 caro
2689 2265 2837 2324 sunt,
2866 2266 2919 2312 et
2943 2259 3167 2327 spiritus
3197 2261 3400 2317 erroris
3434 2279 3521 2329 se:

1941 2348 2149 2402 ducunt
2197 2361 2293 2401 eos
2346 2346 2398 2400 in
2460 2348 2717 2403 omnibus
2766 2350 3072 2405 actionibus
3113 2350 3251 2405 suis.
3291 2351 3356 2406 Et
3398 2364 3520 2422 post

1943 2440 2057 2495 hzec
2087 2438 2297 2494 orietur
2319 2441 2475 2496 vobis
2514 2439 2629 2509 ipse
2658 2437 2952 2508 Dominus,
2975 2440 3158 2497 lumen
3180 2444 3429 2513 justitiat,
3464 2456 3521 2500 et

1942 2526 2150 2581 sanitas
2171 2535 2225 2581 et
2256 2527 2636 2583 misericordia
2662 2527 2716 2581 in
2743 2528 2941 2598 pennis
2964 2530 3104 2600 ejus.
3140 2530 3261 2602 ipse
3291 2535 3521 2591 redimet

1943 2636 2161 2675 omnem
2201 2621 2569 2692 captivitatem
2615 2622 2852 2677 ﬁliorum
2898 2623 3139 2680 hominis
3168 2642 3198 2680 a
3232 2625 3429 2696 Beliar,
3466 2640 3522 2683 ct

1942 2714 2123 2771 omnis
2152 2713 2380 2785 spiritus
2426 2717 2631 2771 erroris
2679 2716 3128 2785 conculcabitur;
3163 2730 3217 2775 et
3244 2734 3520 2778 convertet

1942 2821 2135 2864 omnes
2181 2817 2371 2880 gentes
2422 2809 2476 2865 in
2522 2809 2927 2864 aemulationem
2954 2811 3115 2881 ejus;
3159 2821 3212 2868 et
3267 2814 3520 2871 videbitis

1943 2898 2115 2954 Deum
2152 2900 2207 2954 in
2238 2900 2417 2956 forma
2451 2900 2689 2955 hominis
2710 2942 2724 2968 ,
2756 2917 2916 2970 quem
2953 2902 3176 2973 elegerit
3212 2903 3518 2967 Dominus;

1941 2992 2239 3050 Jerusalem
2268 3009 2467 3049 nomen
2499 2994 2569 3049 ei.
2593 2993 2659 3048 Et
2680 3010 2870 3049 rursus
2894 2995 2948 3049 in
2976 2996 3179 3051 malitia
3207 3013 3517 3056 sermonum

1943 3096 2249 3143 vestrorum
2283 3085 2349 3141 ad
2381 3084 2720 3140 iracundiam
2747 3084 3116 3155 provocabitis
3151 3101 3275 3140 eum
3301 3130 3315 3147 .
3343 3100 3397 3145 et
3425 3092 3523 3146 at)-

1943 3178 2069 3249 jeeti
2092 3178 2245 3234 eritis
2275 3191 2448 3250 usque
2471 3176 2535 3232 ad
2562 3185 2780 3247 tempus
2804 3177 3317 3234 consummationis.

1952 3518 1955 3522 .
2018 3463 2089 3519 X.
2127 3482 2146 3516 ι
2185 3463 2251 3518 Ει
2280 3478 2447 3527 nunc,
2480 3461 2576 3516 ﬁlii
2627 3462 2766 3528 mei,
2802 3477 2869 3516 ne
2900 3463 3331 3529 contristemini,
3380 3480 3520 3535 quo-

1954 3555 2103 3610 niam
2137 3556 2346 3612 morior
2379 3571 2513 3626 ego;
2560 3570 2736 3626 neque
2766 3556 3088 3617 coneidatis.
3124 3559 3382 3628 quoniam
3431 3575 3522 3615 re-

1948 3648 2137 3718 Enquo
2166 3664 2282 3703 vos.
2324 3647 2626 3717 Resurgam
2658 3648 2801 3701 enim
2842 3649 2894 3701 in
2944 3649 3124 3703 medio
3151 3652 3344 3719 vestri,
3377 3653 3523 3708 velut

1946 3742 2056 3797 dux
2120 3738 2175 3793 in
2238 3739 2416 3793 medio
2478 3738 2714 3792 ﬁliorum
2776 3754 3038 3805 suorum,
3098 3750 3151 3795 et
3200 3742 3424 3798 laetabor
3466 3746 3518 3801 in

1947 3829 2126 3886 medio
2169 3829 2344 3885 tribus
2393 3844 2546 3895 meae,
2602 3835 2869 3897 quotquot
2921 3828 3299 3884 custodierunt
3347 3830 3517 3902 legem

1949 3922 2187 3990 Domini,
2237 3930 2291 3977 et
2319 3921 2570 3975 mandata
2602 3920 2844 3975 Zabulon
2882 3922 3051 3990 patris
3091 3936 3302 3977 eorum.
3346 3922 3522 3995 Supcr

1948 4015 2146 4085 impios
2174 4029 2302 4068 vero
2333 4012 2554 4068 inducet
2588 4012 2855 4067 Dominus
2909 4013 3088 4082 ignem
3131 4022 3416 4081 aeternum,
3449 4026 3521 4073 ,οι

1946 4108 2131 4177 perdel
2156 4121 2250 4160 eos
2280 4120 2454 4176 usque
2484 4104 2536 4160 in
2570 4103 2972 4175 generationes.
3005 4103 3120 4174 Ego
3168 4104 3221 4158 in
3276 4108 3518 4177 requiem

1946 4213 2122 4253 meam
2153 4196 2429 4266 confugio,
2456 4196 2595 4251 sicut
2622 4205 2803 4265 patres
2826 4197 2931 4251 mei
2962 4214 2976 4250 :
3002 4211 3097 4251 vos
3124 4205 3305 4253 autem
3333 4198 3519 4255 timete

1948 4288 2236 4343 Dominum
2272 4287 2438 4343 Deum
2466 4296 2733 4355 vestrum,
2764 4288 2817 4341 in
2846 4288 2994 4342 omni
3026 4287 3362 4359 fortitudine,
3401 4306 3521 4346 om-

1898 4426 1899 4429 η
1948 4378 2111 4434 nibus
2149 4378 2340 4433 diebus
2385 4378 2507 4432 vita:
2548 4385 2760 4431 vestrae.
2794 4395 2813 4428 ι
2855 4376 2922 4432 Ει
2964 4394 3088 4433 cum
3121 4380 3235 4435 haec
3270 4380 3517 4450 dixisset,

260 4475 360 4530 καὶ
393 4474 596 4545 ἔθηκαν
619 4472 779 4526 αὑτὸν
810 4472 860 4524 οἱ
895 4472 1001 4525 υἱοὶ
1030 4470 1192 4525 αὐτοῦ
1226 4471 1283 4522 ἐν
1310 4469 1452 4541 θήκη
1476 4485 1491 4498 ·
1527 4468 1751 4539 ὕστερον
1782 4467 1839 4520 δὲ

1946 4472 2198 4527 dormivit
2221 4487 2415 4527 somno
2442 4471 2608 4533 bono,
2636 4480 2689 4526 et
2713 4482 3013 4542 posuerunt
3034 4488 3156 4527 eum
3194 4472 3286 4527 ﬁlii
3317 4475 3439 4545 ejus
3464 4477 3517 4531 in

259 4567 629 4635 ἀναγαγόντες
661 4566 822 4619 αὐτὸν
845 4566 925 4629 είς
946 4562 1193 4635 Χεϐρὼν,
1217 4562 1417 4633 ἔθαψαν
1445 4562 1582 4633 μετὰ
1604 4561 1713 4615 τῶν
1738 4578 1842 4614 πα-

259 4663 439 4732 τέρων
470 4659 651 4714 αὐτοῦ.

811 4768 1205 4824 ΚΕΦᾹΛᾹΙΟΝ
1238 4769 1309 4823 Z'.

435 4861 689 4929 Διαθήκη
715 4862 851 4925 Δὰν,
877 4861 1008 4928 περὶ
1043 4859 1231 4929 θυμοῦ
1258 4860 1354 4913 καὶ
1381 4856 1664 4927 ψεύδους.

340 4959 417 5009 A'.
466 4955 829 5027 ’Δντίγραφον
849 4952 1023 5022 λόγων
1055 4954 1181 5018 Δὰν,
1209 4946 1283 5006 ὧν
1308 4947 1424 5005 εἶπε
1447 4952 1558 5014 τοῖς
1587 4951 1719 5013 υἱοῖς
1743 4950 1839 5001 αύ-

264 5048 362 5101 τοῦ
397 5048 483 5101 ἐπ’
518 5048 759 5117 ἐσχάτων
790 5046 899 5099 τῶν
931 5045 1155 5118 ἡμερῶν
1194 5044 1381 5097 αὐτοῦ.
1426 5040 1731 5110 Ἑκατοστῷ
1761 5041 1839 5092 εἰ-

266 5140 446 5211 κοστῷ
479 5140 711 5211 πέμπτῳ
742 5140 852 5192 ἔτει
886 5138 986 5209 τῆς
1032 5136 1177 5208 ζωῆς
1221 5135 1384 5189 αὑτοῦ
1406 5174 1419 5199 ,
1469 5133 1701 5196 καλέσας
1743 5132 1843 5202 τὴν

272 5252 496 5308 Visione
544 5270 606 5319 ll,
642 5254 679 5325 ᾗ
711 5256 765 5319 3,
818 5254 903 5308 his
943 5253 1123 5307 verbis
1147 5269 1174 5325 ς)
1199 5271 1216 5301 ι
1249 5250 1328 5304 Tn
1366 5256 1570 5309 autem,
1619 5246 1839 5325 liertna,

272 5325 383 5378 nuli
412 5318 726 5379 meminisse
756 5325 1078 5394 injuriarum
1105 5323 1340 5377 ﬁliorum
1374 5330 1613 5394 tuorum.
1637 5318 1843 5394 hirmo—

273 5396 351 5448 ria
382 5395 527 5450 enim
555 5389 879 5465 injuriarum
909 5405 1136 5465 mortem
1172 5407 1448 5463 operatur,
1484 5389 1689 5443 oblivio
1713 5405 1842 5442 vero

272 5481 459 5519 earum
495 5464 663 5520 vitam
705 5464 1191 5522 aeternamaGme.

341 5535 809 5661 365)0poéalo'£t.
844 5537 951 5589 Kal
978 5536 1076 5606 τὴν
1113 5532 1343 5604 ὓπαρξιν
1383 5530 1660 5603 ἀφανίζει,
1695 5531 1844 5587 addit

376 5624 441 5661 ex
522 5624 648 5661 xon.
716 5626 770 5661 ο.

275 5604 441 5662 cedet
470 5604 648 5663 om.
693 5608 770 5665 In.

346 5678 459 5744 (66)
500 5676 575 5731 Τὰ
598 5678 802 5731 ὕδατα.
851 5678 969 5729 Ἑπὶ
997 5677 1123 5730 add.
1151 5676 1229 5729 In.

340 5749 455 5820 (67)
489 5746 837 5816 Κατασύρει.
865 5749 1193 5817 Καταφέρει.
1224 5746 1295 5801 ln.

557 5846 826 5906 PATROL.
884 5844 998 5903 (in.
1056 5841 1135 5901 ll.

1946 4559 2135 4625 theca;
2169 4569 2354 4629 postea
2378 4576 2507 4613 vero
2537 4562 2859 4615 reducentes
2888 4577 3013 4616 cum
3056 4563 3109 4617 in
3152 4562 3394 4632 llebron,
3426 4582 3518 4621 se‘

1944 4652 2212 4722 pelierunt
2250 4667 2372 4706 eum
2406 4654 2652 4723 patribus
2674 4653 2814 4723 ejus.

2516 4768 2748 4824 CAPUT
2790 4768 2901 4824 ΥΠ.

2145 4857 2535 4913 Testamentum
2570 4860 2710 4925 Dan,
2746 4862 2811 4915 de
2836 4863 2920 4915 ira
2946 4872 2995 4917 et
3026 4864 3317 4920 mendacio.

2013 4948 2055 5004 Ι.
2086 4949 2500 5021 Transcriptum
2532 4953 2822 5007 verborum
2862 4954 2997 5021 Dan,
3036 4973 3157 5026 qua:
3203 4957 3341 5011 dixit
3394 4958 3518 5012 ﬁliis

1939 5043 2059 5097 suis
2107 5043 2160 5096 in
2217 5043 2425 5099 ultimis
2473 5045 2662 5100 diebus
2713 5046 2851 5101 suis.
2903 5048 3214 5103 Centesimo
3260 5048 3520 5103 vicesimo

1943 5136 2136 5205 quinto
2164 5151 2308 5191 anno
2333 5136 2459 5191 vita:
2487 5153 2600 5192 sua:
2627 5154 2829 5195 vocans
2870 5142 3073 5195 tribum
3123 5155 3299 5207 suam,
3331 5139 3468 5195 dixit
3502 5157 3514 5190 :

2016 5249 2128 5324 (68)
2165 5248 2432 5324 Ἰσραήλ.
2471 5252 2777 5324 ἰερουσαλή

2016 5254 2128 5321 (68)
2165 5254 2432 5317 Ἰσραήλ.
2471 5254 2537 5305 ἰε
2577 5254 2843 5324 ουσαλήμ.
2878 5254 2954 5308 In.

2016 5320 2133 5392 (69)
2160 5322 2511 5376 Καθίσεσθε.
2539 5271 2954 5392 Κακωθήσεσθε.

2590 5322 2954 5393 ακωθήσεσθε.
2984 5322 3057 5376 11).

2016 5391 2129 5462 (70)
2162 5392 2465 5446 Ἀνατελεῖ
2491 5394 2633 5462 ὑμῖν
2658 5391 2838 5457 αὐτὸς
2870 5397 2902 5447 ό
2927 5396 3158 5461 Κύριος,
3184 5402 3286 5449 etc.
3313 5394 3515 5450 Alludit

1945 5463 2009 5517 ad
2048 5460 2325 5515 Malaehiaa
2350 5479 2420 5526 Iv,
2440 5464 2493 5526 2.
2523 5460 2597 5516 In.

2018 5532 2595 5604 (7l)Kal_tamq.....
2648 5534 3043 5602 Ἰερουσαλὴμ
3102 5536 3286 5604 ὄνομα
3334 5534 3511 5601 αὐτῷ.

1946 5602 2428 5679 Καὶμέπιστρέψετε
2540 5604 2635 5679 τῆς,
2665 5604 2766 5679 γῆς
2792 5604 2962 5679 ὑμῶν,
2981 5606 3074 5679 καὶ
3098 5602 3289 5679 ὄψεσθε
3314 5605 3517 5679 Κύριον

1946 5675 2005 5745 ἐν
2053 5671 2405 5745 Ἰερουσαλὴμ
2445 5671 2638 5745 διὰτὸ
2678 5671 2853 5745 ’ωσμά
2898 5676 3082 5741 αὐτοῦ,
3139 5671 3299 5731 habet
3337 5671 3514 5733 (1;;ch

1948 5741 2137 5797 Oxon.‘
2155 5743 2326 5796 multo
2348 5741 2642 5801 eoncisius.
2680 5744 2754 5799 ln.

3166 5841 3193 5856 'l‘

3126 5843 3203 5899 35
