4002 6308
488 239 627 292 4009

1459 236 1675 289 TESTA
1686 238 1915 290 MLNT‘A
1972 239 2061 290 ΧΗ
2123 239 2665 298 PATlllARClI‘ARU
2679 243 2746 298 Μ.

3583 251 3728 305 ιιυθ

497 376 518 410 ι
546 354 762 415 Audite.
823 355 915 409 lilii
940 353 1079 418 Dan,
1106 370 1393 410 sermones
1424 369 1594 422 meos,
1640 359 1897 413 attendite
1932 371 2049 408 ver-

2156 358 2382 429 πατριὰν
2412 359 2597 423 αὑτοῦ,
2634 355 2820 412 εἷπενο
2856 381 2872 408 ι
2926 356 3232 422 Ἀκούσατε,
3262 365 3369 416 υἱοὶ
3400 364 3531 429 Ab,
3557 367 3730 433 λόγων

488 447 574 503 bis
603 448 715 501 oris
750 446 919 516 patris
952 446 1135 502 vestri.
1168 445 1397 501 Probavi
1443 448 1497 501 in
1534 448 1698 502 corde
1743 464 1864 503 meo
1911 456 1965 500 et
1998 448 2048 499 in

488 540 640 595 omni
678 541 783 592 vita
829 554 970 599 mea,
1001 539 1145 607 quod
1180 555 1266 594 res
1314 540 1456 593 bona
1492 549 1577 594 est
1618 549 1673 593 et
1722 538 1832 593 Deo
1876 546 2047 608 grata,

489 633 690 687 veritas
717 649 839 686 cum
866 632 1012 702 justa
1040 632 1281 697 actione;
1319 640 1373 686 et
1404 631 1549 701 quod
1576 633 1940 702 perniciosum
1967 640 2051 685 est

486 724 856 787 mendacium,
883 736 936 778 et
965 725 1064 787 ira,
1095 724 1353 794 quoniam
1392 739 1610 779 omnem
1656 725 1914 778 malitiam
1948 724 2049 777 ho-

490 817 691 871 minem
742 817 988 871 edocent.
1043 816 1321 870 Conﬁteor
1346 814 1502 870 vobis
1553 815 1734 881 hodie,
1783 816 1878 869 lilii
1918 814 2045 881 mei,

486 910 633 979 quod
680 909 733 962 in
775 911 937 963 corde
967 923 1089 961 meo
1130 908 1341 961 laetatus
1373 921 1494 961 sum
1525 906 1593 961 de
1623 918 1795 961 morte
1822 905 2043 975 Ioseph,

487 1002 588 1056 viri
620 1002 832 1055 veracis
859 1009 912 1054 et
944 1000 1091 1063 boni,
1116 1008 1171 1054 et
1200 998 1500 1069 gaudebam
1538 998 1593 1052 in
1620 998 1927 1052 venditione
1953 996 2047 1051 Jo-

490 1094 641 1162 seph,
664 1092 923 1161 quoniam
957 1106 1123 1159 supra
1153 1107 1253 1145 nus
1284 1098 1439 1159 pater
1466 1104 1589 1144 eum
1620 1090 1894 1160 diligebat.
1927 1088 2051 1158 Spi-

489 1186 628 1240 ritus
657 1186 802 1239 euim
848 1184 945 1236 zeli
981 1194 1034 1236 et
1075 1183 1329 1237 elationis
1373 1182 1509 1236 dixit
1540 1181 1714 1237 mihi:
1759 1199 1779 1233 ι
1814 1180 1881 1235 Et
1910 1189 1965 1235 tu
1990 1196 2050 1235 es

490 1278 633 1333 filius
664 1278 801 1347 ejus.
844 1296 861 1328 ι
905 1275 970 1330 Et
1008 1292 1151 1331 unus
1178 1275 1467 1345 spirituum
1512 1274 1687 1329 Beliar
1723 1273 2052 1343 cooperaba-

488 1380 577 1425 tur
606 1370 761 1433 mihi,
806 1369 994 1424 dicens
1024 1386 1037 1420 :
1076 1388 1093 1419 ι
1128 1368 1325 1436 Accipe
1357 1366 1595 1436 gladium
1642 1366 1811 1432 hunc,
1839 1374 1894 1421 et
1925 1381 2049 1420 cum

486 1478 554 1518 eo
583 1462 769 1517 occide
793 1460 991 1531 Joseph
1015 1478 1031 1527 ;
1058 1471 1113 1515 et
1140 1460 1327 1529 diliget
1358 1468 1408 1513 te
1458 1467 1610 1528 pater
1638 1467 1783 1525 tuus,
1834 1468 2050 1513 mortuo

486 1569 574 1608 eo.
608 1574 628 1607 ι
661 1552 761 1608 Hic
795 1560 881 1607 est
909 1551 1133 1622 spiritus
1171 1550 1295 1615 irae,
1341 1549 1577 1604 suadens
1612 1549 1769 1613 mihi,
1815 1556 1876 1604 ut
1909 1551 2052 1605 sicut

488 1646 729 1719 pardalis
747 1644 973 1701 devorat
998 1644 1238 1707 lardum,
1270 1642 1344 1697 ita
1369 1643 1684 1697 devorarem
1707 1640 1926 1713 Joseph.
1944 1641 2049 1698 Sed

490 1740 632 1795 Deus
655 1737 824 1794 Jacob
844 1736 1015 1807 patris
1048 1735 1153 1790 mei
1186 1750 1297 1789 non
1335 1733 1566 1788 immisit
1592 1748 1719 1788 eum
1762 1733 1815 1787 in
1858 1751 2052 1789 manus

490 1847 660 1897 meas,
709 1838 773 1885 ut
813 1827 1111 1882 invenirem
1142 1841 1289 1893 eum.
1317 1827 1534 1893 solum;
1586 1840 1763 1896 neque
1810 1827 2053 1896 permisit

490 1923 827 1993 iniquitatem
858 1921 1001 1976 hanc
1036 1920 1236 1985 facere,
1267 1929 1328 1976 ut
1355 1920 1470 1991 (75)
1494 1920 1777 1977 solvantur
1803 1921 1912 1977 duo
1937 1936 2053 1977 sce-

489 2022 608 2083 ptra
640 2012 694 2065 in
723 2009 910 2067 Israel.

558 2171 623 2227 ll.
654 2189 672 2225 ι
704 2170 769 2224 Et
799 2184 963 2234 nunc,
996 2169 1093 2223 filii
1128 2168 1256 2235 mei,
1280 2183 1380 2241 ego
1411 2170 1635 2236 morior,
1668 2179 1721 2225 et
1749 2170 1805 2225 in
1828 2170 2053 2225 veritate

488 2265 611 2319 dico
640 2263 814 2328 vobis,
853 2262 996 2331 quod
1045 2262 1089 2316 si
1138 2277 1246 2314 non
1281 2260 1601 2316 custodiatis
1630 2263 1989 2331 vosmetipsos
2021 2278 2051 2316 a

489 2355 682 2424 spiritu
737 2353 1005 2406 mendacii
1058 2363 1109 2406 et
1162 2353 1275 2417 ine,
1307 2362 1361 2405 et
1404 2352 1639 2421 diligatis
1690 2353 1968 2407 veritatem
2001 2363 2053 2406 et

486 2446 976 2516 longanimitatem,
1001 2444 1352 2513 disperibitis.
1384 2444 1613 2499 Grecitas
1639 2454 1720 2499 est
1743 2446 1797 2500 in
1824 2438 2051 2511 ira,ililii

490 2537 617 2599 mei,
666 2545 719 2589 et
752 2550 907 2588 nemo
954 2534 1248 2607 iracundus
1290 2534 1433 2587 videt
1478 2532 1668 2589 faciem
1702 2536 1755 2589 in
1786 2538 2049 2603 veritate;

488 2630 747 2702 quoniam
785 2644 876 2683 κη
908 2638 1076 2693 pater.
1109 2628 1221 2679 sive
1260 2640 1428 2681 mater
1458 2628 1558 2692 sit,
1606 2638 1663 2683 ut
1697 2628 1942 2685 hostibus
1966 2643 2048 2685 at-

489 2725 659 2778 tendit
681 2724 792 2791 eis;
835 2726 879 2777 si
904 2720 974 2777 sit
1001 2718 1185 2782 frater,
1211 2735 1316 2771 non
1348 2719 1526 2784 novit;
1570 2720 1615 2774 si
1660 2721 1914 2789 propheta
1948 2720 2051 2775 Do-

487 2816 643 2882 mini,
684 2832 790 2869 non
824 2815 1041 2881 ohedit;
1082 2817 1124 2869 si
1160 2816 1363 2885 juSwS,
1389 2826 1494 2863 non
1565 2811 1784 2880 aSpicit;
1817 2813 2051 2867 amicum

490 2922 597 2960 non
645 2906 942 2975 cognoscit.
993 2905 1368 2976 Circumponit
1414 2900 1564 2961 enim
1605 2898 1655 2953 ei
1701 2900 1924 2969 spiritus
1962 2902 2052 2957 ira:

491 2999 625 3052 retia
654 2998 878 3064 erroris,
911 3008 963 3051 et
992 3006 1225 3053 excaecat
1263 2997 1539 3052 naturales
1575 2992 1765 3051 oculus
1807 2993 1947 3064 ejus,
1998 3004 2049 3049 et
2078 3031 2124 3094 Ο
2152 3022 2211 3073 οὐ

490 3105 582 3158 per
614 3088 955 3143 mendacium
983 3088 1301 3143 obtenehrat
1356 3098 1590 3143 mentem
1634 3088 1776 3157 ejus,
1825 3095 1879 3143 et
1926 3102 2052 3157 pro-

488 3184 661 3252 priam
690 3183 954 3237 visionem
984 3182 1174 3235 tribuit
1209 3182 1280 3236 ei.
1306 3180 1363 3235 In
1395 3197 1504 3251 quo
1531 3189 1710 3235 autem
1742 3180 2052 3250 circumpo-

490 3273 569 3326 nit
597 3273 787 3327 oculos
835 3272 993 3341 ejus?
1032 3270 1087 3326 ιιι
1120 3271 1246 3325 odio
1275 3273 1475 3335 cordis,
1514 3281 1567 3328 et
1606 3273 1698 3327 dat
1722 3273 1769 3326 ei
1803 3288 1899 3326 cur
1931 3287 2053 3342 pro-

488 3361 665 3432 prium
700 3360 960 3415 adversus
983 3359 1200 3413 fratrem
1238 3362 1291 3414 in
1318 3361 1593 3417 invidiam.

558 3634 645 3689 ιιι.
683 3652 701 3686 ι
735 3632 1049 3689 Perniciosa
1097 3644 1180 3689 est
1232 3636 1344 3703 ira,
1385 3639 1484 3697 ﬁlii
1522 3637 1661 3703 mei;
1707 3639 1906 3693 etenim
1947 3640 2050 3710 ipsi

488 3727 683 3782 anima:
713 3727 829 3796 ipsa
886 3726 945 3780 lit
988 3727 1204 3795 anima;
1237 3736 1292 3782 et
1321 3744 1518 3799 corpus
1550 3729 1769 3799 quidem
1803 3732 2049 3787 iracundi

488 3819 765 3888 proprium
807 3816 907 3870 sibi
950 3816 1115 3883 facit,
1154 3818 1350 3871 animm.
1400 3826 1579 3873 autem
1624 3820 1956 3890 dominatur,
1999 3831 2053 3878 ct

490 3909 678 3966 tribuit
726 3909 939 3979 corpori
988 3909 1284 3978 potentiam
1316 3911 1614 3979 propriam,
1650 3922 1710 3965 ut
1738 3911 1902 3968 faciat
1940 3929 2052 3969 om-

488 4017 613 4055 nem
646 4000 1020 4070 iniquitatem;
1050 4008 1250 4054 etcum
1278 4000 1390 4071 jam
1415 4013 1634 4071 operata
1666 4002 1826 4059 fuerit
1846 4004 2049 4073 anima,

486 4091 749 4162 justiﬁeat
778 4091 922 4161 quod
957 4100 1239 4160 cperatum
1281 4100 1385 4155 est,
1417 4092 1543 4162 quia
1567 4108 1675 4149 non
1717 4092 1880 4148 videt.
1910 4093 2048 4150 Pro-

488 4196 605 4255 pter
637 4184 739 4240 hoc
769 4184 861 4255 qui
890 4183 1063 4238 iratus
1095 4192 1199 4252 est,
1250 4184 1296 4239 si
1331 4185 1550 4255 quidem
1600 4187 1670 4241 sit
1712 4196 1923 4257 potens,
1953 4190 2052 4243 tri-

488 4278 681 4347 plicem
732 4276 893 4330 habet
932 4277 1232 4346 potentiam
1263 4278 1318 4331 in
1352 4277 1431 4331 ira
1462 4293 1475 4328 :
1515 4294 1676 4332 unam
1708 4280 1925 4350 quidem
1954 4298 2051 4353 per

2155 4276 2243 4371 μιν
2278 4276 2341 4353 ὲν
2368 4301 2444 4371 τῷ
2478 4276 2689 4372 θυμῷί
2722 4276 2851 4373 μίαν

487 4368 786 4436 potentiam
833 4376 887 4422 et
934 4367 1198 4422 auxilium
1236 4368 1698 4437 ministrantium;
1752 4373 2045 4429 secundam
2081 4365 2126 4422 1)

490 4467 669 4509 autem
714 4472 809 4527 per
837 4457 1085 4524 divitias,
1119 4459 1453 4528 persuadens
1495 4469 1547 4513 et
1578 4462 1799 4518 vincens
1828 4465 1880 4517 in
1919 4464 2053 4534 inju~

491 4550 668 4615 stitia;
720 4551 931 4604 tertiam
987 4552 1288 4606 naturalem
1336 4553 1541 4608 habens
1573 4556 1841 4624 corporis,
1875 4565 1929 4611 et
1957 4573 2053 4629 per

491 4641 731 4709 seipsum
782 4655 1013 4708 operans
1053 4645 1277 4695 malum.
1316 4640 1372 4697 Si
1404 4654 1581 4697 autem
1615 4645 1809 4701 debilis
1841 4648 1911 4702 sit
1958 4648 2051 4716 qui

492 4732 764 4794 irascitur,
809 4731 1077 4799 duplicem
1112 4734 1272 4787 habet
1313 4744 1636 4802 potestatem
1658 4778 1672 4801 ,
1702 4751 1895 4807 praeter
1931 4756 2050 4795 eam

489 4840 610 4896 quae.
632 4831 715 4878 est
734 4833 979 4889 naturae;
1006 4824 1231 4893 adjuvat
1252 4825 1396 4879 enim
1424 4827 1505 4881 eis
1537 4827 1614 4880 ira
1646 4812 1857 4899 semper
1881 4830 1932 4883 in
1954 4831 2052 4885 ini-

559 4978 670 5048 (72)
702 4977 916 5053 Θρμὸς,
950 4979 1038 5053 ὅτι
1069 4979 1273 5035 πᾶσαν
1305 4986 1518 5039 κακίαν
1548 4986 1867 5053 ἀνθρώπων
1898 4992 2054 5047 ἐκδι-

487 5048 724 5125 δάςγιςιςι.¹
746 5049 1352 5125 Θυμὸςᾼπᾶσαν-κακίαν
1379 5048 1699 5125 ἐκδιδάσκει,
1726 5061 1927 5118 omisso
1949 5063 2049 5125 ὄτι,

487 5130 538 5172 et
906 5120 1220 5202 sivepotius
1248 5122 1542 5202 ἄνθρωπον.
1573 5118 1737 5202 Gesn.

561 5188 674 5260 (75)
705 5188 931 5263 l_]_t._Ne,
952 5188 1132 5261 potius
1170 5188 1451 5261 legendum
1485 5190 1639 5263 juxta
1678 5196 1851 5254 Graac.
1872 5199 2050 5255 Oxon.

490 5257 578 5313 lo.‘
604 5290 673 5301 ——
718 5259 853 5314 Huic
884 5257 1006 5315 loco
1057 5262 1144 5314 lux
1176 5257 1501 5317 effunditur'
1527 5264 1581 5317 in
1622 5275 1736 5322 not.
1774 5270 1807 5323 5
1839 5272 1903 5324 ad
1935 5272 2056 5325 Cle-

491 5332 686 5449 rgnYelntis
723 5330 882 5386 Rom.
916 5329 1083 5402 Epist.
1120 5331 1171 5395 Ι,
1204 5348 1324 5402 cap.
1357 5333 1444 5385 51.
1477 5332 1685 5387 Patrol.
1708 5338 1802 5393 Gr.
1828 5350 1865 5393 t.
1892 5340 1912 5392 l
1946 5343 2049 5396 col.

491 5466 673 5592 cui?)
701 5470 935 5525 Λυθῶσι
966 5470 1074 5525 δύο
1106 5471 1381 5542 σκῆπτρα
1413 5475 1481 5528 ἐν
1518 5475 1779 5545 Ἰσραήλ.
1814 5480 1906 5552 Μή
1923 5483 2048 5537 add.

539 5550 657 5589 ΒΔΕ.

563 5606 703 5673 (ιιι)
731 5610 869 5673 Quid
925 5620 1007 5666 est
1058 5613 1159 5669 hoc
1195 5615 1335 5683 ὁρῶν
1370 5616 1694 5687 πρόσωπον,
1731 5621 1908 5676 videns
1962 5627 2045 5696 fas

2155 468 2291 519 μου,
2354 453 2645 521 προσέχετε
2707 454 2913 523 ῥήμασι
2971 454 3230 523 στόματος
3281 457 3493 526 πατρὸς
3554 458 3740 527 ὑμῶν.

2166 541 2457 611 Ἐπείρασα
2490 543 2546 593 ἐν
2581 543 2778 613 καρδίᾳ⁵
2814 560 2937 613 μου,
2966 544 3057 595 καὶ
3090 545 3147 595 ὲν
3183 545 3333 618 πάσῃ
3364 548 3432 616 τῇ
3459 546 3579 618 ζωῇ
3606 566 3723 617 μοι·

2151 633 2229 685 ὅτι
2257 633 2417 686 καλὸν
2442 635 2535 685 καὶ
2568 632 2685 703 Θεῷ
2717 635 3027 703 εὐάρεστον,
3053 637 3085 704 ἡ
3116 635 3338 706 ἀλήθεια
3367 636 3510 706 μετά
3531 639 3657 691 δικα
3679 658 3737 691 ιιι-

2151 725 2420 794 πραγίας·
2456 727 2552 778 καὶ
2582 726 2662 778 ὃτι
2710 726 2945 797 πονηρὸν
2985 726 3047 779 τὸ
3076 726 3297 795 ψεῦδος,
3332 730 3428 782 καὶ
3472 733 3504 784 ὁ
3539 732 3683 801 θυμδ
3701 751 3743 793 ς,

2151 816 2232 869 ὄπι
2265 818 2443 869 πᾶσαν
2467 817 2663 871 κακίαν
2695 817 2995 889 ἀνθρώπων
3020 819 3322 874 ἐκδιδάσκει
3350 823 3486 891 (72).
3522 824 3733 893 ὐμολσ-

2152 909 2234 978 γῶ
2258 912 2493 980 σήμερον
2518 912 2664 981 ὑμῖν,
2689 910 2853 964 τέκνα
2888 929 3010 982 μου,
3036 912 3117 965 ὅτι
3150 914 3208 966 ὲν
3232 913 3434 984 καρδίᾳ
3453 913 3575 983 ’μου
3612 916 3728 985 ἡδύ»

2156 1020 2262 1074 μην
2296 1003 2424 1073 περὶ
2455 1003 2548 1055 τοῦ
2582 1002 2808 1061 θανάτου
2848 1002 3076 1073 Ἰωσὴφ,
3115 1003 3210 1056 τοῦ
3252 1004 3446 1075 ἀνδρὸς
3468 1004 3568 1057 τοῦ
3603 1007 3737 1073 ἀγα-

2152 1094 2244 1148 θοῦ
2269 1096 2360 1148 καὶ
2384 1094 2659 1164 ἀληθινοῦ,
2695 1096 2787 1148 καὶ
2810 1094 3024 1167 ἔχαιρον
3056 1095 3149 1149 ἐπὶ
3180 1098 3245 1166 τῇ
3279 1098 3480 1167 πράσει
3510 1097 3734 1169 Ἰωσὴφ,

2151 1187 2231 1239 ὅτι
2269 1187 2408 1257 ὑπὲρ
2438 1188 2585 1257 ἡμᾶς
2617 1190 2645 1240 ὁ
2670 1187 2852 1259 πατὴρ
2870 1188 3030 1240 αὐτὸν
3054 1188 3263 1257 ἠγάπα.
3289 1189 3361 1241 Τὸ
3383 1189 3495 1261 γὰρ
3514 1190 3735 1261 πνεῦμα

2149 1275 2242 1327 τοῦ
2276 1275 2436 1347 ζήλου
2470 1278 2562 1330 καὶ
2606 1278 2708 1347 τῆς
2738 1276 3052 1341 ἀλαζονείας
3095 1278 3247 1347 ἔλεγέ
3300 1298 3422 1351 μοι’
3457 1301 3476 1333 ι
3524 1283 3636 1335 Καί
3673 1299 3738 1349 γε

2152 1369 2216 1422 σί)
2257 1369 2371 1433 υίὸς
2402 1368 2584 1423 αὐτοῦ.
2620 1389 2638 1421 ι
2670 1372 2779 1424 Καὶ
2812 1371 2870 1424 ἒν
2908 1372 3016 1424 τῶν
3040 1373 3366 1443 πνευμάτων
3399 1374 3495 1426 τοῦ
3536 1375 3738 1446 Βελιὰρ

2152 1462 2411 1532 συνήργει
2449 1479 2575 1533 μοι,
2611 1461 2796 1531 λέγονο
2829 1483 2847 1514 ι
2872 1464 3017 1517 Λαὸὲ
3049 1465 3110 1517 τὸ
3133 1465 3283 1534 ξίφος
3313 1466 3501 1530 τοῦτο,
3548 1470 3648 1522 καὶ
3681 1472 3738 1520 ἐν

2150 1554 2296 1625 αὐτῷ
2340 1553 2495 1607 ἄνελε
2544 1554 2633 1608 τὸν
2672 1555 2902 1626 Ἰωσὴφ,
2935 1556 3025 1609 καὶ
3056 1559 3332 1628 ἀγαπήσει
3380 1574 3441 1611 σε
3478 1560 3513 1610 ὁ
3546 1563 3739 1631 πατήρ

2155 1664 2269 1709 σου,
2303 1648 2663 1711 ἀποθανόντος
2684 1648 2871 1702 αὐτοῦ.
2905 1668 2923 1701 ι
2953 1648 3125 1702 Τοῦτό
3156 1651 3271 1702 ἐστι
3300 1650 3361 1703 τὸ
3393 1651 3620 1722 πνεῦμα
3639 1653 3737 1704 τοῦ

2155 1739 2325 1810 θυμοῦ
2351 1780 2365 1804 ,
2403 1741 2464 1794 τὸ
2490 1741 2673 1795 πεῖθόν
2710 1760 2807 1813 με,
2834 1744 2921 1797 ἵνα
2943 1744 3019 1808 ὡς
3052 1744 3317 1816 πάρδαλις
3351 1746 3589 1817 ὲκμύζει
3617 1749 3736 1819 ἔρι-

2153 1849 2273 1900 φον,
2289 1831 2460 1897 οὕτως
2481 1832 2773 1905 ἐκμυζήσω
2785 1836 2876 1889 τὸν
2907 1836 3123 1907 Ἰωσήφ.
3156 1838 3295 1890 Ἀλλ’
3318 1839 3346 1891 ὀ
3364 1839 3500 1902 Θεὸς
3538 1842 3737 1895 Ἰακὼϐ

2152 1921 2245 1975 τοῦ
2285 1924 2488 1995 πατρός
2524 1942 2624 1994 μου
2664 1926 2764 1979 οὐκ
2798 1927 3050 1981 ἐνέϐαλεν
3084 1930 3245 1982 αὐτὸν
3270 1930 3350 1993 εἰς
3393 1930 3495 1992 τὰς
3542 1931 3739 2002 χεῖράς

2155 2029 2275 2081 μου,
2299 2013 2385 2065 ἵνα
2400 2012 2544 2084 εὕρω
2565 2014 2725 2067 αὐτὸν
2754 2016 2931 2086 μόνον·
2952 2017 3072 2069 οὐδὲ
3093 2018 3239 2071 εἴασε
3261 2016 3422 2071 τοῦτο
3437 2020 3501 2073 τὸ
3521 2020 3735 2089 ἀνὸμη-

2156 2121 2230 2172 μα
2255 2104 2496 2170 ποιῆσαι,
2519 2106 2605 2158 ἵνα
2636 2106 2836 2159 λυθῶσι
2866 2107 2959 2161 δύο
2992 2108 3243 2180 σκῆπτρα
3276 2112 3333 2162 ὲν
3350 2111 3573 2183 Ἰσραήλ
3598 2113 3735 2180 (ἹΗ.

2222 2196 2297 2248 B'.
2329 2214 2347 2246 ι
2380 2198 2488 2249 Καὶ
2519 2196 2635 2261 νῦν,
2668 2197 2832 2251 τέκνα
2858 2216 2979 2269 μου,
3015 2198 3125 2269 ἐγὼ
3158 2201 3509 2274 ἀποθνήσκω,
3547 2206 3645 2256 καὶ
3676 2207 3736 2256 ἐν

2152 2287 2376 2360 ἀληθείᾳ.
2410 2288 2552 2357 λέγω
2608 2293 2768 2362 ὑμῖν,
2815 2293 2896 2345 ὅτι
2942 2293 3038 2346 ἐὰν
3075 2294 3147 2365 μὴ
3189 2296 3459 2367 φυλάξητε
3503 2299 3735 2362 ἑαυτοὺς

2152 2380 2258 2434 ἀπὸ
2293 2380 2387 2434 τοῦ
2432 2383 2738 2452 πνεύματος
2772 2383 2866 2436 τοῦ
2895 2384 3125 2453 ψεύδους
3154 2388 3362 2441 καὶτοῦ
3392 2390 3605 2460 θυμοῦ,
3640 2392 3736 2444 καὶ

2151 2472 2471 2544 ἀγαπήσητε
2496 2474 2595 2544 τὴν
2618 2473 2871 2545 ἀλήθειαν
2903 2476 2997 2529 καὶ
3027 2476 3126 2547 τὴν
3159 2478 3568 2549 μακροθυμίαν,
3605 2481 3737 2532 ἁπο-

2151 2564 2346 2617 λεῖσθε.
2372 2565 2655 2634 Τύφλωσίς
2686 2567 2831 2620 ἐστιν
2868 2568 2925 2619 ὲν
2950 2567 3028 2637 τῷ
3050 2567 3207 2639 θυμῴ
3228 2608 3244 2631 ,
3276 2570 3446 2622 τέκνα
3474 2588 3603 2641 μου,
3639 2574 3734 2625 καὶ

2151 2655 2249 2707 οὐκ
2264 2654 2374 2707 ἐστι
2394 2673 2478 2719 τις
2498 2655 2745 2726 θυμώδης
2764 2655 2906 2728 ὁρῶν
2926 2659 3218 2728 πρόσωπον
3236 2660 3368 2730 (74⁸)
3389 2662 3449 2712 ἐν
3474 2661 3730 2733 ἀληθείᾳ·

2152 2745 2233 2798 ὅτι
2256 2744 2358 2798 κᾶν
2381 2747 2562 2817 πατὴρ
2580 2786 2594 2809 ,
2616 2747 2719 2800 κᾶν
2745 2751 2923 2819 μήτηρ
2941 2750 3109 2811 ἔστιν,
3131 2750 3202 2813 ὡς
3227 2750 3503 2820 πολεμίοις
3530 2756 3734 2823 προσέ-

2153 2857 2237 2909 χει
2272 2840 2453 2903 αύτοῖς
2474 2856 2487 2868 ·
2520 2839 2613 2892 ἐὰν
2707 2840 2952 2909 ἀδελφὸς,
2988 2843 3087 2895 οὐκ
3120 2838 3257 2896 οἶδεν
3279 2860 3292 2873 ’
3319 2844 3413 2896 ἐὰν
3443 2850 3734 2917 προφήτης

2152 2929 2376 3001 Κυρίου,
2429 2930 2760 3001 παρακούει·
2803 2931 2897 2985 ἐὰν
2935 2932 3177 2997 δίκαιος,
3210 2936 3267 2987 οὐ
3305 2936 3526 3005 βλέπει*
3580 2940 3735 3007 φίλον

2245 3020 2519 3091 γνωρίζει.
2562 3021 2882 3092 Περιὸάλλει
2934 3024 3043 3096 γὰρ
3094 3027 3256 3079 αὐτὸν
3283 3028 3343 3080 τὸ
3385 3028 3607 3100 πνεῦμα
3635 3031 3734 3084 τοι]

2156 3107 2324 3179 θυμοῦ
2358 3108 2427 3162 τὰ
2456 3108 2644 3163 δίκτυα
2672 3111 2771 3182 τῆς
2804 3112 3013 3185 πλάνης
3032 3154 3045 3175 ,
3075 3117 3168 3168 καὶ
3198 3117 3386 3187 τυφλοῖ
3410 3120 3541 3183 τοὺς
3570 3139 3734 3190 (pum-

2152 3201 2281 3263 κους
2312 3200 2621 3273 ὀφθαλμοὺς
2649 3204 2810 3257 αὑτοῦ
2831 3245 2845 3268 ,
2889 3209 2982 3260 καὶ
3015 3208 3102 3261 διὰ
3138 3197 3231 3261 ν·έοῦ
3267 3208 3494 3277 ψεύδους
3546 3218 3737 3266 σκοτοῖ

2152 3292 2250 3363 τὴν
2278 3292 2510 3347 διάνοιαν
2538 3294 2721 3361 αὐτοῦ,
2751 3298 2845 3350 καὶ
2871 3299 2970 3369 τὴν
2997 3299 3129 3352 ίδίαν
3154 3301 3343 3371 ὅρασιν
3371 3302 3605 3373 παρέχει
3627 3306 3731 3357 αὑ-

2140 3381 2249 3452 τῷ.
2289 3382 2375 3436 Ἐν
2409 3384 2515 3437 τίνι
2555 3386 2611 3439 δὲ
2654 3387 2966 3459 περιϐάλλει
3005 3392 3133 3453 τοὺς
3177 3392 3484 3462 ὀφθαλμοὺς
3520 3396 3730 3451 adrui:

2164 3473 2254 3527 Ἐν
2289 3476 2433 3545 μίσει
2465 3478 2735 3548 καρδίαςν·
2763 3481 2856 3532 za‘t
2898 3480 3111 3535 δίδωσιν
3143 3482 3290 3553 αὐτῷ
3323 3484 3555 3555 καρδίαν
3593 3487 3733 3541 ἰδίαν

2154 3565 2293 3619 κατὰ
2322 3567 2413 3619 τοῦ
2449 3570 2676 3638 ἀδελφοῦ
2712 3571 3033 3640 εἰςφθόνον.

2232 3660 2271 3711 Γ
2273 3666 2304 3712 '.
2351 3678 2369 3710 ι
2399 3662 2641 3731 Πονηρὸς
2689 3663 2717 3714 ὁ
2771 3662 2962 3734 θυμὸς,
3003 3665 3165 3718 τέκνα
3191 3684 3311 3735 μου,
3330 3669 3551 3739 καὶγὰρ
3592 3672 3733 3741 αὐτῇ

2151 3752 2217 3821 τῇ
2252 3750 2393 3822 ψυχῇ
2430 3752 2587 3815 αὐτὸς
2621 3754 2827 3821 γίνεται
2860 3754 3001 3824 ψυχή
3035 3757 3143 3826 (75)
3164 3773 3177 3784 ’
3215 3759 3305 3810 καὶ
3336 3759 3397 3811 τὸ
3432 3760 3531 3831 μὲν
3570 3762 3733 3831 σῶμα

2156 3839 2485 3893 ίδιοποιεῖται
2510 3841 2616 3911 (76)
2633 3842 2725 3894 τοῦ
2749 3842 3024 3914 θυμώδους
3043 3884 3057 3907 ,
3079 3846 3178 3916 τῆς
3205 3847 3260 3900 δὲ
3286 3848 3463 3917 ψυχῆς
3486 3868 3734 3904 κατακυο

2156 3930 2322 4002 ριεύει
2347 3972 2361 3997 ,
2399 3932 2493 3985 καὶ
2538 3932 2766 4004 παρέχει
2798 3935 2876 4005 τῷ
2910 3935 3119 4007 σώματι
3164 3939 3391 4009 δύναμιν
3428 3940 3563 3995 ἰδίαν
3589 3984 3603 4003 ,
3642 3946 3730 3997 ἳνα

2153 4024 2353 4094 ποιήσῃ
2406 4024 2583 4078 πᾶσαν
2632 4025 2857 4096 ἀνομίαν
2881 4043 2894 4056 °
2930 4027 3023 4080 καὶ
3054 4029 3181 4081 ὅταν
3226 4031 3405 4101 πράξῃ
3437 4032 3614 4105 ψυχὴ,
3647 4034 3728 4086 δι-

2152 4117 2293 4168 καιοῖ
2340 4115 2400 4167 τὺ
2448 4116 2721 4187 πραχθὲν,
2773 4118 2960 4189 ἐπειδὴ
3007 4122 3065 4173 οὺ
3114 4121 3317 4191 βλέπει.
3366 4124 3465 4177 Διὰ
3508 4126 3668 4179 τοῦτο
3698 4127 3731 4180 ὁ

2153 4206 2509 4278 θυμούμενος,
2544 4207 2639 4261 ἐὰν
2678 4209 2775 4281 μὲν
2874 4210 3114 4275 δυνατὸς,
3165 4214 3396 4284 τριπλῆν
3429 4216 3540 4286 ἔχει
3563 4218 3731 4272 δύνα-

2889 4304 2986 4375 μὲν
3020 4305 3109 4358 διὰ
3149 4307 3250 4376 τῆς
3301 4308 3584 4379 δυνάμεως
3632 4312 3729 4363 καὶ

2151 4392 2251 4462 τῆς
2285 4392 2533 4463 βοηθείας
2567 4394 2679 4464 (77)
2722 4394 2830 4450 τῶν
2879 4395 3322 4467 ὑπουργούντων·
3372 4399 3630 4471 δευτέραν
3667 4402 3727 4454 δὲ

2152 4483 2241 4537 διὰ
2271 4482 2363 4536 τοῦ
2398 4484 2625 4538 πλούτου
2646 4525 2660 4549 ,
2696 4485 3050 4556 παραπείθων
3084 4489 3177 4541 καὶ
3210 4490 3372 4544 νικῶν
3425 4492 3482 4543 ἐν
3516 4492 3725 4563 ἀδίκῳ·

2152 4572 2339 4643 τρίτην
2371 4572 2468 4642 τὴν
2504 4574 2736 4644 φυσικὴν
2769 4573 2906 4644 ἔχων
2937 4576 3031 4628 τοῦ
3067 4575 3332 4647 σώματος,
3367 4580 3459 4632 καὶ
3492 4580 3558 4632 δι’
3594 4583 3728 4634 ὲαυ-

2151 4663 2245 4715 τοῦ
2278 4664 2419 4734 δρῶν
2451 4665 2512 4718 τὸ
2544 4665 2729 4719 κακόν.
2766 4665 2888 4718 Ἐὰν
2912 4667 2968 4720 δὲ
3004 4668 3272 4742 ἀσθενήσῃ
3303 4671 3331 4721 ὁ
3365 4670 3723 4743 θυμούμενος,

2152 4753 2342 4825 διπλῆν
2375 4755 2486 4825 ἔχει
2518 4757 2617 4829 τὴν
2649 4757 2875 4829 δύναμιν
2909 4758 3059 4831 παρά
3090 4761 3190 4830 τῆς
3234 4760 3444 4829 φύσεως
3468 4779 3481 4793 ’
3540 4764 3726 4836 βοηθεί

2152 4846 2260 4919 γὰρ
2293 4848 2474 4913 αὐτοῖς
2495 4847 2534 4903 ’ὁ
2569 4850 2737 4921 θυμὸς
2769 4851 2993 4903 πάντοτε
3026 4852 3083 4905 ὲν
3108 4855 3437 4926 παρανομίᾳ.
3474 4856 3647 4912 Τοῦτο
3666 4858 3727 4911 τὸ

2152 4999 2327 5055 ciem?
2369 5003 2631 5079 Hebraice
2664 5008 2863 5079 dicitur
2891 5008 3063 5061 videre
3088 5009 3273 5077 faciem
3298 5026 3400 5079 pro
3431 5012 3718 5068 familiari-

2152 5084 2238 5129 ter
2269 5077 2662 5148 et__amiee.aut
2688 5078 2985 5148 submisse,
3021 5079 3252 5148 aliquem
3274 5077 3446 5144 adire.
3478 5084 3561 5137 vel
3593 5100 3718 5138 cum

2156 5160 2223 5198 eo
2250 5145 2508 5218 c_oll_oqui.
2546 5144 2631 5201 Cf.
2664 5156 2793 5201 text.
2826 5145 2987 5202 Hebr.
3022 5144 3154 5203 Gen.
3190 5167 3361 5213 χχχιι,
3391 5154 3481 5218 21,
3515 5164 3568 5207 et
3609 5154 3715 5209 (νυ-

2155 5215 2290 5268 senii
2338 5214 2379 5267 Τ
2384 5217 2663 5269 hesaurum
2698 5218 2765 5271 ad
2795 5233 2980 5271 vocent
3013 5227 3145 5278 Dus
3173 5230 3227 5271 n°
3254 5223 3299 5284 l,
3327 5222 3378 5276 h.
3418 5214 3620 5279 Desert.

2225 5284 2336 5362 (⁷⁵)
2356 5285 2469 5362 Καὶ
2497 5289 2604 5355 γάρ
2631 5286 2784 5362 ιιτέτῆ
2826 5286 2898 5356 τῆ
2930 5287 3102 5357 ’Ψυκῇ
3134 5291 3318 5357 αὐτὸς
3352 5293 3575 5361 γίνεται
3600 5298 3715 5362 35w-

2154 5352 2232 5421 χή
2258 5354 2461 5407 omissa
2495 5352 2641 5409 sunt.
2668 5352 2836 5411 Galle.

2225 5423 2337 5491 (76)
2382 5421 2782 5481 Ἰδιοποιεῖται.
2814 5427 2968 5481 Ἴδιον
2996 5433 3243 5484 ποιεῖται.
3270 5431 3345 5487 In.

2152 5492 2609 5634 'ptﬁq
2636 5496 2939 5565 δυνάμεως
2974 5501 3067 5553 καὶ
3106 5500 3212 5570 τῆς
3240 5503 3547 5571 βοηθείας.
3591 5502 3712 5559 Ἀπδ

2187 5581 2421 5635 οηυειας.
2452 5581 2523 5618 ιο.
