2001 3154
129 148 193 176 “(ll

756 145 1016 174 TESTAMENTUM
1035 145 1113 173 DAN.

1676 147 1742 175 “02

128 205 236 240 πνεῦμα
252 206 295 232 ἀεὶ
313 205 381 241 μετὰ
396 204 443 231 τοῦ
458 204 570 239 ψεύδους
587 205 619 230 ὲκ
631 204 724 237 δεξιῶν
742 204 788 230 τοῦ
805 205 904 230 Σατανέ

964 205 1076 239 quitate.
1096 203 1145 230 Hic
1159 203 1271 237 spiritus
1284 210 1391 237 semper
1404 211 1466 230 cum
1484 204 1626 231 mendacio
1644 212 1659 231 a
1674 205 1741 233 dex-

128 252 289 286 πορεύεται,
310 251 352 276 ἵνα
374 251 402 276 ἐν
419 249 540 284 ὠμότητι
557 250 604 275 καὶ
625 248 716 283 ψεύδει
739 250 865 282 γίνωνται
883 251 909 275 αἱ

126 296 239 331 πράξεις
256 295 346 322 αὐτοῦ.

160 343 196 367 Δ’.
215 340 339 367 «Οὐκοῦν
364 340 466 367 συνίετε
489 340 538 375 τὴν
561 340 673 374 δύναμιν
689 339 735 366 τοῦ
753 339 851 374 θυμοῦ,
868 340 908 366 ὅτι

125 387 227 422 ματαία
243 387 325 413 ἐστίν.
350 387 393 413 Ἑν
409 386 463 422 γὰρ
474 386 545 421 λόγῳ
561 385 706 421 παροξύνει
719 385 773 420 (78)
790 385 906 421 πρῶτον·

123 430 183 459 εἶτα
201 434 228 459 ὲν
242 433 332 468 ἔργοις
347 432 454 459 δυνατοῖ
467 432 512 458 τὸν
525 431 709 467 ἐρεθιζόμενον
727 431 780 466 (79)
793 451 800 463 ,
818 432 864 458 καὶ
880 432 908 457 ὲν

123 479 236 514 ζημίαις
253 479 363 513 πικραῖς
380 478 434 513 (80)
452 478 579 513 ταράσσει
596 478 626 504 τὸ
642 477 791 503 διαϐούλιον
808 477 906 503 αὐτοῦ·

123 525 170 552 καὶ
186 524 271 556 οὕτως
284 524 410 558 διεγείρει
426 524 455 549 ὲν
472 523 549 558 θυμῷ
568 523 678 559 μεγάλῳ
692 523 741 558 τὴν
757 523 845 558 ψυχὴν
861 523 909 549 αύ-

120 570 180 598 τοῦ.
199 572 263 598 ’Ὁτε
280 568 325 596 οὖν
341 569 415 596 λαλεῖ
431 578 473 601 τις
488 569 549 596 καθ’
568 569 654 604 ὑμῶν,
673 569 751 604 ὑμεῖς
771 568 807 604 μὴ
821 570 907 595 κινεῖ-

121 617 168 643 σθε
187 609 229 648 εἰς
252 616 336 651 θυμόν
348 625 354 631 ·
381 616 427 643 καὶ
450 616 497 642 ἐάν
512 623 553 646 τις
571 616 668 649 ἐπαινῇ
694 615 766 649 ὑμᾶς
787 614 824 646 ὡς
840 615 908 648 ἀγα-

120 662 184 695 θοίις
204 662 269 698 (81),
288 663 325 698 μὴ
342 661 504 697 ἐπαίρεσθε,
525 665 593 696 μήτε
612 660 819 695 μεταϐάλλεσθε,
839 661 906 695 μήτε

118 710 159 741 είς
174 709 280 745 τέρψιν,
300 709 368 744 μήτε
385 709 424 740 εἰς
439 708 541 734 ἁειδίαν
559 707 623 742 (82).
643 706 753 742 Πρῶτον
774 706 828 741 γὰρ
847 706 908 741 τέρ-

119 764 166 781 πει
181 755 232 790 τὴν
247 755 340 790 ἀκοὴν,
355 754 402 780 καὶ
418 753 503 785 οὕτως
518 752 604 785 ὁξύνει
617 752 662 779 τὸν
679 752 752 784 νοῦν,
770 752 865 787 νοῆσαι
877 751 907 777 τὸ

119 801 267 837 ἐρεθισθέν·
291 801 338 827 καὶ
354 800 414 826 τότε
432 799 568 834 θυμωθεὶς
585 798 689 834 νομίζει
704 799 815 830 δικαίως
830 799 906 834 ὀργί-

119 846 225 878 ζεσθαι.
254 846 315 872 Ἐὰν
335 846 368 881 δὲ]
385 845 472 881 ζημίᾳ
488 845 504 880 ἢ
523 845 638 880 ἀπολείᾳ.
662 845 717 872 τινὶ
740 846 906 881 περιπέσητε

118 893 176 928 (85)
189 912 196 924 ,
213 893 305 924 τέκνα,
326 892 362 927 μὴ
380 890 518 927 θροεῖσθε·
537 891 577 917 ὅτι
595 891 660 918 αὐτὸ
675 891 705 918 τὺ
721 891 829 927 πνεῦμα
845 892 903 917 ἐπι-

118 940 240 975 θυμῆσαι
254 940 325 965 ποιεί
340 937 387 964 τοῦ
405 938 571 973 ἀπολομένου
584 957 591 969 ,
610 938 654 964 ἵνα
670 937 780 973 θυμωθῇ
798 937 843 964 διὰ
858 938 906 964 τοῦ

120 986 212 1012 πόθου.
238 984 299 1011 Ἐὰν
316 984 345 1010 δὲ
359 983 515 1019 ζημιωθῆτε
532 983 587 1019 (84)
604 983 743 1015 ἑκουσίως,
763 983 799 1018 μὴ
814 983 905 1010 λυπεῖ-

118 1032 183 1058 σθεο
202 1032 256 1058 ἀπὸ
271 1030 325 1066 γὰρ
342 1031 429 1066 λύπης
446 1030 581 1066 ἐγείρεται
598 1029 682 1065 θυμὸς
700 1029 767 1065 μετὰ
781 1029 903 1064 ψεύδους.

120 1077 199 1103 Ἔστι
221 1077 250 1103 δὲ
265 1076 435 1112 διπρόσωπον
452 1075 535 1102 κακὸν
548 1095 554 1107 ,
573 1075 656 1110 Θυμδς
682 1075 751 1110 μετὰ
773 1074 903 1110 ψεύδους,

118 1124 167 1151 καὶ
185 1124 350 1159 συνερῶνται
359 1122 493 1158 ἀλλήλοις.
503 1123 544 1149 ἵνα
555 1122 692 1158 ταράξωσι
703 1122 733 1148 τὸ
743 1122 902 1148 διαδούλιον·

116 1168 329 1203 ταρασσομένης
360 1167 388 1194 δὲ
410 1167 460 1202 τῆς
484 1168 573 1202 ψυχῆς
600 1167 736 1203 συνεχῶς,
759 1167 903 1201 ἀφίσταται

117 1214 281 1249 Κύριοςξὼκ*
292 1214 385 1249 αὐτῆς,
402 1214 448 1240 καὶ
466 1213 586 1249 κυριεύει
601 1212 684 1248 αὐτῆς
701 1214 714 1239 ὁ
724 1212 832 1248 Βελιάρ.

155 1260 193 1286 εν.
214 1269 223 1285 ι
241 1259 377 1292 Φυλάξατε
393 1257 439 1286 οὖν
449 1280 456 1292 ,
471 1259 552 1286 τέκνα
575 1268 624 1295 μου
634 1280 641 1291 ,
668 1258 717 1291 τὰς
734 1258 842 1291 ἐντολὰς
857 1260 904 1286 τοῦ

118 1305 240 1340 Κυρίου,
264 1306 310 1332 καὶ
332 1305 378 1332 τὸν
393 1305 474 1341 νόμον
497 1305 579 1333 αὑτοῦ
594 1306 747 1341 τηρήσατε·
769 1305 903 1341 ἀπόστητε

116 1350 146 1375 δὲ
163 1350 218 1376 ἀπὸ
234 1349 336 1385 θυμοῦ,
354 1352 400 1377 καὶ
417 1350 548 1386 μισήσατε
567 1351 598 1377 τὸ
617 1350 722 1385 ψεῦδος,
740 1351 784 1377 ἵνα
802 1351 903 1386 Κύριος

117 1396 269 1431 κατοικήσῃ
286 1396 315 1422 ὲν
332 1396 407 1431 ὑμῖν.
426 1396 482 1431 (85)
510 1396 648 1432 Ἀλήθειαν
663 1396 768 1423 λαλεῖτε
781 1396 903 1428 (ἕκαστος

118 1441 188 1476 πρὸς
203 1441 248 1467 τὸν
271 1441 383 1476 πλησίον
403 1442 503 1474 αὑτοῦ,
525 1442 572 1469 καὶ
597 1442 626 1468 οὐ
646 1442 682 1477 μὴ
704 1442 842 1477 ὲμπέσητε
862 1442 903 1474 είς

119 1487 199 1522 μῆνιν
219 1488 266 1513 καὶ
282 1487 413 1523 ταραχὰς,
433 1487 490 1514 ἀλλ’
512 1487 606 1514 ἔσεσθε
621 1488 650 1513 ὲν
669 1488 773 1523 εἰρήνῃ,
796 1487 903 1523 ἔχοντες

963 249 1013 276 tris
1029 249 1137 275 Satanas
1151 248 1281 280 ambulat,
1297 252 1327 275 ut
1342 248 1368 275 in
1382 248 1540 276 crudelitate
1559 254 1587 276 et
1600 250 1742 278 mendacio

962 295 1026 321 tiant
1040 299 1116 321 actus
1130 294 1198 328 ejus.

996 340 1041 366 ιν.
1058 349 1067 365 ι
1084 339 1256 374 Quapropter
1276 339 1417 374 intelligite
1437 339 1586 374 potentiam
1602 340 1659 372 iraa,
1674 348 1743 375 quo-

961 385 1034 412 niam
1047 393 1115 412 vana
1126 391 1178 413 est.
1191 384 1220 412 In
1234 393 1360 412 sermone
1372 384 1445 411 enim
1456 385 1599 413 exacerbat
1610 385 1740 420 primum;

959 431 1057 458 deinde
1073 431 1099 458 in
1121 430 1249 465 operibus
1272 429 1398 457 fortiticat
1410 429 1595 463 stimulatum,
1609 434 1635 458 et
1649 430 1676 457 in
1691 430 1741 457 da-

958 477 1031 504 mnis
1044 476 1146 503 amaris
1160 475 1306 503 conturbat
1322 475 1466 502 consilium
1478 475 1557 509 ejus:
1575 479 1601 503 et
1615 475 1652 502 ita
1663 483 1743 503 essu.

959 524 1039 551 scitat
1054 523 1080 550 in
1094 523 1133 550 ira
1143 530 1241 557 magna
1254 522 1374 549 animam
1390 521 1459 556 ejus.
1476 521 1591 554 Quando
1605 521 1687 556 igitur
1701 522 1742 548 lo-

958 568 1052 603 quitur
1063 568 1161 603 aliquis
1172 568 1316 594 adversum
1325 574 1386 598 vos,
1395 574 1429 594 ne
1440 567 1603 595 moveamini
1617 567 1643 594 in
1653 568 1721 595 iram
1732 577 1739 601 ;

958 619 985 641 et
1000 614 1022 641 si
1037 614 1099 648 quis
1116 614 1208 641 laudet
1224 621 1273 640 vos
1290 618 1319 640 ut
1331 613 1428 645 bonos,
1443 620 1477 640 ne
1487 613 1640 647 elevemini,
1652 622 1741 649 neque

959 659 1179 687 transmutemini
1195 659 1235 686 vel
1250 659 1278 686 in
1292 658 1511 691 delectationem,
1523 659 1565 686 vel
1579 659 1606 686 in
1622 659 1740 694 rigorem

958 705 1059 732 vultu's.
1075 704 1197 732 Primum
1216 705 1288 732 enim
1307 704 1422 731 delectat
1436 704 1570 736 auditum,
1589 708 1617 731 et
1630 704 1667 731 ita
1676 696 1750 732 exa-'

958 751 1015 779 cuit
1029 755 1160 782 mentem,
1179 755 1208 778 ut
1226 750 1358 785 intelligat
1379 750 1452 785 quod
1464 750 1658 785 exprobratum
1675 755 1717 777 est
1731 759 1738 777 :

957 802 985 824 et
996 801 1060 824 tunc
1077 796 1162 823 iratus
1175 797 1314 823 existimat
1325 796 1399 830 juste
1414 796 1505 823 irasci.
1522 796 1550 824 Si
1562 797 1590 823 in
1604 797 1738 831 jactttram

957 847 1005 869 aut
1018 842 1195 876 perditionem
1209 842 1328 876 aliquam
1342 842 1503 874 incidet-itis,
1517 842 1576 876 filii,
1592 850 1626 869 ne
1637 843 1739 870 tumul-

958 888 1086 921 tuemini;
1103 888 1231 923 quoniam
1256 888 1301 915 hic
1326 887 1439 922 spiritus
1461 889 1653 922 concupiscere
1674 887 1740 916 facit

956 934 1029 968 quod
1041 934 1175 968 perditum
1190 938 1241 965 est,
1259 938 1288 960 ut
1303 932 1439 961 irascatur
1458 941 1507 969 per
1518 934 1693 962 desiderium.
1709 934 1738 962 Si

956 984 1046 1006 autem
1063 978 1198 1013 jacturam
1212 978 1351 1013 patiemini
1364 979 1528 1012 voluntarie,
1542 987 1576 1006 ne
1594 980 1742 1007 contriste—.

956 1025 1038 1058 mini;
1055 1033 1070 1052 a
1082 1025 1191 1052 tristitia
1206 1025 1278 1052 enim
1291 1025 1439 1053 suscitatur
1453 1025 1494 1052 ira
1506 1033 1569 1056 cum
1583 1025 1736 1059 mendacio.

956 1068 1003 1097 Est
1017 1074 1106 1097 autem
1122 1070 1223 1097 malum
1238 1069 1373 1105 duplicem
1389 1070 1492 1097 habens
1503 1070 1611 1104 faciem,
1622 1071 1662 1099 ira
1675 1079 1738 1100 cum

956 1115 1113 1150 mendacio,
1138 1120 1165 1143 et
1181 1116 1373 1150 colloquuntur
1398 1120 1505 1150 mutuo,
1527 1121 1557 1144 ut
1570 1110 1738 1146 conturbent

955 1163 1100 1190 consilium
1119 1172 1125 1190 :
1143 1163 1251 1191 turbata
1264 1167 1356 1190 autem
1368 1163 1460 1190 anima
1478 1164 1607 1192 continue
1637 1166 1737 1193 recedit
1781 1170 1785 1172 ‘

955 1208 1088 1236 Dominus
1099 1209 1132 1236 ab
1144 1209 1216 1244 ipsa,
1232 1214 1259 1237 et
1272 1210 1430 1238 dominatur
1439 1210 1464 1237 ei
1479 1209 1577 1237 Bcliar.

991 1252 1023 1280 V.
1039 1263 1048 1279 ι
1063 1254 1204 1282 Custodite
1222 1262 1298 1289 ergo,
1315 1255 1362 1282 ﬁlii
1379 1256 1449 1289 mei,
1465 1256 1591 1284 mandata
1617 1256 1735 1289 Domini,

953 1304 980 1327 et
998 1299 1084 1335 legem
1102 1300 1162 1335 ejus
1184 1306 1305 1334 servate;
1325 1302 1442 1330 recedite
1462 1306 1553 1329 autem
1578 1302 1613 1329 ab
1634 1302 1691 1335 ira,
1710 1308 1737 1330 et

954 1346 1018 1374 odio
1033 1346 1129 1373 habete
1143 1347 1327 1381 mendacium,
1343 1352 1373 1375 ut
1385 1347 1517 1376 Dominus
1530 1348 1633 1375 habitet
1649 1348 1677 1376 in
1689 1357 1736 1377 vo-

953 1392 1005 1425 bis,
1019 1397 1048 1419 et
1063 1392 1149 1428 fugiat
1171 1401 1187 1420 a
1206 1394 1283 1421 vobis
1301 1394 1399 1421 Beliar.
1416 1393 1564 1422 Veritatem
1584 1394 1735 1429 loquamini

953 1439 1144 1473 unusquisque
1161 1439 1194 1466 ad
1207 1439 1362 1474 proximum
1375 1448 1454 1467 suum
1465 1460 1473 1473 ,
1488 1445 1515 1468 et
1535 1448 1589 1468 non
1608 1441 1735 1469 incidatis

954 1485 981 1512 in
997 1485 1064 1513 iram
1083 1490 1111 1512 et
1125 1485 1310 1519 turbationes;
1324 1486 1371 1514 sed
1382 1487 1459 1515 eritis
1469 1487 1496 1515 in
1508 1495 1584 1522 pace,
1604 1489 1736 1516 habentes

116 1533 162 1559 τὸν
174 1533 239 1559 Θεὸν
250 1532 300 1568 τῆς
312 1534 433 1569 είρήνης,
442 1533 489 1560 καὶ
503 1533 533 1559 ού
549 1533 586 1569 μὴ
601 1533 749 1569 κατισχύσῃ
762 1532 816 1569 (86)
826 1533 903 1569 ὑμῶν

956 1530 1038 1558 Demn
1053 1531 1144 1566 pacis;
1159 1537 1186 1559 et
1207 1539 1261 1559 non
1279 1532 1435 1566 praevalebit
1447 1533 1591 1561 adversum
1608 1541 1656 1562 vos
1677 1533 1736 1561 bel-

116 1579 245 1614 πόλεμος.
261 1580 395 1613 Ἀγαπᾶτε
407 1579 452 1605 τὸν
463 1578 564 1614 Κύριον
575 1579 604 1605 ὲν
615 1580 687 1615 πάσῃ
699 1581 732 1615 τῇ
749 1579 804 1614 ζωῇ
814 1578 900 1614 ὑμῶν,

117 1626 163 1652 καὶ
181 1625 311 1661 ἀλλήλους
330 1626 358 1652 ὲν
382 1625 493 1662 ἀληθινῇ
520 1626 626 1661 καρδίᾳ.
648 1624 713 1652 Οἶδα
731 1626 795 1661 γὰρ,
819 1626 859 1652 ὅτι
872 1626 901 1652 ὲν

116 1671 245 1706 ἐσχάταις
257 1672 372 1707 ἡμέραις
388 1672 573 1708 ἀποστήσεσθε
580 1671 626 1698 τοῦ
633 1672 746 1707 Κυρίου,
757 1671 804 1698 καὶ
817 1679 902 1707 προσ-

115 1718 233 1753 οχθιεῖτε
255 1718 301 1745 τὸν
315 1717 410 1749 -Λευτ,
433 1719 480 1745 καὶ
501 1717 569 1753 πρὸς
591 1717 689 1744 Ἰούδαν
713 1717 899 1749 ἀντιτάξεσθε·

115 1764 170 1790 ἁλλ¹
201 1764 231 1790 ού
254 1764 397 1799 δυνήσεσθε
423 1763 490 1799 πρὸς
506 1764 612 1795 αὐτούς.
632 1763 761 1797 Ἀγγελος
775 1763 829 1799 γὰρ
844 1764 900 1790 Κυ-

115 1809 173 1844 ρίου
184 1810 276 1844 ὁδηγεῖ
283 1809 439 1845 ἑκατέρους,
449 1809 490 1835 ὃτι
498 1810 526 1835 ὲν
539 1810 630 1840 αὐτοῖς
643 1809 769 1845 στήσεται
784 1808 899 1844 Ἰσραήλ.

115 1854 170 1880 Καὶ
190 1854 227 1885 ὡς
244 1854 276 1880 ἂν
293 1854 428 1889 ἀποστῆτε
451 1853 505 1880 ἀπὸ
527 1854 645 1890 Κυρίου,
670 1854 699 1880 ὲν
720 1854 793 1889 πάσῃ
817 1854 900 1889 κακίᾳ
923 1887 925 1889 ἱ

115 1900 276 1935 πορεύεσθε,
291 1899 428 1931 ποιοῦντες
439 1899 607 1935 βδελύγματα
622 1900 716 1932 ὲθνῶν,
726 1901 901 1936 ὲκπορνεύον-

113 1953 157 1976 τες
177 1945 208 1970 ἐν
224 1944 345 1978 γυναιξὶν
361 1945 478 1980 ἀνόμων,
494 1945 541 1972 καὶ
556 1946 585 1971 ὲν
602 1945 675 1980 πάσῃ
694 1946 812 1981 πονηρίᾳ
824 1947 900 1982 ἐνερ-

114 1990 238 2024 γούντων
254 1990 282 2016 ὲν
299 1990 363 2025 ὑμῖν
382 1990 436 2016 τῶν
453 1991 614 2025 πνευμάτων
628 1990 678 2026 τῆς
695 1991 808 2027 πλάνης.
828 1992 900 2019 Ἀνέ-

114 2043 189 2069 γνων
206 2034 259 2070 γὰρ
275 2035 304 2061 ἐν
320 2034 402 2070 βίϐλῳ
425 2034 507 2069 Ἑνὼχ
522 2034 568 2061 τοῦ
588 2034 702 2067 δικαίου,
720 2035 761 2062 ὅτι
775 2036 790 2062 ὁ
810 2036 900 2071 ἄρχων

114 2080 195 2115 ὑμῶν
214 2081 285 2107 ἐστιν
305 2082 318 2107 ὁ
334 2080 472 2112 Σατανᾶς,
494 2081 540 2107 καὶ
552 2080 592 2106 ὅτι
606 2080 693 2107 πάντα
709 2080 743 2107 τὰ
759 2080 901 2116 πνεύματα

113 2125 163 2160 τῆς
190 2126 315 2161 πορνείας
335 2126 382 2152 καὶ
406 2125 455 2160 τῆς
476 2125 677 2160 ὑπερηφανείας
693 2125 732 2161 τῷ
751 2125 816 2152 Aeni
833 2127 901 2153 ὑπα-

116 2171 276 2202 κούσονται,
301 2169 348 2196 τοῦ
374 2170 550 2205 παρεδρεύειν
576 2172 632 2202 τοῖς
653 2172 720 2202 υἱοῖς
745 2171 826 2204 Λευῒ,
853 2172 900 2198 τοῦ

117 2218 205 2243 ποιεῖν
227 2216 323 2247 αὐτοὺς
352 2215 548 2251 ἐξαμαρτάνειν
570 2215 685 2242 ἐνώπιον
709 2216 821 2251 Κυρίου.
847 2215 901 2242 Καὶ
917 2209 938 2239 Ι)

116 2263 170 2289 υἱοί
186 2272 235 2298 μου
249 2263 402 2297 ἐγγίζοντες
417 2263 469 2289 είσι
484 2263 522 2298 τῷ
539 2262 613 2294 Λευῒ,
630 2262 677 2288 καὶ
696 2262 899 2297 συνεξαμαρτά-

117 2316 209 2339 νοντες
229 2308 318 2339 αὐτοῖς
342 2309 370 2334 ὲν
393 2308 475 2333 πᾶσι·
494 2307 540 2334 καὶ
565 2307 618 2333 υἱοὶ
638 2307 721 2334 Ἰούδα
744 2306 849 2334 ἔσονται
872 2307 900 2333 ὲν

118 2352 260 2389 πλεονεξίᾳ
273 2373 281 2385 ,
296 2352 463 2389 ἁρπάζοντες
479 2352 513 2379 τὰ
528 2352 654 2388 ἀλλότρια
673 2352 709 2384 ὡς
726 2352 840 2384 λέοντες.
852 2352 900 2378 Διὰ

117 2398 196 2424 τοῦτο
213 2398 401 2434 ἀπαχθήσεσθε
418 2398 466 2425 σὺν
477 2399 569 2430 αὐτοῖς
581 2399 609 2426 ὲν
625 2397 807 2433 αἰχμαλωσίᾳ,
821 2397 901 2423 κάκεῖ

119 2444 287 2480 ἀπολήψεσθε
300 2444 389 2475 πάσας
402 2443 451 2475 τὰς
469 2443 575 2478 πληγὰς
585 2443 733 2477 Αἰγύπτου,
752 2443 797 2469 κα)¹
810 2442 899 2474 πάσας

120 2491 250 2525 πονηρίας
264 2490 317 2517 τῶν
328 2490 411 2516 ἐθνῶν
420 2498 426 2506 ·
445 2490 492 2518 καὶ
508 2489 593 2521 οὕτως
610 2490 820 2525 ἐπιστρέψαντες
833 2490 899 2525 πρὸς

119 2536 230 2570 Κύρου,
241 2536 427 2572 ὲλεηθήσεσθε,
441 2537 487 2563 καὶ
505 2536 562 2568 ἄξει
578 2536 648 2571 ὑμᾶς
662 2536 702 2567 εἰς
724 2535 754 2561 τὸ
776 2535 899 2570 ὰγίασμα

120 2582 211 2614 αὑτοῦ,
230 2582 297 2617 βοῶν
314 2583 506 2619 ὑμῖνεξρήνην.
523 2582 577 2609 Καὶ
591 2582 714 2609 ἀνατελεῖ
729 2583 791 2617 ὑμῖν
804 2583 834 2608 ἐκ
849 2582 898 2617 τῆς

156 2649 212 2685 (78)
223 2649 396 2685 Παροξύνει.
411 2649 600 2685 Παροξύνεται.
618 2649 702 2676 Gutta.

156 2684 211 2720 (79)
230 2684 461 2720 Ἐρεθιζόμενονξ
473 2684 670 2720 Ὀργιζόμενον.
684 2685 720 2712 in.

156 2719 211 2756 (80)
223 2719 356 2756 Πικραῖςζ
371 2719 549 2756 ΜικραῖςίΙιξ.

157 2754 211 2790 (81)
232 2754 380 2790 Ἀτέαθούᾳ
401 2754 514 2789 ’Δλτίουᾳ
529 2755 566 2783 In.

156 2789 211 2822 (82)
234 2789 367 2818 Ἀὲιδίαν.
389 2791 503 2822 Ἀηδίαν.
520 2791 556 2817 In.

157 2812 211 2865 iga
224 2812 575 2865 ᾐέὶὶέξᾲτίτέῗίὶξξὶὲτὲέῂ.
591 2827 628 2853 ιο.

158 2854 212 2894 (84)
234 2854 302 2889 Ἐἶιν
315 2859 347 2887 δὲ
360 2854 526 2896 ὃςμιωθῆτε.
545 2854 644 2890 Desunt
660 2862 749 2889 smnia
767 2869 850 2897 usque
863 2862 896 2888 ad

953 1577 1020 1605 lttm.
1035 1577 1141 1613 Diligite
1155 1577 1300 1606 Dominum
1313 1578 1340 1606 in
1358 1579 1432 1606 omni
1448 1579 1502 1606 vita
1512 1584 1613 1614 vestra,
1635 1585 1662 1608 ct
1672 1588 1734 1608 vos-

951 1626 1007 1649 met
1021 1623 1135 1650 invicem
1161 1623 1189 1650 in
1212 1624 1302 1651 veraci
1314 1625 1406 1652 corde.
1422 1623 1490 1651 Novi
1511 1625 1595 1658 enim,
1612 1626 1686 1660 quod
1706 1626 1733 1653 in

951 1668 1055 1696 ultimis
1072 1669 1169 1697 diebus
1195 1670 1328 1697 recedetis
1346 1678 1361 1697 a
1385 1670 1516 1703 Domino,
1542 1675 1569 1699 et
1592 1672 1734 1700 offendelis

951 1713 1026 1745 Levi,
1051 1719 1078 1741 et
1097 1713 1173 1741 Juda:
1186 1715 1332 1748 resistetis;
1351 1715 1399 1743 sed
1417 1723 1472 1743 non
1492 1717 1655 1752 superabitis
1674 1726 1731 1746 eos.

950 1759 1069 1794 Angelus
1086 1760 1159 1786 enim
1179 1759 1287 1788 Domini
1303 1761 1377 1789 ducit
1398 1766 1539 1797 utrosque,
1558 1763 1689 1797 quoniam
1705 1764 1732 1791 in

951 1805 1019 1839 ipsis
1036 1806 1119 1832 stabit
1133 1805 1226 1833 Israel.
1247 1806 1281 1833 Et
1299 1814 1361 1834 cum
1382 1807 1513 1835 recedatis
1525 1816 1540 1835 a
1563 1808 1690 1843 Domino,
1705 1811 1733 1838 in

951 1853 1025 1879 omni
1040 1852 1143 1879 malitia
1164 1853 1351 1888 ambulabitis,
1372 1853 1502 1883 facientes
1515 1856 1733 1886 abominationes

949 1898 1082 1933 gentium,
1100 1903 1252 1926 scortantes
1265 1906 1328 1926 cum
1347 1900 1507 1929 mulieribus
1524 1902 1691 1937 iniquorum,
1704 1909 1731 1931 ct

951 1943 977 1970 in
993 1944 1067 1971 omni
1089 1944 1193 1972 malitia
1213 1945 1359 1979 spirituum
1380 1948 1482 1975 erroris
1505 1949 1677 1982 operantium
1704 1951 1730 1977 in

950 1988 1037 2016 vobis.
1058 1988 1123 2024 Legi
1145 1991 1216 2017 enim
1233 1991 1259 2017 in
1275 1991 1345 2019 libro
1365 1990 1458 2020 Euoch
1471 1993 1548 2028 justi,
1570 1995 1642 2029 quod
1657 1996 1729 2030 prin-

950 2042 1013 2069 ceps
1026 2040 1113 2063 vester
1123 2040 1163 2064 est
1177 2036 1301 2071 Satanas,
1319 2042 1346 2070 et
1359 2039 1431 2073 quod
1443 2047 1537 2067 omnes
1553 2041 1664 2076 spiritus
1675 2042 1730 2070 τοι-ς

950 2080 1096 2108 nicationis
1106 2085 1133 2108 et
1144 2082 1278 2116 superbia:
1290 2081 1354 2110 Levi
1365 2084 1491 2112 obedient
1500 2104 1508 2118 ,
1525 2088 1555 2112 ut
1569 2085 1731 2114 insidientur

951 2128 1013 2155 filiis
1024 2128 1099 2163 Levi,
1110 2134 1137 2157 et
1151 2129 1251 2158 faciant
1264 2139 1313 2158 eos
1325 2139 1438 2166 peccare
1452 2141 1543 2161 coram
1563 2134 1686 2163 Domino.
1698 2136 1731 2164 Et

953 2172 999 2200 ﬁlii
1012 2173 1066 2201 mei
1080 2175 1298 2211 appropinquant
1309 2176 1388 2210 Levi,
1404 2182 1430 2205 et
1448 2178 1529 2206 simul
1543 2185 1655 2214 peccant
1667 2189 1728 2208 cum

952 2219 992 2247 eis
1012 2220 1038 2247 iu
1062 2222 1189 2249 omnibus
1202 2232 1208 2249 :
1226 2227 1253 2250 et
1268 2223 1315 2250 lilii
1326 2222 1402 2251 Juda:
1414 2230 1492 2253 erunt
1506 2226 1533 2253 in
1546 2216 1670 2260 avaritia.
1686 2237 1730 2255 ra-

951 2266 1055 2300 pientes
1071 2267 1157 2295 aliena
1173 2272 1203 2295 ut
1225 2269 1327 2296 leones.
1350 2268 1463 2305 Propter
1484 2272 1536 2299 hoc
1558 2273 1728 2301 abducemini

951 2321 1012 2357 cum
1031 2313 1071 2341 eis
1093 2314 1120 2340 in
1143 2315 1326 2349 captivitatem
1339 2337 1346 2351 ,
1363 2322 1389 2345 et
1402 2318 1457 2345 illic
1471 2319 1606 2354 recipietis
1633 2328 1727 2349 omnes

950 2359 1043 2393 plagas
1053 2358 1174 2395 Egypti,
1188 2365 1215 2388 et
1229 2368 1324 2390 omnes
1339 2365 1486 2397 pravitates
1497 2365 1616 2399 gentium
1630 2374 1636 2392 ι
1649 2371 1676 2394 et
1692 2368 1728 2394 ita

950 2409 1116 2433 revertentes
1131 2405 1164 2433 ad
1180 2405 1326 2435 Dominum
1345 2409 1559 2437 misericordiam
1580 2419 1728 2447 conseque—

949 2451 1025 2484 mini,
1042 2456 1068 2479 et
1082 2452 1162 2479 ducet
1173 2460 1220 2480 vos
1233 2453 1260 2480 in
1276 2454 1517 2482 sanctiticationem
1527 2455 1597 2490 ejus,
1608 2457 1727 2484 clamans

949 2497 1026 2524 vobis
1037 2505 1141 2532 pacem.
1159 2497 1192 2525 Et
1211 2499 1314 2526 orietur
1329 2499 1406 2527 vobis
1417 2508 1449 2527 ex
1463 2501 1533 2528 tribu
1543 2501 1611 2529 Juda
1624 2508 1650 2529 et
1663 2503 1726 2530 Levi

949 2542 1067 2570 salutare
1089 2543 1196 2571 Domini
1215 2553 1222 2571 :
1249 2550 1276 2572 et
1301 2545 1358 2580 ipse
1381 2545 1462 2574 faciet
1486 2547 1615 2576 adversus
1639 2548 1726 2577 Beliar

948 2588 1087 2622 praelium,
1111 2593 1138 2617 et
1163 2591 1297 2619 ultionem
1312 2592 1434 2620 victoria:
1455 2592 1530 2620 dabit
1545 2593 1664 2621 terminis
1680 2602 1726 2621 ve—

950 2657 1029 2684 tinem
1045 2657 1126 2691 hujus
1141 2659 1313 2693 paragraplni.
1330 2658 1367 2685 lo.
1727 2669 1731 2673 '

984 2693 1039 2726 (85)
1057 2693 1220 2724 Ἀλήθειαν.
1233 2693 1301 2720 Hinc
1317 2694 1342 2720 in
1357 2694 1445 2721 Oxon.
1461 2699 1488 2721 et
1501 2693 1615 2721 Cantab.
1631 2694 1725 2722 codico

949 2728 1068 2754 clausula
1080 2728 1174 2754 deesse
1186 2729 1298 2755 videtur.
1317 2728 1353 2754 ln.

983 2762 1037 2796 (86)
1053 2763 1107 2788 Καὶ
1128 2765 1162 2789 οὺ
1176 2762 1218 2796 μὴ
1240 2764 1416 2796 aut/01130;}.
1434 2762 1529 2790 Omnia
1549 2764 1575 2791 in
1599 2764 1649 2791 Ox.
1663 2767 1722 2791 cod.

949 2797 1044 2834 desunt
1060 2799 1189 2834 usquead
1210 2803 1257 2823 [\Ill
1281 2799 1418 2834 sequentis
1441 2800 1601 2834 pat'agt'aplti
1618 2801 1696 2827 verba
1719 2810 1724 2827 :

949 2831 996 2857 καὶ
1010 2832 1042 2858 [ἐν
1058 2832 1116 2865 τοῖς
1130 2834 1227 2859 ἔθνεσι
1244 2831 1350 2867 Σωτήρ.
1369 2833 1388 2859 lt
1399 2854 1404 2859 .
