4002 6308
252 327 390 386 1105

1344 319 1867 378 ΤΕΞΤΑΜΕΝΤῌΗ
1904 318 2368 375 NEPHTHALIM.

3353 318 3485 375 1106

247 444 433 515 σθῆναι
459 438 623 496 αὐτὸν
652 439 713 494 τὸ
737 436 900 513 πρωϊ,
928 433 1087 492 εἶπεν
1117 437 1320 501 αὐτοῖς,
1345 437 1427 490 ὅτι
1445 454 1461 468 ·
1492 457 1512 488 ι
1564 436 1824 509 Ἀποθνή-

1932 436 1998 490 Ει
2022 444 2317 507 postquam
2341 433 2609 490 excitatus
2640 444 2724 488 est
2761 449 2790 488 a
2822 449 3015 489 somno
3048 447 3226 496 mane.
3255 435 3392 492 dixit
3424 439 3487 492 il-

249 550 380 588 σκω·
411 551 430 584 ›
461 533 556 586 καὶ
576 532 678 585 οὐκ
699 531 980 586 ἐπίστευον
1003 528 1171 598 αὐτῷ.
1202 529 1311 582 Καὶ
1333 527 1571 597 εὐλογῶν
1597 527 1819 600 Κύριον,

247 623 636 696 ὲκραταίωσεν,
664 623 745 678 ὅτι
790 621 928 692 μετὰ
964 622 1025 675 τὸ
1058 622 1272 675 δεῖπνον
1295 620 1356 673 τὸ
1384 620 1510 691 χθὲς
1534 620 1822 674 ἀποθανεί-

245 736 352 772 ται.
383 715 626 787 Ἤρξατο
651 711 743 769 οὖν
768 715 947 783 λέγειν
971 716 1086 778 τοῖς
1113 714 1246 777 υἱοῖς
1271 712 1460 766 αὐτοῦ·
1495 731 1514 762 ι
1559 711 1821 765 Ἀκούσα-

244 825 323 869 τε,
347 805 516 858 τέκνα
544 821 669 875 μου,
692 805 799 859 uio).
823 803 1142 872 Νεφθαλεὶμ
1160 841 1176 864 ,
1201 800 1469 856 ἀκούσατε
1497 801 1689 869 λόγους
1714 816 1821 854 πα-

243 897 370 968 τρὸς
393 895 569 966 ὑμῶν.
609 892 752 963 Ἐγὼ
776 894 1070 965 ἐγεννήθην
1098 893 1206 946 ἀπὸ
1232 891 1439 954 Βάλλας
1456 908 1470 922 ·
1526 891 1618 944 καὶ
1647 889 1728 943 ὅτι
1765 889 1824 942 ὲν

245 985 550 1056 πανουργίᾳ
573 983 887 1055 εποίησενὴ
925 982 1146 1054 Ῥαχὴλ,
1185 982 1280 1036 καὶ
1317 980 1517 1034 ἔδωκεν
1555 979 1672 1033 ἀνθ’
1700 980 1826 1033 ἑαυ-

243 1075 342 1146 τῆς
365 1074 466 1146 τὴν
494 1075 700 1129 Βάλλαν
722 1073 800 1145 τῷ
815 1073 1028 1137 Ἰακὼϐ,
1055 1074 1148 1126 καὶ
1173 1070 1394 1126 ἐπὶτῶν
1422 1069 1611 1142 μηρῶν
1627 1066 1826 1140 Ῥαχὴλ

243 1166 398 1220 ἔτεκέ
444 1184 535 1237 με·
578 1166 666 1220 διὰ
707 1167 866 1220 τοῦτο
903 1164 1136 1236 ἐκλήθην
1183 1161 1501 1233 Νεφθαλείμ
1543 1161 1676 1234 (91).
1717 1163 1827 1219 Καὶ

243 1259 503 1331 ἠγάπησε
535 1277 603 1330 με
640 1258 860 1330 Ῥαχὴλ,
885 1258 968 1310 ὅτι
994 1257 1088 1311 ἐπὶ
1112 1255 1228 1309 τῶν
1261 1253 1450 1327 μηρῶν
1473 1253 1642 1325 αὐτῆς
1677 1255 1827 1323 ὲγεν-

244 1350 436 1420 νήθην·
467 1351 561 1404 καὶ
586 1349 715 1402 εἴδει
739 1347 944 1402 ἁπαλὴν
968 1347 1097 1402 ὄντα
1137 1345 1412 1415 κατεφίλει
1442 1363 1509 1418 με
1535 1384 1549 1410 ,
1572 1345 1820 1416 λέγουσα’

248 1458 267 1494 ι
309 1441 510 1514 Ἰδοιμι
543 1439 772 1508 ἀδελφόν
809 1435 914 1492 σου⁶
937 1441 1000 1492 ἐκ
1034 1438 1136 1510 τῆς
1160 1438 1366 1501 κοιλίας
1393 1455 1492 1508 μου
1518 1437 1660 1492 κατὰ
1688 1439 1764 1493 σέ.
1803 1459 1820 1490 ι

251 1533 415 1588 Ὅθεν
443 1534 540 1586 καὶ
558 1532 740 1604 ὅμοιός
785 1549 872 1603 μοι
906 1527 977 1603 ἦν
1018 1532 1075 1583 ἐν
1117 1531 1283 1584 πᾶσιν
1320 1529 1536 1601 Ἰωσὴφ,
1563 1529 1703 1584 κατὰ
1730 1529 1826 1594 τὰς

241 1626 412 1698 εὐχὰς
443 1626 551 1698 (95)
587 1626 808 1696 Ῥαχήλ.
848 1627 911 1678 Ἡ
935 1625 990 1677 δὲ
1021 1625 1204 1696 μήτηρ
1231 1623 1330 1695 μού
1369 1626 1482 1677 ἐστι
1505 1623 1704 1686 Βάλλα,
1733 1623 1824 1676 θυ-

1925 526 1994 583 lis
2025 546 2040 582 :
2077 547 2095 580 ι
2130 526 2371 582 Morior:
2402 545 2421 580 ι
2455 533 2512 581 et
2547 539 2658 580 non
2693 525 3039 582 crediderunt
3075 527 3145 582 ei.
3173 525 3239 584 Et
3270 528 3489 583 bcnodi~

1928 636 2058 677 cens
2087 619 2348 686 Domino,
2397 618 2763 686 conﬁrmavit,
2809 620 2954 690 quod
3005 630 3129 690 post
3177 621 3488 680 hesternam

1926 727 2138 768 cumam
2167 719 2494 767 moreretur.
2523 708 2749 781 lncmpit
2777 711 2939 780 igitur
2959 711 3139 767 dicere
3168 713 3292 768 tiliis
3325 713 3442 770 suis
3469 729 3491 769 :

1931 801 2179 865 cAudite,
2210 802 2305 856 ﬁlii
2330 801 2459 868 mei,
2482 801 2578 856 ﬁlii
2610 799 2976 871 Nephthalim,
3005 802 3188 857 audite
3208 818 3485 860 sermones

1924 895 2098 964 patris
2129 895 2314 950 vestri.
2348 913 2366 946 ι
2397 893 2508 964 Ego
2536 903 2698 949 natus
2720 909 2839 951 sum
2869 910 2900 949 a
2933 894 3080 950 Balla
3106 910 3122 948 :
3149 905 3204 951 et
3229 896 3490 966 quoniam

1928 991 2106 1039 astute
2134 983 2261 1038 fecit
2301 982 2522 1050 Rachel,
2551 995 2612 1038 et
2634 983 2782 1039 dedit
2815 1000 2915 1054 pro
2952 985 3129 1055 seipsa
3165 987 3370 1042 Ballam
3400 987 3493 1043 Ja-

1928 1079 2050 1146 cob,
2085 1088 2140 1133 et
2169 1093 2335 1147 super
2382 1076 2588 1130 femora
2619 1077 2823 1132 Rachel
2865 1079 3074 1148 peperit
3121 1095 3242 1145 me;
3273 1091 3491 1150 propter

1928 1171 2032 1227 hoc
2055 1179 2282 1224 vocatus
2305 1183 2425 1223 sum
2452 1165 2816 1237 Nephthalim.
2850 1168 2915 1223 Et
2938 1171 3124 1226 dilexit
3153 1187 3239 1226 me
3266 1170 3488 1237 Rachel,
3543 1214 3549 1223 .

1926 1263 2190 1334 quoniam
2237 1275 2401 1331 super
2456 1258 2664 1315 femora
2711 1275 2809 1316 sua
2846 1271 3006 1318 natus
3048 1278 3201 1330 sum;
3230 1273 3285 1318 et
3313 1265 3492 1334 specie

1927 1365 2174 1410 tenerum
2217 1352 2565 1408 exsistentem
2621 1352 2866 1407 osculata
2922 1364 3006 1407 est
3055 1369 3178 1418 me,
3234 1355 3424 1410 dicens
3474 1375 3487 1410 :

1933 1467 1952 1499 ι
1988 1446 2212 1501 Videam
2245 1444 2466 1500 fratrem
2513 1454 2664 1500 tuum
2696 1460 2764 1500 ex
2801 1454 2989 1499 ventre
3033 1461 3154 1499 meo
3189 1447 3490 1501 secundum

1931 1549 1999 1595 te.
2034 1559 2052 1591 ι
2088 1539 2240 1594 Unde
2268 1549 2321 1594 et
2358 1539 2553 1595 similis
2581 1539 2687 1594 mei
2717 1547 2834 1594 erat
2880 1539 2935 1593 in
2984 1539 3240 1594 omnibus
3264 1538 3488 1606 Ioseph,-

1928 1632 2228 1689 secundum
2257 1632 2544 1702 petitiones
2574 1630 2795 1686 Rachel.
2836 1630 3004 1685 Mater
3038 1642 3219 1686 autem
3259 1647 3377 1686 mea
3409 1640 3495 1686 est

242 1717 425 1788 γάτηρ
477 1715 726 1770 Ῥουθέου
771 1714 915 1787 (96),
955 1713 1186 1784 ἀδελφοῦ
1227 1713 1498 1786 Δεδόρῤας
1541 1712 1684 1783 (97),
1728 1712 1826 1783 τῆς

1932 1726 2099 1794 Bulla,
2132 1726 2243 1781 ﬁlia
2274 1725 2503 1792 Ruthaei,
2531 1724 2716 1781 fratris
2748 1723 2991 1789 Debortc,
3029 1723 3258 1779 nutricis
3287 1723 3496 1780 Rebec-

239 1809 446 1881 τροφοῦ
484 1807 799 1870 Ῥεϐέκκας·
828 1808 949 1877 ἥτις
994 1807 1052 1859 ἐν
1099 1807 1197 1877 μιᾷ
1239 1805 1421 1876 ἡμέρᾳ
1463 1804 1677 1876 ἐτέχθη,
1703 1805 1760 1856 ὲν

1932 1834 2045 1884 cae;
2079 1834 2201 1888 qum
2230 1817 2380 1874 Balla
2423 1819 2477 1874 in
2511 1834 2619 1873 una
2647 1817 2734 1875 die
2776 1824 2904 1873 nata
2937 1825 3040 1883 est,
3073 1816 3128 1880 in
3158 1831 3264 1886 qua
3299 1825 3352 1872 et
3379 1815 3494 1870 Ra.

243 1901 338 1954 καὶ
399 1899 626 1971 Ῥαχήλ.
688 1898 745 1952 ’0
798 1897 855 1952 δὲ
915 1896 1158 1960 Ῥουθὲος
1206 1894 1314 1967 (98)
1365 1898 1429 1948 ὲκ
1485 1893 1579 1948 τοῦ
1640 1894 1828 1963 γένους

255 1990 531 2062 Ἀϐραάμ,
553 1989 838 2054 Χαλδαῖος,
860 1988 1137 2060 θεοσεϐὴς,
1154 1989 1438 2058 ἐλεύθερος
1463 1988 1557 2041 καὶ
1575 1986 1824 2057 εὐγενής.

240 2085 352 2136 Ka‘t
376 2081 832 2154 αἰχμαλωτισθεὶς
859 2079 1136 2152 ἠγοράσθη
1157 2079 1264 2133 ὑπὸ
1281 2079 1482 2133 Λάὸαψ
1509 2079 1603 2132 καὶ
1630 2078 1828 2132 ἔδωκεν

236 2171 395 2243 αὐτῷ
421 2173 587 2225 Αίνᾶν
613 2171 712 2240 τὴν
760 2169 1051 2239 παιδίσκην
1089 2167 1253 2222 αὑτοῦ
1299 2169 1378 2232 εἰς
1414 2170 1664 2238 γυναῖκαο
1705 2168 1827 2237 ἥτις

235 2263 397 2316 ἔτεκε
446 2263 762 2334 θυγατέρα,
791 2263 885 2316 καὶ
934 2261 1192 2316 ἐκάλεσεν
1233 2261 1401 2332 αὐτὴν
1449 2259 1692 2330 Ζελφάν,
1737 2262 1823 2314 ἐπ’

1931 1912 2071 1967 chel.
2101 1911 2360 1970 Ruthazus
2385 1925 2513 1967 vero
2538 1925 2606 1968 ex
2629 1925 2826 1982 genere
2863 1910 3140 1967 Abraham
3173 1918 3310 1974 erat,
3331 1907 3495 1967 Chal-

1931 2002 2102 2068 drcus,
2126 2001 2294 2058 Deum
2319 2017 2608 2068 venerans,
2639 2001 2774 2056 liber
2795 2009 2849 2057 et
2869 2001 3088 2056 nobilis.
3119 1999 3328 2055 Etcum
3349 2009 3497 2059 esset

1930 2091 2201 2162 captivus,
2223 2100 2436 2162 emptus
2468 2100 2548 2146 est
2573 2107 2604 2145 a
2627 2091 2840 2158 Laban;
2871 2100 2923 2146 et
2948 2091 3096 2146 dedit
3123 2091 3171 2145 ei
3201 2091 3375 2146 Euam
3397 2108 3495 2148 au-

1933 2185 2111 2245 cillam
2141 2199 2296 2240 suam
2327 2183 2378 2236 in
2419 2199 2676 2250 uxorem;
2706 2200 2827 2252 qua:
2865 2183 3074 2253 peperit
3102 2183 3298 2244 ﬁliam.
3321 2192 3377 2237 ct
3400 2199 3498 2239 vo-

1930 2277 2072 2335 cavit
2099 2290 2217 2328 cam
2251 2271 2529 2342 Zelpbam,
2560 2274 2881 2342 cognomine
2907 2271 3113 2327 castelli
3157 2273 3207 2328 in
3255 2264 3364 2343 quo
3404 2287 3498 2327 ca-

231 2355 473 2428 ὁνόματι
522 2356 621 2426 τῆς
666 2351 879 2425 κώμης,
924 2356 981 2407 ὲν
1107 2353 1503 2426 ᾐχμαλωτεύθη
1543 2353 1674 2425 (99).
1719 2356 1830 2408 Καὶ

1933 2366 2112 2435 ptivus
2136 2373 2273 2421 erat.
2305 2363 2504 2418 Deinde
2533 2363 2743 2434 peperit
2767 2362 2996 2426 Ballam,
3027 2363 3214 2417 dicens
3240 2379 3253 2414 :
3277 2361 3496 2417 Noviter

233 2447 369 2518 ἑξῆς
411 2448 569 2500 ἔτεκε
622 2447 721 2518 τὴν
766 2445 1007 2509 Βάλλαν,
1037 2445 1230 2516 λέγων’
1281 2446 1681 2511 Καινόσπουδός
1725 2464 1822 2518 μου

1933 2455 2197 2510 festinans
2228 2454 2338 2511 ﬁlia
2368 2471 2507 2510 mea.
2538 2452 2839 2514 Confestim
2877 2454 3022 2508 enim
3067 2462 3190 2507 nata
3223 2451 3497 2509 festinavit

232 2543 268 2611 ἡ
343 2540 619 2610 θυγάτηρ.
686 2539 861 2604 Εὐθὺς
898 2537 1006 2612 γάρ
1066 2539 1318 2611 τεχθεῖσα
1376 2539 1600 2593 ἔσπευδε
1664 2538 1826 2612 θηλά-

1934 2545 2016 2600 lac
2045 2559 2257 2616 sugere.

233 2635 356 2692 ζειν
385 2629 561 2701 (100).

322 2766 403 2819 B'.
440 2785 459 2816 ι
497 2765 607 2820 Καὶ
634 2765 818 2836 ἐπειδὴ
860 2765 1059 2835 κοῦφος
1087 2768 1232 2838 ήμην
1271 2770 1382 2830 τοῖς
1411 2769 1586 2832 ποσὶν,
1613 2767 1687 2831 ὡς
1712 2767 1830 2820 ἔλα-

2007 2769 2072 2824 ll.
2106 2789 2124 2822 ι
2164 2769 2229 2824 Et
2253 2770 2383 2839 quia
2416 2767 2643 2838 pedibus
2677 2765 2810 2820 levis
2830 2779 3000 2827 eram,
3025 2775 3085 2819 ut
3107 2779 3322 2830 cervus,
3351 2763 3500 2817 ordi-

235 2875 366 2926 φος,
399 2857 558 2922 ἕταξὲ
595 2875 660 2928 με
686 2860 714 2910 ὁ
743 2860 928 2930 πατήρ
954 2876 1054 2928 μου
1070 2858 1266 2912 Ἰακὼὸ
1290 2861 1369 2922 εἰς
1399 2861 1576 2912 πᾶσαν
1599 2860 1830 2912 ἀποστο-

1936 2862 2083 2916 navit
2107 2876 2194 2915 me
2215 2869 2370 2930 pater
2399 2874 2554 2913 meus
2577 2855 2746 2912 Jacob
2776 2858 2828 2910 in
2858 2871 3073 2911 omnem
3099 2855 3418 2909 missionem
3443 2862 3500 2909 et

235 2950 340 3021 λὴν
371 2951 472 3003 καὶ
497 2950 570 3019 (1)
596 2950 872 3018 ἀγγελίανο
902 2951 994 3003 καί
1023 2967 1109 3018 γε,
1133 2951 1208 3014 ὡς
1232 2950 1428 3019 ἔλαφον
1455 2968 1522 3021 με
1547 2951 1829 3022 εὐλόγησε.

1933 2952 2402 3007 annuntiationem
2425 2967 2440 3014 ;
2472 2958 2525 3003 et
2553 2957 2612 3002 ut
2638 2965 2800 3004 cervo
2821 2947 2951 3001 mihi
2975 2946 3268 3001 benedixit.
3297 2943 3499 3013 Quem-

238 3040 453 3104 Καθὼς
477 3041 585 3111 γὰρ
604 3043 632 3094 6
655 3043 931 3113 κεραμεὺς
963 3038 1070 3095 οἶδε
1097 3042 1157 3094 τὸ
1193 3041 1404 3104 σκεῦος,
1444 3043 1606 3095 πόσον
1645 3045 1830 3114 χωρεῖ,

1932 3045 2221 3100 admodum
2248 3043 2391 3099 enim
2415 3043 2613 3111 ﬁgulus
2635 3042 2786 3096 novit
2806 3055 2924 3107 vas,
2960 3049 3222 3110 quantum
3253 3039 3418 3110 capit,
3445 3047 3500 3095 et

242 3135 342 3186 καὶ
369 3134 513 3204 πρὸς
547 3134 708 3187 αὑτὸν
749 3134 902 3206 φέρει
929 3134 1019 3186 τὸν
1045 3135 1232 3204 πηλόν·
1257 3135 1428 3197 οὕτως
1451 3133 1546 3188 καὶ
1577 3137 1607 3188 6
1631 3134 1830 3206 Κύριος

1934 3136 2001 3189 ad
2029 3135 2208 3204 ipsum
2237 3134 2344 3188 fert
2381 3133 2590 3198 lutum;
2634 3130 2706 3185 ita
2745 3137 2800 3186 et
2832 3129 3097 3184 Dominus
3139 3128 3208 3183 ad
3243 3129 3500 3184 similitu-

243 3223 388 3295 πρὸς
439 3224 702 3294 ὁμοίωσιν
745 3224 839 3277 τοῦ
887 3223 1197 3295 πνεύματος
1243 3228 1386 3278 ποιεῖ
1423 3224 1486 3278 τὸ
1524 3223 1701 3294 σῶμα,
1741 3224 1830 3278 καὶ

1933 3229 2114 3283 dinem
2141 3227 2364 3296 spiritus
2387 3225 2518 3281 facit
2538 3239 2762 3294 corpus,
2787 3230 2842 3278 et
2877 3223 2944 3277 ad
2975 3223 3268 3293 potentiam
3306 3236 3504 3292 corpo-

1937 3324 2011 3379 ris
2041 3322 2293 3393 spiritum
2326 3319 2576 3390 imponit,
2601 3328 2656 3374 et
2686 3334 2794 3372 non
2826 3326 2910 3373 est
2939 3317 3052 3388 jam
3087 3332 3192 3370 una
3234 3316 3392 3371 tertia
3432 3329 3500 3369 ex

1938 3430 2046 3470 uno
2069 3413 2298 3484 capillo;
2337 3410 2576 3481 pondere
2611 3410 2759 3465 enim
2781 3417 2835 3466 et
2861 3425 3117 3465 mensura
3139 3417 3194 3464 et
3222 3409 3410 3480 regula
3435 3407 3501 3476 “,

1936 3503 2116 3558 omnis
2151 3512 2403 3558 creatura
2432 3501 2699 3557 Altissimi
2733 3501 3053 3572 (consistit).
3090 3499 3157 3556 Et
3184 3500 3328 3556 sicut
3354 3497 3506 3556 novit

1939 3596 2134 3666 ﬁgulus
2169 3593 2604 3665 uniuscujusque
2633 3608 2814 3660 usum,
2837 3593 3040 3664 quibus
3069 3592 3232 3648 rebus
3260 3590 3505 3648 sufﬁcere

242 3313 388 3384 πρὸς
417 3313 520 3384 τὴν
536 3313 763 3386 δύναμιν
779 3314 873 3368 τοῦ
892 3314 1138 3386 σώματος
1153 3315 1214 3368 τὸ
1234 3314 1450 3386 πνεῦμα
1463 3313 1724 3384 ἐντίθησι,
1739 3313 1836 3367 καὶ
1868 3365 1872 3372 .

239 3405 345 3458 οὐκ
391 3405 514 3457 ἔστι
553 3405 736 3458 λοιπὸν
775 3403 847 3475 (2)
875 3405 932 3458 ἓν
973 3406 1036 3457 ἐκ
1060 3404 1154 3457 τοῦ
1177 3405 1293 3468 ἐνὸς
1319 3403 1502 3475 τρίτον
1524 3403 1706 3474 τριχός
1734 3401 1830 3473 (5)’

242 3495 488 3566 σταθμῷ
511 3495 619 3567 γὰρ
642 3485 734 3548 καὶ
759 3495 941 3567 μέτρῳ
966 3497 1059 3550 καὶ
1087 3494 1270 3548 κανόνι
1294 3497 1443 3548 πᾶσα
1466 3493 1643 3557 κτίσις
1681 3494 1835 3564 Ὑψί-

242 3604 399 3639 στου.
453 3587 568 3639 Καὶ
613 3586 861 3658 καθάπερ
899 3586 1040 3640 οἶδεν
1073 3588 1101 3640 6
1140 3587 1416 3658 κεραμεὺς
1454 3585 1572 3650 ἐνὸς
1606 3586 1836 3640 ἑκάστου

237 3676 343 3750 τὴν
381 3677 608 3749 χρῆσιν,
648 3677 723 3741 ὡς
767 3679 956 3731 ἰκανοῖ⁸
1002 3677 1172 3742 οὕτως
1215 3678 1308 3730 καὶ
1341 3679 1368 3729 6
1405 3675 1607 3748 Κύριος
1633 3670 1737 3728 οἶδε
1776 3673 1837 3729 τὸ

242 3770 414 3841 σῶμα
431 3810 448 3835 ,
487 3770 591 3834 ἓως
614 3771 756 3836 τίνος
780 3770 1053 3842 διαρκέσει
1077 3772 1135 3824 ὲν
1161 3768 1367 3840 ἀγαθῷ,
1390 3769 1484 3824 καὶ
1510 3767 1640 3821 πότε
1669 3767 1837 3839 ἄρχε-

238 3881 332 3919 ται
357 3867 423 3918 ὲν
453 3863 631 3934 κακῷ.
660 3865 776 3917 ’Ὁτι
818 3863 918 3916 οὐκ
951 3862 1064 3915 ἔστι
1109 3863 1217 3915 πᾶν
1259 3861 1515 3932 πλάσμα,
1559 3861 1654 3914 καὶ
1690 3861 1839 3914 πᾶσα

239 3955 472 4020 ἔννοια,
515 3956 579 4026 ἢν
620 3954 718 4007 οὐκ
765 3953 904 4022 ἔγνω
945 3952 1179 4022 Κύριος·
1206 3953 1379 4007 πάντα
1412 3951 1521 4022 γὰρ
1557 3951 1837 4024 ἄνθρωπον

241 4049 434 4102 ἔκτισε
487 4048 606 4101 κατ’
643 4047 825 4100 εἰκόνα
871 4047 1082 4102 ἑαυτοῦ.
1121 4046 1206 4110 Ὠς
1240 4046 1273 4117 ἡ
1316 4045 1466 4116 ἰσχὺς
1489 4043 1674 4108 αὑτοῦ,
1696 4043 1838 4097 οὕτω

241 4141 342 4194 atat
375 4141 443 4194 τδ
474 4138 636 4212 ἔργον
661 4139 844 4193 αὑτοῦ·
891 4141 984 4193 καὶ
1027 4128 1167 4203 ὡςίἱ
1200 4138 1323 4203 νοῦς
1358 4139 1523 4192 αὐτοῦ
1541 4177 1556 4202 ,
1579 4137 1724 4191 οὕτω
1744 4135 1839 4190 καὶ

240 4232 306 4285 τὸ
327 4231 510 4305 ἔργον
534 4231 718 4284 αὐτοῦ’
747 4231 840 4286 καὶ
861 4231 936 4295 ὼς
959 4233 992 4303 ἡ
1021 4231 1336 4304 προαίρεσις
1359 4228 1546 4294 αὐτοῦ,
1583 4228 1726 4282 οὕτω
1746 4230 1841 4282 καὶ

242 4325 280 4395 ἡ
327 4324 545 4396 πρᾶξις
590 4323 774 4377 αὑτοῦ·
819 4323 896 4388 ὡς
935 4326 968 4395 ἡ
1014 4324 1208 4395 καρδία
1245 4323 1433 4388 αὐτοῦ,
1473 4323 1614 4376 οὕτω
1649 4322 1740 4375 καὶ
1777 4321 1830 4376 τὸ

1947 4332 2091 4386 sicut
2112 4346 2209 4385 cor
2237 4331 2376 4398 ejus,
2403 4330 2476 4384 ita
2509 4337 2562 4383 et
2599 4344 2660 4384 os
2683 4327 2838 4397 ejus;
2878 4325 3022 4380 sicut
3047 4322 3240 4378 oculus
3270 4319 3410 4391 ejus,
3435 4319 3509 4374 ita

246 4418 433 4488 στόμα
463 4416 654 4470 αὐτοῦ·
679 4416 754 4480 ὡς
770 4417 798 4469 ὁ
821 4416 1092 4488 ὀφθαλμὸς
1117 4415 1302 4480 αὑτοῦ,
1327 4416 1470 4469 οὕτω
1494 4415 1588 4468 καὶ
1621 4417 1649 4469 6
1674 4415 1830 4476 ὕπνος

1941 4433 1996 4477 et
2027 4437 2254 4478 somnus
2282 4424 2431 4490 ejus;
2459 4422 2598 4476 sicut
2627 4419 2819 4474 anima.
2832 4419 2970 4489 ejus,
2997 4418 3068 4470 ita
3089 4423 3143 4469 et
3167 4427 3346 4468 sermo
3367 4411 3507 4481 ejus,

245 4483 448 4562 αὐτοῦ·
482 4505 556 4570 ὡς
587 4505 785 4578 ἡψυχὴ
827 4483 1011 4567 αυτοῦ,
1038 4503 1178 4561 οὕτω
1220 4506 1314 4558 καὶ
1353 4507 1381 4558 6
1404 4504 1558 4574 λόγος
1592 4503 1778 4566 αὐτοῦ,
1805 4503 1830 4572 ἦ

1951 4515 2034 4569 vel
2064 4515 2119 4568 in
2149 4513 2265 4584 lege
2295 4483 2531 4578 Domini,
2565 4512 2648 4566 vel
2679 4511 2735 4565 in
2773 4483 2890 4580 lege
2919 4507 3114 4561 Beliar.
3155 4501 3220 4558 Et
3256 4501 3399 4556 sicut
3429 4497 3512 4553 di-

245 4602 310 4656 ὲν
334 4599 502 4670 νόμῳ
523 4599 748 4671 Κυρίου,
776 4597 808 4668 ἢ
833 4599 890 4652 ἐν
913 4599 1060 4670 νόμῳ
1098 4599 1312 4672 Βελιάρ.
1354 4599 1464 4651 Kal.
1504 4597 1578 4661 ὼς
1614 4595 1830 4668 κεχώρι-

1952 4609 2129 4663 uisum
2156 4616 2241 4662 est
2271 4604 2654 4662 intermedium
2688 4603 2827 4658 lucis
2868 4610 2923 4656 et
2954 4599 3299 4656 tenebrarum
3319 4634 3335 4659 ,
3358 4591 3512 4650 visus

248 4707 384 4744 σται
411 4689 694 4760 ἀνάμεσον
709 4688 884 4758 φωτὸς
902 4690 998 4743 καὶ
1025 4689 1264 4752 σκότους,
1281 4690 1522 4760 ὁράσεως
1537 4688 1630 4741 καὶ
1650 4687 1830 4758 ἀκοῆς

1951 4709 2004 4754 et
2031 4699 2250 4755 auditus
2289 4717 2301 4752 :
2335 4699 2407 4752 ita
2454 4695 2689 4752 divisum
2747 4701 2833 4749 est
2889 4689 3274 4747 intermedium
3317 4684 3422 4738 viri
3459 4690 3512 4737 et

247 4777 405 4832 οὕτω
449 4777 780 4850 κεχώρισται
822 4780 1092 4851 ἀνάμεσον
1128 4780 1318 4852 ἀνδρὸς
1358 4778 1452 4832 καὶ
1489 4779 1710 4851 ἀνδρὸς,
1751 4778 1830 4832 καπ

1953 4793 2077 4856 viri,
2115 4804 2168 4848 ct
2213 4791 2593 4846 intermedium
2630 4785 2876 4842 mulieris
2911 4795 2964 4839 et
3005 4780 3278 4846 mulieris;
3311 4786 3366 4833 et
3402 4789 3508 4830 non

249 4871 544 4942 ἀνάμεσον
568 4871 820 4940 γυναικὸς
835 4873 928 4926 καὶ
942 4871 1213 4942 γυναικός·
1239 4871 1330 4925 καὶ
1355 4871 1456 4925 οὐκ
1480 4870 1626 4925 ἐστιν
1647 4874 1830 4936 εἰπεῖνῚ

1952 4894 2034 4940 est
2072 4883 2386 4945 dicendum,
2410 4878 2556 4950 quod
2603 4877 2710 4932 ulla
2744 4877 2798 4932 in
2845 4891 2906 4931 re
2935 4873 3093 4930 faciei
3126 4872 3210 4926 vcl
3249 4868 3507 4926 similium

1938 3778 2169 3835 suﬁiciat
2190 3777 2246 3832 in
2277 3777 2453 3843 bono,
2486 3785 2541 3830 et
2573 3775 2793 3845 quando
2833 3774 3021 3844 incipit
3059 3775 3116 3828 in
3157 3774 3323 3830 malo.
3352 3771 3506 3840 Quo-

1939 3874 2084 3928 niam
2115 3886 2226 3926 non
2251 3880 2334 3926 est
2359 3869 2467 3924 ulla
2497 3877 2768 3936 creatura,
2792 3882 2892 3922 nec
2911 3866 3019 3921 ulla
3041 3865 3318 3937 cogitatio,
3340 3877 3506 3935 quam

1941 3980 2048 4020 non
2080 3963 2333 4033 cognovit
2379 3960 2645 4015 Dominus
2680 3959 2752 4025 ’σς
2780 3972 2994 4014 omnem
3043 3956 3189 4011 enim
3230 3953 3504 4009 hominem

1940 4055 2146 4111 creavit
2186 4055 2252 4109 ad
2299 4053 2588 4124 imaginem
2633 4065 2813 4106 suam.
2858 4049 3011 4104 Sicut
3058 4045 3320 4101 fortitudo
3363 4043 3506 4114 ejus,

1943 4147 2016 4201 ita
2063 4155 2116 4202 et
2150 4161 2289 4215 opus
2334 4146 2482 4212 ejus;
2527 4154 2581 4199 et
2618 4144 2760 4200 sicut
2801 4157 2957 4197 mens
2985 4140 3125 4210 ejus,
3166 4139 3239 4192 ita
3287 4145 3341 4193 et
3371 4149 3508 4206 opus

1945 4239 2094 4310 ejus;
2146 4248 2198 4296 et
2242 4238 2384 4294 sicut
2427 4236 2732 4307 praeelectio
2772 4235 2923 4306 ejus,
2952 4233 3027 4287 ita
3068 4241 3122 4286 et
3162 4241 3316 4286 actus
3355 4229 3505 4299 ejus;

313 5033 364 5064 “‘
401 5030 539 5101 Sap.
578 5046 652 5096 XI,
690 5029 781 5085 2-1.
857 5029 897 5060 ⁸³
929 5029 1056 5098 Sap.
1083 5046 1170 5095 xv,
1199 5030 1250 5084 7.
1328 5032 1370 5062 ¹⁶
1397 5029 1560 5086 Hebr.
1604 5046 1678 5097 Iv,
1707 5031 1794 5085 15.

335 5188 804 5261 (94-)7‘Ey130nr
828 5189 1186 5261 Νεφθαλείμ.
1211 5187 1544 5243 l’eculiarem
1578 5199 1830 5261 rationen

2019 5187 2128 5261 (θη
2158 5186 2461 5261 ᾼεϐόιῖιξας-
2487 5181 2774 5261 ᾼεδδρρειςο
2804 5178 2882 5261 ¹Ρο

335 5196 464 5261 (94)
505 5196 804 5256 Ἐκλήθην·
828 5196 1186 5258 Νεφθαλείμ.
1213 5196 1544 5243 l’eculiarem
1578 5199 1830 5243 rattouen

258 5260 522 5315 nominis
559 5258 900 5329 Nephthalim
950 5259 1192 5329 assignat
1220 5270 1410 5314 auctor
1437 5269 1644 5329 uoster,
1667 5259 1830 5312 diven

2019 5196 2108 5254 (sn
2158 5196 2461 5252 Asb’dﬁpac.
2487 5196 2774 5253 Δεοοορας.
2806 5196 2882 5234 ιι).

2019 5196 2128 5329 (98;
2167 5256 2456 5329 ξΡουθέος.
2503 5252 2794 5329 Ῥουθαζος.
2821 5250 2896 5329 In:

257 5347 390 5401 sam
422 5329 498 5385 ab
527 5345 590 5401 ea
613 5317 735 5401 quae
754 5344 783 5382 a
809 5330 1016 5401 Moyse,
1034 5317 1230 5401 Genes.
1263 5345 1392 5401 xxx,
1422 5328 1476 5394 8,
1506 5317 1756 5392 traditur,
1784 5344 1830 5382 at

2018 5317 2661 5401 (ῼῼχᾘγμαλὼτερθηη
2689 5319 3120 5401 ᾙχμαλωτισθη.
3156 5317 3266 5401 lu.“

258 5400 508 5470 proinde
536 5386 679 5470 haud
705 5386 1133 5468 approbantium.
1167 5386 1478 5470 Genuin'um
1503 5407 1682 5470 autem
1718 5386 1830 5452 sen-

2021 5386 2164 5470 ζ-ιοο)
2474 5386 2929 5470 gniﬁcat-03166;:
2966 5386 3095 5470 ρος
3145 5389 3184 5456 ἡ
3208 5386 3510 5470 ,θυγάτηρ

259 5449 397 5526 ἒυηι
459 5469 624 5539 hujus
670 5449 927 5536 nominis,
968 5479 1022 5524 et
1065 5470 1355 5524 verborum
1401 5468 1605 5540 Moysis
1649 5468 1715 5540 de
1761 5486 1824 5522 eo

1951 5449 2576 5540 ’τεχθεῒσα
2603 5459 2861 5540 ξσπειιδε
2896 5449 3403 5540 (ξηῖλὰζειιδάοειιιιι.
3435 5449 3510 5504 In.

261 5541 492 5596 dabunt
531 5529 1006 5596 commentatores
1054 5539 1110 5592 in
1168 5540 1393 5595 citatum
1441 5529 1830 5610 lo'cumﬂcne-

2021 5539 2096 5610 (1)
2123 5529 2514 5610 ausaausa;
2533 5533 2630 5610 agat
2660 5531 2884 5610 omissa.
2913 5529 2986 5583 lu.

261 5627 427 5667 seos.
465 5609 630 5664 Cum.
1647 5603 1653 5610 ’

2019 5600 2096 5676 (ἢ)
2124 5608 2364 5663 Λοιπόν.
2409 5603 2697 5676 Ἐλλεῖπον.
2727 5600 2802 5676 lt).
2907 5671 2915 5676 _
3293 5663 3303 5676 _
3336 5662 3357 5676 η
3443 5662 3470 5676 η

343 5627 427 5663 os.
465 5611 630 5664 Cum.

343 5679 470 5817 (93%;
501 5679 716 5768 ξέὐχάς.
750 5681 1027 5770 Εὐλογίας.
1062 5683 1135 5736 In.

343 5751 446 5817 (9b
522 5752 798 5806 Ρουθέου.
861 5751 1137 5806 Ρουθαίου.
1165 5752 1218 5810 In

2019 5611 2074 5675 (2
2124 5611 2364 5663 Λοιπόν.
2409 5611 2697 5658 Ἐλλεῖπον.
2728 5611 2802 5654 ID.
3443 5662 3470 5676 η

1953 5611 2332 5817 ὀμὲῖέυἷρίῖιρν
2362 5676 2576 5746 Τριχός.
2599 5671 2792 5728 Omnia
2811 5671 3012 5727 omissa
3043 5682 3212 5738 usque
3241 5663 3306 5720 ad
3331 5662 3366 5733 ἢ
3399 5677 3516 5719 των

343 5747 469 5826 (96)
505 5749 798 5806 Ῥυυθέου.
845 5747 1137 5806 Ῥουθαίου.
1165 5752 1218 5810 In
1953 5747 2186 5819 ὁμοίων.
2225 5747 2298 5802 Ιυ.

2018 5259 2037 5467 ἓ

1937 3697 2102 3758 queat
2133 3687 2211 3755 ¹⁸;
2246 3685 2329 3741 ita.
2350 3694 2407 3741 et
2444 3683 2711 3740 Dominus
2757 3684 2909 3740 novit
2955 3698 3188 3753 corpus,
3219 3695 3506 3752 usquequo
3620 3735 3621 3738 η
