4002 6308
281 279 434 342 “09
1416 300 1926 362 TESTAMENTUM

1955 307 2416 369 NEPHTILALIM.
2520 329 2526 336 -
3401 291 3536 390 me

355 401 438 456 Δ⁸.
484 423 502 454 ι
526 403 710 460 Ταῦτα
731 381 892 477 λέγω,
915 409 1074 463 τέκνα
1101 427 1222 481 μου,
1250 413 1329 464 ὅτι
1353 414 1590 482 ἀνέγνων
1605 418 1662 470 ἐν
1685 417 1857 492 Γραφῇ

2052 423 2141 478 IV.
2185 444 2203 477 ι
2230 425 2518 498 Hazedieo,
2546 431 2638 485 ﬁlii
2667 435 2803 500 mei,
2839 439 3098 506 quoniam
3140 439 3244 512 legi
3290 445 3343 499 in
3390 445 3536 503 Scri-

273 494 423 564 ἁγίᾳ
450 495 562 568 (19)
612 498 800 570 Ἑνὼχ,
837 501 919 552 ὅτι
952 501 1044 555 καί
1063 519 1124 571 γε
1160 503 1315 574 ὑμεῖς
1349 504 1721 577 άποστήσεσθε
1762 511 1869 564 ἀπὸ

274 584 524 655 Κυρίου,
543 590 896 662 πορευόμενοι
920 591 1060 644 κατὰ
1078 593 1257 645 πᾶσαν
1279 594 1539 666 πονηρίαν
1567 597 1756 664 ἐθνῶν,
1775 600 1869 653 καὶ

275 676 550 746 ποιήσετε
583 679 726 733 κατὰ
748 683 927 735 πᾶσαν
951 683 1180 755 ἀνομίαν
1205 684 1472 756 Σοδόμων.
1526 688 1635 740 Καὶ
1677 689 1867 756 ἐπάξει

276 767 422 837 ὑμῖν
464 770 667 842 Κύριος
702 774 1097 844 αἰχμαλωσίαν,
1139 778 1232 830 καὶ
1273 776 1583 831 δουλεύσετε
1610 781 1728 832 ἐκεῖ
1756 782 1868 844 ⁴τοῖς

272 859 506 930 ἐχθροῖς
541 862 714 932 ὑμῶν,
743 864 836 918 καὶ
849 866 996 940 πάσῃ
1021 867 1256 920 κακώσει
1281 870 1372 923 καὶ
1394 869 1568 940 θλίψει
1596 872 1866 941 συγκαλυ-

273 951 565 1022 ιρθήσεσθε
602 954 734 1026 (20),
761 957 864 1022 ἔως
889 959 954 1013 ἂν
970 958 1222 1033 ἀναλώσῃ
1245 961 1448 1033 Κύριος
1469 965 1674 1028 πάντας
1699 965 1862 1035 ὑμᾶς.

270 1046 396 1098 Καὶ
461 1047 599 1117 μετὰ
639 1049 703 1102 τὸ
754 1049 1080 1122 ὀλιγωθῆναι
1116 1054 1260 1124 ὑμᾶς
1295 1055 1389 1106 καὶ
1442 1057 1862 1127 σμικρυνθῆναι,

268 1137 656 1210 ἐπιστρέφετε
679 1141 773 1193 καὶ
799 1141 1168 1210 ἐπιγνώσεσθε
1190 1144 1394 1216 Κύριον
1421 1146 1510 1199 τὸν
1529 1146 1665 1200 Θεὸν
1689 1149 1718 1200 ύ
1727 1148 1859 1219 μῶν·

267 1228 376 1280 καὶ
412 1230 738 1301 ἐπιστρέψει
767 1232 910 1301 ὑμᾶς
928 1235 1008 1296 εἰς
1039 1233 1137 1305 τὴν
1159 1234 1263 1303 γῆν
1287 1235 1462 1306 ὑμῶν,
1489 1237 1629 1290 κατὰ
1649 1237 1710 1291 τὺ
1729 1239 1861 1292 πολὺ

267 1320 455 1373 αὐτοῦ
482 1321 646 1386 ἔλεος.
673 1324 783 1375 Καὶ
814 1323 985 1388 ἔσται,
1013 1326 1090 1378 ὅτ’
1123 1325 1190 1378 ἂν
1211 1325 1432 1396 ἥξουσιν
1454 1329 1511 1381 ἐν
1534 1331 1603 1400 γῇ
1633 1331 1862 1402 πατριρῃ

266 1413 489 1478 αὐτῶν,
519 1414 680 1468 πάλιν
715 1414 1074 1469 ἐπιλάθωνται
1101 1417 1330 1488 Κυρίου,
1380 1419 1476 1472 καὶ
1510 1420 1858 1492 ἀσεϐήσουσι,

267 1505 372 1556 καὶ
395 1505 686 1577 διασπερεί
727 1507 923 1570 αὐτοὺς
966 1506 1168 1579 Κύριος
1213 1508 1306 1561 ἐπὶ
1342 1508 1633 1580 προσώπου
1682 1511 1862 1582 πάσης

265 1596 380 1665 τῆς
407 1597 536 1666 γῆς,
565 1597 691 1668 ἄχρι
714 1597 808 1650 τοῦ
841 1597 1011 1650 ἐλθεξν
1035 1599 1096 1651 τὸ
1121 1597 1424 1668 σπλάγχνον
1474 1600 1675 1670 Κυρίου
1696 1640 1710 1662 ,
1766 1601 1859 1654 άν-

269 1687 506 1757 Ορωπος
529 1689 698 1742 ποιῶν
717 1690 1082 1761 δικαιοσύνην,
1119 1692 1211 1744 καὶ
1235 1691 1417 1751 ποιῶν,
1443 1691 1591 1755 ἕλεος
1617 1693 1694 1754 εἰς
1729 1693 1834 1746 πάν
1851 1728 1858 1730 --

267 1801 378 1848 τας
403 1785 534 1849 τοὺς
559 1785 794 1858 μακρὰν,
822 1787 915 1839 καὶ
938 1788 1064 1850 τοὺς
1098 1785 1263 1855 ἐγγύς
1290 1785 1421 1858 (21).

350 1967 434 2020 Ε’.
481 1987 501 2018 ι
541 1969 629 2020 Ἑν
650 1968 760 2040 γὰρ
781 1969 892 2022 ἔτει
918 1971 1337 2043 τεσσαρακοστῷ
1384 1973 1530 2044 ζωῆς
1566 1991 1696 2043 μου,
1725 1969 1860 2026 εἶδον

268 2061 334 2113 ἑν
358 2061 547 2132 δρεσιν
572 2061 683 2132 (22)
706 2061 882 2114 ἐλαίου
901 2061 1012 2132 (25)
1030 2063 1172 2116 κατὰ
1188 2063 1450 2127 ἀνατολὰς
1488 2064 1858 2136 Ἰερουσαλὴμ,

267 2149 362 2202 ὅτι
399 2152 428 2202 6
451 2149 601 2219 ἥλιος
631 2151 727 2203 καὶ
747 2154 780 2221 ἡ
813 2150 1008 2224 σελήνη
1031 2153 1160 2224 ἐστη
1173 2171 1291 2207 καν.
1319 2155 1430 2230 μία).
1466 2155 1574 2208 ἰδοὺ
1617 2153 1803 2207 Ἰσαάκ
1833 2156 1861 2206 6

271 2240 468 2313 πατὴρ
499 2241 592 2296 τοῦ
627 2243 832 2314 πατρός
869 2261 968 2314 μου
991 2244 1134 2314 λέγει
1171 2246 1303 2316 ἡμῖν
1323 2263 1336 2277 ο
1371 2265 1389 2296 ι
1414 2245 1861 2318 Προσδραμόντες

267 2329 592 2398 κρατήσατε
613 2328 840 2394 ἕκαστος
866 2330 1008 2383 κατὰ
1027 2331 1254 2402 δύναμιν
1276 2349 1288 2361 ο
1319 2333 1412 2385 καὶ
1444 2331 1538 2384 τοῦ
1564 2331 1860 2392 πιάσαντος

264 2419 434 2473 ἔσται
470 2421 667 2490 ὁήλιος
690 2423 783 2476 καὶ
815 2425 846 2493 ἡ
880 2423 1100 2496 σελήνη.
1129 2445 1146 2475 ι
1177 2424 1286 2477 Καὶ
1325 2423 1525 2487 πάντες
1559 2421 1693 2494 ὁμοῦ
1735 2423 1861 2474 ἐπε-

263 2510 562 2582 ειράμομεν
579 2529 592 2543 ο
631 2514 723 2566 καὶ
746 2515 774 2565 ὁ
796 2514 925 2567 Λευῒ
949 2516 1218 2587 ἐκράτησε
1237 2515 1328 2568 τὸν
1350 2515 1520 2586 ἥλιον,
1549 2515 1643 2568 καὶ
1665 2516 1693 2568 6
1731 2513 1858 2566 ἰού-

173 2657 176 2660 λ
265 2600 374 2665 δας
405 2602 616 2671 φθάσας
640 2605 834 2658 ἐπίασε
857 2604 956 2675 τὴν
983 2605 1208 2677 σελήνην
1228 2623 1240 2636 ·
1278 2606 1372 2658 καὶ
1413 2604 1706 2676 ὑψώθησαν
1754 2605 1859 2673 ἀμ·-

269 2691 496 2762 φότεροι
524 2694 621 2746 σὺν
635 2693 838 2758 αὐτοῖς.
863 2696 973 2747 Καὶ
994 2694 1144 2758 ὄντος
1167 2693 1261 2748 τοῦ
1279 2694 1407 2748 Λευῖ
1431 2694 1506 2757 ὡς
1538 2693 1711 2761 ἡλίου,
1736 2709 1858 2744 νεα-

271 2785 400 2848 νίας
424 2802 508 2848 τις
541 2785 842 2840 ἐπιδίδωσιν
865 2786 1012 2856 αὐτῷ
1044 2787 1169 2857 βάῖα
1189 2786 1444 2856 φοινίκων
1473 2785 1538 2838 ι6¹
1555 2826 1569 2848 ,
1597 2785 1691 2838 καὶ
1729 2784 1858 2837 Ἰού-

267 2875 375 2938 δας
398 2871 464 2945 ἦν
485 2874 756 2947 λαμπρὸς,
779 2878 854 2941 ὡς
887 2881 920 2949 ή
975 2878 1194 2951 σελήνη,
1245 2883 1340 2934 καὶ
1372 2883 1478 2935 ὑπὸ
1520 2884 1646 2946 τοὺς
1691 2883 1856 2946 πόδας

267 2968 447 3023 αὐτοῦ
469 2965 606 3040 ἦσαν
632 2969 695 3022 ιδ’
730 2971 968 3033 ἀκτῖνες.
992 2970 1102 3023 Kal.
1128 2973 1570 3044 προσδραμόντες
1610 2975 1856 3046 ἀλλήλοις

267 3064 299 3116 6
327 3060 464 3114 Λευῖ
488 3063 580 3114 καὶ
617 3065 646 3115 ὁ
677 3063 897 3126 Ἰούδας,
931 3065 1240 3134 ἐκράτησαν
1291 3064 1536 3129 ἑαυτούς.
1585 3066 1696 3119 Kal.
1743 3066 1852 3121 ἰδοὺ

266 3152 478 3224 ταῦρος
511 3155 602 3207 ἐπὶ
622 3155 721 3225 τῆς
743 3154 866 3224 γῆς,
893 3127 1031 3224 ἔχων
1066 3127 1159 3208 δύο
1209 3154 1420 3226 κέρατα
1465 3127 1672 3227 μεγάλα
1695 3198 1709 3222 ,
1758 3159 1852 3212 καὶ
1881 3127 1923 3186 c

267 3245 556 3316 πτέρυγας
582 3245 740 3298 ἀετοῦ
769 3246 860 3298 ἐπὶ
884 3245 999 3328 τοῦί
1021 3245 1191 3299 νώτου
1231 3247 1395 3300 αὑτοῦ
1415 3265 1428 3277 ο
1471 3249 1564 3301 καὶ
1608 3248 1851 3315 θέλοντες

266 3339 443 3392 αὐτὸν
467 3340 695 3404 πιάσαι,
738 3342 838 3395 οὐκ
869 3339 1232 3412 ἠδυνήθημεν.
1286 3341 1501 3405 Φθάσας
1548 3342 1605 3396 δὲ
1656 3343 1851 3414 Ἰωσὴφ

266 3433 470 3486 ἔλαϐεν
493 3433 674 3496 αὑτὸν,
700 3435 794 3488 καὶ¹
819 3433 1076 3502 συνῆλθεν
1099 3433 1247 3504 αὐτῷ
1273 3435 1352 3496 είς
1379 3433 1531 3502 ὕψος.
1567 3435 1678 3489 Καὶ
1714 3431 1852 3489 εἶδον

268 3522 396 3594 (ὅτι
429 3526 576 3596 ήμην
625 3524 813 3597 παρὼν
851 3526 999 3596 ἐκεῖ)
1036 3525 1131 3578 καὶ
1175 3525 1282 3579 ἰδοὺ
1307 3526 1495 3596 Γραφὴ
1537 3527 1672 3594 ἁγία
1697 3525 1849 3598 ὤφθη

263 3617 431 3686 ἡμῖν,
454 3615 716 3684 λέγουσα’
741 3636 760 3668 ι
799 3615 1103 3687 Ἀσσύριοι,
1144 3616 1352 3686 Μῆδοι,
1397 3617 1641 3687 Πέρσαι,
1703 3618 1852 3671 Ἐλυ-

271 3710 430 3777 μαῖοι
465 3707 598 3779 (24),
632 3709 917 3780 Γελαχαϊοι
949 3708 1084 3779 (25),
1112 3708 1386 3772 Χαλδαῖοι,
1414 3709 1610 3780 Σύροι,
1649 3710 1849 3782 κληρο-

263 3801 607 3871 νομήσουσιν
628 3800 970 3872 αἰχμαλωσίᾳ
993 3800 1060 3854 τά
1083 3801 1147 3853 ιδ’
1170 3800 1420 3872 σκῆπτρα
1443 3800 1536 3854 τοῦ
1578 3803 1810 3874 Ἰσραήλ.
1827 3825 1844 3855 ι

346 3917 444 3982 εἷ’.
481 3934 499 3966 ι
525 3916 634 3968 Καὶ
659 3914 819 3969 πάλιν
846 3913 984 3985 μετὰ
1011 3913 1190 3985 μῆνας
1209 3912 1349 3966 ἐπτὰ
1370 3909 1507 3968 εἶδον
1529 3915 1620 3968 τὸν
1639 3916 1852 3988 πατέρα

269 4007 436 4080 ήμῶν
470 4006 662 4060 Ἰακὼϐ
683 4048 698 4071 ,
736 4007 1001 4078 ἑστηκότα
1040 4007 1098 4058 ἐν
1131 4009 1196 4078 τῇ
1223 4006 1465 4080 θαλάσσῃ
1503 4008 1681 4078 ’Ῑαμνέ
1713 4009 1845 4082 (26)σ

269 4099 372 4151 καὶ
395 4097 554 4167 ἡμεῖς
578 4097 625 4148 οἱ
649 4095 753 4169 υἱοὶ
783 4095 942 4148 αὑτοῦ
971 4095 1068 4148 σὺν
1089 4095 1256 4166 αύτῷ.
1282 4097 1392 4150 Καὶ
1417 4097 1524 4150 ίδοὺ
1549 4098 1731 4152 πλοῖον
1754 4102 1851 4172 ήρ-

268 4206 402 4260 χετο
425 4185 716 4259 ἀρμενιζον
739 4227 753 4251 ,
794 4187 989 4257 μεστὸν
1021 4187 1279 4259 ταρίχων,
1314 4187 1472 4251 ἐκτὸς
1502 4190 1714 4244 ναυτῶν
1758 4194 1851 4246 καὶ

271 4279 626 4351 κυϐερνήτου·
651 4278 1026 4349 ἐπεγέγραπτο
1047 4276 1124 4341 δὲ,
1152 4277 1217 4331 τὸ
1249 4275 1465 4332 πλοῖον
1508 4280 1720 4334 Ἰακώϐ.
1740 4284 1850 4336 Καὶ

269 4372 418 4440 λέγει
453 4373 585 4441 ἡμῖν
605 4371 634 4422 ὁ
660 4368 840 4440 πατὴρ
859 4371 892 4439 ἡ
903 4368 1018 4440 μῶν
1037 4385 1050 4398 ·
1082 4387 1100 4420 ι
1137 4367 1423 4440 Ἐμόὦμεν
1450 4371 1529 4434 είς
1563 4370 1625 4423 τὸ
1668 4371 1848 4425 πλοῖον

1894 1775 1934 1827 Β

1968 525 2125 584 ptura
2155 527 2342 574 sancta
2379 519 2584 587 Enoch,
2616 525 2761 593 quod
2798 536 2852 581 et
2888 545 2986 585 vos
3038 533 3302 591 recedetis
3347 552 3377 590 a
3410 536 3520 593 Do-

1970 608 2140 674 mino,
2167 612 2508 670 ambulantes
2537 617 2836 672 secundum
2865 635 3081 677 omnem
3112 626 3376 682 malitiam
3406 646 3536 699 gen-

1970 698 2125 762 tium,
2155 709 2210 753 et
2242 700 2452 758 facietis
2483 706 2785 762 secundum
2816 725 3030 767 omnem
3064 698 3535 785 iniquitatemrSo-

1967 789 2278 845 domorum.
2311 793 2374 848 Et
2402 794 2620 852 inducet
2650 799 2802 856 vobis
2837 801 3104 861 Dominus
3139 810 3532 878 captivitatem,

1965 890 2019 934 et
2047 885 2296 940 servietis
2319 886 2428 942 illic
2451 887 2690 946 inimicis
2718 895 2937 962 vestris,
2976 907 3030 952 et
3079 903 3229 956 omni
3275 919 3433 973 paena
3481 914 3534 958 et

1967 971 2319 1030 tribulatione
2346 980 2903 1050 eomprehemlemini,
2936 1001 3221 1058 usquequo
3244 971 3532 1046 consumat

1967 1061 2234 1120 Dominus
2267 1084 2459 1125 omnes
2516 1087 2634 1126 vos.
2687 1072 2754 1128 Et
2800 1066 3098 1146 postquam
3143 1081 3301 1149 pauci
3354 1083 3530 1139 eﬂ'eeti

1963 1151 2180 1213 fueritis
2206 1169 2259 1214 et
2281 1161 2555 1230 minorati,
2589 1170 2935 1223 revertemini
2965 1179 3019 1224 et
3055 1175 3400 1243 cognoscetis
3421 1174 3531 1230 Do-

1965 1247 2173 1303 minum
2201 1250 2370 1306 Deum
2403 1265 2678 1322 vestrum;
2713 1268 2767 1313 et
2791 1271 3070 1317 convertet
3100 1279 3196 1318 vos
3244 1265 3296 1319 in
3331 1275 3526 1323 terram

1965 1351 2226 1409 vestram,
2267 1347 2568 1401 secundum
2599 1351 2824 1404 multam
2856 1353 3290 1410 misericordiam
3347 1375 3525 1414 suam.

1964 1433 2030 1490 Et
2069 1436 2195 1500 erit,
2246 1452 2372 1490 eum
2415 1440 2662 1495 venerint
2704 1441 2759 1496 in
2784 1452 2984 1498 terram
3019 1455 3234 1515 patrum
3275 1464 3526 1516 suorum,

1959 1543 2156 1583 rursus
2183 1529 2574 1588 obliviscentur
2600 1533 2836 1601 Domini,
2867 1545 2921 1590 et
2951 1538 3114 1608 impie
3138 1541 3297 1610 agent
3320 1585 3334 1609 ,
3365 1552 3419 1598 et
3448 1543 3529 1596 dio

1956 1631 2178 1692 :spergct
2199 1637 2296 1677 eos
2323 1622 2590 1680 Dominus
2614 1642 2780 1696 super
2810 1631 2999 1685 faciem
3037 1633 3305 1688 universze
3349 1644 3527 1697 terrm,

1961 1725 2250 1784 'usquequo
2269 1717 2476 1770 venerit
2499 1719 2869 1775 misericordia
2887 1721 3120 1791 Domini,
3135 1725 3299 1779 homo
3326 1724 3530 1782 iaciens

1959 1805 2226 1873 justitiam
2253 1814 2306 1860 et
2332 1805 2550 1888 faciens
2568 1809 3002 1866 misericordiam
3045 1813 3100 1867 in
3158 1831 3385 1883 omnes,
3435 1819 3526 1887 qui

1962 1899 2117 1968 longe
2148 1908 2295 1965 sunt,
2328 1911 2382 1954 et
2407 1900 2501 1970 qui
2530 1917 2698 1972 prope
2745 1913 2874 1959 sunt
2904 1906 2968 1959 ³³.

1954 2020 1957 2023 -
2033 1987 2098 2042 V.
2146 2008 2164 2039 ι
2191 1991 2250 2044 1η
2281 2005 2426 2046 anno
2450 1992 2597 2046 enim
2624 1994 3049 2066 quadragesimo
3071 1999 3197 2054 vitae
3227 2015 3381 2068 meae,
3421 2001 3528 2056 vidi

1963 2086 2016 2138 in
2042 2085 2321 2140 moritibus
2352 2086 2456 2141 olei
2483 2102 2680 2145 versus
2697 2089 2963 2144 orientem
3007 2090 3334 2159 Jerusalem,
3385 2097 3530 2164 quod

1956 2177 2042 2231 sul
2065 2185 2121 2232 et
2143 2177 2273 2232 luna
2307 2187 2581 2236 steterunt
2611 2183 2680 2236 ".
2710 2183 2776 2238 Et
2804 2201 2932 2240 ecce
2977 2187 3133 2243 Isaac
3175 2197 3328 2258 pater
3359 2190 3531 2260 patris

1962 2267 2067 2321 mei
2095 2267 2225 2322 dicit
2251 2269 2442 2323 nobis:
2489 2289 2507 2321 ι
2535 2272 2899 2328 Accurrentes
2937 2283 3116 2331 tenete
3149 2280 3531 2349 unusquisque

1961 2359 2260 2414 secundum
2284 2361 2539 2417 virtutem
2590 2380 2783 2432 suam;
2819 2375 2874 2420 et
2915 2369 3373 2437 apprehendentis
3425 2371 3531 2425 erit

1960 2449 2042 2502 sol
2075 2459 2128 2504 ct
2155 2451 2306 2506 luna.
2349 2472 2368 2505 ι
2405 2453 2472 2508 Et
2520 2469 2712 2511 omnes
2765 2458 2929 2512 simul
2988 2461 3442 2527 accurrebamus;
3475 2472 3531 2518 et

1957 2537 2086 2603 Levi
2123 2545 2296 2598 tenuit
2323 2545 2520 2611 solem,
2571 2556 2626 2602 et
2649 2546 2822 2604 Judas
2853 2552 3192 2619 praaveniens
3227 2555 3530 2624 apprehen-

1959 2632 2038 2687 dit
2069 2634 2365 2700 lunam;et
2385 2638 2606 2692 exaltati
2635 2649 2764 2694 sunt
2786 2641 2948 2697 ambo
2989 2657 3114 2697 cum
3151 2643 3253 2698 eis.
3299 2643 3365 2699 Et
3402 2660 3527 2700 cum

1958 2735 2104 2780 esset
2133 2725 2262 2782 Levi
2287 2730 2429 2784 sicut
2456 2732 2559 2796 sol,
2574 2731 2794 2801 juvenis
2815 2734 3041 2803 quidam
3087 2736 3311 2790 tradidit
3340 2737 3390 2791 ei
3436 2753 3526 2790 ra-

1960 2833 2079 2872 mos
2104 2819 2408 2888 pahnarum
2441 2821 2764 2878 duodecim:
2803 2837 2855 2879 et
2878 2823 3050 2881 ludas
3081 2836 3195 2882 erat
3235 2827 3527 2896 splendens

1959 2921 2017 2966 ut
2045 2911 2194 2977 luna,
2226 2922 2282 2968 et
2310 2914 2413 2970 sub
2440 2916 2670 2985 pedibus
2690 2917 2810 2986 ejus
2839 2903 3092 2974 erant.”
3132 2919 3294 2975 radii.
3332 2919 3400 2976 Et
3431 2937 3524 2976 ac-

1959 3014 2241 3060 currcntes
2268 3006 2336 3061 ad
2359 3021 2421 3063 se
2447 3007 2679 3062 invicem
2703 3007 2876 3065 ludas
2930 3017 2986 3065 et
3037 3009 3185 3077 Levi,
3237 3021 3528 3067 tenuerunt

1959 3099 2190 3168 seipsos.
2220 3097 2287 3153 Et
2321 3113 2450 3154 ecce
2495 3108 2688 3155 taurus
2738 3100 2791 3154 in
2818 3108 2984 3167 terra,
3020 3103 3228 3159 habens
3265 3104 3376 3159 duo
3402 3120 3528 3160 cor-

1953 3207 2068 3245 nua
2100 3207 2321 3262 magna,
2355 3201 2409 3246 et
2426 3192 2542 3247 alas
2567 3193 2763 3263 aquilae
2795 3194 2849 3248 in
2880 3195 3047 3250 dorso
3067 3195 3224 3266 ejus;
3254 3205 3309 3251 et
3336 3199 3526 3252 volam-

1959 3289 2039 3337 tes
2067 3280 2475 3350 apprehendere
2512 3297 2660 3346 eum,
2685 3269 3129 3352 non'potuimus.
3181 3285 3526 3344 Prteveuiens

1956 3383 2137 3428 autem
2165 3373 2364 3443 Ioseph
2397 3374 2540 3443 cepit
2571 3389 2719 3442 eum,
2743 3385 2797 3430 et
2843 3378 3090 3432 ascendit
3131 3395 3254 3434 cum
3305 3380 3425 3451 ipso
3469 3382 3524 3435 in

1956 3463 2255 3517 excelsum.
2280 3461 2346 3516 Et
2366 3461 2477 3516 vidi
2511 3463 2796 3530 (quoniam
2833 3466 3053 3521 aderam
3101 3467 3344 3537 illic),‘et
3397 3485 3526 3526 ecce

1958 3554 2236 3623 Scriptura
2262 3563 2449 3610 sancta
2483 3556 2735 3624 apparuit
2767 3558 2949 3624 nobis,
2999 3559 3217 3615 dicens:
3253 3562 3520 3634 «Assyrii,

1955 3646 2320 3713 Medi,Persae,
2340 3647 2583 3718 Elymmi,
2604 3647 2895 3715 Gelachmi,
2909 3651 3170 3720 Chaldaei,
3185 3652 3329 3725 Syri,
3346 3655 3491 3710 haere
3505 3685 3520 3695 -

1955 3740 2174 3795 ditatem
2196 3740 2518 3793 obtinebunt
2553 3739 2606 3792 in
2631 3741 2940 3809 captivitate
2963 3742 3030 3796 12
3053 3752 3261 3814 sceptra
3283 3746 3468 3800 Israel.
3496 3765 3516 3797 ι

2039 3916 2123 3972 Vl.
2155 3915 2254 3970 «Et
2283 3931 2476 3971 rursus
2522 3924 2646 3986 post
2674 3931 2892 3974 menses
2936 3930 3138 3990 septem
3173 3923 3282 3978 vidi
3309 3935 3518 3994 patrem

1954 4020 2205 4066 nostrum
2239 4005 2427 4070 Jacob.
2462 4015 2693 4061 stantem
2719 4008 2772 4061 in
2803 4010 2940 4064 mari
2965 4009 3158 4066 Janme
3183 4029 3197 4078 ;
3223 4024 3277 4068 et
3307 4031 3408 4070 nos
3422 4016 3516 4071 ﬁlii

1953 4099 2073 4168 ejus
2099 4113 2327 4153 cumeo.
2358 4095 2428 4151 Et
2461 4112 2586 4152 ecce
2623 4097 2780 4154 navis
2809 4100 2958 4155 venit
2995 4103 3307 4172 veliﬁcans,
3359 4108 3519 4175 plena

1953 4188 2118 4245 siccis
2134 4187 2414 4252 carnibus,
2453 4186 2571 4242 sine
2592 4189 2776 4244 nautis
2799 4198 2852 4244 et
2879 4191 3276 4260 gubernatore:
3322 4196 3520 4252 inscri-

1951 4281 2185 4337 bebatur
2207 4289 2410 4343 autem,
2451 4277 2620 4332 Navis
2662 4278 2857 4336 Jacob.
2892 4280 2960 4336 Et
3001 4282 3134 4338 dixit
3176 4287 3334 4341 nobis
3364 4298 3519 4358 pater

1951 4381 2169 4428 noster:
2208 4390 2228 4422 ι
2256 4370 2632 4426 Ascendamus
2656 4370 2713 4425 in
2741 4386 2932 4426 navem
2967 4384 3232 4430 nostram.
3259 4396 3279 4429 ι
3311 4376 3384 4432 Ut
3415 4394 3516 4433 au-

270 4463 450 4534 ἡμῶν.
482 4483 500 4512 ι
549 4462 635 4525 Ὠς
668 4461 724 4514 δὲ
751 4460 1088 4531 εἰσήλθομεν,
1115 4459 1320 4528 γίνεται
1347 4461 1559 4531 χειμὼν
1596 4462 1844 4534 σφοδρὸς,

1956 4475 2058 4521 tem
2089 4463 2437 4530 intravimus,
2462 4462 2603 4518 facta
2650 4472 2734 4518 est
2765 4473 3059 4535 tempestas
3091 4469 3386 4528 vehemens
3409 4513 3424 4537 ,
3464 4483 3518 4527 et

273 4555 372 4610 καὶ
395 4554 592 4625 λαῖλαψ
625 4555 823 4625 ἀνέμου
855 4551 1088 4624 μεγάλου
1115 4592 1131 4616 ,
1166 4552 1260 4605 καὶ
1312 4553 1612 4620 ἐφεπτᾶται
1661 4554 1774 4626 (27)
1817 4559 1847 4610 6

345 4673 390 4703 ’³
415 4670 613 4742 Ephes.
660 4688 719 4734 ιι,
753 4673 840 4727 17.
939 4671 983 4702 ἰ
1007 4669 1212 4726 Ητώίιο.
1246 4685 1330 4736 Ill,
1368 4671 1455 4727 11.

349 4784 497 4908 (l9)G
513 4784 685 4852 Ἁγίᾳ.
722 4784 835 4840 Vox
864 4787 995 4860 ἁγίᾳ
1032 4805 1138 4844 non
1190 4791 1386 4856 legitur
1424 4791 1488 4844 -in
1540 4808 1642 4847 ms.
1697 4793 1842 4848 Can-

349 4873 420 4907 nr.
505 4870 624 4908 nan.

279 4857 420 4910 tahr.
457 4857 624 4908 Gnan.

503 4927 1108 5002 {vrealvgaoqcsoﬂsa
1150 4931 1678 5002 Ἀναστραφήσεσθε.
1708 4935 1788 4987 In.

373 4995 465 5118 211)
503 4995 614 5048 Καὶ
640 4996 810 5049 ἔσται
836 5037 848 5050 .
873 5038 885 5050 .
907 5037 921 5050 .
943 5039 956 5051 .
987 5001 1082 5053 καὶ
1108 4995 1468 5070 τοὺςῖἑγάθύςί.
1484 4995 1716 5058 Ὀιηίεεει
1733 5020 1848 5058 om-

375 5105 391 5118 .
457 5081 510 5118 ι).

272 5082 391 5121 ma.
435 5081 510 5118 ID.

517 5135 612 5213 Et:
628 5133 1017 5213 opsatrﬁLAllcl.
1058 5141 1115 5193 ὲν
1141 5140 1351 5213 ὀνείρῳ,
1381 5143 1480 5195 ὅτι.
1522 5147 1594 5196 In.

350 5207 464 5273 (25)
521 5206 772 5260 Ἑλαίου.
823 5209 1169 5265 Ἑλαιῶνλυ.

351 5278 463 5346 (24)
517 5277 810 5344 Ἐλυμαῖοι
853 5280 1021 5334 deest.
1051 5283 1128 5334 In.

351 5348 463 5414 (25)
505 5348 837 5413 Γελαχαῖοι.
871 5349 1140 5406 Χελκαῖοι.
1172 5355 1246 5407 In.

351 5413 462 5490 (26)
516 5417 718 5490 Ἰξίων-ἐ.
761 5419 1014 5490 Ἰαμνίας.
1041 5422 1514 5479 In.-—-Richardns
1544 5423 1844 5489 Simonius,

279 5488 369 5549 qui
405 5489 518 5542 haec
551 5487 882 5542 Testamento
907 5493 1134 5546 contulit
1165 5509 1288 5548 cum
1339 5509 1442 5548 ms.
1498 5487 1845 5549 bibliothecae.

262 5558 475 5634 liegize,
513 5565 743 5634 testatur
773 5559 1025 5634 Biblioth.
1076 5563 1195 5634 crit.
1226 5573 1360 5618 tum.
1413 5564 1458 5616 ll
1485 5605 1498 5626 ,
1537 5581 1659 5634 pag.
1715 5566 1841 5634 231,

279 5627 538 5706 codicem.
579 5628 834 5706 exhibere
878 5631 1046 5706 ὲνΑτῇ
1093 5633 1337 5706 θαλάσσῃ
1383 5627 1696 5706 ᾖῐαμνείοῖς.
1738 5632 1841 5706 Sed

283 5698 720 5773 praestatﬁnquit,
740 5701 911 5773 legere
928 5698 1153 5772 ἰἁμμας
1177 5725 1188 5756 :
1210 5704 1290 5757 sic
1309 5698 1451 5757 Enim
1470 5698 1836 5773 proculdubio

284 5767 720 5836 lu-gitepisenpus
749 5767 1165 5836 Lim-nlniensis,
1221 5774 1380 5843 cujus
1430 5767 1609 5829 vérsio
1663 5776 1735 5829 ita
1779 5790 1836 5831 se

1953 4557 2115 4613 turbo
2139 4556 2300 4611 venti.
2315 4555 2496 4626 magni
2517 4572 2533 4619 ;
2557 4563 2613 4610 et
2641 4555 2822 4611 avolat
2851 4568 3004 4627 pater
3055 4572 3242 4617 noster
3267 4579 3298 4618 a
3336 4566 3514 4630 nobis,

1946 4796 2136 4850 habet:
2158 4791 2240 4872 _In
2262 4791 2668 4872 mgrilammre.
2705 4794 2842 4872 Hinc
2869 4797 3092 4872 conjicit
3139 4799 3231 4872 v_iri
3264 4817 3495 4872 κριτικω

1942 4882 2122 4927 τατος,
2158 4863 2275 4916 hn-c
2308 4861 2639 4936 Testamen'a
2663 4866 2859 4934 scripta
2891 4861 3127 4936 primum
3158 4861 3329 4925 fuisse
3355 4869 3516 4924 Chal-

1944 4937 2125 4997 daice;
2175 4949 2280 4986 vox
2325 4933 2488 5004 enim
2521 4933 2736 4988 Jamma
2777 4933 3090 4993 ’Chaldaica
3137 4950 3240 5004 est,
3267 4941 3519 5004 idemque

1949 5013 2108 5060 sonat
2137 5004 2281 5075 ψιοά
2318 5001 2558 5075 θαλάσση
2589 5004 2796 5071 Greece,
2826 5019 2882 5060 ct
2905 5024 3050 5062 atare
3080 5001 3292 5064 Latine.
3319 5011 3408 5071 At,
3430 5001 3516 5062 in~

1952 5075 2128 5142 quies,
2156 5074 2355 5148 sinhzec
2373 5074 2458 5148 ita
2483 5074 2820 5148 se'habeant,
2844 5079 3164 5148 ταυτολὸγος
3196 5079 3297 5134 erit
3326 5090 3522 5148 auctor

1953 5141 2157 5198 noster.
2200 5141 2422 5230 Ut.quid
2452 5145 2597 5230 enim
2632 5147 2988 5230 scripserit‘éy
3008 5141 3340 5230 239594391;
3373 5147 3503 5218 Ἰάμ-

1956 5231 2082 5297 μας,
2106 5229 2228 5266 eum
2259 5213 2474 5301 Jamn'u'z
2499 5216 2637 5269 idem
2659 5216 2729 5298 sit
2744 5213 2818 5272 ac
2839 5213 3119 5301 θαλάσσηῖ
3141 5213 3340 5301 Quidni
3363 5213 3513 5301 vero.

1954 5286 2176 5358 inquam
2209 5299 2331 5358 ego,
2399 5284 2627 5358 Ἰάμμας
2681 5287 2735 5340 in
2771 5295 2916 5341 textu
2979 5284 3259 5358 scripserit
3291 5297 3514 5354 auctor;

1953 5354 2494 5427 aliusquedeinceps
2520 5354 2661 5427 hanc
2687 5371 2873 5412 vocem
2905 5354 3172 5412 exoticam
3217 5361 3517 5427 explicatu-

1957 5441 2070 5487 rus,
2102 5423 2341 5506 θαλάσση
2369 5423 2600 5506 margini
2634 5427 2926 5506 adleverit":
2956 5430 3102 5498 quod
3139 5423 3324 5506 postea
3372 5431 3516 5506 glos—

1945 5510 2092 5565 sema
2147 5496 2199 5547 in
2238 5494 2444 5549 textum
2498 5494 2820 5565 irrepserit?
2880 5494 3154 5555 Hactenus
3211 5494 3513 5554 Simonius.

1944 5562 2159 5638 Xidesis
2209 5565 2538 5638 Bocliartum
2591 5562 2644 5619 in
2683 5565 2976 5636 Geograplt.
3011 5585 3150 5623 sacr.
3185 5569 3278 5625 lib.
3315 5587 3355 5637 ι,
3390 5584 3513 5638 cap.

1940 5633 2033 5697 35,
2068 5651 2193 5704 pag.
2231 5635 2336 5689 654
2389 5652 2504 5704 seq.
2792 5633 2808 5636 ⁷
2888 5633 2897 5636 ⁷
3342 5633 3350 5637 ’

2017 5703 2551 5778 (27)“Ἐφεπγτὰτὰι.
2593 5705 2732 5778 Lege
2760 5707 3055 5778 ἁφίπταται
3081 5752 3092 5773 ,
3146 5711 3238 5767 sed
3283 5713 3338 5766 in
3391 5706 3510 5762 eod.

1945 5774 2122 5830 Oxon.
2159 5785 2241 5830 est
2273 5777 2586 5840 ἀφίσταται.
2619 5774 2788 5834 Gaius.
