4002 6308
563 260 691 335 “ﬂ
1543 260 2001 318 TESTAMENTA
2040 258 2133 313 ΧΠ
2169 255 2783 314 PATRIARCHARUM.
3627 259 3737 313 ιιιε

559 396 750 442 tenens
780 383 1171 457 gubernacula.
1202 381 1267 436 Et
1295 395 1398 435 nos
1437 389 1758 449 tempestate
1792 378 2038 451 quassati
2074 376 2128 431 in

2234 374 2417 455 πατὴρ
2450 373 2543 442 ἀφ’
2580 372 2757 444 ἡμῶν,
2785 373 2813 424 6
2839 369 3057 441 κρατῶν
3078 370 3204 433 τοὺς
3235 367 3479 439 αὐχένας.
3499 368 3596 423 Καὶ
3615 373 3740 442 ἡμεῖς

560 478 784 549 pelagus
807 477 1147 542 ferebamur;
1174 474 1465 545 etimpleta
1488 481 1573 527 est
1603 472 1758 526 navis
1787 471 1971 541 aquis,
1998 486 2125 541 pro-

2234 462 2609 534 χειμαζόμενοι
2642 463 2734 515 ἐπὶ
2758 462 2819 515 τὸ
2862 459 3095 529 πέλαγος
3129 458 3464 530 ὲφερόμεθα’
3497 459 3582 512 καὶ
3610 461 3719 531 inin.
3761 475 3766 503 ι

559 572 712 626 cellis
738 570 979 641 undique
994 578 1274 639 quassata,
1297 569 1370 622 ita
1394 575 1454 621 ut
1475 565 1707 620 contrita
1730 576 1892 621 esset.
1922 566 2122 636 Joseph

2234 556 2375 627 ρώθη
2404 555 2466 608 τὸ
2489 554 2671 608 πλοῖον
2697 554 2926 618 ὑδάτων,
2951 551 3271 624 τρικυμίαις
3288 552 3743 623 περιρρησσόμενον,

560 670 741 715 autem
777 660 833 715 in
863 660 1057 731 cymba
1088 659 1259 730 fugit;
1298 657 1595 713 dividimur
1637 666 1818 712 autem
1853 667 1905 711 et
1938 672 2037 712 nos
2068 657 2121 711 in

2234 647 2366 701 ὥστε
2398 648 2497 701 καὶ
2530 645 2913 717 συντρίϐεσθαι
2940 644 3091 697 αὑτό.
3116 644 3228 697 Καὶ
3262 642 3453 713 Ἰωσὴφ
3475 644 3744 699 ἐπὶὰκατίου

559 752 763 806 tabulis
784 751 993 806 decem.
1031 749 1159 806 Levi
1187 758 1367 805 autem
1392 759 1443 805 et
1479 748 1649 805 Judas
1672 759 1828 804 erant
1878 750 2121 805 insimul.

2234 739 2418 809 φεύγει
2438 756 2450 769 ⁸
2478 735 2826 809 χωριζόμεθα
2857 736 2915 789 δὲ
2940 736 3037 788 καὶ
3066 736 3229 806 ἡμεῖς
3268 736 3361 787 ἐπὶ
3394 734 3599 788 σανίδων
3629 737 3743 792 δέκα.

565 842 939 913 Dispergimur
960 842 1127 914 igitur
1165 856 1378 907 omnes,
1414 856 1588 911 usque
1610 840 1665 894 in
1688 840 1973 898 terminos.
1996 840 2125 897 Levi

2234 832 2356 889 Λευῖ
2380 833 2438 886 δὲ
2465 832 2559 886 καὶ
2606 830 2806 893 Ἰούδας
2838 825 2979 900 ἦσαν
3003 828 3101 882 ἐπὶ
3134 827 3196 880 τὸ
3233 827 3387 880 αὑτό.
3429 829 3747 899 Διεσπὰρημεν

560 942 741 990 autem
771 936 995 991 indutus
1021 949 1203 999 sacco,
1251 948 1349 1002 pro
1378 933 1637 989 omnibus
1666 933 1825 988 nobis
1861 932 2125 1003 depreca-

2234 921 2318 981 οὖν
2347 926 2569 988 πάντες,
2604 922 2708 985 ἕως
2742 922 2822 985 εἰς
2846 920 2917 973 τὰ
2942 920 3179 991 πέρατα.
3230 919 3291 972 '0
3322 918 3376 972 δὲ
3398 918 3522 973 Aeni
3545 923 3749 992 περιδαλ.

561 1032 721 1087 batur
751 1029 1066 1083 Dominum.
1100 1026 1170 1082 Ut
1191 1035 1373 1081 autem
1404 1026 1611 1097 quievit
1640 1035 1956 1103 tempestas,
2006 1042 2128 1081 sea-

2234 1018 2454 1089 λόμενος
2478 1016 2699 1077 σάκκον,
2716 1013 2846 1084 περὶ
2872 1012 3085 1065 πάντων
3103 1010 3262 1081 ἡμῶν
3285 1009 3458 1062 ὲδέετο
3470 1011 3556 1063 τοῦ
3571 1014 3749 1083 Κυρίου.

560 1121 669 1190 pha
695 1119 874 1185 attigit
905 1128 1129 1182 terram,
1164 1118 1313 1173 velut
1345 1118 1399 1172 in
1428 1133 1581 1187 pace.
1617 1115 1683 1172 Et
1705 1099 1833 1173 ecce
1860 1118 2008 1173 venit
2028 1132 2127 1189 pa-

2240 1107 2327 1171 Ὠς
2352 1106 2408 1159 δὲ
2434 1104 2708 1158 ἐπαύσατο
2739 1105 2767 1156 6
2790 1099 3018 1172 χειμὼν,
3034 1100 3095 1154 τὸ
3119 1101 3332 1167 σκάφος
3359 1099 3575 1168 ἔφθασεν
3594 1103 3749 1175 initas

563 1221 644 1266 ter
676 1221 865 1266 noster
890 1208 1084 1277 Jacoh,
1118 1219 1173 1264 et
1195 1209 1532 1265 unanimiter
1562 1209 1985 1265 exsultavimus.

2235 1198 2361 1268 γῆν,
2391 1196 2468 1260 ὡς
2494 1197 2552 1249 ὲν
2587 1196 2799 1268 εἰρήνῃ.
2837 1194 2947 1247 Καί
2980 1192 3089 1246 ἰδοὺ
3126 1187 3293 1264 ἦλθεν
3330 1191 3520 1246 Ἰακὼϐ
3546 1194 3573 1245 6
3611 1196 3749 1267 πατὴρ

2230 1289 2408 1360 ἡμῶν,
2444 1289 2539 1342 καὶ
2572 1286 2914 1358 ὁμοθυμαδὸν
2947 1284 3359 1356 ἡγαλλιώμεθα.

636 1410 745 1467 Vl-l.
774 1429 792 1463 ι
821 1409 945 1466 llaec
974 1410 1084 1465 duo
1106 1411 1317 1466 somnia
1345 1410 1591 1467 dicebam
1618 1409 1758 1481 patri
1789 1426 1944 1477 meo;
1967 1419 2022 1466 et
2046 1410 2131 1466 di-

2301 1400 2375 1452 Z'.
2408 1417 2427 1449 r
2454 1398 2532 1451 Τὰ
2556 1398 2651 1451 δύο
2674 1397 2898 1451 ἐνύπνια
2922 1393 3074 1450 εἶπον
3106 1397 3187 1469 τῷ
3212 1399 3388 1470 πατρί
3415 1416 3512 1469 μου
3529 1414 3543 1429 ⁸
3570 1402 3649 1453 καὶ
3664 1399 3751 1457 εἶπέ

563 1502 642 1558 xit
685 1503 819 1557 mihi
847 1518 861 1554 :
905 1522 922 1554 ι
952 1501 1179 1573 Oportet
1208 1510 1322 1558 haec
1348 1502 1559 1572 impleri
1588 1502 1891 1557 secundum
1916 1510 2132 1572 tempus

2235 1505 2354 1559 μοι·
2398 1508 2415 1541 ι
2443 1491 2533 1541 Δεῖ
2582 1488 2722 1544 αὐτὰ
2756 1488 3105 1561 πληρωθῆναι
3142 1489 3289 1542 κατὰ
3341 1490 3558 1561 καιροὺς
3592 1493 3747 1557 αὐτῶν,

562 1593 848 1661 ipsorum,
922 1611 1047 1650 cum
1090 1595 1260 1660 multa
1311 1594 1477 1649 Israel
1522 1593 1865 1649 sustinuerit.
1904 1613 1923 1646 ι
1977 1593 2133 1650 Tunc

2234 1579 2401 1634 πολλὰ
2419 1580 2513 1633 τοῦ
2542 1580 2754 1652 Ἰσραὴλ
2769 1579 3177 1651 ὑπομείναντος.
3205 1600 3225 1632 ι
3250 1581 3385 1634 Τότε
3408 1580 3546 1648 λέγει
3569 1585 3594 1636 6
3615 1585 3752 1655 πατήρ

562 1685 700 1741 dixit
728 1696 881 1755 pater
913 1700 1100 1740 meus:
1158 1682 1396 1747 «Credo,
1429 1682 1691 1751 quoniam
1722 1682 1856 1737 vivit
1896 1682 2127 1752 Joseph:

2237 1688 2369 1742 μου·
2405 1690 2423 1721 ι
2453 1671 2719 1733 Πιστεύω,
2749 1671 2830 1724 ὅτι
2852 1668 2917 1742 ζῇ
2977 1671 3209 1741 Ἰωσήφο
3259 1671 3376 1743 ὁρῶ
3415 1671 3519 1742 γὰρ
3555 1672 3749 1737 adnare,

564 1775 722 1829 video
742 1774 887 1829 cnim
913 1788 1147 1842 semper,
1169 1770 1317 1841 quod
1344 1769 1609 1826 Dominus
1630 1777 1986 1825 connumerat
2005 1783 2131 1823 eum

2234 1760 2318 1813 ὄτι
2342 1761 2369 1813 ὁ
2394 1760 2597 1832 Κύριος
2619 1759 3059 1831 συγκαταριθμεῖ
3082 1760 3248 1814 αὑτὸν
3290 1759 3406 1831 μεθ’
3438 1760 3600 1830 ὑμῶν,
3623 1782 3638 1812 ι
3672 1765 3753 1831 lial

561 1866 870 1921 vobiscum.
906 1883 924 1915 ι
970 1863 1036 1918 Ει
1086 1863 1222 1919 flens
1251 1862 1419 1918 dixit:
1454 1880 1473 1915 ι
1502 1860 1897 1931 VivisJoseph
1931 1861 2003 1915 fili
2033 1860 2129 1927 mi,

2234 1848 2432 1903 κλαίων
2462 1850 2633 1919 ἔλεγε⁸
2667 1868 2684 1901 ι
2709 1852 2835 1921 Ζῇς,
2851 1849 3038 1903 τέκνον
3069 1867 3167 1923 μου
3204 1850 3601 1920 Ἰωσὴφ,καὶοὺ
3618 1850 3751 1921 βλέπω

562 1964 618 2011 et
642 1972 750 2011 non
778 1964 832 2010 te
860 1955 1049 2022 video,
1079 1963 1134 2011 et
1158 1963 1215 2011 tu
1249 1969 1358 2009 non
1400 1954 1556 2009 vides
1600 1952 1791 2021 Jacob,
1816 1953 1910 2024 qui
1947 1954 2136 2024 genuit

2236 1958 2318 2007 σε,
2360 1942 2454 1995 καὶ
2473 1942 2572 2013 οὐχ
2610 1943 2741 2014 ὁρᾷς
2791 1939 2982 1996 Ἰακὼὸ
3017 1941 3110 1994 τὸν
3142 1941 3491 2013 γεννήσαντα
3532 1959 3641 1994 σε.»
3673 1943 3753 1995 Kal

563 2057 640 2103 te.
662 2066 682 2099 ι
713 2045 861 2103 Fecit
884 2056 1065 2103 autem
1088 2057 1143 2103 et
1187 2062 1288 2103 nos
1315 2046 1605 2117 lacrymari
1641 2047 1695 2101 in
1747 2047 1831 2102 his
1866 2047 2134 2102 sermoni-

563 2137 687 2194 bus.
715 2137 781 2194 Et
807 2138 1145 2196 accendebar
1170 2139 1226 2193 in
1250 2138 1649 2205 visceribus,ut
1671 2138 1846 2208 palam
1876 2139 2133 2204 facerem,

567 2231 715 2304 quod
734 2230 987 2287 venditus
1017 2242 1199 2298 esset;
1236 2232 1333 2287 sed
1361 2233 1517 2287 timui
1541 2232 1741 2288 fratres
1778 2247 1950 2287 meos.

637 2339 774 2397 VIII.
807 2361 825 2395 ι
871 2341 1031 2409 Ecce,
1066 2343 1160 2399 lilii
1186 2343 1313 2409 mei,
1346 2344 1556 2401 ostendi
1586 2344 1741 2400 vobis
1771 2353 2015 2413 tempora
2042 2360 2137 2404 ex-

563 2442 758 2499 trema,
788 2435 1048 2504 quoniam
1079 2436 1263 2490 omnia
1296 2439 1423 2492 tient
1450 2437 1503 2491 in
1541 2436 1721 2493 Israel.
1760 2437 1825 2492 Et
1879 2454 1978 2494 vos
2036 2439 2136 2510 igi-

567 2531 656 2581 tur
678 2525 931 2580 mandate
952 2526 1079 2581 tiliis
1104 2527 1395 2593 vestris,ut
1430 2529 1690 2585 uniantur
1725 2529 1850 2585 Levi
1879 2538 1932 2584 et
1961 2530 2133 2586 Judze.

560 2612 668 2671 Per
696 2613 891 2669 ludam
938 2616 1080 2670 enim
1132 2617 1343 2671 orietur
1396 2619 1546 2675 salus
1603 2618 1787 2685 Israel,
1822 2632 1877 2675 et
1917 2622 1971 2675 in
2019 2621 2135 2690 ipso

565 2707 916 2763 benedicetur
946 2706 1137 2762 Jacnb.
1170 2707 1275 2763 Per
1324 2720 1600 2780 sceptrum
1646 2712 1789 2766 enim
1822 2711 1941 2782 ejus
1971 2728 2133 2783 appa-

564 2797 707 2852 rebit
760 2796 926 2863 Deus,
964 2798 1216 2854 habitans
1266 2799 1404 2855 inter
1458 2801 1706 2855 homines
1761 2802 1815 2855 in
1862 2812 2028 2869 terra,
2079 2814 2136 2858 ut

564 2886 735 2941 salvet
776 2902 947 2956 genus
986 2886 1181 2953 Israel;
1212 2898 1265 2943 et
1295 2890 1646 2960 congregabit
1668 2891 1848 2961 justos
1900 2908 1966 2948 ex
2006 2910 2135 2963 gutt-

566 2978 733 3033 tibus.
769 2978 826 3032 Si
883 2980 1181 3047 operemini
1225 2980 1454 3045 bonum,
1485 2981 1582 3036 lilii
1630 2983 1759 3049 mei,
1813 2983 2134 3039 benedicent

2235 2036 2456 2110 ἐποίησε
2496 2038 2591 2091 καὶ
2630 2038 2778 2107 ἡμᾶς
2816 2036 3081 2109 δακρῦσαι
3116 2036 3175 2089 ἐν
3198 2038 3319 2100 τοῖς
3357 2036 3535 2105 λόγοις
3576 2035 3749 2098 τούτοις.

2234 2127 2346 2183 Καὶ
2387 2126 2650 2198 ὲκαιόμην
2676 2129 2786 2189 τοῖς
2812 2126 3140 2196 σπλάγχνοις
3155 2124 3476 2194 ἀναγγεῖλαι
3497 2126 3573 2177 ὅτι
3595 2125 3751 2194 πέτραι

2234 2236 2325 2274 ται
2349 2235 2363 2249 ·
2403 2216 2516 2270 ἁλλ’
2542 2215 2852 2289 ὲφοσούμην
2876 2218 3002 2281 τοὺς
3023 2214 3290 2285 ἀδελφούς
3320 2233 3443 2287 μου.

2302 2330 2383 2382 H'.
2413 2346 2432 2379 ι
2456 2327 2606 2391 Ἰδοὺ,
2640 2326 2803 2379 τέκνα
2826 2343 2947 2397 μου,
2980 2324 3235 2390 ὑπέδειξα
3260 2327 3391 2397 ὑμῖν
3418 2325 3751 2396 καιροῦςέσχά-

2233 2436 2390 2483 τους,
2434 2419 2515 2472 ὅτι
2553 2418 2729 2471 πάντα
2771 2418 3057 2488 γενήσεται
3108 2418 3167 2468 ὲν
3214 2415 3454 2488 Ἰσραήλ.
3500 2416 3598 2468 Καὶ
3640 2417 3750 2485 ὑμεῖς

2234 2506 2326 2565 οὖν
2354 2509 2660 2563 ὲντείλασθε
2702 2511 2815 2572 τοῖς
2855 2509 3064 2572 τέκνοις
3105 2508 3264 2578 ὑμῶν
3286 2548 3301 2571 ,
3348 2509 3434 2560 ἴνα
3472 2507 3669 2560 ὲνῶνται
3697 2505 3749 2575 τῷ

2234 2599 2365 2654 Λευῖ
2407 2601 2499 2653 καὶ
2547 2599 2625 2670 τῷ
2681 2599 2868 2670 Ἰούδᾳ.
2907 2599 3005 2653 Διὰ
3048 2599 3157 2671 γὰρ
3201 2598 3304 2652 τοῦ
3358 2599 3520 2652 Ἰούδα
3563 2598 3751 2651 ἀνατελεί

2237 2695 2477 2766 σωτηρία
2499 2692 2575 2764 τῷ
2610 2693 2845 2765 Ἰσραὴλ,
2878 2693 2970 2745 καὶ
2995 2694 3052 2744 ὲν
3081 2691 3229 2763 αὐτῷ
3259 2692 3656 2763 εὐλογηθήσεται
3683 2692 3750 2744 Ἰκ-

2235 2786 2367 2840 κώό.
2403 2786 2503 2839 Διὰ
2530 2785 2639 2858 γὰρ
2674 2784 2767 2837 τοῦ
2800 2784 3076 2855 σκήπτρου
3111 2784 3280 2838 αὑτοῦ
3315 2784 3594 2855 ὀφθήσεται
3628 2783 3746 2845 Θεὸς,

2235 2881 2502 2936 κατοικῶν
2531 2882 2587 2934 ὲν
2615 2878 2920 2951 ἀνθρώποις
2946 2878 3039 2931 ἐπὶ
3066 2880 3165 2950 τῆς
3193 2880 3323 2951 γῆς,
3356 2878 3521 2931 σῶσαι
3551 2879 3603 2931 τὸ
3637 2878 3747 2945 γένος

2248 2971 2497 3044 Ἰσραήλο
2552 2971 2647 3024 καὶ
2696 2969 3007 3033 ἐπισυνάξει
3036 2968 3305 3047 δικαίους
3352 2971 3418 3023 ὲκ
3466 2970 3565 3023 τῶν
3607 2967 3746 3021 ἐθνῶν.

566 3067 723 3123 vobis
766 3077 820 3123 et
868 3068 1119 3127 homines
1151 3080 1206 3126 et
1242 3072 1450 3142 angeli;
1484 3082 1537 3127 et
1560 3072 1705 3128 Deus
1744 3047 2133 3143 glorificabitur

2247 3062 2370 3115 Ἐὰν
2401 3059 2701 3132 ὲργάζησθε
2749 3059 2813 3112 τὸ
2853 3059 3048 3124 καλὸν,
3076 3059 3242 3113 τέκνα
3280 3078 3402 3132 μου,
3435 3060 3749 3131 εὐλογήσουσιν

566 3174 664 3228 per
697 3175 794 3216 vos
831 3160 884 3213 in
917 3161 1190 3231 gentibus,
1230 3173 1283 3217 et
1322 3163 1571 3219 diabolus
1611 3163 1781 3236 fugiet
1811 3182 1842 3221 a
1877 3167 2050 3233 vobis,
2081 3177 2135 3223 et

566 3250 757 3305 bestiae
787 3252 1058 3307 timebunt
1087 3268 1205 3318 vos,
1230 3265 1285 3309 et
1306 3256 1483 3325 angeli
1506 3257 1808 3325 suscipient
1839 3273 1956 3315 vos.
1986 3257 2136 3315 Sicut

564 3342 710 3397 enim
762 3344 809 3398 si
858 3348 984 3413 quis
1021 3346 1191 3399 filium
1222 3349 1427 3402 nutriat
1462 3349 1617 3415 bene,
1646 3356 1905 3419 perpetuo
1947 3359 2134 3421 gratus

564 3444 619 3493 et
674 3450 884 3493 memor
933 3446 1019 3492 est
1053 3457 1066 3494 :
1098 3440 1170 3494 ita
1201 3449 1255 3495 et
1296 3441 1352 3495 in
1397 3441 1544 3499 bono
1572 3457 1738 3511 opere
1769 3444 2025 3499 memoria
2053 3453 2135 3499 est

566 3530 707 3599 apud
740 3529 907 3585 Deum
930 3531 1094 3586 bona.
1120 3531 1222 3597 Qui
1247 3547 1377 3587 vero
1407 3549 1515 3587 non
1553 3533 1741 3589 fecerit
1768 3535 1991 3600 bonum,
2010 3537 2136 3593 huic

564 3620 895 3675 maledicunt
924 3630 980 3678 et
1018 3623 1195 3693 angeli
1231 3632 1284 3677 et
1312 3624 1581 3691 homines,
1610 3634 1663 3680 et
1694 3624 1834 3681 Deus
1859 3637 2137 3683 contume-

566 3711 636 3767 lia
664 3710 932 3770 afficietur
954 3728 1047 3783 per
1074 3715 1249 3784 ipsum
1284 3716 1339 3769 in
1370 3716 1642 3786 gentibus,
1673 3727 1727 3771 et
1754 3717 2002 3774 diabolus
2030 3720 2132 3774 sibi

568 3802 804 3856 vindicat
852 3803 998 3859 hunc
1051 3814 1308 3874 tanquam
1367 3808 1644 3877 proprium
1701 3824 1819 3874 vas,
1857 3820 1911 3865 et
1954 3815 2134 3867 omnis

565 3892 736 3948 bestia
786 3893 1156 3951 dominabitur
1204 3898 1275 3958 ei,
1307 3908 1363 3951 et
1415 3898 1681 3956 Dominus
1733 3902 1861 3956 odio
1916 3903 2135 3958 habebit

562 4000 711 4040 eum.
762 3984 974 4041 Etenim
1030 3989 1282 4043 mandata
1324 3990 1457 4061 legis
1487 3992 1719 4063 duplicia
1751 4004 1899 4060 sunt,
1924 4002 1977 4050 et
2008 4010 2132 4050 cum

562 4085 681 4131 arte
730 4076 1041 4146 implentur.
1083 4098 1101 4130 ι
1149 4077 1387 4150 Tempus
1425 4083 1568 4136 enim
1614 4095 1696 4138 est
1731 4086 1963 4140 coeundi
2006 4102 2133 4142 eum

564 4182 734 4223 uxore
771 4185 869 4224 sua
895 4172 961 4235 ",
993 4181 1047 4226 et
1079 4181 1291 4242 tempus
1315 4175 1619 4230 abstinendi
1651 4178 1719 4231 ab
1746 4193 1808 4232 ea
1839 4179 1904 4233 ad
1932 4181 2134 4234 oratio.

564 4274 688 4315 nem
725 4275 879 4315 suam
898 4263 963 4317 “.
1001 4262 1063 4317 Et
1093 4264 1202 4317 duo
1244 4265 1493 4320 mandata
1523 4277 1672 4334 sunt,
1702 4285 1843 4338 quae,
1871 4270 1976 4326 nisi
2004 4271 2136 4327 fiant

565 4347 621 4402 in
646 4351 840 4407 ordine
868 4367 989 4417 suo,
1014 4364 1293 4422 peccatum
1327 4356 1595 4413 tribuunt.
1626 4358 1702 4414 Ita
1735 4370 1817 4415 cst
1844 4372 1898 4417 et
1925 4365 1979 4417 in
2010 4363 2131 4417 reli-
2160 4381 2207 4438 ι)

563 4441 689 4508 quis
737 4444 1031 4499 mandatis.
1063 4444 1389 4502 Efficiamini
1442 4464 1574 4521 ergo
1621 4452 1895 4520 sapientes
1935 4454 1989 4508 in
2020 4455 2131 4510 Deo

561 4542 617 4591 et
644 4535 956 4604 prudentes,
985 4537 1216 4593 scientes
1242 4539 1490 4595 ordinem
1515 4543 1894 4599 mandatorum
1914 4544 2055 4613 ejus,
2076 4557 2133 4603 et

561 4625 708 4696 leges
737 4626 917 4680 omnis
948 4628 1046 4692 rei,
1075 4639 1134 4683 ut
1165 4628 1426 4686 Dominus
1456 4634 1645 4702 diligat
1669 4650 1787 4690 vos.
1824 4655 1842 4688 ι

634 4898 724 4954 IX.
762 4899 823 4952 Et
874 4914 997 4952 cum
1040 4899 1209 4954 multa
1243 4902 1371 4956 talia
1406 4904 1718 4961 mandasset
1745 4906 1848 4972 eis,
1880 4917 2135 4976 precatus

564 5002 666 5057 est,
707 5001 767 5047 ut
801 4991 1131 5046 transferant
1156 5007 1283 5047 ossa
1305 4993 1424 5063 ejus
1453 4994 1506 5047 in
1540 4994 1844 5063 Hebron,et
1870 4999 2134 5068 sepeliant

564 5100 684 5139 eum
727 5099 851 5139 cum
886 5083 1132 5153 patribus
1159 5084 1298 5154 ejus.
1332 5085 1397 5138 Et
1423 5086 1714 5143 comedens
1759 5098 1813 5143 et
1844 5089 2034 5147 bibens
2076 5092 2131 5147 in

564 5174 837 5231 hilaritate
858 5236 859 5239 η
884 5175 1105 5242 animas,
1132 5175 1332 5231 velavit
1358 5175 1551 5231 faciem
1587 5193 1765 5245 suam,
1800 5190 1854 5236 ct
1885 5192 2133 5240 mortuus

563 5310 607 5341 ⁸⁵
642 5308 819 5368 Eccle.
853 5327 936 5376 tn,
960 5311 1015 5367 5.
1092 5311 1139 5345 ’⁸
1166 5311 1183 5367 1
1210 5312 1337 5369 Cor.
1369 5329 1465 5381 νιι,
1492 5314 1548 5369 5.

633 5504 743 5572 (28)
782 5506 1076 5560 Ποιοῦιτα
1107 5511 1191 5562 τό.
1234 5512 1413 5565 Ὄντα.
1445 5512 1591 5567 (ἶιιιιι

566 5574 747 5697 ﬁgi)
785 5575 982 5697 .ih’m‘r
1028 5578 1107 5643 ὡς
1154 5578 1306 5635 ἴδιον
1356 5583 1591 5649 σκεῦος.
1651 5583 1845 5655 Αὐτῷ.
1893 5586 1966 5651 ὡς
2016 5589 2133 5657 ἰδίῳ

599 5659 611 5669 ·
751 5681 763 5696 .
824 5662 874 5697 n.

596 5658 763 5697 κευιι.
800 5658 874 5699 ID.

2236 3153 2379 3223 ὑμᾶς
2420 3150 2512 3204 καὶ
2555 3151 2604 3202 οἱ
2646 3148 2919 3220 ἄνθρωποι
2943 3188 2957 3212 ,
3004 3150 3098 3202 καὶ
3127 3150 3175 3202 οἱ
3214 3150 3471 3219 ἄγγελον
3502 3148 3750 3208 καὶὸθεὸς

2235 3244 2626 3315 δοξασθήσεται
2660 3243 2716 3294 ὲν
2744 3245 2859 3306 τοῖς
2892 3242 3067 3295 ἔθνεσι
3098 3242 3165 3295 δι’
3195 3244 3374 3314 ὑμῶν,
3407 3244 3496 3296 καὶ
3521 3242 3747 3302 ὁδιάῦολος

2235 3336 2485 3407 φεύξεται
2535 3334 2627 3404 ἀφ’
2674 3333 2863 3404 ὑμῶν,
2919 3332 3014 3386 καὶ
3066 3332 3136 3385 τὰ
3189 3332 3358 3407 θηρία
3420 3334 3748 3405 φοϐηθήσονται

2236 3428 2412 3498 ὑμᾶς,
2457 3426 2551 3478 καὶ
2590 3426 2637 3477 οἱ
2674 3424 2892 3493 ἄγγελοι
2938 3424 3247 3492 ἀνθέξονται
3292 3427 3463 3497 ὑμῶν.
3507 3428 3585 3490 Ὧς
3611 3426 3662 3478 ἄν
3689 3439 3747 3485 τις

2234 3519 2419 3573 τέκνον
2461 3514 2700 3591 ἐκθρέψῃ
2731 3516 2910 3579 καλῶς
2932 3557 2947 3581 ,
2982 3518 3168 3587 μνείαν
3213 3518 3328 3588 ἔχει
3365 3519 3591 3587 ἀγαθήν·
3622 3514 3749 3574 οὕτως

2234 3612 2329 3665 καὶ
2355 3612 2446 3663 ἐπὶ
2471 3610 2566 3663 τοῦ
2613 3608 2777 3663 καλοῦ
2822 3608 2995 3683 ἔργου.
3017 3611 3205 3681 μνήμη
3247 3610 3401 3683 παρὰ
3439 3608 3564 3662 Θεοῦ
3596 3606 3745 3675 ἀγαθή.

2234 3703 2337 3755 Τὸν
2368 3701 2425 3755 δὲ
2463 3702 2537 3773 μὴ
2567 3699 2821 3753 ποιοῦντα
2849 3700 2911 3752 τὸ
2937 3700 3048 3773 (28)
3077 3701 3261 3765 καλὸν,
3293 3701 3661 3773 καταράσονται
3680 3696 3748 3747 καί

2233 3796 2281 3848 οἱ
2301 3793 2519 3862 ἄγγελοι
2537 3834 2551 3858 ,
2576 3792 2671 3846 καὶ
2696 3793 2744 3845 οἱ
2784 3792 3060 3863 ἄνθρωποι
3079 3833 3095 3859 ,
3139 3794 3237 3848 καὶ
3258 3797 3290 3848 6
3318 3794 3447 3857 Θεὸς
3480 3791 3692 3861 ἀδοξήσει
3708 3789 3747 3839 ὲν

2232 3888 2344 3950 τοῖς
2368 3885 2542 3939 ἔθνεσι
2562 3884 2626 3937 δι’
2653 3883 2815 3938 αὑτοῦ
2836 3924 2850 3948 ,
2878 3885 2973 3938 καὶ
2998 3887 3027 3938 6
3049 3886 3295 3951 διάϐολος
3320 3884 3598 3941 οἰκειοῦται
3628 3879 3747 3933 αὑτὸν

2233 3977 2309 4041 ὡς
2337 3976 2466 4030 ῐδιον
2506 3974 2698 4039 σκεῦος
2740 3974 2852 4046 (29)
2872 4014 2886 4037 ,
2916 3977 3011 4030 καὶ
3039 3977 3146 4030 πᾶν
3175 3978 3363 4048 θηρίον
3394 3968 3744 4044 κατακυριεύσει

2235 4065 2421 4131 αὐτοῦ,
2447 4068 2542 4121 καὶ
2569 4068 2597 4119 6
2618 4067 2820 4137 Κύριος
2853 4068 3071 4138 μισήσει
3100 4067 3280 4121 αὐτόν.
3313 4068 3422 4121 Καὶ
3446 4066 3548 4138 γὰρ
3570 4064 3617 4115 σί
3640 4062 3747 4112 ἐντο-

2235 4157 2324 4212 λαὶ
2348 4157 2441 4210 τοῦ
2467 4158 2632 4227 νόμου
2658 4157 2843 4211 διπλαῖ
2868 4159 2995 4220 εἰσι,
3025 4159 3118 4211 καὶ
3158 4158 3298 4229 μετὰ
3320 4159 3509 4229 τέχνης
3535 4150 3745 4224 πληροῦν·

2233 4266 2344 4305 ται.
2376 4249 2578 4319 Καιρὸς
2609 4247 2717 4319 γὰρ
2746 4250 3027 4312 συνουσίας
3054 4250 3313 4316 γυναικὸς
3339 4248 3497 4303 αὑτοῦ
3528 4247 3653 4316 (30),
3678 4239 3745 4293 καὶ

2236 4340 2424 4411 καιρὸς
2471 4338 2791 4410 ἐγκρατείας
2839 4340 2918 4401 είς
2970 4338 3277 4409 προσευχὴν
3328 4334 3502 4391 αὐτοῦ.
3548 4330 3641 4385 Καὶ
3678 4326 3742 4379 δύο

2234 4433 2442 4490 ὲντολαί
2487 4435 2622 4486 εἱσι*
2673 4432 2768 4486 καὶ
2811 4434 2861 4487 εἰ
2912 4432 2986 4502 μὴ
3030 4432 3293 4500 γένωνται
3325 4433 3382 4484 ὲν
3412 4428 3549 4495 τάξει
3578 4421 3741 4479 αὐτῶν.

2234 4526 2509 4598 ἁμαρτίαν
2553 4525 2872 4596 παρέχουσι.
2921 4523 3107 4586 Οὕτως
3151 4524 3269 4577 ἐστὶ
3303 4524 3395 4578 καὶ
3424 4520 3511 4574 ἐπὶ
3538 4518 3633 4571 τῶν
3666 4513 3741 4565 λοι-

2235 4618 2352 4671 πῶν
2399 4616 2627 4669 ἐντολῶν
2678 4616 2812 4688 (51).
2861 4614 3079 4668 Γίνεσθε
3130 4610 3221 4668 οὖν
3258 4615 3406 4684 σοφοὶ
3449 4614 3502 4665 ὲν
3543 4605 3645 4676 Θεῷ
3674 4601 3742 4655 καὶ

2235 4710 2505 4781 φρόνιμοι,
2543 4708 2740 4771 εἰδότες
2773 4707 2924 4770 τάξιν
2956 4706 3184 4760 ἐντολῶν
3215 4705 3376 4760 αὐτοῦ
3396 4746 3410 4770 ,
3443 4703 3528 4757 καὶ
3558 4695 3739 4767 θεσμοὺς

2235 4800 2437 4864 παντὸς
2472 4800 2815 4871 πράγματος,
2852 4799 2998 4861 ὅπως
3022 4798 3285 4869 ἀγαπήσῃ
3306 4798 3335 4851 6
3343 4798 3443 4868 μᾶς
3465 4796 3492 4846 ὁ
3515 4791 3699 4861 Κύριος.
3723 4801 3734 4832 ι

2303 4895 2380 4948 9'.
2416 4893 2525 4947 Καὶ
2559 4891 2726 4947 πολλὰ
2749 4892 2972 4946 τοιαῦτα
2994 4892 3359 4963 ἐντειλάμενος
3390 4890 3577 4951 αὐτοῖς,
3609 4895 3736 4951 mp:-

2236 4987 2461 5039 κάλεσεν
2482 5025 2497 5049 ,
2562 4986 2648 5038 ἴνα
2685 4984 3093 5056 μετακομίσωσι
3124 4984 3193 5038 τὰ
3233 4985 3360 5038 ὀστᾶ
3390 4979 3543 5035 αὐτοῦ
3572 4978 3638 5039 εἰς
3661 4972 3737 5024 Χε’

2236 5075 2400 5147 ϐρὼν,
2436 5075 2531 5129 καὶ
2564 5074 2807 5146 θάψωσιν
2832 5074 2992 5129 αὐτὸν
3028 5073 3165 5145 μετὰ
3195 5075 3301 5128 τῶν
3333 5073 3566 5144 πατέρων
3593 5059 3731 5118 αὑτοῦ.

2236 5168 2343 5220 Καὶ
2369 5165 2557 5237 φαγὼν
2582 5167 2676 5221 καὶ
2702 5168 2843 5221 πιὼν
2868 5168 2924 5221 ὲν
2951 5166 3225 5239 ἱλαρότητι
3248 5164 3435 5236 ψυχῆς,
3462 5150 3731 5218 συνεκάλυψε

2307 5519 2418 5591 (ξθ)
2456 5517 2656 5591 Auro?)
2687 5518 2855 5591 deest.
2890 5515 3021 5591 lu._
3080 5588 3088 5591 _
3176 5585 3198 5591 _
3302 5590 3307 5591 ν
3426 5581 3447 5591 ⁸
3532 5576 3541 5589 ,
3616 5565 3691 5591 Α..

2235 5659 2266 5714 d
2306 5572 2416 5655 {31}
2461 5587 2657 5707 Olﬁth
2693 5572 2825 5642 ἐστὶ
2874 5588 2969 5642 καὶ
2998 5588 3095 5641 ἐπὶ
3129 5585 3243 5641 τῶν
3276 5581 3487 5641 λοιπῶν
3520 5572 3719 5631 gmw

2272 5667 2448 5714 csunt.
2512 5669 2565 5708 ι).
