4002 6308
209 297 238 351 ί
252 294 279 351 1
293 296 368 353 l3
1480 300 1806 360 TESTAME

1914 304 1999 362 UM
2034 308 2188 364 (ΖΑΒ.
2474 322 2483 327 ‘
3355 314 3492 371 illi

205 409 275 463 τὸ
318 411 627 483 πρόσωπον
668 412 869 479 αὐτοῦ,
904 414 1000 468 κα)⁵
1037 413 1295 469 ἀπέθανε.
1337 417 1446 470 Καὶ
1485 417 1744 488 ἐποίησαν
1774 436 1801 470 ο

1929 431 2032 480 est.
2073 422 2139 477 Et
2190 422 2436 479 fecerunt
2481 424 2577 483 ﬁlii
2614 424 2734 495 ejus
2763 428 3061 484 secundum
3106 429 3311 492 omnia,
3338 446 3493 500 qum-

205 500 326 554 ulo't
356 504 533 557 αὑτοῦ
559 504 701 559 κατά
725 506 921 574 πάντα,
949 506 1052 559 ὅσα
1072 506 1373 560 ἐνετείλατο
1397 506 1577 571 αὐτοῖς
1602 508 1806 579 Νεφθα-

1931 528 2155 585 cunque
2181 516 2456 572 mandavit
2485 516 2565 574 eis
2595 516 2935 589 Nephthalim
2965 532 3117 591 pater
3142 537 3353 579 eorum.

204 594 349 667 λεὶμ
385 599 419 653 ὁ
444 598 627 671 πατὴρ
658 598 858 654 αὐτῶν.

769 713 1164 769 ΚΕΦΔΛΑΙΟΝ
1201 712 1281 768 Θ’.

583 810 842 879 Διαθήκη
874 809 1021 875 Γὰδ,
1056 810 1190 877 περὶ
1217 811 1460 879 μίσους.

279 896 370 951 A'.
403 898 767 971 Ἀντίγραφον
789 901 1054 973 διαθήκης
1079 902 1205 965 Γὰδ,
1232 900 1269 954 ἃ
1292 901 1519 973 ὲλάλησε
1544 903 1656 963 τοῖς
1681 902 1817 964 υἱοῖς

201 992 390 1045 αὐτοῦ
414 1032 432 1056 ,
482 996 541 1047 ὲν
568 994 677 1048 ἔτει
711 1001 825 1066 ρκε’
845 997 946 1068 τῆς
967 995 1113 1068 ζωῆς
1135 994 1320 1050 αὐτοῦ.
1366 1015 1385 1047 ι
1412 995 1676 1066 Ἕϐδομος
1704 995 1815 1067 (55)

200 1084 328 1147 υίὸς
357 1086 639 1158 ἐγενόμην
666 1088 746 1159 τῷ
780 1088 995 1153 Ἰακὼϐ,
1031 1090 1126 1142 καὶ
1157 1090 1191 1160 ἦ
1200 1106 1306 1160 μην
1329 1088 1569 1160 ἀνδρεῖος
1592 1087 1817 1141 ἐπὶτῶν

200 1178 516 1246 ποιμνίων.
572 1177 713 1248 Ἐγὼ
746 1179 1041 1249 ἐφύλαττον
1067 1180 1127 1233 ὲν
1149 1180 1305 1232 νυκτὶ
1332 1179 1396 1232 τὸ
1421 1179 1690 1249 ποίμνιον,
1723 1181 1818 1234 καὶ

198 1267 341 1320 ὅταν
370 1270 580 1341 ἠρχετο
599 1272 627 1323 ὁ
651 1270 833 1335 λύκος,
874 1271 907 1343 ἢ
946 1271 1082 1325 λέων
1101 1313 1116 1337 ,
1152 1272 1187 1343 ἢ
1230 1270 1494 1343 πάρδαλις
1516 1312 1530 1334 ν
1556 1272 1589 1340 ἦ
1618 1272 1816 1342 ἄρκτος

200 1360 325 1433 (54)
353 1364 457 1416 ἐπὶ
482 1363 582 1435 τὴν
611 1365 846 1436 ποίμνην
866 1406 880 1430 ,
907 1366 1236 1420 κατεδίωκον
1262 1366 1426 1419 αὐτὸν
1444 1405 1459 1429 ,
1485 1366 1579 1418 καὶ
1606 1365 1815 1429 πιάζων

194 1451 297 1506 τὸν
321 1455 469 1509 πόδα
499 1455 663 1510 αὑτοῦ
690 1460 755 1528 τῇ
783 1458 928 1530 χειρί
956 1475 1078 1529 μου,
1108 1458 1202 1511 καὶ
1242 1458 1490 1529 γυρεύων
1528 1456 1781 1510 ὲσκότουν
1800 1493 1815 1517 ,

2528 724 2757 781 CAPUT
2787 725 2877 782 IX.

2290 813 2676 871 Testamentum
2714 818 2849 884 ϐοά,
2878 820 2940 873 de
2963 821 3103 877 adio.

1984 900 2027 957 l.
2068 902 2469 975 Transcriptum
2496 911 2800 964 testamenti
2833 910 2968 977 Gad,
2989 928 3323 982 quacunque
3344 915 3497 969 locu-

1920 1000 2008 1047 tus
2032 1002 2117 1049 est
2148 994 2276 1050 filiis
2311 997 2427 1052 suis
2462 999 2514 1052 in
2541 1014 2682 1056 anno
2705 1001 3008 1056 centesimo
3032 1003 3293 1058 vicesimo
3324 1006 3492 1075 septi-

1916 1100 2008 1139 mo
2032 1087 2144 1156 (32)
2189 1088 2315 1144 vitae
2359 1105 2491 1155 sua),
2515 1092 2705 1147 dicens
2745 1112 2757 1147 :
2799 1112 2816 1144 ι
2853 1094 3126 1164 Septimus
3156 1096 3299 1151 ﬁlius
3327 1107 3489 1161 natus

1918 1193 2042 1232 sum
2085 1177 2275 1245 Jacob,
2308 1189 2361 1236 et
2384 1198 2533 1237 eram
2560 1182 2781 1239 fortisin
2809 1187 3209 1259 gregibus.Ego
3222 1190 3484 1244 custodiri

1917 1268 1970 1323 in
2004 1280 2160 1325 nocte
2180 1287 2426 1340 gregem;
2452 1283 2504 1328 et
2528 1277 2747 1345 quando
2770 1278 2917 1332 venit
2947 1278 3124 1349 lupus,
3156 1281 3235 1334 vel
3270 1279 3371 1344 leo,
3405 1282 3487 1336 vel

1926 1362 2151 1429 pardus,
2168 1365 2249 1418 vel
2275 1381 2437 1421 ursus
2458 1384 2621 1437 super
2633 1384 2871 1438 gregem,
2887 1373 3251 1439 persequebar
3272 1387 3420 1437 eum,
3434 1383 3490 1427 et.

1916 1454 2326 1521 apprehendens
2350 1457 2535 1525 pedem
2561 1458 2679 1528 ejus
2704 1475 2865 1513 manu
2893 1475 3011 1515 mea
3025 1462 3143 1515 etin
3159 1480 3349 1533 gyrum
3366 1464 3488 1517 vol-

196 1546 302 1599 καὶ
329 1545 643 1609 ἀκοντίζων
662 1547 823 1601 αὑτὸν
848 1549 939 1601 ἐπὶ
962 1547 1055 1601 δύο
1079 1548 1346 1612 σταδίους,
1368 1546 1539 1612 οὕτως
1558 1546 1811 1619 ἀνῄρουν.

207 1629 273 1686 Ὀ
308 1629 417 1688 οὖν
465 1635 663 1708 Ἰωσὴφ
694 1636 978 1708 ἐποίμαινε
1016 1637 1137 1708 μεθ’
1168 1638 1326 1709 ἡμῶν
1357 1638 1433 1702 ὡς
1477 1637 1699 1709 ἡμερῶν
1747 1636 1812 1700 λ’,

1922 1556 2056 1599 vens
2084 1545 2530 1616 obtenebrabam,
2554 1561 2603 1605 et
2630 1551 2922 1621 projiciens
2975 1568 3098 1607 eum
3138 1554 3249 1607 duo
3291 1555 3485 1623 stadia,

1913 1631 1989 1687 ita
2014 1634 2427 1693 interficiebam.
2454 1639 2652 1711 Josrph
2682 1642 2845 1713 igitur
2876 1644 3128 1712 pascebat
3151 1660 3363 1714 gregem
3387 1661 3488 1699 no—

196 1724 300 1777 καὶ
319 1727 604 1798 τρυφερὸς
631 1728 728 1792 ὢν,
752 1730 1089 1801 ὲμαλακίσθη
1120 1731 1228 1784 ἀπὸ
1249 1730 1343 1785 τοῦ
1365 1731 1641 1801 καύματος
1663 1728 1806 1801 (55)·

1919 1721 2129 1777 hiscum
2154 1727 2369 1782 circiter
2399 1729 2517 1784 dies
2543 1731 2792 1800 triginta;
2826 1740 3022 1787 etcum
3044 1742 3192 1787 tener
3214 1734 3484 1799 esset,in-

195 1818 301 1870 καὶ
365 1819 715 1893 ὑπέστρεψεν
755 1823 835 1884 εἰς
868 1819 1095 1893 Χεϐρὼν
1151 1822 1290 1893 πρὸς
1332 1822 1422 1876 τὸν
1460 1821 1672 1891 πατέρα
1713 1821 1808 1873 αὑο
1836 1822 1855 1839 ⁴’

192 1910 296 1963 τοῦ
318 1928 336 1942 ο
377 1914 479 1966 καὶ
517 1913 793 1967 ἀνέκλινεν
836 1912 997 1966 αὑτὸν
1049 1911 1276 1984 πλησίον
1308 1912 1505 1977 αὐτοῦ,
1548 1914 1626 1966 ὅτι
1676 1913 1813 1983 ἠγά-

196 2017 283 2054 πα
319 2003 517 2056 αὐτόν.
554 2005 666 2057 Καὶ⁴
694 2000 847 2059 εἶπεν
889 2004 1084 2076 Ἰωσὴφ
1113 2005 1191 2075 τῷ
1224 2006 1393 2077 πατρὶ
1420 2008 1452 2076 ἠ
1463 2005 1578 2076 μῶν
1600 2045 1614 2067 ,
1650 2005 1730 2058 ὅτι
1762 2005 1812 2057 ot

195 2094 312 2149 uio‘.
342 2096 564 2165 Ζελφᾶς
589 2096 683 2150 καὶ
713 2096 921 2158 Βαλλᾶς
949 2095 1135 2150 θύουσι
1166 2096 1236 2151 τὰ
1277 2096 1418 2150 καλὰ
1436 2136 1451 2160 ,
1508 2097 1602 2150 καὶ
1644 2114 1809 2151 κατε-

197 2184 465 2239 σθίουσιν
492 2186 635 2251 αύτά
664 2204 748 2256 γε,
781 2186 933 2258 παρὰ
957 2186 1181 2259 γνώμην
1224 2187 1396 2243 Ἰούδα
1423 2188 1517 2242 καὶ
1550 2188 1807 2259 Ῥουὸήμ.

194 2273 330 2332 Εἷδε
377 2278 494 2351 γὰρ
526 2280 607 2333 ὅτι
648 2278 816 2349 ἀμνὸν
862 2278 1121 2351 ἰξελόμην
1158 2281 1226 2333 ὲκ
1268 2278 1364 2335 τοῦ
1409 2280 1673 2351 πόματος
1712 2280 1811 2351 τῆς

193 2370 447 2442 ἄρκτου,
484 2371 744 2441 κάκείνην
777 2369 1113 2434 ὲθανάτωσα,
1150 2371 1360 2426 καὶτὸν
1398 2371 1566 2442 ἀμνὸν
1605 2370 1770 2425 ἔθυσα
1792 2415 1808 2440 ,

193 2464 379 2537 (περὶ
409 2460 477 2519 οὗ
506 2463 820 2537 ἐλυπούμην
842 2505 856 2525 ,
888 2466 969 2519 ὅτι
998 2467 1096 2518 οὐκ
1130 2464 1359 2534 ἠδύνατο
1388 2464 1531 2535 ζῇν),
1551 2464 1642 2517 καὶ
1675 2465 1809 2535 sepa-

191 2573 383 2626 γομεν
413 2555 579 2609 αὐτόν
601 2573 614 2586 ’
644 2557 737 2610 καὶ
762 2552 881 2610 εἷπε
906 2558 984 2627 τῷ
1006 2556 1173 2628 πατρὶ
1199 2556 1355 2627 ἡμῶν
1379 2555 1512 2626 (56).
1556 2556 1668 2610 Καὶ
1690 2557 1812 2609 ὲνε-

192 2650 412 2703 κότουν
468 2650 547 2720 τῷ
600 2650 797 2722 Ἰωσὴφ
852 2650 978 2721 περ)¹
1031 2648 1126 2702 τοῦ
1196 2648 1356 2716 λόγου
1428 2646 1618 2701 τούτου
1644 2686 1660 2711 ,
1703 2647 1809 2712 ἕως

192 2738 431 2811 ἡμέρας
485 2739 829 2812 διαπράσεως
890 2739 1056 2793 αὐτοῦ
1115 2741 1194 2803 εἰς
1240 2738 1531 2808 Αἴγυπτον.
1591 2741 1701 2793 Καὶ
1745 2739 1807 2794 τδ

196 2829 437 2901 πνεῦμα
471 2830 564 2884 τοῦ
593 2833 780 2902 μίσους
804 2829 873 2903 ἦν
896 2833 953 2884 ἐν
989 2831 1112 2902 ἐμοί
1131 2848 1143 2860 ·
1181 2830 1276 2884 καὶ
1300 2832 1400 2884 οὐκ
1426 2830 1618 2901 ἠθελον
1641 2872 1655 2895 ,
1682 2830 1807 2885 οὔτε

195 2924 268 2979 δι’
299 2923 625 2994 ὀφθαλμῶν,
663 2923 784 2977 οὔτε
825 2925 894 2978 δι’
934 2925 1104 2994 ἀκοῆς
1136 2924 1261 2977 ἰδεῖν
1294 2923 1385 2976 τὸν
1436 2923 1654 2995 Ἰωσήφ.
1690 2925 1807 2979 Καὶ⁸

200 3016 355 3069 κατά
392 3015 685 3087 πρόσωπον
716 3015 873 3085 ἡμῶν
906 3014 1132 3087 ἤλεγξεν
1158 3015 1335 3085 ἡμᾶς,
1363 3015 1596 3081 ὅτιιᾶνευ
1635 3014 1804 3070 Ἰούδα

203 3105 471 3177 ἐσθίομεν
495 3104 565 3158 τὰ
588 3105 876 3178 θρέμματα
898 3122 912 3137 ·
946 3105 1041 3157 ναὶ
1068 3104 1266 3169 πάντα,
1290 3104 1391 3159 ὅσα
1419 3104 1569 3176 ἔλεγε
1595 3106 1673 3179 τῷ
1695 3124 1801 3162 πα-
1829 3100 1875 3157 C

203 3200 318 3271 τρὶ,
353 3197 614 3251 ἐπείθετο
637 3196 803 3268 αὐτῷ.

276 3290 355 3343 B'.
404 3308 423 3341 ι
470 3288 745 3359 Ὁμολογῶ
774 3286 868 3341 νῦν
890 3287 990 3358 τὴν
1012 3287 1288 3359 ἁμαρτίαν
1320 3305 1443 3359 μου,
1477 3288 1646 3342 τέκνα
1666 3328 1681 3352 ,
1719 3290 1800 3343 ὅτι

206 3380 540 3446 πλειστάκις
565 3380 751 3452 ἤθελον
775 3380 984 3434 ἀνελεῖν
1010 3380 1173 3455 αὐτὸν
1193 3420 1208 3443 ,
1242 3382 1323 3434 ὅτι
1347 3381 1450 3444 ἓως
1472 3382 1651 3452 ψυχῆς
1676 3384 1801 3452 ἑμί-

208 3491 337 3528 σουν
373 3476 574 3536 αὑτὸν,
616 3473 710 3526 καὶ
749 3473 885 3536 ὅλως
924 3473 1023 3526 οὐκ
1058 3468 1127 3542 ἦν
1164 3473 1222 3525 ὲν
1260 3473 1382 3542 ἐμοὶ
1407 3474 1589 3544 ἥπατα
1619 3474 1803 3539 ἐλέους

205 3567 287 3629 είς
329 3564 503 3619 αὐτόν
548 3564 680 3635 (57).
714 3562 819 3617 Καί
859 3580 920 3631 γε
961 3562 1048 3615 διὰ
1089 3562 1158 3616 τὰ
1197 3562 1424 3617 ἐνύπνια
1451 3564 1798 3636 προσεθέμην

207 3660 391 3727 μῖσος,
418 3658 517 3710 καὶ
539 3656 730 3728 ἦθελον
766 3656 927 3709 αὐτὸν
952 3653 1189 3719 ὲκλεῖξαι
1229 3657 1293 3709 ὲκ
1327 3656 1429 3725 γῆς
1465 3654 1680 3719 ζώντων
1699 3697 1714 3721 ,
1741 3657 1803 3710 δν

205 3750 411 3822 τρόπον
440 3749 675 3819 ὲκλείχει
696 3750 724 3801 ό
755 3749 950 3818 μόσχος
970 3747 1040 3801 τὰ
1064 3745 1248 3819 χλωρὰ
1274 3747 1383 3801 ἀπὸ
1405 3747 1504 3818 τῆς
1525 3748 1629 3819 γῆς
1660 3748 1795 3820 (58).

207 3841 300 3895 Διὸ
324 3841 446 3910 ἐγὼ
472 3840 566 3893 καὶ
601 3838 799 3901 Ἰούδας
827 3836 937 3909 (59)
976 3838 1339 3910 πεπράχαμεν
1364 3838 1525 3891 αὐτὸν
1550 3842 1662 3903 τοῖς
1702 3840 1803 3894 '16-

210 3931 514 4002 μαηλίταις
558 3929 602 3983 λ’
648 3928 888 4000 χρυσίων
922 3927 1032 3999 (40)
1058 3945 1071 3958 ·
1120 3928 1215 3981 καὶ
1263 3926 1333 3981 τὰ
1380 3928 1511 3981 δέκα
1559 3929 1803 4003 ἀποκρύ-

204 4021 408 4091 ψαντες
434 4062 454 4085 ,
501 4021 571 4075 τὰ
615 4027 663 4074 κ’
709 4019 990 4091 ἐδείξαμεν
1035 4022 1149 4083 τοῖς
1196 4019 1442 4089 ἀδελφοῖς
1475 4021 1651 4091 ἡμῶν.
1688 4023 1800 4078 Καὶ

207 4114 379 4178 οὕτως
414 4116 488 4185 τῇ
523 4111 805 4183 πλεονεξία
837 4110 1286 4182 ὲπληροφορήθην
1336 4110 1436 4181 τῆς
1468 4112 1801 4185 ἀναιρέσεως

210 4207 400 4263 αὑτοῦ.
454 4207 565 4259 Καὶ
596 4206 624 4257 ό
656 4203 787 4267 Θεὸς
820 4202 929 4256 τῶν
963 4202 1216 4273 πατέρων
1239 4220 1340 4272 μου
1356 4202 1624 4274 ὲρῤύσατο
1640 4206 1800 4259 αὐτὸν

210 4299 317 4352 τῶν
338 4298 550 4372 χειρῶν
576 4314 699 4369 μου,
721 4297 808 4349 ἵνα
831 4296 907 4367 μὴ
924 4296 1135 4366 ποιήσω
1166 4294 1339 4366 ἀνόμη
1350 4312 1429 4366 μα
1458 4297 1515 4348 ὲν
1560 4298 1795 4370 Ἰσραήλ.

1918 1814 2162 1872 firmatus
2190 1825 2272 1871 est
2298 1820 2367 1873 ab
2405 1830 2570 1887 aestu;
2610 1830 2664 1876 et
2692 1837 2943 1877 reversus
2973 1832 3057 1877 est
3086 1824 3140 1877 in
3179 1822 3391 1879 llehron
3416 1827 3483 1879 ad

1916 1915 2121 1975 patrem
2182 1924 2339 1963 suum
2386 1928 2401 1965 :
2446 1920 2500 1965 et
2548 1912 2833 1967 reclinavit
2884 1928 3008 1968 eum
3052 1914 3209 1983 juxta
3244 1930 3323 1977 se,
3347 1932 3485 1985 quo-

1913 1998 2060 2052 niam
2096 2000 2354 2071 diligebat
2395 2018 2543 2059 eum.
2572 2004 2639 2058 Et
2686 2006 2822 2061 dixit
2861 2005 3063 2076 Joseph
3099 2007 3241 2077 patri
3270 2016 3482 2074 nostro,

1913 2091 2060 2159 quod
2107 2092 2203 2146 lilii
2242 2092 2455 2163 Zelphaa
2505 2104 2559 2150 et
2593 2096 2735 2151 Bala:
2767 2106 3008 2153 mactant
3048 2099 3211 2165 bona,
3240 2107 3294 2153 et
3321 2100 3486 2155 devo-

1911 2192 2036 2238 rant
2070 2183 2208 2254 ipsa,
2229 2186 2418 2241 insciis
2444 2185 2583 2242 Juda
2615 2197 2669 2242 et
2700 2187 3148 2244 Ruben.Sciebat
3172 2190 3315 2244 enim
3335 2191 3481 2260 quod

1911 2288 2113 2346 agnum
2156 2280 2414 2334 eruebam
2461 2296 2526 2334 ex
2555 2295 2650 2335 ore
2680 2297 2841 2346 ursas,
2872 2291 2925 2335 et
2961 2281 3106 2335 illam
3132 2281 3400 2347 interfeci,
3431 2294 3485 2336 et

1911 2383 2112 2439 agnum
2145 2371 2398 2437 mactari,
2419 2370 2508 2439 (de
2536 2386 2646 2440 quo
2675 2372 3066 2439 contristabar,
3088 2374 3348 2444 quoniam
3373 2388 3479 2428 non

1909 2460 2085 2528 potuit
2114 2461 2317 2529 vivere)
2342 2470 2395 2515 et
2423 2462 2842 2516 comedebamus
2865 2462 3041 2532 ipsum
3073 2484 3085 2518 :
3114 2474 3167 2519 et
3187 2463 3483 2534 dixitpatri

1909 2558 2124 2606 nostro.
2157 2549 2225 2607 Et
2274 2553 2503 2607 moleste
2547 2551 2782 2607 ferebam
2828 2553 2971 2608 istud
3001 2554 3227 2609 verbum
3256 2553 3480 2624 Joseph,

1909 2661 2083 2714 usque
2127 2646 2180 2700 in
2229 2645 2371 2700 diem
2423 2646 2758 2701 venditionis
2800 2645 2921 2715 ejus
2961 2648 3013 2699 in
3068 2646 3384 2717 Egyptum.
3414 2645 3483 2698 Et

1908 2738 2130 2807 spiritus
2168 2738 2278 2792 odii
2302 2737 2492 2792 eratin
2526 2752 2645 2803 me;
2674 2746 2728 2792 et
2758 2738 2910 2791 nolui
2944 2737 3148 2808 .Ioseph
3173 2746 3268 2791 aut
3291 2737 3481 2791 audire

1908 2838 2004 2886 aut
2052 2830 2255 2885 videre.
2288 2828 2353 2882 Et
2412 2844 2597 2885 coram
2635 2829 2774 2884 facie
2818 2839 3008 2884 nostra
3042 2830 3319 2899 redarguit
3354 2842 3476 2893 nos,

1905 2924 2163 2994 quoniam
2202 2923 2319 2978 sine
2353 2921 2492 2976 Juda
2540 2922 2879 2978 comedimus
2917 2937 3113 2992 pecora
3139 2941 3152 2977 :
3178 2932 3231 2978 et
3271 2920 3477 2981 omnia.

1906 3029 2243 3084 quaecunque
2271 3015 2408 3069 dixit
2444 3015 2602 3084 patri,
2627 3015 2897 3085 persuasit
2918 3014 2991 3070 ei.

1972 3287 2039 3343 ll.
2077 3306 2095 3340 ι
2133 3287 2411 3343 Conﬁteor
2447 3303 2593 3343 nunc
2621 3298 2901 3358 peccatum
2939 3302 3144 3352 meum,
3179 3286 3297 3352 lilii,
3329 3291 3474 3357 quod

1903 3393 2045 3449 sape
2086 3377 2227 3430 volui
2260 3375 2514 3431 occidere
2534 3392 2683 3443 eum,
2712 3378 2971 3447 quoniam
3020 3392 3195 3447 usque
3243 3376 3314 3431 ad
3353 3381 3475 3432 ani-

1902 3485 2046 3523 mam
2084 3469 2211 3523 odio
2249 3468 2410 3523 habui
2443 3483 2593 3534 eum,
2623 3478 2678 3524 et
2709 3468 2933 3523 omnino
2963 3482 3071 3522 non
3111 3478 3267 3524 erant
3296 3469 3349 3523 in
3392 3486 3478 3525 me

1900 3563 2111 3616 viscera
2160 3561 2564 3616 misericordia:
2593 3576 2722 3630 erga
2751 3561 2951 3630 ipsum.
2981 3560 3046 3615 Et
3087 3572 3304 3631 propter
3332 3577 3480 3616 som-

1902 3657 1991 3709 nia
2023 3654 2193 3724 ipsius
2221 3654 2442 3724 concepi
2470 3654 2678 3717 odium,
2704 3662 2754 3707 et
2790 3654 2933 3707 volui
2990 3656 3167 3724 ipsum
3202 3654 3478 3724 delingere

1899 3764 1929 3804 e
1969 3755 2116 3801 terra
2161 3747 2484 3812 viventium,
2512 3744 2975 3814 quemadmodum
3012 3746 3240 3815 delingit
3269 3745 3473 3800 vitulus

1901 3841 2100 3896 herbas
2128 3856 2156 3893 a
2190 3849 2355 3895 terra.
2389 3839 2620 3909 Propter
2648 3839 2794 3909 quod
2822 3854 2922 3910 ego
2948 3849 3002 3894 et
3038 3838 3206 3894 Judas
3222 3838 3472 3893 vendidi.-

1900 3952 2023 3991 mus
2050 3951 2175 3990 eum
2209 3931 2495 3987 lsmaelitis
2537 3930 2757 4000 triginta
2787 3932 3004 3996 aureis;
3042 3941 3096 3986 et
3142 3934 3326 3987 decem
3356 3931 3476 3986 abs-

1900 4027 2214 4090 condentes,
2258 4024 2447 4095 viginti
2495 4023 2835 4077 ostendimus
2866 4023 3123 4078 fratribus
3160 4025 3386 4078 nostris.
3410 4022 3476 4077 Et

1901 4120 1975 4173 ita
2019 4118 2247 4172 avaritia
2293 4118 2537 4171 animum
2561 4116 2617 4170 in
2658 4116 2861 4170 caadem
2888 4115 3007 4185 ejus
3035 4114 3469 4170 oblinnaveram.

1901 4211 2043 4267 Deus
2074 4220 2255 4265 autem
2291 4218 2501 4279 patrum
2533 4225 2776 4265 meorum
2809 4208 3010 4278 eripuit
3043 4223 3172 4263 eum
3201 4209 3268 4262 de
3298 4208 3476 4261 mani-

1900 4303 2004 4357 bus
2031 4302 2189 4366 meis,
2224 4310 2284 4355 ut
2310 4314 2419 4355 non
2452 4299 2690 4355 facerem
2733 4299 3077 4369 iniquitatem
3111 4301 3166 4353 in
3201 4297 3389 4353 Israel.

290 4454 406 4527 (52)
450 4452 701 4527 vicesimo
719 4453 961 4527 septimo.
987 4448 1078 4507 Sic
1098 4459 1274 4527 exstat
1294 4451 1347 4507 in
1367 4461 1598 4527 utroque
1615 4458 1803 4514 codice
1835 4465 1879 4520 D
1908 4467 2056 4527 gnat.
2109 4456 2263 4513 Unde
2302 4458 2467 4512 varia:
2513 4457 2897 4527 Babbinorumi
2940 4456 3289 4525 conjecturae.
3329 4458 3475 4511 Con-

219 4521 441 4598 Latino.
471 4524 576 4579 Sed
605 4532 836 4598 uterque
874 4522 1105 4598 Graecus
1120 4521 1279 4575 habet
1312 4529 1448 4593 ρκε’,
1483 4521 1725 4598 adeoque
1749 4529 1802 4584 in

215 4597 488 4650 alterutro
530 4603 614 4649 est
654 4590 868 4648 viti—um.
919 4590 1142 4645 Difficile
1186 4590 1363 4646 autem
1394 4603 1474 4648 est
1509 4590 1707 4661 dicere,
1748 4600 1801 4654 in

216 4680 328 4735 quo
353 4684 368 4731 ;
402 4681 471 4721 ac
498 4680 689 4735 parum
704 4660 1041 4735 refert.—-lta
1058 4661 1291 4735 Grattius
1311 4666 1449 4735 apud
1472 4660 1801 4735 Fabricium.

1910 4526 2112 4583 irai-ius
2157 4538 2243 4582 est
2287 4539 2476 4584 nostro
2507 4528 2716 4582 auctori
2762 4526 2827 4581 Il.
2881 4526 3139 4592 Salonio,
3183 4528 3309 4581 dum
3364 4543 3472 4580 non

1909 4599 2050 4670 filios
2074 4598 2215 4653 Balre
2240 4608 2291 4652 et
2319 4598 2553 4670 Zelphaz,
2580 4598 2673 4652 sed
2701 4596 2841 4663 Lem,
2868 4612 2894 4650 a
2920 4597 3155 4665 Josepho
3190 4607 3476 4670 accusatos

1908 4669 2085 4739 ﬁngit,
2114 4669 2509 4734 etquidem'ob
2537 4669 2854 4722 devoratum
2897 4670 3199 4739 membrum
3244 4669 3311 4722 do
3350 4669 3475 4721 vivo

291 4736 408 4809 (55)
456 4733 766 4809 Ἕϐδομος.
801 4734 1057 4795 Ἔννατος
1093 4733 1257 4809 habet
1282 4734 1449 4789 codex
1480 4734 1681 4805 0x0n.,
1708 4741 1803 4796 sed

1914 4733 2383 4809 animantetquod
2408 4747 2738 4809 eratcontra
2760 4738 2930 4808 legem
2975 4737 3066 4792 Dei
3089 4737 3217 4793 Noae
3255 4739 3476 4801 datam,

220 4801 399 4869 male;
428 4814 485 4860 ut
510 4822 576 4861 ex
605 4801 918 4860 Genes.xxx
944 4811 1177 4857 constat.
1208 4801 1285 4858 In.

293 4877 407 4943 (54)
448 4878 524 4931 ’Ἡ
552 4874 863 4943 πάρδαλις,
899 4873 937 4941 ἢ
967 4872 1202 4940 ἄρκτος.
1230 4874 1451 4929 Desunt.
1476 4872 1552 4931 In.

294 4942 438 5020 (55)
468 4942 871 5020 Ἐμανξιικίᾳθη
906 4942 1158 5020 άπὸ-τοῦ
1183 4947 1805 5020 καύματος-,ΑἘκαυμα-

223 5013 538 5088 τίσθηὺπδ
554 5016 647 5070 τοῦ
682 5014 959 5088 καύσωνος
983 5053 996 5076 ,
1036 5014 1196 5067 habet
1234 5013 1560 5088 Oxoniensis
1607 5013 1799 5085 codex.

225 5084 324 5140 Cui
362 5084 487 5142 licet
519 5086 698 5157 quoad
735 5086 973 5157 priorem
1005 5099 1192 5139 vocem
1210 5086 1593 5157 pprzeferendus
1617 5090 1803 5145 videa-

227 5163 316 5209 tur
347 5154 837 5228 Cantabrigiensis,
862 5154 922 5229 in
953 5169 1063 5225 quo
1082 5162 1178 5229 est
1205 5155 1545 5229 ὲμαλακίσθη
1574 5178 1587 5213 :
1619 5160 1799 5229 quoad

228 5231 584 5294 posteriorem
617 5225 809 5282 tamen
862 5226 975 5296 ipse
1023 5225 1155 5277 mihi
1205 5225 1379 5296 magis
1420 5225 1801 5296 plac’etCKati-

234 5313 340 5368 σων
384 5300 583 5368 quippe
626 5293 894 5367 signiﬁcat
934 5293 1215 5368 formalem
1269 5293 1516 5351 morbum
1544 5340 1558 5361 ,
1607 5299 1798 5355 febrim

233 5364 438 5424 scilicet
466 5364 763 5433 ardentem,
797 5369 853 5421 in
886 5382 1053 5436 quam
1081 5364 1352 5438 Josephus
1384 5368 1643 5427 incidisse
1670 5371 1802 5426 diei-

234 5442 337 5491 tur.
374 5438 446 5494 In.

304 5507 415 5577 (56)
456 5511 603 5564 Εῑπε
636 5508 715 5574 τῷ
748 5507 921 5575 πατρὶ
956 5506 1142 5576 ἡμῶν.
1178 5506 1425 5564 Declarat
1481 5520 1673 5566 auctor
1712 5511 1798 5566 his

237 5579 449 5645 verbis,
498 5596 601 5649 qua
656 5583 722 5634 de
768 5595 825 5634 re
866 5579 1137 5646 Joscplius
1185 5577 1379 5634 fratres
1416 5584 1555 5649 apud
1592 5590 1796 5651 patrem

237 5652 601 5721 accusaverit:
635 5666 923 5706 accusasse
955 5651 1098 5703 enim
1127 5665 1382 5719 expresse
1411 5656 1485 5705 ait
1516 5652 1795 5721 Scriptura

238 5714 427 5775 Genes.
460 5739 665 5786 xxxvii,
694 5723 762 5788 2;
797 5722 887 5776 sed
917 5720 1093 5788 capita
1120 5714 1485 5777 accusationis
1518 5738 1622 5778 non
1640 5714 1795 5779 ’(1ρεί-

1909 4809 2045 4865 Gen.
2077 4826 2154 4874 ix,
2193 4810 2245 4863 4.
2267 4808 2372 4864 Sed
2397 4809 2521 4863 nolo
2543 4808 2691 4863 hisce
2713 4808 2936 4862 incertis
2957 4809 3263 4864 immorari.
3302 4809 3470 4864 litua.

1981 4900 2095 4969 (57)
2134 4902 2243 4955 Καὶ
2289 4901 2443 4967 ὅλως
2487 4902 2599 4954 οὐκ
2642 4899 2724 4968 ἦν
2762 4900 2831 4954 ἐν
2875 4899 3002 4969 ἐμοὶ
3038 4901 3237 4969 ἥπατα
3270 4900 3475 4967 ἐλέους

1904 4975 1991 5038 εἰς
2019 4972 2223 5025 αὐτόν.
2264 4971 2486 5026 Desunt.
2517 4973 2595 5025 lu.

1976 5065 2090 5130 (58)
2134 5065 2494 5134 Ὅνντρόπον
2535 5065 2791 5133 ἑκλείχει
2837 5067 2871 5118 ὀ
2906 5066 3141 5134 μόσχος
3172 5063 3243 5116 τὰ
3276 5062 3478 5130 χλωρὰ

1903 5134 2021 5188 ἀπὸ
2054 5134 2162 5203 τῆς
2192 5133 2323 5204 τῆς.
2354 5134 2569 5190 Omissa
2594 5146 2739 5188 sunt.
2762 5137 2836 5189 ln.
2861 5165 2927 5173 —
2946 5136 3149 5188 Alludit
3177 5134 3241 5204 ad
3268 5143 3513 5204 textum-

1904 5206 2065 5260 Num.
2088 5201 2223 5268 )txtl',
2243 5206 2297 5259 ές
2318 5205 2431 5277 Ν-ὖν
2451 5206 2722 5277 ὲκλείξ-ειή
2742 5205 3033 5277 συναγωγὴ
3054 5204 3188 5277 αὕτη
3244 5201 3478 5277 Ἰσραὴλ)

1904 5277 2115 5347 πάντας
2147 5279 2272 5338 τοὺς
2305 5275 2488 5347 κύκλῳ
2520 5273 2721 5346 ἡμῶν,
2753 5273 2898 5331 dies).
2923 5273 3160 5341 ἐκλείξαι
3201 5275 3229 5325 ὁ
3278 5273 3481 5343 μόσχος

1902 5347 1971 5400 τὰ
1991 5346 2174 5419 χλωρά
2209 5349 2273 5400 ὲκ
2303 5347 2397 5399 τοῦ
2419 5346 2621 5400 πεδίου.
2694 5346 2897 5403 Dnacu.

1973 5441 2085 5510 (59)
2136 5440 2382 5506 Ἰούδας.
2410 5440 2632 5510 Συμεών
2658 5456 2939 5509 perperam
2966 5441 3128 5495 habet
3149 5438 3270 5494 cod.
3297 5436 3473 5492 Oxon.

1902 5513 2067 5568 Cum.

1906 5654 1939 5665 Α
1971 5585 2084 5653 (40)
2123 5585 2416 5665 Ᾱξριεςίωζ.
2450 5581 2649 5662 {lunas
2698 5582 2827 5637 dicit
2876 5590 3065 5665 auctor
3110 5597 3174 5661 es
3225 5579 3474 5665 versione

1900 5651 2085 5710 Graeca
2115 5651 2223 5708 τῶν
2252 5657 2325 5707 0'.
2369 5652 2611 5720 Triginta
2639 5662 3021 5707 numeratcum
3046 5651 3236 5705 Latino
3258 5652 3474 5719 vulgato

1904 5729 2237 5795 Interprem;
2276 5725 2431 5792 juxta
2479 5726 2743 5792 quasdam
2794 5724 3095 5789 editiones;
3144 5724 3197 5776 in
3243 5730 3473 5789 utroque
