4038 6314
263 211 305 304 ³ι
325 251 345 304 ι
367 212 432 306 ιτ

1539 266 2060 330 TESTAMENTUM
2100 276 2254 332 GAD.

3413 294 3545 349 HIS

271 369 470 432 ἔγνων
509 369 648 440 μετὰ
685 368 746 422 τδ
788 370 1117 440 μετανοῆσαί
1162 390 1227 443 με
1268 374 1511 445 περὶτοῦ
1555 378 1767 450 Ἰωσήφ.
1821 380 1860 432 ⁸1

1989 387 2286 463 secundum
2321 389 2486 442 Deum
2516 400 2600 445 est
2628 408 2752 446 vera
2786 395 3178 463 poenitentia",
3209 401 3404 455 occidit
3433 404 3550 457 ino-

270 455 395 528 γὰρ
442 460 597 512 κατά
635 461 766 514 Θεὸν
809 461 1012 533 ἀληθὴς
1052 464 1310 533 μετάνοια
1347 466 1563 538 ἀναιρεῖ
1591 469 1692 539 τὴν
1723 471 1881 523 ἀπεί-

271 546 444 601 οειαν
487 551 627 622 (55),
658 552 750 606 καὶ
771 553 1058 621 φυγαδεύει
1084 555 1144 607 τὸ
1166 555 1373 619 σκότος,
1403 559 1495 610 καὶ
1521 560 1882 629 φωτίζειτοὺς

269 637 634 711 ὀφθαλμοὺς,
662 645 754 696 καὶ
791 644 991 712 γνῶσιν
1019 646 1246 717 παρέχει
1273 651 1340 718 τῇ
1363 648 1531 720 ψυχῇ,
1573 652 1666 705 καὶ
1700 653 1883 724 ὁδηγεῖ

267 730 336 782 τὸ
366 731 686 788 διαϐούλιον
712 735 848 803 πρὸς
884 737 1174 808 σωτηρίαν,
1207 740 1300 791 καὶ
1327 739 1363 792 ἃ
1394 742 1492 794 οὐκ
1531 741 1732 812 ἔμαθεν
1775 747 1881 800 ἀπὸ

267 820 637 893 ἀνθρώπων,
666 821 771 878 οἶδε
813 826 902 880 διὰ
939 827 1041 898 τῆς
1091 829 1396 898 μετανοίας.
1451 833 1725 904 Ἑπήγαγε
1768 836 1878 908 (54)

268 911 391 983 γάρ
431 931 532 983 μοι
560 917 590 967 ό
617 915 748 979 Θεὸς
786 916 939 970 νόσον
975 919 1214 990 ἥπατος,
1255 923 1348 974 καὶ
1393 925 1441 975 εί
1485 923 1558 995 μὴ
1594 927 1750 996 εὐχα)⁵
1784 928 1878 981 τοῦ

267 1004 506 1075 πατρός
533 1023 636 1076 μου
674 1007 866 1060 Ἰακὼϐ
885 1047 900 1072 ,
929 1010 1107 1078 ὀλίγου
1131 1011 1460 1084 διεφώνησεν
1488 1016 1597 1089 (56)
1627 1019 1720 1071 ἀπ’
1745 1019 1877 1089 ἐμοῦ

265 1093 335 1146 τὸ
363 1095 604 1168 πνεῦμά
629 1116 750 1170 μου.
779 1101 858 1153 Δι’
880 1095 955 1154 ὧν
979 1100 1089 1172 (57)
1116 1102 1225 1172 γὰρ
1247 1103 1529 1176 ἄνθρωπος
1552 1113 1875 1180 παρανομεῖ,

265 1183 341 1237 δι’
385 1187 630 1242 ἐκείνων
675 1192 766 1243 καὶ
811 1191 1119 1256 κολάζεται.
1180 1193 1330 1245 Ἐπεὶ
1377 1191 1470 1249 οὖν
1517 1198 1762 1252 ἀνέκειτο
1807 1199 1878 1252 τά

264 1273 480 1343 ἥπατά
529 1296 654 1348 μου,
683 1280 925 1351 ἀνηλεῶς
970 1281 1111 1334 κατὰ
1150 1281 1245 1334 τοῦ
1309 1283 1536 1356 Ἰωσὴφ,
1584 1287 1662 1358 τῷ
1709 1290 1875 1358 ἥπατι

265 1367 524 1436 πάσχων
585 1371 866 1444 ἀνηλεῶς,
897 1374 1192 1446 ἐκρινόμην
1251 1375 1344 1428 ἐπὶ
1408 1378 1581 1448 μῆνας
1640 1381 1832 1435 ἕνδεκα
1859 1423 1873 1446 ,

265 1457 402 1510 καθ’
429 1460 566 1515 ὅσον
607 1463 796 1534 χρόνον
836 1467 1040 1538 ἐνεῖχον
1088 1467 1166 1539 τῷ
1205 1467 1401 1538 Ἰωσὴφ
1426 1510 1439 1532 ,
1482 1471 1586 1535 ἓως
1628 1474 1712 1526 ἵνα
1738 1492 1875 1546 πρα-

267 1545 341 1620 θῇ
404 1548 556 1622 (58).

353 1662 457 1728 ς’.
492 1681 512 1713 ‹
546 1663 655 1717 Καὶ
698 1663 812 1729 νῦν,
835 1667 1000 1721 τέκνα
1024 1687 1144 1740 μου,
1177 1672 1496 1745 ἀγαπήσατε
1524 1675 1754 1739 ἕκαστος
1781 1676 1872 1730 τὸν

1986 478 2337 543 bedientiam,
2375 489 2427 534 et
2463 480 2616 548 fugat
2647 484 2917 551 tenebras,
2947 494 3002 539 et
3029 487 3300 545 illuminat
3338 494 3545 560 oculos,

1982 578 2036 622 et
2089 569 2454 639 cognitionem
2486 571 2700 626 tribuit
2746 574 2961 639 animm,
2997 586 3051 630 ct
3077 579 3225 633 ducit
3255 583 3545 636 consilium

1984 661 2050 714 ad
2098 663 2360 725 salutem;
2411 672 2465 718 ct
2506 679 2626 734 quae
2682 680 2787 718 non
2851 668 3038 724 didicit
3095 673 3164 725 ab
3214 672 3544 734 horninibus.

1983 753 2134 806 novit
2186 769 2282 822 per
2321 756 2718 824 paenitentiam.
2752 756 2965 814 lnduxit
3019 765 3166 817 enim
3211 765 3345 818 mihi
3403 765 3546 820 Deus

1981 847 2352 912 aegritudinem
2409 847 2657 918 hepatis;
2701 859 2755 902 et
2790 851 2894 905 nisi
2942 857 3216 910 orationes
3244 856 3412 924 patris
3437 857 3543 911 mei

1979 933 2147 989 Jacob
2176 937 2581 1006 praevenissent,
2618 953 2807 1005 parum
2851 941 3023 997 abluit
3053 946 3182 1014 quin
3207 947 3460 1000 desiisset
3489 946 3543 999 in

1981 1042 2067 1079 me
2095 1027 2207 1096 (55)
2234 1028 2458 1098 spiritus
2486 1045 2662 1108 meus.
2699 1031 2801 1087 Per
2827 1049 2949 1103 quae
2977 1035 3120 1090 enim
3148 1036 3312 1091 homo
3340 1045 3542 1104 peccat,

1978 1134 2076 1188 per
2123 1119 2216 1174 illa
2271 1129 2326 1174 et
2373 1123 2677 1190 punitur".
2708 1124 2846 1190 Quia
2895 1127 3062 1196 igitur
3098 1127 3357 1198 disposita
3389 1137 3546 1183 erant

1980 1207 2173 1278 hepata
2205 1225 2323 1264 mea
2357 1212 2863 1270 immisericorditer
2915 1217 3177 1274 adversus
3199 1227 3205 1237 '
3228 1218 3448 1290 Ioseph,
3488 1220 3542 1275 in

1979 1300 2170 1369 hepate
2216 1303 2430 1370 patiens
2481 1305 3001 1371 immisericorditer,
3033 1308 3296 1378 judicium
3349 1313 3542 1380 pertuli

1975 1405 2072 1460 per
2127 1407 2342 1447 menses
2391 1395 2664 1459 undecim,
2718 1397 3024 1452 secundum
3069 1411 3284 1470 tempus
3333 1403 3385 1456 in
3431 1417 3542 1472 quo

1975 1479 2275 1535 insidiabar
2301 1481 2521 1553 Joseph,
2555 1501 2728 1555 usque
2750 1480 2877 1541 dum
2909 1490 3254 1546 venderetur.

2045 1656 2134 1712 Vl.
2176 1677 2196 1709 ε
2223 1659 2288 1714 Ει
2316 1676 2481 1721 nunc,
2507 1663 2598 1716 lilii
2630 1665 2755 1728 mei,
2781 1667 2988 1737 diligite
3015 1671 3400 1742 unusquisque
3429 1673 3539 1728 fra—

265 1749 522 1820 ἀδελφὸν
563 1755 748 1820 αὐτοῦ,
786 1759 880 1810 καὶ
905 1759 1132 1831 ἐξάρατε
1159 1762 1220 1815 τὸ
1264 1766 1422 1834 μῖσος
1455 1765 1562 1819 ἀπὸ
1598 1767 1706 1819 τῶν
1735 1785 1860 1839 καρ-

1973 1756 2108 1804 trem
2135 1765 2317 1814 suum,
2359 1763 2411 1807 et
2431 1753 2638 1810 auferte
2660 1758 2844 1811 odium
2877 1775 2906 1812 a
2927 1762 3183 1818 cordibus
3209 1767 3424 1829 vestris,
3455 1767 3539 1821 di-

265 1838 408 1894 διῶν
434 1843 468 1895 ὑ
479 1844 615 1914 μῶν,
648 1847 968 1915 ἀγαπῶντες
997 1851 1258 1924 ἀλλήλους
1288 1857 1345 1908 ἐν
1370 1857 1533 1928 ἔργῳ,
1571 1859 1664 1912 καὶ
1695 1859 1863 1932 λόγῳ,

265 1933 372 1985 καὶ
419 1933 636 2007 διανοίᾳ
665 1937 864 2008 ψυχῆς.
909 1941 1050 2009 Ἐγὼ
1099 1943 1208 2015 γὰρ
1255 1945 1395 1999 κατά
1452 1947 1740 2019 πρόσωπον
1773 1949 1866 2002 τοῦ

265 2024 500 2094 πατρὸς
529 2025 683 2095 ήμῶν
709 2029 959 2099 εἰρηνικά
987 2031 1205 2085 ἐλάλουν
1231 2034 1309 2105 τῷ
1355 2036 1550 2108 Ἰωσὴφ
1595 2037 1728 2106 (59),
1775 2040 1868 2091 καὶ

263 2112 596 2179 ἐξελθόντος
629 2134 750 2186 μου,
780 2119 840 2171 τὸ
885 2121 1096 2193 πνεῦμα
1141 2124 1233 2177 τοῦ
1266 2126 1454 2196 μίσους
1485 2128 1726 2192 ἐσκότιζέ
1765 2147 1866 2200 μου

260 2204 364 2256 τὸν
387 2205 546 2268 νοῦν,
579 2208 673 2260 καὶ
720 2209 988 2280 ἐτάρασσε
1019 2231 1118 2283 μου
1152 2215 1251 2285 τὴν
1288 2215 1483 2288 ψυχὴν,
1517 2219 1612 2271 τοῦ
1661 2220 1865 2274 ἀνελεῖν

261 2293 470 2345 αθιτόν.
512 2293 784 2362 Ἀγαπᾶτε
807 2297 916 2368 (60)
941 2295 1032 2353 οὗν
1063 2302 1322 2373 ἀλλήλους
1345 2307 1452 2358 ἀπὸ
1481 2307 1734 2378 καρδίας·
1772 2311 1865 2363 καὶ

259 2385 369 2436 ἐὰν
396 2385 633 2458 ἁμάρτῃ
657 2389 736 2451 εἰς
768 2389 849 2453 σὲ,
873 2391 992 2444 εἰπέ
1018 2393 1165 2463 αὐτῷ
1184 2395 1242 2447 ἐν
1264 2397 1473 2469 εἰρήνῃ,
1499 2397 1750 2469 ἐξορίσας
1774 2399 1864 2454 τὸν

264 2475 351 2526 ἰὸν
384 2475 490 2527 τοῦ
523 2478 730 2546 μίσους,
753 2481 846 2532 καὶ
878 2482 935 2534 ἐν
962 2482 1105 2554 ψυχῇ
1135 2501 1228 2538 σου
1266 2490 1340 2558 μὴ
1362 2491 1644 2560 κρατήσῃς
1674 2491 1822 2544 δόλον
1847 2509 1859 2522 ⁸

261 2565 367 2616 καὶ
391 2564 499 2617 ἐάν
536 2567 874 2640 ὁμολογήσας
905 2574 1232 2647 μετανοήσῃ,
1277 2575 1412 2644 ἄφες
1455 2577 1632 2647 αὐτῷ·
1665 2579 1760 2632 ἐάν
1804 2597 1862 2631 τε

261 2655 550 2724 ἀρνεῖται,
589 2661 661 2729 μὴ
688 2660 977 2728 φιλονείκει
1001 2663 1167 2734 αὐτῷ,
1208 2667 1414 2738 μήποτε
1442 2669 1738 2738 ὀμόσαντος
1763 2673 1860 2723 αὺ-

259 2744 389 2808 τοῦ,
410 2745 616 2811 δισσῶς
634 2750 975 2822 ἁμαρτήσῃς.
991 2752 1080 2822 Μὴ
1105 2753 1312 2827 ἀκούσῃ
1335 2756 1391 2808 ἐν
1415 2756 1563 2830 μάχῃ
1586 2757 1861 2830 ἀλλότριος

267 2836 584 2906 μυστήριον
627 2839 805 2909 ὑμῶν·
855 2841 938 2894 ἵνα
975 2843 1049 2913 μὴ
1098 2849 1334 2915 μισήσας
1369 2864 1428 2899 σε
1480 2848 1740 2921 ἐχΘράνῃ,
1770 2849 1862 2902 καὶ

267 2927 530 2998 μεγάλην
557 2929 828 3000 ἁμαρτίαν
853 2934 1150 3005 ἐργάηται
1174 2937 1314 2990 κατὰ
1336 2938 1430 2991 σοῦ
1449 2955 1461 2965 ·
1490 2940 1572 2993 ὅτι
1604 2942 1861 3005 πολλάκις

264 3014 632 3086 δολοφονῆσαι
669 3019 800 3086 (6i),
831 3021 862 3091 ἧ
904 3025 1322 3094 περιεργάσεταί
1364 3044 1423 3080 σε
1469 3030 1526 3082 ἐν
1558 3029 1733 3100 κακῷ,
1767 3031 1862 3083 λα-

266 3105 384 3158 ὅὼν
405 3108 520 3160 ἀπὸ
553 3109 646 3162 σοῦ
673 3111 763 3164 τὸν
796 3113 894 3166 ἰόν.
933 3115 1057 3168 Ἐὰν
1079 3111 1170 3169 οὖν
1203 3117 1474 3188 ἀρνεῖταιν
1504 3122 1599 3174 καὶ
1641 3122 1857 3194 αἰδεσθῇ

265 3197 655 3270 ἐλεγχόμενος,
711 3204 990 3276 ήσυχασθῇ
1045 3206 1176 3277 (62),
1223 3209 1296 3280 μή
1346 3209 1544 3281 ἐξάξῃς
1580 3213 1761 3266 αὐτόν.
1804 3215 1860 3267 '0

264 3289 381 3359 γὰρ
431 3292 765 3363 ἀρνούμενος
809 3301 1077 3366 μετανοεῖ,
1107 3298 1200 3351 τοῦ
1235 3301 1429 3370 μηκέτι
1474 3302 1858 3375 πλημμελῆσαι

263 3384 348 3446 είς
398 3384 496 3437 σέ·
545 3386 681 3440 ἀλλά
731 3390 823 3442 καὶ
856 3392 1078 3461 τιμήσει
1108 3408 1187 3455 σε,
1231 3395 1324 3447 καὶ
1351 3395 1732 3466 φοϐηθήσεται,
1766 3401 1859 3453 καὶ

261 3476 606 3547 εἰρηνεύσει.
661 3478 785 3533 Ἐὰν
816 3482 873 3534 δέ
901 3483 1118 3554 ἀναιδής
1173 3486 1310 3550 ἐστι,
1345 3487 1440 3540 καὶ
1482 3489 1754 3544 ἐνίσταται
1789 3495 1856 3564 τῇ

261 3570 461 3641 κακίᾳ,
490 3571 584 3624 καὶ
604 3571 776 3637 οὕτως
802 3574 937 3644 ἄφες
965 3576 1112 3648 αὐτῷ
1143 3578 1250 3632 ἀπὸ
1280 3581 1526 3652 καρδίας,
1553 3583 1646 3636 καὶ
1672 3584 1760 3648 δὸς
1778 3587 1856 3658 τῷ

261 3659 386 3729 Θεῷ
407 3660 518 3732 τὴν
545 3663 844 3735 ἐκδίκησιν.

331 3753 409 3807 Z'.
450 3771 474 3804 ‹
533 3755 656 3808 Ἐάν
688 3774 772 3820 τις
794 3758 935 3830 ὑπὲρ
968 3760 1112 3831 ὑμᾶς
1137 3762 1432 3829 εὐοδοῦται,
1479 3767 1552 3838 μὴ
1575 3768 1848 3823 λυπεῖσθεο

262 3841 401 3895 ἀλλά
431 3844 536 3897 καὶ
564 3844 786 3916 εὔχεσθε
817 3849 958 3922 ὑπὲρ
985 3852 1170 3915 αὐτοῦ,
1200 3854 1286 3905 ἵνα
1307 3855 1529 3920 τελείως
1551 3859 1849 3915 εὐοδοῦται.

267 3935 433 3999 Ἴσως
468 3935 580 4007 γὰρ
625 3939 752 4008 ὑμῖν
783 3943 1048 4013 συμφέρει
1075 3943 1273 4008 οὕτως·
1302 3948 1395 3999 καὶ
1418 3947 1512 4000 ἐὰν
1539 3951 1630 4003 ἐπὶ
1671 3953 1852 4006 πλεῖον

265 4022 527 4091 ὑψοῦται,
558 4027 631 4097 μὴ
667 4029 924 4096 φθονεῖτε,
960 4035 1410 4104 μνημονεύοντες,
1434 4039 1514 4092 ὅτι
1538 4042 1686 4095 πᾶσα
1715 4042 1849 4113 σὰρξ

264 4115 646 4174 ἀποθανεῖται.
679 4123 867 4193 Κυρίῳ
905 4125 962 4178 δὲ
988 4125 1152 4196 ὕμνον
1179 4129 1535 4201 προσφέρετε,
1565 4133 1644 4202 τῷ
1675 4134 1846 4204 παρὲ-

1971 1841 2197 1912 ligentes
2241 1852 2453 1900 vosmet
2486 1847 2714 1902 invicem
2751 1849 2803 1903 in
2837 1866 3022 1920 opere,
3061 1863 3116 1907 et
3160 1871 3433 1923 sermone,
3484 1868 3538 1914 et

1969 1936 2296 2006 cogitatione
2317 1939 2534 1994 animae.
2568 1940 2679 2010 Ego
2701 1943 2844 1997 enim
2877 1959 3061 1998 coram
3091 1945 3229 2001 facie
3251 1951 3421 2017 patris
3446 1966 3539 2004 no-

1969 2029 2066 2082 stri
2107 2030 2331 2099 paciﬁca
2387 2032 2652 2102 loquebar
2697 2037 2762 2089 ad
2805 2035 3044 2106 Josepli;
3079 2047 3130 2092 ct
3163 2050 3394 2094 exeunte
3429 2059 3533 2108 me,

1970 2120 2193 2189 spiritus
2224 2123 2331 2177 odii
2360 2124 2733 2180 obtenebravit
2753 2127 3080 2182 intellectum
3116 2145 3318 2192 meum,
3351 2142 3402 2184 et
3422 2141 3536 2186 tur-

1970 2210 2118 2265 bavit
2146 2213 2383 2266 animam
2415 2230 2614 2279 meam,
2641 2217 2706 2269 ad
2748 2216 3106 2270 occidendum
3136 2236 3283 2272 eum.
3320 2220 3536 2291 Diligite

1969 2304 2136 2372 igitur
2161 2315 2372 2361 vosmet
2413 2308 2644 2362 invicem
2667 2324 2733 2362 ex
2773 2310 2972 2375 corde;
3002 2319 3056 2365 et
3087 2312 3131 2365 si
3165 2323 3350 2381 peccet
3393 2314 3447 2367 in
3483 2324 3534 2370 te

1968 2397 2212 2470 (aliquis)
2261 2399 2350 2454 die
2384 2401 2432 2454 ei
2463 2401 2515 2453 in
2559 2417 2694 2470 pace
2739 2403 2805 2465 ",
2843 2403 3215 2460 exterminans
3261 2422 3530 2461 venenum

1967 2487 2098 2553 odii,
2132 2500 2186 2543 et
2210 2490 2262 2543 in
2294 2490 2474 2544 anima
2504 2501 2590 2546 tua
2628 2507 2695 2546 ne
2726 2501 2912 2548 teneas
2949 2495 3133 2549 dolum
3161 2512 3173 2547 :
3202 2505 3254 2549 et
3291 2497 3335 2551 si
3364 2499 3532 2569 eunti:

1967 2588 2087 2634 tens
2117 2582 2395 2650 paeniteat,
2430 2583 2642 2638 remitte
2665 2585 2748 2650 ei;
2783 2587 2894 2639 etsi
2927 2596 3106 2656 negat,
3144 2603 3210 2641 ne
3235 2591 3532 2644 contendas

1965 2688 2088 2726 cum
2121 2687 2207 2736 eo,
2240 2689 2308 2727 ne
2339 2675 2556 2742 quando
2600 2676 2819 2744 jurante
2848 2694 2933 2744 eo,
2969 2679 3256 2748 dupliciter
3316 2698 3526 2750 pecces.

1964 2758 2042 2814 Ne
2068 2762 2253 2816 audiat
2272 2763 2482 2818 alienus
2515 2764 2566 2818 in
2596 2768 2943 2823 contentione
2971 2781 3238 2825 secretum
3263 2781 3526 2834 vestrum;

1964 2867 2033 2906 ne
2067 2853 2256 2908 odiens
2289 2863 2339 2909 te
2368 2856 2702 2923 inimicetur,
2728 2867 2781 2912 et
2803 2875 3058 2928 magnum
3091 2871 3368 2930 peccatum
3401 2879 3530 2932 ope-

1964 2950 2115 2996 retur
2139 2943 2402 2998 adversus
2433 2955 2514 3010 te;
2538 2949 2795 3016 quoniam
2825 2949 3104 3005 multoties
3126 2951 3250 3004 dolo
3275 2953 3530 3022 loquetur

1965 3041 2163 3094 tecum,
2193 3035 2276 3088 vel
2316 3037 2748 3103 perscrutabitur
2775 3047 2826 3094 te
2854 3040 2906 3092 in
2935 3042 3098 3107 malo,
3121 3043 3396 3110 accipiens
3423 3060 3452 3097 a
3477 3052 3527 3100 te

1964 3139 2254 3180 venenum.
2292 3126 2349 3182 Si
2384 3129 2548 3198 igitur
2573 3139 2752 3198 neget,
2782 3140 2834 3185 et
2861 3133 3148 3194 erubescat
3179 3135 3522 3204 redargutus,

1961 3225 2015 3270 et
2039 3218 2305 3286 quiescat,
2337 3235 2402 3274 ne
2418 3220 2619 3275 educas
2647 3237 2793 3276 eum.
2813 3221 3026 3293 Negatis
3055 3224 3197 3279 enim
3233 3227 3522 3294 resipiscit,

1927 3309 1930 3313 ’
1963 3319 2021 3362 ut
2052 3326 2157 3364 non
2189 3313 2422 3380 amplius
2443 3314 2726 3383 delinquat
2752 3315 2804 3367 in
2837 3324 2921 3378 te;
2948 3316 3042 3370 sed
3067 3329 3120 3370 et
3143 3318 3522 3379 honorabitte,

1959 3411 2012 3456 et
2048 3402 2279 3466 timebit,
2308 3412 2362 3457 et
2387 3405 2644 3472 paciﬁcus
2692 3407 2812 3461 erit.
2865 3405 2923 3460 Si
2956 3423 3085 3460 vero
3127 3410 3523 3464 inverecundus

1958 3502 2060 3557 est,
2089 3503 2143 3548 ct
2169 3494 2334 3549 instat
2364 3495 2613 3562 malitiae;
2649 3507 2702 3551 et
2729 3497 2799 3551 ita
2834 3497 3048 3553 remitte
3091 3499 3140 3553 ci
3165 3515 3230 3554 ex
3259 3501 3443 3567 corde,
3469 3513 3523 3557 et

1956 3592 2023 3646 da
2060 3591 2169 3646 Deo
2190 3591 2484 3647 vindictam
2508 3593 2573 3646 '°.

2027 3769 2141 3826 VII.
2167 3790 2183 3822 ι
2217 3769 2273 3825 Si
2306 3773 2430 3842 quis
2457 3772 2578 3841 plus
2599 3787 2759 3841 quam
2779 3786 2877 3828 vos
2901 3786 3272 3843 prosperatur,
3303 3791 3368 3828 ne
3389 3792 3517 3829 cou-

1953 3863 2244 3918 tristemini
2267 3881 2282 3928 ;
2307 3864 2397 3918 sed
2429 3873 2482 3918 et
2496 3872 2645 3918 orate
2672 3879 2774 3933 pro
2801 3864 3261 3934 ipso,utperl‘ccte
3291 3882 3514 3937 prospe-

1953 3964 2121 4009 retur.
2157 3953 2317 4008 Forte
2343 3955 2484 4008 enim
2512 3955 2663 4010 vobis
2684 3955 2905 4023 expedit
2939 3958 3011 4008 ita
3043 3974 3054 4009 :
3088 3966 3140 4010 et
3169 3957 3214 4011 si
3247 3958 3368 4025 plus
3415 3975 3514 4011 ex-

1952 4044 2150 4098 altatus
2172 4042 2352 4104 fuerit.
2379 4061 2445 4098 ne
2475 4045 2780 4109 invideatis,
2817 4046 3184 4109 recordantes,
3221 4047 3365 4115 quod
3392 4062 3510 4100 om-

1953 4133 2038 4189 nis
2053 4148 2182 4188 caro
2203 4134 2484 4188 morietur.
2517 4133 2752 4189 Domino
2781 4142 2960 4189 autem
2999 4136 3258 4206 hymnum
3293 4137 3508 4202 oﬂ‘erte,

266 4225 415 4278 χοντι
467 4209 537 4263 τά
585 4211 724 4265 καλά
777 4211 870 4268 καὶ
923 4219 1267 4290 συμφέροντα
1315 4222 1481 4276 πᾶσιν
1515 4223 1842 4296 ἀνθρώποις.

1962 4226 2211 4282 tribuenti
2235 4227 2376 4280 bona
2393 4233 2448 4281 et
2462 4226 2616 4281 utilia
2642 4227 2906 4281 omnibus
2929 4227 3241 4282 hominibus
3259 4229 3323 4282 “.
3347 4226 3512 4282 Seru-

362 4388 406 4418 "’
439 4385 487 4440 ll
513 4387 639 4442 Cor.
667 4404 764 4454 vn,
796 4389 881 4445 10.
957 4393 1002 4424 ³⁸
1033 4391 1159 4464 Sap.
1191 4411 1266 4462 χι,
1292 4397 1378 4452 17.
1456 4400 1500 4431 ³³
1530 4397 1720 4454 Matth.
1753 4400 1860 4476 .XVil

1969 4402 2030 4467 5;
2056 4401 2189 4458 Luc.
2242 4417 2374 4469 xvn,
2427 4403 2480 4457 5.

363 4503 458 4574 55)
507 4503 843 4574 Ἀπείθειαν.
890 4506 1163 4574 ’Λγνοιαν.
1199 4510 1364 4566 ϐιιΑιι.

364 4573 458 4652 54)
509 4573 810 4652 ’ζὲπήχατα
868 4573 1518 4652 *Τοὺς-*ἐπιστρέφοντας
1593 4582 1844 4652 δέχεσθαι

269 4643 420 4718 addit
443 4644 818 4718 codex_0xon.
861 4645 993 4718 Quae
1022 4649 1190 4718 alium
1232 4643 1456 4718 prorsus
1494 4643 1718 4706 Sensum
1745 4653 1801 4706 fa
1820 4683 1836 4692 -

270 4711 446 4787 ciunt,
477 4715 773 4787 quasi‘liaec
804 4717 1074 4787 γει-ιω]ιά
1103 4711 1267 4772 [leum
1296 4730 1479 4774 essent
1517 4722 1796 4776 referenda
1825 4739 1839 4787 ;

273 4784 936 4857 sed__p_r:et_'erolectionem
961 4785 1490 4857 Cantaln'igiensem.
1517 4790 1591 4845 In.

342 4853 458 4917 (55)
498 4853 746 4906 Desiisset
792 4855 841 4904 in
884 4871 979 4907 me.
1028 4853 1387 4910 υἱεεοηιὶἰεδει
1425 4875 1458 4908 a
1495 4873 1596 4909 me.
1651 4858 1840 4915 Graeca

279 4935 378 4992 vox
415 4925 679 4992 occurrit,
707 4922 876 4976 Exod.
901 4941 1044 4982 vxrv,
1067 4942 1101 4977 ll
1129 4943 1142 4988 ;
1175 4925 1288 4980 .los.
1317 4945 1472 4988 xxiii,
1518 4930 1600 4992 ll,
1628 4939 1731 4983 etc.

275 5057 318 5111 Ο
343 4991 452 5062 (56)
483 4993 728 5113 1Ὀλιγου
744 4992 1130 5061 διεφώιηησεν.
1167 4991 1608 5065 Ἕφθασανμιιίό.
1639 5001 1691 5052 in
1715 5000 1837 5053 cod.

324 5076 447 5113 son.
507 5079 556 5113 ι).

324 5076 447 5113 30H.
483 5076 556 5114 ID.

345 5130 454 5201 (57)
493 5130 703 5207 Δι’ᾧν,
737 5151 790 5186 κ.
813 5133 942 5207 τι-λ.
983 5132 1134 5207 Hanc
1172 5137 1501 5207 sententiam
1549 5139 1838 5207 exscripsit

277 5211 462 5254 auctor
485 5217 547 5254 ex
575 5202 708 5289 sap;
734 5220 809 5266 ιι,
842 5203 927 5289 l7,
959 5204 1049 5257 ubi
1084 5205 1357 5289 ipsissitna
1389 5223 1524 5289 pene
1555 5202 1841 5289 νρνιηξιε-

275 5283 538 5342 currunt:
571 5271 754 5342 Adi?”
785 5291 873 5340 τις
891 5271 1224 5342 ἁμαρτάνει,
1258 5275 1354 5328 διὰ
1375 5271 1595 5330 τούτων
1617 5276 1841 5336 κολάζε-

275 5352 384 5391 ται.
417 5339 575 5412 Vulg.
599 5361 610 5394 :
638 5340 748 5395 Per
775 5361 894 5413 qua?
921 5339 1038 5413 quis
1071 5355 1271 5412 peccat,
1303 5363 1392 5415 per
1413 5347 1520 5402 haec
1545 5359 1593 5400 et
1626 5358 1838 5416 torque-

278 5415 378 5459 tur.

347 5477 452 5549 (58)
493 5482 634 5556 Κιιᾷ
659 5482 816 5556 ᾆσον
841 5483 1061 5556 χρόνον
1090 5483 1324 5552 ἐνεῖχεν
1356 5484 1434 5551 τῷ
1463 5487 1693 5556 Ἰωσὴφ,
1728 5486 1836 5551 ἕως

279 5544 380 5618 Ira,
407 5544 621 5618 ipa/)1].
659 5544 891 5605 Desunt:
910 5554 1078 5607 Gnm.

346 5617 450 5686 (59)
495 5622 772 5694 Εἰρηνιμιᾲ
818 5622 1082 5681 ἐλάλουν
1116 5624 1213 5694 ῖῷί
1237 5625 1462 5694 Ἰωσήφ.
1500 5625 1701 5691 Μοιικς,
1731 5627 1834 5678 Ge-

282 5698 386 5738 nrs.
419 5705 618 5753 χχχιιι,
646 5709 697 5742 v.
732 5693 776 5755 ι,
811 5695 875 5745 dc
909 5695 1164 5747 fratribus
1192 5693 1412 5764 JOH’lllll
1446 5699 1514 5749 ait
1556 5717 1564 5746 :
1595 5697 1828 5750 (lrlt'rmrt

2565 4402 2611 4433 ³ο
2644 4401 2803 4459 Rom.
2827 4419 2927 4468 xu,
2958 4403 3042 4457 l9.
3131 4402 3172 4436 ³¹
3205 4403 3328 4458 lsai.
3371 4422 3408 4470 ι,
3453 4407 3488 4461 5

1948 4527 2086 4587 eum.
2123 4528 2214 4565 nec
2243 4521 2485 4587 poterant
2523 4513 2809 4587 quidquam
2849 4515 3066 4587 paciﬁce
3090 4515 3158 4566 ad
3186 4533 3302 4568 eum
3342 4517 3505 4587 loqui.

1946 4581 2150 4634 Auctor
2169 4598 2295 4636 vero
2327 4581 2775 4634 T‘estamentorum
2799 4581 2910 4638 haec
2936 4581 3094 4637 verba
3125 4604 3227 4638 non
3263 4581 3510 4643 universe

1949 4649 2172 4720 intelligi
2201 4654 2394 4714 voluit,
2427 4652 2520 4705 sed
2551 4652 2634 4721 iad
2677 4653 2948 4721 colloquia
3001 4653 3227 4708 fratrum
3280 4658 3420 4710 inter
3451 4677 3508 4712 se

1947 4723 2246 4783 restrinxit,
2283 4722 2514 4796 indeque
2537 4720 2954 4796 Gaduurcoi'am
2990 4735 3136 4796 patre
3159 4724 3325 4796 .Iacob
3356 4731 3504 4796 paci-

1948 4791 2045 4841 ﬁca
2081 4807 2202 4843 cum
2233 4791 2468 4853 Josepho
2505 4790 2664 4843 verba
2699 4790 3175 4848 miscuisserdixit.
3207 4795 3279 4849 In.

2017 4859 2126 4928 (60)
2181 4857 2475 4935 Ὰγαρτᾶτς,
2507 4877 2563 4935 κ.
2599 4877 2648 4910 τ.
2681 4859 2729 4935 λ.
2757 4861 2967 4935 Omissa
3004 4867 3186 4918 omnia
3231 4881 3402 4935 usque
3439 4869 3502 4919 ad

1944 4927 2366 4997 περισπασμόν
2392 4927 2506 4981 τῶν
2531 4928 2867 4996 ἀνθρώπων.
2897 4931 2969 4986 ID.

2016 4999 2146 5085 (61).
2165 4997 2576 5085 Δολοςςονῇσαε
2633 4999 2938 5085 Legi-nilum
2958 5075 2966 5083 ι
2989 5014 3116 5085 puto
3142 5004 3500 5085 δολοφονήσει,

1944 5065 2105 5137 idque
2129 5065 2674 5144 Latine,reddendum
2706 5065 2827 5144 dolo
2859 5065 3054 5124 occide!
3095 5086 3160 5126 te.
3203 5065 3501 5144 lit-quippe

1942 5138 2212 5205 signiﬁcat
2241 5138 2466 5192 verbum
2490 5138 2809 5206 δολοφονείν,
2859 5159 2962 5194 non
2999 5152 3177 5195 autem
3208 5138 3383 5196 dolose
3402 5138 3498 5196 Ἰο-

1941 5207 2053 5274 qui,
2082 5217 2140 5260 ut
2164 5206 2437 5263 Roliertus
2460 5210 2757 5281 transtulit,
2778 5212 2957 5277 legens
2987 5213 3120 5265 forte
3149 5212 3496 5281 δολοφωνεῖν;

1940 5292 2102 5346 quam
2121 5287 2300 5332 tamen
2319 5295 2502 5331 vocem
2529 5280 2581 5330 in
2612 5280 2757 5332 nullo
2789 5291 3011 5334 auctore
3031 5282 3223 5349 legisse
3250 5280 3494 5337 memini.

1938 5347 2185 5418 Accedit,
2222 5349 2365 5416 quod
2407 5349 2572 5402 cwdes
2613 5365 2704 5417 per
2737 5350 2912 5400 dolum
2950 5347 3104 5418 [acui
3135 5355 3499 5406 antecedenti-

1938 5416 2041 5489 bus
2087 5419 2259 5488 magis
2304 5428 2588 5489 congruat,
2615 5433 2798 5489 quam
2833 5416 3154 5488 colloquium
3207 5423 3446 5475 (1010mm
3475 5439 3494 5477 ;

1939 5487 2400 5562 quippegrandis
2419 5487 2622 5562 peccati
2654 5489 2861 5541 mentio
2891 5487 3032 5544 facta
3060 5501 3198 5558 erat,
3236 5494 3395 5562 quale
3413 5505 3494 5550 est

1940 5557 2121 5622 utique
2153 5555 2522 5612 It'miiieidium.
2550 5555 2621 5608 lo.

2009 5627 2115 5691 (69.)
2169 5627 2539 5694 Ἡσοιχησθῇ.
2597 5625 2688 5679 Hii-
2745 5629 3089 5686 inserendum
3142 5633 3350 5688 videtur
3377 5635 3527 5688 xal.’

1938 5695 2008 5747 In.
