4038 6314
518 283 656 344 1119

1511 286 1971 344 TESTAMENTA
2018 281 2107 337 XII
2160 279 2775 355 PATRIARCHARUM.

3653 275 3789 331 ΙΙΈ)

516 414 632 458 tare
655 403 861 473 judicia
886 403 1122 470 Domini,
1148 412 1200 460 et
1232 405 1304 459 ita
1338 402 1574 479 dimittet
1599 403 1737 475 (64),
1760 412 1813 457 et
1840 402 2077 472 quiescel

2206 395 2489 461 Ἐξέτασον
2506 396 2748 467 κρίματα
2770 392 2959 464 Κυρίῳ
2982 391 3112 463 (65),
3140 390 3233 445 καὶ
3262 391 3434 455 οὕτως
3469 394 3789 462 καταλείᾋι

514 496 809 550 consilium
844 504 1020 552 tuum.
1076 497 1133 551 Si
1183 512 1314 551 vero
1340 506 1395 552 et
1423 513 1491 553 ex
1523 496 1681 551 malis
1712 496 1837 565 quis
1884 494 2089 549 ditatus

517 582 703 651 fuerit,
726 586 870 642 sicut
896 586 1041 642 Esau
1061 586 1229 643 frater
1249 589 1422 658 patris
1464 589 1589 655 mei,
1622 588 1791 643 nolite
1807 587 2087 653 aemulari;

516 677 810 733 terminum
828 679 973 734 enim
998 678 1212 734 Domini
1244 681 1580 749 suscipietis.
1610 678 1708 734 Vel
1737 680 1885 735 enim
1913 677 2091 735 aufert

517 767 631 821 haec
664 768 719 820 in
751 769 929 834 malis,
964 769 1047 823 vel
1075 771 1467 839 pmnitentibus
1492 770 1740 835 dimittit,
1777 771 1859 825 vel
1885 770 2087 839 impoa-

515 859 706 913 nitenti
755 871 934 916 servat
981 862 1035 915 in
1059 871 1322 916 aeternum
1370 862 1482 931 (66)
1532 863 1890 932 punitionem.
1949 861 2088 916 Nam

514 968 741 1023 pauper,
771 963 824 1009 et
861 954 1063 1010 invidia
1093 971 1289 1011 carens
1317 956 1453 1026 (67),
1492 956 1546 1009 in
1574 956 1829 1010 omnibus
1857 953 2090 1009 Domino

514 1046 716 1113 gratias
752 1061 939 1116 agens,
970 1046 1087 1114 ipse
1115 1048 1259 1116 apud
1303 1062 1495 1102 omnes
1545 1048 1771 1112 ditatur,
1826 1046 2087 1116 quoniam

513 1152 621 1190 non
655 1138 815 1191 habet
848 1139 1210 1207 perniciosam
1250 1139 1705 1209 depraedationem
1762 1139 1875 1212 (68)
1910 1139 2087 1194 homi-

513 1244 667 1282 num.
693 1229 915 1285 Auferte
941 1230 1109 1300 igitur
1143 1231 1332 1286 odium
1363 1233 1431 1286 ab
1464 1233 1755 1287 animabus
1782 1230 2007 1297 vestris,
2035 1237 2089 1284 et

510 1319 719 1388 diligite
754 1331 967 1374 vosmet
990 1321 1221 1376 invicem
1257 1321 1308 1375 in
1339 1323 1667 1377 rectitudine
1699 1322 1904 1377 cordis.

582 1408 715 1464 Vlll.
754 1428 772 1461 ι
812 1410 988 1466 Dicite
1032 1422 1213 1467 autem
1248 1422 1303 1467 et
1333 1430 1429 1468 vos
1464 1414 1581 1467 luce
1610 1414 1739 1468 filiis
1771 1415 1990 1479 vestris,
2028 1422 2089 1469 ut

510 1500 780 1557 honorent
809 1502 1003 1558 Judam
1038 1513 1092 1560 et
1129 1504 1295 1565 Levi:
1351 1508 1613 1577 quoniam
1648 1522 1716 1562 ex
1762 1507 1844 1562 eis
1878 1508 2087 1562 orietur

508 1593 664 1647 vobis
696 1592 982 1661 Dominus,
1014 1594 1265 1650 Salvator
1289 1595 1756 1667 lsraeli.Cognovi
1778 1597 1923 1651 enim
1939 1596 2088 1667 quod

509 1685 563 1738 in
596 1686 702 1739 line
742 1686 998 1741 recedent
1041 1687 1138 1741 filii
1172 1688 1334 1743 vestri
1371 1689 1440 1743 ab
1462 1690 1566 1754 eis,
1598 1698 1653 1743 et
1686 1689 1743 1745 in
1773 1688 1925 1747 omni
1958 1704 2085 1758 per-

508 1777 673 1843 nicie,
705 1787 759 1832 ct
807 1778 1169 1847 malignitate,
1199 1789 1253 1834 et
1294 1781 1650 1850 corruptione
1681 1790 1848 1836 erunt
1894 1796 2084 1839 coram

509 1865 764 1922 Domino.
786 1887 805 1920 ι
838 1867 906 1921 Et
932 1871 1214 1938 paululum
1238 1871 1555 1941 quiescens,
1575 1889 1768 1929 rursus
1791 1873 1934 1929 dixit
1955 1874 2038 1930 eis
2067 1891 2082 1928 :

512 1976 531 2007 ι
559 1956 679 2012 Filii
698 1958 826 2025 inci,
847 1961 1063 2016 obedite
1081 1963 1220 2031 patri
1250 1972 1453 2026 vestro,
1484 1971 1538 2017 et
1563 1965 1785 2033 sepelite
1807 1981 1895 2021 me
1920 1982 2087 2037 prope

508 2057 689 2116 patres
717 2065 891 2107 meos.
944 2070 964 2104 ι
1011 2051 1078 2106 Et
1101 2052 1321 2107 elevans
1353 2055 1517 2123 pedes
1543 2070 1696 2121 suos,
1725 2057 1989 2112 dormivit
2028 2058 2083 2113 in

508 2158 661 2210 pace.
683 2144 748 2199 Et
763 2154 889 2216 post
912 2146 1155 2216 quinque
1168 2162 1346 2202 annos
1378 2148 1713 2203 reduxerunt
1739 2166 1888 2218 eum,
1909 2160 1965 2206 et
1988 2167 2085 2222 po-

508 2244 740 2291 suerunt
769 2250 895 2291 eum
918 2236 975 2291 in
997 2234 1217 2292 Hebron
1247 2252 1371 2291 cum
1396 2238 1644 2307 patribus
1677 2239 1869 2309 ipsius.

1128 2505 1355 2562 CAPUT
1392 2506 1460 2561 Χ.

546 2620 940 2675 Testamentum
972 2623 1126 2687 Aser,
1157 2623 1221 2705 de
1249 2623 1456 2704 duabus
1496 2624 1728 2693 [aciebus
1753 2624 1980 2679 malitia
1996 2635 2046 2679 et

1171 2704 1403 2751 uirtutis.

578 2783 617 2835 l.
664 2780 1079 2852 Transcriptum
1121 2784 1432 2838 testamenti
1476 2784 1644 2849 Aser,
1678 2800 1802 2853 qua:
1857 2786 2077 2841 locutus

503 2881 587 2927 est
617 2872 742 2925 (iliis
775 2871 890 2926 suis
944 2872 1245 2926 centesimo
1299 2870 1560 2925 vicesimo
1609 2887 1755 2925 anno
1800 2871 1913 2940 ('72)
1956 2871 2077 2926 vita:

503 2981 637 3021 suae.
663 2964 856 3018 Adhuc
882 2980 1051 3017 sanus
1066 2964 1358 3029 exsistcns,
1379 2964 1514 3018 dixit
1540 2963 1620 3019 eis
1651 2981 1664 3016 :
1702 2963 1949 3028 «Audite,
1980 2965 2074 3020 lilii

502 3059 660 3121 Aser,
695 3068 903 3126 patrem
937 3064 1203 3120 vestrum,
1235 3064 1290 3109 et
1316 3071 1479 3109 omne
1510 3067 1720 3109 rectum
1752 3070 1936 3110 coram
1962 3055 2073 3111 Deo

501 3149 786 3206 ostendam
818 3149 995 3203 vobis.
1025 3148 1171 3227 Duas
1206 3148 1324 3203 vias
1360 3148 1506 3203 dedit
1537 3148 1802 3203 Dominus
1825 3149 1950 3204 [iliis
1973 3150 2073 3204 ho-

501 3240 734 3301 minum,
767 3239 876 3293 duo
903 3239 1153 3305 consilia,
1184 3248 1238 3294 et
1259 3240 1397 3294 duos
1419 3248 1597 3305 actus,
1625 3250 1678 3294 et
1721 3241 1832 3295 duo
1856 3241 1997 3307 loca,
2020 3250 2077 3296 et

500 3332 641 3384 duos
666 3333 819 3384 lines.
859 3328 1093 3399 Ideoque
1125 3332 1310 3385 omnia
1352 3331 1461 3387 duo
1504 3341 1655 3395 sunt,
1680 3350 1849 3388 unum
1880 3346 2073 3388 contra

506 3420 820 3477 unum.Vi:e
835 3423 977 3485 dum,
1000 3421 1198 3475 boniet
1217 3423 1375 3488 mali;
1400 3423 1452 3478 in
1473 3423 1677 3494 quibus
1692 3425 1947 3479 suntduo
1967 3440 2099 3480 con-

502 3514 624 3568 silia
651 3514 706 3567 in
729 3515 1042 3583 pectoribus
1060 3516 1285 3582 nostris,
1307 3515 1669 3585 dijudicantia
1691 3532 1806 3571 eas.
1833 3514 1889 3571 Si
1910 3516 2073 3583 igitur

498 3605 681 3660 anima
705 3607 831 3660 velit
853 3607 904 3660 in
934 3608 1097 3672 bono,
1125 3607 1215 3679 [ad
1231 3607 1434 3661 bonum
1456 3608 1675 3662 ducitur
1694 3607 1879 3680 homo]
1912 3608 2071 3680 (75‘),

498 3699 681 3753 omnis
713 3709 868 3754 actus
896 3700 1067 3769 ipsius
1084 3714 1168 3754 est
1196 3700 1473 3770 iniustitia
1495 3718 1508 3764 ;
1533 3709 1585 3753 et
1613 3702 1658 3754 si
1687 3710 1893 3769 peccet,
1926 3702 2072 3754 illico

497 3791 789 3861 resipiscit.
806 3789 961 3846 Justa
976 3792 1121 3845 enim
1142 3791 1474 3861 cogitans,ct
1498 3790 1760 3859 abjiciens
1786 3791 2072 3854 malitiam,

496 3884 677 3939 statim
706 3886 901 3939 evertit
923 3886 1149 3951 malum,
1182 3894 1234 3939 et
1255 3884 1496 3939 eradicat
1515 3893 1819 3953 peccatum.
1856 3883 1913 3938 Si
1938 3898 2070 3939 vero

496 3974 564 4029 ad
602 3975 806 4029 malum
839 3975 1073 4029 declinat
1107 3975 1421 4039 consilium,
1454 3974 1634 4028 omnis
1668 3982 1824 4028 actus
1852 3973 1972 4043 ejus
1989 3984 2073 4029 est

497 4068 551 4120 in
589 4066 821 4132 malitia,
856 4076 910 4121 et
946 4068 1210 4137 repellens
1244 4068 1449 4122 bonum
1487 4068 1719 4124 assumit
1747 4067 1988 4133 malum;
2017 4077 2073 4122 et

494 4159 827 4215 constitutus
861 4160 965 4214 sub
986 4158 1231 4213 dominio
1262 4158 1459 4226 Beliar,
1485 4160 1588 4215 etsi
1619 4160 1823 4214 bonum
1850 4159 2071 4229 aliquod

495 4263 772 4322 operetur,
806 4254 860 4307 in
884 4256 1147 4309 malitiam
1179 4255 1284 4310 hoc
1316 4255 1601 4310 convertit.
1632 4255 1768 4309 Cum
1797 4256 1941 4310 enim
1987 4255 2071 4309 in-

495 4349 701 4413 ceperit
743 4346 901 4415 quasi
922 4347 1125 4401 bonum
1161 4347 1389 4411 faciens,
1417 4348 1577 4399 linem
1612 4347 1844 4401 actionis
1871 4348 1989 4417 ejus
2014 4348 2066 4402 in

2100 3104 2142 3162 C

2197 490 2295 542 ml
2332 486 2596 559 ἡσυχάζει
2630 486 2744 557 (65)
2774 484 2835 537 τὸ
2862 482 3164 536 διαϐούλιόν
3202 500 3316 536 σου.
3362 484 3570 537 Ἐάνδὲ
3608 488 3705 539 καὶ
3725 486 3789 539 ὲκ

2193 578 2380 632 κακῶν
2412 596 2499 641 τις
2532 576 2816 649 πλουτίσῃ,
2846 574 2921 637 ὼς
2967 573 3137 627 Ἦσαῦ
3178 576 3206 627 ὁ
3234 574 3619 647 πατράδελφός
3654 594 3784 646 μου,

2194 672 2270 743 μὴ
2312 669 2628 741 ζηλὼσητε’
2673 670 2798 740 ὅρον
2830 668 2939 739 γὰρ
2969 668 3173 739 Κυρίου
3215 667 3528 735 ἐκδέξασθε.
3565 669 3639 721 Ἤ
3680 667 3786 740 γὰρ

2190 763 2522 835 ἀφαιρεῖται
2551 760 2690 814 αύτά
2719 763 2775 814 ὲν
2804 763 3015 824 κακοῖς,
3050 759 3084 828 ἦ
3104 759 3453 831 μετανοοῦσιν
3482 759 3785 831 ἀφίησιν,ῆ

2191 859 2554 930 ἁμετανοήτῳ
2574 860 2730 929 τηρεῖ
2756 858 2836 919 εἰς
2863 857 3036 909 αἰῶνα
3060 856 3157 925 τὴν
3189 853 3431 906 κόλασιν.
3469 854 3527 905 'U
3560 853 3673 923 γὰρ
3693 851 3787 903 πέ-

2190 969 2307 1023 νης,
2343 952 2438 1004 κα)⁸
2459 949 2713 1019 ἇψθονος,
2740 949 2832 1001 ἐπὶ
2850 950 2983 1001 πᾶσι
3008 946 3197 1017 Κυρίῳ
3227 944 3590 1016 εὐχαριστῶν,
3624 945 3786 1007 αὐτὸς

2192 1040 2345 1114 παρά
2375 1042 2508 1094 πᾶσι
2541 1039 2778 1102 πλουτεῖ,
2807 1039 2890 1091 ὅτι
2920 1038 3019 1090 ούκ
3061 1036 3172 1106 ἔχει
3198 1036 3286 1088 τὸν
3339 1035 3583 1105 πονηρὸν
3637 1051 3787 1104 περι-

2192 1132 2443 1203 σπασμδν
2473 1130 2581 1183 τῶν
2620 1128 2942 1202 ἀνθρώπων.
2982 1128 3241 1200 Ἐξάρατε
3266 1123 3357 1180 οὖν
3382 1126 3445 1178 τὸ
3484 1129 3648 1196 μῖσος
3682 1125 3786 1177 (nn

2188 1226 2297 1281 τῶν
2334 1224 2521 1296 ψυχῶν
2546 1224 2721 1295 ὑμῶν,
2756 1224 2852 1276 καὶ
2881 1223 3203 1293 ἀγαπήσατε
3247 1219 3508 1290 ἀλλήλους
3542 1220 3604 1269 ἐν
3626 1218 3782 1269 εὐθύ-

2188 1335 2310 1389 τητι
2341 1316 2592 1388 καρδίας.

2262 1410 2342 1462 Η’.
2363 1428 2380 1459 ι
2414 1407 2618 1461 Εἴπατε
2646 1408 2703 1460 δὲ
2733 1407 2826 1460 καὶ
2856 1406 3013 1477 ὑμεῖς
3031 1403 3203 1457 ταῦτα
3224 1404 3334 1465 τοῖς
3358 1400 3579 1463 τέκνοις
3608 1399 3781 1469 ὑμῶν.

2188 1500 2334 1564 ὅπως
2369 1502 2673 1573 τιμήσωσιν
2711 1499 2912 1553 Ἰούδαν
2933 1499 3028 1551 καὶ
3054 1498 3212 1551 Λευῖ’
3239 1497 3321 1549 ὅτι
3344 1494 3403 1561 ἐξ
3430 1494 3619 1547 αὐτῶν
3652 1495 3782 1546 ἀναο

2187 1592 2331 1643 τελεῖ
2363 1591 2489 1661 ὑμῖν
2530 1591 2754 1662 Κύριος,
2805 1591 2990 1661 σωτὴρ
3011 1589 3088 1660 τῷ
3137 1587 3372 1660 Ἰσραήλ.
3420 1586 3645 1653 Ἔγνων
3676 1581 3783 1654 γὰρ

2188 1683 2271 1736 ὅτι
2306 1683 2398 1734 ἐπὶ
2426 1682 2569 1735 τέλει
2606 1680 2716 1754 (69)
2763 1683 3159 1753 ἀποστήσονται
3200 1679 3269 1732 τά
3294 1679 3463 1732 τέκνα
3492 1677 3655 1747 ὑμῶν
3689 1676 3782 1729 ἀπ’

2187 1774 2365 1827 αὐτῶν
2395 1775 2527 1846 (70),
2562 1775 2655 1828 καὶ
2686 1776 2745 1827 ὲν
2774 1774 2924 1847 πάσῃ
2959 1772 3213 1843 πονηρίᾳ,
3250 1772 3347 1824 καὶ
3386 1770 3661 1833 κακώσει,
3689 1770 3783 1821 καὶ

2186 1867 2453 1939 διαφθορᾷ
2484 1867 2695 1921 ἔσονται
2726 1867 2955 1919 ἐνώπιον
2984 1865 3207 1935 Κυρίου.
3243 1884 3261 1914 ›
3291 1865 3399 1917 Καὶ
3426 1863 3616 1932 ὀλίγον
3646 1864 3779 1932 ἡσυ-

2185 1958 2376 2029 χάσας,
2410 1958 2572 2012 πάλιν
2597 1955 2750 2011 εἶπεν
2771 1960 2979 2021 αὐτοῖς·
3015 1977 3033 2009 ι
3069 1957 3245 2009 Τέκνα
3270 1974 3390 2026 μου,
3425 1953 3775 2007 ὲπακούσατε

2183 2051 2276 2103 τοῦ
2304 2052 2508 2121 πατρὸς
2535 2051 2709 2121 ὑμῶν,
2738 2052 2831 2104 καὶ
2858 2050 3066 2120 θάψατέ
3097 2067 3162 2121 με
3195 2048 3463 2117 σύνεγγυς
3483 2046 3598 2099 τῶν
3620 2046 3779 2098 πατέ-

2188 2162 2293 2218 ρων
2321 2162 2443 2214 μου.
2478 2164 2494 2194 ι
2540 2144 2650 2197 Καὶ
2685 2143 2882 2213 ἐξάρας
2922 2144 3047 2206 τοὺς
3083 2142 3247 2205 πόδας
3282 2140 3473 2205 αύτοῦ,
3502 2138 3774 2210 ἐκοιμήθη

2182 2240 2239 2290 ὲν
2270 2238 2481 2308 εἰρήνῃ.
2516 2238 2626 2290 Καὶ
2654 2236 2792 2307 μετά
2820 2237 2979 2288 πέντε
3024 2236 3118 2306 ἔτη
3156 2236 3430 2303 ἀνήγαγον
3461 2232 3646 2295 αὑτὸν,
3677 2230 3773 2283 καὶ

2181 2331 2385 2403 ἔθηκαν
2418 2330 2579 2385 αὐτὸν
2628 2332 2707 2394 εἰς
2755 2328 2984 2399 Χεϐρὼν
3037 2327 3174 2399 μετά
3215 2326 3323 2380 τῶν
3374 2325 3633 2397 πατέρων
3676 2326 3774 2377 αύ-

2180 2423 2274 2476 τοῦ
2304 2424 2433 2495 (71).

2730 2512 3125 2566 ΚΕΦΑΛΑΙΟΝ
3153 2512 3215 2565 I'.

2212 2625 2470 2695 Διαθήκη
2509 2624 2706 2693 Ἀσὴρ,
2739 2622 3371 2747 περέἒειίοῆῗροσώπων
3395 2622 3616 2685 κακίας
3634 2619 3739 2672 καὶ

2883 2712 3085 2763 pmic-

2248 2795 2325 2842 A’.
2365 2789 2723 2860 Ἀντίγραφον
2767 2786 3029 2859 διαθήκης
3072 2785 3257 2857 Ἀσὴρ,
3299 2783 3334 2838 ἃ
3364 2784 3597 2855 ὲλάλησε
3652 2784 3769 2846 τοῖς

2179 2880 2312 2943 υἱοῖς
2346 2878 2508 2932 αὐτοῦ
2537 2881 2592 2932 έν
2621 2883 2749 2950 ρκς⁹
2773 2876 2883 2930 ἔτει
2910 2876 3011 2944 τῆς
3042 2874 3187 2946 ζωῆς
3219 2874 3403 2928 αὑτοῦ.
3436 2874 3562 2926 Ἔτι
3594 2872 3767 2940 ὑγιαί-

2178 2988 2300 3033 νων,
2340 2966 2459 3022 εἶπε
2488 2969 2624 3041 πρὸς
2660 2965 2883 3029 αὐτούς·
2923 2985 2941 3017 ι
2989 2964 3305 3028 Ἀκούσατε,
3342 2964 3513 3016 τέκνα
3572 2962 3766 3032 Ἀσὴρ,

2175 3061 2269 3115 τοῦ
2300 3061 2504 3131 πατρὸς
2536 3058 2711 3129 ὑμῶν,
2743 3060 2837 3113 καὶ
2860 3060 2968 3111 πᾶν
2991 3058 3051 3110 τὸ
3075 3056 3230 3120 εύθὲς
3253 3054 3483 3108 ἐνώπιον
3507 3053 3606 3107 τοῦ
3627 3052 3768 3105 Θεοῦ

2178 3154 2439 3220 ὑποδείξω
2477 3153 2626 3223 ύμῖν.
2676 3151 2781 3205 Δύο
2819 3152 2972 3214 ὁδοὺς
3017 3150 3214 3203 ἔδωκεν
3242 3151 3271 3201 ὁ
3322 3148 3454 3211 Θεὸς
3478 3149 3595 3211 τοῖς
3627 3149 3765 3210 υἱοῖς

2176 3245 2283 3297 τῶν
2312 3241 2633 3315 ἀνθρώπων,
2664 3242 2756 3297 δύο
2794 3240 3092 3304 διαϐούλια,
3136 3241 3229 3294 καί
3259 3240 3351 3294 δύο
3392 3238 3645 3312 πράξεις,
3670 3239 3766 3292 καὶ

2174 3337 2267 3391 δύο
2303 3336 2522 3398 τόπους,
2550 3336 2645 3389 καὶ
2669 3334 2760 3388 δύο
2784 3334 2935 3407 τέλη.
2965 3335 3064 3388 Διὰ
3090 3334 3247 3387 τοῦτο
3277 3334 3455 3386 πάντα
3481 3333 3579 3387 δύο
3601 3335 3763 3393 εἰσὶν,

2175 3429 2232 3483 ἓν
2260 3428 2545 3481 κατέναντι
2570 3426 2664 3480 τοῦ
2690 3427 2809 3491 ἑνός
2846 3427 2979 3497 (7⁵5).
3022 3428 3164 3480 Ὀδοὶ
3190 3426 3304 3489 δύο,
3335 3424 3502 3479 καλοῦ
3533 3426 3632 3478 καὶ
3659 3443 3765 3477 και

2174 3522 2272 3574 κοῦ
2292 3539 2305 3551 ο
2337 3523 2393 3574 ἐν
2424 3514 2503 3584 οἷς
2527 3521 2633 3572 εἰσι
2662 3518 2730 3572 τὰ
2764 3519 2858 3572 δύο
2888 3518 3165 3572 διαϐούλια
3191 3520 3247 3571 ὲν
3290 3518 3530 3588 στέρνοις
3580 3516 3765 3586 ἡμῶν,

2172 3606 2515 3679 διακρίνοντα
2540 3606 2727 3671 αὑτάς.
2773 3607 2896 3662 Ἐὰν
2923 3603 3015 3661 οὖν
3044 3608 3076 3677 ἡ
3104 3606 3249 3677 ψυχὴ
3286 3606 3415 3679 θέλῃ
3463 3608 3520 3659 ὲν
3573 3607 3765 3678 καλῷ.

2174 3700 2322 3750 πᾶσα
2347 3698 2543 3769 πρᾶξις
2572 3698 2739 3768 αὐτῆς
2760 3699 2905 3750 ἐστιν
2928 3698 2984 3751 ἐν
3014 3698 3351 3768 δικαιοσύνῃ,
3378 3696 3483 3750 κᾶν
3507 3698 3763 3769 ἁμάρτῃ,

2173 3789 2335 3853 εὐθὺς
2381 3792 2647 3859 μετανοεῖ.
2678 3789 2873 3843 Δίκαια
2907 3787 3015 3859 γὰρ
3044 3788 3419 3859 λογιζόμενος,
3451 3788 3547 3841 καὶ
3582 3790 3762 3859 ἀπορυ

2177 3882 2382 3954 ῥίπτων
2417 3881 2513 3952 τὴν
2547 3882 2831 3953 πονηρίαν,
2855 3881 3147 3951 ἀνατρέπει
3170 3881 3329 3943 εὐθὺς
3345 3880 3405 3934 τὸ
3436 3882 3633 3943 κακὸν,
3664 3881 3761 3935 καὶ

2172 3972 2379 4045 ἐκριζοῖ
2408 3976 2507 4045 τὴν
2543 3974 2839 4045 ἁμαρτίαν.
2878 3974 3002 4026 Ἐὰν
3047 3974 3103 4026 δὲ
3130 3975 3186 4025 ὲν
3220 3974 3438 4044 πονηρῷ
3488 3974 3664 4027 κλίνει
3696 3975 3761 4027 τὸ

2173 4066 2495 4129 διαϐούλιον,
2522 4068 2672 4119 πᾶσα
2698 4066 2895 4137 πρᾶξις
2922 4066 3092 4135 αὐτῆς
3116 4066 3262 4117 ἐστιν
3292 4067 3348 4118 έν
3378 4065 3639 4137 πονηρίᾳ,
3661 4065 3759 4118 καὶ

2173 4161 2557 4231 ἀπωθούμενος
2588 4160 2650 4212 τὸ
2676 4160 2876 4229 ἀγαθὸν
2911 4158 3313 4231 προσλαμϐάνει
3343 4159 3405 4211 τὸ
3428 4158 3624 4221 κακὸν,
3660 4160 3758 4212 καὶ

2174 4253 2481 4327 κυριευθεὶς
2507 4253 2611 4305 ὑπὸ
2636 4253 2730 4305 τοῦ
2764 4254 2980 4327 Βελιάρ,
3014 4252 3117 4306 κᾶν
3148 4252 3348 4320 ἀγαθόν
3378 4269 3429 4305 τι
3454 4252 3662 4323 πράξῃ,
3694 4253 3756 4304 ὲν

2174 4350 2408 4419 πονηρίᾳ
2451 4348 2580 4401 αὐτὸ
2615 4346 2994 4418 μεταστρέφει.
3044 4348 3171 4399 Ὅτε
3196 4346 3303 4417 γὰρ
3333 4346 3626 4418 ὲνάρξηται
3674 4348 3756 4412 ὡς

497 4436 698 4493 malum
723 4452 861 4505 Opus
882 4437 1149 4505 perducit.
1181 4437 1318 4504 Quia
1340 4433 1629 4497 thesaurus
1643 4439 1841 4495 diaboli
1859 4456 2067 4494 veneno

2184 4440 2374 4509 ὶγαθὸν
2400 4439 2588 4501 ποιῶν,
2618 4437 2679 4505 τὸ
2710 4439 2862 4501 τέλος
2889 4439 2986 4509 τῆς
3009 4436 3259 4509 πράξεως
3277 4438 3438 4493 αὐτοῦ
3472 4441 3554 4504 εἰς
3579 4436 3753 4492 κακὸν

494 4526 786 4594 perniciosi
816 4529 1042 4598 spiritus
1066 4529 1321 4600 impletus
1356 4541 1459 4587 est.

565 4703 630 4759 ll.
662 4724 681 4756 ι
721 4705 860 4761 Dicit
888 4708 1051 4776 igitur
1078 4710 1258 4762 anima
1290 4710 1482 4778 ipsius,
1514 4711 1719 4765 bonum
1756 4725 1918 4778 supra
1952 4725 2064 4762 ma-

495 4798 607 4852 lum
632 4814 773 4861 esse,
794 4809 847 4854 et
880 4802 1041 4855 linem
1070 4804 1143 4856 rei
1180 4804 1231 4856 in
1265 4805 1524 4858 malitiam
1553 4805 1722 4859 ducit.
1754 4803 1849 4858 Est
1877 4805 2063 4866 Immo,

714 4937 929 5010 Κυρίῳ.
960 4936 1122 5010 Forte
1151 4940 1376 5010 Κυρίου.
1401 4941 1567 4995 GnAB.

586 5006 675 5144 64)
713 5006 977 5062 Dimittat.
1007 5007 1144 5063 Aald.
1180 5006 1254 5063 te.
1281 5008 1355 5065 In.

586 5077 653 5130 65
727 5076 1051 5144 Ἠσυχάζει.
1090 5079 1250 5133 Forte
1273 5082 1355 5144 ἡσι

586 5008 654 5061 64
713 5008 977 5062 Dimittat.
1007 5008 1144 5063 Aald.
1180 5008 1253 5063 te.
1281 5008 1355 5065 In.

727 5076 1051 5150 ῌσυχάζει.
1090 5079 1250 5133 Forte
1273 5082 1555 5150 ἡσυχάσει.
1588 5081 1663 5135 lu.

560 5147 671 5217 (66)
712 5147 998 5202 zEternum
1030 5147 1304 5203 swculum’
1330 5147 1533 5205 habent
1563 5153 1778 5207 codices
1807 5169 1940 5211 mss.
1976 5155 2053 5210 in.

563 5218 674 5292 (67)
720 5219 784 5271 Et
816 5220 1013 5292 invidia
1045 5238 1249 5275 carens.
1295 5218 1358 5274 Et
1392 5222 1485 5292 qui
1516 5232 1597 5276 est
1633 5221 1919 5279 abundans
1966 5227 2056 5281 62.

488 5289 650 5358 Atqui
685 5306 787 5343 vox
822 5290 1050 5359 ἄφθονος
1080 5292 1241 5346 habet
1270 5289 1489 5360 quidem
1515 5292 1655 5346 hanc
1703 5294 2059 5362 significatio-

490 5374 645 5438 nem;
682 5372 1059 5438 verumtamen
1094 5363 1312 5438 propria
1374 5363 1493 5438 ejus
1551 5363 1718 5438 notio
1745 5363 1831 5438 hic
1884 5368 2059 5438 magis

494 5428 671 5502 locum
700 5431 884 5497 habet,
935 5428 1110 5502 eaque
1157 5428 1427 5486 réddenda
1466 5433 1649 5501 potius
1673 5433 1885 5489 videtur
1912 5428 2058 5490 Ιηῖἠ-

491 5500 582 5621 di?
605 5517 812 5621 ciamus,
840 5500 1332 5571 qualischaracter
1361 5500 1587 5573 pauperi
1628 5505 1833 5574 optime
1859 5523 2055 5562 conve-

491 5585 538 5620 m
571 5609 584 5621 .
639 5586 690 5621 ι).

482 5577 584 5623 nit.
620 5577 690 5624 Ιι).

561 5639 673 5716 (68)
719 5642 1195 5710 Deprtvdatiouem.
1256 5647 1698 5716 Distrartionem,
1749 5648 1926 5716 qualis
1985 5666 2049 5706 cx

487 5712 861 5768 mendicorum
894 5716 1303 5785 importunitate
1327 5718 1522 5772 oritur.
1552 5715 1626 5772 lo.

2172 4533 2345 4583 ποιεῖν
2373 4528 2653 4583 ἀνελαύνει
2684 4528 2815 4600 (74).
2855 4528 3071 4601 Ἐπειδὴ
3093 4531 3121 4582 ὁ
3152 4528 3423 4601 θησαυρὸς
3448 4530 3543 4582 τοῦ
3566 4529 3754 4583 διαϐό-

2171 4622 2265 4675 λου
2294 4622 2406 4693 (75)
2456 4621 2533 4673 ἰού
2559 4620 2795 4692 πονηροῦ
2830 4620 3188 4693 πεπλήρωται
3216 4622 3545 4691 πνεύματος.

2237 4716 2309 4767 B'.
2330 4734 2348 4766 ι
2392 4714 2577 4766 Ἔστιν
2597 4710 2691 4766 οὖν
2711 4712 2856 4784 ψυχὴ
2878 4713 3131 4781 λέγουσα,
3156 4713 3310 4783 φησι,
3330 4714 3391 4766 τὸ
3412 4714 3580 4767 καλὸν
3607 4714 3750 4786 ὑπὲρ

2163 4804 2257 4858 τοῦ
2302 4806 2493 4869 κακοῦ,
2526 4805 2703 4858 καὶτὸ
2732 4805 2883 4869 τέλος
2921 4805 3016 4858 τοῦ
3051 4808 3371 4879 πράγματος
3415 4808 3499 4871 εἰς
3545 4808 3749 4863 κακίαν

2235 4943 2343 5011 (69)
2391 4942 2571 4997 Τέλει.
2601 4942 2803 4996 Τούτου
2834 4943 2999 5000 habet
3034 4943 3211 4999 Oxon.
3241 4943 3316 4998 in.

2235 5014 2345 5079 (70)
2384 5013 2610 5068 Αὐτῶν.
2638 5014 2832 5068 Αὑτοῦ.
2862 5014 2938 5070 In.

2235 5017 2324 5079 (70
2384 5017 2610 5068 Αὐτῶν.
2638 5017 2832 5068 Αὑτοῦ.
2863 5017 2938 5070 In.

2233 5017 2345 5156 (71)
2382 5084 2543 5157 Μετὰ
2573 5082 2690 5157 τῷν
2707 5085 2976 5152 πατέρων
2997 5087 3202 5141 αὑτοῦ.
3216 5086 3325 5139 Καὶ
3347 5086 3556 5157 ἔθαψαν
3575 5087 3740 5140 αὐτὸν

2161 5157 2295 5217 ἐκεῖ,
2326 5155 2548 5210 emissis
2576 5155 2803 5211 ultimis.
2842 5157 2916 5210 In.

2233 5226 2344 5296 (72)
2386 5226 2556 5278 Anno.
2584 5224 2846 5280 Addenda
2875 5242 2981 5281 vox
3016 5238 3185 5292 sexto,
3214 5229 3259 5283 si
3289 5228 3543 5283 Graecum
3574 5230 3732 5283 codi—

2159 5312 2276 5350 cem
2306 5305 2417 5351 tam
2444 5296 2620 5368 Oxon.
2667 5312 2829 5368 quam
2859 5297 3087 5352 Cantab.
3126 5299 3279 5368 sequi
3312 5300 3580 5365 Velimns;
3613 5315 3736 5368 qua

2161 5376 2341 5420 tamen
2372 5368 2524 5421 deest
2552 5365 2604 5417 in
2636 5382 2739 5420 ms.
2770 5365 3553 5434 Graec.,Coll.,Trin.,Cantab.
3579 5365 3658 5423 in.

2230 5436 2339 5507 (7'5)
2387 5438 2490 5487 Ἓν
2520 5434 2831 5489 κατέναντι
2864 5438 2968 5490 τοῦ
2992 5437 3146 5503 ἑνός.
3179 5438 3404 5495 Desunt.
3440 5438 3515 5493 In.

2229 5506 2612 5575 (75')Uncinis
2637 5507 2842 5561 inclusa
2875 5508 3074 5561 desunt
3096 5509 3149 5561 in
3182 5508 3392 5564 Graeco.
3426 5510 3527 5565 En.
3554 5509 3724 5563 Pan.

2185 5577 2341 5701 λ(74)
2378 5578 2578 5700 Klade
2607 5577 2799 5630 ποιεῖν
2843 5578 3182 5635 (indueret.
3228 5581 3320 5643 Εἰς
3369 5581 3727 5649 κακοποέησιν

2218 5666 2388 5701 αυνει.
2446 5665 2498 5701 n.

2158 5665 2388 5702 ελαυνει.
2422 5665 2498 5701 ID.

2228 5718 2340 5791 (75)
2387 5717 2493 5774 Τοῦ
2523 5718 2819 5774 διαϐόλου.
2850 5719 3182 5775 Διαῆουλίου.
3220 5721 3293 5776 lu.
