4038 6314
208 281 364 334 ιιει

1457 274 1976 333 TES’I‘AMENTL‘M
2013 272 2216 328 ASER.

3384 279 3526 337 ΗΕ

204 396 387 465 ἄγει.
432 397 627 450 Ἔστιν
656 395 942 470 ἄνθρωπος
973 395 1085 469 (76)
1109 436 1123 460 ,
1149 396 1298 458 ὅστις
1332 395 1430 448 οὑκ
1456 394 1713 465 οἱκτείρει
1732 393 1813 445 λει

1948 387 2042 458 qui
2067 401 2175 443 non
2203 385 2492 442 miseretur
2519 386 2884 443 ministrantis
2899 387 2949 443 ei
2976 388 3031 443 in
3065 388 3306 459 malum;
3336 400 3391 448 et
3418 393 3527 450 hoc

199 490 588 562 τωργοῦντα
608 490 758 561 αύτῷ
784 492 842 543 ἐν
868 490 1025 561 κακῷ
1043 507 1056 519 ·
1085 489 1178 542 καί
1200 504 1264 557 γε
1290 486 1449 540 τοῦτο
1470 486 1834 557 διπρόσωπον,

202 578 370 633 ἀλλὰ
394 582 469 634 τὸ
503 582 623 635 ὅλον
661 581 896 652 πονηρόν
920 582 1057 634 ἐστι.
1093 579 1205 633 Καὶ
1232 579 1379 632 ἔστιν
1402 578 1688 650 ἄνθρωπος
1708 579 1840 646 ἀγα-

202 670 345 723 πῶν
369 671 482 724 τὸν
512 668 984 743 πονηρευόμενον,
1013 668 1275 733 ὡσαύτως
1302 670 1450 722 ἐστὶν
1479 670 1535 721 ὲν
1564 668 1799 739 πονηρίᾳ
1818 684 1831 696 ·

199 764 299 816 ὅτι
341 763 455 818 καὶ
506 764 794 818 ἀποθανεῖν
838 765 1074 836 αἱρεῖται
1109 764 1166 816 ὲν
1202 762 1359 833 κακῷ
1406 761 1472 815 δι’
1493 761 1675 814 αὐτόν.
1726 760 1837 813 Καὶ

200 856 355 926 περὶ
383 855 596 910 τούτου
620 856 871 928 φανερὸν,
897 858 977 909 ὅτι
996 854 1343 927 διπρόσωπον
1368 856 1481 906 ἐστι
1497 870 1510 884 ·
1541 853 1602 906 τὺ
1620 852 1680 905 δὲ
1702 854 1831 915 πᾶν,

203 944 377 1018 κακὴ
430 946 656 1019 πρᾶξις.
709 947 820 1000 Καί
870 963 934 1015 γε
966 945 1153 1017 ἀγάπη
1203 941 1358 1008 οῦσα,
1412 944 1649 1013 πονηρία
1694 942 1831 1006 ἐστὶ,

203 1053 675 1109 συγκρυπτουσα
709 1039 768 1092 τὸ
798 1039 996 1093 κακόν·
1025 1038 1215 1110 ὥσπερ
1260 1037 1378 1089 ἐστὶ
1402 1036 1480 1108 τῷ
1503 1034 1728 1105 ὀνόματι
1757 1034 1833 1098 ὼς

200 1128 404 1199 καλῷ,
445 1130 511 1183 τὸ
539 1131 596 1183 δὲ
622 1130 771 1194 τέλος
802 1130 900 1201 τῆς
945 1130 1197 1202 πράξεως
1228 1128 1450 1202 ἔρχεται
1504 1129 1584 1191 είς
1638 1127 1826 1182 κακόν.

202 1223 434 1288 Ἀλλος
492 1224 739 1289 κλέπτει,
790 1226 986 1290 ἀδικεῖ,
1045 1223 1308 1297 ἁρπάζει,
1364 1225 1703 1289 πλεονεκτεῖ,
1736 1225 1830 1277 καὶ

198 1317 364 1370 ἐλεεῖ
386 1320 528 1382 τοὺς
558 1318 825 1389 πτωχούς·
855 1320 1198 1391 διπρόσωπον
1230 1317 1327 1387 μὲν
1350 1319 1444 1371 καὶ
1464 1317 1641 1379 τοῦτο,
1676 1318 1738 1369 ab
1771 1317 1828 1371 δὲ

196 1409 337 1463 ὅλον
368 1412 619 1483 πονηρόν
641 1415 803 1465 ἐστιν.
837 1412 894 1465 Ὀ
918 1411 1252 1465 πλεονεκτῶν
1272 1410 1361 1463 τὸν
1416 1409 1641 1481 πλησίον
1686 1426 1830 1480 παρ-

200 1504 439 1575 οργίξει
482 1505 573 1559 τὸν
619 1506 772 1567 Θεὸν,
828 1506 923 1558 καὶ
975 1505 1068 1557 τὴν
1113 1503 1381 1572 ’Ὕψιστον
1415 1503 1702 1573 ἐπιορκεῖ,
1729 1502 1826 1554 καὶ

199 1596 308 1650 τὸν
338 1598 577 1669 πτωχὸν
609 1597 747 1650 ἐλεεῖ
766 1614 780 1628 ο
804 1598 895 1650 τὸν
923 1593 1136 1649 ὲντολέα
1161 1595 1255 1647 τοῦ
1280 1594 1445 1664 νόμου
1469 1592 1679 1664 Κυρίου
1710 1592 1831 1645 ἀθε-

198 1694 296 1745 τεῖ
323 1692 434 1745 καὶ
471 1690 783 1762 παροξύνει,
808 1692 902 1743 καὶ
916 1690 1006 1742 τὸν
1033 1688 1241 1760 πένητα
1272 1686 1541 1740 ἀναπαύει
1570 1686 1703 1758 (77)’
1726 1685 1826 1757 τὴν

200 1780 409 1855 ψυχὴν
464 1782 661 1845 σπιλοῖ,
712 1782 806 1835 καὶ
833 1780 918 1847 ,τὸ
990 1779 1147 1849 σῶμα
1205 1778 1553 1850 λαμπρύνειο
1590 1778 1827 1842 πολλοὺς

202 1875 473 1947 ἀναιρεῖ,
523 1875 615 1928 καὶ
663 1873 874 1943 ὀλίγους
924 1872 1091 1924 ἐλεεῖ·
1145 1872 1239 1925 καὶ
1279 1870 1439 1925 τοῦτο
1476 1869 1826 1943 διπρόσωπον

199 1968 358 2020 ἐστι.
398 1968 600 2032 ’Ἄλλος
631 1966 910 2039 μοιχεύει,
944 1965 1195 2037 πορνεύει
1223 2006 1237 2030 ,
1267 1965 1363 2018 καὶ
1404 1964 1671 2035 ἀπέχεται
1708 1962 1824 2015 ἐδε-

205 2059 483 2131 σμάτων·
512 2061 604 2114 καὶ
644 2057 918 2132 νηστεύων
941 2059 1223 2111 κακοποιεῖ
1246 2098 1261 2122 ,
1288 2059 1381 2111 καὶ
1405 2060 1470 2129 τῇ
1499 2056 1784 2128 δυναστείᾳ
1807 2098 1822 2122 ,

200 2155 289 2225 τῷ
316 2155 553 2229 πλούτῳ
578 2155 711 2228 (78),
738 2154 965 2219 πολλοὺς
990 2154 1320 2227 παρασύρει,
1338 2154 1429 2207 καὶ
1456 2154 1517 2207 ὲκ
1542 2154 1639 2224 τῆς
1665 2153 1827 2224 ὑπερ-

200 2248 387 2315 όγκου
461 2248 659 2312 κακίας
706 2250 847 2300 ποιεῖ
907 2246 1144 2310 ἐντολάς.
1198 2247 1309 2300 Καὶ
1358 2244 1516 2299 τοῦτο
1559 2245 1827 2316 διπρόσω-

202 2337 317 2393 πόν
342 2339 501 2404 ἐστι,
526 2339 587 2391 τὺ
612 2338 668 2390 δὲ
694 2338 813 2391 ὅλον
838 2339 1006 2392 κακόν
1030 2339 1165 2391 ἐστι.
1206 2339 1267 2392 Οί
1290 2338 1521 2391 τοιοῦτοι
1545 2338 1681 2390 ὅσιοί
1710 2336 1822 2408 (79)

1858 1744 1901 1798 Β

210 2432 334 2483 εἰσι
364 2429 679 2495 δασύποδες
698 2430 926 2501 (80),ὅτι
944 2429 1001 2497 ἐξ
1022 2430 1276 2501 ἡμισείας
1301 2432 1406 2483 εἰσὶ
1420 2429 1668 2501 καθαροὶ,
1695 2429 1755 2482 τὸ
1768 2428 1825 2481 δὲ

200 2522 434 2594 ἀληθὲς
468 2522 770 2595 ἀκάθαρτοί
797 2525 921 2576 εἰσι.
958 2523 1066 2575 Καὶ
1092 2523 1199 2593 γὰρ
1224 2522 1357 2585 Θεὸς
1406 2522 1462 2575 ὲν
1488 2524 1608 2586 ταῖς
1660 2519 1825 2586 πλαξὶ

197 2614 323 2668 τῶν
353 2614 616 2687 οὐρανῶν
657 2608 809 2667 εἶπεν
832 2611 1023 2676 οὕτως.

284 2708 369 2760 Γν.
419 2726 439 2759 ι
492 2706 678 2777 Ὑμεῖς
704 2701 819 2771 οὖν,
852 2704 1019 2758 τέκνα
1047 2723 1147 2776 μου
1167 2745 1181 2768 ,
1222 2704 1295 2776 μὴ
1329 2702 1541 2773 γίνεσθε
1578 2705 1698 2756 κατ’
1720 2701 1822 2756 αύ-

202 2799 346 2861 τοὺς
374 2795 757 2869 διπρόσωποι,
794 2795 1129 2866 ἀγαθότητος
1177 2797 1271 2848 καὶ
1321 2795 1552 2859 κακίας
1596 2794 1731 2848 ἀλλά
1756 2797 1821 2867 τῇ

205 2889 531 2961 ἀγαθότητι
570 2889 706 2962 μόνῃ
731 2887 1049 2959 κολλήθητε,
1077 2888 1158 2940 ὅτι
1180 2890 1208 2941 ὁ
1231 2887 1361 2950 Θεὸς
1385 2888 1721 2941 ἀναπαύεται
1743 2889 1823 2951 είς

210 2977 421 3050 αὐτὴν,
454 2977 548 3030 καὶ
588 2976 635 3030 οἱ
660 2976 936 3048 ἄνθρωποι
968 2976 1223 3030 ποθοῦσιν
1264 2978 1465 3049 αὑτήν·
1504 2978 1601 3050 τὴν
1626 2978 1682 3031 δὲ
1721 2996 1821 3031 κα-

213 3072 350 3126 κίαν
390 3069 737 3142 ἀποδράσατε
780 3068 926 3140 (81),
963 3068 1312 3142 ἀναιροῦντες
1357 3068 1449 3122 τὸν
1474 3069 1719 3123 διάϐολον
1763 3071 1821 3123 ὲν
1848 3083 1890 3141 C

213 3167 340 3228 ταῖς
364 3161 604 3231 ἀγαθαῖς
652 3161 807 3233 ὑμῶν
842 3160 1134 3233 πράξεσιν·
1183 3163 1265 3215 ὅτι
1305 3164 1353 3215 οἱ
1390 3161 1727 3234 διπρόσωποι
1754 3164 1814 3217 ού

211 3254 364 3325 Θεῷ,
391 3253 535 3306 ἀλλά
576 3257 697 3317 ταῖς
740 3252 1055 3324 ἐπιθυμίαις
1104 3252 1284 3305 αὐτῶν
1325 3254 1685 3318 δουλεύουσιν,
1732 3254 1818 3308 ἵνα

216 3346 299 3417 τῷ
343 3344 553 3417 Βελιάρ
590 3345 862 3416 ἀρέσωσι,
898 3345 1129 3409 καὶτοῖς
1157 3346 1362 3415 ὁμοίοις
1400 3345 1577 3398 αὐτῶν
1604 3345 1817 3418 ἀνθρώ·-

218 3456 367 3502 ποις.

289 3529 375 3581 Δ’.
415 3546 435 3579 ι
484 3526 545 3581 Oi
572 3526 680 3599 γὰρ
704 3525 899 3596 ἀγαθοὶ
926 3525 1220 3597 ἄνθρωποι,
1248 3526 1340 3578 καὶ
1367 3526 1778 3597 μονοπρόσωποι
1798 3569 1813 3594 ,

218 3618 325 3675 κᾶν
369 3619 674 3691 νομισθῶσι
708 3618 859 3691 παρά
897 3616 1006 3672 τῶν
1049 3616 1408 3689 διπροσὼπων
1444 3617 1812 3688 ἁμαρτάνειν,

214 3712 419 3766 δίκαιοί
490 3714 593 3765 εἰσι
636 3710 788 3783 παρά
830 3709 908 3781 τῷ
934 3708 1071 3780 Θεῷ.
1114 3708 1306 3761 Πολλοὶ
1331 3708 1440 3782 γὰρ
1464 3710 1814 3780 ἀναιροῦντες

221 3809 524 3880 πονηροὺς,
553 3805 644 3859 δύο
670 3804 912 3858 ποιοῦσιν
956 3803 1114 3875 ἔργα,
1157 3802 1325 3855 κακὸν
1358 3801 1447 3855 διὰ
1484 3803 1649 3857 καλοῦ
1678 3803 1810 3877 (82),

220 3900 338 3952 ὅλον
360 3900 417 3952 δέ
447 3900 567 3950 ἐστι
592 3895 773 3950 καλόν·
800 3895 881 3947 ὅτι
905 3895 966 3948 τὸ
989 3893 1159 3947 κακὸν
1176 3890 1483 3965 ὲκριζώσας
1507 3892 1811 3949 ἀπώλεσεν.

223 3992 386 4045 Ἔστι
410 4008 505 4054 τις
549 3989 721 4061 μισῶν
752 3989 843 4043 τὸν
865 3988 1167 4059 ἐλεήμονα,
1206 3986 1300 4039 καὶ
1340 3984 1539 4040 ἀδικῶν
1578 3986 1686 4059 (85)
1720 3986 1813 4042 τὸν

225 4084 412 4156 μοιχὸν
440 4083 540 4136 καὶ
570 4080 898 4154 λῃστεύοντα
928 4078 1060 4151 (84)·
1088 4078 1182 4131 καὶ
1218 4076 1349 4131 αύτὸ
1382 4078 1496 4131 ἐστι
1538 4078 1811 4151 διπρόσω-

226 4192 323 4231 πον
344 4196 358 4209 ·
388 4174 535 4231 ἀλλά
568 4175 627 4228 τὸ
650 4176 757 4228 πᾶν
798 4172 958 4244 ἔργον
993 4170 1196 4240 ἀγαθόν
1233 4170 1381 4224 ἐστιν
1403 4211 1418 4236 ,
1456 4170 1536 4223 ὅτι
1566 4174 1811 4243 μιμεῖται

227 4268 459 4343 Κύριον,
492 4268 567 4339 μὴ
591 4265 1018 4339 προσδεχόμενος
1045 4263 1107 4316 τὸ
1127 4260 1317 4316 δοκοῦν
1352 4261 1516 4315 καλὸν
1554 4262 1691 4333 μετά
1714 4262 1809 4317 τοῦ

227 4360 486 4432 ἀληθινοῦ
514 4358 706 4414 κακοῦ.
758 4358 982 4428 Ἕτερος
1035 4355 1095 4408 ού
1144 4354 1286 4408 θέλει
1333 4352 1543 4426 ἀγαθὴν
1596 4352 1809 4427 ἡμέραν

234 4455 357 4511 ίδεῖν
388 4453 532 4527 μετά
567 4450 811 4515 ἀσώτων,
837 4450 925 4502 ἵνα
966 4447 1040 4520 μὴ
1068 4448 1244 4521 χράνῃ
1264 4448 1324 4500 τὸ
1347 4447 1522 4519 στόμα
1560 4445 1695 4519 (85),
1719 4447 1814 4501 καὶ
1844 4436 1890 4492 Ῑ)

232 4546 438 4618 μολύνῃ
480 4545 579 4613 τὴν
621 4542 797 4613 ψυχήν
819 4558 832 4571 ·
863 4540 956 4593 καί
985 4557 1048 4608 γε
1072 4538 1229 4592 τοῦτο
1249 4538 1594 4610 διπρόσωπον
1641 4538 1809 4603 ἐστιν,

233 4636 347 4691 ὅλον
378 4638 440 4691 δὲ
475 4634 635 4688 καλόν
662 4635 808 4685 ἐστιν
830 4672 845 4698 ,
878 4633 960 4685 ὅτι
996 4633 1044 4684 οἱ
1077 4630 1307 4683 τοιοῦτοι
1332 4630 1546 4702 δόρκοις
1569 4631 1663 4683 καὶ
1689 4630 1813 4684 ὲλά-

233 4745 347 4798 φοις
382 4727 559 4801 ὅμοιοί
607 4726 743 4779 εἰσιν
768 4763 784 4788 ,
830 4724 911 4778 ὅτι
964 4724 1021 4776 ὲν
1059 4722 1181 4795 ἧθει
1204 4721 1379 4794 ἀγρίῳ
1404 4721 1651 4777 δοκοῦσιν
1676 4722 1814 4777 ἀκά-

237 4818 417 4893 θαρτοι
458 4814 614 4873 εἶναι·
661 4816 722 4871 τὸ
778 4816 834 4869 δὲ
881 4816 988 4868 πᾶν
1022 4812 1253 4886 κάθαροί
1279 4813 1439 4879 εἰσιν,
1477 4814 1557 4867 ὅτι
1580 4814 1638 4866 ὲν
1664 4811 1811 4885 ζήλῳ

310 4972 414 5045 (76)
460 4972 667 5045 Ἔστιν
718 4969 1026 5037 ἄνθρωπος
1048 5006 1062 5021 .
1084 5005 1100 5020 .
1126 5006 1141 5020 .
1168 5004 1183 5021 .
1234 4962 1550 5023 ἀναπαύει.
1603 4962 1806 5022 Omnia

243 5042 462 5099 omissa.
498 5042 665 5097 ϐιιΑιι.

334 5114 418 5183 77)
452 5113 560 5183 Τὸν
583 5104 1518 5183 ἑντολέα.2.-ἀνᾳπλαύεικῦθειιηι.
1549 5103 1628 5161 lo.

334 5116 418 5183 ¹Π)
452 5116 560 5167 Τὸν
583 5116 922 5166 ἐπαλέα...
945 5116 1259 5163 ἀναπαύει.
1292 5116 1341 5161 υι

310 5116 421 5255 (78)
452 5182 536 5248 Τῷ
562 5183 821 5255 πλούτῳ.
849 5180 954 5233 Τοῦ
978 5179 1234 5255 πλούτου.
1266 5176 1341 5255 Ιρ.

312 5185 399 5255 (78
452 5185 536 5248 Τῷ
562 5185 821 5245 πλούτῳ.
849 5185 954 5233 Τοῦ
981 5185 1234 5232 πλούτου.
1266 5185 1341 5232 Ιι).

312 5185 421 5323 (79)
448 5256 662 5308 Ὅσιοι.
684 5254 957 5323 interpres
977 5249 1105 5319 legit
1131 5249 1207 5313 ὡς
1234 5246 1377 5312 σύες.
1408 5245 1483 5302 In.

317 5316 421 5396 (80)
450 5322 813 5387 Δασύποδες.
833 5316 1007 5375 Ὴειιιο
1027 5316 1212 5396 vocem
1238 5331 1429 5396 auctor
1459 5335 1490 5396 a_
1514 5316 1677 5373 LXX.
1701 5317 1802 5396 ln-

250 5388 566 5464 terpretibus
610 5402 890 5449 mutuatus
917 5402 1020 5455 est,
1050 5461 1058 5464 _
1071 5391 1167 5464 qui
1203 5406 1323 5445 eam
1363 5388 1537 5464 Levit.
1573 5406 1661 5464 ιιι,
1693 5388 1726 5443 6
1749 5400 1804 5445 et

256 5460 397 5520 Deut.
427 5482 539 5528 xw,
572 5465 621 5529 7,
653 5470 1017 5533 usurparunt;
1047 5461 1157 5533 illic
1178 5476 1281 5533 pro
1295 5460 1561 5533 cuniculo,
1591 5460 1678 5515 hic
1699 5476 1801 5531 pro

255 5538 429 5604 lepore.
458 5534 761 5605 Utrumque
785 5530 965 5588 autem
990 5530 1195 5605 animal
1217 5530 1484 5605 mundum
1512 5545 1579 5584 ex
1609 5542 1761 5600 parte
1780 5568 1796 5594 ,

254 5600 313 5661 ei
337 5617 482 5676 parte
507 5600 845 5661 immundum
868 5603 1009 5676 apud
1033 5600 1251 5676 Iudaeos
1286 5601 1619 5676 habebatur;
1636 5617 1799 5676 mun-

254 5672 370 5730 dum
394 5687 661 5745 quatenus
687 5672 999 5745 ruminabat
1043 5673 1291 5745 quidem,
1309 5672 1418 5745 sed
1450 5672 1797 5726 immundum

251 5743 507 5815 quatenus
534 5746 788 5819 ungulam
814 5760 923 5800 non
948 5743 1218 5800 findebat:
1244 5743 1322 5799 uti
1346 5751 1558 5813 contra,
1586 5758 1680 5799 sus
1701 5758 1797 5797 un-

1940 480 2215 551 duplicem
2244 478 2439 534 faciem
2468 479 2655 545 habet,
2690 479 2783 533 scd
2816 488 2990 534 totum
3018 480 3393 550 perniciosum
3416 494 3522 542 est.

1941 570 2008 627 Et
2056 580 2146 628 est
2180 572 2348 626 homo
2374 560 2607 641 diligens
2634 573 3042 642 malignantem,
3080 574 3332 630 similiter
3351 586 3436 633 est
3468 578 3524 633 in

1939 664 2180 729 malitia;
2219 663 2482 733 quoniam
2513 670 2566 717 et
2593 662 2733 716 mori
2756 663 3032 718 desiderat
3054 665 3107 717 in
3134 663 3277 719 malo
3301 676 3526 735 propter

1939 756 2144 826 ipsum.
2180 754 2246 810 Et
2272 756 2341 811 de
2362 756 2469 811 hoc
2498 754 2880 822 manifestum,
2904 758 3055 826 quod
3083 758 3321 827 duplicis
3361 758 3521 815 faciei

1937 855 2053 912 est;
2079 855 2257 901 totum
2271 860 2420 912 vero,
2438 846 2616 900 malus
2638 856 2793 901 actus
2814 856 2919 902 est.
2948 848 3015 902 Et
3040 863 3197 903 amor
3224 848 3518 914 exsistens,

1938 939 2149 995 malitia
2180 948 2287 1006 est,
2325 938 2675 993 abscondens
2722 940 2957 1006 malum;
3013 941 3159 996 sicut
3187 951 3270 996 est
3299 942 3521 999 nomine

1936 1031 2097 1102 quasi
2127 1031 2297 1095 bono,
2333 1030 2459 1085 finis
2485 1045 2617 1085 vero
2661 1041 2817 1086 actus
2846 1032 2994 1086 venit
3018 1034 3072 1087 in
3101 1035 3329 1090 malum.
3364 1035 3521 1092 Alius

1938 1125 2172 1191 furatur,
2205 1123 2407 1193 injuste
2430 1123 2563 1193 agit,
2592 1124 2751 1193 rapit,
2767 1140 2969 1179 avarus
3001 1126 3240 1194 exsistit,
3270 1135 3324 1180 et
3350 1128 3521 1183 mise-

1936 1223 2088 1268 retur
2117 1228 2456 1284 pauperum;
2491 1213 2766 1283 duplicem
2796 1214 3018 1284 quidem
3050 1214 3247 1270 faciem
3280 1217 3519 1273 habetet

1936 1307 2061 1372 hoc,
2086 1313 2258 1360 totum
2283 1320 2413 1359 vero
2436 1304 2812 1374 perniciosum
2836 1314 2939 1360 est.
2956 1304 3062 1371 Qui
3082 1306 3373 1364 defraudat
3390 1326 3516 1379 pro-

1936 1398 2168 1462 ximum,
2197 1396 2263 1450 ad
2288 1396 2628 1451 iracundiam
2657 1396 3523 1469 provoeatDeum,etperAltissi-

1936 1506 2085 1544 mum
2110 1489 2251 1544 falso
2281 1489 2514 1557 dejerat,
2542 1498 2597 1544 et
2645 1490 2903 1559 pauperis
2948 1490 3277 1559 miseretur;
3313 1508 3518 1563 praece-

1934 1590 2145 1653 ptorem
2188 1582 2290 1652 legi
2332 1582 2553 1638 Domini
2601 1583 2815 1652 spernit
2858 1592 2915 1639 et
2954 1585 3265 1651 exaeerbat,
3299 1594 3355 1641 et
3380 1602 3517 1657 pau-

1932 1691 2115 1744 perem
2140 1675 2490 1744 requiescere
2521 1673 2683 1741 facit;
2718 1675 2959 1729 animam
2990 1676 3267 1745 inquinat,
3308 1687 3362 1733 et
3389 1694 3516 1735 cor-

1930 1783 2034 1838 pus
2071 1767 2419 1838 splendidum
2452 1768 2665 1835 reddit;
2716 1770 2927 1825 multos
2961 1770 3181 1836 occidit,
3218 1780 3274 1826 et
3309 1785 3515 1839 pauco-

1928 1875 2050 1914 rum
2078 1861 2407 1926 miseretur;
2452 1869 2506 1915 et
2551 1860 2657 1917 hoc
2688 1860 2910 1931 quidem
2942 1860 3178 1929 duplicis
3209 1860 3372 1916 faciei
3400 1870 3508 1916 est.

1926 1952 2082 2007 Alius
2116 1952 2474 2016 adulteratur,
2508 1962 2563 2007 et
2587 1951 2911 2018 fornicatur,
2935 1959 2989 2006 et
3017 1950 3252 2006 abstinet
3279 1968 3309 2008 a
3330 1952 3506 2019 cibis;

1926 2051 1981 2096 et
1998 2041 2259 2113 jejunans
2281 2041 2579 2109 malefaeit,
2608 2050 2663 2097 et
2694 2041 2938 2112 potentia
2967 2050 3023 2095 et
3068 2041 3278 2098 divitiis
3308 2042 3511 2098 multos

1927 2134 2128 2190 misere
2156 2145 2337 2201 vexat,
2376 2144 2431 2189 et
2456 2151 2524 2190 ex
2555 2133 2768 2191 tumida
2800 2134 3012 2189 malitia
3046 2132 3179 2188 facit
3227 2136 3505 2190 mandata.
3602 2162 3611 2169 ι

1928 2228 1995 2281 Ει
2032 2226 2138 2281 hoc
2168 2227 2403 2297 duplicis
2438 2228 2600 2283 faciei
2635 2237 2740 2292 est,
2758 2236 2929 2283 totum
2954 2237 3136 2283 autem
3168 2228 3370 2283 malum
3400 2240 3500 2285 est.

1926 2319 2091 2375 Tales
2122 2329 2182 2374 ut
2221 2337 2350 2377 sues
2378 2330 2507 2377 sunt
2538 2330 2593 2376 et
2638 2321 2872 2391 lepores,
2915 2322 3045 2391 quia
3090 2336 3157 2376 ex
3218 2322 3506 2378 medietate

1926 2423 2057 2468 sunt
2082 2413 2293 2479 mundi,
2327 2428 2517 2468 revera
2548 2422 2730 2469 autem
2779 2422 2910 2470 sunt
2943 2414 3234 2469 immundi.
3290 2414 3503 2471 Etenim

1926 2504 2072 2561 Deus
2097 2505 2150 2560 in
2186 2504 2389 2561 tabulis
2420 2504 2688 2561 cmlorum
2719 2505 2858 2561 dixit
2894 2505 2993 2561 ita.

1898 2688 1907 2693 ’
1994 2705 2084 2760 ιιι.
2131 2724 2151 2758 ι
2189 2706 2299 2762 Vos
2326 2707 2513 2779 igitur,
2561 2707 2658 2761 ﬁlii
2685 2705 2814 2771 mei,
2854 2722 2923 2762 ne
2946 2705 3263 2762 cfficiamini
3298 2721 3504 2762 secun-

1925 2796 2054 2851 dum
2089 2797 2237 2867 ipsos
2268 2797 2542 2867 duplicem
2573 2797 2841 2852 habentes
2886 2796 3082 2852 faciem
3106 2838 3121 2862 ,
3161 2796 3423 2851 bonitatis
3448 2806 3505 2850 et

1925 2886 2175 2953 malitiae;
2207 2887 2301 2941 sed
2340 2886 2574 2941 bonitati
2605 2886 2711 2941 soli
2739 2885 3035 2952 adhaerete,
3068 2886 3329 2956 quoniam
3358 2884 3504 2941 Deus

1926 2978 2223 3048 requiescit
2249 2978 2303 3032 in
2332 2979 2473 3049 ipsa,
2493 2989 2549 3033 et
2569 2978 2822 3034 homines
2851 2978 3168 3033 desiderant
3193 2992 3311 3031 eam
3337 2994 3351 3044 ;
3385 2992 3501 3030 ma-

1936 3070 2110 3127 litiam
2140 3080 2323 3125 autem
2350 3070 2543 3144 fugite,
2580 3072 2894 3128 occidentes
2933 3072 3213 3127 diabolum
3242 3072 3296 3125 in
3337 3071 3504 3127 bonis

1926 3163 2121 3219 vestris
2143 3163 2392 3231 actibus;
2449 3164 2713 3234 quoniam
2761 3163 2856 3235 qui
2882 3164 3118 3234 duplicis
3150 3164 3307 3221 faciet
3347 3175 3500 3231 sunt,

1925 3269 2035 3308 non
2065 3253 2198 3322 Deo,
2231 3256 2325 3310 sed
2357 3255 2821 3326 concupiscentiis
2859 3258 2974 3313 suis
3018 3258 3287 3325 serviunt,
3318 3266 3379 3313 ut
3405 3257 3503 3312 Be-

1925 3346 2031 3402 liar
2052 3347 2325 3418 placeant,
2356 3357 2410 3403 et
2433 3348 2705 3405 similibus
2742 3348 2848 3405 sibi
2879 3350 3215 3405 hominibus.

1996 3525 2088 3583 IV.
2127 3548 2145 3579 ι
2183 3527 2318 3582 Boni
2353 3530 2498 3583 enim
2526 3530 2627 3584 viri
2655 3570 2671 3596 ,
2705 3540 2759 3585 et
2789 3532 2884 3600 qui
2912 3541 3041 3587 sunt
3102 3533 3267 3587 unius
3306 3533 3497 3599 faciei,

1922 3619 2024 3674 etsi
2058 3620 2441 3675 existimentur
2493 3622 2563 3676 ab
2604 3623 2684 3677 eis
2709 3624 2801 3692 qui
2838 3624 3074 3693 duplicis
3126 3623 3284 3678 faciei
3330 3635 3493 3693 sunt,

1920 3725 2171 3781 peccare,
2196 3711 2330 3781 justi
2370 3721 2499 3767 sunt
2553 3715 2695 3783 apud
2741 3713 2937 3769 Deum.
2984 3714 3136 3769 Multi
3174 3714 3321 3769 enim
3347 3718 3493 3771 occi-

1920 3803 2111 3857 dentes
2140 3804 2502 3873 perniciosos,
2529 3805 2640 3859 duo
2666 3804 2877 3859 faciunt
2899 3821 3096 3875 opera,
3131 3808 3333 3862 malum
3364 3824 3497 3879 pro-

1919 3901 2041 3962 pter
2062 3891 2291 3957 bonum,
2338 3902 2515 3948 totum
2567 3909 2695 3948 vero
2717 3903 2801 3950 est
2842 3894 3087 3961 bonum;
3113 3896 3372 3967 quoniam
3399 3899 3493 3967 qni

1920 3982 2125 4039 malum
2157 3985 2459 4040 eradicavit
2482 3986 2755 4056 ,perdidit
2787 3987 2938 4041 illud.
2996 3987 3089 4042 Est
3131 3989 3355 4059 aliquis,
3398 3992 3492 4058 qui

1919 4076 2035 4130 odit
2064 4076 2475 4141 misericordem
2502 4118 2518 4144 ,
2550 4087 2605 4133 et
2637 4078 2840 4149 injuria
2882 4079 3053 4133 afficit
3082 4081 3393 4137 adulterum
3439 4092 3495 4137 et
3586 4132 3589 4135 .

1917 4165 2227 4235 latronem;
2284 4177 2337 4223 et
2388 4169 2493 4225 hoc
2543 4179 2626 4225 est
2670 4170 2905 4240 duplicis
2946 4170 3144 4238 faciei;
3179 4172 3272 4226 sed
3317 4181 3490 4228 totum

1918 4273 2059 4329 opus
2082 4259 2286 4314 bonum
2319 4259 2582 4331 estquia
2630 4261 2876 4315 imitatur
2908 4260 3228 4327 Dominum,
3260 4278 3370 4318 non
3398 4280 3491 4319 ac-

1917 4350 2127 4422 cipiens
2164 4350 2311 4422 quod
2352 4352 2568 4407 videtur
2591 4352 2801 4408 bonum
2843 4368 2968 4408 cum
2999 4369 3128 4408 vero
3167 4355 3333 4409 male.
3391 4357 3476 4410 Al-

1917 4451 2000 4498 ter
2046 4459 2157 4498 non
2192 4444 2309 4498 vult
2336 4444 2478 4498 diem
2519 4445 2724 4499 bonum
2756 4446 2941 4500 videre
2989 4461 3111 4500 cum
3165 4447 3483 4512 luxuriosis,

1914 4542 1977 4589 ιιι
2024 4550 2132 4589 non
2184 4536 2421 4591 maculet
2467 4550 2551 4600 os,
2584 4545 2637 4591 et
2687 4537 2936 4607 inquinet
2980 4539 3257 4603 animam;
3287 4547 3342 4593 et
3384 4540 3488 4595 hoc

1913 4629 2146 4699 duplicis
2175 4628 2333 4684 faciei
2383 4640 2486 4693 est,
2520 4638 2691 4685 totum
2743 4640 2924 4686 autem
2974 4633 3176 4686 bonum
3206 4642 3308 4697 est,
3342 4650 3484 4705 quo-

1913 4722 2060 4777 niam
2082 4719 2217 4777 tales
2238 4724 2506 4792 capreolis
2526 4733 2580 4778 et
2608 4723 2786 4778 cervis
2799 4723 3006 4777 similes
3029 4733 3156 4777 sunt
3180 4741 3195 4789 ;
3225 4726 3483 4794 quoniam

1913 4816 1967 4871 in
1993 4816 2390 4872 consuetudine
2409 4816 2608 4887 agresti
2637 4816 2891 4871 videntur
2938 4806 3207 4870 immundi
3236 4832 3386 4883 esse,
3418 4833 3482 4872 ex

1912 4970 2096 5054 gulam
2123 4970 2343 5040 quidem
2372 4971 2558 5053 findit,
2588 4972 2679 5027 sed
2706 4989 2814 5027 non
2842 4973 3106 5038 ruminat,
3139 4982 3192 5027 ct
3216 4974 3330 5042 ipsa
3359 4988 3488 5053 pro-

1910 5042 2040 5097 inde
2068 5042 2374 5097 immunda.
2404 5040 2630 5097 Taltbus
2657 5044 2840 5113 itaque
2881 5044 3256 5098 animantibus
3285 5052 3483 5113 merito

1910 5113 2445 5191 ab‘auctprenostro
2471 5112 2860 5191 comparantur
2877 5115 3127 5169 homines
3152 5112 3485 5191 ἐξήμισείας

1909 5182 2159 5255 καθαροί,
2195 5180 2247 5255 id
2274 5192 2378 5248 est,
2404 5199 2468 5238 ex
2501 5180 2652 5255 parte
2679 5185 2829 5249 boni,
2860 5194 2915 5239 et
2937 5201 2999 5239 ex
3028 5193 3179 5252 parte
3222 5180 3383 5255 man,
3429 5182 3483 5255 in

1908 5250 2110 5323 quibus
2134 5253 2364 5308 mistura
2405 5264 2488 5309 est
2505 5250 2776 5310 'virtutum
2804 5266 2859 5310 et
2890 5250 3171 5312 vitiorum.
3208 5252 3286 5305 uti
3316 5250 3485 5306 Taci-

1908 5335 1997 5380 tus
2019 5324 2282 5394 loquitur.

1980 5395 2091 5463 (81)
2132 5394 2549 5461 ’Λποδράσατε.
2576 5395 2826 5463 Φεύγετε.
2861 5394 3028 5449 ϐιιΑιι.

1979 5465 2094 5602 (82)
2116 5466 2316 5519 Κακὸν
2352 5465 2455 5519 διὰ
2498 5462 2704 5519 καλοῦ.
2732 5465 2910 5517 Καλὸν
2929 5465 3015 5518 διὰ
3038 5464 3227 5518 κακοῦ.
3255 5462 3332 5517 In.

1981 5535 2072 5602 (85
2146 5534 2409 5590 Ἀδικῶν.
2455 5536 2690 5588 Ἀδικον.
2730 5533 2803 5589 ID.

2003 5533 2094 5590 85l
2146 5534 2409 5590 Ἀδικῶν.
2455 5536 2690 5588 Ἀδικον.
2730 5533 2803 5589 ID.

2003 5536 2094 5602 85)
2146 5536 2409 5590 Ἀδικῶν.
2455 5536 2690 5588 Ἀδικον.
2730 5536 2803 5589 ID.

1978 5536 2091 5676 (84)
2120 5607 2525 5675 Λῃστεύοντα.
2564 5603 2929 5676 Νῃοτεύοντα.
2957 5603 3034 5661 In.

1977 5674 2093 5748 (85)
2118 5674 2335 5748 Στόμα.
2377 5676 2596 5749 Στῶμα.
2622 5674 2705 5734 In.
