4038 6314
275 273 436 332 μαλε
1501 280 2016 338 TES'I‘AMENTUM
2056 282 2330 339 JOSEPH.
2507 314 2510 317 -
2579 326 2582 329 .
3411 303 3548 358 tuo

266 392 395 446 τῶν
423 394 680 468 οὐρανῶν
703 434 717 456 ,
745 395 825 447 ὅτι
861 395 1207 460 ἀπειθοῦντες
1240 396 1525 467 ἐπιϐήσετε
1561 396 1670 466 (97)
1708 397 1836 466 αὑτᾷ

1933 406 1954 459 ι
1987 400 2071 467 pie
2103 401 2347 471 agetisin
2367 417 2514 468 eunt,
2535 419 2644 458 non
2661 407 3003 463 attendentes
3019 407 3122 480 legi
3143 408 3260 469 Dei,
3280 413 3370 467 sed
3395 431 3517 470 man
3536 448 3548 458 -

269 485 378 536 καὶ
423 487 756 551 ἀσεϐοῦντες
787 488 1080 560 ἀσεϐήσετε
1106 490 1184 552 εἰς
1207 489 1388 550 αὑτὸν,
1422 491 1495 560 μὴ
1522 493 1836 562 προσέχοντε

1979 491 2125 544 datis
2151 494 2458 548 hominum.
2504 493 2730 567 Propter
2759 500 2862 554 hoc
2897 500 3304 571 dispergemini,
3333 517 3390 560 ut
3433 507 3547 563 Gud

263 579 356 648 τῷ
383 580 662 651 νόμῳτοῦ
678 580 834 643 Θεοῦ,
861 580 975 633 ἀλλ’
992 581 1231 644 ἐντολαῖς
1254 580 1568 651 ἀνθρώπων.
1589 584 1686 637 Διά
1718 585 1836 638 τοῦτ

1977 591 2029 635 et
2059 581 2191 649 Dan,
2223 584 2416 642 fratres
2434 588 2561 651 mei,
2581 587 2672 658 qui
2705 592 2951 661 regiones
2975 609 3162 648 eorum
3195 595 3545 664 ignorabunt,

263 670 880 744 διασκορπισθήσεσθε,
915 673 989 736 ὡς
1015 672 1119 725 Γάδ
1145 674 1238 730 καὶ
1260 672 1386 736 Δάν,
1413 676 1460 726 οἱ
1495 675 1712 744 ἀδελφοί
1744 695 1869 746 μου,

1977 683 2030 726 et
2061 675 2260 728 tribum
2293 688 2346 732 ct
2393 680 2633 749 linguam
2662 696 2873 736 eorum.
2921 683 3022 738 Sed
3055 688 3405 757 congregabit
3449 705 3547 744 vos

263 762 324 812 οἳ
366 761 570 834 χώρας
593 763 771 817 αὐτῶν
805 765 1151 836 ἀγνοήσουσι,
1188 767 1280 818 καὶ
1304 766 1472 839 φυλὴν
1495 767 1588 820 καὶ
1624 767 1836 835 γλῶσσα

1974 765 2117 823 Deus
2144 769 2195 821 in
2227 772 2329 824 ﬁde
2369 781 2587 840 prOpter
2612 789 2762 842 spem
2810 774 3199 832 misericordia:
3242 794 3374 844 suae,
3407 795 3537 849 pro-

261 852 496 908 αὐτῶν.
535 854 672 907 Ἀλλ’
689 856 1000 920 ἐπισυνάξει
1025 856 1168 926 ὑμᾶς
1189 855 1390 927 Κύριος
1410 859 1466 910 ἐν
1491 857 1670 910 πίστει
1695 859 1759 911 δι’
1787 859 1873 912 ἐλ-

260 943 410 996 πίδα
451 947 862 1017 εὐσπλαγχνίας
883 948 1068 1011 αὐτοῦ,
1095 949 1187 1002 διὰ
1232 949 1501 1021 Ἀϐραὰμ,
1529 951 1622 1003 καὶ
1662 950 1866 1014 Ἰσαὰκ,

249 1037 368 1088 καὶ
416 1037 640 1092 Ἰακώϐ.
681 1058 699 1090 ι

342 1128 438 1182 H'.
485 1131 595 1184 Καὶ
623 1130 789 1184 εἰπὼν
838 1133 1020 1195 αὐτοῖς
1065 1133 1269 1194 ταῦτα,
1305 1130 1606 1185 ἐνετείλατο
1659 1133 1860 1197 αὐτοῖς,

255 1218 484 1288 λέγων·
532 1243 550 1273 ι
585 1222 801 1292 Θάψατέ
848 1241 914 1294 με
954 1226 1035 1288 είς
1079 1223 1341 1294 Χεϐρών·
1386 1244 1404 1275 ›
1439 1225 1532 1277 καὶ
1573 1225 1862 1288 ἀπέθανεν,

255 1311 434 1382 ὕπνῳ
462 1314 616 1384 καλῷ
639 1315 940 1386 κοιμηθείς.
978 1316 1086 1368 Καὶ
1137 1315 1274 1386 μετά
1308 1313 1480 1368 ταῦτα
1521 1315 1782 1387 ἐποίησαν
1813 1317 1861 1368 οἱ

251 1406 378 1457 υἱοὶ
405 1407 604 1469 αὐτοῦ,
640 1407 716 1471 ὡς
767 1407 1064 1460 ἐνετείλατο
1121 1408 1336 1471 αὐτοῖς,
1367 1407 1458 1459 καὶ
1497 1406 1863 1476 ἀναγαγόντες

254 1496 467 1564 αὑτὸν,
496 1491 699 1567 ἔθαψαν
727 1497 862 1568 μετά
885 1497 992 1550 τῶν
1016 1498 1265 1568 πατέρων
1288 1497 1470 1550 αὑτοῦ.

824 1628 1216 1683 ΚΕΦΑΛΑῙΟΝ
1252 1629 1354 1681 lA'.

495 1720 750 1789 Διαθήκη
795 1720 1036 1790 Ἰωσὴφ,
1085 1719 1221 1788 περὶ
1258 1721 1673 1788 σωφροσύνης.

329 1813 422 1866 A'.
479 1813 834 1884 Ἀντίγραφον
871 1812 1134 1884 διαθήκης
1171 1811 1388 1883 Ἰωσήφ.
1424 1810 1511 1864 Ἐν
1535 1811 1614 1882 τῷ
1645 1812 1854 1883 μέλλειν

250 1908 439 1960 αὐτὸν
490 1908 892 1980 ἀποθνήσκειν,
944 1907 1176 1971 καλέσας
1244 1908 1372 1971 τοὺς
1424 1907 1590 1978 [υἱοὺς
1650 1908 1850 1975 αὐτοῦ,

254 2000 359 2052 καὶ
395 2002 532 2064 τοὺς
555 2001 814 2069 ἀδελφοὺς
847 1997 1032 2064 αὑτοῦ,
1069 1995 1222 2053 εἶπεν
1245 1999 1424 2063 αὐτοῖς
1446 2017 1460 2030 ’
1497 2019 1516 2050 ί
1547 2001 1722 2054 Τέκνα
1750 2018 1850 2072 μου

251 2091 360 2142 καὶ
385 2091 632 2160 ἀδελφοὶ,
667 2090 934 2144 ἀκούσατε
961 2088 1202 2162 Ἰωσὴφ,
1234 2089 1327 2142 τοῦ
1360 2091 1720 2161 ἠγαπημένοι»
1745 2091 1851 2143 ὑπὸ

265 2180 535 2252 Ἰσραήλ·
566 2180 910 2248 ἐνωτίσασθε,
938 2180 1067 2244 υἱοὶ,
1105 2180 1311 2252 πατρὸς
1339 2180 1514 2251 ὑμῶν.
1547 2180 1686 2250 Ἐγὼ
1711 2177 1848 2235 εἶδον

249 2271 314 2325 ἐν
342 2275 418 2343 τῇ
463 2272 575 2344 ζωῇ
605 2290 704 2344 μου
726 2273 817 2325 τὸν
855 2272 1045 2341 φθόνον
1092 2271 1298 2326 καὶτὸν
1341 2272 1566 2326 θάνατον
1587 2313 1602 2338 ,
1633 2275 1727 2326 καὶ
1748 2275 1846 2327 οὐκ

246 2364 581 2436 ἐπλανήθην
602 2366 657 2416 ἐν
676 2367 742 2435 τῇ
763 2364 983 2435 ἀληθείᾳ
1008 2365 1234 2436 Κυρίου.
1258 2366 1318 2418 Ol
1342 2364 1557 2435 ἀδελφοί
1584 2358 1844 2437 μου-οὗτοι

244 2457 542 2527 ἐμίσησάν
574 2473 660 2526 με,
689 2456 783 2509 καὶ
808 2459 835 2509 6
871 2455 1071 2526 Κύριος
1115 2456 1369 2527 ἠγάπησέ
1396 2474 1462 2527 με
1480 2473 1495 2486 ·
1538 2457 1690 2510 αὐτοὶ
1711 2447 1842 2519 ἢθε-

243 2546 347 2601 λόν
383 2566 460 2619 με
487 2548 713 2611 ἀνελεῖν,
739 2550 831 2601 καὶ
866 2549 894 2600 6
922 2548 1051 2612 Θεὸς
1076 2547 1184 2602 τῶν
1215 2550 1462 2620 πατέρων
1501 2567 1600 2620 μου
1643 2549 1841 2620 ἐφύλα-

241 2638 308 2704 ξέ
344 2655 446 2709 με.
476 2641 570 2703 Εἰς
607 2639 807 2693 λάκκον
853 2657 917 2710 με
940 2639 1230 2711 ἐχάλασαν,
1259 2643 1352 2694 καὶ
1374 2642 1402 2692 6
1428 2639 1688 2709 ’Ὑψιστος
1714 2643 1842 2714 ἀνή-

242 2731 403 2798 γαγέ
455 2748 541 2801 με.
577 2731 854 2802 Ἐπράθην
892 2733 970 2794 είς
993 2731 1198 2795 δοῦλον,
1225 2732 1317 2784 καὶ
1339 2733 1367 2784 6
1394 2731 1596 2803 Κύριος
1619 2731 1841 2803 ήλευθὲ-

250 2823 412 2893 ρωςέ
464 2840 551 2892 με.
600 2825 694 2887 Εἰς
736 2822 1106 2894 αἰχμαλωσίαν
1132 2822 1367 2894 ἐλήφθην
1386 2863 1399 2887 ,
1423 2825 1518 2876 καί¹
1548 2825 1580 2894 ἡ
1605 2825 1840 2895 κραταιὰ

248 2916 384 2986 χεὶρ
415 2914 582 2968 αὐτοῦ
627 2915 893 2987 ἐϐοήθησὲ
924 2933 1032 2986 μοι.
1075 2916 1162 2968 Ἐν
1190 2914 1335 2986 λιμῷ
1361 2916 1707 2988 συνεσχέθην,
1746 2919 1840 2971 καὶ

247 3008 431 3071 αὐτὸς
456 3011 484 3061 6
502 3007 707 3081 Κύριος
728 3007 976 3080 διέθρεψέ
1017 3025 1104 3079 με.
1132 3009 1306 3072 Μόνος
1336 3009 1505 3081 ἥμην,
1536 3011 1630 3062 καὶ
1652 3011 1680 3061 6
1706 3010 1837 3074 Θεὸς

1974 867 2094 926 pter
2124 860 2594 928 Abraham,lsaac
2621 870 2672 918 et
2696 861 2890 920 Iacob.
2920 885 2939 916 ι

2043 1121 2174 1176 ΥΙΙΙ,
2218 1142 2235 1172 ‹
2266 1122 2331 1177 Ει
2373 1139 2497 1178 cum
2549 1125 2661 1180 haec
2708 1127 2788 1182 eis
2839 1128 3088 1196 dixisset,
3135 1131 3534 1198 mandavitcis,

1967 1213 2154 1270 dicens
2185 1235 2196 1270 :
2234 1235 2253 1268 ί
2288 1216 2519 1287 Scpclitc
2546 1236 2632 1274 me
2657 1217 2711 1275 in
2736 1219 2951 1276 Hebron
2978 1242 2992 1290 ;
3016 1245 3032 1276 ι
3067 1235 3121 1279 et
3149 1235 3398 1282 mortuus
3425 1236 3532 1291 est,

1965 1324 2156 1363 somno
2212 1309 2356 1364 bono
2403 1311 2704 1368 dormiens.
2739 1315 2803 1370 Et
2850 1327 2974 1386 post
3010 1318 3122 1373 haec
3162 1319 3407 1376 fecerunt
3435 1321 3530 1377 ﬁlii

1964 1399 2103 1467 ejus,
2135 1399 2276 1454 sicut
2301 1403 2657 1459 mandaverat
2676 1406 2786 1472 eis;
2820 1417 2871 1462 ct
2911 1409 3232 1465 reducentes
3269 1428 3417 1476 cum,
3445 1429 3528 1468 se-

1962 1490 2231 1558 pelicruut
2258 1496 2379 1546 eum
2403 1496 2651 1562 patribus
2677 1498 2816 1567 ejus.

2563 1627 2792 1681 CAPUT
2835 1627 2929 1683 XI.

2210 1714 2602 1771 Testamentum
2639 1717 2870 1788 Ioseph,
2901 1720 2966 1774 de
3002 1722 3272 1777 castitate.

2027 1804 2069 1862 Ι.
2097 1804 2511 1886 Ἰλιθειιεογίριιιω
2539 1811 2848 1864 testamenti
2877 1809 3100 1880 Ioseph.
3125 1813 3261 1867 Cum
3291 1815 3524 1871 moritu-

1954 1913 2048 1952 rus
2091 1907 2254 1960 esset,
2302 1911 2506 1953 vocans
2559 1899 2700 1955 ﬁlios
2723 1917 2856 1956 suos
2879 1912 2934 1956 et
2975 1903 3174 1959 fratres
3197 1919 3351 1969 suos,
3381 1907 3524 1963 dixit

1951 1986 2031 2040 eis
2059 2005 2070 2040 :
2105 2007 2122 2037 ι
2163 1987 2286 2041 Filii
2318 1988 2424 2042 mei
2452 1997 2508 2043 et
2549 1987 2766 2053 fratres,
2793 1991 2976 2047 audite
2999 1990 3222 2062 Ioseph,
3259 1995 3516 2053 dilectum

1952 2079 2021 2133 ab
2047 2081 2252 2146 lsrael;
2287 2081 2516 2136 auribus
2540 2082 2822 2152 percipite,
2863 2083 2979 2147 lilii,
3014 2095 3222 2153 patrem
3250 2097 3513 2145 vestrum.

1949 2165 2062 2236 Ego
2090 2168 2197 2222 vidi
2217 2167 2272 2221 in
2299 2168 2406 2221 vita
2439 2184 2558 2222 mea
2588 2169 2845 2224 invidiam
2867 2181 2921 2225 et
2946 2182 3193 2238 mortem,
3216 2184 3402 2232 etnon
3430 2195 3518 2232 er-

1948 2259 2061 2312 ravi
2109 2259 2161 2313 in
2207 2259 2433 2315 veritate
2476 2259 2712 2315 Domini.
2763 2262 2983 2318 Fratres
3011 2267 3116 2319 mei
3146 2267 3237 2322 isti
3279 2269 3515 2326 oderunt

1947 2367 2053 2417 me,
2083 2361 2136 2405 et
2164 2352 2431 2406 Dominus
2458 2353 2648 2408 dilexit
2675 2369 2762 2407 me
2787 2372 2800 2406 :
2827 2354 2917 2408 isti
2944 2356 3230 2414 voluerunt
3258 2363 3512 2418 occidere

1945 2459 2052 2507 me,
2082 2453 2138 2498 et
2175 2443 2560 2512 Deus‘patrum
2602 2461 2852 2499 meorum
2880 2448 3177 2502 custodivit
3214 2466 3318 2507 me.
3348 2453 3404 2507 In
3432 2455 3514 2510 la-

1944 2552 2068 2592 cum
2098 2551 2182 2590 me
2207 2537 2559 2600 demiserunt,
2586 2546 2639 2592 et
2663 2535 2977 2592 Altissimus
3010 2539 3225 2595 reduxit
3245 2558 3352 2598 me.
3367 2543 3512 2602 Ven-

1942 2629 2088 2684 ditus
2115 2643 2235 2682 sum
2268 2628 2320 2682 in
2350 2643 2592 2692 servum,
2617 2638 2671 2683 et
2695 2628 2962 2684 Dominus
2981 2631 3220 2691 liberum
3246 2651 3334 2691 me
3357 2638 3507 2693 lecit.

1940 2720 1997 2774 In
2013 2722 2376 2791 captivitatem
2401 2730 2714 2792 assumptus
2736 2737 2881 2791 sum,
2901 2733 2955 2779 et
2977 2725 3133 2781 fortis
3163 2742 3358 2784 manus
3388 2730 3508 2800 ejus

1941 2811 2148 2880 adjuvit
2179 2827 2284 2866 me.
2315 2810 2371 2865 ln
2411 2811 2556 2865 fame
2601 2813 2854 2867 detentus
2899 2829 3044 2878 sum,
3092 2825 3146 2872 et
3182 2818 3296 2887 ipse
3320 2818 3508 2875 Domi-

1940 2916 2044 2954 nus
2067 2901 2294 2955 nutrivit
2319 2917 2423 2954 me.
2451 2900 2614 2956 Solus
2641 2918 2811 2967 eram,
2837 2913 2891 2957 et
2915 2901 3059 2958 Deus
3082 2908 3394 2964 consolatus
3421 2922 3506 2968 est

1939 3007 2047 3048 me.
2077 2991 2132 3045 In
2167 2992 2482 3048 inﬁrmitate
2507 3009 2678 3060 cram,
2705 3003 2760 3048 et
2784 2995 3100 3052 Altissimus
3125 3000 3369 3057 visitavi!
3395 3019 3501 3059 me.

249 3098 609 3170 παρεκάλεσέ
641 3117 727 3170 με.
781 3099 867 3152 Ἐν
911 3097 1164 3171 ἀσθενείᾳ
1209 3100 1376 3170 ήμην,
1403 3080 1494 3154 καὶ
1519 3103 1547 3154 6
1575 3101 1832 3172 ’Ύψιστος

1936 3080 1992 3135 ln
2023 3099 2242 3138 carcere
2269 3100 2440 3148 eram,
2469 3093 2522 3139 et
2551 3082 2802 3140 Salvator
2834 3085 3130 3143 laatiﬁcavit
3157 3106 3245 3146 me
3269 3093 3418 3166 (99);
3447 3095 3501 3150 in

242 3188 604 3260 ἐπεσκέψατό
631 3207 718 3261 με.
756 3187 846 3242 Ἐν
872 3187 1081 3259 φυλακῇ
1110 3189 1142 3259 ἦ
1152 3205 1280 3260 μην,
1307 3191 1400 3242 καὶ
1433 3189 1460 3242 ὁ
1486 3189 1676 3260 Σωτὴρ
1713 3192 1838 3261 ἐχα-

245 3282 462 3354 ρίτωσέ
491 3299 557 3354 με
588 3281 696 3353 (98)
721 3299 734 3312 °
775 3283 831 3334 ἐν
863 3281 1103 3351 δεσμοῖς,
1136 3282 1230 3333 καὶ
1263 3280 1420 3332 έλυσέ
1458 3297 1547 3350 με·
1577 3281 1635 3332 ἐν
1657 3281 1836 3334 διαϐο-

239 3374 389 3439 λαῖς,
433 3376 526 3429 καὶ
564 3374 899 3446 συνηγόρησέ
931 3389 1053 3443 μοι·
1099 3375 1156 3425 ἐν
1182 3372 1361 3440 λόγοις
1397 3373 1706 3440 Αἰγυπτίων
1753 3393 1836 3427 πι-

239 3470 436 3540 κροῖς,
465 3469 558 3522 καὶ
594 3466 862 3539 ἐρῤύσατό
906 3483 972 3537 με
995 3482 1008 3494 ο
1034 3467 1091 3518 ἐν
1136 3464 1348 3534 φθόνοις
1390 3463 1484 3516 σὺν
1519 3464 1709 3527 δόλοις,
1740 3467 1832 3518 καὶ

238 3559 446 3631 ὔψωσέ
473 3578 539 3632 με
1465 3578 1470 3582 ·

309 3653 402 3706 B'.
442 3671 459 3703 ι
492 3653 602 3704 Καὶ
638 3648 809 3713 οὕτως
850 3647 1109 3720 Φωτιμάρ
1149 3648 1298 3720 (Ξ),ό
1336 3647 1729 3722 ἀρχιμάγειρος
1753 3650 1828 3722 ('5)

235 3742 483 3816 Φαραὼ,
509 3741 796 3794 ἐπίστευσέ
827 3757 915 3812 μοι
940 3739 1030 3792 τὸν
1045 3733 1191 3791 οἷκον
1213 3736 1398 3791 αὑτοῦ.
1426 3740 1537 3792 Καὶ
1558 3741 1832 3809 ήγωνισά-

240 3853 352 3906 μην
390 3835 531 3906 πρὸς
559 3835 792 3902 γυναῖκα
834 3831 1025 3902 ἀναιδῆ
1053 3829 1347 3902 ἐπειγούσῃ
1375 3829 1450 3901 (4)
1493 3847 1558 3900 με
1587 3849 1828 3902 παρανο-

239 3932 366 3999 μεῖν
410 3927 526 3999 μετ’
551 3927 740 3997 αὐτῆς.
781 3925 920 3978 Ἀλλ’
944 3927 972 3978 6
993 3925 1125 3987 Θεὸς
1163 3923 1380 3994 Ἰσραὴλ
1404 3922 1595 3994 (5)τοῦ
1623 3924 1834 3996 πατρός

241 4040 342 4094 μου
368 4019 615 4089 ἐφύλαξε
644 4036 708 4090 με
746 4019 809 4070 ἐκ
833 4016 1027 4087 φλογὸς
1053 4015 1366 4086 καιομένης.
1407 4015 1824 4088 Ἐφυλακίσθην,

237 4112 602 4182 ἐτυπτίσθην,
646 4109 1057 4181 ἐμυκτηρίσθην
1085 4108 1156 4178 (ϐ)
1179 4125 1193 4138 ο
1222 4108 1315 4161 καὶ
1339 4107 1506 4160 ἔδωκέ
1533 4126 1598 4178 με
1624 4109 1827 4180 Κύριος

237 4207 317 4268 είς
384 4203 701 4272 οίκτιρμοῦς
741 4199 966 4254 ἐνώπιον
1011 4199 1106 4252 τοῦ
1150 4197 1577 4269 δεσμοφύλακος.
1628 4201 1698 4251 Οὐ
1751 4202 1823 4272 μὴ

235 4294 346 4367 γὰρ
402 4293 778 4364 ἐγκαταλείψει
818 4293 1019 4365 Κύριος
1057 4293 1184 4354 τοὺς
1227 4289 1591 4361 φοδουμένους
1624 4289 1822 4355 αὑτὸν,

1939 3175 2192 3238 vinculis,
2248 3184 2301 3228 et
2349 3177 2510 3230 solvit
2557 3192 2670 3239 me;
2701 3176 2755 3229 in
2803 3179 3272 3246 accusationibus.
3303 3195 3356 3238 et
3376 3201 3504 3254 pro-

1938 3265 2067 3318 texit
2119 3282 2202 3318 me
2253 3266 2440 3337 (l00);
2494 3267 2546 3318 in
2595 3268 2774 3321 verbis
2824 3266 3201 3339 Egyptiorum
3255 3278 3500 3345 amaris,

1935 3364 1988 3410 et
2034 3355 2284 3409 liberavit
2333 3371 2418 3412 me
2444 3375 2458 3423 ;
2490 3357 2544 3410 in
2572 3357 2773 3413 invidia
2804 3374 2928 3414 cum
2976 3362 3135 3430 dolis,
3164 3376 3218 3418 et
3246 3368 3503 3424 exaltavit

1935 3464 2038 3502 mc.

2003 3623 2066 3679 ll.
2104 3643 2122 3678 ι
2156 3625 2223 3680 Ει
2254 3627 2328 3682 ita
2378 3627 2680 3695 Photimar,
2732 3631 2988 3703 princeps
3018 3651 3321 3705 coquorum
3349 3638 3495 3694 Plia-

1933 3721 2139 3782 raonis,
2190 3722 2418 3776 credidit
2463 3724 2596 3777 mihi
2645 3725 2868 3780 domum
2923 3745 3098 3783 suam.
3148 3731 3212 3786 Et
3258 3735 3496 3790 luctatus

1931 3829 2051 3868 sum
2077 3822 2266 3868 contra
2314 3815 2594 3870 mulierem
2625 3816 3072 3886 inverecundam,
3104 3823 3490 3880 sollicitantem

1930 3923 2037 3974 me,
2087 3916 2148 3961 ut
2197 3908 2382 3980 iniqua
2435 3924 2648 3978 agerem
2678 3926 2800 3965 cum
2833 3913 2972 3980 ipsa.
3005 3913 3108 3968 Sed
3158 3915 3492 3974 DCUSISI'al'l

1927 3998 2096 4068 patris
2123 3999 2226 4052 mei
2256 4000 2552 4054 custodivit
2577 4015 2661 4054 me
2688 4016 2718 4054 a
2746 4000 2963 4056 ﬂamma
2991 4014 3202 4058 urente.
3232 4005 3288 4060 ln
3314 4023 3493 4062 carce-

1927 4107 2037 4146 rcm
2053 4092 2356 4162 conjectus,
2379 4095 2696 4150 verberibus
2722 4111 2919 4159 cresus,
2940 4097 3312 4156 subsannatus
3330 4116 3486 4166 sum;

1925 4195 1979 4238 et
2005 4182 2133 4238 fecit
2182 4184 2468 4248 Dominus,
2502 4193 2561 4240 ut
2606 4187 2980 4243 misericordia
3003 4199 3315 4245 commotus
3343 4204 3489 4248 ιέειιι

1925 4292 2050 4347 erga
2081 4292 2165 4332 me
2187 4286 2373 4334 custos
2397 4278 2654 4334 carceris.
2685 4277 2802 4335 Non
2837 4282 2986 4334 enim
3013 4280 3353 4352 derelinquet
3380 4283 3486 4337 Do-

241 4450 423 4506 currit
447 4449 706 4504 Biblioth.
733 4449 854 4502 crit.
887 4458 1019 4503 tom.
1045 4445 1106 4510 ll,
1134 4462 1187 4516 p.
1215 4445 1340 4508 232,
1369 4460 1474 4516 ms.
1503 4443 1712 4516 scilicet
1731 4445 1815 4500 bi-

1995 4438 2070 4516 (g)
2095 4437 2204 4516 Kal
2231 4438 2418 4516 οὕτως
2453 4437 2740 4516 Φωτᾳέᾴρ.
2785 4438 2840 4490 '0
2874 4437 3126 4516 εὐνοῦχος
3150 4439 3367 4516 Φαραώ.
3405 4440 3481 4496 lo.

242 4520 734 4596 bliotllecmilegim,
755 4535 859 4596 pro
881 4519 1011 4596 Θεός
1035 4514 1535 4596 Ιιίοδιῑιὶὺειχςέῳ,
1557 4515 1814 4596 mendose

245 4591 452 4662 procul
473 4585 933 4662 dubio,‘nulloque
964 4590 1120 4662 plane
1149 4601 1336 4662 sensu:
1355 4585 1493 4662 Quid
1513 4585 1656 4662 enim
1679 4586 1808 4662 boni

245 4653 517 4737 Extumles
540 4661 616 4714 ’ex
646 4653 758 4714 ﬁliae
796 4653 1274 4737 lectione_écoe_elg
1307 4654 1472 4737 ἄνδρα
1525 4653 1812 4737 ὐποκρινόέ

271 4748 436 4794 ιενος,
466 4729 509 4783 si
537 4745 654 4783 eam
684 4745 808 4784 cum
841 4726 1270 4797 praecedentibus
1295 4723 1548 4779 conferas
1571 4723 1594 4777 ?
1621 4723 1811 4794 Arguit

271 4801 452 4853 bidem
482 4799 595 4853 ipse
619 4798 899 4852 Simonius
926 4806 1181 4853 tanuuam
1217 4795 1398 4850 minus
1433 4803 1577 4848 recte
1619 4792 1810 4850 Latine

249 4814 452 4853 mntem
482 4814 595 4867 Ipse
619 4814 899 4852 Simomus
926 4814 1181 4866 tanquam
1217 4814 1398 4850 minus
1433 4814 1577 4848 recw
1619 4814 1810 4850 Daune

247 4871 461 4926 reddita
485 4869 554 4923 ab
573 4870 854 4946 _episcopo
899 4866 1290 4946 Lincolniensi,
1341 4880 1464 4934 qua:
1511 4864 1696 4946 statim
1721 4880 1811 4946 se-

248 4951 492 5009 quuntur
522 4959 534 4994 :
564 4937 755 5000 Dicite,
788 4937 916 5009 etc?
938 4937 1059 5009 jure
1095 4943 1375 5009 neautem
1405 4975 1419 4998 ,
1449 4937 1769 5009 au_injuria
1791 4973 1806 4997 ,

249 5003 374 5083 post
387 5009 834 5083 emendationem
858 5003 1080 5083 ϐ-τᾷιιιίί,Δ
1096 5005 1329 5083 viderint
1353 5003 1570 5057 eruditi.
1605 5070 1617 5083 .

324 5079 438 5161 (97)
477 5079 843 5161 Ἐπιθήσετε.
903 5075 1273 5146 Ἀπειθήσετε,
1317 5089 1437 5142 qua:
1459 5075 1694 5144 genuina
1721 5081 1807 5127 est

251 5147 436 5289 lectlligj
478 5149 843 5289 gitimam
862 5173 1042 5287 ἤμην,
1077 5213 1176 5270 καί
1201 5215 1234 5267 ό
1257 5211 1460 5281 Σωτὴρ
1481 5210 1808 5280 ἐχαρίτωσέ

241 5286 762 5362 μεέρπηίβεθξξυηις
798 5286 910 5340 ιν(
950 5352 1004 5362 -.
1531 5348 1546 5362 .
1609 5349 1642 5362 ._
1737 5346 1748 5359 .

320 5358 431 5428 (99)
460 5357 778 5428 Letiﬁcavit
813 5371 912 5428 me.
943 5352 1183 5408 Cltarum
1206 5367 1297 5428 me
1324 5350 1429 5404 sibi
1461 5348 1669 5428 habuit,
1706 5348 1820 5428 sive

251 5417 424 5496 gratia
445 5444 544 5483 sua
586 5417 672 5483 me
704 5426 1036 5496 complexus
1066 5431 1166 5477 est.
1201 5421 1389 5490 Neque
1431 5420 1573 5474 enim
1607 5417 1819 5474 deriva-

251 5493 340 5552 tur
373 5519 399 5553 a
437 5500 600 5571 χαρά,
633 5500 724 5571 sed
751 5513 780 5551 a
803 5493 980 5571 χάρις·
1021 5493 1095 5546 11)·
1654 5560 1665 5571 .

323 5517 340 5552 r
373 5519 399 5553 ει
437 5517 600 5624 χαρὶα,
633 5517 724 5554 sco
751 5517 780 5551 a
803 5517 980 5568 χαρις.
1021 5517 1095 5546 m.
1654 5560 1665 5571 _

323 5571 469 5637 (l00;
559 5569 748 5624 retexit
779 5583 875 5621 me.
906 5566 963 5622 Id
985 5574 1088 5628 est,
1116 5577 1336 5637 causam
1377 5575 1552 5637 meam
1585 5569 1712 5637 egit.
1744 5559 1818 5614 ln.

258 5706 276 5761 1
325 5629 399 5711 ξι)
442 5629 536 5696 Ἐν
579 5639 995 5705 διαϐολαῖς.....
1044 5634 1144 5689 καὶ
1195 5631 1404 5701 ὕψωσέ
1451 5649 1545 5701 με.
1603 5629 1819 5691 Desunt.

283 5724 330 5761 ι).

1991 4510 2068 4578 (5)
2111 4508 2567 4578 Ἀρχιμᾴγειρος.
2624 4507 2817 4561 Vocem
2872 4507 3246 4578 hanc'auctor
3282 4511 3476 4565 iterum

1918 4576 2126 4644 acCcpit
2147 4594 2209 4631 ex
2225 4576 2363 4630 LXX
2403 4577 2762 4645 lnterpretum
2780 4579 3028 4632 versione
3046 4577 3242 4632 Geucs.
3269 4597 3478 4645 xxxvii,

1917 4650 2004 4703 56.
2030 4647 2274 4718 Notanda
2305 4648 2761 4718 veroiobservatio
2789 4646 3102 4718 Hieronymi
3130 4649 3182 4703 in
3211 4648 3479 4705 Traditio-

1915 4720 2065 4773 nibus
2087 4717 2364 4788 Hebraicis
2382 4717 2448 4788 ad
2473 4718 2614 4770 hunc
2640 4718 2816 4772 locum
2849 4736 2863 4772 :
2893 4737 2911 4768 ι
2948 4717 3006 4771 In
3031 4719 3303 4788 plerisque
3341 4721 3478 4776 locis

1912 4787 2327 4856 archimagiros,
2362 4787 2412 4840 id
2436 4795 2539 4858 est,
2565 4803 2862 4858 coquorum
2889 4788 3162 4858 principes
3182 4829 3195 4853 ,
3220 4787 3324 4858 pro
3362 4807 3478 4845 ma-

1913 4860 2095 4930 gistris
2139 4855 2408 4930 e’xercitus
2463 4855 2741 4930 Scriptura
2804 4855 3248 4930 conmemoraﬂ
3285 4877 3476 4930 μαγει-

1914 4927 2088 5001 ρεύειν
2113 4928 2310 5001 quippe
2330 4927 2910 5001 Qi'azceinterpretatur
2935 4929 3186 5001 occidere.
3217 4927 3475 4985 venditus

1817 5049 1824 5055 .
1909 4997 1994 5053 est
2015 4997 2396 5068 igitur-{Josvph
2433 4997 2660 5068 principi
2689 4999 2960 5068 exercitus
2987 5007 3040 5052 et
3067 4999 3410 5068 bellatorum.
3453 5023 3470 5050 ι

1909 5066 2299 5123 Μίίιῖιηαχίιηθ
2335 5068 2509 5136 placet
2546 5066 2782 5138 Targum
2808 5067 3078 5122 Ionathau
3117 5077 3169 5121 et
3211 5067 3474 5122 llieroso—

1909 5162 2224 5233 lymitanum
2246 5199 2260 5224 ,
2296 5174 2418 5229 qua:
2450 5159 2611 5214 ambo
2648 5159 3026 5220 reddiderunt,
3055 5142 3372 5244 wmﬁpvzo
3404 5169 3477 5220 ξιτ

1909 5253 2148 5321 Prinripi
2189 5250 2594 5321 speculatorum.

1909 5324 2074 5377 Marc.
2097 5313 2180 5383 'VI,
2206 5313 2294 5374 27.
2326 5313 2407 5370 In.

1980 5394 2055 5462 (4)
2102 5392 2472 5460 Ἐπειγούσῃ.
2528 5391 3062 5462 Ἐπειγούγσηςῐιιὼοι
3083 5391 3252 5444 codex
3280 5388 3457 5446 Oxon.

1909 5461 2010 5519 Sed
2037 5463 2249 5516 mallem
2279 5463 2376 5531 legi
2407 5463 2746 5531 ἐπείγουσαν.
2775 5461 2849 5515 lo.

1979 5533 2053 5602 (5)
2097 5531 2360 5600 Ἰσραήλ.
2401 5531 2611 5586 Ἰακὼὄ.
2650 5532 2723 5585 In.

1975 5609 2048 5674 (6)
2105 5605 2166 5657 Ἐ
2174 5603 2502 5674 τυπτίσθην
2526 5641 2538 5663 ,
2592 5669 2604 5674 _
2629 5602 3085 5670 ἑμινκτγιρίσθην.

1906 5669 2108 5732 omisso
2134 5672 2558 5746 ἐμνκτηρίσθην.
2592 5669 2663 5724 In.

2650 5251 2780 5317 Quae
2826 5267 2928 5306 vox
2977 5250 3213 5305 occurrit
3250 5264 3476 5322 quoque

3173 5599 3462 5675 Ἐτύφθην,
