4038 6314
263 310 408 368 H29

1524 318 2045 381 TESTAMENTUM
2082 323 2355 383 JOSEPH.

3417 348 3544 405 "50

255 428 480 502 Κυρίου
522 449 612 486 σου
638 435 1009 507 πορευόμενοι.
1047 455 1064 487 ι
1101 437 1257 503 Λέγω
1280 434 1392 505 (21)
1417 436 1473 488 δὲ
1497 437 1632 509 πρὸς
1657 437 1825 509 αὑτήν

1923 463 1938 501 ι
1964 438 2061 493 Dei
2087 441 2165 496 tui
2195 444 2617 503 ambulabimus.
2657 471 2675 502 ι
2708 452 2805 510 llis
2825 467 2955 530 ergo
2975 467 3229 534 respondi
3257 486 3272 523 :
3304 488 3323 521 ι
3360 468 3415 524 lu
3440 471 3541 527 im-

258 539 279 572 ι
306 524 434 577 Οὐκ
494 528 552 578 ὲν
605 528 916 601 ἀκαθαρσίᾳ
961 529 1109 598 λέγει
1151 529 1262 600 (22)
1294 528 1499 601 Κύριος
1542 530 1825 632 σεδομένοι

1971 533 2239 587 munditia
2276 550 2383 589 non
2413 539 2520 593 vult
2546 539 2810 603 Dominus
2835 565 2959 607 esse
2986 568 3310 615 venerantes
3334 562 3535 632 ipsum,

252 614 453 681 αὑτὸν,
470 618 590 672 οὐδὲ
609 621 665 672 ὲν
682 624 792 684 τοῖς
816 622 1152 693 μοιχεύουσιν
1172 621 1396 674 εὐδοκεῖ.
1412 641 1430 672 ι
1456 623 1697 692 Κάκείνη
1712 622 1825 675 ὲσιιὶ

1967 634 2143 691 neque
2170 623 2225 677 in
2252 627 2693 691 adnlterantibus
2722 637 2861 696 bene
2886 643 3151 712 placitum
3182 661 3268 705 est
3308 614 3379 707 eir.
3418 676 3435 707 ι
3470 614 3538 713 El

251 723 410 778 πησε
456 708 603 782 (25)
641 712 879 765 ποθοῦσα
920 714 1197 767 ἐκτελέσαι
1245 713 1385 785 (24)
1420 714 1517 784 τὴν
1570 712 1825 817 ἐπιθυμία

1964 714 2054 769 illa
2119 716 2305 785 siluit,
2380 722 2699 786 desiderans
2766 737 2983 807 explere
3033 748 3534 817 concupiscentiam

250 798 462 869 αὐτῆς.
510 801 681 870 Κάγὼ
716 802 1066 875 προσετίθουν
1105 804 1357 875 νηστείαν
1402 805 1493 857 καὶ
1534 805 1858 876 προσευχὴν,

247 886 409 954 ὅπως
435 890 672 964 ρύσηταί
698 912 763 965 με
796 897 824 949 6
846 895 1048 967 Κύριος
1073 896 1166 949 ἀπ’
1200 896 1386 967 αὐτῆς.

324 981 409 1034 E'.
459 1001 478 1034 ι
511 984 681 1038 Πάλιν
701 984 756 1038 δὲ
781 986 837 1037 έν
862 986 1033 1057 ἑτέρῳ
1053 986 1226 1056 χρόνῳ
1247 985 1395 1055 λέγει
1424 1003 1513 1057 μοι
1538 1004 1551 1016 ·
1587 1006 1605 1037 ι
1640 988 1703 1040 El
1740 1006 1858 1058 μοι·

1952 819 2137 897 ειιοῐη.
2169 806 2235 862 Et
2273 828 2373 881 ego
2406 815 2590 873 addidi
2620 820 2892 891 jejunium
2925 840 2979 885 et
3019 806 3354 910 orationem,
3379 856 3438 900 ut
3463 846 3531 901 Ii-

1960 896 2185 954 beraret
2212 918 2295 957 me
2325 903 2590 965 Dominus
2625 916 2693 969 ab
2719 917 2854 987 ipsa.

2035 987 2102 1043 V.
2140 1009 2159 1042 ι
2197 990 2409 1052 Rursus
2436 1015 2565 1055 vero
2608 1006 2715 1061 alio
2742 1018 2982 1081 tempore
3024 1018 3155 1074 dicit
3202 1024 3375 1081 mihi:
3411 1048 3430 1080 ι

246 1071 452 1142 χεῢσαι
502 1075 563 1127 οὐ
623 1075 816 1141 Θέλεις,
877 1079 986 1146 ἐγὼ
1020 1078 1228 1149 ἀναιρῶ
1274 1079 1364 1131 τὸν
1394 1078 1721 1147 Αἰγύπτιον,
1758 1096 1825 1132 κα

1957 1080 2264 1139 adulterare
2318 1105 2424 1144 non
2481 1095 2586 1160 vis,
2636 1112 2737 1169 ego
2783 1106 3030 1163 occidam
3089 1112 3425 1185 Egyptium,
3476 1128 3532 1177 et

244 1162 435 1229 οὕτως
460 1166 611 1237 νόμῳ
641 1168 751 1240 (25)
776 1168 1016 1240 λήψομαί
1055 1186 1113 1222 σε
1137 1171 1219 1233 είς
1242 1169 1411 1241 ἀνδρα
1440 1209 1453 1221 .
1482 1189 1500 1220 ι
1558 1169 1697 1239 Ἐγὼ
1720 1166 1815 1224 οὖν
1835 1211 1851 1236 ,

242 1253 324 1317 ὼς
348 1255 569 1324 ἥκουσα
596 1257 771 1323 τοῦτο,
796 1258 1054 1331 διέρρηξα
1078 1260 1178 1332 τὴν
1199 1260 1389 1331 στολήν
1418 1278 1541 1331 μου,
1560 1262 1655 1315 καὶ
1674 1255 1846 1315 εἷπον·

1954 1170 2033 1223 ita
2089 1170 2208 1243 lege
2258 1179 2526 1248 accipiam
2582 1193 2634 1239 te
2684 1188 2737 1242 in
2789 1189 2989 1251 viru'ui.
3026 1217 3044 1249 ι
3098 1170 3212 1273 Egi;
3248 1206 3431 1277 igitur,
3472 1223 3533 1267 ut

1955 1265 2141 1321 audivi
2169 1270 2293 1337 hoc,
2326 1274 2460 1329 scidi
2489 1280 2688 1336 stolam
2721 1301 2921 1356 meam,
2948 1302 2999 1346 et
3026 1295 3272 1355 dicebam
3302 1310 3316 1356 ξ
3363 1324 3379 1354 ι
3411 1305 3529 1362 Μυ-

248 1366 270 1399 ‹
298 1348 514 1415 Γύναι,
552 1351 826 1423 αἰδέσθητι
848 1354 938 1406 τὸν
972 1352 1210 1425 Κύριον,
1238 1354 1332 1407 καὶ
1376 1355 1450 1425 μὴ
1488 1356 1719 1427 ποιήσῃς
1751 1357 1825 1428 τὴε

339 1441 403 1459 ὀν’
455 1460 462 1463 .
497 1442 675 1463 _,_a'___
735 1445 779 1463 ξι
820 1462 823 1463 ,
870 1461 921 1463 ξε
1010 1444 1068 1463 -1,
1170 1445 1193 1463 Cr
1246 1462 1251 1463 ,
1308 1462 1314 1463 ,
1349 1445 1363 1463 ι
1424 1444 1657 1463 ιρνκνιιμ.
1712 1444 1807 1463 n-._

1950 1358 2069 1421 lier,
2126 1377 2373 1421 reverere
2421 1367 2614 1436 Deum,
2662 1383 2715 1429 et
2757 1394 2823 1433 ue
2870 1380 3040 1439 facias
3092 1388 3233 1445 hanc
3260 1399 3530 1463 pernicio-

244 1441 463 1513 πρᾶξιν
492 1442 696 1515 ταύτην
728 1445 827 1514 τὴν
860 1444 1124 1515 πονηρὰν,
1170 1445 1257 1497 ἵνα
1304 1445 1377 1515 μὴ
1421 1444 1844 1516 ὲξολοθρευθῇς·

236 1537 329 1589 ὅτι
381 1538 484 1591 καί
510 1556 573 1608 γε
615 1539 724 1608 ἐγὼ
759 1539 1036 1609 ἐξαγγελῶ
1061 1540 1158 1611 τὴν
1181 1541 1424 1595 ἐπίνοιαν
1461 1541 1558 1610 τῆς
1595 1539 1825 1593 ἀσεϐείω

1945 1542 2211 1598 nuntiabo
2257 1549 2642 1617 cogitationem
2695 1537 2991 1629 impietatis

1949 1466 2069 1505 sam
2119 1470 2258 1522 rem,
2313 1467 2373 1513 ut
2414 1478 2523 1516 non
2552 1466 2876 1538 dispereas;
2919 1478 3176 1558 «_piouiam
3206 1494 3259 1539 et
3298 1503 3398 1558 ego
3421 1506 3527 1545 an-

3035 1577 3140 1625 tuze
3187 1576 3463 1633 omnibus.
3498 1599 3517 1632 ι

242 1645 343 1681 σου
378 1632 540 1683 πᾶσι.
578 1649 596 1680 ι
637 1630 939 1701 Φοϐηθείσα
974 1626 1067 1684 οὖν
1107 1632 1314 1704 ἐκείνη,
1340 1632 1515 1701 ἠξίου,
1544 1632 1633 1686 ἵνα
1657 1631 1825 1726 μηδεν

1946 1629 2167 1692 Timens
2219 1638 2392 1709 igitur
2441 1644 2554 1710 illa,
2586 1652 2836 1719 rogabat,
2884 1668 2941 1711 ut
2974 1663 3106 1715 nulli
3137 1670 3517 1726 auuuntiarem

238 1720 566 1790 ἀναγγείλω
599 1722 699 1794 τὴν
737 1722 935 1776 κακίαν
976 1723 1144 1793 αὐτῆς
1166 1740 1180 1754 ο
1222 1725 1316 1777 κα)⁸
1352 1722 1688 1796 ἀνεχώρησε,
1726 1724 1845 1778 θέλ-

1947 1727 2211 1784 malitiam
2251 1733 2405 1802 ejus;
2453 1748 2507 1791 et
2559 1746 2803 1809 recessit,
2853 1757 3073 1809 tentans
3126 1772 3211 1812 me
3258 1759 3439 1827 donis,
3465 1774 3520 1820 et

238 1814 435 1866 πουσά
464 1812 575 1883 (26)
605 1832 671 1885 με
690 1812 905 1886 δώροις,
932 1816 1026 1868 καὶ
1062 1816 1355 1887 πέμπουσα
1398 1794 1825 1871 πᾶσαν-ἀπόλαυε

2279 1794 2297 1802 ν
2394 1794 2403 1802 ι
2630 1794 2803 1809 ---_--,
2856 1794 3073 1809 --.η-...υ
3126 1794 3211 1812 ...υ
3258 1794 3513 1827 uua-13,!“

1948 1821 2169 1879 mittens
2216 1829 2349 1882 mihi
2397 1835 2604 1902 omnia,
2657 1854 2779 1907 qua:
2819 1854 2945 1899 sunt
2982 1846 3035 1900 in
3077 1865 3237 1906 usum
3276 1854 3513 1913 ﬁliorum

242 1920 335 1956 σιν
366 1906 505 1959 υἱῶν
528 1905 625 1959 ἀνθ
636 1905 853 1977 ρώπων.

318 2016 419 2081 ς’.
458 2032 475 2065 ι
498 2015 607 2067 Kal
629 2015 946 2069 ἀποστέλλει
976 2034 1064 2087 μοι
1089 2016 1283 2089 βρῶμα
1308 2020 1363 2071 ἐν
1388 2020 1613 2090 γοητείᾳ
1634 2036 1843 2091 πεφυρ-

239 2103 437 2173 μένον.
486 2107 597 2160 Καὶ
635 2107 710 2170 ὡς
746 2103 907 2178 ἦλθεν
949 2109 976 2160 6
1016 2108 1267 2181 εὐνοῦχος
1310 2113 1339 2164 6
1388 2111 1627 2183 κομίζων
1674 2112 1837 2175 αὐτὸ,

233 2195 556 2266 ὲνὲὅλεψα,
593 2198 689 2250 καὶ
725 2193 863 2252 εἶδον
916 2197 1143 2271 φοϐερὸν
1175 2200 1344 2273 ἄνδρα
1364 2241 1379 2266 ,
1410 2201 1713 2255 ἐπιδιδόντα
1750 2220 1838 2274 μοι

237 2290 390 2360 μετά
420 2292 518 2345 τοῦ
560 2292 814 2361 τρυϐλίου
858 2294 1149 2364 μάχαιραν.
1179 2296 1287 2347 Kal
1330 2295 1571 2366 συνῆκα,
1612 2297 1693 2349 ὅτι
1742 2314 1838 2350 πε-

230 2384 471 2455 ριεργία
498 2383 635 2455 αὕτη
658 2386 738 2448 είς
760 2386 1129 2457 ἀποπλάνησιν
1150 2386 1335 2457 ψυχῆς
1363 2388 1500 2441 ἐστι.
1532 2389 1662 2453 Kal,
1685 2387 1834 2454 ἐξελ-

230 2472 435 2537 θόντος
481 2473 679 2539 αὑτοῦ,
728 2475 940 2529 ἔκλαιον
966 2515 979 2539 ,
1018 2477 1153 2548 μήτε
1198 2476 1439 2541 ἐκείνου,
1492 2479 1629 2551 μήτε
1673 2478 1833 2533 ἄλλου

228 2566 592 2635 γευσάμενος
637 2566 950 2637 ἐδεσμάτων
994 2567 1184 2637 αὐτῆς.
1228 2568 1385 2623 Μετὰ
1417 2568 1473 2622 δὲ
1523 2569 1653 2640 μίαν
1689 2571 1829 2640 ἠμέ-

232 2676 343 2727 ραν
393 2658 631 2712 ἐλθοῦσα
674 2660 810 2732 πρὸς
848 2661 934 2731 μὲ,
983 2660 1197 2730 ἐπέγνω
1225 2660 1286 2714 τὸ
1317 2661 1530 2733 βρῶμα,
1558 2664 1653 2717 καὶ
1679 2664 1828 2732 λέγει

230 2752 380 2822 πρός
424 2768 502 2822 με
528 2770 541 2782 ·
583 2772 601 2804 ι
627 2753 691 2805 Τί
728 2752 905 2817 τοῦτο,
948 2753 1029 2805 ὅτι
1075 2755 1175 2807 οὐκ
1195 2754 1395 2824 ἔφαγες
1419 2756 1528 2810 ἀπὸ
1564 2756 1657 2811 τοῦ
1689 2755 1829 2828 βρώ-

233 2859 456 2911 ματος;
488 2864 506 2895 ι
549 2846 659 2898 Kal
696 2841 844 2899 εἷπον
881 2846 1015 2918 πρὸς
1056 2847 1258 2918 αὑτήνο
1301 2868 1320 2900 ι
1348 2849 1469 2902 Ὅτι
1508 2848 1828 2921 ὲπλήρωσας

230 2933 375 2987 αὐτὸ
414 2933 669 2989 Θανάτου.
731 2936 842 2989 Καὶ
897 2936 1014 3001 πῶς
1068 2933 1263 3003 εἶπας,
1309 2940 1391 2993 ὅτι
1459 2940 1562 2994 οὐκ
1625 2938 1828 3010 ὲγγίζω

231 3030 355 3092 τοῖς
416 3028 676 3093 εἰδώλοις,
732 3029 868 3084 ἀλλά
921 3031 1111 3103 Κυρίῳ
1176 3032 1322 3103 μόνῳ
1364 3032 1518 3104 (27);
1559 3033 1673 3087 Νῦν
1732 3029 1826 3087 οὖν

1944 1913 2255 1974 hominum.

2011 2027 2096 2083 VI.
2134 2050 2153 2081 ι
2190 2031 2255 2087 Ει
2284 2037 2430 2092 misit
2460 2042 2589 2096 mihi
2634 2046 2814 2101 cibum
2864 2051 3230 2113 incantatione
3282 2066 3516 2120 commi-

1941 2126 2107 2173 stum.
2136 2121 2202 2177 Et
2231 2133 2286 2178 ut
2330 2130 2476 2185 venit
2518 2138 2807 2193 eunuchus
2833 2139 3009 2199 ferens
3059 2146 3243 2216 illum,
3274 2156 3510 2223 respexi,

1938 2220 1992 2264 et
2042 2213 2150 2267 vidi
2198 2215 2376 2272 virum
2427 2224 2758 2294 terribilem,
2829 2234 3129 2291 tradentem
3198 2213 3331 2297 mihi
3364 2213 3507 2305 '0qu

1937 2304 2091 2359 aisco
2119 2307 2378 2377 gladium.
2413 2310 2480 2368 Et
2530 2315 2796 2387 intellexi,
2841 2327 2984 2393 quod
3016 2328 3128 2385 haec
3169 2334 3388 2391 curiosa
3417 2304 3507 2393 ses-

1935 2393 2138 2452 dulitas
2164 2398 2217 2453 iu
2243 2401 2620 2461 seductionem
2648 2422 2794 2467 esset
2826 2416 3021 2474 anima:
3048 2437 3202 2480 meae.
3230 2425 3295 2480 Et
3320 2444 3507 2499 egres—

1936 2500 1999 2539 so
2026 2502 2113 2551 eo,
2169 2490 2386 2557 ﬂebam,
2417 2511 2594 2568 neque
2636 2502 2807 2569 illum,
2852 2522 3028 2578 neque
3053 2514 3220 2569 alium
3251 2490 3503 2577 cibdrum

1935 2576 2107 2644 ipsius
2144 2578 2434 2652 (mulieris)
2480 2598 2730 2656 gustans.
2775 2592 2907 2649 Post
2941 2576 3127 2654 unum
3168 2602 3335 2673 igitur
3357 2576 3500 2664 diem

1933 2667 2049 2736 ipsa
2094 2671 2314 2729 veniens
2340 2676 2408 2731 ad
2435 2694 2542 2745 me,
2572 2686 2825 2753 cognovit
2850 2689 3053 2759 cibum,
3083 2705 3136 2748 et
3159 2667 3294 2751 dixit
3319 2701 3450 2755 mihi
3483 2721 3499 2758 :

1936 2777 1955 2810 ι
1989 2760 2130 2826 Quid
2164 2764 2266 2820 hoc
2298 2775 2403 2831 est,
2430 2773 2576 2840 quod
2626 2791 2735 2830 non
2762 2782 3044 2837 comedisti
3078 2785 3145 2841 de
3186 2788 3352 2845 cibo?
3383 2812 3401 2845 ι
3434 2793 3501 2849 Ει

1928 2850 2173 2907 dicebam
2217 2854 2267 2909 ei
2297 2875 2310 2911 :
2342 2875 2361 2909 ι
2392 2859 2661 2925 Quoniam
2717 2866 2955 2937 implesti
3005 2872 3155 2928 illum
3206 2888 3398 2934 morte.
3429 2880 3498 2937 Et

1929 2946 2209 3013 quomodo
2257 2949 2462 3017 dixisti,
2512 2956 2657 3023 quod
2709 2973 2818 3014 non
2866 2964 3242 3036 appropinquu
3298 2970 3492 3041 idolis,

1929 3037 2021 3091 sed
2048 3037 2280 3095 Domino
2305 3043 2449 3097 soli?
2472 3043 2628 3101 Nunc
2654 3046 2821 3119 igitur
2863 3067 3152 3124 cognosce,
3178 3061 3321 3129 quod
3348 3037 3495 3119 Deus

232 3116 453 3187 γνῶθι,
495 3118 577 3172 ὅτι
644 3118 674 3170 6
727 3119 859 3184 Θεὸς
922 3118 1017 3173 τοῦ
1073 3122 1278 3193 πατρός
1328 3140 1429 3193 μου
1489 3124 1558 3177 δι’
1591 3124 1824 3194 ἀγγέλου

1930 3129 2103 3197 patris
2131 3132 2235 3186 mei
2288 3150 2383 3204 per
2427 3116 2701 3208 angelum'
2729 3116 2990 3200 revelavit
3041 3116 3488 3211 mibilmalitiam

231 3208 564 3278 ἀπεκάλυψέ
617 3226 705 3281 μοι
738 3210 838 3282 τὴν
877 3211 1074 3264 κακίαν
1115 3229 1230 3275 σου,
1278 3214 1371 3266 καὶ
1410 3214 1652 3286 ἐτήρησα
1693 3215 1824 3270 αὐτὸ

232 3303 316 3363 εἰς
341 3300 566 3371 ἔλεγχόν
589 3317 702 3364 σου,
727 3303 774 3353 εἰ
813 3301 919 3373 ἄρα
944 3301 1124 3355 ίδοῦσα
1146 3304 1277 3357 αὐτὸ
1305 3307 1674 3377 μετανοήσεις.
1708 3308 1823 3361 Ἵνα

228 3391 287 3445 δὲ
325 3392 534 3465 μάθῃς,
581 3392 794 3445 ὅτιτῶν
834 3394 892 3446 ὲν
935 3393 1256 3466 σωφροσύνῃ
1300 3396 1434 3449 Θεὸν
1471 3396 1737 3451 σεϐόντων
1759 3400 1819 3451 οὐ

229 3485 528 3554 κατισχύει
552 3482 718 3536 κακία
745 3483 1106 3548 ἀσεϐούντων,
1124 3484 1303 3538 λαϐὼν
1326 3484 1555 3541 ἐνώπιον
1578 3487 1746 3556 αὐτῆς
1764 3487 1821 3541 ἔ-

228 3592 430 3643 φαγον,
479 3572 678 3627 είπώνο
740 3593 760 3626 ι
794 3574 853 3628 '0
895 3574 1027 3639 Θεὸς
1063 3574 1172 3629 τῶν
1217 3576 1467 3647 πατέρων
1494 3594 1596 3648 μου
1618 3618 1633 3641 ,
1670 3580 1763 3632 καὶ
1792 3580 1821 3632 6

225 3665 470 3735 ἄγγελος
505 3664 754 3737 Ἀϐραὰμ
797 3665 950 3719 ἔσται
990 3668 1107 3739 μετ’
1162 3666 1320 3738 ἐμοῦ.
1351 3687 1371 3719 ι
1422 3667 1486 3722 Ἠ
1523 3668 1580 3721 δὲ
1624 3669 1820 3725 ἔπεσεν

223 3754 321 3807 ἐπὶ
346 3756 647 3826 πρόσωπον
682 3760 763 3822 εἰς
794 3758 919 3823 τοὺς
952 3760 1117 3824 πόδας
1145 3777 1247 3831 μου
1266 3800 1281 3823 ,
1312 3762 1407 3815 καὶ
1430 3760 1661 3815 ἔκλαυσε
1681 3778 1695 3793 ο
1725 3764 1819 3817 καὶ

225 3844 549 3919 ἀναστήσας
573 3848 740 3919 αὐτὴν
781 3849 1106 3922 ὲνουθέτησα
1129 3867 1143 3881 ·
1182 3852 1278 3905 καὶ
1331 3853 1583 3906 συνέθετο
1612 3852 1706 3906 τοῦ
1740 3854 1817 3925 μὴ

224 3937 465 4009 ποιῆσαι
498 3938 580 3993 ἔτι
601 3939 699 4011 τὴν
725 3941 979 3996 ἀσέϐειαν
1000 3941 1224 4013 ταύτην.

297 4050 373 4103 Ζ’.
409 4069 432 4103 ι
468 4050 589 4104 ’Ότι
615 4050 725 4125 (28)
748 4052 804 4105 δὲ
830 4056 862 4125 ἡ
906 4054 1100 4125 καρδία
1136 4055 1308 4126 αὐτῆς
1342 4056 1578 4113 ἐνέκειτο
1609 4060 1690 4121 είς
1717 4059 1815 4129 ἐμὲ

226 4141 366 4212 πρὸς
411 4141 750 4206 ἀκολασίαν,
791 4146 885 4198 καὶ
918 4145 1028 4217 (29)
1069 4144 1396 4211 στενάξουσα
1449 4151 1816 4218 προσέπιπτεν

228 4229 364 4302 (50).
402 4230 555 4285 Ἰδὼν
598 4234 654 4286 δὲ
688 4236 716 4287 6
739 4233 1053 4304 Αἰγύπτιος,
1097 4236 1246 4304 λέγει
1288 4237 1423 4309 πρὸς
1450 4238 1618 4310 αὑτήν
1641 4255 1654 4268 ·
1689 4258 1707 4290 ι
1749 4237 1815 4291 Τί

230 4326 503 4380 συνέπεσε
550 4328 612 4381 τὸ
655 4329 943 4400 πρόσωπόν
978 4346 1109 4389 σου;
1154 4350 1172 4383 ι
1210 4332 1275 4384 Ἠ
1301 4332 1358 4385 δὲ
1399 4328 1552 4386 εἴπεο
1594 4353 1613 4383 ‹
1646 4333 1814 4386 Πόνον

229 4421 466 4491 καρδίας
484 4420 634 4489 ἀλγῶ
675 4421 804 4490 ἐγὼ,
840 4423 934 4475 καὶ
959 4424 1009 4476 oi
1043 4425 1334 4494 στεναγμοὶ
1369 4423 1463 4477 τοῦ
1507 4423 1814 4494 πνεύματός

1925 3228 2096 3289 tuam,
2123 3231 2177 3277 et
2220 3227 2429 3280 servavi
2467 3229 2661 3299 _cibum
2704 3232 2759 3287 in
2805 3236 3243 3307 redargutionem
3291 3246 3389 3312 tui,
3442 3250 3492 3304 si

1923 3312 2062 3370 forte
2080 3315 2268 3373 videns
2291 3318 2441 3374 illum
2462 3324 2743 3391 pumileas.
2769 3324 2835 3382 Ut
2867 3344 2997 3385 vero
3016 3331 3216 3402 discas,
3237 3340 3380 3407 quod
3404 3340 3491 3398 his

1920 3405 2010 3474 qui
2043 3407 2096 3461 in
2126 3411 2377 3468 castitate
2402 3412 2692 3473 Dominum
2718 3433 3065 3493 venerantur,
3103 3443 3208 3482 non
3238 3434 3493 3498 przevalet

1916 3498 2122 3553 malitia
2147 3501 2310 3573 impie
2332 3508 2628 3576 agentium,
2659 3531 2677 3563 ι
2700 3515 2972 3585 accipiens
3012 3533 3196 3575 coram
3236 3522 3353 3592 ipsa
3401 3540 3489 3580 co-

1914 3590 2089 3655 medi,
2120 3592 2307 3653 dicens
2338 3614 2354 3651 :
2383 3616 2401 3650 ι
2437 3598 2581 3658 Deus
2619 3614 2836 3673 patrum
2865 3624 3109 3665 meorum
3130 3655 3145 3678 ,
3176 3623 3232 3669 et
3258 3590 3491 3686 angelus

1918 3679 2215 3750 Abraham,
2242 3684 2347 3738 erit
2372 3700 2609 3741 mecum.
2641 3707 2659 3739 ι
2693 3687 2785 3744 Illa
2812 3707 2941 3747 vero
2968 3695 3157 3749 cecidit
3192 3701 3243 3751 lu
3289 3679 3483 3756 faciem

1919 3775 1987 3828 ad
2035 3775 2198 3845 pedes
2253 3791 2428 3842 meos,
2458 3787 2513 3833 et
2561 3778 2709 3835 llevit
2738 3797 2752 3833 :
2785 3791 2839 3836 et
2864 3783 3078 3852 erigens
3104 3786 3253 3842 illam
3286 3791 3483 3846 admo-

1918 3869 2053 3936 nui;
2088 3880 2142 3925 et
2169 3872 2421 3940 promisit
2476 3888 2537 3929 se
2586 3888 2696 3928 non
2748 3889 2871 3931 esse
2921 3876 3191 3933 iacturam
3247 3884 3485 3953 amplius

1917 3960 2246 4029 impietatem
2281 3964 2441 4019 hanc.

1990 4049 2102 4108 VII.
2139 4073 2158 4105 ι
2194 4053 2388 4110 Adhuc
2432 4072 2560 4111 vero
2610 4073 2707 4112 cor
2764 4060 2937 4129 ipsius
2985 4062 3040 4115 iu
3085 4080 3171 4117 me
3202 4076 3482 4123 exarserat

1916 4144 1981 4198 ad
2022 4144 2374 4212 adulterium,
2404 4154 2459 4201 et
2483 4147 2847 4218 ingemiscens
2871 4152 3089 4207 cecidit.
3129 4152 3328 4211 Videtis
3349 4174 3479 4214 vero

1913 4250 2033 4289 eam
2083 4234 2403 4307 Egyptius,
2462 4239 2596 4294 dicit
2655 4240 2704 4295 ei
2737 4258 2753 4295 :
2790 4259 2807 4292 ι
2840 4241 2979 4308 Quid
3027 4248 3265 4303 concidit
3311 4248 3480 4307 facies

1914 4330 2052 4381 tua?
2086 4347 2104 4380 ι
2142 4329 2233 4384 Illa
2262 4346 2392 4386 vero
2417 4331 2557 4386 dixit
2587 4350 2603 4388 :
2639 4351 2657 4384 ε
2692 4333 2888 4389 Dolore
2930 4338 3111 4393 cordis
3158 4356 3258 4410 ego
3297 4343 3474 4412 doleo,

1913 4428 1967 4474 et
1995 4422 2228 4490 gemitus
2267 4425 2495 4493 spiritus
2540 4426 2647 4481 mei
2679 4428 3058 4499 constringunt
3082 4447 3189 4487 me.
3220 4432 3282 4489 Et
3311 4452 3477 4492 cura-

233 4526 335 4579 μου
373 4512 658 4581 συνέχουσί
683 4530 767 4583 με.
804 4532 823 4563 ι
851 4514 960 4566 Kal
977 4512 1340 4584 ἐθεράπευσεν
1360 4513 1527 4586 αὐτὴν
1551 4516 1623 4587 μὴ
1646 4514 1806 4568 ἀσθε-

1923 4513 2003 4567 bat
2044 4528 2165 4567 eam
2217 4531 2325 4569 non
2378 4526 2755 4586 aegrotantem.
2810 4516 2963 4574 Tune
3016 4522 3227 4578 insiluit
3270 4526 3336 4581 ad
3364 4544 3474 4594 me,

230 4598 455 4654 νοῧσαν.
483 4603 615 4655 Τότε
634 4604 959 4675 εἰσεπήδησε
989 4604 1125 4675 πρὸς
1167 4606 1254 4675 μὲ,
1297 4605 1377 4657 ἔτι
1411 4605 1515 4671 ἔξω
1540 4606 1690 4669 ὄντος
1714 4605 1808 4659 τοῦ

228 4690 426 4763 ἀνδρὸς
450 4693 636 4763 αὐτῆς,
666 4694 759 4745 καὶ
776 4694 922 4762 λέγει
951 4711 1039 4766 μοι
1057 4711 1070 4725 ⁸
1096 4713 1114 4746 ι
1146 4695 1437 4767 Ἀγχομαι,
1459 4695 1491 4764 ἢ
1513 4697 1592 4759 είς
1610 4696 1804 4769 φρέαρ,

232 4779 268 4852 ἢ
292 4783 371 4846 εἰς
396 4783 642 4854 κρημνὸν
682 4783 856 4855 ῥίπτω
894 4785 1173 4856 ἐμαυτὴν,
1218 4785 1313 4838 ἐὰν
1364 4786 1438 4857 μὴ
1468 4786 1807 4859 συμπεισθῇς

234 4875 345 4945 (51)
375 4894 486 4947 μοι.
522 4896 539 4928 ι
579 4878 689 4930 Καὶ
716 4879 932 4949 νοήσας,
957 4878 1037 4931 ὅτι
1060 4879 1119 4931 τὸ
1144 4879 1358 4950 πνεῦμα
1380 4881 1472 4933 τοῦ
1500 4880 1694 4953 Βελιὰρ
1717 4883 1806 4936 αὐ-

234 4964 331 5035 τὴν
359 4966 474 5038 (32)
504 4967 725 5039 ἐνοχλεῖ,
755 4969 1192 5041 προσευξάμενος
1216 4972 1424 5043 Κυρίῳ,
1454 4967 1605 5025 εἷπον
1627 4975 1761 5047 αὐτῇ
1786 4993 1799 5006 ·

241 5070 261 5104 ι
296 5055 412 5110 Ἵνα
436 5059 488 5111 τί
512 5060 759 5131 ταράσσῃ
793 5060 887 5111 xal
915 5059 1136 5131 θορυόῇ,
1166 5062 1223 5112 ὲν
1248 5062 1540 5133 ἁμαρτίαις
1565 5066 1803 5132 τυφλώτ-

334 5216 427 5288 SI)
450 5218 632 5287 Λέγω.
666 5219 910 5288 Ἔλεγον.
941 5219 1109 5273 CRM).

337 5288 425 5359 ξιξ.)
451 5289 640 5357 Λέγει.
687 5291 860 5353 Θέλει,
896 5301 1041 5343 recte
1079 5290 1341 5359 legitcod.
1391 5289 1565 5345 Oxon.
1614 5291 1688 5347 In.

313 5354 425 5429 (25)
467 5354 820 5429 Ἐὸνιώπησε.
841 5354 1209 5430 Ἑφιλονείκῖει,
1236 5362 1379 5431 quod
1406 5364 1562 5431 plane
1588 5374 1801 5420 contra-

242 5424 381 5499 riulp
409 5424 588 5487 sonat.
619 5424 721 5486 In.'
913 5424 923 5430 ’
1106 5496 1109 5499 λ

242 5514 243 5517 ‘
312 5495 426 5567 (24)
468 5502 827 5556 Ἐκτελὲσαι.
870 5496 1113 5555 Τελέσαι.
1145 5501 1222 5559 In.

453 5574 643 5641 Νόμῳ.
685 5574 946 5643 Νομίσας.
974 5573 1049 5627 In.

314 5635 428 5713 (2lj)
457 5635 793 5697 Gélazovad.
836 5635 975 5712 Lege
1003 5644 1282 5713 θέλγουσα.
1314 5644 1388 5700 In.

314 5711 424 5783 _(27)
451 5717 645 5779 Κυρίῳ
662 5716 844 5783 μόνῳ.
877 5711 948 5767 Ex
980 5711 1239 5770 vene-licio
1279 5717 1546 5771 idolorum
1590 5718 1793 5773 cultum

243 5778 446 5851 colligit
495 5778 784 5847 Juseplius.
838 5784 1145 5839 Idololatria
1185 5789 1383 5857 quippe
1411 5800 1461 5841 et
1491 5789 1667 5859 magia
1703 5808 1794 5860 ge-

572 5876 844 5937 PATBOL.
890 5882 1005 5940 Gn.
1052 5882 1132 5942 ll.

408 5219 427 5429 ξ

1910 4604 2087 4660 adhuc
2114 4605 2249 4661 foris
2274 4609 2568 4664 exsistente
2590 4611 2708 4665 viro
2731 4627 2853 4678 suo,
2877 4622 2930 4667 et
2951 4614 3081 4669 dicit
3112 4616 3244 4672 mihi
3273 4638 3324 4674 ει
3355 4621 3476 4678 Suf-

1909 4692 2083 4762 focor,
2136 4697 2219 4751 vel
2271 4698 2325 4751 in
2373 4709 2639 4767 puteum,
2695 4702 2777 4755 vel
2825 4705 3183 4774 praecipitium
3244 4712 3473 4782 projicio

1906 4788 2198 4858 meipsam,
2253 4791 2362 4845 nisi
2409 4791 2543 4845 mihi
2594 4794 3077 4865 obtemperaveris.
3116 4820 3135 4853 ι
3168 4802 3233 4857 Et
3274 4805 3472 4859 Illlclll-

1905 4895 2056 4951 gens,
2090 4881 2234 4950 quod
2284 4882 2507 4951 spiritus
2541 4882 2718 4939 Beliar
2761 4888 2934 4957 ipsam
2960 4894 3270 4961 conturbat,
3304 4912 3469 4952 orans

1905 4972 2216 5038 Dominum,
2241 4973 2353 5027 dixi
2388 4975 2437 5028 ei
2471 4992 2483 5027 :
2529 4996 2546 5027 ι
2580 4978 2721 5043 Quid
2746 4982 2985 5037 turbaris
3012 4995 3065 5038 et
3095 4988 3465 5054 tumultuaris,

1905 5065 1959 5120 in
1988 5065 2224 5134 peccatis
2259 5078 2528 5123 excarcata
2550 5070 2572 5122 ?
2596 5070 2868 5129 Memento
2891 5076 3033 5144 quod
3063 5079 3109 5131 si
3141 5080 3357 5134 occidas
3383 5091 3463 5135 te.

1901 5228 2063 5284 mina:
2098 5239 2233 5312 _sunt
2282 5248 2501 5288 sorores
2525 5276 2539 5297 ,
2574 5247 2653 5312 _ut
2703 5238 2791 5312 alii
2827 5248 2963 5312 ante
2999 5254 3084 5312 me
3122 5241 3335 5312 prolixe
3370 5258 3466 5312 per

1900 5301 2154 5376 exempla
2199 5302 2519 5376 docuerunt.
2574 5306 2691 5375 Ipse
2746 5308 2981 5376 Spiritus
3020 5310 3077 5363 ὃ.
3118 5301 3298 5364 Babcli
3354 5301 3460 5368 una

1900 5386 2026 5451 cum
2056 5372 2801 5451 idololatriaincauta—tiones
2836 5378 3059 5451 ascribit
3087 5388 3140 5435 ct
3173 5384 3456 5451 veneﬁcia,

1899 5438 2244 5518 lautianm,
2273 5446 2679 5518 et__Ap0c_alyps.
2710 5462 2862 5501 xvut.
2891 5446 2964 5500 In.

1971 5510 2085 5579 (28)
2136 5513 2280 5565 Ὅτι.
2312 5510 2452 5569 Ἔτι.
2486 5514 2557 5567 In.

1971 5578 2084 5649 (29)
2110 5583 2241 5635 Καί.
2286 5582 2447 5638 Deest
2475 5584 2527 5637 in
2554 5597 2655 5636 ms.
2687 5578 2838 5640 Trin.
2862 5586 2940 5642 In.

1969 5651 2083 5719 (50)
2113 5652 2539 5719 Προσέπιπτεν.
2584 5652 2927 5710 Συνέπιπτεν.
2957 5659 3031 5714 In.

1967 5721 2079 5791 (51)
2106 5722 2504 5790 Συμπεισθῇς.
2549 5723 2811 5790 Συγγένῃ.
2839 5726 2914 5782 In.

1970 5792 2082 5861 (39.)
2112 5792 2330 5859 Abtrlr.
2374 5795 2539 5864 Αὺτῇ.
2575 5794 2650 5847 Ιυ.

3101 5898 3180 5959 36
