4038 6314
595 270 738 332 ,1151

1589 261 2049 318 TESTAMENTA
2080 259 2176 316 XII
2212 259 2827 320 PATRIARCHARUM.

3647 280 3751 338 “32

608 391 806 458 ipsam,
837 384 1064 449 Sethon,
1089 382 1396 437 concubina
1424 381 1524 434 viri
1551 383 1650 442 tui,
1681 381 1867 436 rivalis
1895 391 2006 447 tua,
2036 379 2170 435 cola-

2284 400 2448 437 τουσα
2469 400 2482 445 ;
2505 381 2790 452 Μνήσθητι
2809 383 2886 437 ὅτι
2902 381 2996 435 ἐὰν
3015 382 3206 458 ἀνέλῃς
3229 386 3430 458 σαυτὴν,
3448 390 3638 462 ἡΣηθῶν
3651 400 3752 468 (εὖ),

607 483 746 552 phos
780 477 1037 547 infringat
1064 477 1190 531 liliis
1222 475 1356 540 tuis,
1388 484 1441 528 et
1466 474 1653 544 perdet
1679 474 2002 528 memoriam
2029 481 2177 525 tuam

607 575 676 629 de
700 584 862 628 terra.
900 592 919 623 ι
958 571 1023 623 Et
1055 571 1189 624 dicit
1213 569 1345 624 mihi
1374 587 1388 622 :
1425 587 1443 618 ι
1479 566 1619 622 Num
1648 567 1811 636 igitur
1843 565 2028 635 diligis
2058 564 2180 617 me?

609 664 807 718 sufﬁcit
847 662 980 716 mihi
1013 660 1217 724 solum,
1246 659 1390 728 quod
1440 657 1678 727 protegis
1703 656 1872 709 vitam
1900 669 2098 717 meam,
2127 664 2181 709 et

607 757 844 809 ﬁliorum
875 768 1120 807 meorum
1146 768 1158 813 ;
1190 758 1242 802 et
1270 749 1446 802 habeo
1463 746 1929 816 exspectationem
1957 745 2178 815 potiun-

607 848 659 900 di
688 845 959 901 desiderio
987 860 1130 899 meo.
1169 863 1188 894 ι
1223 842 1288 897 Et
1316 857 1425 896 non
1458 840 1752 911 cognovit,
1781 839 1928 910 quod
1955 847 2180 908 propter

605 938 776 994 Deum
832 954 1013 992 meum
1067 939 1143 992 ita
1191 937 1325 1002 dixi,
1380 945 1434 989 et
1484 949 1593 988 non
1624 942 1846 1003 propter
1889 933 2087 1002 ipsam.
2120 932 2177 986 Si

604 1033 751 1088 enim
784 1032 984 1102 aliquis
1012 1030 1254 1102 passioni
1273 1028 1596 1084 succumbat
1619 1027 1876 1082 desiderii
1901 1025 2177 1096 pernicio-

605 1127 674 1191 si,
705 1137 757 1180 et
791 1125 920 1179 huic
950 1139 1141 1179 servus
1195 1122 1477 1188 eiliciatur,
1523 1130 1657 1176 utet
1692 1121 1779 1174 illa
1805 1138 1819 1186 ;
1845 1120 1947 1174 etsi
1972 1119 2175 1173 bonum

606 1219 813 1288 aliquid
847 1217 1104 1280 audierit,
1129 1217 1182 1269 in
1215 1217 1526 1285 passionem
1556 1230 1665 1284 qua
1697 1213 1955 1275 vincitur,
1983 1212 2180 1281 accipit

605 1311 734 1364 illud
765 1310 831 1363 ad
861 1309 1191 1364 desiderium
1219 1308 1612 1378 perniciosum.

674 1517 806 1571 Vill.
853 1535 872 1567 ι
913 1515 1045 1570 Dico
1095 1512 1281 1577 vobis,
1330 1511 1452 1574 lilii,
1488 1508 1635 1579 quod
1679 1509 1814 1563 hora
1855 1517 1974 1563 erat
2015 1508 2176 1577 quasi

599 1620 779 1673 sexta,
812 1608 1035 1678 quando
1086 1605 1252 1660 exivit
1300 1619 1329 1657 a
1374 1617 1490 1667 me;
1535 1610 1591 1655 et
1631 1616 1732 1671 ego
1774 1615 1915 1671 genu
1956 1599 2176 1655 ﬂectens

2287 475 2319 543 ἡ
2349 474 2597 544 παλλακὴ
2621 473 2714 526 τοῦ
2739 472 2930 543 ἀνδρός
2959 491 3074 534 σου,
3102 476 3134 543 ἡ
3181 473 3442 547 ἀντίζηλὸς
3465 498 3568 544 σου,
3590 487 3756 558 nmiae-v1.

2285 579 2364 617 σει
2382 563 2492 634 (54)
2514 564 2582 616 τά
2607 563 2771 616 τέκνα
2789 580 2904 627 σου,
2927 566 3018 616 καί
3043 564 3294 619 ἀπολέσει
3317 568 3374 619 τὸ
3396 572 3677 642 μνημόσυνόν
3690 598 3755 633 σου

2284 654 2390 706 ἀπὸ
2411 655 2512 723 τῆς
2536 654 2659 723 γῆς.
2697 674 2714 706 ι
2746 656 2856 707 Καὶ
2895 655 3040 724 λέγει
3080 656 3213 725 πρὸς
3251 674 3342 726 με’
3371 677 3387 708 ι
3419 660 3473 711 Εἰ
3501 658 3756 740 οὖνάγαπᾷς

2287 767 2391 822 με;
2438 751 2599 821 ἀρκεῖ
2652 768 2740 822 μοι
2785 750 2966 822 μόνον,
3022 751 3103 803 ὅτι
3153 753 3392 825 ἀντιποιῇ
3435 754 3638 828 (55)τῆς
3655 762 3758 834 ζωῆς

2287 862 2408 914 μου,
2449 844 2543 896 καὶ
2569 844 2675 895 τῶν
2699 843 2902 898 τέκνων
2933 861 3035 914 μου
3062 862 3074 872 ’
3111 846 3204 898 καὶ
3230 845 3333 914 ἔχω
3365 850 3645 918 προσδοκίαν
3667 855 3759 909 ἁπο-

2282 937 2478 991 λαῦσαι
2513 936 2612 1006 τῆς
2653 937 2947 1008 ἐπιθυμίας
2989 955 3109 1008 μου.
3144 957 3163 988 ι
3212 939 3320 992 Καὶ
3353 940 3445 993 οὐκ
3470 941 3761 1008 ἐγνω,ὃτιδιά

2280 1030 2372 1082 τὸν
2415 1028 2547 1082 Θεὸν
2592 1045 2692 1099 μου
2733 1024 2885 1082 εἷπον
2924 1029 3118 1093 οὕτως,
3147 1029 3239 1082 καὶ
3274 1030 3467 1099 ούχ¹ιδι’
3490 1034 3648 1105 αὑτήν.
3675 1037 3760 1090 Ἐὰν

2281 1123 2390 1193 γάρ
2427 1139 2510 1185 τις
2536 1121 2695 1175 πάθει
2731 1122 2978 1196 ύποπέσῃ
2999 1121 3294 1193 ἐπιθυμίας
3319 1126 3555 1195 πονηρᾶς,
3580 1130 3653 1181 καὶ
3677 1131 3761 1184 τού-

2279 1229 2358 1281 τῳ
2389 1212 2670 1285 δουλευθῇ,
2697 1213 2771 1277 ὡς
2796 1214 3023 1284 κάκείνη
3047 1230 3062 1242 ·
3086 1214 3191 1267 κάν
3217 1213 3411 1282 ἀγαθόν
3445 1233 3492 1268 τι
3508 1211 3694 1291 ἀκούσῃ.
3709 1223 3762 1284 εἰς

2281 1306 2341 1358 τὺ
2387 1305 2559 1370 πάθος
2652 1307 2877 1377 ἡττᾶται
2904 1305 3036 1376 (56),
3069 1306 3398 1378 ἐκλαμϐάνει
3420 1310 3536 1362 αὐτὸ
3566 1311 3672 1382 πρὸς

2283 1396 2345 1448 θυ
2354 1396 2481 1466 μίαν
2511 1397 2769 1467 πονηράν.

2352 1511 2432 1562 H'.
2481 1529 2499 1560 ι
2552 1510 2708 1578 Λέγω
2748 1511 2897 1580 ὑμῖν,
2941 1509 3127 1572 τέκνα,
3157 1510 3238 1562 ὃτι
3273 1509 3388 1582 ὥρα
3423 1505 3485 1582 ἦν
3519 1511 3628 1565 ὡσεὶ
3657 1513 3761 1586 ἕκτη,

2279 1602 2367 1655 ὅτε
2412 1601 2632 1673 ἐξῆλθεν
2669 1602 2762 1654 ἀπ’
2791 1600 2924 1672 ἐμοῦ
2945 1619 2957 1630 ’
3001 1600 3158 1670 κάγὼ
3200 1603 3330 1670 γόνυ
3372 1604 3543 1666 κλίνας
3566 1605 3672 1676 πρὸς
3690 1606 3763 1660 K5.-

601 1703 800 1772 (oravi)
821 1695 900 1756 'ad
925 1700 1215 1755 Dominum
1271 1707 1443 1751 totum
1471 1696 1637 1760 diem,
1669 1703 1722 1750 et
1750 1703 1920 1748 totam
1959 1702 2170 1748 noctem

2284 1711 2396 1764 ριον
2429 1693 2556 1765 ὃλην
2588 1693 2689 1764 τὴν
2714 1692 2946 1764 ἡμέραν,
2978 1695 3071 1746 καὶ
3093 1694 3224 1763 ὅλην
3257 1693 3354 1764 τὴν
3385 1694 3538 1748 νύκτα
3571 1697 3760 1767 συνάψας,

601 1796 973 1865 eonjungens,
1025 1791 1171 1846 circa
1225 1788 1529 1843 diluculum
1593 1787 1807 1841 surrexi
1844 1787 2174 1859 lacrymans,

601 1899 654 1943 et
697 1897 885 1957 petens
922 1882 1299 1938 liberationem
1347 1881 1415 1935 ab
1446 1878 1721 1950 Egyptia.
1773 1877 1833 1932 In
1872 1877 1980 1933 ﬁne
2016 1879 2178 1948 igitur

601 1978 960 2049 apprehendit
1010 1989 1132 2030 mea
1175 1973 1538 2035 vestimenta,
1587 1970 1850 2025 violenter
1895 1971 2177 2024 attrahens

600 2088 688 2126 me
726 2071 792 2126 ad
835 2069 1207 2124 concubitum.
1259 2064 1329 2119 Ut
1356 2065 1519 2136 igitur
1559 2064 1668 2118 vidi
1707 2063 1852 2132 quod
1897 2063 2176 2118 insaniens

600 2163 777 2220 tenuit
837 2162 1160 2217 vestimenta
1205 2174 1362 2222 mea,
1438 2158 1618 2212 nudus
1668 2155 1850 2227 ell'ugi.
1903 2155 1997 2210 llla
2046 2172 2176 2211 vero

599 2255 932 2311 calumniata
981 2263 1065 2307 est
1109 2268 1195 2306 me
1234 2251 1378 2320 apud
1427 2250 1603 2304 virum
1649 2265 1810 2304 suum
1846 2267 1860 2302 ι
1893 2257 1948 2304 et
1991 2249 2177 2318 injecit

599 2362 688 2402 me
728 2347 784 2400 in
828 2360 1101 2400 carcerem
1135 2343 1229 2413 qui
1263 2351 1380 2397 erat
1425 2343 1478 2396 in
1520 2343 1686 2397 domo
1717 2357 1816 2397 sua
1848 2340 2171 2412 IEgyptius;

597 2449 652 2491 et
689 2436 936 2507 sequenti
980 2435 1099 2501 die,
1135 2451 1257 2490 cum
1292 2434 1616 2504 ﬂagellasset
1663 2450 1771 2502 me,
1802 2436 1949 2490 misit
1992 2452 2077 2490 me
2118 2435 2172 2489 in

598 2545 872 2585 carcerem
920 2528 1248 2583 Pharaonis.
1305 2526 1372 2581 Et
1415 2543 1540 2582 cum
1587 2528 1804 2583 vinctus
1837 2528 2076 2597 jacerem
2120 2529 2174 2581 in

597 2620 975 2690 compedibus,
1001 2618 1254 2689 Egyptia
1301 2618 1574 2673 inﬁrmata
1615 2627 1699 2672 est
1733 2618 1940 2682 dolore,
1986 2627 2040 2672 et
2077 2633 2177 2671 au-

597 2713 868 2769 scultabat
896 2710 1050 2777 mihi,
1067 2709 1304 2780 qualiter
1327 2709 1545 2780 hymnis
1572 2708 1861 2763 laudabam
1879 2708 2170 2763 Dominum

596 2809 651 2862 in
679 2808 843 2862 domo
870 2806 1242 2870 tenebrarum,
1268 2815 1322 2860 et
1355 2804 1514 2857 hilari
1540 2819 1671 2858 voce
1703 2805 1946 2873 gaudens
1971 2803 2174 2874 gloriﬁ-

597 2900 788 2954 cabam
819 2897 990 2952 Deum
1023 2911 1203 2950 meum
1242 2895 1445 2960 solum,
1491 2897 1637 2964 quod
1671 2911 1768 2965 per
1794 2897 1981 2966 (hanc)
2012 2911 2173 2952 occa-

594 2993 806 3047 sionem
837 2991 1130 3044 amovebar
1167 2989 1236 3043 ah
1257 2987 1532 3059 Egyptia.

665 3083 756 3138 ιχ.
804 3103 822 3134 ι
855 3081 1128 3136 Multoties
1153 3081 1301 3136 misit
1329 3083 1395 3134 ad
1424 3095 1531 3146 me,
1563 3081 1750 3136 dicens
1777 3099 1791 3134 :

592 3177 820 3246 implere
861 3175 1193 3230 desiderium
1225 3174 1476 3246 (meum),
1517 3187 1570 3230 et
1614 3175 1857 3230 liberabo
1897 3185 1948 3230 te
1996 3191 2026 3230 a
2057 3177 2176 3230 vin—

595 3267 756 3332 culis,
797 3274 852 3320 et
885 3265 1114 3334 eripiam
1159 3273 1210 3319 te
1238 3280 1305 3319 ex
1339 3267 1612 3322 tenebris:
1649 3285 1668 3318 ι
1705 3276 1758 3322 et
1786 3283 1963 3337 neque
1999 3284 2173 3337 usque

594 3359 664 3414 ad
695 3358 1062 3428 cogitationes
1095 3358 1352 3413 inclinavi
1384 3363 1452 3414 ad
1478 3376 1620 3416 eam.
1652 3359 1834 3432 Diligit
1861 3362 2006 3416 enim
2029 3361 2172 3419 Deus

593 3469 719 3508 eum
749 3451 944 3522 magis,
972 3452 1066 3523 qui
1102 3453 1154 3506 in
1190 3452 1312 3508 lacu
1345 3453 1693 3509 tenebrarum
1730 3455 1942 3525 jejunat
1989 3456 2042 3508 in
2079 3471 2172 3510 ea-

593 3549 802 3614 stitate,
843 3563 1011 3616 quam
1051 3563 1175 3600 eum
1215 3548 1311 3616 qui
1359 3548 1413 3602 in
1455 3547 1608 3603 cellis
1641 3548 1916 3617 penuariis
1946 3549 2171 3618 epipare

591 3642 927 3696 luxuriatur.
982 3639 1087 3706 Qui
1131 3649 1313 3694 autem
1373 3640 1427 3693 in
1474 3640 1725 3695 castitate
1774 3641 1906 3694 vivit
1956 3649 2010 3694 et
2057 3641 2169 3696 vult

592 3737 860 3808 gloriam,
891 3745 945 3792 et
990 3737 1034 3815 si
1072 3737 1287 3791 noverit
1315 3736 1663 3805 Altissimus,
1704 3738 1850 3807 quod
1893 3739 2165 3808 expediat,

591 3830 783 3883 tribuit
812 3829 862 3884 ei
889 3837 943 3883 et
969 3828 1107 3895 haec,
1137 3828 1598 3898 quemadmodum
1631 3836 1684 3882 et
1710 3829 1864 3882 mihi.
1920 3829 2163 3897 Quoties,

591 3923 846 3992 quamvis
899 3922 1192 3988 inﬁrmata,
1221 3921 1502 3976 descendit
1530 3921 1596 3975 ad
1623 3937 1710 3974 me
1750 3921 2063 3988 immature,
2112 3930 2166 3977 et

591 4015 802 4069 audivit
849 4030 1036 4070 vocem
1087 4016 1194 4069 mei
1243 4014 1491 4070 orantis?
1539 4015 1846 4085 intelligens
1884 4030 2012 4069 vero
2065 4030 2165 4086 ego

593 4108 834 4177 suspiria
889 4109 1029 4178 ejus,
1078 4108 1224 4163 silui.
1276 4107 1490 4161 Etenim
1534 4122 1658 4161 cum
1701 4122 1848 4160 eram
1904 4109 1956 4161 in
1998 4107 2164 4163 domo

587 4201 728 4270 ejus,
771 4199 996 4254 nudavit
1033 4200 1252 4254 brachia
1286 4216 1409 4264 sua,
1441 4209 1494 4254 et
1514 4210 1756 4269 pectora,
1785 4210 1839 4254 et
1883 4200 2065 4265 tibias,
2105 4211 2164 4256 ut

588 4290 887 4345 inciderem
926 4290 980 4343 in
1021 4305 1139 4344 eam
1177 4307 1189 4342 :
1225 4291 1379 4344 valde
1420 4292 1564 4344 enim
1601 4298 1721 4344 erat
1757 4290 2003 4359 pulchra,
2047 4307 2163 4345 ma—

585 4384 843 4452 ximeque
880 4393 1094 4446 ornata,
1125 4393 1185 4438 ut
1215 4399 1301 4438 me
1330 4385 1620 4455 deciperet.
1671 4381 1738 4436 Et
1769 4381 2032 4438 Dominus
2062 4399 2159 4438 cu-

587 4473 808 4526 stodivrt
837 4489 923 4527 me
952 4490 982 4526 a
1010 4475 1295 4528 conatibus
1324 4474 1463 4543 ejus.

660 4629 728 4682 Χ.
775 4648 793 4680 ι
832 4629 1018 4686 Videte
1066 4632 1249 4702 igitur,
1289 4631 1383 4685 ﬁlii
1456 4633 1596 4697 mei,
1650 4644 1856 4702 quanta
1905 4644 2159 4704 operatur

587 4721 936 4786 sustinentia,
959 4731 1012 4775 et
1037 4723 1215 4777 oratio
1243 4740 1368 4778 cum
1410 4724 1643 4795 jejunio.
1673 4728 1736 4780 Et
1766 4744 1860 4781 vos
1891 4728 2074 4796 igitur,
2110 4730 2156 4783 si

585 4813 935 4868 sobrietatem
973 4824 1028 4869 et
1067 4817 1372 4870 castitatem
1410 4819 1703 4876 transeatis
1747 4821 1799 4874 in
1832 4822 2158 4876 sustinentia

585 4917 640 4962 et
681 4908 988 4962 humilitate
1031 4911 1233 4973 cordis,
1275 4909 1540 4967 Dominus
1580 4913 1848 4968 habitabit
1886 4916 1939 4968 in
1980 4917 2155 4983 vobis,

583 5001 846 5071 quoniam
877 4999 1067 5055 dilexit
1107 5001 1477 5056 sobrietatem.
1523 5002 1624 5059 Ubi
1661 5022 1787 5059 vero
1828 5007 2038 5062 habitat
2062 5007 2156 5061 Al-

582 5093 854 5158 tissimus,
895 5093 998 5147 etsi
1028 5093 1227 5162 aliquis
1264 5094 1468 5149 incidat
1515 5096 1570 5149 in
1612 5097 1894 5166 invidiam,
1925 5099 2005 5154 vel
2038 5115 2160 5155 ser-

655 5255 770 5324 (3'5)
811 5255 878 5308 Ἡ
895 5254 1120 5322 Σηθῶν.
1157 5253 1332 5309 Omis.
1365 5254 1534 5312 GRAB.

806 5327 1153 5402 ῇολαςρίσει.
1187 5325 1517 5402 Ιςονδυλίσει,
1550 5328 2053 5402 pugnosimpinget.
2077 5331 2152 5388 ID.

806 5398 936 5470 :Qrt
969 5395 1261 5470 ἀντιποιῇ.
1307 5395 1692 5470 Ἀντ-ιποιῆσαι.
1725 5398 1799 5452 ID.

657 5459 768 5533 (56)
808 5459 883 5536 τῼ
908 5468 1169 5534 ἡττᾶται.
1212 5459 1388 5523 Deest.
1423 5468 1494 5522 ID.

655 5536 766 5603 (δῖ)
812 5536 930 5609 Τὴν·
975 5538 1217 5607 εἱρκτὴν
1261 5539 1366 5592 τοῦ
1391 5540 1615 5607 Φαραώ.
1674 5539 1750 5594 Ita
1799 5546 2046 5609 emendo,
2087 5565 2155 5603 ex

585 5619 688 5660 ms.
732 5605 1057 5683 cod._0xen.
1091 5605 1191 5683 pro
1222 5611 1438 5683 quibus
1465 5605 1699 5683 antehac
1737 5613 2016 5683 legebatur
2036 5605 2152 5673 vite-

588 5689 709 5727 rum
745 5692 758 5728 :
794 5675 1038 5748 Φυλακὴν
1093 5675 1152 5734 ἐν
1203 5675 1335 5750 οἴκῳ
1386 5681 1549 5734 αὑτοῦ
1597 5683 1624 5734 6
1651 5675 1961 5752 Αἰγύπτιος.
2007 5688 2155 5744 In.—

2282 1787 2412 1858 napi.
2458 1787 2548 1840 τὸν
2595 1785 2790 1857 ὄρθρον
2838 1786 3066 1856 ἀνέστην
3123 1786 3371 1858 δακρύων
3412 1787 3500 1841 καί
3539 1791 3670 1842 αἰτῶν
3700 1791 3762 1843 λύ-

2279 1897 2480 1951 τρωσιν
2511 1879 2617 1932 ἀπὸ
2643 1880 2742 1950 τῆς
2767 1880 3090 1946 Αἰγυπτίας.
3122 1879 3288 1943 Τέλος
3313 1875 3402 1934 οὖν
3429 1881 3762 1953 ἐπιλαμϐάνεται

2283 1989 2382 2043 μου
2440 1971 2549 2024 τῶν
2602 1972 2867 2041 ἱματίων,
2923 1971 3063 2045 μετά
3107 1971 3231 2042 βίας
3282 1973 3594 2044 ἐφελκομένη
3632 1993 3680 2045 με
3712 1979 3762 2040 είς

2281 2065 2587 2118 συνουσίαν.
2655 2065 2740 2127 Ὠς
2781 2060 2872 2118 οὖν
2912 2059 3052 2117 εἶδον
3086 2065 3171 2117 ὅτι
3217 2067 3506 2138 μαινομένη
3547 2070 3694 2138 κρατεῖ
3720 2069 3763 2122 τὰ

2280 2155 2474 2226 ἱμάτιά
2541 2173 2678 2226 μου,
2738 2155 2940 2226 γυμνὸς
2993 2155 3216 2225 ἔφυγον.
3269 2157 3501 2227 Κάκείνη
3549 2160 3764 2228 ἐσυκοςράν-
3810 2142 3812 2144 ’

2278 2249 2411 2317 τησέ
2466 2264 2532 2318 με
2583 2247 2720 2319 πρὸς
2765 2248 2854 2300 τὸν
2902 2247 3072 2318 ἄνδρα
3119 2248 3326 2318 αὐτῆς·
3377 2250 3468 2302 καὶ
3511 2250 3686 2304 ἐνέϐαλέ
3717 2269 3762 2322 με

2277 2341 2358 2402 είς
2408 2339 2656 2410 φυλακὴν
2705 2341 2762 2391 ἐν
2805 2337 2942 2410 οἴκῳ
2993 2337 3160 2392 αὐτοῦ
3210 2339 3238 2391 6
3275 2340 3584 2408 Αίγύπτιος’
3623 2341 3691 2392 καὶ
3721 2344 3762 2409 τῇ

2277 2429 2402 2500 ἐξῆς
2453 2429 2716 2501 μαστίξας
2755 2447 2842 2499 με,
2885 2429 3098 2500 ἐπειυᾷέ
3146 2448 3216 2500 με
3260 2433 3339 2495 εἰς
3378 2431 3474 2503 τὴν
3503 2428 3762 2503 είρκτὴντοῦ

2275 2519 2474 2590 Φαραώ
2523 2519 2655 2591 (57).
2717 2519 2804 2582 Ὡς
2847 2515 2937 2572 οὖν
2975 2520 3123 2590 ήμην
3173 2521 3232 2572 ἐν
3277 2519 3478 2582 πέδαις,
3514 2522 3543 2590 ἡ
3574 2517 3762 2586 Αἰγυπτία

2277 2614 2492 2684 ἠσθένει
2536 2613 2644 2667 ἀπὸ
2680 2613 2780 2684 τῆς
2831 2611 3027 2684 λύπης,
3077 2613 3175 2668 καὶ
3222 2611 3518 2685 ἐπηκροᾶτό
3559 2630 3658 2682 μου,
3691 2609 3763 2670 πῶς

2277 2705 2481 2778 ὕμνουν
2523 2707 2616 2758 τὸν
2659 2705 2865 2777 Κύριον
2907 2707 2965 2758 ἐν
3011 2706 3148 2776 οἴκῳ
3189 2707 3430 2772 σκότους,
3470 2708 3554 2760 καὶ
3586 2707 3633 2758 ὲν
3662 2703 3764 2771 tingi

2277 2800 2428 2868 φωνῇ
2457 2797 2661 2869 χαίρων
2689 2794 2946 2862 ἐδόξαζον
2990 2798 3080 2850 τὸν
3121 2798 3260 2851 Θεόν
3305 2816 3404 2870 μου
3449 2799 3604 2870 μόνον,
3626 2797 3686 2850 ὃτι
3710 2793 3765 2845 διὰ

2276 2890 2602 2960 προφάσεως
2631 2888 2954 2960 ἀπηλλάγην
2986 2890 3086 2960 τῆς
3109 2891 3430 2960 Αἰγυπτίας.

1879 3099 1897 3131 ‹
1922 3080 2170 3152 Digneris

2347 3083 2421 3136 Θ.
2468 3101 2486 3133 ‹
2513 3083 2780 3148 Πολλάκις
2819 3084 3032 3155 έπεμψε
3071 3088 3208 3157 πρός
3251 3105 3340 3158 με,
3368 3088 3604 3156 λέγουσαι
3644 3085 3766 3138 «£066-

2275 3194 2443 3248 κησον
2482 3177 2770 3248 πληρῶσαι
2809 3178 2908 3250 τὴν
2947 3179 3266 3250 ἐπιθυμίαν,
3315 3183 3407 3235 καὶ
3445 3179 3665 3251 λυτρώσω
3692 3178 3763 3248 (58)

2277 3285 2336 3321 σε
2381 3269 2488 3320 τῶν
2515 3269 2748 3338 δεσμῶν,
2789 3272 2884 3324 καὶ
2934 3271 3236 3336 ἀπαλλάξω
3288 3289 3346 3324 σε
3391 3271 3480 3324 τοῦ
3523 3271 3760 3330 σκότους’)

2272 3357 2384 3411 Καὶ
2409 3357 2526 3415 οὐδὲ
2551 3359 2655 3423 ’έως
2682 3360 2902 3413 ἐννοιῶν
2930 3361 3112 3414 ἐκλινα
3133 3364 3274 3434 πρὸς
3298 3363 3479 3434 αύτήν.
3506 3362 3679 3431 Ἀγαπᾷ
3694 3358 3764 3430 γὰρ

2271 3451 2300 3502 6
2324 3450 2455 3515 Θεὸς
2485 3451 2684 3522 μᾶλλον
2707 3452 2798 3505 τὸν
2825 3453 2883 3504 ἐν
2907 3451 3094 3525 λάκκῳ
3134 3455 3361 3518 σκότους
3392 3453 3677 3526 νηστεύοντα
3693 3451 3763 3519 (39)

2271 3546 2330 3596 ἐν
2369 3544 2736 3617 σωφροσύνῃ,
2787 3545 2822 3615 ἢ
2864 3547 2954 3600 τὸν
3001 3549 3059 3600 ἐν
3110 3549 3362 3619 ταμείοις
3407 3547 3660 3621 τρυφῶντα
3694 3545 3763 3614 μοι

2275 3637 2414 3707 μετὰ
2453 3639 2768 3704 ἀκολασίας.
2815 3640 2872 3694 Ὀ
2915 3642 2971 3694 δὲ
3013 3644 3070 3695 ἐν
3109 3644 3431 3716 σωφροσύνῃ
3470 3643 3643 3712 διάγων
3670 3640 3764 3692 θέλει

2270 3731 2364 3784 καὶ
2413 3729 2590 3795 δόξαν,
2633 3731 2728 3784 καὶ¹
2778 3734 2826 3786 εί
2871 3729 3011 3786 οἶδεν
3052 3737 3082 3787 6
3109 3735 3394 3805 ”Υψῑστος,
3439 3737 3514 3790 ὄτι
3553 3733 3764 3804 συμφέρει,

2269 3821 2496 3893 παρέχει
2542 3823 2691 3893 αὐτῷ
2733 3823 3046 3879 καὶοιταῢτα
3087 3825 3222 3896 (41),
3262 3828 3337 3892 ὡς
3363 3827 3538 3898 κάμοί.
3575 3824 3762 3884 Ποσάκις.

2268 3913 2471 3985 καίπερ
2512 3915 2830 3980 ἀσθενοῦσα,
2877 3916 3070 3987 κατῄει
3124 3919 3264 3989 πρός
3311 3935 3377 3989 με
3415 3920 3470 3970 ἐν
3503 3916 3668 3986 ἀωρίᾳ,
3703 3913 3763 3964 καὶ

2270 4007 2469 4073 ἤκουσε
2509 4006 2608 4076 τῆς
2652 4010 2835 4081 φωνῆς
2880 4028 2979 4082 μου
3029 4012 3497 4084 προσευχομένοπ
3549 4008 3702 4063 συνιὼν
3728 4006 3764 4057 δὲ

2265 4097 2375 4166 ἐγὼ
2400 4098 2524 4162 τοὺς
2553 4105 2890 4172 στεναγμοὺς
2923 4105 3114 4176 αὐτῆς,
3150 4105 3439 4160 ἐσιώπουν.
3481 4107 3582 4160 Καὶ
3607 4104 3690 4174 γὰρ
3705 4102 3762 4153 ὅτε

2264 4188 2410 4259 ήμην
2459 4191 2515 4241 ἐν
2559 4190 2636 4260 τῷ
2683 4192 2816 4263 οἴκῳ
2862 4195 3055 4266 αὐτῆς,
3104 4197 3342 4268 ἐγύμνου
3391 4200 3510 4261 τοὺς
3552 4195 3762 4270 βραχίονας

2263 4281 2453 4351 αὐτῆς,
2489 4284 2580 4336 καὶ
2603 4287 2672 4337 τὰ
2709 4286 2924 4358 στέρνα,
2951 4290 3045 4342 καὶ
3069 4277 3432 4362 τὰς’κνήμας,
3470 4292 3547 4344 ἵνα
3571 4287 3763 4360 συμπέσω

2263 4374 2341 4436 είς
2372 4373 2543 4444 αὐτήν
2567 4392 2580 4404 ·
2611 4376 2751 4429 πάνυ
2778 4378 2884 4450 γὰρ
2907 4375 2974 4451 ἦν
3007 4380 3208 4452 ὡραία,
3242 4385 3466 4454 μάλιστα
3492 4379 3761 4452 κοσμουμένη

2263 4466 2397 4537 πρὸς
2434 4467 2704 4538 ἀπάτησεν
2746 4487 2866 4540 μου.
2911 4472 3020 4524 Καὶ
3065 4475 3094 4525 6
3120 4473 3324 4545 Κύριος
3369 4473 3581 4543 ἐφύλαξέ
3613 4487 3666 4541 με
3694 4465 3764 4520 ἀπὸ

2260 4557 2366 4610 τῶν
2391 4560 2803 4631 ἐγχειρημάτων
2835 4562 3022 4634 αὐτῆς.

2331 4651 2386 4702 l'.
2433 4670 2449 4700 ι
2499 4651 2690 4723 Ὁρᾶτε
2715 4648 2830 4718 οὖν,
2867 4655 3034 4708 τέκνα
3064 4673 3187 4727 μου,
3217 4659 3358 4712 πόσα
3383 4647 3762 4730 κατεργάζεταιῆ

2262 4739 2524 4811 ὑπομονὴ,
2562 4743 2656 4794 καὶ
2688 4743 2720 4812 ἡ
2747 4743 3022 4814 προσευχὴ
3064 4744 3201 4815 μετά
3227 4745 3490 4815 νηστείας.
3522 4743 3621 4798 Καὶ
3651 4735 3760 4808 lipsi;

2259 4829 2374 4896 οὖν,
2403 4834 2496 4887 ἐὰν
2522 4835 2620 4906 τὴν
2662 4837 3014 4908 σωφροσύνην
3041 4839 3135 4892 καὶ
3172 4840 3270 4912 τὴν
3293 4839 3504 4909 ἁγνείαν
3537 4834 3760 4909 μετέλθητε

2261 4929 2318 4980 ἐν
2358 4928 2600 5000 ὑπομονῇ
2646 4930 2739 4983 καὶ
2778 4929 3099 4984 ταπεινώσει
3141 4933 3380 5006 καρδίας,
3419 4932 3604 5005 Κύριος
3631 4943 3762 4983 amot-

2261 5019 2418 5090 κήσει
2445 5021 2501 5072 ἐν
2531 5021 2679 5091 ὑμῖν,
2707 5021 2787 5074 ὅτι
2814 5023 3071 5094 ἠγάπησε
3112 5026 3210 5096 τὴν
3258 5025 3608 5098 σωφροσύνην.
3634 5021 3758 5072 Ὀπυυ

2258 5110 2314 5163 δὲ
2354 5115 2595 5165 κατοικεῖ
2628 5115 2657 5164 ὁ
2685 5113 2968 5184 ’Ύψιστος,
3012 5118 3118 5172 κάν
3141 5134 3224 5182 τις
3264 5119 3526 5190 περιπέσῃ
3563 5105 3756 5185 φθόνφοῆ

2263 5268 2586 5326 Emendatio
2635 5273 2865 5327 minime
2912 5273 3054 5329 forte
3108 5275 3458 5340 admittenda,
3497 5276 3539 5330 si
3579 5287 3678 5329 cum
3708 5267 3756 5322 iis

2260 5356 2382 5414 qua;
2401 5343 2477 5414 ide
2503 5341 2755 5414 {Egyptia
2784 5345 2968 5398 statim
3000 5346 3325 5414 subdantur,
3351 5347 3651 5402 conferatur.

2332 5411 2442 5551 (58;
2481 5411 2792 5482 Λυτρὠω.
2821 5415 3002 5481 Λύσω.
3035 5419 3204 5474 GMB.

2333 5483 2420 5551 (59
2481 5485 2886 5551 Νηστεύοντα.
2955 5487 3204 5540 Πιστεύω

2333 5478 2451 5558 (βθὶ
2481 5478 2886 5558 Νηᾰτεύοντα.
2951 5478 3286 5541 ’Πιστεύοντα
3338 5501 3598 5558 perperam
3633 5478 3752 5535 habet

2261 5553 2384 5608 cod.
2417 5552 2594 5607 Oxon.
2619 5553 2695 5610 In.

2321 5623 2440 5694 (40)
2488 5627 2818 5693 Τρυςρῶντα.
2872 5629 3142 5686 Βασιλέων
3170 5629 3291 5688 add.
3319 5629 3435 5686 cod.
3466 5626 3614 5684 Oxon.
3639 5622 3697 5677 In.

2330 5692 2442 5765 (41)
2488 5692 2694 5750 Ταῦτα.
2741 5697 2970 5775 Ταύτην.
3019 5701 3097 5758 In.
