4030 6316
313 363 444 418 1153

1513 354 2034 411 TESTAMENTUM
2069 354 2344 411 JOSEPH’.

3411 352 3545 405 1154

302 475 538 548 δουλείᾳ,
583 477 614 546 ἢ
647 477 975 548 συκοφαντία
1006 476 1136 548 (42),
1160 475 1361 547 Κύριος
1388 477 1414 528 6
1441 478 1495 527 ἐν
1524 475 1670 545 αὐτῷ
1696 491 1856 526 κατοιι

1981 476 2226 538 vitutem,
2260 475 2342 527 vel
2381 471 2734 535 calumniam,
2771 469 3032 525 Dominus
3067 470 3159 540 qui
3202 470 3256 523 in
3298 470 3415 539 ipso
3446 471 3540 524 has

301 559 437 631 κῶν,
477 568 564 622 διὰ
603 569 705 642 τὴν.
741 569 1091 640 σωφροσύνην
1137 570 1195 621 ού
1243 570 1398 640 μόνον
1443 570 1505 621 ἐκ
1545 567 1651 620 τῶν
1692 565 1874 619 κακῶν

270 727 272 730 ι
303 660 509 731 ῥύεται,
546 660 678 712 ἀλλὰ
705 663 799 713 καὶ
837 661 978 730 ὑψοῖ,
1019 662 1111 713 καὶ
1136 659 1344 726 δοξάζει
1387 659 1566 721 αὑτὸν,
1595 659 1669 721 ὡς
1706 657 1868 727 κάμέ.

301 753 525 816 Πάντως
553 752 659 824 γὰρ
692 755 719 805 6
747 752 1050 823 ἄνθρωπος,
1078 752 1110 823 ἦ
1139 755 1194 805 ὲν
1222 751 1383 823 ἔργῳ,
1423 752 1454 822 ἢ
1485 753 1542 802 ὲν
1568 751 1729 820 λόγῳ,
1758 748 1790 819 ἦ
1818 750 1874 802 ἐν

259 823 266 832 ’
297 845 507 918 διανοίᾳ
551 823 862 916 συνέρχεται
893 843 1023 914 (43).
1052 843 1408 898 Γινώσκουσιν
1433 845 1481 896 οἱ
1504 842 1719 912 ἀδελφοί
1750 859 1869 912 μου,

298 939 418 1001 πῶς
444 937 696 1008 ἡγάπησέ
728 954 792 1007 με
832 939 860 990 6
889 937 1070 1007 πατήρ
1111 955 1210 1007 μου
1235 955 1247 966 ⁸
1294 937 1388 990 καὶ
1415 937 1509 1000 οὐχ
1542 935 1787 1006 ύψούμην
1815 937 1871 987 ὲν

294 1033 362 1100 τῇ
393 1030 588 1101 καρδία
629 1047 728 1100 μου
753 1047 766 1058 ⁸
799 1029 998 1099 καίπερ
1036 1033 1224 1103 νήπιος
1266 1029 1359 1093 ὢν,
1404 1025 1547 1100 εἶχον
1582 1028 1671 1080 τὸν
1709 1027 1872 1097 φόϐον

291 1123 392 1175 τοῦ
441 1123 574 1176 Θεοῦ
621 1125 680 1175 ὲν
725 1126 790 1194 τῇ
841 1122 1048 1194 διανοίᾳ
1103 1139 1234 1193 μου’
1317 1122 1464 1192 ᾔδειν
1511 1104 1638 1192 γάρ,
1687 1121 1766 1173 ὅτι
1803 1120 1871 1173 τὰ

294 1215 477 1269 πάντα
524 1214 954 1286 παρελεύσεται,
1004 1215 1096 1267 καὶ
1143 1215 1401 1285 ἐμέτρουν
1457 1213 1721 1284 ἐμαυτὸν,
1779 1213 1870 1265 καὶ

292 1304 515 1374 ἑτίμουν
541 1305 666 1368 τοὺς
695 1304 954 1374 ἀδελφούς
987 1321 1106 1375 μου.
1136 1305 1246 1357 Καὶ
1273 1304 1358 1358 διὰ
1383 1304 1472 1357 τὸν
1495 1304 1654 1373 φόϐον
1693 1304 1869 1356 αὐτῶν

289 1395 560 1449 ἐσιώπουν
583 1397 1044 1468 πιπρασκόμενος,
1074 1396 1146 1468 μὴ
1174 1399 1347 1450 εἰπεῖν
1369 1399 1479 1459 τοῖς
1508 1396 1870 1468 Ἰσμαηλίταις

290 1485 354 1537 τὸ
381 1485 536 1552 γένος
567 1504 688 1556 μου,
733 1487 812 1539 ὅτι
837 1486 951 1551 υἱός
986 1489 1101 1558 εἰμι
1141 1486 1353 1550 Ἰακὼϐ,
1402 1487 1592 1558 ἀνδρὸς
1635 1486 1867 1558 μεγάλου

289 1580 386 1631 καὶ
409 1579 653 1632 δυνατοῦ.

365 1673 464 1724 IA'.
491 1693 508 1722 ‹
544 1674 649 1726 Καὶ
674 1675 829 1744 ὑμεῖς
856 1670 947 1728 οῦν
971 1675 1118 1747 ἔχετε
1144 1676 1200 1728 ἐν
1229 1674 1420 1747 πράξει
1464 1675 1615 1745 ὑμῶν
1639 1676 1728 1728 τὸν
1758 1676 1866 1745 (44)

285 1762 384 1815 τοῦ
427 1762 562 1815 Θεοῦ
610 1765 792 1833 φόϐον,
837 1768 930 1819 καὶ
973 1769 1166 1837 τιμᾶτε
1213 1768 1338 1830 τοὺς
1377 1767 1639 1836 ἀδελφοὺς
1690 1768 1861 1837 ὑμῶν.

287 1855 406 1918 Πᾶς
443 1854 549 1926 γάρ
589 1857 618 1908 6
656 1856 820 1909 ποιῶν
861 1857 1020 1929 νόμον
1059 1859 1285 1930 Κυρίου,
1326 1857 1734 1930 ἀγαπηθήσεται
1774 1860 1865 1910 ὑπ’

285 1944 476 1998 αὐτοῦ.
551 1945 747 1998 Ἐλθὼν
809 1943 901 2000 οῦν
963 1949 1043 2011 εἰς
1104 1948 1492 2012 Ἰνδοκολπίτας
1557 1947 1694 2018 μετὰ
1758 1949 1863 2000 τῶν

297 2035 677 2108 Ἰσμαηλιτῶν,
725 2038 968 2109 ἠρώτουν
1015 2053 1118 2110 με·
1162 2040 1315 2108 κάγὼ
1358 2035 1528 2102 εἶπον,
1567 2040 1645 2092 ὅτι
1682 2039 1863 2105 δοῦλός

282 2131 404 2198 είμι
449 2129 505 2194 ἐξ
548 2129 718 2194 οἴκου,
760 2130 848 2184 ἴνα
891 2132 964 2201 μὴ
1007 2131 1245 2202 αἰσχύνω
1282 2133 1407 2196 τοὺς
1448 2132 1708 2201 ἀδελφούς
1741 2151 1860 2203 μου.

282 2221 450 2288 Λέγει
489 2222 546 2274 δέ
593 2241 681 2293 μοι
727 2225 754 2276 6
782 2223 984 2294 μείζων
1031 2224 1243 2277 αὐτῶν·
1289 2244 1307 2274 ι
1336 2225 1407 2277 Οὐ
1449 2220 1499 2277 εἴ
1536 2224 1739 2289 δοῦλος,
1785 2226 1864 2278 ὅτι

282 2312 382 2364 καὶ
410 2314 582 2383 ήόψις
612 2332 705 2367 σου
731 2315 880 2386 δηλοῖ
903 2316 1026 2387 περὶ
1062 2314 1154 2368 σοῦ
1176 2333 1188 2345 ·
1219 2336 1236 2366 ι
1284 2318 1380 2369 καὶ
1405 2315 1615 2386 ἠπείλει
1646 2335 1732 2388 μοι
1760 2317 1863 2383 ἓως

284 2404 545 2458 θανάτου.
612 2405 751 2474 Ἐγὼ
793 2407 849 2460 δὲ
895 2407 1096 2476 ἔλεγον,
1145 2409 1226 2461 ὅτι
1273 2408 1456 2473 δοῦλος
1505 2411 1682 2464 αὐτῶν
1726 2414 1858 2482 εἰμι.

295 2491 387 2555 Ὠς
424 2494 480 2545 δὲ
517 2493 748 2566 ἤλθομεν
793 2499 872 2560 είς
895 2487 1186 2565 Αἴγυπτον,
1229 2500 1355 2570 περὶ
1399 2499 1531 2570 ἐμοῦ
1577 2503 1858 2573 ἐμάχοντο,

278 2583 369 2646 τίς
415 2587 682 2656 προσδοὺς
722 2590 942 2659 χρυσίον
982 2590 1120 2664 λάϐῃ
1163 2609 1249 2662 με.
1301 2593 1442 2644 Διὸτι
1487 2595 1648 2646 πᾶσιν
1687 2595 1862 2660 ἔδοξεν

280 2672 428 2728 εἶναί
482 2695 548 2747 με
600 2681 678 2742 είς
724 2680 994 2749 Αἴγυπτον
1057 2685 1189 2755 πρὸς
1251 2684 1540 2754 μετάϐολον
1595 2686 1876 2758 ἐμπορίας·

279 2769 484 2830 αὐτῶν,
521 2769 624 2835 ἕως
653 2773 1019 2848 ἐπιστρέψωσι
1065 2776 1319 2846 φέροντες
1375 2777 1662 2848 ἐμπορίαν.
1690 2779 1804 2832 Καὶ
1833 2781 1860 2830 ὁ

279 2861 487 2931 Κύριος
513 2861 679 2915 ἔδωκέ
715 2881 802 2934 μοι
832 2866 988 2936 χάριν
1014 2867 1070 2918 ἐν
1099 2867 1393 2938 ὀφθαλμοῖς
1419 2869 1511 2921 τοῦ
1543 2870 1856 2940 μεταϐόλου,

276 2954 378 3005 καὶ
418 2953 700 3007 ἐπίστευσέ
747 2974 834 3027 μοι
878 2958 968 3010 τὸν
1011 2954 1156 3012 οἷκον
1197 2960 1383 3016 αὐτοῦ.
1421 2964 1530 3016 Καὶ
1571 2963 1860 3035 εὐλόγησεν

275 3045 445 3097 αὑτὸν
481 3048 508 3098 6
530 3046 730 3116 Κύριος
755 3050 811 3100 ἐν
839 3051 978 3120 χειρί
1010 3067 1107 3120 μου
1126 3092 1139 3114 ,
1169 3052 1263 3105 καὶ
1298 3052 1591 3124 ἐπλήθυνεν
1617 3054 1776 3108 αὐτὸν
1803 3058 1858 3108 ὲν

1977 568 2135 624 bitat.
2182 574 2400 635 propter
2443 565 2743 618 castitatem
2780 579 2886 617 non
2918 564 3095 616 solum
3138 579 3165 614 a
3201 562 3357 616 malis
3405 563 3542 616 libe-

1976 671 2082 721 rat,
2113 659 2202 711 sed
2235 670 2286 713 et
2313 657 2516 712 exaltat
2545 665 2598 710 et
2627 656 2892 726 gloriﬁcat
2922 656 3122 724 ipsum,
3153 655 3297 710 sicut
3343 665 3398 710 et
3431 672 3537 711 me.

1975 751 2210 805 Omnino
2254 751 2396 804 enim
2451 751 2636 814 homo,
2677 749 2759 804 vel
2805 750 2858 802 in
2908 765 3092 819 opere,
3137 751 3219 804 vel
3267 752 3320 804 in
3349 751 3535 816 verbo,

1975 847 2056 899 vel
2106 845 2159 897 in
2207 843 2538 914 cogitatione
2580 842 2910 897 continetur.
2956 843 3306 914 Cognoscunt
3344 844 3539 899 fratres

1975 939 2102 1002 mei,
2146 939 2378 1008 qualiter
2407 937 2596 990 dilexit
2626 952 2712 989 me
2739 929 2902 1005 pater
2937 951 3124 990 meus:
3160 943 3212 990 et
3253 953 3358 991 non
3390 940 3540 992 exal-

1975 1045 2119 1088 tatus
2159 1049 2278 1085 sum
2323 1032 2375 1085 in
2415 1031 2576 1085 corde
2615 1047 2770 1092 meo;
2805 1031 3053 1098 quamvis
3083 1046 3216 1098 puer
3243 1032 3532 1095 exsisteus,

1974 1125 2240 1178 habebam
2275 1123 2522 1176 timorem
2538 1120 2650 1198 .Dei
2688 1122 2740 1174 in
2784 1133 2963 1176 mente
3005 1138 3146 1176 mea.
3195 1121 3339 1178 Scivi
3369 1127 3534 1189 enim,

1973 1215 2119 1285 quod
2165 1215 2346 1268 omnia
2401 1215 2728 1278 transibunt,
2780 1222 2834 1267 et
2877 1213 3197 1267 moderabar
3246 1216 3535 1284 meipsum,

1972 1317 2025 1361 et
2061 1306 2396 1360 honorabant
2448 1303 2645 1359 fratres
2682 1319 2863 1368 meos;
2908 1315 2961 1358 et
3007 1314 3226 1373 propter
3285 1306 3534 1360 timorem

1972 1419 2160 1458 eorum
2213 1402 2336 1457 silui
2377 1401 2650 1465 venditus,
2697 1411 2756 1454 ut
2809 1416 2917 1453 non
2962 1401 3198 1454 dicerem
3250 1400 3537 1455 Ismaclitis

1972 1513 2140 1568 genus
2180 1512 2382 1561 meum,
2420 1495 2565 1564 quod
2597 1493 2740 1548 ﬁlius
2767 1508 2951 1560 essem
2982 1492 3168 1558 Jacob,
3207 1494 3308 1548 viri
3355 1498 3536 1566 magni

1971 1604 2023 1646 et
2047 1591 2302 1661 potentis.

2041 1684 2132 1737 XI.
2181 1702 2199 1734 ‹
2235 1682 2298 1737 Ει
2326 1697 2424 1736 vos
2453 1681 2618 1752 igitur
2642 1681 2834 1735 habete
2879 1681 2932 1735 in
2977 1689 3099 1736 actu
3129 1689 3312 1736 vestro
3340 1681 3431 1736 Dei
3472 1683 3540 1735 ti-

1971 1794 2201 1843 morem,
2247 1785 2298 1830 et
2339 1776 2601 1830 honorate
2650 1774 2845 1829 fratres
2883 1782 3115 1829 vestros.
3163 1773 3352 1830 Omnis
3392 1777 3539 1830 enim

1967 1874 2059 1942 qui
2091 1872 2220 1926 facit
2247 1872 2418 1942 legem
2453 1868 2571 1931 Dei,
2604 1868 2860 1939 diligetur
2885 1871 2952 1922 ab
2993 1870 3134 1938 ipso.
3167 1866 3403 1923 Veniens
3436 1870 3540 1939 igi-

1966 1975 2056 2015 tur
2102 1961 2166 2014 ad
2212 1958 2577 2027 Indocolpitas
2613 1973 2735 2012 cum
2786 1957 3092 2023 Ismaelitis,
3133 1960 3542 2029 interrogabant

1968 2075 2088 2113 me:
2123 2067 2175 2112 et
2207 2073 2307 2128 ego
2336 2057 2604 2123 dicebam,
2644 2056 2788 2126 quod
2832 2071 3024 2110 servus
3051 2070 3227 2108 essem
3263 2068 3327 2107 ex
3352 2055 3537 2118 domo,

1965 2159 2025 2202 ut
2063 2165 2169 2204 non
2212 2145 2603 2203 confunderem
2646 2145 2844 2200 fratres
2875 2161 3047 2200 meos.
3083 2143 3224 2197 Dicit
3246 2159 3375 2197 vero
3403 2145 3538 2200 mihi

1965 2242 2143 2311 major
2183 2256 2370 2295 eorum
2400 2257 2411 2290 :
2451 2259 2468 2289 ι
2505 2237 2622 2292 Νοη
2663 2254 2723 2293 es
2753 2253 2967 2304 servus,
2999 2237 3259 2306 quoniam
3298 2247 3350 2290 et
3379 2252 3538 2310 aspe-

1965 2342 2085 2388 ctus
2135 2342 2264 2386 tuus
2316 2331 2553 2386 ostendit
2591 2331 2656 2384 de
2702 2338 2783 2395 te;
2817 2349 2835 2380 ›
2893 2338 2946 2382 et
2985 2329 3224 2383 minatus
3274 2339 3357 2383 est
3399 2330 3536 2382 mihi

1964 2440 2141 2496 usque
2172 2424 2238 2478 ad
2266 2432 2520 2478 mortem.
2574 2421 2688 2492 Ego
2717 2436 2845 2475 vero
2872 2421 3140 2486 dicebam,
3169 2423 3310 2490 quod
3345 2437 3536 2476 servus

1966 2518 2207 2588 ipsorum
2251 2531 2449 2570 essem.
2509 2512 2577 2568 Ut
2617 2521 2795 2567 autem
2848 2513 3096 2567 venimus
3135 2511 3531 2583 inAigyptum,

1965 2609 2031 2663 de
2063 2610 2158 2661 me
2181 2605 2564 2665 decertabant,
2613 2602 2736 2671 quis
2779 2602 2983 2655 addens
3026 2601 3342 2654 thesaurum
3390 2600 3535 2654 acci-

1963 2706 2113 2768 peret
2141 2712 2247 2750 me.
2285 2693 2412 2749 Ideo
2439 2693 2642 2763 placuit
2682 2691 2958 2753 omnibus,
2993 2701 3051 2743 ut
3075 2704 3252 2743 essem
3289 2690 3341 2742 in
3366 2687 3536 2759 Egy-

1963 2798 2056 2860 pto
2084 2789 2224 2859 apud
2257 2786 2653 2857 negotiatorem
2705 2781 3092 2853 negotiationis
3134 2781 3401 2849 ipsorum,
3443 2796 3534 2832 us-

1963 2897 2180 2952 quequo
2238 2889 2640 2937 reverterentur
2683 2877 2918 2931 ferentes
2964 2876 3409 2947 negotiationem.
3468 2873 3533 2928 Et

1964 2975 2226 3029 Dominus
2268 2975 2416 3029 dedit
2445 2972 2576 3027 mihi
2604 2971 2831 3042 gratiam
2865 2970 2918 3023 in
2951 2970 3123 3024 oculis
3153 2970 3526 3039 negotiatoris,

1961 3077 2015 3122 et
2049 3068 2280 3123 credidit
2310 3066 2443 3121 mihi
2475 3066 2697 3120 domum
2732 3079 2910 3118 suam.
2946 3062 3010 3118 Et
3037 3063 3314 3118 benedixit
3342 3063 3390 3116 ei
3423 3062 3531 3116 Do»

275 3138 530 3208 ἀργυρίῳ
570 3141 662 3192 καὶ
705 3141 941 3212 χρυσίῳ·
991 3144 1084 3196 καὶ
1133 3143 1279 3214 ἤμην
1327 3145 1443 3214 μετ’
1481 3145 1643 3198 αὑτοῦ
1684 3146 1856 3218 μῆνας

1961 3163 2144 3217 minus
2191 3161 2244 3215 in
2290 3176 2453 3214 manu
2494 3175 2637 3225 mea,
2682 3167 2736 3212 ct
2776 3157 3015 3228 implevit
3061 3172 3184 3210 eum
3227 3166 3450 3227 argento
3477 3166 3530 3211 et

273 3229 450 3296 τρεῖς,
482 3229 573 3281 καὶ
600 3229 812 3300 ἡμέρας
841 3231 1022 3284 πέντε.

351 3411 452 3465 IB'.
500 3431 518 3462 ε
553 3415 688 3466 Κατ’
716 3415 923 3468 ἐκεῖνον
956 3414 1015 3468 δὲ
1054 3415 1145 3468 τὸν
1171 3416 1362 3487 καιρὸν
1403 3416 1601 3493 παρῄει
1640 3421 1672 3490 ὴ
1704 3421 1859 3493 Μεμ-

275 3505 381 3574 φία
408 3505 517 3575 (45)
550 3506 684 3577 γυνὴ
721 3506 814 3559 τοῦ
853 3507 1089 3577 Πετεφρὶ
1120 3508 1226 3577 (46)
1268 3509 1404 3578 μετὰ
1442 3510 1597 3582 δόξης
1634 3513 1855 3584 πολλῆς,

272 3597 375 3648 καὶ
422 3597 684 3650 ἐπέϐαλεν
723 3599 809 3650 ἐπ’
853 3599 952 3668 ἐμὲ
995 3600 1123 3662 τοὺς
1176 3600 1489 3670 ὀφθαλμοὺς
1532 3603 1735 3673 αὐτῆς·
1776 3606 1854 3658 ότι

273 3685 431 3742 εἷπον
456 3690 591 3761 αὐτῇ
619 3690 667 3742 οἱ
697 3689 942 3762 εὐνοῦχοι
968 3693 1096 3765 περ).
1119 3691 1273 3762 ἐμοῦ.
1299 3695 1408 3747 Καὶ
1434 3694 1580 3763 λέγει
1605 3694 1682 3766 τῷ
1704 3697 1855 3770 άνδρ)¹

271 3783 448 3851 αὐτῆς
491 3784 616 3854 περὶ
658 3781 751 3836 τοῦ
784 3784 1097 3854 μεταϐόλου,
1130 3786 1214 3838 ὅτι
1251 3786 1584 3858 έπλούτησεν
1627 3789 1684 3841 ὲν
1711 3791 1854 3861 χειρὶ

271 3874 398 3927 νέου
448 3876 588 3939 τινος
649 3875 934 3947 Ἑϐραίου·
999 3876 1215 3945 λέγουσι
1259 3878 1355 3941 δὲ,
1407 3880 1488 3932 ὅτι
1545 3882 1637 3934 καὶ
1681 3881 1850 3954 κλοπῇ

252 3970 512 4040 ’ἔκλεψαν
561 3974 722 4027 αὐτὸν
770 3977 833 4028 ἐκ
882 3977 982 4047 γῆς
1032 3976 1269 4033 Χαναὰν.
1328 3977 1440 4030 Νῦν
1491 3973 1582 4031 οὖν
1630 3979 1852 4050 ποίησον

275 4063 396 4132 μετ’
435 4065 598 4118 αὐτοῦ
642 4067 844 4137 κρίσιν,
880 4071 973 4121 καὶ
1014 4069 1214 4139 ἀφελοῦ
1246 4071 1335 4124 τὸν
1363 4071 1579 4125 νεανίαν
1602 4073 1680 4136 εἰς
1705 4075 1849 4125 οίκο-

272 4157 440 4226 νόμον
480 4158 590 4230 (47)
637 4178 730 4213 σου
754 4178 766 4191 ο
815 4164 908 4215 καὶ
948 4163 1228 4235 εὐλογήσει
1275 4182 1332 4218 σε
1377 4166 1405 4217 ό
1442 4165 1548 4218 τῶν
1588 4165 1851 4237 Ἐϐραίων

271 4247 427 4313 Θεὸς,
457 4250 538 4302 ὅτι
565 4253 722 4321 χάρις
750 4252 813 4305 ὲκ
837 4251 930 4304 τοῦ
952 4253 1182 4325 ούρανοῦ
1212 4256 1357 4308 ἐστιν
1391 4257 1476 4308 ἐπ’
1502 4255 1664 4326 αὐτῷ.

347 4341 443 4392 II".
491 4361 509 4392 ι
570 4343 626 4396 '0
669 4343 726 4396 δὲ
767 4345 1032 4416 Πετεφρὶς
1079 4346 1188 4416 (48)
1237 4348 1474 4411 πεισθεὶς
1519 4352 1630 4412 τοῖς
1673 4347 1850 4416 λόγοις

269 4431 464 4500 αὐτῆς,
507 4433 804 4487 ἐκέλευσεν·
833 4435 1066 4505 ἀχθῆναι
1100 4437 1192 4489 τὸν
1232 4437 1543 4508 μετάϐολον,
1583 4440 1676 4492 καὶ
1703 4439 1848 4507 λέγει

267 4523 422 4594 αὐτῷ
446 4542 459 4554 ·
496 4545 514 4576 ι
539 4526 604 4577 Τί
630 4525 801 4579 ταῦτα
828 4528 1032 4591 ἀκούω,
1060 4530 1142 4581 ὅτι
1167 4529 1417 4594 κλέπτεις
1459 4530 1632 4601 ψυχάς
1657 4532 1720 4584 ὲκ
1743 4534 1844 4603 γῆς

282 4618 550 4689 Ἐϐραίων
578 4618 686 4690 (49)
714 4622 792 4684 είς
820 4623 1014 4685 παῖδας
1045 4622 1396 4692 μετεμπολῶν
1424 4611 1570 4692 (51)’;
1603 4644 1620 4674 ι
1657 4624 1843 4677 Πεσὼν

267 4707 364 4764 οῦν
393 4712 482 4764 ἐπὶ
510 4712 796 4782 πρόσωπον
822 4712 986 4766 αὐτοῦ
1028 4717 1056 4767 6
1085 4715 1398 4785 μετάϐολος,
1442 4715 1616 4768 ἐδέετο
1637 4717 1806 4786 λέγων
1825 4735 1837 4747 ο

273 4821 292 4850 ι
338 4802 536 4871 Δέομαί
591 4820 683 4856 σου
712 4843 727 4864 ,
771 4804 962 4874 κύριε,
1008 4807 1109 4858 οὐκ
1149 4802 1264 4859 οἶδα
1310 4807 1338 4858 ὃ
1378 4806 1572 4874 λέγεις.
1623 4827 1642 4858 ›
1696 4809 1752 4860 Ὁ
1787 4808 1843 4861 δὲ

268 4895 410 4964 ἔφη·
469 4915 488 4945 ‹
521 4896 687 4950 Πόθεν
732 4893 824 4950 οὖν
878 4899 906 4950 6
952 4901 1078 4962 παῖς
1128 4917 1210 4952 σοι
1254 4902 1282 4952 6
1339 4900 1620 4970 Ἑϐραῖος;
1661 4920 1679 4952 ι
1734 4902 1842 4954 Καὶ

267 4983 454 5040 εἶπεν·
508 5007 525 5038 ι
555 4991 616 5040 Οἱ
657 4990 994 5060 Ἰσμαηλῖται
1044 4991 1340 5062 παρέθεντό
1385 5011 1473 5062 μοι
1512 4994 1692 5057 αὑτὸν,
1736 4995 1840 5059 ἕως

343 5164 456 5234 (42)
516 5167 592 5221 ’Ἡ
628 5171 1019 5237 συκοφαντίᾳ.
1093 5167 1163 5221 Ἢ
1221 5171 1438 5230 σκότει,
1517 5173 1663 5225 addit
1713 5173 1836 5226 cod.

267 5232 447 5312 Oro";
477 5238 695 5312 o_missis
734 5232 1085 5308 sequentibus
1132 5256 1162 5294 a
1189 5241 1393 5308 Κύριος
1434 5256 1604 5311 usque
1634 5259 1835 5312 σωφρο-

270 5304 455 5376 σύνην.
495 5307 668 5360 Grut}.

490 5377 866 5453 ζωςεξρχεταί.
899 5382 1184 5453 Συνέχεται
1209 5397 1314 5437 ms.
1347 5381 1499 5453 Trin.
1532 5381 1607 5437 In.

341 5446 452 5527 (44)
491 5447 706 5527 ζΙράξει
739 5451 904 5527 ῥμῶν
937 5446 1067 5506 τόνίξ
1114 5454 1269 5527 Πάσῃ
1310 5451 1504 5524 πράξει
1544 5453 1698 5524 ὑμῶν
1737 5455 1839 5526 πρὸ

264 5515 564 5588 ὀφθαλμῶν
595 5519 705 5578 τόν.
742 5515 816 5574 In.

267 5654 324 5708 In
339 5587 450 5657 (45)
489 5591 742 5658 Μεμφία.
769 5593 988 5656 Minoi;
1021 5597 1054 5665 ἡ
1087 5593 1413 5664 ἐλλακπίνη⁶
1435 5595 1528 5648 τοῦ
1545 5598 1834 5668 πεντεφρῆ.

304 5799 315 5809 θ
343 5727 455 5809 (46)
496 5733 764 5799 Πετερρί.
814 5733 1016 5809 I_ta__i_s,_
1038 5735 1131 5805 qui
1171 5735 1222 5789 in
1249 5734 1706 5809 IIebrzeoAdicitur
1729 5737 1836 5791 Po-

275 5801 472 5866 tinhar,
518 5814 743 5857 vocatur
775 5819 802 5856 a
834 5804 970 5857 LXX
1001 5801 1153 5875 juxta
1183 5808 1460 5878 exemplar
1488 5805 1834 5877 Vaticanum,

1958 3269 2132 3319 auro;
2164 3263 2219 3308 et
2246 3268 2397 3307 eram
2428 3269 2550 3308 cum
2580 3253 2697 3322 ipso
2727 3251 3009 3305 mensibus
3039 3250 3234 3313 tribus,
3258 3259 3310 3304 et
3337 3250 3528 3305 diebus

1958 3347 2216 3417 quinque.

2029 3437 2144 3492 XII.
2193 3459 2211 3489 ε
2257 3436 2566 3492 Secundum
2614 3438 2744 3494 illud
2799 3446 3015 3509 tempus
3070 3438 3320 3493 transivit
3359 3436 3527 3491 Mem-

1956 3527 2161 3596 phitica
2195 3527 2393 3580 mulier
2422 3525 2671 3596 Petephri
2702 3544 2824 3582 cum
2867 3529 3036 3599 gloria
3072 3529 3261 3590 multa,
3296 3539 3349 3582 et
3391 3529 3526 3598 inje-

1957 3621 2032 3675 cit
2060 3635 2222 3690 super
2251 3635 2337 3673 me
2365 3620 2552 3675 oculos
2580 3635 2743 3686 suos;
2777 3622 3036 3690 quoniam
3068 3621 3322 3676 dixerant
3350 3622 3398 3676 ei
3424 3637 3525 3676 eu-

1958 3714 2123 3768 nuchi
2179 3714 2245 3768 de
2290 3729 2397 3768 me.
2453 3712 2518 3767 Et
2555 3714 2688 3767 dicit
2736 3714 2857 3767 viro
2902 3729 3003 3768 suo
3051 3713 3116 3768 de
3165 3716 3524 3784 negotiatore,

1955 3805 2101 3876 quod
2139 3807 2340 3860 ditatus
2377 3813 2521 3860 esset
2555 3806 2609 3859 in
2649 3821 2812 3859 manu
2853 3806 3075 3875 juvenis
3105 3807 3387 3875 cujusdam
3419 3805 3524 3869 IIe-

1954 3898 2085 3954 braei
2118 3917 2129 3952 :
2170 3899 2358 3954 dicunt
2407 3913 2557 3964 vero,
2591 3897 2734 3967 quod
2776 3896 2924 3952 furto
2963 3898 3126 3952 furati
3173 3908 3356 3954 essent
3396 3914 3522 3953 eum

1955 3991 2022 4046 de
2052 3999 2192 4044 terra
2219 3989 2502 4044 Chanaan.
2534 3987 2689 4042 Nune
2719 4004 2848 4059 ergo
2877 3988 2966 4043 fac
2995 4004 3119 4043 cum
3144 4004 3206 4043 eo
3230 3989 3520 4058 judicium,

1954 4093 2006 4137 et
2032 4083 2186 4137 aufer
2211 4083 2467 4153 juvenem
2513 4083 2565 4135 in
2593 4083 3024 4152 dispensatorem
3061 4093 3244 4147 tuum;
3280 4093 3330 4136 et
3359 4084 3520 4137 bene-

1953 4176 2093 4229 dicet
2119 4176 2214 4230 tibi
2242 4175 2386 4230 Deus
2410 4173 2780 4244 Hebraeorum,
2809 4175 3066 4246 quoniam
3091 4177 3260 4246 gratia
3288 4191 3350 4229 ex
3381 4175 3519 4230 coelo

1953 4275 2036 4321 est
2067 4267 2122 4319 in
2152 4267 2290 4335 ipso.

2024 4355 2166 4412 XIII.
2217 4376 2236 4409 ι
2271 4356 2555 4427 Petepltris
2601 4374 2727 4413 vero
2759 4374 3052 4428 persuasus
3082 4359 3261 4414 verbis
3318 4358 3512 4428 ipsius,

1947 4448 2334 4518 jussit'adduci
2367 4450 2782 4518 negotiatorem,
2811 4459 2864 4503 et
2886 4449 3018 4504 dicit
3043 4451 3092 4504 ei
3122 4465 3134 4501 :
3177 4469 3194 4500 ι
3229 4449 3370 4515 Quid
3401 4449 3516 4505 haec

1951 4540 2135 4605 audio,
2181 4541 2326 4610 quod
2371 4539 2574 4595 furaris
2604 4540 2815 4594 animas
2858 4556 2924 4594 ex
2961 4552 3101 4594 terra
3138 4539 3511 4604 Hebraeorum,

1945 4634 1998 4687 in
2033 4634 2218 4703 pueris
2255 4634 2552 4689 vendendis
2587 4633 2697 4704 (50)
2722 4635 2744 4687 ?
2773 4652 2791 4686 ι
2826 4634 3038 4689 Cadens
3068 4636 3232 4704 igitur
3269 4636 3511 4705 negotia-

1944 4739 2028 4784 tor
2055 4731 2108 4784 in
2138 4729 2328 4784 faciem
2356 4745 2532 4795 suam,
2560 4729 2884 4798 precabatur
2906 4729 3092 4784 dicens
3116 4746 3128 4780 :
3162 4748 3180 4779 ι
3210 4728 3408 4782 Precor
3437 4737 3507 4791 te,

1942 4823 2183 4887 domine,
2212 4839 2320 4876 non
2347 4822 2473 4875 novi
2505 4821 2634 4891 quid
2660 4823 2815 4876 dicis.
2851 4841 2868 4873 ι
2909 4820 3000 4874 Ille
3020 4836 3146 4874 vero
3173 4821 3249 4874 ait
3275 4840 3288 4874 :
3324 4838 3340 4869 ι
3359 4818 3510 4872 Unde

1943 4915 2106 4984 igitur
2145 4916 2236 4969 tibi
2283 4930 2415 4984 puer
2443 4914 2744 4970 Hebraeus?
2773 4937 2791 4966 ο
2838 4914 2904 4968 Ει
2939 4915 3078 4969 dixit
3115 4933 3127 4968 :
3172 4933 3190 4964 ‹
3227 4913 3508 4967 lsmaelitze

1941 5008 2463 5061 commendaverunt
2501 5008 2631 5060 mibi
2675 5007 2876 5074 ipsum,
2919 5021 3200 5076 usquequo
3228 5012 3506 5057 revertan—

1939 5183 2220 5257 nisiquod
2257 5186 2677 5257 ﬁlocoihabet.
2713 5185 2786 5257 In.

2009 5254 2118 5325 (4³7)
2162 5252 2503 5325 Οίκὸνόμον.
2536 5252 2713 5308 Οἶκον.
2751 5255 2822 5308 lu.

2156 5329 2458 5394 Πετεφρίς.
2489 5325 2821 5397 Πεντεφρῆς.
2853 5328 2926 5380 In.

2033 5395 2120 5466 49)
2171 5397 2466 5466 Ἑϐραίων-ε
2495 5395 2732 5449 Χαναάν.
2770 5395 2845 5451 In.

2010 5465 2118 5537 (50)
2162 5465 2225 5519 In
2263 5469 2436 5535 pueris
2481 5466 2800 5538 vendendisa
2848 5468 2910 5522 In
2942 5483 3126 5538 pueros
3153 5469 3398 5527 vendens,
3442 5466 3496 5519 id

1937 5547 2020 5592 est
2053 5536 2107 5588 in
2138 5553 2324 5590 servos
2354 5538 2465 5589 sive
2497 5536 2749 5589 famulos.
2786 5537 2860 5590 In.
2942 5536 2947 5538 ⁷
3288 5557 3290 5560 ·

2007 5607 2114 5674 (51)
2159 5605 2573 5675 Μετεμπολῶν.
2647 5605 3000 5675 Ἀπεμπολῶν
3057 5603 3257 5659 rectius
3284 5603 3498 5675 Iegitur

1939 5677 1991 5732 in
2026 5678 2147 5730 cod.
2175 5674 2349 5729 om.
2382 5675 2565 5745 Neque
2593 5691 2736 5728 enim
2766 5674 2988 5747 verbum
3037 5674 3394 5747 μετεμπολάω
3440 5677 3494 5727 in

1938 5749 2048 5802 ullo
2074 5747 2335 5816 scriptore
2365 5747 2557 5815 legisse
2591 5747 2829 5800 memini.
2858 5746 2930 5801 In.
