4038 6314
273 224 440 282 1165

1458 231 1981 290 TESTAMENTUM
2020 233 2372 291 BENJAMIN.

3402 250 3541 305 1116

263 337 511 408 Κύριος
536 340 643 409 γὰρ
665 340 722 394 ὲν
744 341 893 414 αὖ·τῷ
916 345 1178 408 κατοικεῖ,
1202 344 1294 401 καὶ
1321 346 1542 416 φωτίζει
1571 347 1747 419 ψυχὴν
1771 348 1848 400 αύ-

1970 353 2185 408 meliam
2210 370 2319 410 non
2348 354 2531 420 novit;
2573 353 2838 414 Dominus
2863 358 3009 415 enim
3040 359 3096 415 in
3128 374 3195 416 eo
3225 362 3458 430 habitat,
3484 380 3541 423 es

261 428 403 492 τοῦ,
467 432 563 484 καὶ
605 432 782 503 χαίρει
826 434 962 505 πρὸς
1009 436 1215 500 πάντας
1265 439 1322 490 ὲν
1355 439 1518 491 παντὶ
1558 438 1753 509 καιρῷ.
1807 438 1871 491 Ἠ

263 521 483 594 ἀγαθὴ
532 523 739 577 διάνοια
778 525 879 577 οὐκ
910 525 1020 596 ἔχει
1056 526 1147 579 δύο
1189 526 1457 597 γλώσσας,
1499 528 1745 597 εὐλογίας
1779 531 1871 583 καὶ

265 614 565 686 κατάρας,
588 614 793 687 ὕϐρεως
813 619 906 670 καὶ
926 620 1107 689 τιμῆς,
1130 618 1303 689 λύπης
1324 621 1417 673 καὶ
1431 622 1623 692 χαρᾶς,
1641 622 1870 693 ἡσυχίας

265 703 378 756 καὶ
427 706 705 777 ταραχῆς,
739 707 1078 779 ὑποκρίσεως
1118 710 1211 762 καὶ
1249 709 1504 781 ἀληθείας
1550 710 1646 783 (8),
1682 711 1871 774 πενίας

262 798 374 849 καί
416 797 675 852 πλούτου’
695 798 828 852 ἀλλὰ
850 801 976 871 μίαν
994 800 1106 871 ἔχει
1129 803 1253 873 περὶ
1273 803 1479 865 πάντας
1494 801 1757 872 εἰλικρινῆ
1777 803 1870 855 καὶ

264 889 546 963 καθαρὰν
569 891 824 945 διάθεσιν.
845 894 955 945 υύκ
972 892 1082 963 ἔχει
1100 893 1436 964 ὄρασιν,ούδὲ
1458 894 1624 965 ἀκοὴν
1650 894 1861 964 διπλῆν·

260 980 393 1030 πᾶν
436 980 571 1050 γὰρ,
614 980 642 1033 ὃ
679 984 841 1046 ποιεῖ,
878 981 909 1051 ἣ
945 980 1113 1044 λαλεῖ,
1149 982 1180 1053 ἦ
1215 984 1335 1054 ὁρᾷ,
1376 979 1513 1035 οἶδεν
1540 984 1621 1036 ὅτι
1663 982 1867 1054 Κύριος

261 1068 616 1124 ὲπισκέπτει
655 1070 830 1143 ψυχὴν
873 1072 1057 1138 αὐτοῦ,
1093 1074 1186 1125 καὶ
1219 1072 1467 1143 καθαίρει
1508 1072 1604 1143 τὴν
1628 1073 1867 1126 διάνοιαν

261 1162 483 1228 αὑτοῦ,
516 1164 649 1233 πρὸς
671 1165 731 1217 τὸ
767 1165 838 1235 μὴ
863 1165 1309 1236 καταγνωσθῆναι
1334 1165 1439 1217 ὑπὸ
1475 1164 1611 1217 Θεοῦ
1655 1166 1748 1219 καὶ
1776 1167 1868 1219 ἀν-

258 1250 529 1323 θρώπων
548 1270 560 1281 ι
600 1253 692 1305 καὶ
723 1252 816 1304 τοῦ
844 1252 1037 1324 Βελιάρ
1069 1252 1125 1305 δὲ
1163 1254 1269 1306 πᾶν
1296 1252 1455 1324 ἔργον
1482 1253 1702 1307 διπλοῦν
1728 1256 1863 1319 ἐστι,

259 1343 509 1395 καὶόὐκ
535 1342 647 1414 ἔχει
674 1342 948 1414 ἁπλότητα
981 1344 1076 1415 (9).

339 1521 426 1573 Z’.
472 1538 491 1572 ‹
534 1520 631 1575 Διὰ
668 1520 846 1587 τοῦτο,
880 1523 1049 1577 τέκνα
1096 1541 1217 1595 μου,
1267 1523 1495 1594 φεύγετε
1528 1523 1628 1595 τὴν
1667 1524 1864 1578 κακίαν

252 1610 365 1663 τοῦ
387 1612 615 1685 Βελιὰρ,
640 1615 720 1666 ὅτι
740 1615 1007 1685 μάχαιραν
1023 1615 1203 1669 δίδωσι
1221 1620 1332 1681 τοῖς
1354 1616 1690 1687 πειθομένοις
1703 1618 1860 1687 αὐτῇ.

1974 442 2241 500 illuminat
2266 447 2507 503 animam
2543 448 2666 517 ejus
2686 489 2702 515 ,
2760 458 2815 504 et
2839 450 3037 520 gaudet
3066 467 3252 509 coram
3286 458 3541 514 munibus

1970 533 2024 587 in
2057 537 2206 591 omni
2238 546 2504 609 tempore.
2530 540 2679 595 Bona
2705 557 2859 597 mens
2904 558 3010 599 non
3058 546 3221 602 habet
3244 548 3381 603 duas
3432 550 3540 604 lin-

1970 644 2126 698 guas,
2165 630 2559 691 benedictionis
2587 646 2640 691 et
2663 636 3084 704 maledictionis,
3109 643 3455 698 contumeliae
3484 654 3540 700 et

1970 721 2223 789 honoris,
2252 724 2490 780 tristitiae
2538 735 2592 781 et
2615 730 2830 798 gaudii,
2871 732 3074 800 quietis
3099 742 3154 786 et
3176 734 3536 798 turbationis,

1969 812 2336 871 simulationis
2365 826 2420 871 et
2451 821 2715 889 veritatis,
2742 822 2941 890 inopiae
2979 835 3034 880 et
3063 825 3414 891 divitiarum;
3441 828 3537 884 sed

1969 919 2132 959 unam
2156 906 2315 961 habet
2349 910 2493 964 circa
2522 927 2716 970 omnes
2739 915 3011 972 sinceram
3056 927 3111 972 et
3135 934 3322 987 puram
3350 917 3539 988 dispo-

1970 991 2244 1048 sitionem.
2284 994 2397 1050 Non
2429 997 2589 1054 habet
2627 1002 2828 1069 visum,
2874 1021 3051 1076 neque
3081 1008 3326 1062 auditum
3357 1010 3538 1079 dupli-

1967 1099 2115 1151 cem;
2168 1086 2221 1141 in
2253 1091 2402 1144 omni
2432 1093 2577 1147 enim
2624 1096 2771 1163 quod
2822 1095 2973 1163 facit,
3014 1099 3100 1152 vel
3139 1100 3401 1171 loquitur,
3450 1101 3536 1156 vel

1968 1177 2132 1245 videt,
2165 1183 2315 1236 novit
2338 1184 2482 1253 quod
2504 1183 2649 1240 Deus
2681 1187 2869 1241 visitat
2898 1189 3136 1242 animam
3162 1191 3299 1259 ejus,
3323 1200 3377 1245 et
3400 1208 3535 1261 pur-

1966 1277 2058 1339 gat
2088 1272 2327 1327 animum
2367 1276 2510 1345 ejus,
2561 1285 2622 1331 ut
2652 1294 2756 1331 non
2799 1279 3234 1347 reprehendatur
3264 1296 3295 1334 a
3330 1280 3439 1336 Deo
3479 1290 3536 1336 et

1966 1358 2311 1431 hominibus;
2343 1367 2435 1420 sed
2460 1383 2619 1422 omne
2639 1384 2775 1438 opus
2795 1367 2972 1423 Beliar
2995 1370 3190 1439 duplex
3220 1381 3321 1438 est,
3350 1386 3402 1427 et
3425 1389 3531 1429 non

1965 1458 2128 1513 habet
2165 1456 2591 1526 simplicitatem.

2038 1544 2149 1600 VII.
2187 1566 2205 1597 ι
2245 1544 2475 1616 Propter
2491 1548 2618 1615 hoc,
2646 1550 2739 1603 filii
2773 1552 2902 1616 mei,
2941 1552 3111 1624 fugite
3141 1554 3401 1608 malitiam
3432 1554 3531 1611 Be-

1964 1637 2088 1702 liar,
2114 1639 2374 1707 quoniam
2422 1640 2659 1708 gladium
2690 1646 2781 1696 dat
2803 1644 3178 1700 obedientihus
3208 1634 3274 1700 ei.
3303 1646 3531 1704 Gladius

268 1701 349 1754 Ἦ
386 1702 453 1756 δὲ
488 1706 726 1775 μάχαιρα
750 1707 889 1759 ἑπτὰ
924 1707 1110 1762 κακῶν
1137 1710 1316 1780 μήτηρ
1335 1709 1470 1761 ἐστί.
1500 1709 1721 1781 Πρῶτον
1743 1710 1848 1763 συλ-

1966 1739 2145 1785 autem
2170 1742 2371 1797 Septem
2398 1732 2669 1787 malorum
2700 1744 2871 1789 mater
2896 1737 3258 1799 esl,Primum
3292 1739 3532 1808 concipit

256 1791 599 1867 λαμϐάνειὴ
626 1797 831 1851 διάνοια
854 1798 941 1852 διὰ
963 1798 1056 1852 τοῦ
1087 1799 1298 1871 Βελιάρ.
1333 1802 1488 1854 Ἐστι
1514 1801 1570 1854 δὲ
1606 1801 1818 1873 πρῶτον
1846 1841 1862 1865 ,

258 1884 479 1953 φθόνος
498 1904 511 1916 ·
536 1888 805 1960 δεύτερον,
824 1888 1067 1942 ἀπώλεια
1085 1907 1099 1920 ·
1120 1891 1325 1962 τρίτον,
1345 1891 1523 1961 θλίψις
1540 1909 1553 1921 ·
1582 1892 1858 1962 τέταρτον,

257 1979 630 2049 αἰχμαλωσία
648 1998 662 2011 ’
689 1980 956 2051 πέμπτον,
983 1982 1158 2037 ἔνδεια
1178 2000 1190 2012 ·
1219 1981 1399 2047 ἕκτον,
1428 1985 1639 2055 ταραχή
1665 2001 1677 2014 ’
1713 1983 1862 2037 ἕϐδο-

259 2086 397 2138 μον,
431 2070 711 2141 ἐρήμωσις
745 2071 875 2143 (10).
904 2071 1002 2124 Διὰ
1023 2071 1180 2126 τοῦτο
1211 2074 1304 2126 καὶ
1336 2076 1364 2127 6
1404 2075 1541 2127 Κάῖν
1583 2072 1722 2127 ἑπτὰ
1764 2073 1858 2125 ὲκ-

253 2158 484 2224 δικίαις
534 2163 883 2233 παραδίδοται
918 2162 1029 2234 (11)
1064 2164 1169 2217 ὑπὸ
1203 2164 1297 2218 τοῦ
1339 2164 1497 2218 Θεοῦ.
1550 2165 1709 2219 Κατὰ
1750 2164 1859 2237 γὰρ

255 2251 478 2305 ἑκατὸν
517 2253 609 2325 ἔτη
649 2254 776 2323 μίαν
812 2256 1024 2329 πληγὴν
1060 2257 1335 2328 ἐπήγαγεν
1378 2256 1524 2327 αὐτῷ
1560 2258 1588 2310 6
1632 2255 1854 2327 Κύριος.

250 2344 576 2397 Διακοσίων
615 2344 750 2398 ἑτῶν
779 2346 995 2417 πάσχει,
1032 2347 1125 2400 κα)¹
1156 2346 1545 2417 ὲννακοσιοστῷ
1585 2347 1693 2400 ἔτει
1739 2349 1859 2419 ἐρη-

255 2434 477 2505 μοῦται
518 2437 609 2489 ἐπὶ
648 2435 742 2489 τοῦ
786 2436 1168 2508 κατακλυσμοῦ
1205 2439 1314 2509 (12)
1344 2438 1432 2492 διὰ
1483 2439 1644 2509 Ἀϐὴλ
1665 2438 1754 2491 τὸν
1780 2439 1857 2491 δί-

250 2544 429 2580 καιον
458 2527 686 2596 ἀδελφὸν
710 2527 894 2581 αὐτοῦ.
930 2527 1017 2580 Ἐν
1038 2531 1149 2592 τοῖς
1177 2529 1519 2591 ἑπτακοσίοις
1540 2527 1715 2580 ἔτεσιν
1741 2525 1853 2599 (15)

248 2618 283 2671 6
317 2618 475 2671 Κάῖν
508 2617 750 2695 ἐκρίνετο
783 2617 960 2689 (14),ὁ
991 2618 1046 2670 δὲ
1071 2619 1261 2689 Λαμὲχ
1294 2620 1352 2671 ὲν
1384 2621 1495 2682 τοῖς
1530 2616 1855 2689 ἑϐδομηκον-

250 2707 431 2771 τάκις
470 2708 637 2761 ἑπτά·
674 2709 755 2762 ὅτι
787 2708 891 2773 ἕως
922 2708 1017 2762 τοῦ
1054 2708 1247 2773 αἰῶνος
1293 2710 1340 2762 οἱ
1384 2707 1729 2779 ὁμοιούμενοι
1776 2706 1854 2778 τῷ

250 2802 410 2854 Κάῖν
442 2801 500 2853 ὲν
521 2800 697 2872 φθόνῳ
739 2804 818 2866 εἰς
842 2801 938 2872 τὴν
974 2801 1345 2873 μισαδελφίαν,
1380 2804 1447 2873 τῇ
1471 2802 1607 2872 αὐτῇ
1630 2798 1851 2853 κολάσει

256 2891 628 2964 κριθήσονται
655 2892 785 2963 (15).

322 3006 414 3063 Η’.
453 3022 471 3055 ι
494 3004 603 3057 Καὶ
631 3004 785 3076 ὑμεῖς
799 2999 911 3070 οὖν,
932 3006 1096 3060 τέκνα
1122 3023 1243 3077 μου,
1262 3005 1602 3079 ἀποδράσατε
1631 3004 1729 3076 τὴν
1746 3021 1848 3057 κα-

256 3094 414 3157 κίαν,
447 3095 638 3166 φθόνον
669 3115 729 3149 τε
770 3100 864 3151 καὶ
894 3098 990 3169 τὴν
1026 3098 1399 3169 μισαδελφίαν,
1440 3099 1535 3152 καὶ
1582 3096 1849 3168 προσκολο

253 3185 431 3240 λᾶσθε
466 3190 530 3259 τῇ
561 3188 851 3260 ἁγαθότητι
880 3191 971 3244 καὶ
989 3191 1052 3261 τῇ
1086 3188 1313 3263 ἀγάπῃ..
1355 3189 1411 3241 Ὁ
1444 3189 1581 3260 ἔχων
1610 3188 1848 3244 διάνοιαν

255 3277 516 3348 καθαρὰν
550 3280 607 3331 ὲν
650 3279 859 3352 ἀγάπῃ,
896 3281 994 3349 οὐχ
1035 3280 1137 3351 ὁρᾷ
1178 3282 1411 3347 γυναῖκα
1445 3280 1523 3342 εἰς
1556 3278 1845 3349 πορνείαν·

252 3368 318 3423 οὐ
354 3368 471 3439 γὰρ
502 3368 614 3439 ἔχει
658 3370 893 3440 μιασμὸν
925 3372 982 3422 ὲν
1023 3372 1090 3440 τῇ
1126 3368 1340 3439 καρδίᾳ,
1383 3369 1463 3421 ὅτι
1514 3368 1845 3422 ἀναπαύεται

254 3460 315 3511 ὲν
344 3459 502 3531 αύτῷ
527 3460 587 3512 τὸ
616 3460 831 3531 πνεῦμα
861 3459 957 3513 τοῦ
987 3459 1143 3513 Θεοῦ.
1181 3461 1390 3531 ’Ὥσπερ
1405 3459 1513 3530 γὰρ
1546 3461 1574 3511 ὁ
1606 3459 1758 3529 ἥλιος
1784 3457 1845 3512 οὐ

257 3551 542 3620 μιαίνεται
581 3552 859 3622 προσέχων
897 3552 988 3604 ἐπὶ
1027 3551 1229 3620 κόπρον
1279 3551 1371 3603 καὶ
1420 3548 1677 3619 βόρϐορον
1711 3547 1841 3618 (16),

252 3641 391 3695 ἀλλὰ
443 3641 641 3713 μᾶλλον
691 3642 973 3712 ἀμφότερα
1020 3641 1204 3711 ψύχει,
1250 3641 1343 3693 καὶ
1408 3640 1695 3693 ἀπελαύνει
1743 3640 1842 3711 τὴν

252 3732 556 3789 δυσωδίανο
605 3732 774 3796 οὕτως
822 3734 916 3786 καὶ
961 3735 989 3785 6
1041 3732 1279 3804 καθαρὸς
1316 3731 1440 3795 νοῦς
1479 3733 1668 3794 ἐντοῖς
1719 3732 1841 3802 μιά-

256 3838 429 3890 σμασι
460 3822 557 3892 τῆς
590 3822 693 3893 γῆς
730 3823 1098 3894 συνεχόμενος,
1132 3822 1331 3894 μᾶλλον
1357 3823 1627 3894 οἰκοδομεῖ
1657 3823 1835 3888 αὐτὸς,

253 3912 348 3964 καὶ
387 3913 504 3983 (17)
532 3913 592 3967 ού
625 3914 912 3985 μιαίνεται.

320 4000 395 4054 Θ.
445 4021 463 4053 ι
509 4002 747 4055 ’Υπονοῶ
773 4003 827 4057 δὲ
861 4004 955 4057 καὶ
999 4004 1225 4075 πράξεις
1270 4004 1328 4057 ὲν
1376 4005 1505 4075 ύμῖν
1556 4004 1616 4058 οὐ
1666 4003 1836 4067 καλὰς

253 4090 498 4157 ἔσεσθαι,
545 4094 652 4147 ἀπὸ
692 4094 862 4162 λόγων
907 4095 1073 4165 Ἑνὼχ
1103 4095 1197 4149 τοῦ
1241 4096 1467 4149 δικαίου.
1503 4096 1834 4169 Πορνεύσετε

253 4182 359 4254 γὰρ
386 4184 648 4254 πορνείαν
694 4186 959 4256 Σοδόμων,
1010 4188 1101 4240 καὶ
1146 4187 1430 4240 ἀπολεῖσθε
1481 4187 1585 4251 ἕως
1635 4187 1828 4258 βραχὺ,

254 4275 347 4327 καὶ
374 4274 745 4329 ἀνανεώσεσθε
775 4279 833 4330 ἐν
852 4277 1062 4347 γυναιξὶ
1087 4280 1344 4349 στρήνους
1372 4280 1502 4350 (18),
1536 4281 1628 4331 καὶ
1665 4282 1696 4350 ἡ
1735 4279 1831 4348 βα-

257 4365 431 4419 σιλεία
463 4367 666 4437 Κυρίου
702 4368 801 4420 ούκ
842 4368 993 4421 ἔσται
1035 4371 1092 4421 ἐν
1137 4371 1294 4439 ὑμῖν
1329 4371 1410 4423 ὅτι
1457 4369 1617 4433 εὐθὺς
1669 4371 1829 4435 αὐτὸς

254 4454 483 4527 λήψεται
540 4459 727 4529 αὐτήν.
770 4459 914 4530 Πλὴν
962 4461 1019 4513 ἐν
1064 4462 1240 4531 μερίδι
1278 4461 1428 4531 ὑμῶν
1478 4464 1763 4532 γενήσεται
1800 4465 1829 4516 ὁ

325 4615 399 4686 (8)
455 4615 739 4683 Ἡσυχίας
790 4617 889 4669 καὶ
944 4616 1229 4686 ταραχῆς,
1288 4619 1666 4687 ὑποκρίσεως
1730 4616 1827 4671 καὶ

255 4682 558 4751 ἀληθείας.
593 4682 815 4740 Desunt.
845 4682 1013 4741 (ἔκιε.

327 4756 399 4827 (9)
458 4756 944 4811 Ἐπισκέπτει.....
1021 4760 1347 4825 ἁπλότητα.
1408 4758 1833 4827 Ἑπισκοπεύει,

258 4826 479 4899 omissis
509 4827 733 4899 reliquis
757 4843 928 4899 usque
955 4829 1253 4899 ᾴπλότητα.
1290 4829 1363 4882 Ιι).

381 4896 439 4967 0)
838 4893 853 4897 ⁷
868 4893 1201 4971 ἐρήμωσις.
1223 4900 1358 4971 Ὅτε
1374 4898 1553 4971 τίκτει
1611 4900 1826 4971 πρῶτον

261 4962 469 5041 φθόνον,
499 4966 747 5041 δεύτερον
791 4962 1085 5041 ἀπώλειαν,
1116 4962 1295 5041 τρίτον
1341 4968 1537 5038 θλίψιν,
1567 4962 1827 5041 τέταρτον

258 5035 667 5111 αἰχμαλωσίαν,’
683 5037 932 5111 πέμπτον
961 5035 1188 5104 ἔνδειαν,
1215 5040 1371 5093 ἕκτον
1390 5035 1654 5111 ταραχὴν,
1678 5035 1827 5094 ἕϐδο-

264 5121 363 5179 μον
384 5108 481 5179 ὲρή
488 5125 678 5179 μωσιν.
714 5107 788 5163 lo.
980 5177 991 5179 _
1040 5177 1051 5179 _
1344 5116 1357 5141 ‘

264 5124 355 5175 μον
384 5124 411 5158 ε
450 5124 678 5179 ημωσιν.
714 5124 788 5163 ID.
1344 5124 1357 5141 ‘

262 5240 315 5296 ID
324 5124 447 5296 (11)
484 5177 793 5244 Ἐκδικίαις
809 5177 1209 5246 παραδίδοται.
1252 5178 1507 5244 Ἀδικίαις
1530 5178 1819 5253 παρεδόθη.

324 5286 438 5399 lle)
492 5318 618 5399 ’ξπί
646 5319 753 5375 τοῦ
780 5321 1230 5390 κατακλυσμοῦ.
1264 5321 1491 5388 Desunt,
1520 5334 1574 5378 et
1600 5322 1821 5392 quidem

264 5389 414 5439 merit
456 5429 469 5442 .
570 5430 583 5443 .

266 5520 282 5574 1
327 5405 449 5529 (15))
485 5389 889 5529 ’ἑῗττακοσίοις
915 5463 1133 5517 ἐτεσιν.
1166 5462 1357 5532 Ἑπτά,
1382 5464 1587 5521 omisso
1620 5464 1815 5520 ἐτεσιν.

286 5540 335 5574 ι).

286 5540 439 5678 illi)
472 5599 618 5678 Κᾴτν
646 5600 925 5678 ἐκρίνετο.
955 5604 1089 5659 Cum
1129 5604 1210 5659 eis
1257 5620 1379 5678 qua:
1421 5617 1609 5663 auctor
1639 5618 1821 5664 noster

268 5662 569 5736 dicit,'satis
605 5662 927 5730 conveniunt
954 5684 1191 5731 veterum
1219 5662 1815 5752 et'rerentiorumquo-

1956 1839 2119 1891 ,ηιοιιε
2164 1840 2261 1893 per
2290 1825 2485 1880 Beliar.
2523 1825 2619 1883 Est
2658 1837 2839 1882 autem
2872 1829 3128 1898 primum,
3160 1830 3398 1898 invidia;
3435 1846 3528 1886 se-

1962 1920 2225 1987 cundum,
2277 1922 2545 1991 perditio;
2600 1924 2844 1990 tertium,
2893 1925 3201 1991 tribulatio;
3250 1937 3526 1994 quantum,

1961 2010 2271 2080 Captivitas;
2303 2013 2579 2082 quintum,
2608 2015 2937 2085 indigentia;
2975 2026 3216 2084 sextum,
3242 2018 3481 2072 turbatio
3508 2035 3524 2084 ;

1961 2103 2271 2173 septimum,
2296 2105 2583 2171 desolatio,
2630 2118 2852 2178 propter
2890 2110 2995 2165 hoc
3034 2119 3090 2164 et
3132 2110 3271 2165 Cain
3319 2123 3524 2181 septem

1959 2194 2213 2251 vindictis
2263 2198 2494 2251 traditur
2523 2214 2555 2254 a
2608 2198 2740 2257 Deo.
2790 2200 2925 2255 Nam
2973 2202 3274 2257 secundum
3305 2213 3526 2258 centum

1958 2300 2132 2342 annos
2154 2304 2317 2343 unam
2354 2290 2567 2362 plagam
2607 2291 2820 2346 induxit
2848 2293 2897 2347 ei
2924 2292 3213 2350 Dominus.
3262 2293 3525 2351 Ducentis

1958 2378 2115 2433 annis
2158 2381 2384 2447 patitur,
2420 2390 2473 2435 et
2504 2383 2925 2451 nongentesimo
2966 2401 3114 2443 anno
3157 2385 3439 2448 desolatur
3471 2390 3525 2446 in

1957 2467 2159 2524 diluvio
2179 2480 2397 2540 propter
2425 2471 2558 2525 Abel
2574 2472 2782 2541 justum
2813 2473 3037 2532 fratrem
3065 2478 3205 2548 ejus.
3232 2479 3289 2534 ln
3317 2481 3528 2551 septin-

1955 2562 2132 2633 gentis
2161 2563 2321 2619 annis
2367 2562 2501 2619 Cain
2549 2564 2935 2635 judicabatur,
2996 2566 3231 2625 Lamech
3283 2587 3416 2627 vero
3468 2573 3524 2627 in

1956 2656 2266 2727 septuagies
2315 2666 2558 2726 septem;
2600 2660 2864 2728 quoniam
2923 2676 3099 2733 usque
3153 2664 3208 2718 in
3260 2667 3522 2721 saeculum

1953 2748 2232 2804 assimilati
2255 2749 2388 2805 Cain
2406 2753 2460 2807 in
2483 2752 2681 2809 invidia
2706 2756 2759 2809 in
2774 2758 2961 2812 odium
2991 2756 3521 2826 fraternum,eadern

1953 2840 2233 2909 punitione
2256 2843 2672 2912 judicabuntur.

2022 3010 2160 3069 Vlll.
2205 3034 2224 3067 ι
2259 3014 2328 3070 Ει
2358 3032 2456 3074 vos
2487 3019 2669 3089 igitur,
2709 3022 2803 3076 filii
2848 3024 2974 3089 mei,
3021 3023 3189 3095 fugite
3232 3029 3518 3096 malitiam,

1952 3103 2316 3177 invidiamque
2353 3120 2407 3165 et
2444 3113 2628 3167 odium
2665 3114 2987 3183 fraternum,
3018 3126 3073 3173 et
3125 3120 3393 3176 adhaerete
3425 3123 3521 3176 bo-

1951 3197 2105 3253 nitati
2149 3208 2204 3254 et
2243 3200 2540 3259 dilectioni.
2583 3204 2684 3273 Qui
2734 3208 2895 3263 habet
2944 3220 3177 3266 mentem
3222 3230 3411 3282 puram
3460 3217 3515 3271 in

1949 3290 2254 3361 dilectione,
2289 3312 2397 3350 non
2451 3297 2596 3359 videt
2635 3301 2913 3357 mulierem
2955 3303 3009 3358 in
3057 3303 3514 3363 fornicationem:

1948 3398 2056 3437 non
2082 3386 2225 3440 enim
2274 3388 2435 3442 habet
2478 3392 2910 3460 inquinationem
2952 3396 3004 3450 in
3042 3399 3225 3460 corde.
3254 3399 3516 3469 quoniam

1945 3475 2235 3543 requiescit
2275 3478 2328 3532 in
2360 3495 2425 3534 eo
2455 3482 2676 3550 spiritus
2708 3483 2823 3540 Dei.
2858 3484 3327 3552 Quemadmodum
3368 3492 3515 3547 enim

1945 3566 2025 3619 sol
2058 3582 2165 3621 non
2198 3568 2514 3639 inquinatur
2538 3574 2807 3645 attingens
2842 3586 3053 3634 stercus
3098 3581 3183 3634 vel
3222 3583 3513 3651 gurgitem,

1944 3658 2035 3713 sed
2060 3660 2234 3729 magis
2274 3663 2435 3716 ambo
2461 3663 2628 3719 siccat
2651 3676 2704 3719 et
2728 3667 2895 3737 abigit
2918 3667 3141 3723 fetorem
3164 3688 3181 3738 ;
3210 3672 3281 3725 ita
3301 3684 3352 3727 et
3377 3690 3512 3742 pura

1942 3764 2097 3805 mens
2125 3751 2178 3805 in
2211 3752 2680 3822 inquinationibus
2717 3768 2874 3813 terrae
2908 3760 3123 3815 detenta
3163 3764 3337 3833 magis
3383 3763 3513 3819 aedi-

1938 3843 2085 3910 ficat,
2119 3844 2232 3914 ipsa
2266 3862 2395 3901 vero
2429 3862 2538 3901 non
2568 3848 2904 3920 inquinatur.

2005 4000 2096 4056 IX.
2132 4023 2150 4055 ι
2189 4004 2435 4075 Intelligo
2460 4016 2637 4063 autem
2667 4019 2720 4064 et
2746 4012 2987 4068 actiones
3017 4015 3069 4068 iu
3103 4017 3254 4073 vobis
3280 4035 3389 4074 non
3418 4021 3510 4076 be-

1928 4110 2027 4148 nas
2052 4095 2185 4161 fore,
2218 4112 2246 4152 a
2285 4103 2632 4156 sermonibus
2674 4103 2859 4160 Enoeh
2887 4106 3042 4175 justi.
3076 4107 3505 4168 Fornieabimini

1929 4186 2072 4240 enim
2104 4187 2458 4247 fornicatione
2483 4192 2864 4264 Sodomorum,
2891 4209 2945 4252 et
2971 4200 3215 4268 perihitis
3242 4219 3413 4274 usque
3435 4206 3505 4261 ad

1926 4276 2089 4332 breve
2111 4279 2378 4350 (paucos),
2410 4292 2463 4337 et
2504 4288 2838 4343 renovabitis
2879 4276 3285 4349 in'mulieribus
3322 4307 3502 4353 motus

1927 4368 2284 4436 inordinatos,
2331 4382 2385 4428 et
2431 4391 2655 4446 regnum
2702 4379 2914 4435 Domini
2947 4399 3054 4437 non
3088 4385 3279 4448 erit,in
3307 4388 3497 4456 vobis;

1923 4461 2181 4529 quoniam
2205 4464 2492 4520 confestim
2527 4469 2613 4523 ille
2657 4471 2886 4541 accipiet
2922 4474 3076 4529 illud.
3111 4474 3499 4535 Verumtamen

1931 4622 2188 4700 rumdanl
2209 4622 2516 4700 Jndzeorum
2550 4627 2848 4700 sententiae,
2881 4629 2947 4683 de
2996 4631 3199 4700 quibus
3237 4632 3356 4687 vide
3396 4632 3503 4686 Fa-

1967 4694 2100 4769 iuin,
2149 4692 2591 4769 Cartwrightum,
2634 4698 2879 4767 aliosque
2908 4692 3236 4769 iin'Genes.
3290 4719 3362 4769 Iv,
3411 4705 3500 4759 15.

1973 4765 2035 4818 ed
2062 4764 2195 4839 bene
2222 4762 2613 4839 Cartvrrightus
2655 4762 2862 4839 notavit
2898 4768 3231 4839 Scripturam
3272 4762 3375 4827 loc.
3405 4774 3499 4828 cit.

1930 4842 2113 4903 aperte
2144 4833 2397 4913 loq_ui_de
2445 4848 2776 4913 pomatnon
2822 4833 3150 4913 ipsicaino,
3187 4842 3282 4896 sed
3328 4843 3376 4897 ei
3408 4844 3501 4913 qui

1930 4920 2054 4981 eum
2088 4904 2367 4981 occiderit,
2393 4905 2704 4981 infligenda.
2738 4904 2970 4981 Grandis
2997 4904 3215 4981 quoque
3244 4922 3328 4966 est
3349 4904 3503 4968 error

1929 4974 2351 5047 ehronologicus
2393 4976 2563 5047 nostri
2610 4978 2870 5043 auctoris,
2900 4974 3163 5035 diluvium
3185 4982 3267 5047 ,ad
3297 4999 3499 5037 annum

1926 5045 2397 5119 nongentesimum
2421 5046 2572 5100 Caini
2609 5048 2912 5114 referentis,
2950 5045 3243 5105 dummodo
3274 5052 3502 5119 ipsemet

1927 5114 1998 5191 ita
2030 5113 2335 5191 scripserit;
2389 5131 2705 5191 nam_v9ces
2745 5119 2838 5191 ἐπὶ
2876 5120 2970 5191 τοῦ
3017 5113 3397 5191 κατακλυσμοῦ
3444 5124 3499 5176 in

1926 5184 2222 5306 Oxonienlsi
2246 5186 2541 5257 exemplari
2563 5187 2751 5243 Graeco
2775 5190 2919 5244 haud
2944 5191 3217 5258 leguntur,
3245 5184 3308 5244 ut
3335 5193 3500 5248 modo

1926 5264 2129 5306 notavn.
2189 5272 2242 5306 ι).

1926 5264 2129 5309 notavn.
2165 5264 2242 5308 ID.

1996 5325 2108 5394 (15)
2141 5325 2355 5379 ”Οτι....
2401 5327 2802 5395 κριθήσονται.
2830 5328 3053 5384 Desunt.
3087 5328 3161 5384 In.

1996 5396 2108 5465 (16)
2134 5397 2448 5464 Βόρϐορον.
2477 5398 2723 5451 Βόθυνον.
2752 5398 2826 5454 lo.

1997 5466 2110 5588 (1'7)
2166 5466 2479 5538 Οἰκοδομεῖ
2524 5469 2744 5535 αὐτὸς,
2797 5469 2914 5523 καί.
2965 5471 3286 5544 Οἰκοδομεῖ,
3334 5474 3498 5538 αὐτὸς

2057 5553 2109 5588 ι).

1916 5536 1996 5591 δέ.
2035 5536 2109 5590 In.

1923 5679 1965 5732 Β
1993 5606 2125 5732 (18)ι
2166 5608 2276 5732 ἶζαί
2329 5609 2742 5666 ἀνανεώσεσθε
2796 5611 2863 5664 ἐν
2910 5617 3143 5683 γυναιξὶ
3173 5614 3491 5684 στρήνους.

1968 5693 2101 5732 esun
2131 5718 2143 5732 .
2198 5696 2250 5732 υ.

1968 5688 2143 5734 esunt.
2178 5688 2250 5734 ID.
