4038 6314
261 269 325 323 ﬂ
337 269 400 324 49

1413 271 1588 328 TEST
1597 272 1938 332 AMENTUM
1994 276 2340 342 BENJAMI'N.

3377 295 3517 354 μου

259 386 437 467 μένων
461 383 551 438 τὸν
573 384 774 456 Κύριον
792 404 804 416 ο
835 387 990 457 ὑμεῖς
1017 387 1072 440 δὲ
1100 388 1193 441 ἐὰν
1226 387 1527 460 πορεύησθε
1577 392 1632 443 ἐν
1663 392 1816 469 ,ἁγια-

1934 393 2125 452 l'aciem
2152 398 2387 466 Domini,
2418 419 2610 459 rursus
2651 403 2963 462 habitabilis
2994 407 3048 462 in
3073 423 3166 478 spe
3199 407 3255 463 in
3305 431 3393 473 me
3420 435 3435 474 ;
3465 427 3523 474 ας

257 479 380 549 σμῴ
422 478 563 532 κατὰ
600 481 886 550 πρόσωπον
922 482 1145 550 Κυρίου,
1181 481 1340 537 πάλιν
1381 485 1731 554 κατοικήσετε
1771 486 1827 538 ὲν

253 561 429 624 ἐλπίδι
457 573 514 625 ἐν
554 572 704 643 ἐμοί·
736 575 826 627 καὶ⁸
866 574 1260 646 συναχθήσεται
1301 574 1436 647 πρὸς
1478 576 1679 646 Κύριον
1723 579 1829 641 πᾶς

266 665 506 737 Ἰσραήλ.

327 758 428 809 lA'.
460 775 479 807 ‹
502 758 608 809 Καὶ
631 757 730 809 οὐκ
756 756 834 812 έτι
855 759 1192 831 κληθήσομαι
1218 760 1378 825 λύκος
1401 762 1602 834 ἅρπαξ,
1627 763 1713 817 διὰ
1730 764 1858 828 τὰς·

251 845 511 916 ἁρπαγὰς
535 847 708 917 ὑμῶν,
731 849 844 902 ἀλλ’
887 851 1123 922 ἐργάτης
1166 853 1390 922 Κυρίου,
1420 854 1662 908 διαδιδὼν
1699 873 1825 925 τρο-

249 938 360 1008 φὴν
383 941 490 1002 τοῖς
528 940 908 1010 ἐργαζομένοις
950 941 1009 993 τὸ
1055 941 1273 1009 ἀγαθόν.
1319 945 1426 998 Καὶ
1465 947 1825 1016 ἀναστήσεται

247 1028 314 1080 ὲκ
338 1026 433 1080 τοῦ
462 1029 771 1100 σπέρματός
799 1047 900 1101 μου
945 1032 1002 1083 ἐν
1046 1033 1290 1104 ὑστέροις
1313 1039 1521 1107 καιροῖς
1545 1035 1826 1107 ἀγαπητὸς

246 1120 479 1191 Κυρίου,
508 1122 718 1175 ἁκούων
757 1125 853 1197 τὴν
901 1126 1011 1198 (ὗὲ)
1040 1129 1218 1200 φωνὴν
1261 1129 1444 1194 αὐτοῦ,
1488 1131 1684 1197 γνῶσιν
1714 1129 1823 1202 (55)

245 1213 443 1285 καινὴν
470 1215 715 1284 φωτίζων
743 1219 918 1273 πάντα
953 1219 1022 1273 τὰ
1065 1219 1211 1291 ἔθνη,
1240 1221 1354 1289 φῶς
1378 1219 1629 1290 γνώσεως
1653 1225 1825 1295 ἐπεμ-

242 1306 448 1362 ϐαίνων
473 1309 580 1381 (54)
607 1312 663 1362 ὲν
690 1312 929 1384 σωτηρίᾳ
952 1314 1029 1385 τῷ
1069 1313 1300 1386 Ἰσραὴλ,
1330 1316 1423 1368 καὶ
1461 1316 1719 1386 ἁρπάζων
1749 1318 1824 1383 ὡς

239 1397 412 1464 λύκος
434 1401 528 1453 ἀπ’
549 1401 725 1454 αὐτῶν
741 1419 754 1430 ·
774 1403 866 1455 καὶ
891 1404 1063 1468 διδοὺς
1081 1407 1146 1475 τῇ
1167 1406 1461 1478 Συναγωγῇ
1484 1407 1592 1461 τῶν
1622 1408 1788 1462 ἐθνῶν
1805 1425 1818 1441 ο

239 1491 336 1542 καὶ
363 1490 466 1554 ἕως
491 1491 796 1556 συντελείας
836 1493 945 1546 τῶν
988 1493 1197 1548 αἰώνων
1239 1495 1390 1548 ἕσται
1439 1498 1494 1549 ὲν
1536 1497 1656 1560 ταῖς
1701 1515 1823 1550 συν-

239 1583 488 1647 αγωγαῖς
512 1580 617 1649 τῶν
642 1581 828 1646 ἐθνῶν,
876 1583 968 1636 καὶ
1015 1584 1070 1635 ἐν
1108 1585 1220 1646 τοῖς
1251 1583 1505 1654 ἄρχουσιν
1545 1585 1721 1638 αὐτῶν
1746 1586 1822 1648 ὡς

242 1673 503 1739 μουσικὸν
532 1674 690 1744 μέλος
733 1677 790 1730 ὲν
837 1676 1059 1746 στόματι
1102 1677 1315 1730 πάντων
1339 1695 1352 1707 ’
1399 1678 1492 1731 καὶ
1527 1680 1583 1731 ὲν
1620 1678 1820 1750 βίϐλοις

235 1767 364 1827 ταῖς
387 1765 570 1833 ἁγίαις
611 1765 761 1821 ἔσται
805 1768 1084 1839 ἁναγραφό
1094 1786 1270 1840 μενος,
1296 1771 1393 1823 καὶ⁴
1435 1771 1497 1824 τὸ
1519 1771 1699 1843 ἔργον,
1727 1773 1821 1825 καὶ

235 1859 266 1909 ὁ
289 1857 448 1926 λόγος
472 1858 663 1912 αὐτοῦ’
693 1861 788 1913 καὶ
811 1860 961 1914 ἔσται
987 1861 1239 1926 ἐκλεκτὸς
1263 1862 1397 1916 Θεοῦ
1444 1864 1547 1927 ἕως
1574 1863 1666 1916 τοῦ
1691 1864 1823 1918 αἰῶ-

235 1967 360 2013 νος·
395 1950 489 2002 καὶ
511 1950 578 2003 δι’
605 1950 768 2004 αὐτὸν
811 1952 1052 2005 συνέτισέ
1081 1971 1147 2023 με
1190 1953 1381 2008 Ἰακὼϐ
1420 1956 1448 2008 ὁ
1489 1959 1669 2028 πατήρ
1695 1973 1818 2027 μου,

236 2040 444 2110 λέγων·
481 2061 499 2094 ι
531 2043 700 2106 Αὐτὸς
725 2043 1101 2115 ἀναπληρώσει
1121 2045 1190 2100 τὰ
1223 2048 1570 2119 ὑστερήματα
1595 2047 1694 2118 τῆς
1717 2067 1818 2118 φυ-

236 2131 340 2202 λῆς
365 2151 476 2187 σου.
512 2155 530 2185 ι

303 2227 405 2277 lB'.
435 2227 544 2280 Καὶ
581 2227 656 2290 ὡς
697 2228 979 2300 ἐπλήρωσε
1018 2230 1142 2293 τοὺς
1178 2229 1369 2299 λόγους
1407 2231 1592 2295 αὐτοῦ,
1631 2227 1814 2286 εἷπεν·

239 2336 258 2368 ι
316 2318 660 2387 Ἐντέλλομαι
703 2321 850 2390 ὑμῖν,
877 2321 1040 2373 τέκνα
1085 2339 1206 2392 μου,
1238 2321 1564 2390 ἀνενέγκατε
1597 2323 1666 2377 τὰ
1687 2325 1820 2378 ὀστᾶ

236 2426 344 2478 μου
373 2409 428 2475 ἐξ
453 2409 746 2490 Αἰγύπτου,
783 2413 876 2466 καὶ
915 2412 1120 2481 θάψατέ
1159 2431 1224 2484 με
1270 2416 1349 2478 είς
1393 2415 1616 2488 Χεϐρὼν
1655 2419 1819 2486 ἐγγὺς

229 2500 347 2554 τῶν
373 2503 620 2574 πατέρων
651 2523 770 2576 μου.
810 2525 828 2557 ι
855 2507 962 2561 Καὶ
985 2508 1220 2560 ἀπέθανε
1243 2507 1499 2580 Βενιαμὶν
1527 2518 1634 2582 ρκε¹
1660 2512 1814 2577 ἐτῶν,

231 2595 294 2646 ὲν
322 2595 480 2665 γήρει
505 2595 673 2667 καλῷ,
719 2598 812 2650 καὶ
843 2597 1043 2668 ἔθηκαν
1067 2599 1228 2653 αὑτὸν
1263 2602 1318 2654 έν
1346 2601 1641 2675 παραθήκῃ
1683 2602 1812 2674 (55).

233 2689 349 2741 Καὶ
375 2691 432 2742 ἐν
457 2690 534 2761 τῷ
558 2691 893 2762 ἐνενηκοστῷ
931 2692 1040 2745 ἔτει
1084 2693 1184 2763 τῆς
1218 2693 1394 2759 ἐξόδου
1421 2693 1530 2766 (56)
1553 2695 1660 2749 τῶν
1688 2697 1816 2749 υἱῶν

245 2780 465 2851 Ἰσραὴλ
508 2782 566 2848 ἐξ
611 2783 905 2851 Αἰγύπτου,
931 2786 1084 2838 αὐτοὶ
1120 2787 1214 2838 καὶ
1260 2788 1310 2839 οἱ
1349 2786 1566 2856 ἀδελφοὶ
1613 2788 1811 2853 αὐτῶν,

229 2872 507 2942 ἀνήγαγον
530 2874 597 2927 τὰ
620 2877 752 2928 ὀστᾶ
789 2876 896 2930 τῶν
942 2879 1189 2950 πατέρων
1232 2879 1408 2933 αὐτῶν
1436 2882 1493 2934 ἐν
1529 2885 1730 2953 κρυφῇ,
1759 2884 1816 2935 ἐν

228 2968 384 3037 τύπῳ
409 2967 681 3040 λεγομένῳ
710 2968 820 3040 (57)
851 2972 1100 3025 Χαναὰν·
1155 2974 1246 3026 καὶ
1280 2973 1485 3044 ἔθαψαν
1526 2976 1721 3038 αὐτοὺς
1758 2977 1817 3029 ὲν

1933 493 2353 562 congregabitur
2376 497 2555 552 omnis
2577 497 2742 554 lsrael
2764 499 2832 554 ad
2855 499 3166 556 Dominum.

1997 762 2086 816 XI.
2123 784 2141 815 ι
2173 765 2239 820 Et
2262 767 2370 822 non
2414 767 2648 837 amplius
2681 767 2916 822 vocabor
2956 768 3116 837 lupus
3155 781 3346 836 rapax,
3370 779 3503 836 proa

1926 862 2046 923 pter
2071 858 2290 926 rapinas
2318 868 2548 918 vestras.
2589 858 2682 913 sed
2713 866 2964 929 operator
2991 857 3225 923 Domini,
3255 857 3500 911 tribuens

1925 947 2108 1002 cibum
2153 950 2502 1019 operantibus
2548 951 2770 1006 bonum.
2817 950 2883 1005 Et
2922 950 3273 1007 suscitabitur
3305 965 3369 1003 ex
3416 962 3500 1002 se-

1926 1040 2072 1094 mine
2105 1056 2227 1095 nieo
2270 1042 2323 1095 in
2361 1043 2619 1098 extremis
2643 1042 2974 1112 temporibus
3001 1041 3230 1096 dilectus
3259 1037 3496 1106 Domini,

1925 1131 2152 1187 audiens
2197 1147 2388 1187 vocem
2441 1133 2590 1203 ejus,
2640 1135 2951 1203 cognitione
2991 1149 3132 1188 nova
3179 1130 3496 1185 illuminans

1923 1241 2116 1281 omnes
2143 1234 2349 1297 gentes,
2378 1226 2551 1281 lucem
2593 1227 2918 1296 cognitionis
2965 1225 3266 1280 accendens
3310 1221 3494 1278 lsraeli

1926 1313 1980 1366 in
2007 1315 2256 1380 salutem,
2279 1325 2332 1369 et
2351 1315 2568 1385 rapiens
2591 1327 2650 1370 ut
2670 1317 2830 1386 lupus
2851 1316 2921 1382 ab
2944 1315 3096 1385 ipsis,
3119 1323 3174 1370 et
3196 1315 3334 1369 dans
3357 1312 3496 1384 Syn-

1925 1423 2106 1478 agogae
2132 1411 2400 1481 gentium;
2445 1419 2499 1464 et
2537 1425 2709 1479 usque
2753 1409 2807 1464 iii
2840 1408 3363 1465 consummationem
3394 1423 3495 1462 saa-

1924 1502 2172 1558 culorum
2201 1505 2306 1558 erit
2340 1503 2394 1556 in
2433 1502 2725 1574 synagogis
2753 1502 3009 1572 gentium,
3037 1510 3091 1555 et
3138 1501 3192 1555 in
3233 1499 3494 1570 principi-

1922 1597 2025 1654 bus
2048 1613 2234 1652 earum
2269 1598 2407 1652 sicut
2440 1596 2707 1651 musicum
2738 1595 2904 1651 melos
2934 1596 2988 1648 in
3016 1610 3109 1649 ore
3137 1592 3412 1656 omnium;
3438 1598 3493 1644 et

1922 1689 1976 1742 in
2009 1689 2162 1743 libris
2193 1691 2396 1743 sanctis
2434 1688 2538 1742 erit
2580 1687 2893 1755 inscriptus,
2925 1694 2979 1740 et
3027 1699 3185 1755 opus,
3222 1692 3274 1738 et
3309 1697 3492 1737 sermo

1852 1747 1893 1802 Β
1921 1785 2068 1854 ejus;
2094 1791 2147 1838 et
2175 1785 2277 1838 erit
2307 1783 2510 1837 electus
2539 1781 2633 1835 Dei
2659 1795 2832 1850 usque
2863 1781 2916 1833 in
2943 1778 3238 1834 saeculum:
3272 1786 3326 1832 et
3363 1792 3490 1847 pro-

1921 1888 2037 1947 pter
2067 1877 2242 1946 ipsum
2268 1874 2525 1930 instruxit
2544 1913 2546 1916 -
2566 1888 2651 1926 me
2675 1881 2831 1940 pater
2859 1885 3017 1926 meus
3050 1868 3239 1936 Jacob,
3262 1869 3446 1925 dicens
3470 1885 3486 1923 :

1929 1987 1945 2020 ι
1980 1966 2098 2037 Ipse
2120 1964 2349 2033 replebit
2373 1963 2616 2019 defectus
2646 1962 2822 2017 tribus
2850 1971 2972 2015 tua.
3006 1978 3026 2010 ι

1989 2237 2102 2292 ΧΠ.
2132 2236 2198 2292 Ει
2223 2244 2282 2291 ut
2304 2233 2544 2304 implevit
2565 2245 2846 2288 sermones
2869 2244 3018 2295 suos,
3041 2227 3178 2282 dixit
3204 2247 3217 2282 :
3245 2245 3264 2279 ι
3294 2227 3490 2283 Mando

1919 2334 2093 2400 vobis,
2129 2331 2224 2386 lilii
2255 2330 2380 2394 mei,
2417 2327 2613 2383 referte
2643 2340 2767 2380 ossa
2793 2339 2911 2378 mea
2940 2339 3006 2377 ex
3030 2319 3286 2395 Egypto,
3314 2330 3370 2378 et
3403 2338 3489 2377 se-

1918 2425 2075 2495 pelite
2091 2425 2244 2479 mein
2260 2420 2474 2477 Hebron
2499 2434 2662 2490 prope
2691 2426 2871 2487 patres
2893 2431 3066 2472 meos.
3091 2436 3111 2468 ι
3143 2415 3209 2470 Ει
3237 2425 3487 2471 mortuus

1917 2529 1999 2574 est
2036 2516 2317 2586 Beniamin
2368 2523 2586 2570 centum
2625 2510 2815 2582 viginti
2843 2525 3113 2565 annorum
3158 2518 3222 2565 et.
3247 2508 3489 2578 quinque

1917 2614 1971 2667 in
2003 2617 2277 2666 senectute
2301 2609 2471 2673 bona;
2497 2615 2549 2660 et
2588 2613 2886 2671 posuerunt
2909 2618 3032 2656 eum
3060 2601 3115 2654 in
3141 2601 3319 2655 theca.
3344 2599 3409 2652 Et
3429 2599 3486 2653 in

1918 2703 2265 2773 nonagesimo
2296 2700 2471 2770 primo
2497 2715 2640 2753 anno
2667 2705 2790 2751 ante
2823 2695 3026 2750 exitum
3055 2694 3289 2747 ﬁliorum
3320 2691 3486 2747 Israel

1915 2814 1980 2853 ex
2005 2796 2260 2868 Egypto,
2293 2795 2395 2864 ipsi
2433 2802 2485 2847 et
2527 2791 2722 2846 fratres
2758 2805 2946 2845 eorum
2986 2788 3320 2843 reduxerunt
3358 2799 3485 2839 ossa

1915 2899 2130 2960 patrum
2177 2902 2402 2944 suorum
2446 2886 2500 2939 in
2546 2884 2886 2949 abscondito,
2937 2881 2993 2935 in
3048 2880 3230 2935 locum
3277 2877 3484 2934 dictum

1916 2983 2208 3044 Chanaan;
2241 2987 2295 3034 et
2324 2978 2686 3047 sepeliverunt
2721 2990 2817 3030 eos
2853 2973 2907 3027 in
2941 2973 3178 3036 Hebron,
3206 2971 3360 3042 juxta
3389 2984 3482 3039 pe-

229 3057 477 3129 Χεϐρὼν,
507 3059 657 3131 παρὰ
698 3062 823 3124 τοὺς
858 3063 1025 3126 πόδας
1052 3062 1159 3117 τῶν
1189 3065 1439 3136 πατέριον
1474 3068 1669 3120 αὐτῶν.
1699 3069 1808 3120 Καὶ

1914 3083 2006 3137 des
2035 3083 2247 3145 patrum
2280 3086 2528 3127 suorum.
2566 3067 2632 3122 Et
2670 3069 2772 3138 ipsi
2826 3067 3029 3124 reversi
3070 3073 3198 3121 sunt.
3235 3081 3302 3119 ex
3339 3077 3481 3119 terra

229 3150 389 3203 αὐτοὶ
438 3151 773 3223 ἐπέστρεψαν
807 3153 871 3205 ὲκ
923 3153 1029 3222 γῆς
1075 3153 1314 3217 Χαναὰν,
1350 3156 1442 3207 καὶ
1487 3154 1707 3226 ᾤκησαν
1746 3156 1804 3208 ἐν

1914 3175 2190 3231 Chanaan,
2212 3176 2265 3222 et
2294 3166 2672 3218 habitaverunt
2703 3165 2754 3216 in
2785 3161 3018 3233 Egypto
3047 3175 3227 3233 usque
3247 3160 3314 3216 ad
3338 3158 3484 3214 diem

225 3241 510 3314 Αἰγύπτῳ,
549 3243 652 3307 ἕως
694 3245 903 3316 ἡμέρας
949 3244 1125 3313 ἐξόδου
1169 3246 1347 3300 αὐτῶν
1392 3249 1454 3300 ἐκ
1491 3247 1596 3318 γῆς
1635 3247 1800 3316 Αίγύοι

225 3349 369 3387 πτου
378 3374 390 3386 .

369 3449 546 3517 Τέλος
572 3450 688 3505 τῶν
713 3453 781 3505 ιϐ’
806 3451 1102 3522 διαθηκῶν
1133 3452 1250 3507 τῶν
1272 3453 1414 3508 υἱῶν
1451 3454 1669 3508 Ἰακώϐ.

225 3649 412 3718 timent
442 3645 626 3701 Deum.
657 3667 675 3698 ι
712 3647 859 3702 Facti
902 3663 1008 3703 non
1060 3648 1151 3702 lilii
1202 3649 1254 3702 in
1303 3657 1455 3718 parte
1496 3651 1798 3707 timentium

224 3717 542 3788 Dominum,
575 3719 785 3788 ihabet
820 3727 1046 3788 uterque
1080 3720 1248 3774 codex
1281 3717 1384 3774 ms.
1427 3723 1560 3776 adeo
1597 3731 1655 3775 ut
1687 3721 1800 3777 Ro-

223 3787 417 3842 hertus
452 3803 549 3855 pro
579 3784 691 3854 οὖν,
726 3791 871 3858 quod
905 3784 1176 3844 in'Gramo
1223 3788 1394 3846 Oxon.
1441 3792 1690 3856 habetur,
1726 3794 1804 3849 le-

223 3858 375 3927 gisse
405 3858 650 3931 videatur
677 3860 735 3913 οὺ
766 3863 847 3928 (ut
869 3859 1063 3928 legitur
1086 3860 1139 3913 in
1173 3876 1274 3915 ms.
1301 3861 1422 3916 cod.
1453 3861 1626 3931 Trin.)
1663 3879 1800 3918 cun-

222 3939 422 4001 ctaque
450 3929 567 4001 haec
587 3933 748 4001 verba
781 3931 846 3984 ad
871 3931 1256 4001 praecedentem
1291 3932 1570 4001 periodum
1605 3929 1801 3989 retule-

223 3999 308 4053 rit.
331 3996 463 4074 ’δρᾶ
501 4000 567 4074 _in_
611 3999 815 4074 Graaco
845 3996 1031 4074 codice
1070 3999 1243 4074 Oxon.
1291 3996 1324 4057 a
1369 4019 1498 4058 voce
1522 4004 1800 4074 γενόμενοι

223 4084 366 4140 nova
407 4069 596 4138 incipit
639 4073 910 4140 periodus,
939 4072 1095 4140 cujus
1131 4071 1364 4140 primum
1397 4069 1552 4128 colon
1591 4069 1663 4129 ita
1698 4075 1800 4129 La-

222 4139 338 4194 tine
367 4148 449 4214 est
477 4139 808 4214 resiliendum
837 4161 849 4196 :
884 4139 1026 4214 Estis
1063 4139 1263 4212 itaque,
1305 4143 1421 4212 lilii,
1455 4145 1510 4199 in
1549 4156 1704 4214 parte
1732 4147 1799 4201 ti-

225 4211 491 4264 mentium
534 4211 840 4266 Dominum.
881 4212 1049 4268 GRAB.

291 4281 411 4354 (ξὲ)
451 4281 583 4354 ζῆν)
631 4284 751 4336 Ἐπὶ
776 4284 878 4354 γῆς
904 4285 1026 4338 add.
1053 4284 1105 4338 in
1126 4300 1227 4337 ms.
1269 4284 1419 4340 Trin.
1453 4285 1527 4342 lo.

1909 3265 2086 3320 exitus
2120 3274 2308 3317 eorum
2337 3257 2404 3311 de
2434 3265 2578 3310 terra
2605 3253 2844 3325 Egypti.

2012 3459 2126 3532 (58)
2153 3457 2304 3512 Finis
2335 3455 2784 3512 Testamentorum
2814 3467 2890 3507 xu
2914 3451 3154 3521 ﬁliorum
3184 3448 3370 3505 Iacob.

1980 3661 2092 3731 (56)
2127 3660 2235 3731 Καὶ
2261 3660 2330 3712 ἐν
2350 3657 2428 3723 τῷ
2453 3652 2826 3731 ἐνεγηκοστῷ
2849 3653 2965 3731 ἔτει
2990 3649 3097 3731 τῆς
3119 3647 3350 3731 segem).
3376 3645 3477 3702 Ms.

1909 3721 2058 3786 Trin.
2076 3721 2134 3784 ἒν
2151 3730 2229 3802 τῷ
2247 3721 2578 3802 ἐνενηκοστῷ
2600 3721 2976 3802 πρῴτῳεᾘως
2995 3730 3174 3802 auten}
3200 3721 3480 3802 Deﬂecor-

1909 3785 2049 3857 rexit
2082 3785 2432 3856 doctissimus
2465 3785 2565 3851 Dn'.
2601 3785 2927 3871 Dodwcllus.
2960 3792 3128 3871 ln.—-—:
3159 3788 3215 3842 In
3263 3785 3478 3871 Tgbulis

1909 3856 2115 3930 scilicet
2141 3871 2539 3940 chronologicis,
2567 3869 2633 3922 ad
2661 3875 2894 3940 mentem
2923 3859 3161 3940 auctoris
3188 3875 3261 3939 sui
3290 3856 3479 3940 Testa-

1908 3928 2204 3998 mentorum
2233 3928 2490 4003 exaratis,
2519 3928 2672 4008 quasi
2703 3936 2951 4008 consulat
2996 3935 3182 4008 lector,
3212 3929 3257 3983 si
3307 3928 3477 4008 lubet,

1907 4015 2048 4085 apud
2101 4015 2274 4082 ipsum
2327 3998 2582 4085 Grabium
2642 4006 2826 4076 Spicil.
2872 3998 3476 4085 tom._"l,_pa_‘gg._3.66

1909 4069 2060 4155 seqq.
2093 4069 2320 4155 Easdem
2355 4081 2567 4155 tabulas
2595 4069 2901 4155 contractas
2933 4073 3157 4155 exhibet.
3188 4069 3477 4155 fanbricius

1907 4140 2039 4209 (Ιοῖιῖ
2069 4153 2409 4223 Pscudepigr.
2452 4150 2563 4223 Yet.
2598 4149 2745 4223 Teii:
2770 4157 2904 4223 tom.
2933 4143 2973 4211 l,
3003 4158 3157 4223 pagg.
3188 4140 3290 4194 749
3319 4155 3473 4210 seqq.

1975 4225 2088 4316 ἓξὲξ
2122 4215 2284 4316 Idm-'3
2307 4215 2763 4316 mare?
2779 4215 3140 4316 τεῖΞὲιέξρόἔΡέ.
3458 4273 3480 4314 .ο

1973 4295 2089 4366 (58)
2122 4296 2181 4349 Ιιι
2221 4290 2407 4366 codice
2439 4293 2510 4346 b2
2550 4293 2664 4345 haec
2698 4290 2765 4343 ad
2811 4290 2973 4366 linem
3017 4297 3144 4340 sunt
3176 4290 3408 4366 ascripta
3458 4301 3472 4338 :

291 4351 845 4435 (ὖῦλξνῶσςνἏΚαϊ
884 4354 1048 4435 ποιῶν
1094 4355 1340 4411 εὐδοκίαν
1376 4357 1675 4430 θελήματος
1704 4359 1799 4414 αύ-

1914 4351 2208 4435 Εεέρίίἑὶιιηι
2247 4363 2578 4419 Testamenta
2605 4378 2691 4435 gul
2717 4361 3143 4435 patriarcharum
3186 4351 3472 4435 secundum

221 4420 338 4486 τοῦ,
371 4421 492 4476 add.
532 4423 652 4477 cod.
689 4422 864 4478 Oxon.
892 4424 966 4479 lo.

455 4493 869 4566 Ἑπεμϐαίνων.
905 4495 1171 4566 Λάμπων.
1201 4496 1276 4552 lu.

250 4602 252 4604 τ
295 4563 413 4633 (55)
446 4565 784 4635 Παραθήκῃ.
816 4563 1281 4640 [lupata-ratein.
1311 4568 1363 4612 In

1907 4426 2307 4561 tra'nslatialnem
2345 4436 2544 4490 domini
2593 4426 2807 4489 Robcrti
2839 4431 3178 4494 Grosseteste,
3226 4426 3469 4483 Lincoln.

1907 4524 2147 4561 episcom.
2206 4524 2255 4561 υ.

1904 4524 2147 4577 episcopi.
2182 4524 2255 4563 ID.
