4038 6314
289 302 410 359 1161

1258 298 1592 357 EPISTULA
1639 300 1730 355 AD
1778 301 2200 363 DlOGNETUM.
2241 336 2310 347 —
2346 305 2704 363 PROUSMIA.

3400 318 3536 376 1162

350 418 415 471 Et
442 413 679 485 primum
707 412 929 484 quidem
948 415 1084 469 satis
1112 424 1299 486 aperte
1327 416 1512 486 prodit
1539 426 1732 472 auctor
1749 417 1850 488 (5),
1880 432 1927 491 Α
1956 426 2053 489 pta
2084 419 2197 491 (11)
2221 438 2237 487 ;
2266 430 2327 475 ut
2355 421 2586 492 proinde
2612 433 2991 493 argumentum
3025 423 3158 483 illud
3188 429 3331 501 quod
3360 448 3427 487 ex
3469 451 3537 490 co

281 508 655 580 apostolorum
697 507 1001 577 disciplina:
1054 523 1176 564 sese
1225 508 1523 575 addixisse,
1550 524 1853 580 eorumque

279 599 553 655 exstitisse
579 596 906 654 auditorem.
925 598 1259 653 Ἀποστὸλων
1279 597 1570 670 γενόμενος
1589 599 1857 673 μαθητὴς,

281 691 497 762 γίνομαι
526 689 841 756 διδάσκαλος
867 690 1086 747 ὲθνῶν.ι
1113 690 1250 745 Cum
1274 688 1467 745 fuerim
1491 691 1857 760 apostolorum

280 784 602 852 discipulus,
626 784 698 838 ﬁo
727 784 969 854 gentium
998 784 1206 839 doctor.
1241 803 1258 832 ι
1285 782 1439 850 Quod
1464 800 1597 840 sane
1618 798 1728 839 non
1750 784 1857 841 nisi

280 876 571 931 admodum
619 876 914 946 improprie
944 877 1011 932 de
1037 875 1253 933 Iustino
1274 876 1400 946 quis
1428 877 1643 932 dixerit.

347 969 552 1024 Deinde
583 968 954 1024 Christianam
1004 970 1325 1041 religionem
1370 984 1564 1025 recens
1607 976 1855 1025 exortam

282 1061 485 1131 saepius
520 1060 759 1115 inculcat
788 1073 977 1115 noster
1003 1060 1343 1132 Anonymus.
1377 1060 1679 1129 Alloquens
1709 1061 1856 1114 enim

280 1152 603 1225 Diognetum
635 1153 738 1207 sub
779 1152 996 1207 initium
1039 1150 1295 1222 Epistolas
1340 1150 1416 1221 (6)
1450 1169 1465 1205 :
1503 1170 1522 1202 ‹
1561 1150 1735 1206 Video
1780 1159 1854 1216 te,

278 1244 477 1315 inquit,
524 1244 793 1300 acerrimo
840 1244 1023 1299 studio
1078 1244 1249 1299 teneri
1306 1243 1573 1306 discendi,
1614 1243 1738 1313 quis
1785 1243 1856 1298 slt

277 1336 497 1394 divinus
548 1338 981 1393 Christianorum
1026 1337 1226 1401 cultus,
1262 1344 1319 1392 et
1372 1352 1473 1391 cur
1517 1352 1715 1391 novum
1748 1336 1855 1391 hoc

278 1446 453 1501 genus
479 1439 575 1485 aut
599 1430 907 1486 institutum
933 1429 985 1483 in
1020 1429 1470 1484 consuetudinem
1502 1428 1689 1483 venire
1709 1442 1855 1482 nunc

276 1521 527 1592 emperit,
558 1530 612 1576 et
644 1537 749 1575 non
780 1522 999 1591 prius...
1040 1540 1057 1571 ι
1095 1518 1159 1572 Ti
1210 1518 1429 1590 δήποτε
1471 1518 1656 1571 καινὸν
1697 1517 1854 1570 τοῦτο

274 1614 432 1683 γένος
477 1612 511 1685 ἢ
556 1614 893 1686 ἐπιτήδευμα
949 1612 1197 1684 εἰσῆλθεν
1231 1614 1310 1677 εἰς
1335 1611 1426 1665 τὸν
1454 1612 1565 1683 βίον
1614 1610 1729 1675 νῦν,
1758 1610 1852 1665 καὶ

275 1706 339 1759 οὐ
399 1705 682 1778 πρότερον.
732 1704 801 1760 Ει
836 1720 961 1759 mox
993 1705 1045 1758 in
1076 1705 1321 1760 eamdem
1366 1705 1690 1759 sententiam
1729 1704 1804 1769 (7)
1834 1724 1846 1756 :

1962 508 2303 565 Clementino
2341 512 2462 567 loco
2494 512 2561 567 ad
2607 517 2870 583 temporis
2898 506 3235 574 notationem
3266 520 3534 577 deﬁnien-

1960 599 2084 656 dam
2128 602 2379 671 superius
2407 603 2654 659 eruimus
2675 604 2809 674 (1‘2),
2834 605 2974 661 idem
2998 623 3239 679 quoque,
3267 613 3333 666 ad
3357 614 3533 669 nostri

1959 690 2232 763 Anonymi
2264 702 2476 749 aetatem
2504 696 2649 765 quod
2682 697 2893 762 attinet,
2911 701 3213 770 urgendum
3241 704 3532 762 videatur:

1959 785 2204 856 adeoque
2230 785 2402 856 ipsius
2433 786 2671 857 Epistola
2699 796 2758 842 ut
2787 790 3024 846 maxime
3044 791 3247 849 Christi
3279 810 3424 851 anno
3437 797 3528 864 69,

1960 876 2239 949 illiganda,
2306 886 2399 932 aut
2446 879 2599 934 ocius
2645 880 2808 935 etiam
2857 880 3109 949 fortasse,
3156 888 3303 955 quod
3360 890 3533 961 magis

1958 968 2153 1038 placet,
2186 979 2245 1023 ut
2273 983 2339 1023 ex
2377 983 2500 1024 mox
2541 969 2789 1026 dicendis
2818 982 3154 1043 compertum
3185 976 3294 1031 ﬁet.

2028 1061 2189 1116 Aliud
2244 1063 2488 1131 insuper,
2522 1072 2575 1118 et
2604 1078 2726 1119 meo
2755 1067 2973 1134 quidem
3008 1069 3213 1137 animo,
3245 1070 3387 1125 haud
3417 1072 3533 1126 leve

1957 1150 2219 1207 indicium
2262 1156 2500 1224 suppetit
2537 1171 2603 1211 ex
2635 1157 2820 1211 eadem
2856 1157 3117 1228 Epistola,
3148 1163 3351 1217 nemini
3386 1164 3533 1234 quod

1958 1243 2127 1298 sciam
2162 1244 2427 1301 hactenus
2458 1247 2920 1316 animadversum,
2940 1266 3048 1320 quo
3071 1253 3381 1322 conjectura
3407 1271 3535 1325 pro-

1957 1333 2134 1404 posita
2176 1334 2242 1390 de
2285 1336 2456 1406 ipsius
2495 1348 2717 1394 auctore
2740 1341 2858 1395 viro
2890 1344 3190 1411 apostolico
3220 1346 3395 1415 magis
3418 1363 3535 1401 ma-

1957 1427 2151 1496 gisque
2179 1430 2465 1484 astruitur.
2493 1429 2623 1485 Belli
2656 1432 2913 1487 nimirum
2941 1436 3085 1503 quod
3118 1446 3247 1492 tunc
3270 1439 3533 1508 temporis

1954 1511 2123 1572 Judaei
2181 1518 2348 1572 simul
2396 1528 2451 1574 et
2498 1520 2669 1576 Graeci
2713 1523 2975 1578 adversus
3001 1522 3345 1581 Christianos
3374 1542 3531 1597 gete-

1954 1607 2105 1674 baut,
2136 1611 2385 1665 meminit
2423 1622 2611 1667 noster
2634 1613 2955 1684 Anonymus
2985 1615 3138 1669 hisce
3162 1617 3341 1671 verbis
3373 1617 3485 1685 (15)
3513 1636 3528 1671 :

1966 1697 2101 1751 Ὑπὸ
2140 1699 2407 1754 Ἰουδαίων
2437 1700 2512 1765 ὡς
2566 1700 2850 1771 ἀλλόφυλοι
2882 1703 3261 1775 πολεμοῦνται,
3294 1708 3386 1760 καὶ
3426 1707 3533 1760 ὑπὸ

283 1816 302 1848 ι
330 1797 626 1868 Postquam
656 1796 831 1853 iactus
860 1796 1052 1862 fueris,
1084 1798 1229 1853 velut
1256 1797 1323 1852 ab
1343 1797 1518 1865 initio,
1545 1799 1839 1853 novusho-

1954 1770 2221 1862 Ἐλλήνων
2244 1789 2548 1845 διώκονταιο
2571 1793 2665 1846 καὶ
2686 1793 2782 1864 τὴν
2811 1795 2987 1849 αἰτίαν
3130 1794 3222 1867 ἔχθ
3232 1814 3330 1869 ρας
3354 1799 3530 1851 εἰπεῖν

278 1904 393 1954 mo,
424 1898 607 1959 utpote
649 1889 919 1945 sermonis
971 1889 1120 1949 novi.
1158 1890 1301 1944 sicut
1330 1900 1383 1943 et
1420 1890 1533 1959 ipse
1562 1888 1848 1945 confessus

279 1995 365 2045 es,
382 1981 597 2035 auditor
618 1978 835 2035 futurus
856 1999 874 2033 ι
888 2021 921 2034 ..
934 2019 973 2036 ..
987 1979 1147 2049 λόγου
1172 1979 1359 2034 καινοῦ
1376 1981 1648 2053 ἀκροατὴς
1665 1981 1858 2053 ὲσὸμε-

277 2088 390 2136 νος.
422 2070 818 2143 Nonnullisque
870 2072 1192 2142 interjectis,
1252 2073 1454 2129 clarius
1495 2074 1675 2129 adhuc
1708 2074 1849 2129 idem

276 2163 571 2219 conﬁrmat
601 2163 686 2218 his
713 2163 890 2219 verbis
914 2162 995 2235 (8)
1023 2181 1036 2218 ε
1076 2181 1094 2214 ι
1131 2160 1266 2217 Cum
1314 2163 1584 2233 superiori
1614 2172 1854 2234 tempore

276 2252 426 2309 Deus
452 2270 551 2309 nos
575 2254 922 2319 convicisset,
951 2270 1060 2309 non
1085 2269 1248 2326 posse
1276 2255 1443 2310 vitam
1470 2256 1730 2326 consequi
1759 2273 1856 2311 na-

275 2354 459 2401 turam
501 2355 766 2410 nostram,
799 2363 943 2403 nunc
984 2360 1161 2403 autem
1196 2347 1539 2404 Servatorem
1581 2349 1851 2405 ostendis-

276 2447 386 2504 set,
418 2440 512 2509 qui
566 2454 786 2495 servare
834 2449 1020 2510 posset
1064 2456 1128 2497 ea
1176 2442 1336 2496 etiam
1361 2456 1482 2511 quae
1514 2442 1720 2498 servari
1744 2458 1853 2497 non

275 2537 556 2598 poterant,
583 2541 690 2587 etc.
730 2550 748 2583 ι
784 2531 899 2586 Νῦν
925 2530 1014 2585 τὸν
1037 2531 1264 2603 Σωτῆρα
1291 2531 1490 2599 δείξας,
1516 2532 1737 2587 δυνατὸν
1760 2532 1858 2586 σώ-

272 2620 394 2685 ζειν
444 2622 536 2675 καὶ
579 2621 650 2676 τὰ
698 2622 952 2687 ἀδύνατα,
996 2641 1049 2678 κ.
1091 2641 1141 2677 τ.
1175 2624 1221 2677 λ.
1258 2622 1324 2679 Et
1366 2625 1529 2696 paulo
1574 2637 1696 2696 post
1729 2625 1849 2698 (9):

280 2732 298 2763 ι
351 2712 453 2768 Hic
495 2714 586 2785 qui
623 2731 857 2787 semper,
886 2716 1047 2772 hodie
1079 2716 1253 2772 Filius
1303 2717 1540 2786 habitus,
1566 2734 1663 2789 per
1690 2735 1851 2788 quem

274 2800 523 2858 Ecclesia
579 2804 801 2862 ditatur.
834 2825 853 2859 ι
891 2799 1057 2870 Οὗτος
1109 2807 1137 2860 ὁ
1176 2808 1280 2869 ἀεὶ,
1336 2808 1572 2879 σήμερον
1606 2808 1733 2873 Υἱὸς
1774 2808 1857 2863 λο-

273 2893 508 2964 γισθειςσ
529 2894 595 2949 δι’
621 2891 684 2952 οὗ
704 2898 1043 2964 πλουτίζεται
1073 2899 1106 2971 ἡ
1138 2898 1450 2971 Ἐκκλησία.
1477 2899 1608 2966 Quae
1631 2900 1850 2970 quidem

274 2986 463 3043 omnia
488 2988 586 3043 rite
615 3005 902 3060 perpensa,
938 2992 1084 3047 aetati
1116 2990 1316 3049 Justini
1352 2995 1622 3062 quadrare
1667 2994 1757 3048 vix
1787 3008 1850 3049 ac

274 3092 347 3133 ne
373 3079 465 3133 vix
497 3080 718 3151 quidem
749 3083 1075 3153 putaverim.

348 3168 493 3237 Quid
515 3147 685 3242 quod,
703 3147 905 3243 templo
926 3172 1422 3246 Hierosolymitano
1449 3176 1630 3233 adhuc
1654 3185 1852 3242 stante,
1880 3147 1924 3206 θ

274 3261 421 3318 hanc
450 3263 518 3318 ab
539 3279 599 3320 se
627 3264 886 3335 scriptam
902 3264 1200 3337 Epistolam
1227 3278 1418 3323 auctor
1450 3269 1594 3324 haud
1622 3270 1855 3325 obscure

271 3354 553 3410 declarat?
584 3355 659 3412 De
687 3355 893 3412 Judazis
924 3373 1159 3428 namque
1202 3360 1367 3414 verba
1400 3358 1627 3426 faciens,
1652 3377 1855 3432 eosque

274 3463 402 3503 cum
423 3449 655 3505 ethnicis
672 3448 959 3507 conferens
976 3461 1027 3506 et
1040 3450 1387 3519 Christianis,
1407 3452 1521 3507 haec
1534 3453 1695 3509 habet
1709 3454 1816 3524 (10)
1837 3476 1850 3510 :

277 3559 297 3591 ι
338 3539 610 3596 Judaei....
641 3543 734 3613 qui
765 3557 861 3612 per
895 3544 1215 3615 sanguinem
1249 3553 1304 3599 et
1333 3542 1579 3598 nidorem
1613 3553 1666 3599 et
1695 3545 1851 3600 holo-

270 3642 491 3699 causta,
525 3632 701 3689 facere
749 3649 808 3690 se
840 3633 951 3691 Deo
1000 3635 1266 3692 sacriﬁcia
1313 3644 1526 3706 putant,
1556 3636 1693 3691 nihil
1716 3637 1850 3691 mihi

270 3724 495 3781 diﬂ'crre
532 3726 787 3781 videntur
818 3727 887 3782 ab
936 3726 1025 3794 iis,
1053 3727 1147 3797 qui
1190 3742 1355 3783 sensu
1384 3728 1624 3783 carentia
1660 3729 1850 3783 eodem

272 3817 489 3872 honore
512 3817 760 3874 studiose
782 3827 1211 3889 prosequuntur.
1257 3838 1276 3871 ι
1306 3818 1610 3890 Subditque
1632 3820 1847 3876 statim:

274 3926 295 3961 ι
329 3907 401 3963 At
435 3923 627 3963 eorum
674 3909 821 3964 circa
867 3909 1022 3965 cibos
1055 3910 1429 3966 meticulosam
1464 3911 1773 3969 cautionem
1797 3920 1852 3967 et

270 3999 721 4071 superstitionem
760 4002 906 4057 circa
936 4001 1193 4069 Sabbata,
1225 4011 1278 4056 et
1298 4001 1622 4072 jactantiam
1649 4003 1715 4057 de
1743 4002 1851 4057 cir-

267 4091 635 4159 cumcisione,
669 4103 723 4147 et
752 4108 875 4163 quae
917 4094 983 4149 de
1006 4093 1216 4164 jejunio
1246 4108 1309 4148 ac
1341 4092 1636 4149 noviluniis
1674 4094 1848 4149 simu-

268 4185 408 4251 lant,
445 4199 567 4255 qua:
594 4184 823 4240 ridicula
865 4194 994 4240 sunt
1046 4196 1099 4241 et
1141 4186 1316 4241 relatu
1354 4186 1593 4255 indigna,
1623 4194 1674 4240 te
1708 4201 1737 4240 a
1763 4203 1850 4241 me

270 4276 488 4332 discere
531 4291 755 4333 necesse
799 4275 999 4332 habere
1023 4291 1131 4332 non
1173 4276 1429 4333 arbitror.
1464 4295 1483 4329 ι
1513 4276 1636 4331 Mox
1668 4292 1797 4333 vero
1831 4297 1844 4332 :

275 4389 295 4422 ι
318 4369 615 4425 Communi
637 4369 1088 4441 igitnr(gentium)
1102 4369 1338 4424 vanitate
1366 4378 1421 4424 et
1450 4369 1774 4440 impostura,
1795 4379 1849 4423 et

1958 1881 2008 1933 οἱ
2037 1882 2321 1952 μισοῦντες
2356 1884 2456 1937 οὐκ
2480 1883 2714 1954 ἔχουσιν.
2752 1905 2770 1936 ‹
2806 1886 3083 1942 Adversus
3112 1905 3205 1943 eos
3235 1889 3532 1961 (Christian

1958 1974 2083 2045 nos)
2116 1984 2374 2044 tanquam
2423 1976 2759 2048 alienigenas
2792 1976 2965 2033 Judaei
2999 1978 3199 2034 bellum
3230 1990 3444 2051 gerunt,
3476 1992 3531 2037 et

1956 2064 2129 2121 Graeci
2177 2082 2274 2123 eos
2310 2078 2710 2139 persequuntur
2739 2088 2753 2125 :
2782 2079 2836 2125 et
2867 2087 3058 2127 osores
3084 2087 3275 2128 eorum
3306 2089 3529 2129 causam

1960 2157 2372 2215 inimicitiarum
2422 2161 2607 2217 dicere
2654 2173 2953 2229 nequeunt.
2986 2184 3004 2216 ι
3031 2164 3529 2236 Paucisqueinter-

1953 2252 2272 2322 positis(14)
2299 2270 2313 2308 :
2335 2252 2468 2325 (Οὐχ
2484 2254 2635 2326 ὁρᾷς)
2651 2255 3163 2327 παραϐαλλομένους
3192 2258 3419 2331 Θηρίοις,
3445 2260 3533 2315 ἵνα

1955 2344 2295 2416 ἀρνήσωνται
2340 2346 2428 2398 τὸν
2475 2345 2699 2417 Κύριον,
2742 2350 2835 2402 καὶ
2877 2347 2952 2421 μὴ
3010 2350 3375 2421 νικωμένουςς
3418 2353 3531 2423 Οὐχ

1953 2432 2107 2507 ὁρᾷς,
2137 2436 2245 2507 ὅσῳ
2264 2436 2505 2501 πλείονες
2531 2437 2868 2503 κολάζοντες,
2885 2437 3122 2510 τοσούτῳ
3138 2439 3528 2506 πλεονάζοντας

1954 2526 2173 2592 ἄλλους
2208 2546 2227 2579 ι
2259 2526 2375 2583 Non
2409 2528 2557 2583 vides
2584 2528 2824 2597 olijectos
2846 2528 3007 2596 feris;
3036 2538 3094 2585 ut
3118 2531 3385 2603 abnegent
3419 2532 3529 2585 Do-

1957 2619 2268 2684 minum,et
2319 2633 2428 2673 non
2476 2619 2656 2673 vinci?
2685 2617 2802 2673 Non
2852 2620 3023 2687 vides,
3075 2636 3183 2690 quo
3216 2623 3396 2692 plures
3436 2624 3528 2692 qui

1956 2709 2239 2779 suppliciis
2270 2708 2529 2772 alliciunt,
2554 2724 2619 2764 eo
2650 2709 2914 2778 majorem
2941 2710 3174 2765 aliorum
3203 2727 3325 2768 esse
3346 2729 3531 2768 nume-

1958 2802 2118 2856 rum?
2153 2821 2171 2854 ι
2210 2801 2419 2868 Quibus
2451 2802 2505 2856 in
2535 2802 2716 2856 verbis
2746 2802 2858 2857 duo
2900 2803 3244 2870 potissimum
3293 2805 3527 2859 notanda

1955 2893 2278 2963 putaverim.
2320 2892 2386 2947 Et
2433 2894 2669 2963 primum
2711 2894 2930 2963 quidem
2976 2894 3217 2965 loquitur
3246 2905 3435 2950 auctor
3462 2897 3529 2951 de

1956 2989 2285 3045 Christianis
2331 2989 2621 3059 exjudaeis,
2677 2990 2792 3045 sive
2844 2990 2911 3046 de
2963 2992 3032 3047 iis
3088 2992 3183 3061 qui
3237 3002 3524 3063 postquam

1956 3082 2217 3138 cxiissent
2240 3082 2308 3137 ad
2348 3080 2535 3137 Jcsum
2570 3092 2723 3138 extra
2754 3094 2956 3151 castra,
2989 3085 3375 3156 improperium
3408 3088 3528 3157 ejus

1957 3174 2266 3245 portabant,
2298 3182 2357 3228 ut
2389 3175 2574 3245 phrasi
2608 3184 2730 3231 utar
2759 3175 2987 3231 Paulina
3008 3178 3024 3209 ί
3055 3195 3068 3232 :
3102 3186 3333 3233 testatur
3378 3195 3504 3234 nam

1956 3279 2084 3337 que,
2114 3266 2376 3320 adversus
2428 3280 2523 3321 eos
2573 3274 2833 3337 tanquam
2888 3268 3211 3338 alienigenas
3256 3284 3286 3323 a
3320 3268 3526 3326 Iudicis

1956 3357 2156 3413 bellum
2197 3356 2333 3427 geri.
2379 3355 2617 3423 Scilicet,
2648 3357 2844 3428 inquit,
2870 3359 2961 3429 qui
2987 3361 3332 3431 exagitantur
3370 3362 3530 3418 Chri—

1955 3447 2381 3514 stiani,llebra’i
2422 3460 2565 3517 sunt,
2604 3447 2870 3504 Israelita:
2907 3460 3050 3517 sunt,
3087 3468 3260 3507 semen
3306 3454 3528 3509 Abrahae

1953 3541 2130 3606 sunt”,
2163 3539 2462 3611 eodemque
2492 3541 2757 3611 sanguine
2779 3540 2880 3594 sati
2910 3556 3020 3609 quo
3050 3552 3104 3595 et
3130 3557 3320 3597 eorum
3344 3560 3529 3615 perse-

1953 3640 2171 3688 cutores
2209 3630 2413 3698 Judaei;
2451 3632 2545 3702 qui
2578 3640 2754 3686 tamen
2780 3646 2874 3686 eos
2904 3632 3238 3687 insectantur
3268 3650 3333 3689 ac
3377 3635 3520 3690 bello

1952 3724 2247 3793 lacessunt,
2264 3726 2482 3796 perinde
2499 3741 2563 3780 ac
2578 3724 2623 3780 si
2645 3724 2967 3794 alienigenae,
2986 3723 3292 3794 ἀλλόφυλοι,
3316 3739 3521 3783 essent.

1953 3816 2022 3872 Et
2052 3818 2155 3873 hoc
2179 3833 2312 3873 sane
2337 3833 2499 3874 sensu
2533 3816 2679 3871 illam
2705 3816 2946 3871 auctoris
2983 3817 3156 3871 nostri
3194 3818 3523 3874 sententiam

1951 3925 2072 3966 esse
2094 3911 2487 3981 accipiendam,
2515 3922 2693 3971 nemo,
2711 3916 2769 3962 ut
2800 3907 3049 3978 equidem
3082 3909 3293 3978 opinor,
3312 3910 3523 3967 inﬁcias

1950 4000 2094 4055 ierit.
2112 3999 2209 4055 llic
2232 4000 2344 4072 jam
2378 4015 2585 4071 quaero,
2616 3999 2747 4070 quid
2783 3998 2930 4053 aliud
2964 3998 3031 4053 iis
3060 3999 3241 4053 verbis
3272 4000 3524 4056 innuissc

1951 4093 2227 4162 putandus
2279 4104 2466 4148 noster
2510 4092 2863 4164 Anonymus,
2922 4105 3283 4161 praeterquam
3331 4095 3522 4149 turbas

1950 4186 2072 4241 illas
2122 4200 2187 4240 ac
2242 4185 2539 4240 seditiones
2583 4201 2722 4255 quas
2773 4186 2842 4239 ab
2887 4182 3142 4239 Ecclesiae
3176 4185 3520 4242 incunabulis

1950 4278 2213 4334 adversus
2248 4278 2433 4334 ﬁdeles
2459 4294 2525 4333 ex
2553 4276 2972 4332 circumcisione
3000 4277 3217 4331 ciebant
3244 4278 3523 4333 incessan-

1948 4378 2031 4422 ter
2062 4366 2235 4423 Judazi
2277 4369 2736 4438 quemadmodum
2794 4375 2908 4420 tum
2959 4382 3025 4421 ex
3053 4367 3205 4423 Actis
3240 4369 3518 4438 apostolo-

267 4461 586 4517 Judaaorum
639 4461 957 4516 curiositate
1012 4470 1174 4533 atque
1218 4461 1502 4532 jactantia,
1532 4461 1657 4531 jure
1684 4460 1845 4514 Cbri-
1880 4486 1921 4541 ι)
1948 4475 2070 4515 rum
2112 4460 2315 4529 passim
2336 4460 2377 4524 ⁸,
2410 4468 2524 4515 tum
2574 4476 2638 4514 ex
2674 4458 3220 4530 Apocalypsiﬁplane
3275 4473 3516 4530 constat;

269 4558 484 4612 stianos
542 4555 835 4622 abstinere,
866 4565 917 4611 te
968 4556 1184 4612 abunde
1231 4556 1487 4611 didicisse
1524 4556 1778 4611 arbitror.
1820 4574 1839 4607 ι

279 4648 588 4704 Ἰουδαῖοι...
662 4649 1042 4720 ἀπέχονται....
1087 4647 1386 4715 ἀξιοῦσι....
1418 4649 1518 4719 τὴν
1547 4647 1845 4720 θρησκείαν

267 4739 609 4813 προσάγουσι
642 4740 722 4812 τῷ
740 4740 859 4811 Θεῷ
890 4738 1161 4811 ταύτην...
1195 4735 1709 4810 διαμαρτάνουσι....
1759 4737 1845 4792 δο-

268 4832 450 4887 κοῦσι.
481 4831 670 4887 Viden‘
702 4833 791 4888 bic
842 4832 1024 4886 omnia
1074 4832 1146 4886 ita
1188 4831 1388 4897 efferri,
1416 4842 1473 4885 ιιι
1495 4845 1562 4886 eo
1601 4840 1845 4901 tempore

269 4942 382 4997 quo
426 4926 699 4981 scribebat
742 4926 1094 4996 Anonymus,
1126 4924 1309 4979 cultus
1352 4920 1613 4978 Judaicus
1660 4923 1839 4977 adhuc

268 5018 514 5090 viguisse
566 5017 902 5088 Oportuerit?
935 5015 1204 5084 Loquitur
1237 5016 1379 5069 enim
1412 5015 1555 5069 haud
1588 5029 1747 5069 secus
1778 5030 1844 5069 ac

269 5112 523 5168 Clemens
564 5110 844 5166 Romanus
887 5109 939 5162 in
971 5107 1208 5177 Epistola
1255 5104 1602 5161 lCorinthiis
1647 5104 1845 5161 inscri-

343 5230 359 5259 ¹
384 5229 684 5293 Hebmun,
713 5226 797 5281 l5.
909 5226 928 5257 ³
961 5221 1002 5276 ll
1031 5224 1137 5279 Cor
1175 5238 1251 5289 ιι,
1285 5220 1376 5275 22.

270 5298 293 5330 ⁵
319 5300 489 5370 Apoc.
518 5299 655 5365 ",9;
690 5298 867 5360 ιιι,9.η

343 5416 421 5486 (5)
446 5415 623 5486 Anon.
656 5411 834 5486 Epist.
860 5409 929 5464 ad
953 5408 1220 5479 Diognet.,
1255 5422 1373 5477 cap.
1404 5406 1489 5461 11.

345 5483 424 5556 (6)
458 5484 628 5556 ibim,
660 5499 778 5552 cap.
808 5483 866 5556 1.

345 5553 423 5621 (7)
456 5554 624 5620 Ibid.,
654 5569 775 5621 cap.
800 5553 857 5607 2.

345 5626 424 5694 (8)
464 5624 626 5690 lbid.,
663 5638 781 5691 cap.
811 5627 862 5679 9.

344 5696 424 5763 (9)
456 5694 623 5758 Ibid.,
648 5708 766 5761 cap.
800 5695 885 5747 11.

343 5768 458 5838 (10)
494 5764 658 5830 Ibid.,
689 5778 845 5834 capp.
876 5764 982 5819 δεῖ
1007 5765 1061 5819 4.

588 5862 882 5938 Ριιτιιοιη
919 5860 1037 5922 Gn.
1075 5860 1150 5921 ll.

1933 4564 2088 4621 “quas
2132 4552 2259 4607 item
2311 4553 2563 4621 deinceps
2595 4566 2986 4621 nonnunquam
3018 4554 3283 4609 excitasse
3330 4556 3517 4623 perhi-

1947 4640 2166 4709 bentur,
2199 4652 2258 4698 ut
2296 4658 2360 4697 ex
2392 4642 2648 4697 Ecclesiae
2680 4640 3026 4712 Smyrnensis
3057 4643 3283 4712 epistola
3320 4644 3372 4698 in
3404 4630 3518 4714 pri-

1948 4735 2053 4790 mis
2080 4735 2246 4807 liquet
2270 4736 2418 4805 (15)?
2448 4733 2652 4788 [larum
2689 4734 2854 4803 igitur
2875 4732 3226 4789 Judaicarum
3266 4751 3518 4806 persecu-

1947 4830 2157 4883 tionum
2207 4828 2480 4897 αὐτόπτης
2533 4826 2768 4896 scriptor
2810 4826 3038 4895 ipsemet
3070 4829 3419 4897 apostolicus,
3452 4847 3517 4885 ea

1947 4921 2143 4976 litteris
2187 4920 2526 4990 consignavit
2571 4934 2693 4987 quae
2726 4918 2891 4973 modo
2932 4919 3252 4986 retulimus;
3288 4936 3517 4990 quaeque

1945 5015 2172 5085 proinde
2211 5014 2355 5068 haud
2393 5014 2641 5083 equidem
2684 5012 2922 5083 intelligo
2943 5028 3051 5083 qua
3080 5014 3289 5067 ratione
3314 5012 3513 5068 Justiui

1948 5107 2283 5176 temporibus
2312 5106 2486 5176 aptari
2517 5106 2745 5176 possint.

1492 5219 1511 5251 ³
1549 5219 1667 5275 Act.
1716 5235 1837 5287 xm,
1872 5226 2118 5288 50;x1v,
2157 5221 2226 5287 '2;
2261 5236 2428 5287 xvnl,
2461 5218 2557 5286 12;
2592 5234 2705 5287 xxt,
2752 5235 2863 5273 χιιι
2892 5258 2907 5285 ,
2946 5236 3107 5286 xxnt,
3163 5234 3321 5285 xxxv,
3383 5236 3509 5275 xxv.

2008 5400 2120 5471 (11)
2150 5400 2322 5455 Clem.
2347 5400 2516 5470 Epist.
2549 5397 2579 5452 Ι
2611 5399 2678 5471 ad
2705 5397 2853 5471 Con,
2884 5411 3005 5467 cap.
3040 5413 3145 5449 xu.

2010 5468 2121 5544 (12)
2144 5468 2467 5544 Prolegont.,
2492 5486 2625 5544 cap._
2649 5470 2717 5544 1_,_
2741 5468 2767 5537 §
2806 5470 2857 5521 9.

2008 5538 2120 5614 (15)
2146 5538 2323 5614 Anon:
2359 5542 2539 5614 Epist;
2558 5538 2625 5592 iul
2657 5538 2922 5608 Diugnet.,
2955 5554 3072 5608 cap.
3107 5540 3161 5594 5.

2036 5610 2123 5681 1:1)
2164 5613 2327 5676 Ibid.,
2358 5628 2479 5680 cap.
2509 5610 2560 5665 7.

2036 5616 2123 5681 14)
2164 5616 2327 5676 lbid.,
2358 5628 2479 5680 cap.
2509 5616 2560 5665 7.

2009 5616 2123 5753 ilS)
2154 5683 2299 5737 Evcl.
2320 5682 2535 5753 Smyrn.
2560 5679 2729 5747 Epist.
2761 5679 2823 5732 de
2855 5677 2912 5735 S.
2949 5678 3230 5750 Polymrp.
3259 5692 3509 5752 martyr.,

1938 5771 2059 5827 cap.
2088 5751 2176 5819 ιε,
2210 5755 2294 5820 15,
2318 5751 2414 5806 '17.

3197 5846 3265 5907 37
