4038 6314
563 298 699 353 “65

630 415 877 467 Alterum
930 418 1057 461 vero
1100 398 1318 457 duobus
1367 394 1423 449 in
1459 388 1596 446 locis
1624 384 1804 441 allatis
1830 387 2018 436 notatu
2053 375 2137 431 di-

563 522 727 581 gnum
749 502 880 560 illud
899 495 1158 559 occurrit,
1175 490 1321 563 quod
1348 486 1538 543 eodem
1555 489 1797 549 tempore
1806 488 1917 547 quo
1933 470 2129 536 Judaei,

563 562 737 653 Emi
798 601 1017 661 quoque
1082 562 1344 638 adversus
1394 570 1737 630 Christianos
1786 562 2129 637 pugnabant;

563 702 705 759 quos
732 692 787 739 et
823 681 948 753 feris
979 677 1207 746 objectos
1245 667 1443 727 asserit
1466 663 1720 735 Epistolas
1755 665 1969 721 auctor,
1993 662 2046 709 et
2073 667 2133 706 eo

565 780 819 849 majorem
846 774 1063 828 illorum
1089 783 1200 822 esse
1229 775 1504 819 numerum
1528 752 1865 827 pronuntiat,
1886 763 1990 819 quo
2020 744 2137 814 plu-

568 845 661 924 resv
692 868 783 939 qui
815 880 902 919 eos
938 858 1212 930 suppliciis
1253 854 1508 925 afficiunt.
1542 845 1742 917 Ecquis
1768 856 1931 913 porro
1952 852 2139 924 perse-

568 961 845 1016 cutionem
895 952 1263 1008 Neronianam
1312 944 1397 998 his
1446 934 1855 995 characteribus
1891 927 2139 1000 apprime

567 1053 905 1122 designatam
944 1062 1049 1101 non
1074 1039 1288 1098 videat?
1316 1036 1562 1091 Primum
1593 1026 1863 1099 siquidem
1890 1020 2137 1077 eamdem

567 1144 1003 1217 persecutionem
1050 1133 1349 1205 respiciens
1403 1125 1667 1188 Hermas,
1722 1118 1955 1187 scriptor
2005 1111 2143 1167 alter

570 1204 903 1309 apostolicus
939 1204 1238 1298 eademque
1277 1226 1597 1292 tempestate
1624 1214 1823 1269 florens
1862 1222 1970 1280 qua
2004 1204 2143 1261 scri-

568 1332 747 1404 psisse
772 1336 1024 1384 censetur
1045 1330 1228 1378 noster
1243 1318 1584 1386 Anonymus,
1601 1317 1661 1365 ut
1686 1304 1935 1376 superius
1960 1307 2144 1355 osten-

570 1396 751 1481 dimus
778 1419 914 1491 (l6),
937 1429 1127 1473 eorum
1164 1408 1413 1466 meminit
1446 1404 1560 1475 (17)
1585 1400 1675 1472 qui
1694 1398 1811 1468 jam
1843 1396 2143 1448 meruerunt

571 1517 762 1581 Deum,
785 1522 834 1568 et
861 1510 1005 1582 passi
1034 1514 1154 1563 sunt
1182 1518 1345 1558 causa
1368 1496 1595 1554 nominis
1617 1493 1732 1562 ejus
1755 1488 1898 1543 feras
1920 1484 2143 1548 bestias,

571 1607 805 1680 ﬂagella,
842 1616 1099 1669 carceres,
1143 1611 1342 1652 cruces.
1395 1588 1601 1646 Deinde
1646 1600 1714 1640 ex
1742 1581 1935 1637 Tacito
1962 1576 2147 1634 erudi-

572 1665 695 1758 'er
727 1665 1206 1769 (1'8),religionem
1239 1684 1606 1741 Christianam
1656 1676 1761 1732 sub
1816 1672 2005 1729 eodem
2050 1665 2150 1723 Ne-

571 1811 706 1853 rone
731 1808 840 1865 quo
867 1789 1043 1860 magis
1074 1792 1348 1848 vexatam,
1380 1793 1445 1835 eo
1475 1775 1683 1846 majora
1731 1771 1786 1826 in
1813 1768 1933 1824 dies
1970 1765 2148 1819 incre-

575 1897 755 1944 menta
786 1857 1016 1954 cepisse.
1064 1878 1344 1949 Repressa,
1367 1869 1569 1941 inquit.
1592 1868 1649 1921 in
1690 1876 1922 1934 prtesens
1946 1857 2143 1914 exitia-

576 1983 698 2038 bilis
749 1952 1077 2048 superstitio,
1130 1982 1317 2024 rursus
1359 1960 1683 2031 erumpebat,
1719 1971 1823 2009 non
1863 1952 2017 2006 modo
2055 1965 2148 2022 per

575 2044 825 2129 Judazam
854 2068 1112 2138 originem
1136 2060 1294 2132 hujus
1319 2056 1471 2122 mali,
1495 2054 1585 2108 sed
1614 2066 1706 2121 per
1747 2046 1939 2103 Urbem
1960 2044 2145 2109 etiam,

576 2185 678 2240 quo
713 2172 904 2220 cuncta
956 2157 1184 2227 undique
1210 2150 1419 2207 atrocia
1448 2156 1541 2202 aut
1592 2141 1837 2213 pudenda
1875 2138 2148 2207 conﬂuunt

578 2230 1009 2325 celebranturque
1034 2267 1053 2305 :
1085 2259 1145 2305 ut
1172 2245 1403 2319 proinde
1430 2243 1649 2298 locutus
1675 2250 1796 2293 esse
1818 2233 1888 2291 de
1917 2233 2007 2287 illa
2032 2230 2149 2300 ipsa

578 2321 959 2426 persecutione
1008 2344 1132 2414 jure
1186 2353 1253 2395 ac
1303 2336 1500 2392 merito
1529 2330 1873 2388 existimetur
1894 2321 2152 2394 Epistolar

581 2452 794 2501 3110101⁸.

651 2555 750 2610 llis
770 2554 987 2609 demum
1021 2544 1231 2603 accedit
1254 2541 1496 2615 ejusdem
1515 2535 1769 2608 Epistolaz
1800 2532 1993 2605 stylus,
2010 2527 2155 2584 mul-

581 2660 639 2705 to
688 2646 932 2702 ﬂoridior
973 2656 1040 2697 eo
1069 2647 1123 2695 et
1153 2634 1471 2709 elegantior,
1503 2646 1613 2704 quo
1637 2628 1697 2684 S.
1730 2636 1936 2698 martyr
1964 2624 2017 2678 in
2038 2621 2155 2679 suis

583 2745 852 2811 quotquot
910 2730 1373 2791 circumferuntur
1426 2722 1655 2781 sinceris
1711 2718 1968 2791 operibus
2022 2727 2156 2770 usus

585 2830 936 2901 comperitur.
970 2824 1047 2879 De
1074 2822 1214 2892 stylo
1246 2816 1517 2890 siquidem
1540 2812 1743 2870 Justini
1772 2822 2024 2867 summus
2048 2804 2158 2861 cri-

584 2898 726 2978 ticus
758 2918 988 2974 Photius
1033 2915 1105 2969 ita
1135 2910 1349 2969 censuit
1373 2908 1483 2980 (19)
1513 2923 1527 2962 ε
1563 2902 1904 2976 Ῥητορικαῐς
1939 2898 2157 2969 τέχναις

584 3016 684 3069 οὐκ
731 3012 857 3084 ἔσχε
907 3006 1138 3079 σπουδὴν
1180 3002 1481 3075 ὲπιχρῶσαι
1515 2998 1576 3052 τὸ
1603 2996 1841 3068 ἔμφυτον
1869 2991 2031 3046 αὑτοῦ
2056 2989 2157 3060 τῆς

588 3080 900 3176 φιλοςοῲὶας
922 3098 1135 3162 κάλλος.
1154 3095 1244 3149 Διὸ
1267 3093 1363 3148 xui.
1383 3093 1433 3144 oi
1457 3089 1603 3157 λόγοι
1628 3084 1791 3140 αὑτοῦ
1816 3082 1989 3145 ἄλλως
2007 3080 2157 3143 ἧντες

584 3170 817 3259 δυνατοί,
849 3191 943 3246 καὶ
968 3188 1031 3242 τδ
1051 3182 1468 3256 ἐπιστημονικὸν
1486 3174 1864 3240 διασώζοντες,
1882 3170 1993 3225 τῶν
2020 3171 2161 3224 ἐκεῖ·

590 3291 715 3345 σθεν
766 3288 867 3341 ηὐκ
919 3285 1057 3339 εἰσὶν
1112 3277 1508 3342 ὰποστάζοντες
1548 3270 1891 3344 ἡδυσμάτων,
1923 3266 2045 3320 οὐδὲ
2082 3262 2161 3336 τῷ

591 3379 864 3451 ἐπαγωγῷ
906 3378 1002 3434 καὶ
1047 3372 1351 3444 Θελκτηριῳ
1388 3368 1513 3432 τοὺς
1562 3363 1789 3428 πολλοὺς
1823 3360 1932 3415 τῶν
1962 3360 2165 3431 ἀκροα-

589 3475 700 3528 τῶν
729 3470 1097 3542 ἐφελκόμενοι.
1135 3484 1154 3517 s
1192 3461 1485 3519 Rethorico
1515 3455 1766 3523 artiﬁcio,
1798 3453 1995 3525 inquit,
2023 3452 2165 3507 nati-

592 3581 716 3621 vam
744 3560 1101 3635 philosophiae
1120 3574 1233 3615 suze
1266 3552 1724 3626 pulchritudinem
1751 3548 2001 3605 colorare
2028 3543 2165 3600 nihil

594 3658 748 3730 pensi
770 3654 982 3711 habuit.
1008 3649 1374 3720 Quamobrem
1398 3646 1565 3701 etiam
1592 3642 1713 3713 ejus
1734 3639 1933 3705 oratio,
1957 3637 2165 3709 pollens

596 3750 803 3821 alioqui
849 3763 914 3804 ac
955 3745 1158 3811 valida,
1189 3739 1660 3807 scientilicumque
1688 3747 1913 3790 servans
1942 3730 2164 3802 stylum,

596 3844 871 3901 rhetorica
916 3841 1007 3896 illa
1048 3836 1396 3894 condimenta
1418 3844 1527 3885 non
1556 3828 1749 3899 spirat,
1776 3840 1877 3881 nec
1895 3822 2168 3879 illecebris

596 3948 653 3995 et
688 3930 1075 3993 blandimentis
1105 3928 1302 3997 vulgus
1333 3921 1647 3979 auditorum
1673 3916 1920 3972 attrahit.
1964 3933 1982 3966 ι
2011 3910 2169 3980 Quod

599 4044 731 4084 sane
762 4023 1028 4096 judicium
1077 4020 1122 4075 si
1170 4018 1295 4089 quis
1327 4013 1577 4070 conferre
1596 4009 1727 4065 velit
1761 4023 1885 4063 cum
1915 4005 2005 4060 illa
2034 4017 2171 4074 prae-

601 4121 765 4178 stanti
793 4116 1101 4174 elocutione
1128 4126 1236 4183 qua
1260 4109 1433 4164 utitur
1454 4114 1644 4161 auctor
1674 4100 1955 4172 Epistola‘,
1980 4111 2171 4168 quam-

598 4215 684 4270 vis
727 4212 961 4268 fortasse
993 4207 1203 4277 reliqua
1253 4202 1507 4258 deessent
1532 4203 1876 4268 argumenta,
1910 4192 2056 4246 illam
2089 4200 2172 4244 ta-

602 4320 728 4361 men
778 4302 995 4358 Justino
1053 4293 1474 4367 abjudicandam
1531 4289 1616 4346 vel
1676 4286 1881 4341 invitus
1939 4282 2173 4337 fateatur

605 4403 840 4466 oportet.
866 4394 933 4447 Et
964 4390 1069 4444 hac
1116 4386 1336 4457 quidem
1367 4380 1679 4437 ditIicultate
1712 4375 1849 4431 adeo
1889 4378 2171 4443 permotus

607 4464 710 4544 fuit
755 4487 946 4541 doetus
976 4482 1153 4538 editor
1179 4475 1584 4539 Benedictinus,
1610 4480 1670 4526 ut
1704 4470 1843 4525 inter
1871 4464 2175 4523 certissima

610 4581 671 4637 S.
700 4576 955 4648 martyris
984 4588 1149 4643 opera
1188 4569 1434 4625 eamdem
1471 4564 1757 4636 epistolam
1788 4575 1853 4616 eo
1876 4560 1997 4614 loco
2031 4556 2176 4612 haud

608 4670 929 4733 collocarit,
989 4680 1151 4736 quem
1206 4660 1449 4731 alioquin
1496 4658 1602 4729 ipsi
1650 4655 2014 4726 assignasset,
2070 4648 2178 4705 nisi

611 4762 881 4820 dubitatio
931 4768 1151 4831 pectore
1203 4754 1365 4810 inﬁxa
1432 4752 1552 4808 viro
1613 4748 1920 4806 clarissimo
1968 4744 2180 4802 .haesis-

611 4868 694 4916 set
709 4856 843 4927 (20).

691 4992 710 5023 ι
736 4969 926 5040 Neque
954 4980 1104 5030 vero,
1132 4974 1194 5021 ut
1223 4964 1423 5036 optime
1451 4960 1718 5018 Nourrius
1748 4960 1884 5031 (21),
1908 4957 2035 5013 inde
2054 4969 2185 5011 con-

615 5067 771 5120 tinuo
807 5062 930 5132 quis
962 5067 1173 5129 arguat,
1202 5056 1399 5128 stylum
1429 5063 1578 5109 tanto
1607 5053 1787 5108 studio
1824 5051 2184 5108 elaboratum.
2234 5084 2237 5089 -

619 5158 688 5212 ab
735 5168 950 5211 summa
1000 5149 1267 5207 orationis
1298 5146 1613 5218 apostolicae
1636 5145 1982 5215 simplicitate
2013 5140 2188 5209 magis

621 5252 939 5317 abhorrere,
977 5260 1143 5317 quam
1173 5252 1235 5299 ut
1260 5240 1424 5297 alicui
1464 5254 1657 5295 eorum
1707 5236 1978 5307 discipulo
2017 5233 2190 5306 possit

693 5406 807 5475 (16)
838 5405 1138 5475 Prolegom.
1172 5415 1296 5475 cap.
1308 5398 1383 5475 Δ2,
1419 5399 1446 5470 §
1492 5398 1556 5475 _4.

692 5464 805 5540 H73
840 5464 1026 5532 Herm".
1058 5464 1558 5535 Past..'lib.i,'vis.
1591 5468 1647 5531 3,
1673 5480 1828 5540 capp.
1864 5464 1889 5518 Ι
1917 5472 1972 5519 et
1998 5464 2053 5518 3.

694 5536 808 5616 (183
838 5546 1013 5603 Tacit.
1054 5544 1250 5616 Annal.
1293 5542 1508 5616 lib._§v,
1534 5553 1656 5609 cap.
1686 5536 1777 5592 44.

699 5610 812 5685 (19)
838 5616 995 5671 Phot.
1028 5611 1346 5685 Bibl.,‘cod.
1386 5610 1509 5665 125.

700 5672 813 5753 (203
838 5686 1042 5741 Maran.
1078 5672 1317 5747 Préfat.,
1340 5690 1493 5753 part.
1515 5694 1733 5753 tt_t._cap,
1757 5677 1813 5744 3,
1845 5675 1947 5753 ἐῢς
1966 5688 2091 5753 pag:

698 5743 814 5834 (Ξῆ
842 5755 1041 5811 Nourr.
1084 5755 1271 5824 Appar.
1297 5743 1366 5807 ait
1388 5750 1514 5809 bibl.
1534 5743 1831 5817 PP.,'tOm.
1848 5743 1899 5804 ’1.
1924 5762 2044 5805 uati.
2067 5743 2192 5800 446.

1722 259 2029 321 ΛΝΟΝῩΜΙ
2072 256 2211 314 Villi
2236 248 2640 311 APOSTOLICI

2163 379 2211 437 Α
2239 367 2485 425 attribui.
2503 365 2798 420 Enimvero
2820 366 2943 430 post
2969 355 3187 414 divinos
3210 351 3519 424 scriptores,
3541 366 3569 408 a
3588 355 3754 426 quibus

3638 242 3750 297 ιιθι

2235 470 2423 519 sancto
2464 458 2681 514 amante
2716 453 2925 524 Spiritu
2970 450 3114 505 edita
3147 454 3282 503 sunt
3317 461 3467 501 sacra
3494 443 3755 516 Scriptura-

2233 571 2355 611 rum
2385 552 2689 615 volumina,
2720 546 2940 618 ingenio
2969 542 3207 614 quisque
3236 537 3462 593 indulsit
3488 552 3601 605 suo,
3626 547 3757 609 atque

2235 643 2645 702 lucubrationes
2672 655 2801 695 suas
2826 637 2966 709 stylo
2994 635 3087 690 alii
3110 630 3458 703 elcgautiori,
3488 629 3570 683 alii
3586 629 3760 700 simpli-

2238 740 2376 797 ciori
2423 744 2741 794 exararuut.
2778 730 3082 787 Fatendum
3127 736 3318 783 tamen
3349 732 3452 788 est,
3476 736 3564 778 eos
3604 723 3763 792 saepius

2239 827 2574 901 simplicitati
2625 825 2925 889 studuisse;
2984 835 3086 875 nec
3130 826 3330 873 auctor
3376 822 3552 868 noster
3596 812 3764 882 absque

2242 927 2396 998 gravi
2431 925 2616 993 aliqua
2647 934 2832 985 causa,
2864 914 3119 971 fortassis
3160 920 3223 967 ut
3248 909 3526 964 veritatem
3551 904 3763 978 Diogneto

2243 1018 2464 1074 facilius
2504 1013 2881 1086 persuaderet,
2918 1009 3004 1064 his
3034 1003 3369 1075 eloquentia:
3394 1002 3620 1057 artiﬁciis
3640 1010 3764 1068 atque

2244 1107 2590 1166 ornamentis
2636 1120 2771 1160 usus
2820 1102 3005 1158 fuerit.
3044 1118 3064 1152 ι
3112 1097 3397 1152 Hactenus
3436 1094 3514 1147 vir
3546 1091 3764 1147 eruditus.

2243 1204 2362 1272 Qua
2406 1202 2475 1258 de
2516 1216 2578 1257 re
2620 1200 2882 1270 pleraque
2929 1193 3121 1260 habes,
3163 1186 3525 1245 solertissime
3563 1182 3765 1239 Fabricio

2244 1298 2383 1354 scite
2410 1294 2698 1351 observata
2727 1288 2865 1360 (22).

2450 1414 2515 1470 ll.
2556 1408 2845 1468 Nonnullis
2875 1403 3260 1477 objectionibus
3291 1396 3599 1455 occurritur.

2316 1527 2452 1596 Quae
2501 1535 2682 1582 autem
2734 1523 2845 1578 huc
2892 1534 3067 1591 usque
3110 1510 3611 1575 animadvertimus,
3639 1506 3763 1565 sicui

2248 1635 2407 1690 aquo
2440 1619 2625 1675 animo
2661 1614 2968 1686 expendere
3003 1611 3193 1677 libeat,
3224 1609 3321 1663 vix
3348 1604 3534 1661 dubito
3554 1600 3666 1673 quin
3696 1616 3766 1655 eo-

2180 1763 2221 1819 B
2248 1727 2371 1767 rum
2427 1708 2755 1766 sententiam
2806 1704 3206 1775 amplectatur,
3242 1697 3340 1769 qui
3381 1695 3541 1767 hujus
3576 1692 3765 1764 epistola

2359 1816 2369 1819 _
2574 1799 2723 1819 1,-.2,
2760 1814 2781 1819 -
2826 1797 2877 1819 Il
2934 1795 3106 1819 .__-s...
3148 1790 3507 1819 -.-...-.:n.mm
3535 1800 3641 1819 nam
3668 1785 3765 1819 Anii-

2250 1816 2529 1864 auctorem
2569 1799 2786 1856 Justiuo
2826 1797 2899 1853 Μ.
2934 1795 3109 1851 multo
3148 1790 3509 1848 vetustiorem
3535 1800 3642 1842 esse
3668 1785 3766 1840 deii-

2247 1899 2426 1954 niuut.
2474 1891 2766 1949 Nonnullis
2812 1889 3034 1961 quidem
3076 1885 3218 1941 viris
3259 1880 3470 1939 criticis
3493 1895 3554 1935 ex
3579 1878 3637 1933 iis
3666 1876 3765 1932 locis

2248 2005 2419 2048 unum
2438 1988 2523 2043 vel
2546 1986 2776 2041 alterum
2807 1983 2964 2038 aliter
2987 1978 3239 2049 accipere
3262 1976 3463 2047 placet,
3481 1986 3582 2042 quo
3599 1968 3764 2024 Justino

2248 2083 2532 2157 epistolam
2565 2085 2845 2142 asserunt;
2879 2073 2975 2130 sed
3016 2072 3126 2128 vim
3160 2067 3367 2125 inferre
3416 2064 3588 2120 verbis
3622 2062 3764 2117 viden-

2251 2154 2440 2239 tur,ut
2465 2187 2529 2228 ea
2552 2185 2775 2227 sensum
2810 2167 2962 2223 illum
3000 2162 3290 2220 effundant
3320 2173 3483 2229 quem
3508 2154 3762 2217 intendunt;

2251 2281 2375 2322 cum
2409 2273 2597 2320 contra
2624 2259 2945 2331 aequabilius
2975 2255 3148 2311 ﬂuant
3186 2251 3397 2317 omnia,
3426 2246 3518 2303 ubi
3541 2245 3601 2301 ad
3625 2260 3677 2301 ea
3706 2260 3764 2300 re-

2252 2360 2500 2417 ferantur
2531 2368 2778 2429 tempora
2806 2369 2927 2425 qua:
2955 2367 3022 2408 ex
3052 2351 3170 2421 ipso
3205 2353 3462 2404 contextu
3496 2339 3763 2397 extudimus.

2254 2453 2439 2525 Neque
2478 2451 2698 2507 demum
2736 2447 2862 2518 quis
2887 2446 3012 2515 jure
3044 2442 3150 2499 sibi
3196 2437 3523 2512 persuadeat
3549 2430 3764 2486 Justinum

2254 2544 2327 2600 M.
2359 2551 2456 2600 aut
2502 2543 2671 2597 alium
2710 2537 2960 2611 quemvis
2996 2536 3116 2606 ipso
3162 2530 3544 2592 recentiorem,
3581 2538 3679 2580 eam
3710 2519 3768 2574 lo-

2255 2637 2459 2709 quendi
2493 2635 2761 2690 rationem
2802 2631 2859 2686 in
2901 2637 3011 2685 tota
3044 2628 3134 2683 illa
3175 2623 3410 2696 epistola
3451 2630 3683 2689 usurpare
3707 2628 3769 2667 vo-

2256 2706 2446 2796 luisse,
2490 2742 2612 2801 quae
2656 2725 2906 2782 ultimam
2947 2719 3337 2792 antiquitatem
3384 2713 3571 2784 sapiat,
3596 2719 3647 2765 ut
3674 2706 3768 2762 viris

2263 2820 2492 2879 eruditis
2515 2828 2660 2875 recte
2694 2825 2942 2872 notatum
2968 2814 3102 2886 (ἓὸ).

2326 2936 2395 2992 At
2415 2934 2559 2991 enim
2586 2941 2795 2998 auctor,
2821 2929 2987 2986 tacito
3020 2926 3246 2983 nomine
3280 2921 3459 2988 Pauli,
3509 2926 3768 2973 antonoma-

2262 3028 2395 3083 stice
2415 3025 2659 3096 Apostoli
2681 3023 2840 3078 titulo
2857 3020 3035 3092 ipsum
3047 3018 3324 3089 designat,
3345 3028 3454 3084 quo
3468 3006 3667 3066 nonnisi
3684 3014 3771 3075 post

2186 3108 2228 3166 Ο
2260 3120 2444 3191 priora
2469 3116 2724 3172 Ecclesiae
2746 3113 2944 3170 saecula
2969 3110 3269 3182 insignitus
3296 3106 3467 3161 fuisse
3489 3097 3769 3170 comperitur.

2263 3190 2437 3277 Quam
2456 3208 2789 3280 facultatem,
2817 3201 3143 3276 (24)inquit,
3175 3216 3305 3254 cum
3333 3193 3651 3269 perspexisset
3674 3190 3773 3256 Αροο

2262 3304 2452 3370 stolus,
2476 3304 2506 3356 ὁ
2536 3295 3099 3363 ⁵Δπόστολος....άὶείι
3121 3309 3138 3347 :
3158 3289 3586 3363 Cognitioinﬂat,
3612 3281 3771 3337 dilectio

2264 3406 2441 3449 autem
2470 3390 2727 3461 wdiﬁcat.
2752 3386 2919 3458 Atqui
2963 3385 3031 3440 ad
3068 3385 3209 3438 hanc
3242 3380 3602 3438 difficultatem
3628 3370 3771 3427 tollen-

2264 3488 2390 3544 dam
2420 3502 2531 3541 non
2560 3499 2626 3539 eo
2653 3496 2787 3539 sane
2813 3489 2938 3536 utar
2976 3476 3199 3547 eﬂugio,
3248 3490 3360 3546 quo
3394 3481 3662 3528 extremam
3684 3461 3775 3531 Epi-

2266 3580 2423 3636 stolae
2461 3586 2696 3650 partem,
2730 3574 2799 3630 ab
2848 3573 2935 3629 his
2971 3571 3155 3628 verbis
3198 3564 3359 3631 οὗτος
3386 3568 3413 3621 ὁ
3451 3551 3773 3648 ἀπ’ἰάρχῆςθίί

2267 3672 2430 3726 finem
2485 3683 2681 3739 usque,
2713 3666 2784 3722 ab
2832 3665 2940 3721 alio
3004 3662 3244 3719 fortasse
3292 3641 3665 3716 assutam'cum
3690 3647 3774 3701 Ste-

2267 3761 2451 3831 phano
2476 3766 2530 3813 et
2554 3734 2846 3828 Sylburgio
2868 3753 2984 3826 (25)
3014 3752 3290 3823 suspicer.
3314 3748 3454 3803 Leve
3480 3754 3685 3813 namque
3706 3734 3774 3791 ad-

2268 3826 2493 3910 modum
2525 3826 2657 3906 illud
2685 3826 2775 3905 est
2798 3849 2943 3919 quod
2975 3852 3301 3918 praetexunt,
3322 3861 3341 3895 r
3364 3838 3601 3912 Epistolas
3618 3826 3773 3919 auctori

2269 3963 2383 4004 rem
2433 3960 2541 4001 non
2590 3935 2761 3999 fuisse
2801 3956 2927 3997 cum
2977 3937 3323 4003 Christiano,
3368 3931 3462 4004 qui
3498 3929 3572 3992 εἰς
3608 3918 3775 3977 τοιαῦτα

2271 4035 2381 4090 τῶν
2429 4034 2600 4104 λόγων
2644 4032 2785 4104 βάθη
2814 4038 3099 4101 penetrare
3122 4032 3346 4099 posset;
3398 4020 3489 4078 sed
3537 4031 3646 4074 cum
3682 4010 3773 4064 Dio-

2271 4138 2461 4201 gneto,
2493 4126 2819 4182 Christianae
2841 4124 3101 4180 doctrinae
3137 4121 3319 4177 adhuc
3349 4117 3489 4173 rudi.
3513 4133 3530 4167 s
3559 4106 3774 4181 Siquidem

2270 4223 2393 4277 viro
2445 4220 2524 4275 illi
2577 4218 2904 4274 Christianae.
2951 4214 3233 4285 religionis
3272 4205 3639 4281 cognoscenda:
3666 4195 3775 4267 cupi-

2273 4314 2525 4379 dissimo,
2553 4312 2814 4383 pleraque
2842 4309 2909 4364 iis
2939 4307 3121 4363 aftinia
3135 4322 3261 4378 qua:
3288 4303 3390 4362 sub
3404 4296 3640 4371 Epistolas
3658 4293 3775 4347 ﬁnem

2277 4412 2596 4469 occurrunt,
2635 4402 2689 4455 in
2726 4397 3104 4469 superioribus
3126 4394 3385 4468 proponit
3406 4382 3777 4451 auctorzcujus-

2280 4496 2426 4554 modi
2456 4504 2583 4551 sunt
2610 4510 2697 4561 ea,
2719 4492 2866 4564 quod
2901 4491 3045 4546 Deus
3078 4505 3185 4545 non
3216 4505 3326 4545 rem
3353 4493 3574 4543 creatam
3598 4472 3775 4535 miserit.

2282 4590 2375 4647 sed
2392 4588 2671 4660 proprium
2692 4585 2889 4641 Filium
2907 4602 2922 4652 ;
2940 4583 3085 4654 quod
3109 4597 3234 4640 sero
3256 4582 3451 4638 missus
3470 4574 3615 4631 fuerit
3630 4568 3774 4626 Filius,

2282 4699 2391 4754 quo
2416 4687 2810 4752 cognoscerent
2840 4677 3093 4733 homines
3129 4691 3199 4731 ex
3242 4672 3471 4746 peccatis
3503 4667 3608 4724 suis
3634 4677 3683 4718 se
3698 4658 3775 4713 vita

2282 4747 2538 4845 indignos
2564 4786 2723 4840 esse;
2756 4770 2903 4841 quod
2926 4767 2979 4823 in
3010 4767 3119 4823 alio
3148 4782 3311 4838 quam
3335 4764 3389 4820 in
3409 4760 3608 4817 Christo
3623 4747 3773 4845 justiti:

2284 4865 2400 4922 cari
2428 4865 2592 4920 homo
2622 4877 2731 4917 non
2767 4868 3001 4931 poterat,
3020 4834 3241 4925 etc.,—ut
3268 4852 3484 4928 proinde
3524 4834 3773 4915 bujusmodi

2286 4954 2550 5027 mysteria
2575 4929 2803 5010 edoctus
2827 4948 3150 5020 Diognetus,
3176 4948 3281 5003 illis
3303 4956 3508 5015 quoque.
3537 4939 3684 5005 ipsum
3702 4929 3771 4981 im'

2288 5015 2384 5104 hui
2440 5044 2587 5101 haud
2628 5015 2993 5112 incongruum
3021 5048 3159 5106 erat,
3188 5052 3307 5109 qua:
3356 5027 3613 5089 subdititia
3650 5015 3773 5093 gratis

2288 5138 2690 5198 existimantur.

2359 5228 2457 5285 His
2477 5229 2663 5299 itaque
2694 5224 2898 5292 missis,
2923 5222 3057 5278 illud
3084 5221 3263 5292 potius
3282 5230 3399 5274 cum
3424 5214 3534 5268 viro
3552 5208 3685 5264 docto
3711 5197 3771 5254 div

2209 4449 2253 4506 D

2364 5382 2692 5458 (22)]‘abr.
2744 5380 2922 5438 Salut.
2980 5378 3077 5432 lux
3132 5374 3331 5446 Evang.
3396 5385 3509 5441 cap.
3556 5364 3603 5430 9,
3644 5358 3667 5431 §
3706 5354 3766 5418 ίθν

2294 5581 2416 5657 Orsi
2448 5581 2613 5652 lstor.
2642 5594 2771 5649 eccl.
2802 5581 2896 5647 lib.
2931 5607 2993 5657 ιι,
3019 5588 3047 5657 ς
3072 5589 3165 5654 26,
3194 5581 3324 5643 ιόηι.
3350 5581 3412 5646 ll,
3441 5581 3488 5657 p:

2291 5455 2680 5627 Ῡέὅξῖξέηῑ.
2712 5521 2945 5605 Disquis.
2977 5519 3157 5574 chron.
3177 5531 3294 5587 cap.
3336 5529 3409 5573 γι.
3446 5508 3556 5582 5-4.
3577 5514 3680 5627 ἕλευ
3700 5492 3761 5547 π’·

2344 5615 2415 5627 .....
2484 5608 2595 5627 ..ιη-
2644 5594 2751 5627 nMr
2802 5594 2877 5627 hh
2931 5607 2967 5627 η
3019 5588 3142 5627 see
3194 5581 3409 5627 mmrlL
3441 5598 3488 5627 n.
3518 5576 3576 5627 38
3611 5612 3623 5627 .

2389 5599 2416 5654 il
2448 5588 2613 5652 Istor.
2642 5594 2771 5649 eccl.
2802 5588 2896 5677 lib.
2931 5607 2993 5657 ιι,
3018 5588 3165 5714 ὶᾷθ,
3194 5599 3324 5643 ιοηι.
3350 5588 3412 5646 ll,
3441 5598 3488 5651 p.
3518 5588 3623 5632 58:.

2389 5669 2481 5736 24)
2509 5667 2689 5721 Anon.
2718 5664 2885 5734 Epist.
2923 5663 2991 5715 ad
3034 5669 3263 5736 _tognet.
3300 5670 3414 5736 cap.
3588 5725 3667 5736 Μ
3698 5701 3744 5736 ﬂ

2347 5705 2482 5823 ut;
2509 5705 2700 5809 sagi:
2718 5705 3280 5802 saansaan.
3304 5705 3571 5782 audi...
3588 5705 3763 5784 paw-
