4038 6314
315 231 454 288 1165

1285 241 1622 300 EPISTULA
1651 245 1743 300 Αι)
1774 202 2202 308 procurarunt.
2238 285 2307 296 —
2351 256 2715 317 PROll‘MlA.

3451 282 3588 342 1166

304 352 543 407 cendum
591 353 896 423 putaverim
921 354 1037 425 (26)
1073 374 1093 408 ι
1125 358 1273 429 quod
1334 376 1459 417 cum
1502 361 1557 416 in
1600 371 1713 418 tota
1758 362 1884 434 Epi-
1912 370 1961 427 Α
1988 382 2108 421 oens
2150 371 2345 438 spiritu
2383 372 2716 444 loquebatur,
2746 388 2796 433 et
2826 381 3044 439 docebat
3070 387 3353 461 diligenter
3381 412 3445 450 ea
3466 414 3586 469 qua

302 444 449 499 stola
492 444 632 499 varii
670 458 967 502 occurrant
1000 448 1184 505 hiatus
1210 452 1483 523 variaeque
1510 453 1739 522 lacunae,
1769 457 1891 513 alite

300 535 607 602 breviores,
654 537 930 611 longiores
972 541 1122 608 aliae;
1147 552 1433 614 propterea
1480 560 1589 601 non
1622 547 1696 602 ita
1737 558 1889 605 certo

296 629 517 685 deliniri
549 639 749 700 potest,
767 649 1019 703 quaenam
1051 634 1253 690 ibidem
1280 635 1481 704 desint,
1499 654 1623 709 qua:
1653 639 1886 697 aliorum

294 737 439 777 mss.
470 738 573 793 ope
616 733 875 793 poterunt
905 725 1202 797 aliquando
1226 728 1489 799 suppleri.
1513 729 1582 785 Et
1629 747 1759 788 vero
1812 733 1885 788 ibi

296 814 533 871 forsitan
578 817 795 884 abi-asa,
845 819 932 875 vel
970 819 1177 877 omissa
1231 833 1336 889 est,
1382 831 1479 879 aut
1523 826 1746 880 evanuit
1778 841 1883 882 vox

292 906 534 973 Paulus,
565 925 688 980 quae
736 926 954 967 omnem
1001 913 1195 983 procul
1234 915 1401 972 dubio
1438 917 1603 974 solvit
1652 918 1884 990 hujusce

290 999 636 1056 difﬁcultatis
665 1002 892 1058 nodum.
926 1023 945 1055 ι
983 1003 1195 1072 Quibus
1226 1009 1399 1066 addas
1426 1011 1664 1067 maxime
1694 1012 1879 1080 velim,

288 1108 395 1147 cur
409 1093 626 1148 demum
641 1096 1021 1151 antonomasia
1046 1097 1132 1151 illa
1160 1098 1236 1153 uti
1258 1099 1403 1155 haud
1430 1102 1667 1171 potuerit
1695 1114 1879 1160 noster

285 1183 811 1256 Anonymus?Quod
830 1189 1225 1259 posterioribus
1241 1190 1495 1249 Patriltus
1510 1192 1879 1268 Ecclesiaeque

282 1280 651 1350 scriptoribus
707 1282 823 1338 sive
870 1284 1023 1340 licuit
1074 1285 1189 1341 sive
1219 1286 1398 1353 libuit,
1429 1288 1617 1358 quidni
1653 1298 1711 1347 et
1752 1291 1875 1347 viro

280 1373 625 1441 apostolico?
648 1373 890 1446 Denique
916 1377 1048 1447 quid
1071 1376 1568 1448 obstatquominus
1587 1379 1869 1451 ejusmodi

279 1464 544 1535 loquendi
576 1483 787 1523 morem
828 1469 897 1524 ab
927 1484 994 1525 eo
1040 1470 1277 1539 primum
1308 1470 1585 1528 invectum
1628 1474 1872 1545 reliquos

278 1573 585 1628 usurpasse
638 1561 933 1630 putemus?
987 1558 1127 1617 Vere
1176 1578 1416 1634 namque
1473 1580 1540 1621 ac
1595 1566 1874 1637 sapienter

1992 470 2114 514 sunt
2135 461 2200 515 de
2216 462 2530 522 Domino....
2543 471 2699 539 qui...
2717 475 2942 530 contulit
2956 479 3180 535 multum
3203 484 3285 537 his
3305 488 3396 555 qui
3415 461 3588 545 credi-

1991 552 2197 609 derant.
2208 594 2222 610 .
2232 596 2247 610 .
2266 555 2601 615 Vehementer
2611 566 2750 617 enim
2763 564 2979 624 Iudaeos
2996 552 3341 644 redarguebat
3352 579 3579 647 publice,

1991 648 2267 703 ostendens
2308 667 2402 720 per
2434 651 2741 725 Scripturas
2791 676 2902 715 esse
2944 660 3214 721 Christum
3235 667 3440 727 Iesum.
3474 674 3583 729 Ita-

1992 756 2099 812 que
2122 742 2167 798 si
2191 752 2376 801 tantus
2404 746 2488 801 vir
2514 757 2633 802 erat
2656 751 2874 821 Apollo,
2898 769 3022 810 cum
3051 758 3232 815 adhuc
3260 763 3394 819 solis
3417 764 3579 820 Chri-

1990 834 2182 890 stiana:
2217 835 2340 892 fidei
2364 838 2692 897 rudimentis
2738 853 2885 899 esset
2928 846 3195 917 imbutus,
3239 862 3293 908 et
3346 854 3576 915 Joannis

1988 925 2315 995 baptismate
2346 930 2939 1005 duntaxat'intinctus;
2971 951 3212 1010 quantus
3236 961 3402 1016 porro
3442 965 3575 1006 eva-

1986 1017 2127 1073 sisse
2162 1022 2462 1089 putandus.
2492 1034 2782 1097 postquam
2814 1029 3074 1103 deinceps
3115 1036 3403 1096 altioribus
3444 1043 3574 1097 relic

1986 1109 2167 1179 gionis
2205 1115 2481 1184 mysteriis
2509 1131 2539 1171 a
2572 1116 2859 1189 discipulis
2893 1122 3131 1193 Domini,
3170 1138 3336 1200 atque
3367 1131 3420 1186 in
3452 1135 3571 1204 pri-

1984 1200 2090 1255 mis
2128 1200 2196 1255 ab
2225 1202 2346 1273 ipso
2386 1207 2628 1275 gentium
2657 1209 2881 1268 doctore
2913 1213 3015 1271 fuit
3041 1217 3365 1277 institutus?
3392 1200 3468 1279 De
3501 1240 3569 1280 eo

1987 1305 2122 1347 sane
2152 1301 2384 1350 testatur
2411 1297 2711 1367 Apostolus
2732 1302 3100 1369 “,Ecclesiam
3154 1309 3565 1371 Corinthiacam

1980 1396 2018 1477 ιι
2036 1399 2095 1439 se
2110 1385 2433 1456 plantatam,
2460 1390 2611 1447 illum
2639 1394 2867 1464 copioso
2898 1398 3183 1468 sapientia:
3212 1417 3278 1457 ac
3297 1404 3565 1477 eloquen-

1980 1468 2070 1525 tiae
2102 1485 2216 1527 sum
2243 1473 2418 1531 imbre
2448 1478 2585 1533 adeo
2630 1479 2912 1552 irrigasse,
2944 1495 3003 1538 ut
3028 1486 3363 1545 uberrimam
3402 1468 3565 1563 sege-

1980 1566 2087 1619 tem
2130 1562 2392 1632 referens,
2426 1568 2741 1626 schismatis
2781 1574 2999 1629 occasio
3022 1575 3208 1646 fuerit,
3240 1562 3559 1638 Corinthio-

274 1649 712 1722 Chrysostomus
741 1652 855 1724 (27)
888 1671 902 1709 :
929 1654 1439 1710 ὌτανἈπόστολον
1460 1656 1641 1731 εἴπῃς,
1664 1658 1847 1723 εὐθέως

1975 1668 2101 1743 rum
2147 1655 2271 1714 aliis
2323 1658 2702 1720 dictitantibus
2738 1683 2750 1718 :
2788 1664 2898 1736 Ego
2944 1670 3156 1738 quidem
3195 1689 3314 1727 sum
3363 1674 3558 1743 Pauli;

273 1743 484 1808 πάντες
512 1744 673 1799 αὐτὸν
712 1745 999 1802 ἐννοοῦσιν*
1028 1747 1215 1821 ὥσπερ
1249 1748 1379 1803 ὅταν
1404 1749 1737 1824 Βαπτιστὴν,
1770 1752 1847 1806 εὐ-

1966 1742 2089 1798 aliis
2135 1761 2310 1804 vero:
2355 1748 2470 1821 Ego
2516 1763 2695 1807 autem
2746 1732 2966 1826 Apollo.
2992 1749 3191 1826 Quidni
3240 1780 3371 1836 ergo
3400 1732 3556 1824 lucu:

272 1836 421 1901 θὲως
460 1838 554 1892 τὸν
617 1840 890 1913 Ἰωάννην.
944 1859 965 1894 ι
999 1840 1231 1909 Quando
1272 1844 1595 1914 Apostolum
1632 1846 1862 1915 dixeris,

270 1935 463 1990 statim
514 1935 770 1993 omnibus
819 1936 908 1992 ille
949 1935 1197 2006 (Paulus)
1242 1940 1298 1996 in
1359 1950 1596 1997 mentem
1648 1942 1796 1998 venit
1841 1961 1856 1997 :

268 2027 742 2096 quemadmodum
771 2028 819 2083 si
845 2027 1169 2099 Baptistam,
1205 2031 1389 2087 statim
1411 2030 1680 2093 Joannem
1709 2032 1866 2088 intel-

265 2116 468 2187 ligunt.
513 2136 531 2168 ι
580 2117 720 2184 Quid
753 2118 899 2189 quod
942 2119 1253 2189 Apostolum
1303 2120 1628 2192 simpliciter
1657 2123 1844 2178 nomi-

264 2218 369 2265 nat
395 2211 773 2282 Athenagoras
798 2210 875 2266 De
904 2211 1121 2268 Resurr.
1154 2212 1181 2285 §
1211 2229 1507 2287 xvut,pag.
1538 2215 1631 2271 55.

258 2366 529 2448 nme
566 2369 810 2448 ejusdeut
835 2369 1091 2448 Epistolis
1118 2382 1307 2448 auctor
1330 2375 1512 2447 fuerit,
1540 2377 1853 2448 inquiritur.

337 2440 423 2494 An
467 2440 714 2531 CA‘l'emensJ
753 2440 1077 2531 .Romanus?
1124 2440 1379 2531 Fortasse
1419 2440 1854 2531 potius'Apollo,

333 2525 419 2565 τοι*
447 2510 896 2589 _Alea'andrinus,
922 2514 1273 2589 eloquens__ac
1305 2510 1532 2589 disertus
1561 2534 1581 2571 :
1612 2510 1762 2589 cujus
1799 2510 1856 2574 in

333 2583 484 2635 Actis
532 2582 893 2660 apostolorum
931 2582 1098 2660 _et‘in
1146 2585 1407 2660 Epistolis
1457 2582 1706 2660 Paulinis
1746 2590 1855 2660 fre-

334 2668 516 2729 quens_
539 2650 752 2729 mentio.
777 2650 877 2729 ,οε
891 2654 1176 2729 _Diogneto
1197 2650 1291 2711 "cui
1325 2658 1567 2729 Epistola
1607 2650 1853 2715 inscribi-

334 2730 444 2788 tur,
481 2724 645 2793 deque
685 2724 850 2794 ipsius
880 2722 1141 2795 Epistula?
1162 2722 1498 2799 priestautia,
1531 2732 1847 2787 observatio.

329 2850 458 2910 llaec
486 2871 615 2911 vero
636 2856 704 2911 de
730 2858 929 2928 quibus
968 2859 1236 2917 hactenus
1274 2861 1692 2934 edisseruimus,
1724 2866 1846 2921 ani-

252 2963 409 3002 mum
442 2949 691 3005 alliciunt
729 2961 784 3007 et
809 2952 1219 3023 quodammodo
1258 2957 1548 3030 impellunt
1575 2960 1643 3015 ad
1674 2960 1848 3033 inqui-

250 3040 509 3108 rendum,
543 3043 798 3112 quisnam
853 3045 925 3101 sit
973 3057 1166 3103 auctor
1191 3047 1448 3120 Epistolze
1480 3069 1494 3107 :
1531 3066 1643 3122 quo
1673 3052 1840 3108 semel
1868 3074 1913 3137 ρ

248 3132 396 3189 forte
421 3135 651 3204 detecto,
677 3136 790 3206 jam
843 3137 1006 3195 dictis
1034 3140 1128 3195 lux
1173 3142 1350 3213 major
1404 3146 1647 3200 accedet.
1680 3143 1837 3201 Unus

246 3223 568 3281 Baraterius
621 3227 955 3286 Clementem
1011 3230 1322 3287 Romanum
1378 3232 1522 3290 hanc
1591 3236 1835 3304 perscri-

241 3317 679 3391 psisseconjecit
721 3320 861 3393 (28),
894 3336 961 3377 eo
1012 3324 1362 3393 potissimum
1416 3327 1661 3392 nomine,
1688 3330 1835 3399 quod

240 3410 335 3465 ille
385 3410 455 3466 iis
502 3412 839 3482 temporibus
896 3414 1066 3469 vitam
1119 3415 1299 3487 egisse
1347 3428 1688 3489 compertum
1738 3421 1829 3487 sit,

238 3501 448 3572 quibus
477 3502 727 3559 ﬂoruisse
781 3506 1099 3575 perhibetur
1124 3517 1311 3564 noster
1356 3508 1699 3583 Anonymus.
1725 3511 1832 3568 Ve-

238 3609 375 3648 reor
402 3604 603 3663 tamen,
623 3605 683 3651 ut
706 3596 837 3652 illud
867 3598 1003 3654 satis
1027 3598 1244 3656 ﬁrmum
1272 3610 1566 3675 ratumque
1595 3604 1827 3676 sitquod

234 3690 463 3744 censuit
496 3689 578 3744 vir
614 3690 894 3757 eruditus,
923 3692 1217 3764 epistolam
1257 3710 1451 3766 nempe
1477 3713 1585 3768 qua
1613 3697 1681 3754 de
1712 3698 1827 3769 agi-

233 3794 390 3847 mus,
422 3781 620 3853 stylum
658 3780 948 3838 Paulinum
995 3784 1069 3840 ita
1104 3784 1310 3842 referre
1335 3796 1394 3842 ut
1417 3786 1570 3842 Pauli
1595 3802 1718 3845 esse
1742 3788 1826 3844 vi-

231 3871 466 3940 deatur;
500 3875 745 3944 adeoque
769 3875 1102 3933 Clementem
1131 3889 1409 3935 auctorem
1442 3895 1553 3952 prae
1578 3898 1638 3939 se
1658 3882 1819 3949 ferre,

230 3965 401 4035 cujus
431 3967 631 4036 stylum
675 3983 799 4023 cum
839 3968 1069 4025 Paulino
1102 3987 1353 4042 magnam
1402 3973 1605 4029 habere
1633 3974 1817 4030 aﬂini-

230 4066 403 4113 tatem
452 4060 612 4125 plane
656 4070 893 4117 constat.
921 4062 989 4117 At
1012 4078 1134 4134 ego,
1158 4064 1206 4119 si
1243 4064 1376 4135 quid
1408 4066 1585 4137 sapio,
1613 4068 1667 4122 in
1695 4084 1817 4125 eam

228 4153 422 4223 potius
476 4155 803 4209 sententiam
862 4154 1077 4221 iverim,
1113 4154 1308 4227 Apollo
1329 4158 1449 4229 ejus
1489 4162 1815 4231 scriptorem

227 4261 359 4301 esse
402 4250 834 4317 agnoscendum,
859 4247 926 4302 de
972 4261 1084 4319 quo
1124 4248 1239 4304 haec
1269 4247 1450 4306 Lucas
1491 4251 1547 4306 in
1577 4252 1727 4309 Actis
1748 4254 1770 4286 ⁸
1798 4274 1811 4309 :

240 4338 608 4404 Ἀπολλὼς...
637 4340 776 4413 ἀνὴρ
818 4341 1060 4412 λόγιος...
1093 4343 1315 4409 δυνατὸς
1341 4343 1417 4399 ὢν
1438 4346 1498 4398 ὲν
1520 4349 1641 4410 ταῖς
1672 4348 1814 4411 Γρα-

1966 1836 2328 1901 lentissimam
2386 1843 2671 1915 scripserit
2697 1848 2985 1918 epistolam
3013 1852 3098 1907 vir
3128 1855 3552 1929 Alexandrinus,

1964 1929 2225 2000 eloquens,
2250 1942 2434 2003 potens
2456 1938 2509 1990 in
2534 1936 2856 2009 Scripturis,
2882 1942 3087 2011 fervens
3114 1946 3310 2015 spiritu
3337 1960 3389 2005 et
3413 1953 3553 2009 viam

1964 2020 2185 2079 Domini
2224 2028 2481 2084 edoctus?
2521 2029 2723 2098 Quidni
2752 2035 2838 2090 vir
2867 2035 2959 2092 ille
2992 2041 3348 2111 apostolicus,
3372 2047 3552 2103 scien-

1965 2116 2064 2183 tia,
2092 2118 2195 2174 (ide
2221 2135 2285 2175 ac
2313 2122 2516 2191 pietate
2542 2134 2839 2195 praestans;
2871 2129 2966 2200 qui
2997 2148 3059 2186 ea
3082 2132 3364 2205 diligenter
3388 2138 3549 2195 doce-

1962 2208 2050 2264 bat
2094 2226 2211 2280 qua:
2256 2222 2379 2267 sunt
2410 2215 2475 2270 de
2507 2215 2766 2287 Domino,
2792 2237 2887 2289 per
2930 2222 3239 2293 Scripturas
3268 2231 3547 2286 ostendens

1964 2301 2138 2371 ipsum
2159 2319 2268 2358 esse
2300 2304 2607 2371 Christum;
2632 2310 2837 2381 quique
2861 2322 2981 2369 erat
3013 2313 3191 2385 λόγιος
3225 2321 3255 2374 ὁ
3284 2323 3546 2396 ποτιστης

1957 2392 2064 2484 τῷν
2078 2394 2315 2467 Χριστοῦ
2333 2397 2594 2484 tianer
2609 2420 2628 2453 s
2647 2402 2911 2473 eloquens
2929 2392 3541 2484 rigatordiscipulorum

1957 2478 2164 2572 Christi
2203 2502 2222 2535 ι
2259 2493 2320 2538 ιιι
2362 2483 2423 2540 S.
2469 2484 2576 2541 Nili
2614 2490 2777 2547 verba
2825 2508 3085 2566 usurpem
3106 2499 3252 2572 (29);
3282 2478 3538 2563 sublimia

1955 2569 2047 2625 illa
2082 2575 2340 2645 mysteria
2363 2576 2430 2632 de
2456 2578 2595 2634 Filio
2627 2579 2718 2638 Dei
2749 2583 3123 2657 edisseruerit,
3155 2569 3279 2662 quae
3322 2599 3539 2655 suavis-

1952 2662 2106 2760 sime
2122 2666 2345 2737 eloquio
2371 2669 2699 2743 Diognetum
2720 2690 2782 2731 ea
2811 2677 2866 2733 in
2893 2679 3122 2750 epistola
3153 2685 3347 2742 edocet
3381 2689 3537 2760 (50)?

1950 2752 2144 2823 Apollo
2160 2757 2442 2814 enimvero
2462 2771 2660 2819 cetera
2678 2767 2863 2823 omnia
2886 2782 3216 2842 congruunt,
3231 2791 3353 2846 qua?
3371 2752 3536 2836 modo

1949 2863 2017 2902 ex
2065 2849 2240 2920 ipsius
2286 2851 2546 2923 Epistolze
2575 2867 2835 2916 contextu
2871 2861 3191 2937 deprompta
3228 2869 3531 2930 illustravi-

1949 2954 2073 2997 mus
2085 2959 2104 3035 ξ
2132 2942 2376 3015 illudque
2403 2949 2778 3018 potissimum,
2810 2955 2955 3024 quod
2977 2955 3206 3015 Paulum
3232 2977 3531 3035 suppresso

1950 3031 2174 3089 nomine
2227 3036 2544 3106 Apostolum
2599 3041 2923 3113 simpliciter
2985 3031 3528 3126 appellarat—quem

1941 3139 2113 3180 unum
2140 3128 2353 3186 scilicet
2377 3129 2575 3201 Ephesi
2609 3139 2974 3197 conveniens'
3009 3156 3135 3197 cum
3164 3160 3342 3216 eoque
3379 3152 3525 3206 ami-

1938 3215 2157 3274 cissime
2172 3235 2362 3292 agens,
2386 3223 2531 3281 illius
2557 3226 2971 3288 sollicitudinem
3000 3236 3235 3291 omnium
3253 3215 3524 3299 Ecclesia-

1935 3309 2090 3361 rum'
2119 3312 2290 3381 probe
2320 3316 2560 3372 tenebat.

2002 3398 2192 3473 Neque
2230 3402 2365 3461 illud
2415 3408 2641 3465 omittas
2685 3413 2848 3470 velim
2881 3418 2948 3473 ad
2991 3423 3255 3492 temporis
3285 3428 3521 3484 notatio-

1932 3506 2056 3547 nem
2087 3495 2264 3567 magis
2293 3498 2474 3556 adhuc
2497 3507 2852 3562 astruendam
2882 3510 3065 3567 virum
3106 3514 3257 3572 hunc
3288 3530 3516 3590 aposto-
3632 3516 3649 3547 ν’

1930 3585 2095 3644 licum
2119 3589 2174 3645 in
2202 3592 2340 3648 vivis
2363 3595 2540 3667 egisse
2565 3613 2712 3655 anno
2734 3601 2802 3656 64
2820 3604 2956 3675 (51),
2984 3607 3070 3662 vel
3092 3610 3277 3678 potius
3298 3585 3389 3677 6-5,
3414 3615 3482 3671 de
3500 3645 3515 3658 -

1927 3681 2141 3739 sinente
2173 3684 2314 3758 (52),
2343 3703 2454 3759 quo
2492 3706 2650 3747 suam
2708 3696 2928 3766 scripsit
2965 3696 3171 3759 Paulus
3212 3704 3282 3761 ad
3325 3706 3508 3763 Titum

1924 3772 2223 3868 [Epistolam
2249 3798 2263 3835 :
2290 3780 2344 3835 in
2371 3796 2434 3837 ea
2466 3784 2611 3838 enim
2634 3786 2729 3841 dat
2757 3788 2859 3859 ipsi
2887 3792 3206 3849 mandatum
3236 3796 3304 3852 de
3317 3797 3510 3868 Apollo

1923 3866 2083 3923 Creta
2129 3868 2429 3942 Nicopolim
2462 3877 2861 3948 prtemittendo,
2890 3882 2982 3937 ubi
3015 3884 3259 3943 hiemare
3290 3866 3473 3945 statue
3502 3920 3508 3927 -

1921 3968 2035 4028 rat;
2067 3970 2130 4017 ut
2174 3964 2404 4033 proinde
2452 3968 2675 4027 ineunte
2721 3988 2868 4029 anno
2908 3974 3232 4047 insequente
3273 3980 3363 4051 66,
3408 3998 3503 4039 co-

1922 4054 2107 4110 mitem
2168 4073 2290 4114 sese
2346 4059 2661 4131 adjunxerit
2704 4067 2953 4136 apostolo
3000 4070 3231 4142 ipsemet
3266 4074 3497 4146 Apollo,

1919 4148 2167 4220 adeoque
2207 4168 2365 4209 suam
2411 4154 2675 4227 Diogneto
2705 4156 3006 4230 Epistolam
3037 4165 3141 4221 sub
3177 4166 3319 4225 idem
3362 4180 3499 4228 tem-

1914 4255 2019 4309 pus
2050 4250 2145 4297 aut
2170 4245 2333 4314 paulo
2355 4247 2533 4304 serius
2560 4249 2922 4322 inscripserit.

1985 4334 2121 4403 Quis
2152 4354 2317 4409 porro
2349 4341 2514 4400 fuerit
2540 4343 2839 4418 Diognetus
2872 4349 2984 4418 ille,
3010 4351 3494 4428 planeincomper—

230 4437 381 4501 φαῖς.
432 4428 597 4499 Οὗτος
627 4430 695 4506 ἦν
731 4436 1109 4508 κατηχημένος
1146 4437 1245 4511 τὴν
1284 4437 1401 4492 ὁδὸν
1443 4437 1538 4492 τοῦ
1579 4438 1808 4511 Κυρίου,
1842 4422 1847 4475 Ῑ

1953 4444 2052 4482 ιιιι.
2083 4428 2271 4500 Neque
2297 4433 2465 4501 enim,
2488 4436 2535 4490 si
2560 4439 2692 4507 quid
2722 4440 2881 4510 pretii
2908 4441 3146 4499 habeant
3179 4462 3301 4517 qum
3330 4421 3492 4506 modo

229 4532 327 4584 καὶ
365 4528 502 4594 ζέων
546 4530 625 4601 τῷ
668 4530 960 4602 πνεύματι,
990 4532 1166 4588 ἐλάλει
1212 4534 1307 4587 καὶ
1350 4532 1626 4586 ἐδίδασκεν
1655 4532 1815 4604 ἀκρι-

228 4620 341 4683 ϐῶς
362 4619 432 4673 τὰ
453 4620 579 4692 περὶ
603 4619 697 4674 τοῦ
721 4621 1016 4693 Κυρίου....
1186 4621 1505 4677 συνεϐάλετο
1534 4621 1667 4677 πολὺ
1699 4624 1811 4685 τοῖς

227 4715 703 4768 πεπιστευκόσι....
722 4713 965 4778 Εὐτόνως
984 4714 1092 4786 γὰρ
1118 4718 1230 4779 τοῖς
1266 4715 1534 4779 Ἰουδαίοις
1559 4715 1812 4792 διακατη-

227 4802 452 4875 λέγχετο
489 4805 745 4878 δημοσίᾳ,
772 4792 1077 4871 ἐπιδεικνὺς
1116 4807 1204 4861 διὰ
1244 4807 1352 4861 τῶν
1393 4808 1646 4881 Γραφῶν,
1670 4805 1807 4865 εἶναι

227 4897 317 4950 τὸν
349 4897 581 4970 Χριστὸν
615 4898 842 4969 Ἰησοῦν.
868 4898 1123 4969 Apollo...
1156 4902 1237 4955 vir
1268 4900 1583 4971 eloquens...
1622 4912 1803 4972 potens

228 4984 281 5038 in
308 4984 632 5056 Scripturis.
656 4986 762 5042 Hic
789 4998 904 5043 erat
929 4989 1145 5044 edoctus
1175 4991 1317 5045 viam
1345 4990 1586 5059 Domini,
1622 5002 1671 5047 et
1696 4993 1803 5063 [er-

336 5164 496 5223 ‘Act.
528 5184 686 5234 xvm,
718 5168 890 5225 21-28
999 5170 1064 5225 ⁸1
1115 5169 1246 5228 Cor.
1269 5187 1310 5241 ι,
1359 5170 1471 5241 12ς
1526 5186 1615 5239 ιιι,
1671 5173 1789 5230 4-6.

291 5346 405 5416 (26)
430 5344 627 5401 Nonrr.
660 5346 859 5418 Appar.
886 5347 955 5401 ad
980 5347 1106 5402 bibl.
1132 5346 1273 5415 PP.,
1298 5356 1430 5403 tom.
1454 5348 1496 5413 l,
1524 5362 1644 5418 pag.
1666 5349 1793 5405 446.

292 5418 721 5490 (27)_Chrysost.
754 5417 913 5473 Hom.
945 5434 1011 5473 LV
1042 5420 1101 5473 ir.
1130 5422 1285 5487 Acta,
1318 5435 1446 5490 opp.
1483 5417 1615 5475 ιιον.
1658 5423 1790 5477 edit.

225 5496 355 5543 tom.
388 5487 481 5547 IX.
509 5487 631 5557 pag.
660 5489 785 5543 415.

290 5561 406 5635 (ξιξ)
438 5557 887 5635 §a_rat_.__Disquis._
914 5559 1122 5635 chr_o_n.,
1153 5575 1273 5635 cap.
1304 5562 1357 5635 6,
1403 5560 1453 5634 §.
1476 5562 1531 5629 5,
1550 5578 1671 5635 pag.
1701 5564 1786 5620 Π.

298 5627 408 5704 (ἓῇ)
438 5627 568 5704 Nil.,
594 5629 689 5704 lib.
708 5627 779 5704 tt,
806 5632 968 5704 epist.
991 5633 1083 5697 45,
1107 5627 1236 5704 ρος.
1254 5632 1377 5687 140.

294 5700 405 5764 (50)
429 5702 607 5757 Anon.
645 5698 813 5772 Epist.
841 5698 910 5757 ad
935 5698 1203 5774 Μυριάνεᾷ
1229 5721 1386 5776 capp.
1421 5707 1573 5762 7-12.

1914 4523 2297 4591 expendimus,
2348 4525 2517 4583 fuisse
2558 4529 2607 4586 is
2664 4534 3065 4593 existimandus
3116 4554 3280 4608 quem
3344 4545 3487 4613 apud

1910 4613 1983 4671 M.
2000 4616 2647 4701 AureliumAntoninum
2674 4626 2971 4696 plurimum
2993 4633 3234 4690 valuisse
3255 4646 3488 4693 testatur

1907 4706 2249 4778 Capitolinus
2288 4712 2429 4783 (55).
2482 4712 2540 4768 Id
2587 4732 2757 4773 unum
2810 4722 3066 4780 novimus
3112 4742 3180 4782 ex
3224 4726 3484 4798 Epistolas

1906 4811 2129 4858 auctore
2155 4804 2292 4875 (3i),
2352 4806 2504 4863 illum
2548 4808 2721 4867 fuisse
2758 4813 2937 4871 virum
2987 4819 3298 4889 κράτιστον,
3344 4840 3483 4892 prte-

1904 4896 2316 4963 stantissimum,
2338 4902 2432 4971 qui
2480 4919 2681 4975 magno
2711 4904 3037 4967 Christiana:
3064 4914 3344 4983 religionis
3380 4932 3479 4971 co-

1901 4988 2229 5058 gnoscendte
2276 4990 2552 5052 desiderio
2605 4997 2888 5071 ﬂagrabat.
2929 5002 2997 5058 Et
3040 5006 3225 5075 plures
3252 5007 3474 5077 quidem

1898 5187 1967 5242 "l
2003 5188 2129 5248 Cor.
2181 5210 2292 5261 xvr,
2320 5196 2408 5252 12.
2547 5200 2571 5234 ⁸
2594 5199 2641 5257 ll
2679 5201 2890 5264 Cor.xr.
2914 5206 3013 5275 27;
3046 5206 3151 5265 Τιι.
3190 5226 3274 5277 ιιι,
3310 5212 3399 5273 15.

1962 5367 2076 5507 ἵει)
2112 5368 2246 5428 Mill.
2274 5371 2570 5446 Prolegom.
2605 5379 2674 5431 ad
2708 5378 2780 5434 Ν.
2813 5380 2900 5445 Τ..
2934 5381 2961 5453 §
3017 5383 3139 5448 122,
3168 5399 3221 5453 p.
3249 5386 3315 5440 li

1985 5438 2077 5507 52;
2106 5438 2294 5499 Pears.
2312 5445 2510 5503 Annal.
2536 5446 2787 5507 Paul..D.
2812 5452 2903 5507 22.
2926 5462 2980 5506 et
3001 5451 3140 5507 Onu.
3162 5459 3315 5507 nosth

1985 5438 2077 5528 ἕξ)
2098 5438 2294 5528 Pears.
2312 5438 2510 5503 Annal.
2536 5446 2718 5515 Paul.,
2733 5466 2787 5520 p.
2812 5438 2903 5519 22;
2926 5438 2980 5506 Et
3001 5438 3140 5525 Oppi
3160 5438 3417 5525 ρόεὶιιυηι
3445 5497 3464 5528 ,

1891 5523 1947 5578 ιιι
1977 5508 2061 5582 Π.
2090 5526 2208 5582 ερα-

2104 5580 2351 5662 ‘Ca‘pitol;
2370 5586 2425 5662 in
2454 5589 2706 5662 Antonin.
2738 5591 2856 5658 vit.,
2881 5609 3001 5662 cap.
3037 5596 3091 5650 4.

1959 5650 2269 5710 (54ὶΑιιὸιι.
2304 5654 2473 5725 Epist.
2497 5659 2565 5712 ad
2604 5650 2870 5733 Dioqneti,
2903 5650 3021 5737 cap.
3056 5667 3103 5721 1.
