4038 6314
310 331 335 384 ι
354 314 463 386 ιδσ

1481 328 1822 386 EPISTOLA
1854 328 1946 383 AD
1980 326 2400 385 DIOGNETUM.

3422 332 3560 387 ll70

303 451 555 523 νόμενος,
604 447 793 521 ὥσπερ
841 447 900 514 ἐξ
956 447 1167 521 ἀρχῆς,
1215 448 1400 514 καινὸς
1450 450 1766 523 ἄνθρωπος,
1817 448 1889 513 ὡς

1997 446 2371 517 pedimentum
2426 445 2649 517 aliquod
2677 488 2693 513 ,
2727 445 3014 517 rejcceris,
3047 455 3104 503 et
3145 445 3323 502 factus
3368 445 3556 513 fueris,

304 541 376 595 ἂν
438 539 533 593 καὶ
579 538 737 607 λόγου
808 538 999 593 καινοῦ
1072 540 1370 611 (καθάπερ
1418 541 1513 594 καὶ
1556 541 1718 605 αὐτὸς
1748 540 1889 612 ὡμο-

301 618 582 703 λόγηὲας)
634 631 911 703 ἀκροατὴς
967 632 1222 703 ἐσόμενος
1245 649 1260 663 ο
1312 632 1388 686 ἴδε
1442 632 1517 705 μὴ
1573 632 1731 704 μόνον
1776 635 1889 697 τοῖς

302 722 625 794 ὀφθαλμοῖς,
679 721 816 775 άλλά
865 724 959 775 καὶ
1008 726 1075 793 τῇ
1128 723 1424 794 φρονήσει,
1476 723 1621 787 τίνος
1649 722 1888 777 ὑποστά-

306 814 449 880 σεως
474 814 583 886 (42)
610 813 643 884 ἢ
683 813 829 877 τίνος
873 814 1046 878 εἴδους
1073 816 1431 885 τυγχάνουσιν
1472 813 1566 878 οὓς
1595 816 1769 888 ἐρεῖτε
1795 815 1890 868 καὶ

302 907 560 979 νομίζετε
609 906 785 972 θεους.
815 908 929 979 Ούχ
973 909 1002 960 6
1032 906 1129 978 μέν
1176 924 1282 971 τις,
1310 906 1455 971 λίθος
1498 908 1677 972 ἐστὶν,
1705 908 1889 979 ὅμοιος

301 996 386 1067 τῷ
441 998 801 1071 πατουμένῳ;
853 1001 880 1053 6
944 998 1031 1062 δ’,
1097 997 1216 1051 ἐστὶ
1286 997 1521 1069 χαλκὸς,
1589 999 1650 1051 οὺ
1700 998 1887 1071 κρείσ-

305 1106 420 1141 σων
445 1089 554 1142 τῶν
580 1090 661 1153 είς
683 1089 781 1162 τὴν
800 1091 995 1162 χρῆσιν
1016 1091 1148 1162 ἡμῖν
1168 1090 1436 1161 κεχαλκευ
1445 1090 1620 1161 μένων
1646 1090 1887 1158 σκευῶν;

302 1181 459 1247 ὀδὲ,
531 1181 725 1249 ξύλον,
796 1184 895 1254 ἤδη
970 1184 1065 1237 καὶ⁸
1134 1182 1409 1254 σεσηπὸς;
1477 1185 1506 1236 6
1550 1182 1647 1245 δὲ,
1717 1183 1888 1255 ἄργυ-

306 1292 443 1346 ρος,
495 1273 712 1347 χρῄζων
755 1272 1045 1347 ἀνθρώπου
1092 1272 1186 1327 τοῦ
1238 1272 1568 1343 φυλάξοντος
1611 1273 1754 1345 (45),
1802 1276 1889 1327 ἵνα

306 1368 387 1440 μὴ
438 1368 665 1439 κλαπῇ;
713 1370 742 1421 6
789 1367 889 1433 δὲ,
940 1367 1196 1439 σίδηρος,
1248 1366 1355 1419 ὑπὸ
1421 1366 1502 1419 ἰοῦ
1557 1366 1889 1437 διεφθαρμέ-

307 1474 433 1523 νοςς
481 1459 511 1512 6
555 1457 649 1520 δὲ,
699 1456 995 1529 ὄστρακον,
1044 1458 1197 1511 οὐδὲν
1244 1456 1338 1511 τοῦ
1382 1458 1886 1529 κατεσκευασμένου

305 1547 449 1619 πρὸς
471 1546 569 1619 τὴν
593 1549 925 1619 ἀτιμοτάτην
955 1548 1257 1620 ὑπηρεσίαν
1303 1548 1737 1621 εὐπρεπέστερον
1761 1565 1776 1615 ;
1823 1548 1886 1602 οὐ

270 1668 281 1677 ι
305 1640 557 1711 φθαρτῆς
599 1638 731 1709 ὕλης
766 1640 941 1694 ταῦτα
982 1641 1192 1706 πάντας
1244 1640 1343 1712 οὐχ
1388 1639 1494 1693 ὑπὸ
1528 1639 1745 1712 σιδήρου
1794 1638 1889 1693 καὶ

306 1726 486 1797 πυρὸς
546 1727 987 1799 κεχαλκευμένα;
1054 1730 1153 1800 οὐχ
1213 1729 1242 1783 6
1304 1730 1403 1801 μὲν
1467 1729 1681 1793 αὐτῶν,
1753 1729 1890 1783 λιθο-

1988 538 2137 592 velut
2169 536 2238 591 ab
2264 535 2444 603 initio,
2479 551 2655 590 novus
2687 537 2873 601 homo,
2909 544 3096 607 utpote
3127 536 3401 593 sermonis
3423 538 3551 592 novi

1989 622 2156 700 (sicut
2188 638 2241 685 et
2290 629 2404 699 ipse
2457 628 2748 684 confessus
2790 629 2873 697 es)
2903 629 3120 684 auditor
3156 628 3557 693 futurus;vide

1988 740 2095 779 non
2137 723 2316 778 solum
2350 722 2546 789 oculis,
2584 724 2677 779 sed
2711 722 2874 777 etiam
2903 721 3191 792 prudentia
3217 764 3232 789 ,
3260 722 3418 789 cujus
3448 722 3557 778 sint

1990 814 2334 877 substantiae,
2395 821 2490 867 aut
2543 812 2702 881 cujus
2727 811 2952 879 format,
3008 811 3044 866 ii
3075 828 3215 882 quos
3255 812 3466 867 vocatis
3504 818 3557 864 et

1987 904 2321 962 existimatis
2369 906 2520 959 deos.
2564 902 2755 959 Nonne
2808 920 3002 959 eorum
3054 904 3194 959 alius
3221 904 3440 974 quidem
3474 910 3559 957 est

1988 998 2145 1069 lapis,
2168 996 2218 1052 ei
2237 997 2329 1067 qui
2351 997 2589 1053 calcatur
2612 996 2849 1051 similis?
2874 996 3016 1051 alius
3046 1004 3226 1050 autem
3256 1004 3340 1050 est
3359 1010 3453 1057 aes,
3480 992 3558 1047 ni-

1988 1090 2101 1145 hilo
2134 1090 2329 1145 melius
2364 1104 2528 1159 quam
2568 1105 2690 1159 qua:
2716 1088 2770 1142 in
2816 1104 2977 1144 usum
3010 1098 3259 1143 nostrum
3294 1086 3556 1141 fabricata

1986 1183 2299 1239 suntvasa?
2321 1182 2463 1236 alius
2485 1181 2712 1251 lignum,
2740 1188 2791 1234 et
2812 1180 3032 1250 quidem
3055 1181 3217 1235 etiam
3246 1178 3559 1252 putridum?

1986 1274 2147 1337 alius,
2182 1281 2487 1343 argentum,
2517 1273 2604 1325 cui
2641 1287 2777 1340 opus
2813 1280 2894 1327 est
2944 1271 3164 1326 homine
3191 1271 3555 1337 custodituro,

1988 1380 2057 1419 ne
2088 1363 2234 1419 furto
2268 1363 2580 1419 auferatur?
2611 1364 2773 1427 alius,
2812 1363 3017 1419 ferrum
3053 1364 3304 1434 rubigine
3362 1376 3561 1417 corru-

1985 1454 2171 1526 ptum?
2197 1452 2339 1508 alius
2369 1461 2529 1517 testa,
2562 1453 2734 1507 nihilo
2761 1453 3060 1522 speciosior
3109 1468 3172 1507 ea
3211 1468 3333 1521 quae
3363 1454 3430 1507 ad
3458 1453 3556 1508 ab-

1981 1544 2344 1614 jectissimum
2376 1544 2740 1598 ministerium
2768 1544 2907 1598 facta
2933 1544 3059 1599 est?
3086 1541 3277 1597 Nonne
3295 1558 3361 1597 ex
3384 1552 3559 1599 mate-

1987 1639 2069 1695 ria
2096 1637 2435 1709 corruptioni
2452 1638 2685 1692 obnoxia
2714 1648 2843 1694 sunt
2860 1638 2975 1692 haec
2993 1637 3213 1691 omnia?
3230 1651 3409 1689 nonne
3426 1634 3554 1691 ferri

1986 1741 2042 1786 et
2070 1731 2212 1802 ignis
2241 1746 2343 1799 ope
2372 1729 2674 1785 fabricata?
2706 1745 2886 1785 nonne
2919 1744 3109 1783 eorum
3140 1728 3288 1784 aliud
3319 1728 3559 1798 sculptor

306 1815 451 1883 ξόος’
500 1817 529 1871 6
578 1819 656 1881 δὲ,
709 1819 976 1891 χαλκεύς·
1025 1820 1053 1874 6
1101 1821 1197 1885 δὲ,
1248 1820 1660 1893 άργυροκόπος’
1722 1820 1751 1873 6
1792 1821 1883 1885 δὲ,

1991 1823 2421 1893 lapidum,aliud
2455 1823 2607 1877 faber
2634 1820 3047 1884 aararius,aliud
3081 1821 3423 1890 argentarius
3476 1818 3562 1874 fa-

307 1911 590 1980 κεραμεὺς
634 1898 900 1979 έπλα’σεν;
950 1913 1010 1967 οὐ
1068 1915 1197 1985 πρὶν
1260 1913 1369 1984 (44)
1418 1914 1451 1985 ἢ
1498 1916 1621 1978 ταῖς
1669 1914 1887 1984 τέχναις

307 2000 517 2053 τούτων
544 2002 624 2065 εἰς
648 2003 745 2074 τὴν
776 2002 988 2074 μορφὴν
1013 2003 1215 2058 τούτων
1242 2004 1643 2074 ὲκτυπωθῆναι,
1671 1999 1736 2075 ἦν
1761 2004 1888 2057 ἕκα-

311 2106 440 2156 στος
465 2093 646 2148 αὐτῶν
672 2094 885 2164 ἑκάστῳ
917 2094 996 2148 ἔτι
1019 2096 1113 2149 καὶ¹
1138 2094 1232 2149 νῦν
1275 2096 1845 2168 μεταμεμορφωμένον
1870 2112 1884 2161 ;

309 2184 371 2238 οὐ
424 2184 495 2237 τὰ
542 2184 637 2238 νῦν
693 2187 759 2239 ὲκ
807 2187 906 2257 τῆς
932 2188 1101 2257 αὐτῆς
1130 2186 1263 2259 ὕλης
1308 2188 1435 2241 ὅντα
1478 2186 1646 2259 σκεύη
1684 2186 1885 2257 γένοιτ’

308 2276 418 2341 ἂν,
472 2277 521 2329 εἰ
572 2276 725 2349 τύχοι
786 2277 895 2331 τῶν
943 2280 1123 2334 αὐτῶν
1166 2281 1461 2352 τεχνιτῶν,
1509 2282 1669 2352 ὃμοια
1712 2280 1887 2334 τοιού-

311 2385 428 2431 τοις
459 2367 611 2441 (45);
658 2369 719 2421 οὐ
747 2369 919 2423 ταῦτα
965 2370 1127 2424 πάλιν
1165 2370 1235 2425 τά
1279 2371 1373 2425 νῦν
1400 2371 1491 2441 ὑφ’
1519 2371 1671 2442 ὑμῶν
1712 2389 1884 2444 προσ-

311 2459 623 2531 κυνούμενα
646 2500 661 2525 ,
689 2460 886 2515 δύναιτ’
932 2462 997 2515 ἂν
1043 2462 1148 2515 ὑπὸ
1180 2462 1481 2535 ἀνθρώπων
1522 2462 1689 2535 σκεύη
1727 2464 1886 2536 ὃμοια

311 2554 564 2625 γενέσθαι
609 2558 722 2619 τοῖς
786 2555 1031 2621 λοιποῖςς
1077 2557 1138 2609 ού
1190 2556 1350 2628 κωφά
1410 2559 1617 2623 πάντα;
1674 2558 1735 2611 ού
1785 2576 1883 2611 τυ-

313 2647 460 2717 φλὰς
496 2648 595 2701 οὐκ
619 2647 839 2719 άψυχας
877 2649 977 2702 οὐκ
1013 2648 1347 2721 ἀναίσθητα;
1390 2650 1490 2702 οὐκ
1530 2650 1759 2722 ἀκίνητα
1783 2667 1796 2716 ;
1824 2652 1884 2705 ού

311 2739 491 2792 πάντα
515 2740 797 2811 σηπόμενα
822 2757 836 2805 ;
864 2740 923 2794 ού
954 2741 1130 2794 πάντα
1158 2740 1513 2812 φθειρόμενα;
1535 2741 1708 2796 ταῦτα
1732 2742 1887 2807 θεοὺς

309 2829 548 2894 καλεῖτε,
577 2831 786 2895 τούτοις
813 2830 1109 2894 δουλεύετε,
1154 2830 1364 2895 τούτοις
1388 2834 1740 2903 προσκυνεῖτε
1762 2848 1776 2862 ο
1801 2831 1888 2885 τέ-

308 2918 433 2974 λεόν
454 2938 513 2975 τε
539 2922 671 2995 (46).
700 2962 715 2977 .
746 2962 759 2976 .
803 2922 1153 2994 ὲξομοιοῦσθε
1172 2940 1184 2952 ·
1210 2922 1298 2976 διὰ
1323 2922 1483 2977 τοῦτο
1522 2926 1726 2995 μισεῖτε
1751 2925 1885 2995 Χρι-

312 3016 580 3080 στιανοὺς,
599 3016 681 3068 ὅτι
703 3014 925 3078 τούτους
951 3016 1049 3086 οὐχ
1075 3013 1332 3085 ἡγοῦνται
1360 3015 1533 3081 θεούς.
1574 3018 1760 3088 Ὑμεῖς
1781 3016 1889 3089 γὰρ

1986 1915 2105 1979 ber,
2139 1914 2287 1968 aliud
2322 1915 2518 1986 figulus
2544 1913 2737 1968 ﬁnxit?
2794 1914 3127 1982 minimeque
3160 1912 3215 1966 in
3246 1911 3408 1967 talem
3442 1912 3559 1967 for-

1985 2019 2131 2061 mam
2156 2006 2587 2075 unumquodque
2621 2013 2892 2059 mutatum
2922 2012 3063 2067 erat,
3089 2004 3408 2073 priusquam
3443 2013 3562 2058 arte

1986 2099 2224 2169 alicujus
2281 2098 2477 2153 horum
2532 2098 2647 2151 hmo
2710 2098 2975 2166 impressa
3010 2096 3058 2150 ci
3095 2094 3323 2152 fuisset?
3370 2093 3564 2150 Nonne

1986 2208 2110 2262 qua:
2140 2206 2287 2246 nunc
2315 2190 2503 2245 eadem
2553 2205 2583 2244 e
2612 2190 2840 2243 materia
2875 2196 3004 2243 sunt
3038 2204 3167 2245 vasa
3189 2230 3203 2253 ,
3241 2188 3440 2245 similia
3471 2188 3561 2243 his

1986 2285 2140 2342 reddi
2192 2293 2418 2355 queant,
2473 2283 2519 2338 si
2568 2283 2789 2339 eosdem
2844 2282 3084 2339 artifices
3139 2282 3565 2338 nanciscantur?

1986 2394 2171 2434 nonne
2222 2378 2337 2433 haec
2385 2391 2509 2447 quae
2537 2391 2568 2430 a
2602 2375 2756 2431 vobis
2786 2375 3086 2431 adorantur
3106 2416 3121 2439 ,
3147 2376 3215 2430 ab
3247 2375 3563 2430 hominibus

1986 2488 2115 2529 vasa
2158 2471 2385 2542 reliquis
2439 2471 2644 2527 similia
2680 2469 2796 2525 fieri
2841 2484 3064 2524 rursum
3098 2468 3354 2539 possint?
3384 2484 3566 2524 nonne

1987 2566 2151 2625 surda
2170 2565 2491 2620 suntomnia
2505 2564 2717 2617 ?nonne
2734 2577 2873 2618 cazca
2888 2561 3100 2616 ?nonne
3130 2560 3373 2615 inanima
3390 2562 3566 2617 ?non-

1986 2673 2056 2714 ne
2075 2670 2270 2713 sensns
2293 2655 2471 2711 omnis
2499 2654 2773 2725 expertia?
2802 2668 2984 2709 nonne
3008 2652 3353 2708 immobilia?
3376 2667 3560 2706 nonne

1987 2750 2172 2805 omnia
2223 2747 2583 2819 putrescunt?
2616 2761 2798 2801 nonne
2848 2745 3036 2801 omnia
3086 2743 3563 2813 corrumpuntur?

1988 2839 2113 2896 Haec.
2147 2840 2281 2895 deos
2321 2838 2553 2904 vocatis,
2611 2837 2698 2892 bis
2750 2835 2987 2901 servitis,
3026 2834 3141 2889 haec
3183 2833 3461 2900 adoratis;
3510 2843 3566 2888 et

1989 2933 2217 2987 omnino
2255 2932 2465 2987 similes
2496 2930 2617 2985 istis
2649 2925 2962 2983 reddimini.
2999 2925 3208 2981 Idcirco
3250 2934 3377 2981 sunt
3409 2925 3565 2981 vobis

1989 3026 2116 3082 odio
2138 3024 2459 3090 Christiani,
2478 3021 2737 3093 quoniam
2756 3020 2854 3074 hos
2872 3033 2996 3074 esse
3015 3018 3147 3073 deos
3168 3032 3277 3071 non
3297 3016 3569 3071 arbitrar-

308 3110 360 3161 oi
396 3106 490 3161 νῦν
514 3108 826 3179 νομίζοντες
848 3107 943 3159 καλ⁸
968 3106 1228 3177 οἰόμενοι,
1256 3107 1314 3159 οὐ
1352 3105 1485 3161 πολὺ
1533 3108 1694 3161 πλέον
1708 3107 1887 3161 αὐτῶν

1991 3126 2102 3173 tur.
2128 3115 2295 3186 Atqui
2328 3131 2426 3171 vos
2453 3113 2547 3185 qui
2577 3128 2700 3169 esse
2722 3111 3038 3167 deos.nunc
3061 3108 3389 3164 existimatis
3412 3148 3429 3173 ,
3460 3123 3563 3163 an-

310 3202 708 3272 καταφρονεῖτε
736 3216 749 3265 ;
777 3200 837 3253 ού
870 3198 1003 3253 πολὺ
1038 3199 1237 3270 μᾶλλον
1261 3201 1459 3264 αὐτοὺς
1486 3200 1772 3270 χλευάζετε
1797 3202 1891 3254 καὶ

309 3290 593 3360 ύ6ρίζετες
632 3291 757 3353 τοὺς
789 3289 888 3360 μὲν
926 3287 1159 3351 λιθίνους
1196 3290 1289 3341 καὶ
1319 3287 1670 3355 ὀστρακίνους
1712 3289 1894 3343 σέϐον-

305 3397 405 3444 τες
424 3378 767 3449 ἀφυλάκτους
792 3378 924 3450 (47),
947 3379 1073 3441 τοὺς
1095 3377 1153 3430 δὲ
1176 3375 1455 3449 ἀργυροῦς
1524 3377 1619 3430 καὶ
1658 3379 1894 3449 χρυσοῦς

307 3471 652 3540 ὲγκλείοντες
687 3474 806 3535 ταῖς
847 3468 1002 3537 νυξὶ,
1058 3470 1151 3523 καὶ
1196 3472 1317 3534 ταῖς
1361 3469 1595 3544 ἡμέραις
1647 3469 1893 3540 φύλακας

307 3564 810 3635 παρακαθίσαντες,
849 3563 936 3616 ἴνα
980 3562 1055 3635 μὴ
1101 3561 1402 3616 κλαπῶσιν.
1450 3556 1546 3625 Ai;
1590 3560 1645 3614 δὲ
1688 3561 1892 3615 δοκεῖτε

304 3660 499 3727 τιμαῖς
545 3655 892 3728 προσφέρειν,
944 3658 992 3709 εί
1051 3656 1148 3727 μὲν
1207 3653 1586 3719 αἰσθάνονται,
1637 3653 1893 3719 κολάζετε

309 3749 521 3821 μᾶλλον
566 3748 797 3813 αὐτούς’
844 3750 892 3801 εί
932 3748 989 3801 δὲ
1036 3746 1450 3819 άναισθητοῦσιν
1477 3787 1493 3813 ,
1545 3746 1894 3819 ἐλέγχοντες,

306 3842 507 3913 αἵματι
555 3843 649 3895 καὶ
693 3842 940 3905 κνίσσαις
979 3842 1175 3905 αὐτοὺς
1219 3840 1581 3913 θρησκεύετεο
1628 3840 1784 3895 ταῦθ’
1836 3843 1896 3895 ὑ-

311 3936 437 4009 μῶν
483 3934 565 3998 τίς
612 3934 992 4005 ὑπομεινάτω;
1032 3933 1206 3987 ταῦτα
1269 3933 1587 4005 ἀνασχέσθω
1631 3934 1715 3999 τίς
1766 3935 1894 3989 ἐαυ-

306 4032 393 4103 τῷ
421 4033 710 4103 γενέσθαις
762 4032 898 4086 ἀλλά
940 4032 1226 4105 ἄνθρωπος
1269 4033 1370 4105 μὲν
1416 4033 1536 4086 οὐδὲ
1574 4029 1655 4099 εἷς
1690 4034 1895 4108 ταύτης

306 4121 418 4191 τῆς
465 4121 735 4185 κολάσεως
789 4120 931 4175 ἑκὼν
992 4122 1237 4189 ἀνέξεται
1295 4122 1570 4195 (αἴσθησιν
1620 4124 1728 4197 γὰρ
1783 4126 1895 4197 ἔχει

309 4214 414 4267 καὶ
448 4212 761 4286 λογισμὸνυ)
792 4215 820 4267 6
856 4214 911 4269 δὲ
937 4213 1082 4279 λίθος
1110 4214 1395 4286 ἀνέχεται·
1426 4216 1741 4289 ἀναισθητεῖ
1763 4218 1891 4290 γάρ.

312 4304 529 4358 Οὐκοῦν
552 4306 651 4376 τὴν
681 4306 935 4379 αἴσθησιν
978 4306 1109 4380 (48).
1154 4346 1169 4362 .
1212 4348 1227 4363 .
1271 4348 1287 4362 .
1331 4347 1346 4362 .
1390 4348 1406 4363 .
1448 4347 1465 4362 .
1510 4347 1525 4363 .
1569 4348 1585 4364 .
1629 4348 1643 4363 .
1688 4349 1704 4364 .
1744 4310 1896 4380 ἐλέγ-

312 4415 462 4473 χετε.
530 4400 667 4472 Περὶ
734 4401 834 4473 μὲν
900 4397 993 4455 οὖν
1062 4401 1157 4456 τοῦ
1212 4401 1288 4474 μὴ
1341 4401 1698 4457 δεδουλῶσθαι
1756 4404 1892 4476 Χρι-

1998 3224 2108 3264 non
2150 3209 2321 3263 multo
2356 3207 2531 3278 magis
2552 3222 2716 3277 quam
2740 3204 2817 3259 illi
2839 3203 3181 3273 contemptui
3200 3202 3449 3257 habetis?
3470 3217 3567 3256 an-

1998 3316 2109 3356 non
2140 3301 2313 3355 multo
2338 3300 2513 3369 magis
2543 3313 2709 3369 quam
2751 3297 2849 3363 illi,
2886 3296 3130 3351 irridetis
3160 3304 3213 3351 et
3262 3295 3460 3365 injuria
3486 3292 3568 3348 af-

1994 3393 2197 3449 ficitis?
2229 3392 2357 3447 dum
2402 3391 2644 3462 lapideos
2686 3390 2909 3460 quidem
2940 3397 2996 3445 et
3038 3398 3308 3444 testaceos
3334 3401 3565 3442 venera-

1994 3485 2150 3552 mini,
2181 3483 2500 3541 custodibus
2524 3494 2773 3538 carentes
2803 3499 2818 3549 ;
2855 3490 3142 3552 argenteos
3175 3488 3356 3534 autem
3386 3488 3440 3533 et
3466 3494 3569 3533 au-

1993 3593 2119 3634 reos
2147 3574 2427 3631 includitis
2459 3584 2648 3640 noctu,
2682 3589 2746 3629 ac
2782 3574 3017 3628 interdiu
3051 3572 3309 3628 custodes
3339 3571 3569 3642 apponi-

1993 3670 2085 3738 tis,
2113 3684 2183 3723 ne
2205 3667 2352 3723 furto
2374 3666 2713 3722 auferantur.
2744 3664 2809 3719 Et
2832 3681 2960 3719 vero
2983 3665 3093 3719 illis
3124 3663 3425 3719 honoribus
3445 3663 3568 3733 qui-

1993 3763 2096 3818 bus
2132 3776 2228 3816 vos
2262 3758 2518 3829 prosequi
2561 3772 2658 3812 eos
2685 3756 3039 3822 existimatis,
3076 3756 3261 3826 potius
3291 3754 3566 3825 supplicio

1996 3854 2230 3923 aﬂicitis,
2244 3856 2290 3910 si
2307 3852 2528 3924 quidem
2581 3867 2745 3907 sensu
2769 3848 2982 3921 praediti
3007 3857 3171 3915 sunt;
3201 3847 3284 3903 sin
3317 3855 3567 3917 expertes

1995 3959 2124 4006 sunt
2156 3962 2374 4011 sensus,
2409 3945 2597 4014 (hujus
2628 3945 2728 4011 rei)
2765 3943 3175 4007 convincentes,
3207 3942 3474 4013 sanguine
3504 3948 3563 3994 et

1995 4042 2281 4098 nidoribus
2312 4053 2408 4096 eos
2440 4037 2641 4093 colitis.
2689 4035 2825 4103 Quis
2857 4043 3103 4089 vestrum
3137 4034 3253 4088 haec
3302 4031 3569 4088 sufferat?

1995 4136 2121 4208 quis
2153 4136 2267 4190 haec
2290 4132 2395 4188 sibi
2436 4131 2550 4186 fieri
2581 4128 2853 4201 patiatur?
2876 4128 2968 4183 sed
2994 4127 3181 4182 ttullus
3210 4123 3432 4195 quidem
3469 4124 3570 4180 lto-

1996 4230 2210 4285 minum
2241 4228 2345 4282 hoc
2361 4225 2686 4298 supplicium
2706 4224 2810 4277 nisi
2834 4220 3348 4292 invitus,patietur;
3377 4219 3566 4292 (sensu

1994 4321 2142 4377 enim
2174 4329 2231 4376 et
2264 4319 2476 4375 ratione
2520 4326 2605 4373 est
2640 4316 2904 4388 praeditus
2938 4333 2951 4371 :
2983 4314 3001 4385 )
3041 4325 3097 4370 at
3144 4314 3285 4384 lapis
3330 4312 3565 4383 patitur,

1997 4428 2163 4468 sensu
2180 4411 2326 4468 enim
2344 4418 2513 4467 caret.
2539 4407 2907 4478 Quamobrem
2940 4406 3067 4461 illos
3091 4420 3289 4461 sensus
3316 4412 3567 4473 expertes

393 4582 509 4666 με)
530 4582 999 4666 ,ςΥποσζὰσ-εως.
1016 4582 1190 4666 vertit
1213 4582 1475 4666 Stephan.
1500 4584 1853 4666 subsistentia;
1874 4604 1889 4652 ;

1996 4608 2090 4648 cra
2124 4590 2475 4666 stabilitatem
2507 4585 2824 4666 quamdam,
2850 4592 3060 4666 utpote
3082 4582 3189 4638 diis
3212 4591 3565 4666 consecrata,

317 4655 416 4711 sed
442 4654 660 4720 melius,
694 4654 918 4723 opinor,
971 4654 1320 4718 reddidisset,
1351 4655 1682 4711 substantia.
1720 4655 1891 4711 Paulo

316 4734 446 4848 {rost
498 4726 673 4796 ἐρεῖτε
726 4734 874 4778 recte
949 4723 1055 4778 dici
1125 4726 1442 4789 contendit,
1507 4728 1757 4782 videlicet
1824 4728 1892 4782 ab

354 4796 498 4848 οέωε
530 4811 638 4848 auo
669 4795 888 4848 quidem
913 4793 979 4848 de
1003 4795 1242 4848 themate
1273 4796 1602 4848 disseruisse
1623 4813 1681 4848 se
1709 4808 1892 4848 monet

354 4796 498 4867 pas;
530 4793 638 4865 quo
669 4795 888 4867 quidem
913 4793 979 4849 de
1003 4795 1242 4851 themate
1273 4796 1602 4851 disseruisse
1623 4813 1681 4853 se
1709 4808 1893 4853 monet

319 4865 375 4922 in
406 4865 699 4919 Thesauro
719 4880 838 4920 suo.

392 4936 505 5008 (45)
537 4935 938 5003 Φυλάξοντος.
990 4935 1079 4992 Sic
1102 4937 1287 5007 posuit
1337 4935 1648 5007 Stephanus
1680 4952 1780 5008 pro
1824 4953 1891 4995 eo

320 5007 467 5078 quod
499 5016 615 5061 erat
646 5009 697 5060 in
731 5012 850 5078 cod.
885 5024 1016 5063 mss.
1061 5008 1409 5077 φυλάξαντος.

396 5076 507 5147 (45)
546 5079 628 5130 Οὐ
649 5076 810 5144 πρὶν,
847 5088 949 5133 etc.
978 5078 1066 5131 Sic
1106 5088 1275 5131 totum
1309 5078 1453 5132 hunc
1484 5078 1665 5132 locum
1695 5078 1893 5133 immu-

323 5158 404 5203 tat
433 5147 794 5219 Stephanus:
831 5150 939 5202 Καὶ
960 5149 1018 5200 ού
1055 5150 1202 5219 πρὶν,
1235 5148 1267 5218 ἢ
1298 5150 1416 5219 ταῖς
1448 5149 1667 5219 τέχναις
1685 5149 1891 5203 τούτων

324 5222 403 5283 είς
596 5218 806 5291 μορφὴν
825 5219 1060 5291 ,τούτων
1102 5214 1616 5291 έκτυπωθῆναι,”ἦν
1664 5220 1892 5273 ἕκαστον

323 5287 746 5361 αὐτῶνὲκάστῳ
766 5287 905 5342 εἴδει
934 5289 1011 5361 ὡς
1047 5288 1140 5341 καὶ
1170 5287 1263 5341 νῦν
1299 5287 1888 5361 μεταμεμορφωμένον.

326 5361 429 5415 Sed
465 5342 692 5429 prorsus
717 5342 907 5414 inutile
931 5342 1143 5414 videtur
1174 5368 1255 5412 tot
1284 5342 1451 5414 voces
1474 5342 1674 5415 addere
1710 5342 1767 5414 et
1788 5342 1891 5413 im;

326 5439 557 5494 mutare,
605 5430 696 5483 ubi
759 5431 923 5483 unius
954 5431 1145 5485 littera:
1188 5430 1497 5484 emendatio
1544 5430 1889 5485 commodam

326 5501 481 5555 atl'ert
534 5501 879 5570 sententiam.
926 5499 1061 5553 Nam
1099 5501 1143 5555 si
1186 5500 1593 5570 legas‘txacrrov
1634 5518 1731 5570 pro
1769 5500 1893 5554 ἕκα-

328 5588 474 5642 στος,
506 5569 584 5623 sic
632 5570 781 5642 locus
827 5572 978 5625 reddi
1008 5572 1203 5641 poterit
1235 5568 1259 5624 ξ
1302 5568 1494 5642 (Nonne
1536 5568 1681 5641 prius
1728 5588 1887 5642 quam

326 5641 512 5694 horum
546 5639 749 5711 artibus
784 5642 837 5693 in
880 5642 973 5694 llas
1007 5639 1206 5711 formas
1253 5639 1665 5709 efﬁngerentur,
1700 5639 1891 5695 unum-

325 5712 564 5781 quodque
604 5709 668 5762 ab
719 5709 1026 5781 unoquoque
1069 5712 1464 5781 artificeruariis
1506 5714 1698 5775 modis,
1732 5712 1890 5781 idque

326 5786 484 5837 etiam
510 5781 790 5851 hactenus,
822 5780 1244 5839 inmtutabatur?
1282 5780 1616 5840 Videbantur
1660 5780 1887 5840 simula-

1998 4662 2381 4732 acquisivisse.
2418 4653 2604 4732 Quare
2624 4653 3132 4732 Aobservatlauctor
3174 4654 3416 4732 epistolae
3467 4653 3569 4706 hoc

2002 4723 2323 4788 beneficium
2359 4723 2480 4785 esse
2508 4728 2815 4789 artificum,
2851 4726 3051 4795 quibus
3087 4723 3329 4792 quandiu
3371 4737 3567 4795 carue-

1999 4812 2128 4858 runt
2180 4802 2494 4864 simnlacra,
2531 4798 2719 4851 tamliu
2776 4793 2968 4851 iisdem
3021 4794 3419 4850 mutationibus
3461 4793 3567 4846 ob-

1998 4875 2163 4928 noxia
2198 4872 2417 4927 fuerunt
2456 4885 2520 4925 ac
2552 4870 2672 4922 alia:
2701 4882 2787 4921 res
2824 4869 3014 4923 eadem
3059 4882 3132 4922 ex
3187 4865 3413 4919 materia
3436 4877 3568 4916 con-

2000 4954 2585 5083 Sli'ilsgs'romswm,
2635 5008 2943 5083 Stephanus
3016 5006 3305 5083 legendum
3383 5010 3568 5083 monet

1995 5077 2227 5147 τούτοις.
2258 5084 2413 5149 Quod
2461 5081 2681 5152 quidem
2724 5077 2948 5135 minime
2980 5077 3347 5132 necessarium
3385 5077 3570 5128 existi-

1996 5170 2457 5292 ωῗιῖξῗωίέλεόν
2482 5240 2566 5277 τε.
2596 5221 2653 5275 ln
2704 5220 2929 5292 Benreri
2990 5217 3303 5292 apographo
3345 5213 3568 5292 additur

1994 5283 2213 5360 αὐτοῖς;
2250 5306 2413 5363 atque
2449 5296 2521 5347 ita
2580 5293 2709 5358 legit
2742 5283 3076 5363 Stephanus.
3102 5283 3392 5363 ‘lnueodetn
3429 5283 3568 5338 Beu-

1996 5368 2103 5421 reri
2140 5354 2436 5435 exemp-lari
2468 5366 2574 5418 alia
2613 5354 2774 5435 manu
2796 5354 3087 5435 legebatur
3120 5357 3302 5410 τέλεον
3317 5354 3402 5435 δέ.

2040 5437 2178 5523 ’(47)
2228 5424 2659 5505 Ἀέρυλάκτους.
2698 5430 2755 5485 In
2792 5424 3012 5485 Beureri
3072 5427 3386 5499 apographo
3436 5424 3570 5495 ἀφυο

1992 5505 2543 5647 λέ’ῐῗῖὶιῆςλαι’(ινθηονιν.
2601 5573 2671 5647 in
2736 5570 2962 5647 Benreri
3020 5567 3334 5647 apographo
3397 5563 3566 5647 αὐτοῦ

1994 5637 2269 5718 ἐλέγχετε.
2305 5637 2544 5718 Conjicit
2596 5645 2909 5718 Stephanus
2942 5637 3203 5710 scriptum
3240 5638 3432 5706 fuisse,
3465 5637 3567 5707 τὴν

1995 5715 2247 5791 αἴσθησιν
2272 5718 2371 5772 οὐκ
2404 5715 2546 5788 ἔχειν
2575 5715 2844 5786 ἐλέγχετε.
