4038 6314
564 311 695 377 ΗἨ

1680 284 1981 373 ANONYMI
2022 315 2167 373 VlRl
2202 313 2605 376 APOSTOLIGI

3622 315 3731 373 1172

557 442 681 483 esse
712 425 1055 483 convincitis.
1091 426 1169 483 Ac
1192 428 1261 483 de
1294 443 1361 483 eo
1382 428 1528 500 quod
1559 427 1861 482 Christiani
1890 427 1996 482 diis
2021 427 2127 481 hua

2238 428 2484 493 στιανοὺς
2535 426 2798 491 τοιούτοις
2830 426 3004 492 θεοῖς,
3055 426 3225 482 πολλά
3261 426 3358 499 μὲν
3402 428 3489 482 καὶ
3532 426 3642 481 ἀλλα
3680 435 3737 483 el-

553 519 796 591 jusmodi
832 520 885 573 in
918 520 1235 575 servitutem
1267 521 1465 576 addicti
1488 536 1593 574 non
1629 528 1779 583 sunt,
1809 519 1981 573 multa
2007 518 2131 588 qui-

558 613 681 666 dem
726 620 779 666 et
810 611 915 665 alia
953 611 1185 666 habeam
1229 628 1352 682 qua:
1382 612 1597 678 dicam;
1624 610 1670 666 si
1711 611 1798 665 cui
1834 620 2013 665 tamen
2043 608 2130 663 vel

561 703 677 759 haec
706 705 822 775 ipsa
854 704 1099 760 suﬁicere
1148 719 1260 759 non
1296 706 1621 769 videantur,
1660 718 2129 775 supervacaneum

560 797 801 853 arbitror
817 807 872 853 et
897 798 1053 868 plura
1090 797 1291 857 dicere.

2235 521 2358 572 πεῖν
2404 518 2615 591 ἔχοιμι*
2658 521 2719 576 εί
2770 519 2830 573 δέ
2873 537 2981 573 τινι
3033 520 3107 591 μὴ
3161 520 3339 593 δοκοίη
3394 522 3483 574 καὶ
3522 520 3665 573 ταῦτα
3704 528 3740 575 ι.

2236 610 2399 675 κανὰ,
2462 612 2721 682 περισσὸν
2770 610 3011 684 ἠγοῦμαι
3055 611 3149 665 και)⁵
3212 610 3287 666 τά
3343 611 3502 667 πλείω
3546 613 3639 685 (49)
3676 615 3741 669 ib

2238 718 2377 770 γειν.

560 955 692 1011 CAP.
728 952 817 1009 lli.
862 954 1037 1025 Negat
1082 956 1221 1026 ipsos
1282 955 1442 1007 etiam
1473 951 1690 1026 Iudaeos
1714 969 1775 1026 ΔαΔ
1806 952 2179 1026 superstitione
2219 952 2474 1026 immunes
2528 967 2673 1026 esse,
2696 950 2820 1005 dum
2866 951 2934 1005 iis
2979 947 3147 1005 Deum
3178 948 3407 1021 indigere
3447 958 3628 1018 putant,
3656 968 3743 1021 quo

1583 1022 1777 1077 ethnici
1808 1020 1959 1076 rebus
1991 1038 2143 1077 sensu
2173 1023 2475 1078 carentibus
2512 1020 2803 1076 donabant.

625 1182 893 1253 Deinceps
940 1189 1123 1237 autem
1181 1180 1249 1235 de
1292 1194 1359 1234 eo
1386 1179 1531 1250 quod
1576 1193 1687 1232 non
1722 1190 1807 1233 est
1849 1179 1959 1235 illis
1990 1178 2135 1235 idem

561 1276 742 1333 cultus
791 1275 1011 1330 divinus
1060 1273 1153 1345 qui
1212 1273 1451 1339 Judzeis,
1504 1282 1557 1328 te
1588 1272 1830 1328 maxime
1873 1272 2134 1343 cupidum

562 1383 686 1423 esse
725 1365 981 1422 audiendi
1020 1378 1171 1437 puto.
1216 1364 1388 1421 Judaei
1436 1365 1637 1436 igitur,
1672 1366 1925 1436 quamvis
1969 1363 2130 1419 absti-

562 1473 731 1517 neant
764 1476 831 1515 eo
861 1461 929 1517 de
963 1474 1074 1531 quo
1105 1459 1271 1515 verba
1314 1458 1417 1514 feci
1458 1458 1632 1524 cultu,
1674 1467 1727 1513 et
1760 1457 1926 1513 Deum
1964 1471 2135 1511 unum

560 1553 838 1619 venerari,
873 1552 1279 1624 Dominumque
1306 1553 1551 1607 omnium
1587 1550 1907 1606 existimare
1937 1549 2135 1617 velint;

2319 1179 2477 1250 Ἑξῆς
2522 1178 2613 1244 δὲ,
2641 1178 2771 1251 περὶ
2802 1177 2897 1232 τοῦ
2930 1178 3003 1252 μὴ
3059 1177 3205 1234 κατά
3247 1179 3317 1234 τὰ
3346 1179 3479 1235 αὐτὰ
3527 1182 3744 1249 Ἰουδαίοις

2239 1270 2508 1325 θεοσεϐεῖν
2531 1272 2749 1337 αὐτοὺς,
2777 1268 2927 1343 οἶμαί
2958 1289 3016 1325 σε
3043 1271 3283 1343 μάλιστα
3331 1273 3509 1328 ποθεῖν
3548 1276 3744 1331 ἀκούσαι.

2250 1362 2494 1418 Ἰουδαῖοι
2528 1363 2710 1418 τοίνυν
2732 1364 2780 1416 εί
2821 1364 2919 1435 μὲν
2958 1363 3255 1436 ἀπέχονται
3275 1364 3475 1437 ταύτης
3500 1367 3587 1438 τῆς
3607 1386 3747 1439 προει-

2242 1456 2486 1529 ρημένης
2538 1456 2813 1528 λατρείας,
2862 1456 2957 1510 καὶ
3008 1457 3089 1521 είς
3139 1457 3276 1511 Θεὸν
3319 1457 3413 1511 ἕνα
3449 1459 3547 1512 τῶν
3582 1461 3746 1514 πάντων

2242 1551 2422 1605 σέϐειν
2447 1550 2542 1604 καὶ
2577 1550 2846 1622 δεσπότην
2880 1549 3088 1617 ἀξιοῦσι
3121 1554 3343 1623 φρονεῖν
3364 1552 3502 1625 (50)·
3535 1554 3578 1606 εί
3601 1553 3746 1619 δὲτοίς

563 1643 608 1700 si
642 1652 822 1698 tamen
843 1644 1034 1699 eodem
1064 1658 1176 1714 quo
1205 1644 1239 1697 ii
1272 1643 1340 1699 de
1363 1643 1564 1714 quibus
1592 1642 1799 1697 dictum
1846 1650 1932 1697 est
1953 1641 2136 1709 modo,

2240 1646 2662 1719 προειρημένοις
2720 1646 3092 1719 ὁμοιοτρόπως
3123 1648 3225 1720 τὴν
3267 1646 3551 1719 θρησκείαν
3589 1650 3748 1720 προιτά⁸

561 1733 711 1789 cultu
749 1734 843 1789 illo
864 1749 986 1789 eum
1013 1742 1441 1805 prosequuntur,
1468 1732 1521 1786 in
1538 1746 1726 1788 errore
1752 1733 2135 1788 versabuntur.

561 1822 699 1879 Nam
724 1840 845 1896 qua:
872 1824 1047 1881 Graeci
1102 1841 1299 1881 sensus
1342 1824 1661 1895 expertibus
1703 1832 1765 1879 et
1791 1824 1973 1880 surdis
2005 1824 2139 1879 οπε-

561 1925 772 1982 rentes,
814 1916 1104 1972 dementite
1158 1916 1291 1972 dant
1351 1929 1775 1987 argumentum;
1812 1916 1867 1971 hi
1922 1916 2052 1972 dum
2077 1933 2138 1974 se

561 2005 676 2062 Deo
704 2008 948 2079 praebere
989 2023 1053 2065 ea
1089 2008 1375 2081 COgitant,
1404 2019 1667 2082 tanquam
1713 2011 1782 2067 iis
1830 2009 2135 2081 indigenti,

560 2098 852 2154 stultitiam
917 2101 1105 2171 potius
1166 2117 1333 2172 quam
1392 2102 1603 2158 cultum
1654 2102 1901 2158 divinum
1942 2101 2137 2158 merito

560 2193 880 2249 existiment
926 2194 1002 2265 (id
1053 2194 1201 2266 quod
1249 2194 1505 2267 faciunt.)
1540 2196 1644 2263 Qui
1683 2197 1832 2252 enim
1854 2198 2053 2253 cmlum
2081 2204 2138 2254 et

559 2294 785 2352 terram,
813 2296 979 2358 atque
1016 2287 1201 2343 omnia
1245 2302 1371 2358 qua:
1414 2288 1468 2343 in
1510 2287 1578 2343 iis
1608 2297 1737 2343 sunt
1786 2287 2049 2354 condidit,
2083 2296 2139 2343 et

559 2378 720 2435 nobis
765 2379 1025 2436 omnibus
1078 2395 1142 2436 ea
1188 2380 1500 2450 suppeditat
1532 2380 1735 2450 quibus
1789 2380 2133 2451 indigemus,

559 2471 681 2526 ﬁeri
747 2486 862 2528 non
908 2470 1084 2541 possit
1141 2472 1336 2527 utullo
1388 2487 1581 2527 eorum
1612 2472 1852 2544 indigeat
1871 2490 1992 2544 quae
2020 2474 2138 2545 ipse

560 2563 633 2619 iis
671 2562 877 2636 praebet
901 2564 997 2635 qui
1036 2579 1095 2619 se
1126 2563 1202 2619 illi
1232 2563 1365 2620 dare
1389 2565 1735 2620 existimant.
1767 2565 1838 2620 At
1861 2566 1898 2620 ii
1925 2567 2017 2637 qui
2039 2581 2137 2637 per

560 2658 882 2730 sanguinem
923 2667 978 2714 et
1015 2658 1264 2714 nidorem
1298 2668 1353 2715 et
1396 2660 1713 2716 holocausta
1750 2659 1933 2717 facere
1965 2677 2026 2718 se
2057 2663 2132 2719 illi

560 2753 832 2809 sacriﬁcia
865 2760 1099 2825 putant,
1161 2761 1327 2824 atque
1378 2754 1466 2809 his
1520 2770 1646 2810 eum
1682 2755 1985 2813 honoribus
2040 2771 2135 2812 or-

559 2864 716 2915 nare,
767 2847 905 2903 mihi
937 2848 1213 2911 videntur,
1263 2849 1397 2904 dum
1436 2857 1633 2919 putant
1666 2864 1726 2905 se
1756 2850 1943 2920 aliqua
1997 2866 2136 2921 prae-

559 2944 691 2999 bere
729 2943 802 3006 ei,
838 2943 933 3015 qui
960 2943 1167 2999 nullius
1212 2943 1289 2999 rei
1324 2942 1580 3013 indiguus
1611 2951 1716 3007 est,
1748 2944 1886 2999 nihil
1916 2943 2135 3001 diﬁ‘erre

561 3036 631 3091 ab
668 3035 736 3092 iis
762 3034 859 3106 qui
906 3050 1075 3091 sensu
1112 3034 1353 3090 carentia
1394 3033 1586 3089 eodem
1630 3034 1839 3088 honore
1888 3034 2135 3090 studiose

559 3142 971 3206 prosequuntur
993 3177 1009 3204 ,
1043 3148 1167 3204 quae
1203 3131 1485 3205 percipere
1537 3132 1804 3187 honorem
1840 3131 1989 3190 hunc
2028 3141 2135 3184 nou

561 3235 813 3304 possunt.

2237 1755 2423 1809 γουσιν
2468 1736 2615 1808 αύτῷ
2659 1735 2890 1809 ταύτην,
2936 1736 3425 1810 διαμαρτάνουσιν
3472 1740 3535 1795 Ἀ
3552 1739 3643 1812 γὰρ
3668 1743 3751 1805 τοῖς

2238 1830 2582 1903 ἀναισθήτοις
2622 1828 2719 1883 καὶ
2758 1832 2965 1900 κωφοῖς
3019 1831 3423 1903 προσφέροντες
3460 1833 3506 1885 oi
3549 1832 3749 1902 Ἕλληνες

2237 1923 2547 1997 ἀφροσύνης
2600 1924 2801 1997 δεῖγμα
2859 1924 3194 1996 παρέχουσι,
3260 1923 3410 1979 ταῦθ’
3458 1920 3588 1981 οὗτοι
3621 1926 3749 1981 καθά-

2238 2033 2346 2089 περ
2385 2016 2764 2089 προσδεομένῳ
2808 2016 2889 2089 τῷ
2936 2016 3056 2089 Θεῷ
3114 2017 3458 2090 λογιζόμενοι
3515 2019 3748 2090 παρέχειν,

2241 2107 2449 2179 μωρίαν
2484 2106 2630 2172 είκδς
2665 2107 2777 2181 (51)
2812 2108 3011 2180 μᾶλλον
3039 2112 3248 2180 ἡγοῖντ’
3283 2110 3370 2175 ἂν,
3400 2110 3459 2164 ού
3488 2110 3748 2165 θεοσέϐειαν.

2250 2199 2307 2253 '0
2332 2199 2441 2272 γὰρ
2477 2200 2709 2272 ποιήσας
2754 2199 2846 2253 τὸν
2887 2200 3111 2273 οὐρανὸν
3141 2202 3240 2255 καὶ
3278 2202 3378 2273 τὴν
3407 2202 3525 2272 γῆν,
3554 2203 3635 2255 καὶ
3653 2203 3751 2256 πάν-

2234 2308 2306 2345 τα
2336 2290 2405 2345 τὰ
2433 2292 2492 2344 ὲν
2522 2292 2704 2356 αὐτοῖς
2728 2331 2743 2357 ,
2773 2292 2869 2347 καὶ
2908 2294 3075 2346 πᾶσιν
3097 2294 3234 2365 ἡμῖν
3266 2293 3511 2366 χορηγῶν
3538 2286 3605 2347 ὧν
3628 2309 3750 2364 προο-

2235 2383 2490 2455 δεόμεθα,
2526 2382 2741 2448 οὐδενὸς
2784 2384 2851 2438 ἂν
2899 2383 3061 2448 αὐτὸς
3118 2384 3440 2455 προσδέοιτο
3487 2382 3663 2437 τούτων
3698 2375 3749 2434 ὧν

2234 2477 2349 2539 τοῖς
2416 2474 2682 2546 οἰομένοις
2738 2475 2938 2529 διδόναι
2999 2475 3234 2547 παρέχει
3295 2474 3475 2540 αὐτός.
3526 2476 3581 2528 Oi
3623 2472 3669 2527 δέ
3706 2490 3750 2542 γε

2236 2563 2425 2625 θυσίας
2466 2564 2613 2635 αὐτῷ
2659 2564 2725 2618 δι’
2752 2565 2979 2636 αἵματος
3022 2566 3118 2619 καὶ
3154 2565 3386 2638 κνίσσης
3439 2565 3527 2618 καὶ
3578 2563 3749 2618 ὁλοκαυ-

2233 2656 2508 2727 τωμάτων
2552 2656 2817 2710 ἐπιτελεῖν
2854 2657 3089 2728 οἰόμενοι
3113 2696 3129 2722 ,
3173 2658 3272 2712 καὶ
3310 2656 3529 2721 ταύταις
3574 2658 3673 2719 ταῖς
3699 2672 3753 2707 τι·

2240 2751 2368 2820 μαῖς
2413 2748 2576 2803 αὑτὸν
2618 2748 2931 2821 γεραίρειν,
2976 2750 3129 2803 οὐδέν
3178 2769 3273 2821 μοι
3308 2749 3518 2805 δοκοῦσι
3538 2748 3751 2818 meum

2232 2840 2343 2895 τῶν
2390 2842 2471 2906 είς
2495 2841 2564 2895 τὰ
2603 2842 2760 2912 κωφὰ
2784 2841 2896 2914 (52)
2931 2844 3030 2915 τὴν
3060 2845 3237 2917 αὐτὴν
3276 2842 3671 2915 ένδεικνυμένοις
3691 2857 3751 2909 φι-

2235 2935 2520 3007 λοτιμίαν,
2559 2936 2693 2997 τῶν,
2723 2935 2797 3007 μὴ
2846 2935 3159 3007 δυναμένων
3204 2936 3308 3007 τῆς
3333 2935 3496 3007 τιμῆς
3538 2933 3749 3005 μεταλαμ-

2240 3028 2445 3092 ϐάνειν,
2470 3028 2533 3082 τὸ
2570 3028 2629 3082 δὲ
2664 3028 2842 3083 δοκεῖν
3025 3027 3147 3085 τινὰ
3191 3028 3458 3103 παρέχειν
3488 3027 3560 3099 τῷ
3581 3024 3750 3099 μηδενὸς

2242 3120 2640 3197 προσδεομένῳ.

1026 3365 1157 3421 CAP.
1192 3363 1279 3424 IV.
1313 3365 1517 3423 Caetera
1538 3363 1853 3422 Juda‘orum
1881 3366 2131 3423 instituta
2171 3384 2274 3424 non
2306 3368 2515 3441 aptiora
2545 3368 2615 3425 ad
2646 3366 2815 3424 Deum
2848 3367 3125 3426 colendum
3152 3370 3373 3426 evincit.

634 3520 704 3575 At
730 3534 923 3577 eorum
958 3522 1105 3577 circa
1140 3522 1294 3579 cibos
1335 3523 1721 3580 meticulosam
1773 3522 2086 3580 cautionem
2112 3564 2130 3593 ,

564 3622 620 3668 et
649 3615 1098 3685 superstitionem
1129 3616 1274 3672 circa
1308 3616 1545 3675 Sabbata
1565 3657 1581 3683 ,
1625 3627 1679 3673 et
1720 3618 2044 3691 iactantiam
2068 3618 2138 3673 de

566 3709 1005 3777 circumcisione,
1056 3720 1108 3766 et
1157 3725 1279 3781 qua:
1328 3711 1397 3768 de
1447 3711 1662 3783 jejunio
1712 3728 1777 3767 ac
1835 3711 2137 3768 noviluniis

565 3803 864 3868 simulant,
916 3817 1038 3874 qua:
1085 3803 1322 3860 ridicula
1377 3815 1506 3861 sunt
1558 3813 1611 3862 et
1652 3806 1829 3863 relatu
1876 3802 2136 3875 indigna,

568 3904 620 3949 te
666 3909 696 3948 a
739 3909 828 3949 me
884 3894 1095 3950 discere
1142 3909 1368 3951 necesse
1430 3896 1632 3952 habere
1692 3896 1949 3953 arbitror.
1999 3894 2137 3951 Nam

564 4001 753 4042 eorum
775 4003 897 4061 quae
926 4004 959 4045 a
994 3987 1101 4043 Deo
1135 3988 1188 4043 in
1235 4004 1398 4049 usum
1435 3988 1719 4050 hominum
1760 3998 1941 4045 creata
1981 3997 2139 4056 sunt,

564 4081 670 4143 alia
708 4081 926 4152 quidem
974 4088 1234 4152 tanquam
1284 4091 1430 4139 recte
1474 4091 1655 4137 creata
1685 4081 2001 4148 admittere;
2035 4082 2142 4136 alia

565 4188 697 4228 vero
744 4180 803 4227 ut
844 4174 1052 4228 inutilia
1086 4184 1140 4229 et
1165 4180 1617 4246 gsupervacanea,
1670 4190 1956 4240 recusare,
1999 4189 2140 4243 quo-

565 4267 730 4327 modo
763 4264 845 4324 fas
873 4277 958 4326 est
978 4268 1002 4321 2
1021 4267 1098 4323 De
1118 4267 1229 4324 Deo
1255 4277 1435 4324 autem
1476 4268 1584 4323 hoc
1611 4267 1861 4336 mentiri,
1896 4283 2021 4323 eum
2050 4282 2143 4323 ve-

566 4368 683 4417 tare
711 4359 916 4429 aliquid
947 4360 1090 4430 quod
1122 4361 1412 4417 honestum
1458 4362 1529 4416 sit
1557 4359 1739 4417 facere
1762 4360 1849 4416 die
1885 4357 2141 4425 Sabbati,

568 4453 845 4523 quomodo
876 4453 1104 4524 impium
1142 4469 1253 4509 non
1302 4454 1411 4510 sit?
1446 4454 1557 4524 jam
1592 4469 1723 4510 vero
1779 4452 1927 4509 etde
1955 4452 2141 4509 carnis

2326 3524 2485 3580 Ἀλλὰ
2530 3526 2636 3600 μὴν
2675 3527 2802 3599 τόγε
2851 3526 2980 3600 περὶ
3023 3526 3124 3592 τὰς
3163 3525 3401 3599 βρώσεις
3447 3524 3608 3580 αὐτῶν
3632 3522 3755 3593 ψοφο-

2242 3618 2393 3685 δεὲς,
2446 3622 2538 3675 καὶ
2589 3620 2687 3693 τὴν
2739 3621 2869 3693 περὶ
2929 3619 3000 3674 τὰ
3051 3620 3310 3675 Σάϐϐατα
3365 3616 3750 3689 δεισιδαιμονίαν.

2243 3714 2339 3768 καὶ
2379 3716 2478 3787 τὴν
2509 3714 2609 3785 τῆς
2660 3714 2963 3786 περιτομῆς
3016 3713 3128 3788 (54)
3175 3712 3530 3779 ἀλαζονείαν,
3563 3712 3644 3765 καὶ
3683 3711 3753 3782 τὴν

2242 3805 2344 3876 τῆς
2371 3806 2623 3875 νηστείας
2650 3807 2743 3860 κα)⁵
2786 3805 3084 3877 νουμηνίας
3115 3806 3417 3879 εἰρωνείαν,
3440 3804 3752 3874 καταγέλαστα

2243 3898 2341 3953 καὶ
2380 3898 2529 3954 οὐδὲν
2551 3897 2678 3966 ἀξια
2724 3898 2886 3967 λόγου
2912 3939 2926 3964 ,
2952 3899 3159 3970 νομίζω
3201 3917 3264 3953 σε
3283 3898 3499 3972 χρῄζειν
3526 3898 3639 3969 παρ’
3657 3892 3753 3965 ἐμοῦ

2241 3988 2456 4061 μαθεῖν.
2504 3988 2579 4042 Τό
2628 4006 2688 4042 τε
2746 3988 2856 4060 γὰρ
2904 3988 3012 4042 τῶν
3070 3990 3176 4043 ὑπὸ
3218 3990 3316 4046 τοῦ
3383 3988 3513 4044 Θεοῦ
3564 3985 3753 4042 κτισθέν-

2238 4099 2349 4137 των
2391 4084 2471 4147 είς
2522 4082 2714 4154 χρῆσιν
2757 4080 3056 4153 ἀνθρώπων
3081 4122 3096 4148 ,
3145 4082 3182 4137 ἃ
3234 4085 3333 4155 μὲν
3363 4084 3437 4148 ὼς
3485 4080 3643 4143 καλῶς
3671 4094 3753 4131 κτι-

2240 4175 2435 4231 σθέντα
2484 4174 2917 4247 παραδέχεσθαι,
2968 4174 3005 4231 ἃ
3053 4175 3120 4240 δ’,
3165 4175 3243 4241 ὡς
3290 4177 3531 4249 ἄχρηστα
3577 4172 3655 4227 καὶ
3686 4185 3754 4222 πε-

2239 4267 2438 4341 ρισσὰ,
2483 4265 2896 4337 παραιτεῖσθαι,
2944 4266 3062 4332 πῶς
3098 4268 3157 4321 ού
3205 4266 3364 4339 θέμις
3412 4267 3515 4339 (55)
3553 4258 3755 4327 scrtile

2236 4358 2293 4413 δὲ
2340 4358 2768 4431 καταψεύδεσθαι
2806 4356 2942 4416 Θεοῦ
2968 4398 2983 4423 ,
3028 4360 3104 4423 ὡς
3156 4359 3459 4425 κωλύοντος
3504 4360 3558 4412 ὲν
3589 4359 3647 4427 τῇ
3676 4350 3754 4406 τῶν

2238 4451 2530 4507 Σαϐϐἀτων
2575 4450 2763 4523 ἡμέρᾳ.
2803 4450 2965 4506 καλόν
3007 4468 3062 4505 τι
3112 4456 3286 4508 ποιεῖν
3312 4491 3327 4517 ,
3372 4451 3485 4515 πῶς
3528 4451 3619 4504 οὐκ
3661 4447 3755 4499 ἀσε-

570 4545 983 4614 imminutione,
1007 4553 1264 4618 tanquam
1301 4545 1585 4602 electionis
1624 4544 1999 4605 testimonium
2030 4545 2135 4613 sit,

2243 4544 2371 4612 ϐές;
2416 4544 2478 4600 τὸ
2518 4544 2576 4599 δὲ
2615 4545 2709 4600 καὶ
2748 4544 2847 4617 τὴν
2904 4544 3128 4617 μείωσιν
3191 4545 3292 4616 τῆς
3354 4543 3545 4616 σαρκὸς
3592 4534 3754 4613 μαρτιὶΔ

648 4707 762 4779 (19)
798 4709 1025 4779 Exstat,
1051 4705 1207 4763 Hanc
1236 4722 1426 4763 vocem
1458 4705 1611 4779 addit
1640 4705 1871 4779 _Beureri
1901 4720 2137 4779 apogra-

570 4776 763 4852 phum,
806 4779 992 4847 sicque
1017 4778 1305 4852 legendum
1338 4780 1477 4852 _vidit
1507 4777 1813 4852 Stephanus
1847 4793 1914 4832 ex
1940 4776 2138 4831 litteris

570 4849 613 4905 π
644 4860 696 4904 et
728 4850 777 4911 λ,
812 4863 1047 4920 quarum
1080 4849 1306 4920 vestigia
1340 4849 1395 4903 in
1437 4849 1563 4905 cod.
1606 4863 1760 4920 mss,
1796 4855 2135 4920 supererant.

645 4920 757 4991 (50)
791 4917 1058 4991 deponit.
1100 4917 1242 4974 Post'
1276 4920 1416 4991 hanc
1448 4934 1634 4975 vocem
1691 4918 1896 4988 aliquid
1946 4919 2137 4977 deesse

569 4988 849 5049 existimat
874 4988 1207 5059 Stephanus,
1231 4990 1315 5043 vel
1344 4992 1571 5057 ﬁguram
1602 5004 1726 5043 esse
1757 5004 1881 5057 quae
1912 4998 2140 5059 vocatur

568 5062 944 5140 ἀνταπόδοτον.
971 5056 1346 5140 :leburgius
1385 5056 1706 5140 addendum.
1759 5056 1914 5140 putat
1965 5056 2140 5140 όρθῷς

572 5077 944 5121 ανταποοοτον.
1004 5077 1324 5184 δγιυιιἮιιιε
1385 5077 1689 5118 θααθηαυω
1759 5077 1914 5140 putat
1965 5077 2136 5129 ορυως

572 5132 851 5207 φρονοῦσι.
886 5132 991 5186 Sed
1028 5130 1165 5184 nihil
1236 5130 1632 5184 esiderabimus
1666 5128 1711 5182 si
1768 5130 1899 5185 illud
1933 5131 1985 5182 ei
2036 5128 2136 5199 μὲν

572 5207 763 5259 eodem
801 5203 964 5257 modo
997 5201 1354 5259 accipiamus.
1387 5215 1451 5254 ac
1494 5201 1542 5253 εί
1580 5200 1699 5259 καί,
1723 5201 1841 5259 etsi,
1875 5200 2136 5259 quamvis,

570 5216 763 5259 eodem
801 5216 964 5257 moue
997 5216 1354 5270 accipiamus,
1387 5216 1451 5254 ac
1494 5216 1542 5253 ει
1580 5216 1699 5261 και,
1723 5216 1841 5265 em,
1875 5216 2136 5270 quamvis,

573 5285 634 5329 ut
671 5278 725 5329 in
785 5273 1234 5343 interpretatione
1266 5270 1700 5327 emendavimus.
1742 5270 1990 5324 Similem
2039 5270 2138 5326 ha-

571 5345 768 5398 bemus
808 5340 1100 5398 verbo'rum
1158 5340 1622 5398 constructionem
1659 5340 1816 5393 initio
1856 5339 2137 5398 Apologia:

573 5350 768 5400 bemus
808 5350 1100 5399 verborum
1158 5350 1622 5399 constructionem
1659 5350 1816 5393 Initio
1856 5350 2137 5410 Apotogta:

573 5416 762 5490 prima;
815 5413 1049 5490 Justini;
1093 5410 1456 5490 _lbidem_pro
1496 5412 1577 5473 εἰς
1614 5408 1751 5490 βεδν
1779 5410 1876 5490 ἕνα
1926 5410 2137 5490 malunt

574 5480 893 5555 Stephanus
929 5491 983 5555 et
1017 5482 1169 5554 Sylb.
1202 5486 1272 5538 εί.
1317 5480 1421 5538 sed
1450 5484 1665 5553 φρονεῖν
1700 5481 1805 5536 hoc
1840 5482 1961 5537 loco
1993 5480 2135 5541 idem

572 5563 658 5608 est
672 5552 749 5608 'ac
785 5552 1078 5611 πιστεύειν,

644 5624 755 5692 (51)
791 5624 1010 5695 Eludet
1029 5613 1549 5695 Legendum'censet
1572 5623 1883 5694 Stephanus
1899 5623 1974 5686 ὡς
1994 5622 2141 5695 εἰκός

581 5694 675 5767 yelr
703 5690 936 5767 εἰκότως
985 5690 1184 5767 ibidem
1226 5696 1262 5766 ἢ
1294 5710 1393 5767 pro
1428 5696 1489 5749 ού
1547 5690 1835 5767 legendum
1889 5694 2131 5765 conjicit.

575 5766 679 5821 Sed
716 5765 831 5823 haec
868 5765 1427 5823 tninimeneccssaria.

2312 4707 2426 4778 (52)
2463 4710 2568 4773 Είς
2592 4705 2875 4778 τὰᾲκωςρά.
2917 4704 3069 4778 Hane
3112 4704 3547 4778 praepositionem
3592 4699 3754 4778 adden-

2241 4768 2366 4839 dam
2402 4768 2625 4833 monent
2660 4768 2991 4847 Stephanus.
3031 4768 3193 4833 Beur.
3229 4768 3297 4830 ὀι
3339 4775 3580 4846 Sylburg.
3619 4768 3754 4847 Paulo

2243 4858 2366 4919 post
2414 4847 2700 4919 legendum
2726 4841 2773 4911 ,’
2795 4855 2854 4901 ut
2900 4846 3064 4902 iidem
3111 4854 3352 4915 monent,
3380 4841 3752 4913 ἐνδεικνυμένων

2242 4918 2385 4974 me:
2419 4918 2818 4990 μὴδυνάμενας,
2911 4985 2952 4990 _
3185 4986 3239 4990 --
3319 4986 3332 4990 -
3716 4978 3726 4989 .

2317 4985 2431 5059 (55)
2470 4985 2536 5043 Τὸ
2566 4988 2633 5042 δὲ
2652 4985 2871 5042 δοκεῖν.
2891 4985 3138 5059 _Frustra
3185 4986 3283 5059 hic
3318 4986 3563 5059 lacunam
3608 4985 3748 5056 suspi;

2244 5056 2439 5139 cautur
2455 5058 2853 5139 _Stephanuset
2886 5056 3231 5139 Sylburgius.
3254 5056 3395 5139 Satis
3419 5066 3502 5139 est
3522 5056 3752 5139 legererqu

2246 5130 2303 5184 δὲ
2332 5130 2527 5193 δοκεῖν,
2560 5121 2646 5183 νει
2710 5121 3005 5184 subaudire
3043 5121 3188 5183 κατά
3235 5138 3357 5183 ante
3423 5129 3532 5182 haec
3574 5121 3746 5193 terim.

2243 5216 2473 5269 quorum
2515 5190 2566 5254 is
2622 5208 2706 5273 est
2739 5214 2973 5273 sensus:
3001 5216 3156 5273 teque
3203 5198 3425 5273 stultum
3452 5190 3746 5273 esse,.rehlus

2242 5257 2403 5326 sensu
2440 5269 2749 5324 carentibus
2779 5269 3049 5325 sacriﬁcia
3071 5257 3289 5331 'oﬁ‘erre,
3307 5277 3361 5322 et
3382 5268 3490 5321 Deo
3524 5264 3605 5335 qui
3632 5257 3745 5335 nulla

2242 5355 2302 5396 re
2330 5340 2552 5421 indiget,
2587 5348 2783 5421 putare
2810 5355 2870 5395 se
2898 5340 3103 5421 aliquid
3126 5339 3383 5421 praebere.
3416 5331 3743 5421 Ipse'Stephf-

2243 5425 2347 5481 nus
2380 5405 2708 5481 fatetur—legi
2738 5425 2900 5479 posse
2933 5405 3011 5480 τῷ
3042 5410 3098 5464 δὲ
3128 5405 3323 5475 δοκεῖν,
3350 5405 3461 5464 ιιιεό
3480 5405 3625 5461 verba
3643 5413 3744 5455 con-

2237 5480 2655 5561 iungendgcum
2672 5480 3137 5561 princedentiluts.

2316 5541 2428 5621 (54)
2467 5550 2584 5619 Τὴν
2627 5541 2740 5621 τῆς
2781 5550 3121 5622 περιτομῆς.
3156 5551 3460 5622 Stephanus
3491 5541 3740 5622 addendum

2242 5613 2697 5696 exiistiinatLOiaoe‘
2714 5613 2798 5696 uel
2828 5613 2888 5675 ού
2898 5613 3061 5696 δεέῶζ
3077 5613 3203 5689 ἀξια
3224 5613 3386 5696 λόγου
3415 5620 3471 5673 οὐ
3493 5613 3692 5696 ,νρμξζιξξ

2313 5692 2425 5762 (55)
2463 5692 2593 5760 Πῶς
2627 5694 2709 5767 οὐ.
2733 5692 2915 5764 θέμις·
2944 5677 3094 5751 Βοῐοι
3121 5677 3181 5749 δύ
3219 5677 3399 5765 Steph.
3430 5689 3504 5747 vel
3529 5677 3740 5761 1ιὲέίιάθῷ

2245 5780 2417 5835 μιτον.
