4038 6314
350 268 495 334 H73

1432 276 1773 334 EPISTULA
1814 277 1904 332 AD
1942 277 2365 336 DIOGNETUM.

3480 280 3616 335 HN

344 406 471 461 ριον
512 388 626 461 (56)
668 389 897 463 ἐκλογῆς
922 386 1375 453 ἀλαζονεύεσθαι,
1403 388 1480 453 ὡς
1502 389 1592 443 διὰ
1613 389 1769 443 τοῦτο
1790 389 1931 456 ἐξαι-

2045 389 2288 458 gloriari,
2319 400 2374 445 et
2405 400 2664 460 tanquam
2686 402 2806 444 eam
2840 388 2910 444 ob
2945 404 3058 444 rem
3086 387 3230 446 Deus
3259 391 3461 448 eximio
3494 393 3618 448 illos

346 482 526 553 ρέτως
553 480 944 552 ὴγαπημένους
972 479 1077 534 ὑπὸ
1099 478 1257 544 Θεοῦ,
1294 479 1413 544 πῶς
1434 481 1494 533 οὐ
1522 479 1723 552 χλεύης
1748 481 1935 548 ἀξιονς

339 573 415 627 τὸ
440 574 497 627 δὲ
524 573 955 645 παρεδρεύοντας
978 575 1176 640 αὐτοὺς
1215 576 1436 648 ἄστροις
1467 574 1561 628 καὶ
1588 574 1789 646 σελήνῃ
1832 591 1952 628 πα-.

345 665 659 737 ρατήρησιν
708 664 819 718 τῶν
866 666 1050 738 μηνῶν
1099 666 1211 738 (57)
1234 667 1330 720 κα)⁵
1362 666 1472 719 τῶν
1517 666 1740 738 ἡμερῶν
1769 670 1935 720 ποιεῖ-

343 754 499 820 σθαι,
528 757 621 809 καὶ
664 755 763 820 τάς
799 758 1110 830 οἰκονομίας
1154 757 1289 812 Θεοῦ
1325 757 1421 813 καὶ
1459 757 1559 821 τὰς
1592 757 1699 811 τῶν
1724 758 1933 830 καιρῶν

340 846 594 917 ἀλλαγὰς
617 848 758 903 κατά
773 848 994 921 (58).....
1024 851 1161 924 πρὸς
1183 850 1280 916 τάς
1300 849 1478 905 αὐτῶν
1501 849 1697 922 ὁρμὰς,
1713 849 1781 914 ἃς
1809 850 1930 920 μὲν,

341 939 433 1002 εἰς
483 937 698 1011 ἑορτὰς,
744 939 811 1005 ἃς
832 940 928 1008 δὲ,
974 944 1055 1007 είς
1100 942 1305 1013 πένθη·
1354 942 1440 1006 τίς
1492 942 1560 997 ἂν
1620 941 1931 1005 θεοσεϐείας

342 1032 447 1088 καὶ
472 1032 574 1086 οὐκ
613 1033 925 1107 ἀφροσύνης
975 1037 1111 1091 πολὺ
1148 1036 1311 1091 πλέον
1355 1037 1620 1108 ἡγήσεται
1670 1034 1733 1089 τδ
1793 1035 1933 1104 δεῖγ-

346 1141 431 1194 μα
453 1140 469 1188 ;
494 1124 592 1195 τῆς
618 1124 715 1195 μὲν
735 1121 829 1180 οὖν
868 1128 1052 1197 κοινῆς
1079 1127 1415 1199 είκαιὸτητος
1442 1127 1538 1180 καὶ
1559 1126 1797 1197 ἀπάτης,
1832 1128 1929 1182 καὶ

340 1210 451 1283 τῆς
497 1212 762 1268 Ἰουδαίων
798 1215 1326 1289 πολυπραγμοσύνης
1365 1215 1459 1269 καὶ
1488 1216 1805 1283 ἀλαζονείας
1846 1220 1930 1275 ὅτι

341 1302 528 1372 ὀρθῶς
571 1303 863 1376 ἀπέχονται
908 1309 1253 1380 Χριστιανοὶ,
1298 1306 1614 1379 ἀρκούντως
1669 1326 1730 1364 σε
1776 1312 1930 1383 νομί-

343 1393 432 1458 ζω
461 1395 852 1469 μεμαθηκέναι,
882 1399 955 1452 Τὸ
996 1400 1053 1454 δὲ
1079 1400 1179 1472 τῆς
1221 1400 1355 1464 ίδίας
1376 1400 1575 1471 ζαύτῶν
1621 1402 1932 1471 θεοσεϐείας

347 1490 651 1561 μυστήριον
686 1490 760 1562 μὴ
806 1492 1185 1566 προσδοκήσῃς
1228 1491 1486 1548 δύνασθαι
1525 1492 1680 1566 παρὰ
1717 1495 1931 1570 ἀνθρώ.

344 1598 460 1637 που
488 1581 699 1655 μαθεῖν.

2038 496 2225 535 amore
2276 490 2661 550 prosequatur,
2703 480 2982 551 quomodo
3035 480 3463 538 subsannatione
3506 500 3613 540 non

2038 572 2110 628 sit
2141 572 2416 643 dignum?
2456 570 2763 638 Quinetiam
2818 586 2935 637 eos,
2981 573 3286 642 (tanquam)
3314 573 3616 630 assidentes

2036 667 2200 721 astris
2234 673 2289 720 et
2316 665 2479 731 lunae,
2508 663 2880 719 observationi
2912 664 3184 719 mensium
3206 673 3260 718 et
3282 664 3497 719 dierum
3520 666 3616 721 de-

2033 756 2178 812 ditos
2209 772 2330 812 esse
2348 798 2363 824 ,
2398 764 2453 810 et
2482 755 2577 810 Dei
2606 754 2955 817 teconomias
2991 769 3056 809 ae
3080 763 3461 824 tempestatum
3488 770 3613 811 mu-

2030 851 2261 907 tationes
2283 850 2348 905 ad
2366 864 2427 904 ea
2451 849 2867 905 accommodare
2887 848 2954 902 ad
2971 862 3092 917 quae
3112 854 3322 902 mentes
3351 863 3464 903 suae
3488 863 3614 918 pro-

2026 958 2211 1015 pensa:
2246 942 2375 1009 sint,
2402 941 2539 996 alias
2568 940 2787 1011 quidem
2822 940 2887 994 ad
2936 939 3107 995 festos
3149 939 3288 1006 dies,
3322 940 3459 996 alias
3483 955 3614 995 vero

2027 1034 2094 1090 ad
2126 1035 2340 1101 luctus;
2366 1034 2491 1103 quis
2519 1031 2689 1088 divini
2715 1032 2894 1087 cultus
2918 1041 2972 1087 et
3000 1045 3109 1086 non
3133 1030 3420 1086 dementia:
3441 1030 3613 1086 multo

2027 1127 2204 1197 magis
2252 1125 2513 1182 indicium
2560 1123 2935 1180 existimabit?
2974 1122 3269 1178 Communi
3322 1122 3488 1194 igitur
3517 1138 3615 1176 va-

2032 1220 2202 1276 nitate
2223 1228 2279 1275 et
2307 1218 2635 1289 impostura,
2664 1215 3052 1272 etJudaaorum
3087 1216 3406 1272 curiositate
3450 1224 3614 1286 atque

2029 1312 2313 1385 iactantia,
2338 1311 2463 1382 jure
2476 1310 2822 1365 Christianos
2849 1309 3155 1375 abstinere,
3192 1317 3242 1363 te
3278 1307 3496 1363 abunde
3524 1307 3613 1363 div

2032 1407 2235 1464 dicisse
2259 1403 2539 1460 existimo.
2581 1401 2684 1457 Sed
2716 1401 2887 1457 divini
2916 1401 3095 1457 cultus
3118 1401 3224 1457 illis
3261 1402 3466 1472 proprii
3492 1419 3611 1474 my-

2033 1499 2263 1559 sterium
2289 1511 2357 1553 ne
2387 1503 2439 1552 te
2463 1496 2533 1551 ab
2566 1494 2790 1553 homine
2826 1493 2940 1550 ullo
2969 1493 3154 1551 doceri
3205 1509 3366 1566 posse
3391 1510 3607 1565 speres.

1263 1743 1395 1800 CAP.
1449 1742 1510 1799 V.
1546 1743 1972 1802 Christianorum
2014 1759 2183 1798 mores
2215 1741 2457 1815 graphice
2488 1740 2743 1813 depingit.

422 1897 734 1968 Χριστιανοὶ
777 1899 886 1971 γὰρ
927 1897 1049 1953 οὔτε
1086 1902 1198 1973 γῇ,
1227 1901 1352 1956 οὔτε
1399 1906 1574 1976 φωνῇ,
1622 1903 1749 1959 οὔτε
1781 1904 1929 1959 ’ἐθεσι

2100 1902 2397 1959 Christiani
2429 1902 2576 1957 enim
2614 1916 2792 1972 neque
2819 1900 3071 1971 regione,
3102 1912 3280 1969 neque
3311 1913 3563 1955 sermone
3582 1941 3597 1966 ,

346 1990 753 2064 διακεκριμένοι
777 1992 886 2045 τῶν
911 1990 1115 2045 λοιπῶν
1152 1994 1292 2047 είσιν
1314 1992 1637 2066 ἀνθρώπιον.
1664 1994 1801 2049 Οὔτε
1820 1996 1931 2069 γάρ

346 2100 457 2136 που
502 2084 685 2148 πόλεις
733 2083 869 2148 ιδίας
908 2084 1291 2149 κατοικοῦσιν,
1341 2084 1468 2139 οὔτε
1538 2086 1803 2158 διαλέκτῳ
1848 2105 1931 2142 τι-

345 2176 403 2229 vi.
444 2173 870 2250 παρηλλαγμένῃ
927 2175 1162 2246 χρῶνται
1187 2220 1202 2245 ,
1262 2176 1385 2232 οὔτε
1444 2177 1557 2249 βίον
1606 2178 1933 2252 παράσημον

346 2266 639 2321 ἀσκοῦσινο
691 2268 752 2321 οὐ
804 2268 914 2339 μὴν
980 2268 1194 2341 ἐπινοίᾳ
1231 2270 1340 2323 τινὶ
1399 2270 1493 2325 καὶ
1543 2273 1784 2344 φροντίδι
1839 2291 1932 2327 πο-

345 2359 753 2432 λυπραγμόνων
798 2359 1104 2432 ἀνθρώπων
1146 2361 1428 2433 μαθήματι
1470 2362 1582 2435 (59)
1624 2364 1771 2418 τοῦτ’
1818 2366 1930 2437 (60)

346 2452 533 2516 αὐτοῖς
566 2454 719 2507 ἐστιν
761 2452 1081 2524 εἰρημένονο
1113 2454 1236 2508 οὐδὲ
1277 2454 1547 2526 δόγματος
1589 2457 1930 2530 ἀνθρωπίνου

346 2545 675 2615 προεστᾶσιν
699 2583 715 2609 ,
782 2543 971 2618 ὥσπερ
1032 2546 1200 2602 ἔνιοιο
1278 2549 1661 2616 κατοικοῦντες
1724 2551 1784 2605 δὲ
1833 2552 1932 2605 πό-

345 2634 462 2700 λεις
520 2636 830 2709 Ἑλληνίδας
873 2656 936 2692 τε
1004 2640 1100 2694 καὶ
1172 2640 1519 2713 βαρϐάρους,
1565 2644 1642 2708 ὡς
1702 2643 1932 2709 ἕκαστος

344 2727 656 2801 ἐκληρώθη,
695 2730 790 2784 καὶ
840 2730 900 2784 ὲν
940 2733 1054 2795 τοῖς
1096 2730 1208 2803 (61)
1254 2733 1543 2807 ὲγχωρίοις
1587 2734 1766 2788 ἔθεσιν
1803 2737 1933 2790 ἀκο-

344 2818 663 2886 λουθοῦντες
708 2821 768 2875 ἐν
802 2840 862 2877 τε
902 2823 1089 2895 ἐσθῆτι
1135 2824 1230 2876 καὶ
1260 2824 1441 2899 διαίτῃ
1490 2827 1585 2882 ttat
1636 2826 1715 2899 τῷ
1760 2828 1932 2901 λοιπῷ

348 2908 451 2981 βίῳ
475 2950 490 2974 ,
524 2910 842 2985 θαυμαστὴν
871 2913 967 2968 καὶ
1012 2916 1462 2990 ὁμολογουμένως
1504 2919 1803 2993 παράδοξον
1849 2923 1934 2975 ὲν-

342 3002 651 3057 δείκνυνται
694 3004 796 3076 τὴν
841 3006 1179 3063 κατάστασιν
1232 3009 1335 3080 τῆς
1375 3010 1581 3066 ἑαυτῶν
1635 3011 1925 3077 πολιτείας.

344 3094 619 3166 Πατρίδας
658 3095 899 3150 οἰκοῦσιν
956 3097 1109 3161 ίδίας,
1163 3098 1279 3153 ἀλλ’
1329 3100 1405 3163 ὡς
1461 3099 1740 3172 πάροικοι·
1808 3118 1933 3172 μετ-

341 3184 531 3255 έχουσι
591 3185 831 3251 πάντων,
888 3187 966 3252 ὡς
1040 3189 1257 3245 πολῖται
1281 3230 1297 3255 ,
1352 3191 1450 3245 καὶ
1495 3192 1655 3247 πάνθ’
1718 3193 1927 3265 ὑπομέ-

2032 2006 2211 2064 neque
2244 1993 2481 2063 politieis
2515 1993 2633 2049 vita:
2681 1992 2947 2048 institutis
2979 2007 3012 2046 a
3040 1991 3252 2047 caeteris
3295 1991 3611 2047 hominibus

2034 2094 2163 2141 sunt
2193 2085 2458 2141 distincti.
2508 2083 2646 2139 Nam
2685 2100 2864 2155 neque
2896 2085 3151 2155 proprias
3178 2084 3428 2139 civitates
3461 2084 3613 2139 inro-

2032 2176 2183 2242 lunt,
2228 2190 2405 2246 neque
2454 2189 2709 2230 sermone
2749 2182 2985 2228 utuntur
3010 2175 3104 2245 qui
3129 2175 3198 2229 ab
3238 2174 3470 2229 aliorum
3498 2189 3614 2230 ser-

2032 2282 2195 2323 mone
2218 2266 2452 2332 diﬂ‘erat,
2481 2281 2659 2336 neque
2690 2267 2829 2321 vita}.
2854 2280 3029 2337 genus
3059 2266 3262 2321 habent
3283 2267 3432 2337 quod
3462 2266 3530 2322 de
3555 2282 3613 2320 re

2032 2361 2216 2431 aliqua
2259 2360 2362 2416 sibi
2393 2359 2659 2430 peculiari
2691 2361 2764 2416 sit
2792 2361 3075 2427 notabile;
3110 2375 3289 2431 neque
3323 2360 3532 2430 aliquid
3579 2376 3608 2414 a

2033 2454 2266 2511 curiosis
2310 2453 2628 2509 hominibus
2665 2455 3033 2525 excogitatum
3064 2464 3377 2525 proponunt
3399 2454 3503 2510 sibi
3529 2454 3612 2508 di—

2032 2546 2337 2603 scendum:
2390 2558 2571 2614 neque
2598 2543 2760 2599 alicui
2804 2544 3043 2615 dogmati
3087 2544 3329 2599 humano
3369 2542 3613 2614 patroci-

2033 2649 2255 2707 nantur,
2292 2638 2433 2694 sicut
2456 2638 2702 2693 nonnulli
2736 2655 2749 2690 :
2782 2638 2877 2693 sed
2908 2636 3206 2692 incolentes
3236 2636 3435 2705 partim
3462 2634 3613 2691 Grae-

2032 2749 2146 2801 cas,
2181 2732 2375 2803 partim
2399 2733 2664 2787 barbaras
2693 2731 2963 2796 civitates,
2998 2738 3159 2799 prout
3192 2727 3463 2798 cujusque
3489 2743 3611 2785 sors

2032 2826 2176 2891 tulit,
2208 2833 2263 2879 et
2287 2824 2668 2895 indigenarum
2710 2823 2957 2879 instituta
3002 2828 3294 2889 sequentes
3327 2820 3381 2874 in
3410 2820 3609 2876 vestitu

2031 2917 2321 2986 victuque,
2346 2924 2403 2972 et
2423 2916 2635 2971 caeteris
2664 2931 2789 2986 qua:
2813 2914 2881 2970 ad
2914 2915 3085 2968 vitam
3116 2912 3411 2982 pertinent,
3445 2912 3613 2967 mira-

2031 3009 2195 3064 bilem
2227 3019 2282 3065 et
2309 3008 2456 3064 haud
2502 3007 2669 3063 dubie
2706 3006 3081 3063 incredibilem
3115 3020 3230 3060 suae
3264 3004 3464 3074 politiae
3499 3012 3613 3059 sta-

2034 3110 2147 3157 tum
2187 3102 2364 3158 oculis
2388 3100 2594 3156 nostris
2627 3108 2958 3170 proponunt.
2992 3098 3206 3153 Patrias
3233 3097 3486 3167 pr0prias
3509 3098 3610 3151 ha-

2034 3195 2247 3262 bitant;
2302 3194 2395 3249 sed
2443 3202 2704 3264 tanquam
2760 3192 3035 3264 inquilini.
3078 3190 3275 3246 Omnia
3322 3206 3447 3246 cum
3475 3190 3643 3260 Zaliis.

341 3293 530 3331 νουσιν
585 3276 663 3341 ὠς
720 3276 881 3344 ξένοι.
934 3281 1090 3334 Πᾶσα
1173 3281 1339 3353 ξένη,
1383 3283 1585 3355 πατρίς
1633 3284 1779 3338 ἐστιν
1833 3286 1931 3339 αὑ-

2032 3287 2348 3344 communia
2404 3286 2628 3354 habent,
2679 3294 2938 3355 tanquam
2979 3286 3125 3341 cives
3155 3303 3170 3353 ;
3198 3291 3253 3340 et
3301 3284 3488 3339 omnia
3514 3300 3613 3355 pa-

340 3367 484 3421 τῶν·
535 3370 630 3423 καὶ
668 3371 818 3424 πᾶσα
865 3372 1101 3444 πατρὶς,
1152 3371 1299 3446 ξένη.
1349 3374 1624 3446 Γαμοῦσιν
1676 3375 1752 3441 ὡς
1797 3377 1931 3438 πάν-

337 3477 471 3524 τεςο
514 3462 922 3532 τεκνογονοῦσιν
947 3503 963 3528 ,
1029 3463 1142 3519 ἀλλ’
1187 3465 1247 3523 οὐ
1306 3466 1553 3536 ῥίπτουσι
1601 3467 1671 3522 τὰ
1730 3469 1932 3539 γεννώ-

344 3568 505 3624 μενα.
535 3553 825 3625 Τράπεζαν
851 3555 1037 3628 κοινὴν
1080 3557 1496 3629 παρατίθενται,
1552 3559 1666 3614 ἀλλ’
1694 3560 1924 3634 (62).....

340 3643 551 3714 κοινήν.
616 3644 704 3699 Ἐν
776 3646 943 3719 σαρκὶ
1009 3648 1370 3718 τυγχάνουσιν
1390 3688 1406 3715 ,
1465 3649 1582 3705 ἀλλ’
1648 3652 1709 3705 οὐ
1781 3652 1924 3707 κατά

343 3734 530 3806 σάρκα
572 3735 760 3803 ζῶσιν.
799 3739 923 3793 Ἐπὶ
976 3740 1079 3813 γῆς
1130 3739 1528 3813 διατρίϐουσιν,
1577 3744 1693 3799 ἀλλ’
1738 3748 1795 3801 ἐν
1835 3749 1928 3801 οὐ·

349 3826 496 3899 ρανῷ
555 3828 941 3885 πολιτεύονται.
991 3831 1274 3886 Πείθονται
1336 3835 1447 3897 τοῖς
1475 3833 1800 3907 ὡρισμένοις
1843 3839 1928 3891 νό-

346 3936 511 3993 μοις,
578 3923 675 3977 καὶ
741 3925 855 3988 τοῖς
928 3923 1079 3989 ίδίοις
1122 3924 1258 3996 βὼις
1298 3925 1489 3980 νικῶσι
1533 3928 1661 3992 τοὺς
1707 3929 1925 4001 νόμους.

360 4015 642 4085 Ἀγαπῶσι
694 4019 904 4083 πάντας
928 4058 945 4085 ,
1014 4018 1110 4073 καὶ
1162 4019 1269 4073 ὑπὸ
1337 4021 1555 4077 πάντων
1619 4022 1926 4082 διώκονται.
1970 4090 1984 4099 .

360 4109 702 4180 ’Λγνοοῦνται
724 4150 739 4177 ,
777 4110 872 4164 καὶ
929 4110 1366 4184 κατακρίνονται.
1392 4113 1790 4182 Θανατοῦνται,
1832 4118 1928 4172 καὶ
1967 4105 1979 4136 l‘

347 4197 732 4262 ζωοποιοῦνται
751 4218 765 4231 ο
791 4201 1132 4272 πτωχεύουσι
1160 4200 1292 4275 (65),
1317 4203 1412 4258 καί
1435 4203 1778 4270 πλουτίζουσι
1808 4208 1930 4262 πολ-

348 4291 497 4357 λούς.
546 4293 770 4349 Πάντων
837 4293 1229 4366 ὑστεροῦνται,
1286 4296 1379 4349 καὶ
1434 4296 1492 4348 ὲν
1536 4298 1675 4352 πᾶσι
1728 4314 1923 4371 περισ-

2034 3381 2267 3447 tiuntur,
2292 3388 2551 3449 tanquam
2586 3378 2880 3449 peregrini.
2899 3376 3090 3434 Omnis
3117 3376 3406 3450 peregrina
3437 3376 3609 3447 regio,

2034 3471 2315 3542 patriaest
2342 3486 2571 3538 eorum;
2598 3480 2654 3525 et
2698 3471 2886 3526 omnis
2925 3470 3135 3541 patria,
3168 3478 3256 3525 est
3302 3469 3609 3540 peregrina.

2036 3562 2247 3620 Uxores
2286 3564 2513 3629 ducunt,
2566 3572 2627 3619 ut
2680 3578 2893 3630 omnes,
2922 3572 2977 3618 et
3026 3563 3227 3618 liberos
3277 3568 3608 3632 procreant;

2034 3657 2129 3711 sed
2159 3671 2267 3711 non
2297 3655 2562 3726 abjiciunt
2594 3654 2760 3710 fetus.
2798 3654 3039 3709 Mensam
3068 3668 3414 3709 communem
3444 3667 3615 3722 appo-

2036 3753 2211 3811 nunt;
2249 3745 2476 3800 minime
2502 3761 2633 3801 vero
2663 3744 2866 3802 cubile.
2888 3743 2947 3798 lu
2978 3758 3149 3801 carne
3187 3752 3343 3810 sunt;
3378 3742 3471 3798 sed
3500 3756 3611 3797 non

2037 3835 2337 3891 secundum
2372 3842 2591 3891 carnem
2643 3835 2851 3891 vivunt.
2913 3833 2972 3889 In
3020 3842 3164 3889 terra
3213 3834 3484 3904 degunt;}
3517 3832 3613 3887 sed

2034 3928 2092 3983 in
2127 3929 2267 3985 coelo
2292 3929 2537 3999 politiam
2565 3945 2721 3985 suam
2746 3929 2969 3985 habent.
2988 3927 3379 3998 Obsequuntur
3403 3926 3612 3995 legibus

2034 4033 2157 4088 quae
2178 4021 2400 4076 sancitae
2426 4030 2574 4089 sunt,
2605 4031 2659 4077 et
2687 4037 2789 4077 suo
2810 4022 2931 4076 vitae
2946 4035 3142 4090 genere
3161 4020 3307 4091 leges
3330 4028 3609 4089 superant.

2033 4107 2236 4165 Amant
2260 4126 2472 4180 omnes,
2501 4122 2557 4168 et
2581 4127 2771 4169 omnes
2821 4111 2943 4169 illos
2994 4118 3416 4182 persequuntur.
3452 4108 3611 4179 Igno-

2032 4214 2223 4260 rantur
2244 4215 2299 4260 et
2320 4204 2756 4263 condemnamur
2784 4223 2801 4272 ;
2841 4214 3018 4260 morte
3061 4203 3368 4259 afﬁciuntur
3391 4212 3447 4258 et
3478 4203 3611 4258 vivi-

2030 4297 2284 4355 ﬁcantur.
2318 4298 2546 4355 Mendici
2568 4308 2713 4368 sunt,
2730 4298 2999 4355 etmultos
3023 4297 3215 4352 ditant.
3236 4295 3418 4353 Rebus
3443 4294 3612 4352 omni-

423 4472 537 4543 (56)
566 4472 920 4551 Μαρτιξριοις.
972 4472 1175 4551 lucod.
1225 4488 1337 4551 ms.
1387 4482 1508 4529 erat
1549 4483 1930 4551 tantumpap-
1959 4473 2005 4529 D
2032 4477 2547 4551 queint'estigatione
2591 4477 2821 4551 quadam
2874 4486 2923 4531 et
2969 4476 3241 4551 hominum
3275 4476 3609 4551 curiosorum

342 4545 451 4617 τύρ
482 4584 497 4608 ,
532 4544 993 4618 quemadmodum
1017 4544 1188 4618 etiam
1213 4544 1376 4618 paulo
1392 4546 1610 4618 ροειχλ.
1634 4544 1933 4618 Utramque

349 4614 539 4701 vocem
593 4614 829 4685 explevit
879 4615 1145 4686 Stephau.
1214 4614 1444 4686 legendo
1511 4614 1932 4690 papttiptov'et

386 4703 563 4750 Αευης.
1850 4722 1862 4734 .

344 4703 809 4883 χλῗὲἳῑὶῖὶιιέπνῶν.
835 4755 928 4812 Sic
944 4772 1057 4839 [pro
1080 4774 1120 4829 μ
1140 4754 1471 4827 Stephanus,
1501 4757 1664 4815 Beur.
1695 4770 1751 4814 et
1777 4722 1928 4830 Syib.

344 4843 504 4883 einen
550 4844 615 4880 an
646 4867 664 4882 ο

344 4834 664 4885 emendant.
944 4834 949 4839 '

422 4900 544 4971 (58)
569 4896 749 4971 Κειτιῂ
781 4896 837 4951 In
881 4898 1205 4971 apographo
1232 4899 1456 4971 Beureri
1503 4908 1622 4955 erat
1656 4900 1933 4955 καταδιαι-

387 4974 485 5024 εῖν.
524 4968 675 5040 Legit
711 4968 1436 5041 διερ11.’καταρρυθμίζειν;
1472 4971 1553 5025 ὅτι
1587 4971 1833 5027 additum
1861 4987 1927 5025 ex

396 5039 630 5111 tephano
666 5050 720 5094 et
754 5039 914 5111 Beur.
958 5039 1421 5096 Mox-Judzeorum
1457 5043 1753 5097 curiositas
1778 5042 1930 5097 intel-

347 5110 562 5181 lige’nda
587 5119 671 5165 est
704 5128 717 5165 :
750 5110 1032 5167 Curiosum
1055 5114 1292 5165 studium
1319 5112 1471 5165 varia
1495 5112 1565 5164 ad
1582 5112 1680 5166 Dei
1702 5113 1924 5179 cultum,

347 5182 556 5251 qualem
578 5182 678 5253 sibi
704 5182 972 5252 ﬁngebant
1010 5181 1327 5253 pertinentia
1359 5183 1639 5236 acervandi
1657 5199 1678 5248 ;
1706 5185 1786 5239 sic
1811 5184 1928 5253 ipse

347 5250 942 5337 explicat-Stephanus:

417 5322 531 5394 (59)
564 5322 895 5392 Μαθὴματι.
930 5323 1094 5379 Iidem
1120 5332 1303 5395 legunt
1326 5322 1556 5395 μάθημά
1580 5340 1655 5385 τι,
1680 5333 1732 5379 et
1758 5325 1925 5394 paulo

347 5403 471 5476 post
492 5394 809 5476 βὺρημένρν
862 5410 961 5465 pro
983 5393 1336 5476 .Elpqpév9‘ﬂ
1358 5393 1488 5476 Non
1510 5393 1776 5476 displicet:
1805 5396 1925 5476 Syl-

350 5463 543 5545 hurgio
578 5463 889 5545 ᾑρημένον)
935 5463 1186 5545 electum.
1230 5463 1921 5545 Legendum__t:rediderim

352 5535 583 5606 μάθημα
612 5535 789 5589 τοῦτο.
816 5535 949 5591 Illud
986 5536 1265 5607 μαθήματι
1296 5544 1478 5591 ortum
1506 5535 1719 5591 videtur
1754 5552 1819 5591 ex
1847 5538 1923 5593 si-

349 5607 469 5677 Inili
490 5622 637 5677 _easu
678 5621 871 5677 vocum
904 5606 1353 5677 praecedentium.

422 5675 534 5743 (60)
563 5676 872 5748 Μαθήματι
906 5675 1101 5748 τοῦτ’.
1145 5675 1397 5748 Legendo
1461 5676 1691 5748 μάθημα
1739 5676 1917 5743 τοῦτο,

350 5760 409 5804 ut
432 5747 721 5819 legendum
752 5748 963 5817 monui,
1000 5747 1082 5803 sic
1110 5747 1417 5805 reddendus
1457 5747 1543 5805 hic
1580 5747 1774 5806 locus:
1811 5748 1920 5805 Ne-

2038 4546 2394 4602 sollicitudine
2421 4548 2532 4602 hate
2571 4548 2856 4618 disciplina
2892 4552 2956 4601 ab
2996 4549 3071 4601 eis
3114 4553 3348 4602 inventa.
3394 4547 3608 4604 Manu.

2038 4618 2094 4673 in
2130 4617 2516 4673 Emendandis.

2129 4688 2366 4760 61)_'Er
2385 4689 2532 4760 τοῖς.
2569 4688 2722 4743 Delet
2748 4688 3013 4760 Stephan.
3050 4689 3514 4760 praepositionem.

2130 4757 2458 4830 62)Ἀλλ’...
2498 4758 2810 4830 Stephanus
2845 4757 2901 4815 ct
2947 4757 3219 4815 Beurertis
3256 4760 3442 4830 legunt
3493 4760 3608 4813 ἀλλ’

2032 4830 2334 4902 οὑνκοινήν.
2360 4830 2543 4902 Mallet
2599 4830 2921 4902 Sylhurgius
2951 4830 3063 4902 ἀλλ’
3097 4832 3157 4884 οὐ
3202 4831 3378 4902 πάντη
3425 4834 3608 4902 κοινήν

2032 4901 2117 4973 vel
2145 4899 2451 4973 ἀλλὀσίως
2467 4899 2672 4972 κοινήν.
2697 4899 3024 4972 δεότνίεἰάα
3058 4918 3286 4973 prorsus
3316 4899 3607 4973 luecgejns‘a

2031 4970 2157 5025 dem
2208 4972 2360 5027 vocis
2421 4970 2709 5041 repetitio,
2766 4982 2823 5027 et
2879 4970 2986 5026 hoc
3029 4970 3608 5042 perpolitoseriptore

2030 5057 2261 5112 prorsus
2297 5040 2538 5112 indigna.
2580 5043 2972 5110 Quamobrem,
3008 5040 3063 5097 ni
3104 5040 3285 5103 fallor,
3316 5040 3604 5109 legendum

2030 5110 2146 5164 ἀλλ’
2179 5113 2239 5165 οὐ
2270 5110 2457 5182 κοίτην
2486 5131 2498 5167 ι
2534 5129 2768 5168 mensam
2800 5129 3123 5169 communem
3157 5113 3501 5182 opponimus,
3550 5120 3607 5164 at

2030 5181 2606 5254 cubilegnequaquam.
2653 5185 2866 5251 Quibus
2917 5184 3100 5237 verbis
3160 5192 3215 5236 et
3264 5181 3496 5254 iniquos,
3536 5188 3608 5254 tle

2028 5251 2359 5310 Christianis
2393 5251 2647 5310 rumores
2680 5257 2916 5324 repellit,
2944 5262 2997 5307 et
3031 5261 3299 5322 quantum
3325 5252 3395 5305 ah
3426 5252 3608 5324 ethnio

2026 5337 2221 5377 eurum
2263 5325 2514 5380 moribus
2563 5321 2960 5394 discreparent,
3006 5321 3396 5394 demonstrat,
3426 5321 3604 5376 Simili

2026 5408 2255 5519 prorsus
2287 5396 2557 5451 sententia
2575 5392 2946 5451 Tertullianus
2969 5412 2982 5447 :
3013 5393 3227 5458 Omnia,
3248 5392 3427 5462 inquit
3445 5394 3602 5464 Apol.

2063 5465 2117 5519 9.
2142 5466 2431 5519 indiscreta
2458 5474 2579 5519 sunt
2624 5464 2764 5519 apud
2790 5482 2882 5519 nos
2921 5475 3114 5519 praeter
3161 5479 3374 5517 uxores.
3402 5462 3467 5519 In
3504 5467 3602 5517 ista

2063 5465 2117 5530 9,
2142 5466 2431 5519 indiscreta
2458 5474 2579 5519 sunt
2624 5464 2764 5535 apud
2790 5482 2882 5519 nos
2921 5475 3114 5533 praeter
3161 5479 3374 5517 uxores.
3402 5462 3467 5519 In
3494 5462 3605 5517 ’i-sto

2024 5536 2138 5588 solo
2172 5538 2497 5590 consortium
2526 5538 2802 5603 solvimus,
2834 5536 2890 5589 in
2920 5550 3022 5605 quo
3070 5534 3189 5590 solo
3221 5537 3398 5590 δωδετὶ
3435 5535 3607 5589 homi-

2026 5622 2113 5659 nes
2144 5608 2468 5661 consortium
2496 5615 2757 5662 exercent.

2098 5678 2208 5747 (63)
2253 5677 2657 5745 Πτωχεύουσι.
2687 5675 2878 5732 Dicere
2913 5676 3100 5732 malim
3134 5679 3201 5733 de
3222 5679 3553 5735 Christianis
3587 5697 3600 5731 :

2024 5746 2293 5818 Pa’uperes
2348 5756 2469 5803 sunt
2512 5760 2561 5805 et
2610 5746 2802 5804 mullos
2833 5750 3031 5817 ditant,
3061 5767 3248 5821 quant,
3288 5762 3348 5806 ut
3372 5751 3605 5807 reddidit
