  <div class='ocr_page' id='page_1' title='image "/cluster/home/n/w/nwhite01/storage/ocr_20150623/2/hvd.32044073501249/593.png"; bbox 0 0 4038 6314; ppageno 0'>
   <div class='ocr_carea' id='block_1_1' title="bbox 549 292 3735 372">
    <p class='ocr_par' dir='ltr' id='par_1_1' title="bbox 549 292 3735 372">
     <span class='ocr_line' id='line_1_1' title="bbox 549 292 3735 372; baseline 0.008 -26"><span class='ocrx_word' id='word_1_1' title='bbox 549 292 687 348; x_wconf 70' lang='lat' dir='ltr'><strong>I175</strong></span> <span class='ocrx_word' id='word_1_2' title='bbox 1691 296 1999 354; x_wconf 78' lang='lat' dir='ltr'><strong>ANONYMI</strong></span> <span class='ocrx_word' id='word_1_3' title='bbox 2029 298 2167 355; x_wconf 77' lang='lat' dir='ltr'><strong>VIBI</strong></span> <span class='ocrx_word' id='word_1_4' title='bbox 2210 297 2614 357; x_wconf 84' lang='lat' dir='ltr'><strong>APOSTOLICI</strong></span> <span class='ocrx_word' id='word_1_5' title='bbox 2716 324 2719 327; x_wconf 94' lang='grc'><strong>·</strong></span> <span class='ocrx_word' id='word_1_6' title='bbox 3623 314 3735 372; x_wconf 69' lang='grc'><strong>1176</strong></span> 
     </span>
    </p>
   </div>
   <div class='ocr_carea' id='block_1_2' title="bbox 549 406 2144 494">
    <p class='ocr_par' dir='ltr' id='par_1_2' title="bbox 549 406 2126 477">
     <span class='ocr_line' id='line_1_2' title="bbox 549 406 2126 477; baseline 0.003 -14"><span class='ocrx_word' id='word_1_7' title='bbox 549 417 655 463; x_wconf 80' lang='lat' dir='ltr'><strong>bus</strong></span> <span class='ocrx_word' id='word_1_8' title='bbox 683 406 948 477; x_wconf 85' lang='lat' dir='ltr'><strong>indigent,</strong></span> <span class='ocrx_word' id='word_1_9' title='bbox 970 418 1025 465; x_wconf 90' lang='lat' dir='ltr'><strong>et</strong></span> <span class='ocrx_word' id='word_1_10' title='bbox 1050 410 1230 467; x_wconf 80' lang='lat' dir='ltr'><strong>omnia</strong></span> <span class='ocrx_word' id='word_1_11' title='bbox 1273 410 1379 467; x_wconf 82' lang='lat' dir='ltr'><strong>illis</strong></span> <span class='ocrx_word' id='word_1_12' title='bbox 1410 412 1736 471; x_wconf 75' lang='lat' dir='ltr'><strong>redundant.</strong></span> <span class='ocrx_word' id='word_1_13' title='bbox 1785 415 2126 471; x_wconf 89' lang='lat' dir='ltr'><strong>Dedecoran-</strong></span> 
     </span>
    </p>
   </div>
   <div class='ocr_carea' id='block_1_3' title="bbox 2144 406 3739 494">
    <p class='ocr_par' dir='ltr' id='par_1_3' title="bbox 2154 413 3739 494">
     <span class='ocr_line' id='line_1_3' title="bbox 2154 413 3739 494; baseline 0.01 -28"><span class='ocrx_word' id='word_1_14' title='bbox 2154 422 2198 479; x_wconf 76' lang='grc' dir='ltr'>Α</span> <span class='ocrx_word' id='word_1_15' title='bbox 2228 413 2498 469; x_wconf 84' lang='grc' dir='ltr'>σεύουσιν.</span> <span class='ocrx_word' id='word_1_16' title='bbox 2578 415 2958 487; x_wconf 81' lang='grc' dir='ltr'>Ἀτιμοῦνται,</span> <span class='ocrx_word' id='word_1_17' title='bbox 3028 422 3120 474; x_wconf 77' lang='grc' dir='ltr'>καὶ</span> <span class='ocrx_word' id='word_1_18' title='bbox 3163 422 3224 475; x_wconf 79' lang='grc' dir='ltr'><strong>ἐν</strong></span> <span class='ocrx_word' id='word_1_19' title='bbox 3268 423 3387 485; x_wconf 83' lang='grc' dir='ltr'>ταῖς</span> <span class='ocrx_word' id='word_1_20' title='bbox 3421 422 3641 494; x_wconf 77' lang='grc' dir='ltr'><strong>ἀτιμίαις</strong></span> <span class='ocrx_word' id='word_1_21' title='bbox 3674 432 3739 482; x_wconf 80' lang='grc' dir='ltr'><strong>ὁο-</strong></span> 
     </span>
    </p>
   </div>
   <div class='ocr_carea' id='block_1_4' title="bbox 548 502 2143 580">
    <p class='ocr_par' dir='ltr' id='par_1_4' title="bbox 548 502 2119 575">
     <span class='ocr_line' id='line_1_4' title="bbox 548 502 2119 575; baseline 0.005 -18"><span class='ocrx_word' id='word_1_22' title='bbox 548 512 659 570; x_wconf 84' lang='lat' dir='ltr'><strong>tur,</strong></span> <span class='ocrx_word' id='word_1_23' title='bbox 678 512 731 558; x_wconf 88' lang='lat' dir='ltr'><strong>et</strong></span> <span class='ocrx_word' id='word_1_24' title='bbox 759 502 900 557; x_wconf 88' lang='lat' dir='ltr'><strong>inter</strong></span> <span class='ocrx_word' id='word_1_25' title='bbox 921 503 1185 559; x_wconf 83' lang='lat' dir='ltr'><strong>dedecora</strong></span> <span class='ocrx_word' id='word_1_26' title='bbox 1208 506 1377 575; x_wconf 83' lang='lat' dir='ltr'><strong>gloria</strong></span> <span class='ocrx_word' id='word_1_27' title='bbox 1401 505 1728 563; x_wconf 64' lang='lat' dir='ltr'><strong>adiciuntur.</strong></span> <span class='ocrx_word' id='word_1_28' title='bbox 1749 508 1951 564; x_wconf 83' lang='lat' dir='ltr'><strong>Eorum</strong></span> <span class='ocrx_word' id='word_1_29' title='bbox 1975 508 2119 565; x_wconf 85' lang='lat' dir='ltr'><strong>fama</strong></span> 
     </span>
    </p>
   </div>
   <div class='ocr_carea' id='block_1_5' title="bbox 2149 502 3744 580">
    <p class='ocr_par' dir='ltr' id='par_1_5' title="bbox 2226 505 3744 580">
     <span class='ocr_line' id='line_1_5' title="bbox 2226 505 3744 580; baseline 0.012 -22"><span class='ocrx_word' id='word_1_30' title='bbox 2226 505 2509 573; x_wconf 75' lang='grc' dir='ltr'>ξάζονται·</span> <span class='ocrx_word' id='word_1_31' title='bbox 2580 508 3023 580; x_wconf 87' lang='grc' dir='ltr'>βλασφημοῦνται</span> <span class='ocrx_word' id='word_1_32' title='bbox 3049 552 3064 576; x_wconf 90' lang='grc'><strong>,</strong></span> <span class='ocrx_word' id='word_1_33' title='bbox 3129 514 3225 567; x_wconf 70' lang='grc' dir='ltr'>καὶ</span> <span class='ocrx_word' id='word_1_34' title='bbox 3281 515 3622 572; x_wconf 86' lang='grc' dir='ltr'>δικαιοῦνται·</span> <span class='ocrx_word' id='word_1_35' title='bbox 3666 522 3744 576; x_wconf 79' lang='grc' dir='ltr'>λοι·</span> 
     </span>
    </p>
   </div>
   <div class='ocr_carea' id='block_1_6' title="bbox 548 595 2143 680">
    <p class='ocr_par' dir='ltr' id='par_1_6' title="bbox 548 595 2121 671">
     <span class='ocr_line' id='line_1_6' title="bbox 548 595 2121 671; baseline 0.003 -21"><span class='ocrx_word' id='word_1_36' title='bbox 548 596 841 661; x_wconf 82' lang='lat' dir='ltr'><strong>laceratur,</strong></span> <span class='ocrx_word' id='word_1_37' title='bbox 880 605 934 651; x_wconf 92' lang='lat' dir='ltr'><strong>et</strong></span> <span class='ocrx_word' id='word_1_38' title='bbox 969 595 1199 665; x_wconf 66' lang='lat' dir='ltr'><strong>iustitiae</strong></span> <span class='ocrx_word' id='word_1_39' title='bbox 1241 612 1431 652; x_wconf 90' lang='lat' dir='ltr'><strong>eorum</strong></span> <span class='ocrx_word' id='word_1_40' title='bbox 1464 600 1839 655; x_wconf 89' lang='lat' dir='ltr'><strong>testimonium</strong></span> <span class='ocrx_word' id='word_1_41' title='bbox 1871 601 2121 671; x_wconf 59' lang='lat' dir='ltr'><strong>perhibec</strong></span> 
     </span>
    </p>
   </div>
   <div class='ocr_carea' id='block_1_7' title="bbox 2151 595 3746 680">
    <p class='ocr_par' dir='ltr' id='par_1_7' title="bbox 2223 599 3746 680">
     <span class='ocr_line' id='line_1_7' title="bbox 2223 599 3746 680; baseline 0.01 -26"><span class='ocrx_word' id='word_1_42' title='bbox 2223 599 2526 672; x_wconf 88' lang='grc' dir='ltr'>δοροῦνται,</span> <span class='ocrx_word' id='word_1_43' title='bbox 2581 604 2676 657; x_wconf 80' lang='grc' dir='ltr'>καὶ</span> <span class='ocrx_word' id='word_1_44' title='bbox 2722 605 3069 674; x_wconf 75' lang='grc' dir='ltr'><strong>εὐλογοῦσιν·</strong></span> <span class='ocrx_word' id='word_1_45' title='bbox 3146 607 3486 680; x_wconf 74' lang='grc' dir='ltr'>ὑϐρίζονται.</span> <span class='ocrx_word' id='word_1_46' title='bbox 3553 615 3644 668; x_wconf 80' lang='grc' dir='ltr'><strong>καί</strong></span> <span class='ocrx_word' id='word_1_47' title='bbox 3685 634 3746 668; x_wconf 82' lang='grc' dir='ltr'>τι·</span> 
     </span>
    </p>
   </div>
   <div class='ocr_carea' id='block_1_8' title="bbox 548 687 2143 765">
    <p class='ocr_par' dir='ltr' id='par_1_8' title="bbox 548 687 2116 761">
     <span class='ocr_line' id='line_1_8' title="bbox 548 687 2116 761; baseline 0.004 -18"><span class='ocrx_word' id='word_1_48' title='bbox 548 700 660 744; x_wconf 91' lang='lat' dir='ltr'><strong>tur.</strong></span> <span class='ocrx_word' id='word_1_49' title='bbox 702 687 1003 744; x_wconf 74' lang='lat' dir='ltr'><strong>Maledictis</strong></span> <span class='ocrx_word' id='word_1_50' title='bbox 1042 704 1105 744; x_wconf 89' lang='lat' dir='ltr'><strong>ac</strong></span> <span class='ocrx_word' id='word_1_51' title='bbox 1143 690 1408 745; x_wconf 83' lang='lat' dir='ltr'><strong>conviciis</strong></span> <span class='ocrx_word' id='word_1_52' title='bbox 1452 691 1837 761; x_wconf 82' lang='lat' dir='ltr'><strong>incessuntur,</strong></span> <span class='ocrx_word' id='word_1_53' title='bbox 1877 702 1931 749; x_wconf 88' lang='lat' dir='ltr'><strong>et</strong></span> <span class='ocrx_word' id='word_1_54' title='bbox 1955 693 2116 749; x_wconf 85' lang='lat' dir='ltr'><strong>bonis</strong></span> 
     </span>
    </p>
   </div>
   <div class='ocr_carea' id='block_1_9' title="bbox 2155 687 3750 765">
    <p class='ocr_par' dir='ltr' id='par_1_9' title="bbox 2227 692 3750 765">
     <span class='ocr_line' id='line_1_9' title="bbox 2227 692 3750 765; baseline 0.008 -20"><span class='ocrx_word' id='word_1_55' title='bbox 2227 692 2422 764; x_wconf 84' lang='grc' dir='ltr'>μῶσιν.</span> <span class='ocrx_word' id='word_1_56' title='bbox 2476 693 2954 763; x_wconf 84' lang='grc' dir='ltr'>Ἀγαθοποιοῦντες</span> <span class='ocrx_word' id='word_1_57' title='bbox 2976 736 2990 761; x_wconf 93' lang='grc'><strong>,</strong></span> <span class='ocrx_word' id='word_1_58' title='bbox 3024 696 3101 761; x_wconf 85' lang='grc' dir='ltr'>ὡς</span> <span class='ocrx_word' id='word_1_59' title='bbox 3127 700 3290 752; x_wconf 78' lang='grc' dir='ltr'>κακοὶ</span> <span class='ocrx_word' id='word_1_60' title='bbox 3326 700 3617 765; x_wconf 73' lang='grc' dir='ltr'>κολάζονται</span> <span class='ocrx_word' id='word_1_61' title='bbox 3642 722 3654 735; x_wconf 86' lang='grc'><strong>·</strong></span> <span class='ocrx_word' id='word_1_62' title='bbox 3685 725 3750 761; x_wconf 83' lang='grc' dir='ltr'>κο-</span> 
     </span>
    </p>
   </div>
   <div class='ocr_carea' id='block_1_10' title="bbox 545 777 2140 863">
    <p class='ocr_par' dir='ltr' id='par_1_10' title="bbox 545 777 2119 850">
     <span class='ocr_line' id='line_1_10' title="bbox 545 777 2119 850; baseline 0.005 -18"><span class='ocrx_word' id='word_1_63' title='bbox 545 778 729 833; x_wconf 88' lang='lat' dir='ltr'><strong>verbis</strong></span> <span class='ocrx_word' id='word_1_64' title='bbox 760 790 1189 850; x_wconf 90' lang='lat' dir='ltr'><strong>prosequuntur.</strong></span> <span class='ocrx_word' id='word_1_65' title='bbox 1219 777 1425 850; x_wconf 87' lang='lat' dir='ltr'><strong>lnjuria</strong></span> <span class='ocrx_word' id='word_1_66' title='bbox 1464 780 1795 846; x_wconf 84' lang='lat' dir='ltr'><strong>alliciuntur,</strong></span> <span class='ocrx_word' id='word_1_67' title='bbox 1829 794 1882 838; x_wconf 89' lang='lat' dir='ltr'><strong>et</strong></span> <span class='ocrx_word' id='word_1_68' title='bbox 1911 784 2119 840; x_wconf 87' lang='lat' dir='ltr'><strong>honore</strong></span> 
     </span>
    </p>
   </div>
   <div class='ocr_carea' id='block_1_11' title="bbox 2156 777 3751 863">
    <p class='ocr_par' dir='ltr' id='par_1_11' title="bbox 2222 784 3751 863">
     <span class='ocr_line' id='line_1_11' title="bbox 2222 784 3751 863; baseline 0.01 -26"><span class='ocrx_word' id='word_1_69' title='bbox 2222 784 2505 857; x_wconf 78' lang='grc' dir='ltr'><strong>λαζόμενοι</strong></span> <span class='ocrx_word' id='word_1_70' title='bbox 2542 786 2851 859; x_wconf 76' lang='grc' dir='ltr'>χαίρουσιν,</span> <span class='ocrx_word' id='word_1_71' title='bbox 2892 789 2968 852; x_wconf 84' lang='grc' dir='ltr'><strong>ὡς</strong></span> <span class='ocrx_word' id='word_1_72' title='bbox 3006 788 3445 863; x_wconf 77' lang='grc' dir='ltr'>ζωοποιοῦμενοι.</span> <span class='ocrx_word' id='word_1_73' title='bbox 3489 795 3610 849; x_wconf 72' lang='grc' dir='ltr'>Ὑπὸ</span> <span class='ocrx_word' id='word_1_74' title='bbox 3659 799 3751 853; x_wconf 84' lang='grc' dir='ltr'>Ἰου-</span> 
     </span>
    </p>
   </div>
   <div class='ocr_carea' id='block_1_12' title="bbox 547 870 2142 962">
    <p class='ocr_par' dir='ltr' id='par_1_12' title="bbox 547 870 2122 948">
     <span class='ocr_line' id='line_1_12' title="bbox 547 870 2122 948; baseline 0.003 -24"><span class='ocrx_word' id='word_1_75' title='bbox 547 879 970 941; x_wconf 87' lang='lat' dir='ltr'><strong>prosequuntur.</strong></span> <span class='ocrx_word' id='word_1_76' title='bbox 999 870 1136 925; x_wconf 85' lang='lat' dir='ltr'><strong>Cum</strong></span> <span class='ocrx_word' id='word_1_77' title='bbox 1168 887 1228 927; x_wconf 88' lang='lat' dir='ltr'><strong>se</strong></span> <span class='ocrx_word' id='word_1_78' title='bbox 1267 884 1455 943; x_wconf 87' lang='lat' dir='ltr'><strong>gerant</strong></span> <span class='ocrx_word' id='word_1_79' title='bbox 1490 882 1549 926; x_wconf 90' lang='lat' dir='ltr'><strong>ut</strong></span> <span class='ocrx_word' id='word_1_80' title='bbox 1576 872 1777 942; x_wconf 89' lang='lat' dir='ltr'><strong>probos</strong></span> <span class='ocrx_word' id='word_1_81' title='bbox 1799 872 1976 948; x_wconf 76' lang='lat' dir='ltr'><strong>decet,</strong></span> <span class='ocrx_word' id='word_1_82' title='bbox 2001 885 2122 929; x_wconf 87' lang='lat' dir='ltr'><strong>tan-</strong></span> 
     </span>
    </p>
   </div>
   <div class='ocr_carea' id='block_1_13' title="bbox 2155 870 3750 962">
    <p class='ocr_par' dir='ltr' id='par_1_13' title="bbox 2223 877 3750 962">
     <span class='ocr_line' id='line_1_13' title="bbox 2223 877 3750 962; baseline 0.009 -30"><span class='ocrx_word' id='word_1_83' title='bbox 2223 877 2387 932; x_wconf 85' lang='grc' dir='ltr'>δαίων</span> <span class='ocrx_word' id='word_1_84' title='bbox 2412 879 2488 944; x_wconf 84' lang='grc' dir='ltr'>ὡς</span> <span class='ocrx_word' id='word_1_85' title='bbox 2531 879 2818 950; x_wconf 78' lang='grc' dir='ltr'><strong>ἀλλόφυλοι</strong></span> <span class='ocrx_word' id='word_1_86' title='bbox 2847 881 3233 953; x_wconf 77' lang='grc' dir='ltr'>πολεμοῦνται,</span> <span class='ocrx_word' id='word_1_87' title='bbox 3265 886 3361 940; x_wconf 80' lang='grc' dir='ltr'><strong>καὶ</strong></span> <span class='ocrx_word' id='word_1_88' title='bbox 3394 887 3493 940; x_wconf 77' lang='grc' dir='ltr'>ὑπὸ</span> <span class='ocrx_word' id='word_1_89' title='bbox 3531 888 3750 962; x_wconf 80' lang='grc' dir='ltr'>Ἑλλήνων</span> 
     </span>
    </p>
   </div>
   <div class='ocr_carea' id='block_1_14' title="bbox 546 959 2141 1051">
    <p class='ocr_par' dir='ltr' id='par_1_14' title="bbox 546 959 2124 1037">
     <span class='ocr_line' id='line_1_14' title="bbox 546 959 2124 1037; baseline 0.002 -20"><span class='ocrx_word' id='word_1_90' title='bbox 546 979 712 1032; x_wconf 87' lang='lat' dir='ltr'><strong>quam</strong></span> <span class='ocrx_word' id='word_1_91' title='bbox 749 959 984 1030; x_wconf 88' lang='lat' dir='ltr'><strong>improbi</strong></span> <span class='ocrx_word' id='word_1_92' title='bbox 1012 962 1343 1031; x_wconf 89' lang='lat' dir='ltr'><strong>puniuntur:</strong></span> <span class='ocrx_word' id='word_1_93' title='bbox 1377 964 1506 1019; x_wconf 91' lang='lat' dir='ltr'><strong>dum</strong></span> <span class='ocrx_word' id='word_1_94' title='bbox 1534 965 1858 1033; x_wconf 88' lang='lat' dir='ltr'><strong>puniuntur,</strong></span> <span class='ocrx_word' id='word_1_95' title='bbox 1885 965 2124 1037; x_wconf 85' lang='lat' dir='ltr'><strong>gaudent</strong></span> 
     </span>
    </p>
   </div>
   <div class='ocr_carea' id='block_1_15' title="bbox 2158 959 3753 1051">
    <p class='ocr_par' dir='ltr' id='par_1_15' title="bbox 2226 959 3753 1051">
     <span class='ocr_line' id='line_1_15' title="bbox 2226 959 3753 1051; baseline 0.008 -28"><span class='ocrx_word' id='word_1_96' title='bbox 2226 968 2550 1024; x_wconf 85' lang='grc' dir='ltr'>διώκονται·</span> <span class='ocrx_word' id='word_1_97' title='bbox 2599 972 2692 1026; x_wconf 80' lang='grc' dir='ltr'>καὶ</span> <span class='ocrx_word' id='word_1_98' title='bbox 2743 972 2841 1044; x_wconf 77' lang='grc' dir='ltr'><strong>τὴν</strong></span> <span class='ocrx_word' id='word_1_99' title='bbox 2893 975 3073 1029; x_wconf 78' lang='grc' dir='ltr'>αἰτίαν</span> <span class='ocrx_word' id='word_1_100' title='bbox 3116 975 3218 1048; x_wconf 76' lang='grc' dir='ltr'>τῆς</span> <span class='ocrx_word' id='word_1_101' title='bbox 3260 976 3453 1049; x_wconf 78' lang='grc' dir='ltr'>ἔχθρας</span> <span class='ocrx_word' id='word_1_102' title='bbox 3503 959 3663 1034; x_wconf 25' lang='grc' dir='ltr'>εἰπεῖν.</span> <span class='ocrx_word' id='word_1_103' title='bbox 3694 1000 3753 1051; x_wconf 71' lang='lat' dir='ltr'><strong>pt-</strong></span> 
     </span>
    </p>
   </div>
   <div class='ocr_carea' id='block_1_16' title="bbox 548 1056 2143 1136">
    <p class='ocr_par' dir='ltr' id='par_1_16' title="bbox 548 1056 2121 1127">
     <span class='ocr_line' id='line_1_16' title="bbox 548 1056 2121 1127; baseline 0.002 -18"><span class='ocrx_word' id='word_1_104' title='bbox 548 1064 808 1124; x_wconf 87' lang='lat' dir='ltr'><strong>tanquam</strong></span> <span class='ocrx_word' id='word_1_105' title='bbox 835 1057 1199 1115; x_wconf 86' lang='lat' dir='ltr'><strong>vivilicentur.</strong></span> <span class='ocrx_word' id='word_1_106' title='bbox 1225 1056 1505 1112; x_wconf 79' lang='lat' dir='ltr'><strong>Adversus</strong></span> <span class='ocrx_word' id='word_1_107' title='bbox 1537 1073 1634 1112; x_wconf 85' lang='lat' dir='ltr'><strong>eos</strong></span> <span class='ocrx_word' id='word_1_108' title='bbox 1653 1099 1669 1122; x_wconf 98' lang='lat'><strong>,</strong></span> <span class='ocrx_word' id='word_1_109' title='bbox 1694 1066 1955 1127; x_wconf 87' lang='lat' dir='ltr'><strong>tanquam</strong></span> <span class='ocrx_word' id='word_1_110' title='bbox 1986 1057 2121 1112; x_wconf 84' lang='lat' dir='ltr'><strong>alie-</strong></span> 
     </span>
    </p>
   </div>
   <div class='ocr_carea' id='block_1_17' title="bbox 1257 1056 2852 1136">
    <p class='ocr_par' dir='ltr' id='par_1_17' title="bbox 1257 1057 2852 1136">
     <span class='ocr_line' id='line_1_17' title="bbox 1257 1057 2852 1136; baseline 0.006 -26"><span class='ocrx_word' id='word_1_111' title='bbox 1257 1057 1505 1112; x_wconf 70' lang='grc' dir='ltr'>ιιινετειιε</span> <span class='ocrx_word' id='word_1_112' title='bbox 1537 1073 1669 1122; x_wconf 86' lang='lat' dir='ltr'><strong>eos,</strong></span> <span class='ocrx_word' id='word_1_113' title='bbox 1694 1066 1955 1127; x_wconf 86' lang='lat' dir='ltr'><strong>tanquam</strong></span> <span class='ocrx_word' id='word_1_114' title='bbox 1986 1057 2121 1112; x_wconf 84' lang='lat' dir='ltr'><strong>alie-</strong></span> <span class='ocrx_word' id='word_1_115' title='bbox 2233 1062 2451 1129; x_wconf 86' lang='grc' dir='ltr'>σοῦντες</span> <span class='ocrx_word' id='word_1_116' title='bbox 2487 1063 2587 1118; x_wconf 79' lang='grc' dir='ltr'><strong>οὐκ</strong></span> <span class='ocrx_word' id='word_1_117' title='bbox 2623 1064 2852 1136; x_wconf 77' lang='grc' dir='ltr'>ἔχουσιν.</span> 
     </span>
    </p>
   </div>
   <div class='ocr_carea' id='block_1_18' title="bbox 547 1149 3748 1224">
    <p class='ocr_par' dir='ltr' id='par_1_18' title="bbox 547 1149 3748 1224">
     <span class='ocr_line' id='line_1_18' title="bbox 547 1149 3748 1224; baseline 0.007 -22"><span class='ocrx_word' id='word_1_118' title='bbox 547 1150 797 1218; x_wconf 78' lang='lat' dir='ltr'><strong>nigenas,</strong></span> <span class='ocrx_word' id='word_1_119' title='bbox 823 1150 993 1207; x_wconf 69' lang='lat' dir='ltr'><strong>Judaei</strong></span> <span class='ocrx_word' id='word_1_120' title='bbox 1026 1151 1226 1208; x_wconf 89' lang='lat' dir='ltr'><strong>bellum</strong></span> <span class='ocrx_word' id='word_1_121' title='bbox 1257 1160 1479 1220; x_wconf 79' lang='lat' dir='ltr'><strong>gerunt,</strong></span> <span class='ocrx_word' id='word_1_122' title='bbox 1502 1159 1557 1207; x_wconf 91' lang='lat' dir='ltr'><strong>et</strong></span> <span class='ocrx_word' id='word_1_123' title='bbox 1599 1149 1773 1206; x_wconf 66' lang='lat' dir='ltr'><strong>Graeci</strong></span> <span class='ocrx_word' id='word_1_124' title='bbox 1809 1164 1907 1205; x_wconf 90' lang='lat' dir='ltr'><strong>eos</strong></span> <span class='ocrx_word' id='word_1_125' title='bbox 1958 1163 2394 1222; x_wconf 86' lang='lat' dir='ltr'><strong>persequuntur;</strong></span> <span class='ocrx_word' id='word_1_126' title='bbox 2455 1164 2508 1211; x_wconf 90' lang='lat' dir='ltr'><strong>et</strong></span> <span class='ocrx_word' id='word_1_127' title='bbox 2538 1169 2729 1212; x_wconf 90' lang='lat' dir='ltr'><strong>osores</strong></span> <span class='ocrx_word' id='word_1_128' title='bbox 2774 1173 2962 1213; x_wconf 92' lang='lat' dir='ltr'><strong>eorum</strong></span> <span class='ocrx_word' id='word_1_129' title='bbox 2993 1173 3217 1216; x_wconf 85' lang='lat' dir='ltr'><strong>causam</strong></span> <span class='ocrx_word' id='word_1_130' title='bbox 3275 1162 3655 1222; x_wconf 74' lang='lat' dir='ltr'><strong>inimicitiarum</strong></span> <span class='ocrx_word' id='word_1_131' title='bbox 3688 1168 3748 1224; x_wconf 87' lang='lat' dir='ltr'><strong>di-</strong></span> 
     </span>
    </p>
   </div>
   <div class='ocr_carea' id='block_1_19' title="bbox 548 1252 1006 1313">
    <p class='ocr_par' dir='ltr' id='par_1_19' title="bbox 548 1252 1006 1313">
     <span class='ocr_line' id='line_1_19' title="bbox 548 1252 1006 1313; baseline -0.004 -15"><span class='ocrx_word' id='word_1_132' title='bbox 548 1257 675 1298; x_wconf 82' lang='lat' dir='ltr'><strong>cere</strong></span> <span class='ocrx_word' id='word_1_133' title='bbox 709 1252 1006 1313; x_wconf 86' lang='lat' dir='ltr'><strong>nequeunt.</strong></span> 
     </span>
    </p>
   </div>
   <div class='ocr_carea' id='block_1_20' title="bbox 1109 1354 3333 1435">
    <p class='ocr_par' dir='ltr' id='par_1_20' title="bbox 1109 1354 3333 1435">
     <span class='ocr_line' id='line_1_20' title="bbox 1109 1354 3333 1435; baseline 0.004 -24"><span class='ocrx_word' id='word_1_134' title='bbox 1109 1356 1238 1411; x_wconf 67' lang='lat' dir='ltr'><strong>Car.</strong></span> <span class='ocrx_word' id='word_1_135' title='bbox 1275 1354 1363 1413; x_wconf 81' lang='lat' dir='ltr'><strong>VI.</strong></span> <span class='ocrx_word' id='word_1_136' title='bbox 1412 1354 1560 1411; x_wconf 84' lang='lat' dir='ltr'><strong>Velut</strong></span> <span class='ocrx_word' id='word_1_137' title='bbox 1593 1359 1827 1411; x_wconf 86' lang='lat' dir='ltr'><strong>animam</strong></span> <span class='ocrx_word' id='word_1_138' title='bbox 1865 1358 1918 1412; x_wconf 85' lang='lat' dir='ltr'><strong>in</strong></span> <span class='ocrx_word' id='word_1_139' title='bbox 1952 1374 2186 1429; x_wconf 82' lang='lat' dir='ltr'><strong>corpore,</strong></span> <span class='ocrx_word' id='word_1_140' title='bbox 2220 1358 2554 1415; x_wconf 75' lang='lat' dir='ltr'><strong>Christianos</strong></span> <span class='ocrx_word' id='word_1_141' title='bbox 2587 1360 2644 1413; x_wconf 83' lang='lat' dir='ltr'><strong>in</strong></span> <span class='ocrx_word' id='word_1_142' title='bbox 2671 1360 2865 1414; x_wconf 81' lang='lat' dir='ltr'><strong>mundo</strong></span> <span class='ocrx_word' id='word_1_143' title='bbox 2897 1363 3093 1415; x_wconf 78' lang='lat' dir='ltr'><strong>versari</strong></span> <span class='ocrx_word' id='word_1_144' title='bbox 3123 1368 3333 1435; x_wconf 81' lang='lat' dir='ltr'><strong>probat.</strong></span> 
     </span>
    </p>
   </div>
   <div class='ocr_carea' id='block_1_21' title="bbox 622 1476 2217 1553">
    <p class='ocr_par' dir='ltr' id='par_1_21' title="bbox 622 1476 2117 1548">
     <span class='ocr_line' id='line_1_21' title="bbox 622 1476 2117 1548; baseline -0.001 -17"><span class='ocrx_word' id='word_1_145' title='bbox 622 1478 801 1548; x_wconf 79' lang='lat' dir='ltr'><strong>Atque</strong></span> <span class='ocrx_word' id='word_1_146' title='bbox 834 1486 894 1531; x_wconf 90' lang='lat' dir='ltr'><strong>ut</strong></span> <span class='ocrx_word' id='word_1_147' title='bbox 925 1476 1093 1532; x_wconf 85' lang='lat' dir='ltr'><strong>semel</strong></span> <span class='ocrx_word' id='word_1_148' title='bbox 1132 1476 1318 1530; x_wconf 88' lang='lat' dir='ltr'><strong>omnia</strong></span> <span class='ocrx_word' id='word_1_149' title='bbox 1363 1476 1717 1545; x_wconf 89' lang='lat' dir='ltr'><strong>complectar,</strong></span> <span class='ocrx_word' id='word_1_150' title='bbox 1753 1476 1900 1546; x_wconf 89' lang='lat' dir='ltr'><strong>quod</strong></span> <span class='ocrx_word' id='word_1_151' title='bbox 1944 1485 2031 1531; x_wconf 79' lang='lat' dir='ltr'><strong>est</strong></span> <span class='ocrx_word' id='word_1_152' title='bbox 2064 1477 2117 1530; x_wconf 91' lang='lat' dir='ltr'><strong>in</strong></span> 
     </span>
    </p>
   </div>
   <div class='ocr_carea' id='block_1_22' title="bbox 2153 1476 3748 1553">
    <p class='ocr_par' dir='ltr' id='par_1_22' title="bbox 2308 1477 3748 1553">
     <span class='ocr_line' id='line_1_22' title="bbox 2308 1477 3748 1553; baseline 0.001 -22"><span class='ocrx_word' id='word_1_153' title='bbox 2308 1477 2520 1542; x_wconf 76' lang='grc' dir='ltr'>Ἀπλῶς</span> <span class='ocrx_word' id='word_1_154' title='bbox 2561 1478 2607 1531; x_wconf 85' lang='grc' dir='ltr'>δ’</span> <span class='ocrx_word' id='word_1_155' title='bbox 2635 1480 2831 1546; x_wconf 82' lang='grc' dir='ltr'>εἰπεῖν,</span> <span class='ocrx_word' id='word_1_156' title='bbox 2878 1480 3013 1552; x_wconf 84' lang='grc' dir='ltr'>ὅπερ</span> <span class='ocrx_word' id='word_1_157' title='bbox 3059 1481 3204 1533; x_wconf 72' lang='grc' dir='ltr'>ἐστὶν</span> <span class='ocrx_word' id='word_1_158' title='bbox 3257 1481 3319 1532; x_wconf 83' lang='grc' dir='ltr'>ὲν</span> <span class='ocrx_word' id='word_1_159' title='bbox 3368 1478 3570 1549; x_wconf 82' lang='grc' dir='ltr'>σώματι</span> <span class='ocrx_word' id='word_1_160' title='bbox 3607 1478 3748 1553; x_wconf 51' lang='lat' dir='ltr'><strong>dum,</strong></span> 
     </span>
    </p>
   </div>
   <div class='ocr_carea' id='block_1_23' title="bbox 549 1567 2144 1644">
    <p class='ocr_par' dir='ltr' id='par_1_23' title="bbox 549 1567 2119 1639">
     <span class='ocr_line' id='line_1_23' title="bbox 549 1567 2119 1639; baseline -0.001 -15"><span class='ocrx_word' id='word_1_161' title='bbox 549 1586 777 1639; x_wconf 85' lang='lat' dir='ltr'><strong>corpore</strong></span> <span class='ocrx_word' id='word_1_162' title='bbox 829 1570 1048 1636; x_wconf 88' lang='lat' dir='ltr'><strong>anima,</strong></span> <span class='ocrx_word' id='word_1_163' title='bbox 1102 1569 1205 1625; x_wconf 89' lang='lat' dir='ltr'><strong>hoc</strong></span> <span class='ocrx_word' id='word_1_164' title='bbox 1262 1579 1391 1623; x_wconf 91' lang='lat' dir='ltr'><strong>sunt</strong></span> <span class='ocrx_word' id='word_1_165' title='bbox 1441 1569 1496 1622; x_wconf 91' lang='lat' dir='ltr'><strong>in</strong></span> <span class='ocrx_word' id='word_1_166' title='bbox 1548 1568 1755 1622; x_wconf 90' lang='lat' dir='ltr'><strong>mundo</strong></span> <span class='ocrx_word' id='word_1_167' title='bbox 1798 1567 2119 1623; x_wconf 85' lang='lat' dir='ltr'><strong>Christiani.</strong></span> 
     </span>
    </p>
   </div>
   <div class='ocr_carea' id='block_1_24' title="bbox 2157 1567 3752 1644">
    <p class='ocr_par' dir='ltr' id='par_1_24' title="bbox 2157 1570 3752 1644">
     <span class='ocr_line' id='line_1_24' title="bbox 2157 1570 3752 1644; baseline 0.001 -19"><span class='ocrx_word' id='word_1_168' title='bbox 2157 1587 2197 1642; x_wconf 77' lang='grc' dir='ltr'><strong>Β</strong></span> <span class='ocrx_word' id='word_1_169' title='bbox 2225 1570 2367 1625; x_wconf 89' lang='grc' dir='ltr'>τοῦτ’</span> <span class='ocrx_word' id='word_1_170' title='bbox 2413 1571 2551 1623; x_wconf 73' lang='grc' dir='ltr'>εἰσὶν</span> <span class='ocrx_word' id='word_1_171' title='bbox 2596 1573 2653 1625; x_wconf 84' lang='grc' dir='ltr'>ὲν</span> <span class='ocrx_word' id='word_1_172' title='bbox 2678 1571 2868 1643; x_wconf 83' lang='grc' dir='ltr'>κόσμῳ</span> <span class='ocrx_word' id='word_1_173' title='bbox 2897 1571 3230 1644; x_wconf 84' lang='grc' dir='ltr'>Χριστιανοί.</span> <span class='ocrx_word' id='word_1_174' title='bbox 3298 1571 3593 1640; x_wconf 84' lang='grc' dir='ltr'>Ἔσπαρται</span> <span class='ocrx_word' id='word_1_175' title='bbox 3645 1588 3752 1627; x_wconf 80' lang='grc' dir='ltr'>κατα</span> 
     </span>
    </p>
   </div>
   <div class='ocr_carea' id='block_1_25' title="bbox 550 1659 2145 1734">
    <p class='ocr_par' dir='ltr' id='par_1_25' title="bbox 550 1659 2126 1732">
     <span class='ocr_line' id='line_1_25' title="bbox 550 1659 2126 1732; baseline -0.003 -15"><span class='ocrx_word' id='word_1_176' title='bbox 550 1663 803 1732; x_wconf 87' lang='lat' dir='ltr'><strong>Dispersa</strong></span> <span class='ocrx_word' id='word_1_177' title='bbox 842 1670 926 1717; x_wconf 88' lang='lat' dir='ltr'><strong>est</strong></span> <span class='ocrx_word' id='word_1_178' title='bbox 954 1676 1049 1732; x_wconf 88' lang='lat' dir='ltr'><strong>per</strong></span> <span class='ocrx_word' id='word_1_179' title='bbox 1081 1662 1267 1715; x_wconf 90' lang='lat' dir='ltr'><strong>omnia</strong></span> <span class='ocrx_word' id='word_1_180' title='bbox 1311 1660 1563 1730; x_wconf 91' lang='lat' dir='ltr'><strong>corporis</strong></span> <span class='ocrx_word' id='word_1_181' title='bbox 1611 1659 1857 1713; x_wconf 87' lang='lat' dir='ltr'><strong>membra</strong></span> <span class='ocrx_word' id='word_1_182' title='bbox 1909 1660 2126 1727; x_wconf 89' lang='lat' dir='ltr'><strong>anima;</strong></span> 
     </span>
    </p>
   </div>
   <div class='ocr_carea' id='block_1_26' title="bbox 2159 1659 3754 1734">
    <p class='ocr_par' dir='ltr' id='par_1_26' title="bbox 2234 1660 3754 1734">
     <span class='ocr_line' id='line_1_26' title="bbox 2234 1660 3754 1734; baseline -0.001 -18"><span class='ocrx_word' id='word_1_183' title='bbox 2234 1662 2451 1717; x_wconf 87' lang='grc' dir='ltr'>πάντων</span> <span class='ocrx_word' id='word_1_184' title='bbox 2492 1662 2601 1715; x_wconf 84' lang='grc' dir='ltr'><strong>τῶν</strong></span> <span class='ocrx_word' id='word_1_185' title='bbox 2645 1662 2736 1716; x_wconf 87' lang='grc' dir='ltr'><strong>τοῦ</strong></span> <span class='ocrx_word' id='word_1_186' title='bbox 2776 1662 3027 1734; x_wconf 84' lang='grc' dir='ltr'>σώματος</span> <span class='ocrx_word' id='word_1_187' title='bbox 3069 1663 3254 1734; x_wconf 84' lang='grc' dir='ltr'>μελῶν</span> <span class='ocrx_word' id='word_1_188' title='bbox 3305 1663 3339 1733; x_wconf 78' lang='grc' dir='ltr'>ἡ</span> <span class='ocrx_word' id='word_1_189' title='bbox 3364 1660 3526 1733; x_wconf 75' lang='grc' dir='ltr'>ψυχὴ,</span> <span class='ocrx_word' id='word_1_190' title='bbox 3552 1662 3635 1716; x_wconf 75' lang='grc' dir='ltr'>καὶ</span> <span class='ocrx_word' id='word_1_191' title='bbox 3655 1662 3754 1733; x_wconf 83' lang='grc' dir='ltr'>Χρι-</span> 
     </span>
    </p>
   </div>
   <div class='ocr_carea' id='block_1_27' title="bbox 549 1750 2144 1827">
    <p class='ocr_par' dir='ltr' id='par_1_27' title="bbox 549 1750 2129 1822">
     <span class='ocr_line' id='line_1_27' title="bbox 549 1750 2129 1822; baseline -0.001 -13"><span class='ocrx_word' id='word_1_192' title='bbox 549 1763 603 1809; x_wconf 91' lang='lat' dir='ltr'><strong>et</strong></span> <span class='ocrx_word' id='word_1_193' title='bbox 641 1752 941 1808; x_wconf 77' lang='lat' dir='ltr'><strong>Christiani</strong></span> <span class='ocrx_word' id='word_1_194' title='bbox 992 1766 1089 1821; x_wconf 91' lang='lat' dir='ltr'><strong>per</strong></span> <span class='ocrx_word' id='word_1_195' title='bbox 1144 1750 1331 1804; x_wconf 92' lang='lat' dir='ltr'><strong>mundi</strong></span> <span class='ocrx_word' id='word_1_196' title='bbox 1379 1751 1629 1806; x_wconf 81' lang='lat' dir='ltr'><strong>civitates</strong></span> <span class='ocrx_word' id='word_1_197' title='bbox 1658 1750 1911 1820; x_wconf 80' lang='lat' dir='ltr'><strong>(dispersi</strong></span> <span class='ocrx_word' id='word_1_198' title='bbox 1956 1753 2129 1822; x_wconf 91' lang='lat' dir='ltr'><strong>sunt.)</strong></span> 
     </span>
    </p>
   </div>
   <div class='ocr_carea' id='block_1_28' title="bbox 2157 1750 3752 1827">
    <p class='ocr_par' dir='ltr' id='par_1_28' title="bbox 2235 1753 3752 1827">
     <span class='ocr_line' id='line_1_28' title="bbox 2235 1753 3752 1827; baseline -0.002 -17"><span class='ocrx_word' id='word_1_199' title='bbox 2235 1757 2443 1810; x_wconf 75' lang='grc' dir='ltr'>στιανοὶ</span> <span class='ocrx_word' id='word_1_200' title='bbox 2486 1754 2628 1809; x_wconf 85' lang='grc' dir='ltr'><strong>κατά</strong></span> <span class='ocrx_word' id='word_1_201' title='bbox 2660 1753 2761 1819; x_wconf 75' lang='grc' dir='ltr'>τὰς</span> <span class='ocrx_word' id='word_1_202' title='bbox 2799 1755 2893 1809; x_wconf 91' lang='grc' dir='ltr'><strong>τοῦ</strong></span> <span class='ocrx_word' id='word_1_203' title='bbox 2938 1756 3144 1827; x_wconf 78' lang='grc' dir='ltr'>κόσμου</span> <span class='ocrx_word' id='word_1_204' title='bbox 3192 1753 3396 1818; x_wconf 87' lang='grc' dir='ltr'>πόλεις.</span> <span class='ocrx_word' id='word_1_205' title='bbox 3440 1756 3582 1807; x_wconf 83' lang='grc' dir='ltr'>Οἰκεῖ</span> <span class='ocrx_word' id='word_1_206' title='bbox 3608 1756 3684 1825; x_wconf 78' lang='grc' dir='ltr'><strong>μὲν</strong></span> <span class='ocrx_word' id='word_1_207' title='bbox 3712 1758 3752 1807; x_wconf 78' lang='grc' dir='ltr'>ὲν</span> 
     </span>
    </p>
   </div>
   <div class='ocr_carea' id='block_1_29' title="bbox 550 1843 2145 1920">
    <p class='ocr_par' dir='ltr' id='par_1_29' title="bbox 550 1843 2131 1913">
     <span class='ocr_line' id='line_1_29' title="bbox 550 1843 2131 1913; baseline -0.003 -11"><span class='ocrx_word' id='word_1_208' title='bbox 550 1846 772 1902; x_wconf 78' lang='lat' dir='ltr'><strong>Habitat</strong></span> <span class='ocrx_word' id='word_1_209' title='bbox 823 1844 1045 1913; x_wconf 91' lang='lat' dir='ltr'><strong>quidem</strong></span> <span class='ocrx_word' id='word_1_210' title='bbox 1104 1843 1157 1897; x_wconf 88' lang='lat' dir='ltr'><strong>in</strong></span> <span class='ocrx_word' id='word_1_211' title='bbox 1203 1858 1436 1912; x_wconf 90' lang='lat' dir='ltr'><strong>corpore</strong></span> <span class='ocrx_word' id='word_1_212' title='bbox 1494 1843 1699 1908; x_wconf 89' lang='lat' dir='ltr'><strong>anima,</strong></span> <span class='ocrx_word' id='word_1_213' title='bbox 1755 1843 1850 1898; x_wconf 86' lang='lat' dir='ltr'><strong>sed</strong></span> <span class='ocrx_word' id='word_1_214' title='bbox 1893 1858 2000 1898; x_wconf 92' lang='lat' dir='ltr'><strong>non</strong></span> <span class='ocrx_word' id='word_1_215' title='bbox 2047 1853 2131 1898; x_wconf 90' lang='lat' dir='ltr'><strong>est</strong></span> 
     </span>
    </p>
   </div>
   <div class='ocr_carea' id='block_1_30' title="bbox 2155 1843 3750 1920">
    <p class='ocr_par' dir='ltr' id='par_1_30' title="bbox 2232 1844 3750 1920">
     <span class='ocr_line' id='line_1_30' title="bbox 2232 1844 3750 1920; baseline -0.004 -18"><span class='ocrx_word' id='word_1_216' title='bbox 2232 1848 2310 1920; x_wconf 85' lang='grc' dir='ltr'>τῷ</span> <span class='ocrx_word' id='word_1_217' title='bbox 2358 1848 2569 1919; x_wconf 79' lang='grc' dir='ltr'>σώματι</span> <span class='ocrx_word' id='word_1_218' title='bbox 2620 1848 2766 1919; x_wconf 72' lang='grc' dir='ltr'>ψυχὴ</span> <span class='ocrx_word' id='word_1_219' title='bbox 2795 1888 2809 1914; x_wconf 91' lang='grc'><strong>,</strong></span> <span class='ocrx_word' id='word_1_220' title='bbox 2857 1850 2960 1902; x_wconf 80' lang='grc' dir='ltr'><strong>οὐκ</strong></span> <span class='ocrx_word' id='word_1_221' title='bbox 3007 1848 3123 1901; x_wconf 77' lang='grc' dir='ltr'>ἔστι</span> <span class='ocrx_word' id='word_1_222' title='bbox 3179 1847 3237 1900; x_wconf 83' lang='grc' dir='ltr'><strong>δὲ</strong></span> <span class='ocrx_word' id='word_1_223' title='bbox 3286 1847 3352 1899; x_wconf 85' lang='grc' dir='ltr'>ὲκ</span> <span class='ocrx_word' id='word_1_224' title='bbox 3398 1845 3490 1899; x_wconf 87' lang='grc' dir='ltr'><strong>τοῦ</strong></span> <span class='ocrx_word' id='word_1_225' title='bbox 3537 1844 3750 1915; x_wconf 78' lang='grc' dir='ltr'>σώματος·</span> 
     </span>
    </p>
   </div>
   <div class='ocr_carea' id='block_1_31' title="bbox 548 1932 2143 2013">
    <p class='ocr_par' dir='ltr' id='par_1_31' title="bbox 548 1932 2127 2009">
     <span class='ocr_line' id='line_1_31' title="bbox 548 1932 2127 2009; baseline -0.006 -13"><span class='ocrx_word' id='word_1_226' title='bbox 548 1956 579 1996; x_wconf 89' lang='lat' dir='ltr'><strong>e</strong></span> <span class='ocrx_word' id='word_1_227' title='bbox 613 1952 884 2009; x_wconf 88' lang='lat' dir='ltr'><strong>corpore:</strong></span> <span class='ocrx_word' id='word_1_228' title='bbox 912 1935 1033 2004; x_wconf 80' lang='lat' dir='ltr'><strong>(sic)</strong></span> <span class='ocrx_word' id='word_1_229' title='bbox 1069 1943 1124 1990; x_wconf 87' lang='lat' dir='ltr'><strong>et</strong></span> <span class='ocrx_word' id='word_1_230' title='bbox 1155 1933 1459 1990; x_wconf 86' lang='lat' dir='ltr'><strong>Christiani</strong></span> <span class='ocrx_word' id='word_1_231' title='bbox 1505 1933 1558 1988; x_wconf 91' lang='lat' dir='ltr'><strong>in</strong></span> <span class='ocrx_word' id='word_1_232' title='bbox 1594 1932 1802 1988; x_wconf 92' lang='lat' dir='ltr'><strong>mundo</strong></span> <span class='ocrx_word' id='word_1_233' title='bbox 1854 1933 2127 1999; x_wconf 88' lang='lat' dir='ltr'><strong>habitant,</strong></span> 
     </span>
    </p>
   </div>
   <div class='ocr_carea' id='block_1_32' title="bbox 2159 1932 3754 2013">
    <p class='ocr_par' dir='ltr' id='par_1_32' title="bbox 2232 1935 3754 2013">
     <span class='ocr_line' id='line_1_32' title="bbox 2232 1935 3754 2013; baseline -0.006 -17"><span class='ocrx_word' id='word_1_234' title='bbox 2232 1942 2328 1996; x_wconf 75' lang='grc' dir='ltr'><strong>καὶ</strong></span> <span class='ocrx_word' id='word_1_235' title='bbox 2364 1942 2675 2013; x_wconf 77' lang='grc' dir='ltr'>Χριστιανοὶ</span> <span class='ocrx_word' id='word_1_236' title='bbox 2710 1942 2770 1993; x_wconf 83' lang='grc' dir='ltr'>ὲν</span> <span class='ocrx_word' id='word_1_237' title='bbox 2810 1941 3000 2011; x_wconf 86' lang='grc' dir='ltr'>κόσμῳ</span> <span class='ocrx_word' id='word_1_238' title='bbox 3043 1938 3308 2003; x_wconf 90' lang='grc' dir='ltr'>οἰκοῦσιν,</span> <span class='ocrx_word' id='word_1_239' title='bbox 3354 1936 3454 1990; x_wconf 80' lang='grc' dir='ltr'><strong>οὐκ</strong></span> <span class='ocrx_word' id='word_1_240' title='bbox 3499 1936 3596 1989; x_wconf 81' lang='grc' dir='ltr'><strong>εἰσί</strong></span> <span class='ocrx_word' id='word_1_241' title='bbox 3629 1935 3676 1987; x_wconf 73' lang='grc' dir='ltr'><strong>δὲ</strong></span> <span class='ocrx_word' id='word_1_242' title='bbox 3709 1937 3754 1987; x_wconf 79' lang='grc' dir='ltr'>ἐκ</span> 
     </span>
    </p>
   </div>
   <div class='ocr_carea' id='block_1_33' title="bbox 549 2024 2144 2107">
    <p class='ocr_par' dir='ltr' id='par_1_33' title="bbox 549 2024 2129 2086">
     <span class='ocr_line' id='line_1_33' title="bbox 549 2024 2129 2086; baseline -0.003 -1"><span class='ocrx_word' id='word_1_243' title='bbox 549 2030 645 2086; x_wconf 86' lang='lat' dir='ltr'><strong>sed</strong></span> <span class='ocrx_word' id='word_1_244' title='bbox 693 2045 725 2083; x_wconf 91' lang='lat' dir='ltr'><strong>e</strong></span> <span class='ocrx_word' id='word_1_245' title='bbox 779 2028 986 2083; x_wconf 90' lang='lat' dir='ltr'><strong>mundo</strong></span> <span class='ocrx_word' id='word_1_246' title='bbox 1046 2043 1155 2081; x_wconf 82' lang='lat' dir='ltr'><strong>non</strong></span> <span class='ocrx_word' id='word_1_247' title='bbox 1213 2027 1408 2082; x_wconf 69' lang='lat' dir='ltr'><strong>sunt“.</strong></span> <span class='ocrx_word' id='word_1_248' title='bbox 1470 2024 1765 2081; x_wconf 89' lang='lat' dir='ltr'><strong>Invisibilis</strong></span> <span class='ocrx_word' id='word_1_249' title='bbox 1826 2026 2009 2081; x_wconf 90' lang='lat' dir='ltr'><strong>anima</strong></span> <span class='ocrx_word' id='word_1_250' title='bbox 2073 2025 2129 2081; x_wconf 91' lang='lat' dir='ltr'><strong>in</strong></span> 
     </span>
    </p>
   </div>
   <div class='ocr_carea' id='block_1_34' title="bbox 2160 2024 3755 2107">
    <p class='ocr_par' dir='ltr' id='par_1_34' title="bbox 2229 2028 3755 2107">
     <span class='ocr_line' id='line_1_34' title="bbox 2229 2028 3755 2107; baseline -0.005 -19"><span class='ocrx_word' id='word_1_251' title='bbox 2229 2034 2325 2089; x_wconf 90' lang='grc' dir='ltr'><strong>τοῦ</strong></span> <span class='ocrx_word' id='word_1_252' title='bbox 2364 2034 2591 2105; x_wconf 81' lang='grc' dir='ltr'>κόσμου.</span> <span class='ocrx_word' id='word_1_253' title='bbox 2630 2035 2884 2107; x_wconf 83' lang='grc' dir='ltr'>Ἀόρατος</span> <span class='ocrx_word' id='word_1_254' title='bbox 2928 2035 2961 2104; x_wconf 82' lang='grc' dir='ltr'><strong>ή</strong></span> <span class='ocrx_word' id='word_1_255' title='bbox 2997 2032 3142 2104; x_wconf 72' lang='grc' dir='ltr'><strong>ψυχὴ</strong></span> <span class='ocrx_word' id='word_1_256' title='bbox 3180 2033 3242 2084; x_wconf 83' lang='grc' dir='ltr'>ὲν</span> <span class='ocrx_word' id='word_1_257' title='bbox 3276 2028 3458 2101; x_wconf 83' lang='grc' dir='ltr'>ὁρατῷ</span> <span class='ocrx_word' id='word_1_258' title='bbox 3499 2030 3755 2099; x_wconf 73' lang='grc' dir='ltr'>φρουρεῖται</span> 
     </span>
    </p>
   </div>
   <div class='ocr_carea' id='block_1_35' title="bbox 550 2116 2145 2197">
    <p class='ocr_par' dir='ltr' id='par_1_35' title="bbox 550 2116 2126 2188">
     <span class='ocr_line' id='line_1_35' title="bbox 550 2116 2126 2188; baseline 0 -15"><span class='ocrx_word' id='word_1_259' title='bbox 550 2120 755 2175; x_wconf 91' lang='lat' dir='ltr'><strong>visibili</strong></span> <span class='ocrx_word' id='word_1_260' title='bbox 784 2133 1037 2188; x_wconf 87' lang='lat' dir='ltr'><strong>corpore,</strong></span> <span class='ocrx_word' id='word_1_261' title='bbox 1092 2126 1353 2185; x_wconf 85' lang='lat' dir='ltr'><strong>tanquam</strong></span> <span class='ocrx_word' id='word_1_262' title='bbox 1389 2116 1446 2171; x_wconf 89' lang='lat' dir='ltr'><strong>in</strong></span> <span class='ocrx_word' id='word_1_263' title='bbox 1500 2116 1779 2186; x_wconf 65' lang='lat' dir='ltr'><strong>praesidio,</strong></span> <span class='ocrx_word' id='word_1_264' title='bbox 1832 2118 2126 2173; x_wconf 85' lang='lat' dir='ltr'><strong>constituta</strong></span> 
     </span>
    </p>
   </div>
   <div class='ocr_carea' id='block_1_36' title="bbox 2160 2116 3755 2197">
    <p class='ocr_par' dir='ltr' id='par_1_36' title="bbox 2230 2120 3755 2197">
     <span class='ocr_line' id='line_1_36' title="bbox 2230 2120 3755 2197; baseline -0.006 -17"><span class='ocrx_word' id='word_1_265' title='bbox 2230 2125 2309 2197; x_wconf 82' lang='grc' dir='ltr'><strong>τῷ</strong></span> <span class='ocrx_word' id='word_1_266' title='bbox 2360 2124 2605 2197; x_wconf 86' lang='grc' dir='ltr'>σώματι·</span> <span class='ocrx_word' id='word_1_267' title='bbox 2671 2125 2767 2179; x_wconf 78' lang='grc' dir='ltr'>καὶ</span> <span class='ocrx_word' id='word_1_268' title='bbox 2829 2123 3147 2197; x_wconf 73' lang='grc' dir='ltr'>Χριστιανοὶ</span> <span class='ocrx_word' id='word_1_269' title='bbox 3204 2120 3556 2191; x_wconf 77' lang='grc' dir='ltr'>γινώσκονται</span> <span class='ocrx_word' id='word_1_270' title='bbox 3613 2121 3755 2190; x_wconf 79' lang='grc' dir='ltr'>μένον·</span> 
     </span>
    </p>
   </div>
   <div class='ocr_carea' id='block_1_37' title="bbox 548 2207 2143 2289">
    <p class='ocr_par' dir='ltr' id='par_1_37' title="bbox 548 2207 2115 2279">
     <span class='ocr_line' id='line_1_37' title="bbox 548 2207 2115 2279; baseline -0.001 -13"><span class='ocrx_word' id='word_1_271' title='bbox 548 2220 635 2266; x_wconf 87' lang='lat' dir='ltr'><strong>est</strong></span> <span class='ocrx_word' id='word_1_272' title='bbox 671 2227 685 2263; x_wconf 90' lang='lat'><strong>:</strong></span> <span class='ocrx_word' id='word_1_273' title='bbox 722 2209 879 2279; x_wconf 78' lang='lat' dir='ltr'><strong>(sic)</strong></span> <span class='ocrx_word' id='word_1_274' title='bbox 933 2217 989 2263; x_wconf 90' lang='lat' dir='ltr'><strong>et</strong></span> <span class='ocrx_word' id='word_1_275' title='bbox 1041 2208 1341 2263; x_wconf 87' lang='lat' dir='ltr'><strong>Christiani</strong></span> <span class='ocrx_word' id='word_1_276' title='bbox 1392 2217 1820 2278; x_wconf 84' lang='lat' dir='ltr'><strong>cognoscuntur,</strong></span> <span class='ocrx_word' id='word_1_277' title='bbox 1872 2207 2003 2262; x_wconf 91' lang='lat' dir='ltr'><strong>dum</strong></span> <span class='ocrx_word' id='word_1_278' title='bbox 2056 2209 2115 2264; x_wconf 87' lang='lat' dir='ltr'><strong>in</strong></span> 
     </span>
    </p>
   </div>
   <div class='ocr_carea' id='block_1_38' title="bbox 2162 2207 3757 2289">
    <p class='ocr_par' dir='ltr' id='par_1_38' title="bbox 2228 2210 3757 2289">
     <span class='ocr_line' id='line_1_38' title="bbox 2228 2210 3757 2289; baseline -0.005 -18"><span class='ocrx_word' id='word_1_279' title='bbox 2228 2235 2322 2282; x_wconf 88' lang='grc' dir='ltr'><strong>τες</strong></span> <span class='ocrx_word' id='word_1_280' title='bbox 2346 2216 2455 2289; x_wconf 69' lang='grc'><strong>(64)</strong></span> <span class='ocrx_word' id='word_1_281' title='bbox 2481 2220 2540 2271; x_wconf 84' lang='grc' dir='ltr'>ὲν</span> <span class='ocrx_word' id='word_1_282' title='bbox 2562 2216 2640 2289; x_wconf 86' lang='grc' dir='ltr'>τῷ</span> <span class='ocrx_word' id='word_1_283' title='bbox 2667 2218 2878 2289; x_wconf 82' lang='grc' dir='ltr'>κόσμῳ,</span> <span class='ocrx_word' id='word_1_284' title='bbox 2910 2218 3141 2289; x_wconf 89' lang='grc' dir='ltr'>ἀόρατος</span> <span class='ocrx_word' id='word_1_285' title='bbox 3168 2215 3229 2269; x_wconf 76' lang='grc' dir='ltr'><strong>δὲ</strong></span> <span class='ocrx_word' id='word_1_286' title='bbox 3255 2213 3437 2269; x_wconf 75' lang='grc' dir='ltr'>αὐτῶν</span> <span class='ocrx_word' id='word_1_287' title='bbox 3472 2215 3507 2283; x_wconf 80' lang='grc' dir='ltr'><strong>η</strong></span> <span class='ocrx_word' id='word_1_288' title='bbox 3533 2210 3757 2266; x_wconf 73' lang='grc' dir='ltr'>θεοσέϐεια</span> 
     </span>
    </p>
   </div>
   <div class='ocr_carea' id='block_1_39' title="bbox 550 2301 2145 2379">
    <p class='ocr_par' dir='ltr' id='par_1_39' title="bbox 550 2301 2127 2369">
     <span class='ocr_line' id='line_1_39' title="bbox 550 2301 2127 2369; baseline -0.001 -12"><span class='ocrx_word' id='word_1_289' title='bbox 550 2304 759 2358; x_wconf 89' lang='lat' dir='ltr'><strong>mundo</strong></span> <span class='ocrx_word' id='word_1_290' title='bbox 806 2310 1256 2369; x_wconf 86' lang='lat' dir='ltr'><strong>commorantur;</strong></span> <span class='ocrx_word' id='word_1_291' title='bbox 1312 2301 1407 2357; x_wconf 85' lang='lat' dir='ltr'><strong>sed</strong></span> <span class='ocrx_word' id='word_1_292' title='bbox 1463 2301 1757 2357; x_wconf 80' lang='lat' dir='ltr'><strong>invisibilis</strong></span> <span class='ocrx_word' id='word_1_293' title='bbox 1808 2310 1893 2357; x_wconf 88' lang='lat' dir='ltr'><strong>est</strong></span> <span class='ocrx_word' id='word_1_294' title='bbox 1937 2317 2127 2357; x_wconf 90' lang='lat' dir='ltr'><strong>eorum</strong></span> 
     </span>
    </p>
   </div>
   <div class='ocr_carea' id='block_1_40' title="bbox 2159 2301 3754 2379">
    <p class='ocr_par' dir='ltr' id='par_1_40' title="bbox 2234 2302 3754 2379">
     <span class='ocr_line' id='line_1_40' title="bbox 2234 2302 3754 2379; baseline -0.004 -18"><span class='ocrx_word' id='word_1_295' title='bbox 2234 2307 2405 2379; x_wconf 86' lang='grc' dir='ltr'>μένει.</span> <span class='ocrx_word' id='word_1_296' title='bbox 2442 2310 2610 2363; x_wconf 81' lang='grc' dir='ltr'>Μισεῑ</span> <span class='ocrx_word' id='word_1_297' title='bbox 2644 2308 2744 2379; x_wconf 80' lang='grc' dir='ltr'>τὴν</span> <span class='ocrx_word' id='word_1_298' title='bbox 2781 2307 2959 2379; x_wconf 68' lang='grc' dir='ltr'>ψυχὴν</span> <span class='ocrx_word' id='word_1_299' title='bbox 2993 2309 3026 2378; x_wconf 83' lang='grc' dir='ltr'>ὴ</span> <span class='ocrx_word' id='word_1_300' title='bbox 3056 2306 3211 2379; x_wconf 79' lang='grc' dir='ltr'>σὰρξ,</span> <span class='ocrx_word' id='word_1_301' title='bbox 3246 2308 3341 2360; x_wconf 78' lang='grc' dir='ltr'><strong>καὶ</strong></span> <span class='ocrx_word' id='word_1_302' title='bbox 3376 2304 3606 2375; x_wconf 80' lang='grc' dir='ltr'><strong>πολεμεῖ,</strong></span> <span class='ocrx_word' id='word_1_303' title='bbox 3633 2302 3754 2374; x_wconf 80' lang='grc' dir='ltr'>μηδὲν</span> 
     </span>
    </p>
   </div>
   <div class='ocr_carea' id='block_1_41' title="bbox 548 2393 2143 2474">
    <p class='ocr_par' dir='ltr' id='par_1_41' title="bbox 548 2393 2124 2465">
     <span class='ocr_line' id='line_1_41' title="bbox 548 2393 2124 2465; baseline -0.004 -12"><span class='ocrx_word' id='word_1_304' title='bbox 548 2398 733 2453; x_wconf 87' lang='lat' dir='ltr'><strong>cultus</strong></span> <span class='ocrx_word' id='word_1_305' title='bbox 778 2396 1018 2451; x_wconf 89' lang='lat' dir='ltr'><strong>divinus.</strong></span> <span class='ocrx_word' id='word_1_306' title='bbox 1090 2393 1229 2450; x_wconf 86' lang='lat' dir='ltr'><strong>Odio</strong></span> <span class='ocrx_word' id='word_1_307' title='bbox 1274 2394 1627 2465; x_wconf 88' lang='lat' dir='ltr'><strong>prosequitur</strong></span> <span class='ocrx_word' id='word_1_308' title='bbox 1669 2394 1910 2448; x_wconf 89' lang='lat' dir='ltr'><strong>animam</strong></span> <span class='ocrx_word' id='word_1_309' title='bbox 1958 2409 2124 2461; x_wconf 89' lang='lat' dir='ltr'><strong>caro,</strong></span> 
     </span>
    </p>
   </div>
   <div class='ocr_carea' id='block_1_42' title="bbox 2157 2393 3752 2474">
    <p class='ocr_par' dir='ltr' id='par_1_42' title="bbox 2230 2398 3752 2474">
     <span class='ocr_line' id='line_1_42' title="bbox 2230 2398 3752 2474; baseline -0.004 -19"><span class='ocrx_word' id='word_1_310' title='bbox 2230 2402 2557 2474; x_wconf 82' lang='grc' dir='ltr'>ἀδικουμένη</span> <span class='ocrx_word' id='word_1_311' title='bbox 2580 2444 2595 2468; x_wconf 92' lang='grc'><strong>,</strong></span> <span class='ocrx_word' id='word_1_312' title='bbox 2636 2404 2770 2457; x_wconf 84' lang='grc' dir='ltr'>διότι</span> <span class='ocrx_word' id='word_1_313' title='bbox 2812 2406 2934 2467; x_wconf 87' lang='grc' dir='ltr'>ταῖς</span> <span class='ocrx_word' id='word_1_314' title='bbox 2972 2404 3188 2474; x_wconf 79' lang='grc' dir='ltr'>ἡδοναῖς</span> <span class='ocrx_word' id='word_1_315' title='bbox 3236 2401 3501 2455; x_wconf 81' lang='grc' dir='ltr'>κωλύεται</span> <span class='ocrx_word' id='word_1_316' title='bbox 3544 2398 3752 2470; x_wconf 79' lang='grc' dir='ltr'>χρῆσθαι·</span> 
     </span>
    </p>
   </div>
   <div class='ocr_carea' id='block_1_43' title="bbox 549 2485 2144 2565">
    <p class='ocr_par' dir='ltr' id='par_1_43' title="bbox 549 2485 2125 2557">
     <span class='ocr_line' id='line_1_43' title="bbox 549 2485 2125 2557; baseline -0.001 -13"><span class='ocrx_word' id='word_1_317' title='bbox 549 2500 606 2545; x_wconf 88' lang='lat' dir='ltr'><strong>et</strong></span> <span class='ocrx_word' id='word_1_318' title='bbox 642 2490 843 2544; x_wconf 83' lang='lat' dir='ltr'><strong>bellum</strong></span> <span class='ocrx_word' id='word_1_319' title='bbox 894 2488 944 2542; x_wconf 89' lang='lat' dir='ltr'><strong>ei</strong></span> <span class='ocrx_word' id='word_1_320' title='bbox 1001 2497 1181 2543; x_wconf 83' lang='lat' dir='ltr'><strong>movet</strong></span> <span class='ocrx_word' id='word_1_321' title='bbox 1238 2486 1385 2540; x_wconf 92' lang='lat' dir='ltr'><strong>nulla</strong></span> <span class='ocrx_word' id='word_1_322' title='bbox 1436 2485 1629 2541; x_wconf 75' lang='lat' dir='ltr'><strong>all&#39;ecta</strong></span> <span class='ocrx_word' id='word_1_323' title='bbox 1690 2485 1928 2556; x_wconf 83' lang='lat' dir='ltr'><strong>injuria,</strong></span> <span class='ocrx_word' id='word_1_324' title='bbox 1980 2487 2125 2557; x_wconf 88' lang='lat' dir='ltr'><strong>quod</strong></span> 
     </span>
    </p>
   </div>
   <div class='ocr_carea' id='block_1_44' title="bbox 2159 2485 3754 2565">
    <p class='ocr_par' dir='ltr' id='par_1_44' title="bbox 2233 2490 3754 2565">
     <span class='ocr_line' id='line_1_44' title="bbox 2233 2490 3754 2565; baseline -0.002 -20"><span class='ocrx_word' id='word_1_325' title='bbox 2233 2496 2383 2564; x_wconf 90' lang='grc' dir='ltr'>μισεῖ</span> <span class='ocrx_word' id='word_1_326' title='bbox 2421 2494 2516 2547; x_wconf 77' lang='grc' dir='ltr'><strong>καὶ</strong></span> <span class='ocrx_word' id='word_1_327' title='bbox 2540 2494 2899 2565; x_wconf 81' lang='grc' dir='ltr'>Χριστιανοὺς</span> <span class='ocrx_word' id='word_1_328' title='bbox 2931 2496 2959 2547; x_wconf 88' lang='grc' dir='ltr'><strong>ό</strong></span> <span class='ocrx_word' id='word_1_329' title='bbox 2992 2494 3195 2563; x_wconf 86' lang='grc' dir='ltr'>κόσμος</span> <span class='ocrx_word' id='word_1_330' title='bbox 3242 2492 3409 2564; x_wconf 83' lang='grc' dir='ltr'>μηδὲν</span> <span class='ocrx_word' id='word_1_331' title='bbox 3446 2490 3754 2560; x_wconf 81' lang='grc' dir='ltr'>ἀδικούμενος,</span> 
     </span>
    </p>
   </div>
   <div class='ocr_carea' id='block_1_45' title="bbox 549 2578 2144 2655">
    <p class='ocr_par' dir='ltr' id='par_1_45' title="bbox 549 2578 2128 2652">
     <span class='ocr_line' id='line_1_45' title="bbox 549 2578 2128 2652; baseline -0.004 -15"><span class='ocrx_word' id='word_1_332' title='bbox 549 2581 926 2652; x_wconf 76' lang='lat' dir='ltr'><strong>voluptatibus</strong></span> <span class='ocrx_word' id='word_1_333' title='bbox 990 2579 1101 2635; x_wconf 80' lang='lat' dir='ltr'><strong>frui</strong></span> <span class='ocrx_word' id='word_1_334' title='bbox 1159 2580 1520 2649; x_wconf 87' lang='lat' dir='ltr'><strong>prohibeatur</strong></span> <span class='ocrx_word' id='word_1_335' title='bbox 1577 2596 1591 2631; x_wconf 90' lang='lat'><strong>:</strong></span> <span class='ocrx_word' id='word_1_336' title='bbox 1652 2578 1778 2632; x_wconf 89' lang='lat' dir='ltr'><strong>odio</strong></span> <span class='ocrx_word' id='word_1_337' title='bbox 1841 2579 2128 2648; x_wconf 77' lang='lat' dir='ltr'><strong>prosequi-</strong></span> 
     </span>
    </p>
   </div>
   <div class='ocr_carea' id='block_1_46' title="bbox 2163 2578 3758 2655">
    <p class='ocr_par' dir='ltr' id='par_1_46' title="bbox 2228 2578 3758 2655">
     <span class='ocr_line' id='line_1_46' title="bbox 2228 2578 3758 2655; baseline -0.005 -17"><span class='ocrx_word' id='word_1_338' title='bbox 2228 2584 2308 2638; x_wconf 81' lang='grc' dir='ltr'>ὅτι</span> <span class='ocrx_word' id='word_1_339' title='bbox 2335 2587 2457 2648; x_wconf 89' lang='grc' dir='ltr'>ταῖς</span> <span class='ocrx_word' id='word_1_340' title='bbox 2486 2584 2700 2655; x_wconf 78' lang='grc' dir='ltr'>ἡδοναῖς</span> <span class='ocrx_word' id='word_1_341' title='bbox 2743 2586 3175 2639; x_wconf 88' lang='grc' dir='ltr'>ἀντιτάσσονται.</span> <span class='ocrx_word' id='word_1_342' title='bbox 3240 2586 3307 2637; x_wconf 79' lang='grc' dir='ltr'><strong>Ἦ</strong></span> <span class='ocrx_word' id='word_1_343' title='bbox 3330 2584 3473 2654; x_wconf 75' lang='grc' dir='ltr'>ψυχὴ</span> <span class='ocrx_word' id='word_1_344' title='bbox 3506 2583 3595 2651; x_wconf 79' lang='grc' dir='ltr'>τὴν</span> <span class='ocrx_word' id='word_1_345' title='bbox 3619 2578 3758 2651; x_wconf 78' lang='grc' dir='ltr'>μισοῦ-</span> 
     </span>
    </p>
   </div>
   <div class='ocr_carea' id='block_1_47' title="bbox 550 2670 2145 2748">
    <p class='ocr_par' dir='ltr' id='par_1_47' title="bbox 550 2670 2127 2741">
     <span class='ocr_line' id='line_1_47' title="bbox 550 2670 2127 2741; baseline -0.003 -11"><span class='ocrx_word' id='word_1_346' title='bbox 550 2688 641 2731; x_wconf 90' lang='lat' dir='ltr'><strong>tur</strong></span> <span class='ocrx_word' id='word_1_347' title='bbox 674 2685 729 2730; x_wconf 88' lang='lat' dir='ltr'><strong>et</strong></span> <span class='ocrx_word' id='word_1_348' title='bbox 778 2674 1018 2730; x_wconf 90' lang='lat' dir='ltr'><strong>mundus</strong></span> <span class='ocrx_word' id='word_1_349' title='bbox 1068 2672 1455 2737; x_wconf 89' lang='lat' dir='ltr'><strong>Christianos,</strong></span> <span class='ocrx_word' id='word_1_350' title='bbox 1510 2670 1660 2725; x_wconf 85' lang='lat' dir='ltr'><strong>nulla</strong></span> <span class='ocrx_word' id='word_1_351' title='bbox 1702 2670 1929 2727; x_wconf 76' lang='lat' dir='ltr'><strong>allectus</strong></span> <span class='ocrx_word' id='word_1_352' title='bbox 1982 2671 2127 2741; x_wconf 80' lang='lat' dir='ltr'><strong>inju-</strong></span> 
     </span>
    </p>
   </div>
   <div class='ocr_carea' id='block_1_48' title="bbox 2159 2670 3754 2748">
    <p class='ocr_par' dir='ltr' id='par_1_48' title="bbox 2229 2673 3754 2748">
     <span class='ocr_line' id='line_1_48' title="bbox 2229 2673 3754 2748; baseline -0.004 -19"><span class='ocrx_word' id='word_1_353' title='bbox 2229 2694 2330 2730; x_wconf 88' lang='grc' dir='ltr'><strong>σαν</strong></span> <span class='ocrx_word' id='word_1_354' title='bbox 2354 2677 2546 2747; x_wconf 82' lang='grc' dir='ltr'>ἀγαπᾷ</span> <span class='ocrx_word' id='word_1_355' title='bbox 2573 2678 2772 2748; x_wconf 84' lang='grc' dir='ltr'>σάρκα,</span> <span class='ocrx_word' id='word_1_356' title='bbox 2800 2678 2894 2731; x_wconf 76' lang='grc' dir='ltr'>καὶ</span> <span class='ocrx_word' id='word_1_357' title='bbox 2928 2676 2999 2731; x_wconf 83' lang='grc' dir='ltr'>τὰ</span> <span class='ocrx_word' id='word_1_358' title='bbox 3025 2676 3159 2748; x_wconf 85' lang='grc' dir='ltr'>μέλη</span> <span class='ocrx_word' id='word_1_359' title='bbox 3181 2693 3193 2706; x_wconf 84' lang='grc'><strong>·</strong></span> <span class='ocrx_word' id='word_1_360' title='bbox 3228 2677 3326 2731; x_wconf 75' lang='grc' dir='ltr'>καὶ</span> <span class='ocrx_word' id='word_1_361' title='bbox 3352 2673 3644 2746; x_wconf 73' lang='grc' dir='ltr'>Χριστιανοὶ</span> <span class='ocrx_word' id='word_1_362' title='bbox 3665 2673 3754 2735; x_wconf 78' lang='grc' dir='ltr'>τοὺς</span> 
     </span>
    </p>
   </div>
   <div class='ocr_carea' id='block_1_49' title="bbox 550 2763 2145 2840">
    <p class='ocr_par' dir='ltr' id='par_1_49' title="bbox 550 2763 2124 2839">
     <span class='ocr_line' id='line_1_49' title="bbox 550 2763 2124 2839; baseline -0.004 -13"><span class='ocrx_word' id='word_1_363' title='bbox 550 2772 655 2837; x_wconf 80' lang='lat' dir='ltr'><strong>ria,</strong></span> <span class='ocrx_word' id='word_1_364' title='bbox 688 2769 948 2839; x_wconf 87' lang='lat' dir='ltr'><strong>quoniam</strong></span> <span class='ocrx_word' id='word_1_365' title='bbox 988 2767 1368 2836; x_wconf 78' lang='lat' dir='ltr'><strong>voluptatibus</strong></span> <span class='ocrx_word' id='word_1_366' title='bbox 1400 2771 1728 2834; x_wconf 82' lang='lat' dir='ltr'><strong>repugnant.</strong></span> <span class='ocrx_word' id='word_1_367' title='bbox 1759 2763 1957 2818; x_wconf 79' lang='lat' dir='ltr'><strong>Anima</strong></span> <span class='ocrx_word' id='word_1_368' title='bbox 2002 2780 2124 2819; x_wconf 88' lang='lat' dir='ltr'><strong>car-</strong></span> 
     </span>
    </p>
   </div>
   <div class='ocr_carea' id='block_1_50' title="bbox 2161 2763 3756 2840">
    <p class='ocr_par' dir='ltr' id='par_1_50' title="bbox 2230 2764 3756 2840">
     <span class='ocr_line' id='line_1_50' title="bbox 2230 2764 3756 2840; baseline 0.003 -21"><span class='ocrx_word' id='word_1_369' title='bbox 2230 2767 2525 2838; x_wconf 87' lang='grc' dir='ltr'>μισοῦντας</span> <span class='ocrx_word' id='word_1_370' title='bbox 2559 2768 2867 2837; x_wconf 82' lang='grc' dir='ltr'>ἀγαπῶσιν.</span> <span class='ocrx_word' id='word_1_371' title='bbox 2925 2768 3340 2837; x_wconf 83' lang='grc' dir='ltr'>Ἐγκέκλεισται</span> <span class='ocrx_word' id='word_1_372' title='bbox 3385 2769 3479 2840; x_wconf 86' lang='grc' dir='ltr'>μὲν</span> <span class='ocrx_word' id='word_1_373' title='bbox 3512 2764 3756 2837; x_wconf 70' lang='grc' dir='ltr'><strong>ἡψυχὴτῷ</strong></span> 
     </span>
    </p>
   </div>
   <div class='ocr_carea' id='block_1_51' title="bbox 551 2857 2146 2933">
    <p class='ocr_par' dir='ltr' id='par_1_51' title="bbox 551 2857 2119 2932">
     <span class='ocr_line' id='line_1_51' title="bbox 551 2857 2119 2932; baseline -0.008 -9"><span class='ocrx_word' id='word_1_374' title='bbox 551 2880 675 2923; x_wconf 87' lang='lat' dir='ltr'><strong>nem</strong></span> <span class='ocrx_word' id='word_1_375' title='bbox 713 2872 892 2930; x_wconf 84' lang='lat' dir='ltr'><strong>amat,</strong></span> <span class='ocrx_word' id='word_1_376' title='bbox 938 2878 1061 2932; x_wconf 71' lang='lat' dir='ltr'><strong>qum</strong></span> <span class='ocrx_word' id='word_1_377' title='bbox 1113 2862 1290 2931; x_wconf 86' lang='lat' dir='ltr'><strong>ipsam</strong></span> <span class='ocrx_word' id='word_1_378' title='bbox 1348 2858 1483 2924; x_wconf 91' lang='lat' dir='ltr'><strong>odit,</strong></span> <span class='ocrx_word' id='word_1_379' title='bbox 1516 2866 1571 2911; x_wconf 90' lang='lat' dir='ltr'><strong>et</strong></span> <span class='ocrx_word' id='word_1_380' title='bbox 1597 2857 1789 2926; x_wconf 88' lang='lat' dir='ltr'><strong>(amat)</strong></span> <span class='ocrx_word' id='word_1_381' title='bbox 1844 2859 2119 2913; x_wconf 82' lang='lat' dir='ltr'><strong>membra:</strong></span> 
     </span>
    </p>
   </div>
   <div class='ocr_carea' id='block_1_52' title="bbox 2159 2857 3754 2933">
    <p class='ocr_par' dir='ltr' id='par_1_52' title="bbox 2174 2857 3754 2933">
     <span class='ocr_line' id='line_1_52' title="bbox 2174 2857 3754 2933; baseline -0.003 -20"><span class='ocrx_word' id='word_1_382' title='bbox 2174 2932 2180 2933; x_wconf 14' lang='grc' dir='ltr'><strong>γ</strong></span> <span class='ocrx_word' id='word_1_383' title='bbox 2229 2860 2461 2933; x_wconf 86' lang='grc' dir='ltr'>σώματι,</span> <span class='ocrx_word' id='word_1_384' title='bbox 2504 2862 2716 2933; x_wconf 87' lang='grc' dir='ltr'>συνέχει</span> <span class='ocrx_word' id='word_1_385' title='bbox 2758 2862 2819 2915; x_wconf 82' lang='grc' dir='ltr'><strong>δὲ</strong></span> <span class='ocrx_word' id='word_1_386' title='bbox 2860 2861 2994 2916; x_wconf 71' lang='grc' dir='ltr'>αὐτὸ</span> <span class='ocrx_word' id='word_1_387' title='bbox 3032 2862 3092 2915; x_wconf 87' lang='grc' dir='ltr'><strong>τὸ</strong></span> <span class='ocrx_word' id='word_1_388' title='bbox 3131 2860 3333 2933; x_wconf 86' lang='grc' dir='ltr'>σῶμα·</span> <span class='ocrx_word' id='word_1_389' title='bbox 3375 2862 3467 2915; x_wconf 77' lang='grc' dir='ltr'>καὶ</span> <span class='ocrx_word' id='word_1_390' title='bbox 3503 2857 3754 2931; x_wconf 75' lang='grc' dir='ltr'>Χριστιανοὶ</span> 
     </span>
    </p>
   </div>
   <div class='ocr_carea' id='block_1_53' title="bbox 552 2932 2147 3028">
    <p class='ocr_par' dir='ltr' id='par_1_53' title="bbox 552 2948 2124 3027">
     <span class='ocr_line' id='line_1_53' title="bbox 552 2948 2124 3027; baseline -0.002 -19"><span class='ocrx_word' id='word_1_391' title='bbox 552 2958 673 3027; x_wconf 79' lang='lat' dir='ltr'><strong>(sic)</strong></span> <span class='ocrx_word' id='word_1_392' title='bbox 710 2956 875 3011; x_wconf 91' lang='lat' dir='ltr'><strong>etiam</strong></span> <span class='ocrx_word' id='word_1_393' title='bbox 916 2952 1217 3008; x_wconf 83' lang='lat' dir='ltr'><strong>Christiani</strong></span> <span class='ocrx_word' id='word_1_394' title='bbox 1261 2959 1450 3007; x_wconf 89' lang='lat' dir='ltr'><strong>amant</strong></span> <span class='ocrx_word' id='word_1_395' title='bbox 1487 2964 1700 3005; x_wconf 77' lang='lat' dir='ltr'><strong>osores.</strong></span> <span class='ocrx_word' id='word_1_396' title='bbox 1753 2948 1967 3006; x_wconf 89' lang='lat' dir='ltr'><strong>Inclusa</strong></span> <span class='ocrx_word' id='word_1_397' title='bbox 1998 2952 2124 3020; x_wconf 86' lang='lat' dir='ltr'><strong>qui—</strong></span> 
     </span>
    </p>
   </div>
   <div class='ocr_carea' id='block_1_54' title="bbox 2159 2932 3754 3028">
    <p class='ocr_par' dir='ltr' id='par_1_54' title="bbox 2159 2932 3754 3028">
     <span class='ocr_line' id='line_1_54' title="bbox 2159 2932 3754 3028; baseline -0.005 -19"><span class='ocrx_word' id='word_1_398' title='bbox 2159 2932 2198 2988; x_wconf 77' lang='lat' dir='ltr'><strong>C</strong></span> <span class='ocrx_word' id='word_1_399' title='bbox 2230 2932 2550 3025; x_wconf 77' lang='grc' dir='ltr'>κατέχονται</span> <span class='ocrx_word' id='word_1_400' title='bbox 2594 2955 2691 3025; x_wconf 83' lang='grc' dir='ltr'><strong>μὲν</strong></span> <span class='ocrx_word' id='word_1_401' title='bbox 2725 2954 2803 3019; x_wconf 84' lang='grc' dir='ltr'>ὡς</span> <span class='ocrx_word' id='word_1_402' title='bbox 2849 2955 2906 3007; x_wconf 80' lang='grc' dir='ltr'>ὲν</span> <span class='ocrx_word' id='word_1_403' title='bbox 2948 2957 3159 3028; x_wconf 77' lang='grc' dir='ltr'>φρουρᾷ</span> <span class='ocrx_word' id='word_1_404' title='bbox 3311 2954 3516 3024; x_wconf 85' lang='grc' dir='ltr'>κόσμῳ,</span> <span class='ocrx_word' id='word_1_405' title='bbox 3555 2951 3684 3004; x_wconf 72' lang='grc' dir='ltr'>αὐτοὶ</span> <span class='ocrx_word' id='word_1_406' title='bbox 3716 2947 3754 2999; x_wconf 82' lang='grc' dir='ltr'>δὲ</span> 
     </span>
    </p>
   </div>
   <div class='ocr_carea' id='block_1_55' title="bbox 551 3040 2146 3118">
    <p class='ocr_par' dir='ltr' id='par_1_55' title="bbox 551 3042 2127 3114">
     <span class='ocr_line' id='line_1_55' title="bbox 551 3042 2127 3114; baseline -0.005 -11"><span class='ocrx_word' id='word_1_407' title='bbox 551 3050 673 3103; x_wconf 88' lang='lat' dir='ltr'><strong>dem</strong></span> <span class='ocrx_word' id='word_1_408' title='bbox 708 3057 790 3102; x_wconf 89' lang='lat' dir='ltr'><strong>est</strong></span> <span class='ocrx_word' id='word_1_409' title='bbox 814 3046 1000 3100; x_wconf 89' lang='lat' dir='ltr'><strong>anima</strong></span> <span class='ocrx_word' id='word_1_410' title='bbox 1030 3058 1279 3114; x_wconf 89' lang='lat' dir='ltr'><strong>corpore,</strong></span> <span class='ocrx_word' id='word_1_411' title='bbox 1309 3042 1403 3097; x_wconf 91' lang='lat' dir='ltr'><strong>sed</strong></span> <span class='ocrx_word' id='word_1_412' title='bbox 1438 3043 1554 3112; x_wconf 89' lang='lat' dir='ltr'><strong>ipsa</strong></span> <span class='ocrx_word' id='word_1_413' title='bbox 1586 3058 1786 3113; x_wconf 90' lang='lat' dir='ltr'><strong>corpus</strong></span> <span class='ocrx_word' id='word_1_414' title='bbox 1815 3051 2127 3097; x_wconf 85' lang='lat' dir='ltr'><strong>conservat:</strong></span> 
     </span>
    </p>
   </div>
   <div class='ocr_carea' id='block_1_56' title="bbox 2157 3040 3752 3118">
    <p class='ocr_par' dir='ltr' id='par_1_56' title="bbox 2234 3040 3752 3118">
     <span class='ocr_line' id='line_1_56' title="bbox 2234 3040 3752 3118; baseline -0.007 -18"><span class='ocrx_word' id='word_1_415' title='bbox 2234 3047 2517 3118; x_wconf 80' lang='grc' dir='ltr'>συνέχουσι</span> <span class='ocrx_word' id='word_1_416' title='bbox 2570 3044 2682 3118; x_wconf 73' lang='grc'><strong>(65)</strong></span> <span class='ocrx_word' id='word_1_417' title='bbox 2732 3046 2827 3099; x_wconf 83' lang='grc' dir='ltr'><strong>τὸν</strong></span> <span class='ocrx_word' id='word_1_418' title='bbox 2871 3046 3094 3117; x_wconf 85' lang='grc' dir='ltr'>κόσμον.</span> <span class='ocrx_word' id='word_1_419' title='bbox 3156 3046 3451 3108; x_wconf 85' lang='grc' dir='ltr'>Ἀθάνατος</span> <span class='ocrx_word' id='word_1_420' title='bbox 3496 3040 3681 3114; x_wconf 72' lang='grc' dir='ltr'><strong>ἡψυχὴ</strong></span> <span class='ocrx_word' id='word_1_421' title='bbox 3713 3041 3752 3091; x_wconf 81' lang='grc' dir='ltr'><strong>ὲν</strong></span> 
     </span>
    </p>
   </div>
   <div class='ocr_carea' id='block_1_57' title="bbox 554 3133 2149 3212">
    <p class='ocr_par' dir='ltr' id='par_1_57' title="bbox 554 3133 2123 3209">
     <span class='ocr_line' id='line_1_57' title="bbox 554 3133 2123 3209; baseline -0.001 -18"><span class='ocrx_word' id='word_1_422' title='bbox 554 3141 674 3209; x_wconf 69' lang='grc' dir='ltr'>(δῖε)</span> <span class='ocrx_word' id='word_1_423' title='bbox 717 3147 771 3193; x_wconf 91' lang='lat' dir='ltr'><strong>et</strong></span> <span class='ocrx_word' id='word_1_424' title='bbox 808 3136 1111 3192; x_wconf 87' lang='lat' dir='ltr'><strong>Christiani</strong></span> <span class='ocrx_word' id='word_1_425' title='bbox 1166 3135 1481 3189; x_wconf 87' lang='lat' dir='ltr'><strong>detinentur</strong></span> <span class='ocrx_word' id='word_1_426' title='bbox 1529 3134 1746 3203; x_wconf 88' lang='lat' dir='ltr'><strong>quidem</strong></span> <span class='ocrx_word' id='word_1_427' title='bbox 1794 3133 1848 3187; x_wconf 91' lang='lat' dir='ltr'><strong>in</strong></span> <span class='ocrx_word' id='word_1_428' title='bbox 1898 3135 2123 3197; x_wconf 87' lang='lat' dir='ltr'><strong>mundo.</strong></span> 
     </span>
    </p>
   </div>
   <div class='ocr_carea' id='block_1_58' title="bbox 2159 3133 3754 3212">
    <p class='ocr_par' dir='ltr' id='par_1_58' title="bbox 2229 3137 3754 3212">
     <span class='ocr_line' id='line_1_58' title="bbox 2229 3137 3754 3212; baseline -0.011 -11"><span class='ocrx_word' id='word_1_429' title='bbox 2229 3141 2407 3212; x_wconf 78' lang='grc' dir='ltr'>θνητῷ</span> <span class='ocrx_word' id='word_1_430' title='bbox 2447 3139 2762 3212; x_wconf 84' lang='grc' dir='ltr'>σκηνώματι</span> <span class='ocrx_word' id='word_1_431' title='bbox 2811 3143 3089 3194; x_wconf 83' lang='grc' dir='ltr'>κατοικεῖ·</span> <span class='ocrx_word' id='word_1_432' title='bbox 3132 3140 3228 3193; x_wconf 71' lang='grc' dir='ltr'><strong>καὶ</strong></span> <span class='ocrx_word' id='word_1_433' title='bbox 3274 3137 3580 3210; x_wconf 82' lang='grc' dir='ltr'>Χριστιανοὶ</span> <span class='ocrx_word' id='word_1_434' title='bbox 3613 3148 3754 3201; x_wconf 81' lang='grc' dir='ltr'>παροι-</span> 
     </span>
    </p>
   </div>
   <div class='ocr_carea' id='block_1_59' title="bbox 552 3225 2147 3308">
    <p class='ocr_par' dir='ltr' id='par_1_59' title="bbox 552 3225 2125 3300">
     <span class='ocr_line' id='line_1_59' title="bbox 552 3225 2125 3300; baseline -0.003 -15"><span class='ocrx_word' id='word_1_435' title='bbox 552 3242 813 3300; x_wconf 86' lang='lat' dir='ltr'><strong>tanquam</strong></span> <span class='ocrx_word' id='word_1_436' title='bbox 844 3230 899 3283; x_wconf 91' lang='lat' dir='ltr'><strong>in</strong></span> <span class='ocrx_word' id='word_1_437' title='bbox 922 3228 1193 3293; x_wconf 82' lang='lat' dir='ltr'><strong>custodia,</strong></span> <span class='ocrx_word' id='word_1_438' title='bbox 1223 3226 1316 3282; x_wconf 88' lang='lat' dir='ltr'><strong>sed</strong></span> <span class='ocrx_word' id='word_1_439' title='bbox 1344 3225 1446 3294; x_wconf 91' lang='lat' dir='ltr'><strong>ipsi</strong></span> <span class='ocrx_word' id='word_1_440' title='bbox 1476 3225 1740 3281; x_wconf 87' lang='lat' dir='ltr'><strong>mundum</strong></span> <span class='ocrx_word' id='word_1_441' title='bbox 1773 3235 2125 3281; x_wconf 88' lang='lat' dir='ltr'><strong>conservant.</strong></span> 
     </span>
    </p>
   </div>
   <div class='ocr_carea' id='block_1_60' title="bbox 2159 3225 3754 3308">
    <p class='ocr_par' dir='ltr' id='par_1_60' title="bbox 2229 3225 3754 3308">
     <span class='ocr_line' id='line_1_60' title="bbox 2229 3225 3754 3308; baseline -0.007 -17"><span class='ocrx_word' id='word_1_442' title='bbox 2229 3236 2418 3291; x_wconf 87' lang='grc' dir='ltr'>κοῦσιν</span> <span class='ocrx_word' id='word_1_443' title='bbox 2479 3238 2538 3289; x_wconf 84' lang='grc' dir='ltr'>ὲν</span> <span class='ocrx_word' id='word_1_444' title='bbox 2588 3236 2883 3308; x_wconf 82' lang='grc' dir='ltr'>φθαρτοῖς,</span> <span class='ocrx_word' id='word_1_445' title='bbox 2936 3233 3039 3305; x_wconf 77' lang='grc' dir='ltr'>τὴν</span> <span class='ocrx_word' id='word_1_446' title='bbox 3085 3235 3144 3287; x_wconf 86' lang='grc' dir='ltr'>ὲν</span> <span class='ocrx_word' id='word_1_447' title='bbox 3196 3232 3449 3304; x_wconf 70' lang='grc' dir='ltr'>οὐρανοῖς</span> <span class='ocrx_word' id='word_1_448' title='bbox 3507 3225 3754 3308; x_wconf 61' lang='grc' dir='ltr'>ἀφθαρσίαν</span> 
     </span>
    </p>
   </div>
   <div class='ocr_carea' id='block_1_61' title="bbox 554 3304 2149 3402">
    <p class='ocr_par' dir='ltr' id='par_1_61' title="bbox 554 3317 2125 3378">
     <span class='ocr_line' id='line_1_61' title="bbox 554 3317 2125 3378; baseline -0.001 0"><span class='ocrx_word' id='word_1_449' title='bbox 554 3323 885 3378; x_wconf 90' lang='lat' dir='ltr'><strong>Immortalis</strong></span> <span class='ocrx_word' id='word_1_450' title='bbox 929 3323 1111 3377; x_wconf 87' lang='lat' dir='ltr'><strong>anima</strong></span> <span class='ocrx_word' id='word_1_451' title='bbox 1147 3321 1201 3375; x_wconf 91' lang='lat' dir='ltr'><strong>in</strong></span> <span class='ocrx_word' id='word_1_452' title='bbox 1230 3317 1450 3373; x_wconf 89' lang='lat' dir='ltr'><strong>mortali</strong></span> <span class='ocrx_word' id='word_1_453' title='bbox 1494 3318 2125 3376; x_wconf 83' lang='lat' dir='ltr'><strong>tabernaculo-habitat:</strong></span> 
     </span>
    </p>
   </div>
   <div class='ocr_carea' id='block_1_62' title="bbox 2159 3304 3754 3402">
    <p class='ocr_par' dir='ltr' id='par_1_62' title="bbox 2233 3304 3754 3402">
     <span class='ocr_line' id='line_1_62' title="bbox 2233 3304 3754 3402; baseline -0.004 -19"><span class='ocrx_word' id='word_1_454' title='bbox 2233 3304 2680 3402; x_wconf 85' lang='grc' dir='ltr'>προσδεχόμενοι.</span> <span class='ocrx_word' id='word_1_455' title='bbox 2704 3304 3202 3399; x_wconf 22' lang='grc' dir='ltr'>*Κακουργουμὲνη</span> <span class='ocrx_word' id='word_1_456' title='bbox 3257 3324 3445 3387; x_wconf 89' lang='grc' dir='ltr'>σιτίοις</span> <span class='ocrx_word' id='word_1_457' title='bbox 3491 3322 3578 3375; x_wconf 76' lang='grc' dir='ltr'>καὶ</span> 
     </span>
    </p>
   </div>
   <div class='ocr_carea' id='block_1_63' title="bbox 553 3410 2148 3495">
    <p class='ocr_par' dir='ltr' id='par_1_63' title="bbox 553 3415 2129 3486">
     <span class='ocr_line' id='line_1_63' title="bbox 553 3415 2129 3486; baseline 0 -15"><span class='ocrx_word' id='word_1_458' title='bbox 553 3430 610 3471; x_wconf 81' lang='lat' dir='ltr'><strong>et</strong></span> <span class='ocrx_word' id='word_1_459' title='bbox 646 3415 946 3471; x_wconf 88' lang='lat' dir='ltr'><strong>Christiani</strong></span> <span class='ocrx_word' id='word_1_460' title='bbox 999 3416 1090 3470; x_wconf 87' lang='lat' dir='ltr'><strong>illa</strong></span> <span class='ocrx_word' id='word_1_461' title='bbox 1124 3431 1261 3486; x_wconf 80' lang='lat' dir='ltr'><strong>qua:</strong></span> <span class='ocrx_word' id='word_1_462' title='bbox 1311 3415 1655 3486; x_wconf 90' lang='lat' dir='ltr'><strong>corruptioni</strong></span> <span class='ocrx_word' id='word_1_463' title='bbox 1712 3423 1842 3470; x_wconf 90' lang='lat' dir='ltr'><strong>sunt</strong></span> <span class='ocrx_word' id='word_1_464' title='bbox 1890 3415 2129 3471; x_wconf 81' lang='lat' dir='ltr'><strong>obnoxia</strong></span> 
     </span>
    </p>
   </div>
   <div class='ocr_carea' id='block_1_64' title="bbox 2157 3410 3752 3495">
    <p class='ocr_par' dir='ltr' id='par_1_64' title="bbox 2230 3410 3752 3495">
     <span class='ocr_line' id='line_1_64' title="bbox 2230 3410 3752 3495; baseline -0.009 -17"><span class='ocrx_word' id='word_1_465' title='bbox 2230 3426 2266 3492; x_wconf 84' lang='grc' dir='ltr'><strong>ή</strong></span> <span class='ocrx_word' id='word_1_466' title='bbox 2313 3424 2496 3495; x_wconf 81' lang='grc' dir='ltr'>ψυχὴ,</span> <span class='ocrx_word' id='word_1_467' title='bbox 2546 3421 2885 3494; x_wconf 60' lang='grc' dir='ltr'>βελτιοῦταιη·</span> <span class='ocrx_word' id='word_1_468' title='bbox 2950 3421 3048 3473; x_wconf 73' lang='grc' dir='ltr'><strong>καὶ</strong></span> <span class='ocrx_word' id='word_1_469' title='bbox 3089 3416 3408 3491; x_wconf 73' lang='grc' dir='ltr'>Χριστιανοὶ</span> <span class='ocrx_word' id='word_1_470' title='bbox 3465 3410 3752 3481; x_wconf 66' lang='grc' dir='ltr'>κολαζόμενοι</span> 
     </span>
    </p>
   </div>
   <div class='ocr_carea' id='block_1_65' title="bbox 555 3503 2150 3588">
    <p class='ocr_par' dir='ltr' id='par_1_65' title="bbox 555 3509 2128 3581">
     <span class='ocr_line' id='line_1_65' title="bbox 555 3509 2128 3581; baseline -0.001 -14"><span class='ocrx_word' id='word_1_471' title='bbox 555 3521 819 3581; x_wconf 90' lang='lat' dir='ltr'><strong>tanquam</strong></span> <span class='ocrx_word' id='word_1_472' title='bbox 888 3510 1142 3580; x_wconf 88' lang='lat' dir='ltr'><strong>inquilini</strong></span> <span class='ocrx_word' id='word_1_473' title='bbox 1202 3510 1487 3575; x_wconf 86' lang='lat' dir='ltr'><strong>incolunt,</strong></span> <span class='ocrx_word' id='word_1_474' title='bbox 1560 3509 2128 3579; x_wconf 85' lang='lat' dir='ltr'><strong>incorruptibilitatem</strong></span> 
     </span>
    </p>
   </div>
   <div class='ocr_carea' id='block_1_66' title="bbox 2157 3503 3752 3588">
    <p class='ocr_par' dir='ltr' id='par_1_66' title="bbox 2232 3503 3752 3588">
     <span class='ocr_line' id='line_1_66' title="bbox 2232 3503 3752 3588; baseline -0.008 -18"><span class='ocrx_word' id='word_1_475' title='bbox 2232 3516 2352 3570; x_wconf 83' lang='grc' dir='ltr'>καθ’</span> <span class='ocrx_word' id='word_1_476' title='bbox 2392 3516 2642 3588; x_wconf 79' lang='grc' dir='ltr'>ἡμέραν,</span> <span class='ocrx_word' id='word_1_477' title='bbox 2702 3512 3055 3577; x_wconf 78' lang='grc' dir='ltr'>πλεονάζουσι</span> <span class='ocrx_word' id='word_1_478' title='bbox 3118 3510 3341 3583; x_wconf 83' lang='grc' dir='ltr'>μᾶλλον.</span> <span class='ocrx_word' id='word_1_479' title='bbox 3406 3510 3498 3572; x_wconf 84' lang='grc' dir='ltr'>Εἰς</span> <span class='ocrx_word' id='word_1_480' title='bbox 3542 3503 3752 3570; x_wconf 51' lang='lat' dir='ltr'><strong>saeuiit?!</strong></span> 
     </span>
    </p>
   </div>
   <div class='ocr_carea' id='block_1_67' title="bbox 556 3594 2151 3677">
    <p class='ocr_par' dir='ltr' id='par_1_67' title="bbox 556 3601 2128 3673">
     <span class='ocr_line' id='line_1_67' title="bbox 556 3601 2128 3673; baseline -0.002 -13"><span class='ocrx_word' id='word_1_481' title='bbox 556 3606 836 3660; x_wconf 56' lang='lat' dir='ltr'><strong>caelestem</strong></span> <span class='ocrx_word' id='word_1_482' title='bbox 876 3613 1277 3673; x_wconf 81' lang='lat' dir='ltr'><strong>exspectantes.</strong></span> <span class='ocrx_word' id='word_1_483' title='bbox 1319 3602 1538 3667; x_wconf 85' lang='lat' dir='ltr'><strong>Anima,</strong></span> <span class='ocrx_word' id='word_1_484' title='bbox 1575 3601 1706 3655; x_wconf 90' lang='lat' dir='ltr'><strong>dum</strong></span> <span class='ocrx_word' id='word_1_485' title='bbox 1750 3602 1874 3657; x_wconf 87' lang='lat' dir='ltr'><strong>cibo</strong></span> <span class='ocrx_word' id='word_1_486' title='bbox 1916 3611 1971 3656; x_wconf 87' lang='lat' dir='ltr'><strong>et</strong></span> <span class='ocrx_word' id='word_1_487' title='bbox 2000 3611 2128 3672; x_wconf 86' lang='lat' dir='ltr'><strong>potu</strong></span> 
     </span>
    </p>
   </div>
   <div class='ocr_carea' id='block_1_68' title="bbox 2156 3594 3751 3677">
    <p class='ocr_par' dir='ltr' id='par_1_68' title="bbox 2237 3594 3751 3677">
     <span class='ocr_line' id='line_1_68' title="bbox 2237 3594 3751 3677; baseline -0.01 -15"><span class='ocrx_word' id='word_1_488' title='bbox 2237 3609 2436 3673; x_wconf 76' lang='grc' dir='ltr'>αὐτοὺς</span> <span class='ocrx_word' id='word_1_489' title='bbox 2482 3608 2632 3674; x_wconf 81' lang='grc' dir='ltr'>τάξιν</span> <span class='ocrx_word' id='word_1_490' title='bbox 2680 3607 2830 3662; x_wconf 74' lang='grc' dir='ltr'>ἔθετο</span> <span class='ocrx_word' id='word_1_491' title='bbox 2872 3609 2902 3660; x_wconf 85' lang='grc' dir='ltr'>ὁ</span> <span class='ocrx_word' id='word_1_492' title='bbox 2933 3605 3086 3669; x_wconf 77' lang='grc' dir='ltr'>Θεὸς,</span> <span class='ocrx_word' id='word_1_493' title='bbox 3143 3605 3211 3677; x_wconf 78' lang='grc' dir='ltr'>ἡν</span> <span class='ocrx_word' id='word_1_494' title='bbox 3258 3604 3321 3658; x_wconf 85' lang='grc' dir='ltr'><strong>οὑ</strong></span> <span class='ocrx_word' id='word_1_495' title='bbox 3368 3601 3573 3671; x_wconf 86' lang='grc' dir='ltr'>θεμιτὸν</span> <span class='ocrx_word' id='word_1_496' title='bbox 3614 3594 3751 3654; x_wconf 78' lang='grc' dir='ltr'>αὐτοῖς</span> 
     </span>
    </p>
   </div>
   <div class='ocr_carea' id='block_1_69' title="bbox 558 3692 2153 3771">
    <p class='ocr_par' dir='ltr' id='par_1_69' title="bbox 558 3692 2132 3763">
     <span class='ocr_line' id='line_1_69' title="bbox 558 3692 2132 3763; baseline -0.001 -14"><span class='ocrx_word' id='word_1_497' title='bbox 558 3698 700 3752; x_wconf 87' lang='lat' dir='ltr'><strong>male</strong></span> <span class='ocrx_word' id='word_1_498' title='bbox 740 3704 1023 3760; x_wconf 87' lang='lat' dir='ltr'><strong>tractatur,</strong></span> <span class='ocrx_word' id='word_1_499' title='bbox 1056 3695 1117 3749; x_wconf 85' lang='lat' dir='ltr'><strong>ﬁt</strong></span> <span class='ocrx_word' id='word_1_500' title='bbox 1159 3694 1354 3750; x_wconf 86' lang='lat' dir='ltr'><strong>melior</strong></span> <span class='ocrx_word' id='word_1_501' title='bbox 1379 3710 1391 3747; x_wconf 93' lang='lat'>:</span> <span class='ocrx_word' id='word_1_502' title='bbox 1418 3701 1472 3748; x_wconf 89' lang='lat' dir='ltr'><strong>et</strong></span> <span class='ocrx_word' id='word_1_503' title='bbox 1502 3692 1632 3746; x_wconf 90' lang='lat' dir='ltr'><strong>dum</strong></span> <span class='ocrx_word' id='word_1_504' title='bbox 1670 3692 1970 3747; x_wconf 89' lang='lat' dir='ltr'><strong>Christiani</strong></span> <span class='ocrx_word' id='word_1_505' title='bbox 2000 3710 2132 3763; x_wconf 91' lang='lat' dir='ltr'><strong>sup-</strong></span> 
     </span>
    </p>
   </div>
   <div class='ocr_carea' id='block_1_70' title="bbox 1102 3692 2697 3771">
    <p class='ocr_par' dir='ltr' id='par_1_70' title="bbox 1102 3692 2697 3771">
     <span class='ocr_line' id='line_1_70' title="bbox 1102 3692 2697 3771; baseline 0.001 -22"><span class='ocrx_word' id='word_1_506' title='bbox 1102 3703 1117 3749; x_wconf 87' lang='lat' dir='ltr'><strong>t</strong></span> <span class='ocrx_word' id='word_1_507' title='bbox 1159 3694 1354 3750; x_wconf 86' lang='lat' dir='ltr'><strong>melior</strong></span> <span class='ocrx_word' id='word_1_508' title='bbox 1379 3710 1391 3747; x_wconf 93' lang='lat'>:</span> <span class='ocrx_word' id='word_1_509' title='bbox 1418 3701 1472 3748; x_wconf 89' lang='lat' dir='ltr'><strong>et</strong></span> <span class='ocrx_word' id='word_1_510' title='bbox 1502 3692 1632 3746; x_wconf 90' lang='lat' dir='ltr'><strong>dum</strong></span> <span class='ocrx_word' id='word_1_511' title='bbox 1670 3692 1970 3747; x_wconf 87' lang='lat' dir='ltr'><strong>Christiani</strong></span> <span class='ocrx_word' id='word_1_512' title='bbox 2000 3710 2132 3763; x_wconf 91' lang='lat' dir='ltr'><strong>sup-</strong></span> <span class='ocrx_word' id='word_1_513' title='bbox 2234 3698 2697 3771; x_wconf 78' lang='grc' dir='ltr'>παραιτήσασθαι.</span> 
     </span>
    </p>
   </div>
   <div class='ocr_carea' id='block_1_71' title="bbox 558 3782 3751 3860">
    <p class='ocr_par' dir='ltr' id='par_1_71' title="bbox 558 3782 3751 3860">
     <span class='ocr_line' id='line_1_71' title="bbox 558 3782 3751 3860; baseline -0.005 -15"><span class='ocrx_word' id='word_1_514' title='bbox 558 3790 736 3860; x_wconf 87' lang='lat' dir='ltr'><strong>pliciis</strong></span> <span class='ocrx_word' id='word_1_515' title='bbox 798 3787 1111 3852; x_wconf 79' lang='lat' dir='ltr'><strong>aﬂiciuntur</strong></span> <span class='ocrx_word' id='word_1_516' title='bbox 1166 3785 1433 3855; x_wconf 82' lang='lat' dir='ltr'><strong>quotidie,</strong></span> <span class='ocrx_word' id='word_1_517' title='bbox 1462 3797 1723 3839; x_wconf 88' lang='lat' dir='ltr'><strong>numerus</strong></span> <span class='ocrx_word' id='word_1_518' title='bbox 1776 3798 1968 3839; x_wconf 87' lang='lat' dir='ltr'><strong>eorum</strong></span> <span class='ocrx_word' id='word_1_519' title='bbox 1996 3786 2211 3843; x_wconf 88' lang='lat' dir='ltr'><strong>crescit.</strong></span> <span class='ocrx_word' id='word_1_520' title='bbox 2255 3788 2398 3845; x_wconf 83' lang='lat' dir='ltr'><strong>Deus</strong></span> <span class='ocrx_word' id='word_1_521' title='bbox 2429 3792 2549 3847; x_wconf 91' lang='lat' dir='ltr'><strong>illos</strong></span> <span class='ocrx_word' id='word_1_522' title='bbox 2579 3802 2687 3846; x_wconf 90' lang='lat' dir='ltr'><strong>tam</strong></span> <span class='ocrx_word' id='word_1_523' title='bbox 2717 3789 2984 3860; x_wconf 84' lang='lat' dir='ltr'><strong>insignem</strong></span> <span class='ocrx_word' id='word_1_524' title='bbox 3015 3786 3411 3843; x_wconf 55' lang='lat' dir='ltr'><strong>tenere’locum</strong></span> <span class='ocrx_word' id='word_1_525' title='bbox 3437 3782 3612 3847; x_wconf 77' lang='lat' dir='ltr'><strong>voluit,</strong></span> <span class='ocrx_word' id='word_1_526' title='bbox 3632 3789 3751 3849; x_wconf 78' lang='lat' dir='ltr'><strong>quem</strong></span> 
     </span>
    </p>
   </div>
   <div class='ocr_carea' id='block_1_72' title="bbox 558 3874 1642 3946">
    <p class='ocr_par' dir='ltr' id='par_1_72' title="bbox 558 3874 1642 3946">
     <span class='ocr_line' id='line_1_72' title="bbox 558 3874 1642 3946; baseline -0.006 -11"><span class='ocrx_word' id='word_1_527' title='bbox 558 3881 636 3937; x_wconf 88' lang='lat' dir='ltr'><strong>illi</strong></span> <span class='ocrx_word' id='word_1_528' title='bbox 670 3877 825 3934; x_wconf 81' lang='lat' dir='ltr'><strong>nefas</strong></span> <span class='ocrx_word' id='word_1_529' title='bbox 850 3887 932 3932; x_wconf 87' lang='lat' dir='ltr'><strong>est</strong></span> <span class='ocrx_word' id='word_1_530' title='bbox 956 3874 1233 3946; x_wconf 78' lang='lat' dir='ltr'><strong>defugere.</strong></span> <span class='ocrx_word' id='word_1_531' title='bbox 1632 3886 1642 3895; x_wconf 93' lang='lat'><strong><em>&#39;</em></strong></span> 
     </span>
    </p>
   </div>
   <div class='ocr_carea' id='block_1_73' title="bbox 564 3977 3749 4057">
    <p class='ocr_par' dir='ltr' id='par_1_73' title="bbox 564 3977 3749 4057">
     <span class='ocr_line' id='line_1_73' title="bbox 564 3977 3749 4057; baseline -0.006 -12"><span class='ocrx_word' id='word_1_532' title='bbox 564 3988 702 4045; x_wconf 62' lang='lat' dir='ltr'><strong>Cu».</strong></span> <span class='ocrx_word' id='word_1_533' title='bbox 741 3988 854 4043; x_wconf 85' lang='lat' dir='ltr'><strong>VII.</strong></span> <span class='ocrx_word' id='word_1_534' title='bbox 886 3987 1016 4043; x_wconf 70' lang='lat' dir='ltr'><strong>Hazc</strong></span> <span class='ocrx_word' id='word_1_535' title='bbox 1040 3986 1225 4057; x_wconf 79' lang='lat' dir='ltr'><strong>religio</strong></span> <span class='ocrx_word' id='word_1_536' title='bbox 1248 4003 1281 4039; x_wconf 89' lang='lat' dir='ltr'><strong>a</strong></span> <span class='ocrx_word' id='word_1_537' title='bbox 1309 3984 1413 4039; x_wconf 85' lang='lat' dir='ltr'><strong>Deo</strong></span> <span class='ocrx_word' id='word_1_538' title='bbox 1441 3986 1710 4051; x_wconf 79' lang='lat' dir='ltr'><strong>instituta,</strong></span> <span class='ocrx_word' id='word_1_539' title='bbox 1731 3986 1822 4055; x_wconf 85' lang='lat' dir='ltr'><strong>qui</strong></span> <span class='ocrx_word' id='word_1_540' title='bbox 1854 4001 1957 4038; x_wconf 85' lang='lat' dir='ltr'><strong>non</strong></span> <span class='ocrx_word' id='word_1_541' title='bbox 1981 4002 2088 4057; x_wconf 66' lang='lat' dir='ltr'><strong>rem</strong></span> <span class='ocrx_word' id='word_1_542' title='bbox 2124 3995 2379 4051; x_wconf 86' lang='lat' dir='ltr'><strong>creatam,</strong></span> <span class='ocrx_word' id='word_1_543' title='bbox 2410 3985 2498 4038; x_wconf 79' lang='lat' dir='ltr'><strong>sed</strong></span> <span class='ocrx_word' id='word_1_544' title='bbox 2521 3985 2790 4053; x_wconf 82' lang='lat' dir='ltr'><strong>praprium</strong></span> <span class='ocrx_word' id='word_1_545' title='bbox 2820 3982 3027 4037; x_wconf 83' lang='lat' dir='ltr'><strong>Filium</strong></span> <span class='ocrx_word' id='word_1_546' title='bbox 3052 3984 3196 4038; x_wconf 81' lang='lat' dir='ltr'><strong>misit</strong></span> <span class='ocrx_word' id='word_1_547' title='bbox 3218 3994 3277 4037; x_wconf 85' lang='lat' dir='ltr'><strong>ut</strong></span> <span class='ocrx_word' id='word_1_548' title='bbox 3299 3983 3519 4039; x_wconf 79' lang='lat' dir='ltr'><strong>salraret</strong></span> <span class='ocrx_word' id='word_1_549' title='bbox 3547 3977 3749 4032; x_wconf 76' lang='lat' dir='ltr'><strong>homines.</strong></span> 
     </span>
    </p>
   </div>
   <div class='ocr_carea' id='block_1_74' title="bbox 1685 4056 3065 4125">
    <p class='ocr_par' dir='ltr' id='par_1_74' title="bbox 1685 4056 3065 4125">
     <span class='ocr_line' id='line_1_74' title="bbox 1685 4056 3065 4125; baseline -0.001 -15"><span class='ocrx_word' id='word_1_550' title='bbox 1685 4057 1975 4125; x_wconf 77' lang='lat' dir='ltr'><strong>Manifesta</strong></span> <span class='ocrx_word' id='word_1_551' title='bbox 2008 4056 2141 4110; x_wconf 81' lang='lat' dir='ltr'><strong>Filii</strong></span> <span class='ocrx_word' id='word_1_552' title='bbox 2175 4058 2427 4111; x_wconf 79' lang='lat' dir='ltr'><strong>adventus</strong></span> <span class='ocrx_word' id='word_1_553' title='bbox 2460 4056 2677 4109; x_wconf 80' lang='lat' dir='ltr'><strong>iudicia.</strong></span> <span class='ocrx_word' id='word_1_554' title='bbox 3060 4067 3065 4071; x_wconf 85' lang='grc'><em>’</em></span> 
     </span>
    </p>
   </div>
   <div class='ocr_carea' id='block_1_75' title="bbox 632 4164 2227 4245">
    <p class='ocr_par' dir='ltr' id='par_1_75' title="bbox 632 4172 2204 4240">
     <span class='ocr_line' id='line_1_75' title="bbox 632 4172 2204 4240; baseline 0.001 -9"><span class='ocrx_word' id='word_1_555' title='bbox 632 4177 749 4231; x_wconf 82' lang='lat' dir='ltr'><strong>Non</strong></span> <span class='ocrx_word' id='word_1_556' title='bbox 793 4176 936 4231; x_wconf 91' lang='lat' dir='ltr'><strong>enim</strong></span> <span class='ocrx_word' id='word_1_557' title='bbox 984 4183 1283 4234; x_wconf 84' lang='lat' dir='ltr'><strong>terrenum.</strong></span> <span class='ocrx_word' id='word_1_558' title='bbox 1313 4182 1374 4227; x_wconf 91' lang='lat' dir='ltr'><strong>ut</strong></span> <span class='ocrx_word' id='word_1_559' title='bbox 1409 4172 1545 4240; x_wconf 79' lang='lat' dir='ltr'><strong>dixi,</strong></span> <span class='ocrx_word' id='word_1_560' title='bbox 1574 4174 1853 4228; x_wconf 89' lang='lat' dir='ltr'><strong>inventum</strong></span> <span class='ocrx_word' id='word_1_561' title='bbox 1885 4174 1991 4229; x_wconf 91' lang='lat' dir='ltr'><strong>hoc</strong></span> <span class='ocrx_word' id='word_1_562' title='bbox 2020 4174 2129 4229; x_wconf 89' lang='lat' dir='ltr'><strong>illis</strong></span> <span class='ocrx_word' id='word_1_563' title='bbox 2161 4179 2204 4232; x_wconf 80' lang='grc' dir='ltr'><strong>Ι)</strong></span> 
     </span>
    </p>
   </div>
   <div class='ocr_carea' id='block_1_76' title="bbox 2154 4164 3749 4245">
    <p class='ocr_par' dir='ltr' id='par_1_76' title="bbox 2161 4164 3749 4245">
     <span class='ocr_line' id='line_1_76' title="bbox 2161 4164 3749 4245; baseline -0.01 -15"><span class='ocrx_word' id='word_1_564' title='bbox 2161 4179 2204 4232; x_wconf 88' lang='lat' dir='ltr'><strong>D</strong></span> <span class='ocrx_word' id='word_1_565' title='bbox 2302 4176 2377 4229; x_wconf 83' lang='grc' dir='ltr'><strong>Οὐ</strong></span> <span class='ocrx_word' id='word_1_566' title='bbox 2424 4174 2535 4245; x_wconf 78' lang='grc' dir='ltr'><strong>γὰρ</strong></span> <span class='ocrx_word' id='word_1_567' title='bbox 2573 4174 2833 4241; x_wconf 80' lang='grc' dir='ltr'>ἐπίγειον,</span> <span class='ocrx_word' id='word_1_568' title='bbox 2876 4173 2953 4237; x_wconf 85' lang='grc' dir='ltr'>ὼς</span> <span class='ocrx_word' id='word_1_569' title='bbox 2993 4172 3149 4244; x_wconf 76' lang='grc' dir='ltr'>ἔφην,</span> <span class='ocrx_word' id='word_1_570' title='bbox 3192 4172 3411 4243; x_wconf 72' lang='grc' dir='ltr'>εὕρημα</span> <span class='ocrx_word' id='word_1_571' title='bbox 3444 4166 3580 4223; x_wconf 78' lang='grc' dir='ltr'>τοῦτ’</span> <span class='ocrx_word' id='word_1_572' title='bbox 3612 4164 3749 4222; x_wconf 79' lang='grc' dir='ltr'>αὐτοῖς</span> 
     </span>
    </p>
   </div>
   <div class='ocr_carea' id='block_1_77' title="bbox 562 4254 2157 4337">
    <p class='ocr_par' dir='ltr' id='par_1_77' title="bbox 562 4263 2133 4334">
     <span class='ocr_line' id='line_1_77' title="bbox 562 4263 2133 4334; baseline -0.002 -11"><span class='ocrx_word' id='word_1_573' title='bbox 562 4270 822 4325; x_wconf 87' lang='lat' dir='ltr'><strong>traditum</strong></span> <span class='ocrx_word' id='word_1_574' title='bbox 876 4276 994 4331; x_wconf 89' lang='lat' dir='ltr'><strong>est;</strong></span> <span class='ocrx_word' id='word_1_575' title='bbox 1050 4279 1226 4334; x_wconf 84' lang='lat' dir='ltr'><strong>neque</strong></span> <span class='ocrx_word' id='word_1_576' title='bbox 1280 4263 1534 4318; x_wconf 88' lang='lat' dir='ltr'><strong>mortalis</strong></span> <span class='ocrx_word' id='word_1_577' title='bbox 1583 4273 1667 4318; x_wconf 86' lang='lat' dir='ltr'><strong>est</strong></span> <span class='ocrx_word' id='word_1_578' title='bbox 1721 4266 2133 4331; x_wconf 86' lang='lat' dir='ltr'><strong>commentatio,</strong></span> 
     </span>
    </p>
   </div>
   <div class='ocr_carea' id='block_1_78' title="bbox 2155 4254 3750 4337">
    <p class='ocr_par' dir='ltr' id='par_1_78' title="bbox 2242 4254 3750 4337">
     <span class='ocr_line' id='line_1_78' title="bbox 2242 4254 3750 4337; baseline -0.011 -16"><span class='ocrx_word' id='word_1_579' title='bbox 2242 4266 2548 4337; x_wconf 81' lang='grc' dir='ltr'>παρεδόθη·</span> <span class='ocrx_word' id='word_1_580' title='bbox 2598 4264 2718 4318; x_wconf 75' lang='grc' dir='ltr'>οὐδὲ</span> <span class='ocrx_word' id='word_1_581' title='bbox 2768 4263 2968 4336; x_wconf 79' lang='grc' dir='ltr'>θνητήν</span> <span class='ocrx_word' id='word_1_582' title='bbox 3014 4264 3258 4317; x_wconf 75' lang='grc' dir='ltr'>ἐπίνοιαν</span> <span class='ocrx_word' id='word_1_583' title='bbox 3309 4262 3585 4331; x_wconf 79' lang='grc' dir='ltr'>φυλάσσειν</span> <span class='ocrx_word' id='word_1_584' title='bbox 3623 4254 3750 4313; x_wconf 80' lang='grc' dir='ltr'>οὕτως</span> 
     </span>
    </p>
   </div>
   <div class='ocr_carea' id='block_1_79' title="bbox 560 4346 2155 4432">
    <p class='ocr_par' dir='ltr' id='par_1_79' title="bbox 560 4355 2131 4432">
     <span class='ocr_line' id='line_1_79' title="bbox 560 4355 2131 4432; baseline -0.001 -17"><span class='ocrx_word' id='word_1_585' title='bbox 560 4377 725 4432; x_wconf 89' lang='lat' dir='ltr'><strong>quam</strong></span> <span class='ocrx_word' id='word_1_586' title='bbox 773 4359 908 4414; x_wconf 89' lang='lat' dir='ltr'><strong>adeo</strong></span> <span class='ocrx_word' id='word_1_587' title='bbox 952 4365 1206 4412; x_wconf 81' lang='lat' dir='ltr'><strong>accurate</strong></span> <span class='ocrx_word' id='word_1_588' title='bbox 1260 4355 1671 4410; x_wconf 85' lang='lat' dir='ltr'><strong>custodiendam</strong></span> <span class='ocrx_word' id='word_1_589' title='bbox 1721 4358 1824 4411; x_wconf 93' lang='lat' dir='ltr'><strong>sibi</strong></span> <span class='ocrx_word' id='word_1_590' title='bbox 1880 4368 2131 4425; x_wconf 85' lang='lat' dir='ltr'><strong>censent;</strong></span> 
     </span>
    </p>
   </div>
   <div class='ocr_carea' id='block_1_80' title="bbox 2155 4346 3750 4432">
    <p class='ocr_par' dir='ltr' id='par_1_80' title="bbox 2240 4346 3750 4429">
     <span class='ocr_line' id='line_1_80' title="bbox 2240 4346 3750 4429; baseline -0.017 -3"><span class='ocrx_word' id='word_1_591' title='bbox 2240 4358 2481 4425; x_wconf 71' lang='grc' dir='ltr'><strong>ἀξιοῦσιν</strong></span> <span class='ocrx_word' id='word_1_592' title='bbox 2541 4358 2850 4429; x_wconf 74' lang='grc' dir='ltr'>ἐπιμελῶς,</span> <span class='ocrx_word' id='word_1_593' title='bbox 2912 4357 3032 4411; x_wconf 66' lang='grc' dir='ltr'>οὐδὲ</span> <span class='ocrx_word' id='word_1_594' title='bbox 3094 4355 3441 4424; x_wconf 82' lang='grc' dir='ltr'>ἀνθρωπίνων</span> <span class='ocrx_word' id='word_1_595' title='bbox 3499 4346 3750 4417; x_wconf 72' lang='grc' dir='ltr'>οἰκονομίαν</span> 
     </span>
    </p>
   </div>
   <div class='ocr_carea' id='block_1_81' title="bbox 563 4440 2158 4524">
    <p class='ocr_par' dir='ltr' id='par_1_81' title="bbox 563 4449 2135 4524">
     <span class='ocr_line' id='line_1_81' title="bbox 563 4449 2135 4524; baseline -0.003 -13"><span class='ocrx_word' id='word_1_596' title='bbox 563 4470 741 4524; x_wconf 80' lang='lat' dir='ltr'><strong>neque</strong></span> <span class='ocrx_word' id='word_1_597' title='bbox 790 4454 1159 4507; x_wconf 87' lang='lat' dir='ltr'><strong>humanorum</strong></span> <span class='ocrx_word' id='word_1_598' title='bbox 1216 4449 1601 4523; x_wconf 85' lang='lat' dir='ltr'><strong>mysteriorum</strong></span> <span class='ocrx_word' id='word_1_599' title='bbox 1658 4450 1960 4505; x_wconf 82' lang='lat' dir='ltr'><strong>(economia</strong></span> <span class='ocrx_word' id='word_1_600' title='bbox 2026 4452 2135 4507; x_wconf 88' lang='lat' dir='ltr'><strong>illis</strong></span> 
     </span>
    </p>
   </div>
   <div class='ocr_carea' id='block_1_82' title="bbox 2155 4440 3750 4524">
    <p class='ocr_par' dir='ltr' id='par_1_82' title="bbox 2243 4440 3750 4523">
     <span class='ocr_line' id='line_1_82' title="bbox 2243 4440 3750 4523; baseline -0.006 -20"><span class='ocrx_word' id='word_1_601' title='bbox 2243 4451 2555 4523; x_wconf 86' lang='grc' dir='ltr'>μυστηρίων</span> <span class='ocrx_word' id='word_1_602' title='bbox 2585 4451 2975 4504; x_wconf 85' lang='grc' dir='ltr'>πεπίστευνται</span> <span class='ocrx_word' id='word_1_603' title='bbox 2998 4466 3011 4480; x_wconf 77' lang='grc' dir='ltr'><strong>ο</strong></span> <span class='ocrx_word' id='word_1_604' title='bbox 3031 4448 3145 4501; x_wconf 72' lang='grc' dir='ltr'>ἀλλ’</span> <span class='ocrx_word' id='word_1_605' title='bbox 3173 4448 3336 4512; x_wconf 78' lang='grc' dir='ltr'>αὐτὸς</span> <span class='ocrx_word' id='word_1_606' title='bbox 3361 4449 3389 4500; x_wconf 86' lang='grc' dir='ltr'><strong>ὁ</strong></span> <span class='ocrx_word' id='word_1_607' title='bbox 3416 4440 3750 4511; x_wconf 73' lang='grc' dir='ltr'>παντοκράτωρ</span> 
     </span>
    </p>
   </div>
   <div class='ocr_carea' id='block_1_83' title="bbox 561 4525 2156 4614">
    <p class='ocr_par' dir='ltr' id='par_1_83' title="bbox 561 4539 2131 4611">
     <span class='ocr_line' id='line_1_83' title="bbox 561 4539 2131 4611; baseline -0.003 -12"><span class='ocrx_word' id='word_1_608' title='bbox 561 4546 857 4600; x_wconf 88' lang='lat' dir='ltr'><strong>commissa</strong></span> <span class='ocrx_word' id='word_1_609' title='bbox 890 4553 1007 4609; x_wconf 89' lang='lat' dir='ltr'><strong>est;</strong></span> <span class='ocrx_word' id='word_1_610' title='bbox 1053 4541 1148 4596; x_wconf 89' lang='lat' dir='ltr'><strong>sed</strong></span> <span class='ocrx_word' id='word_1_611' title='bbox 1185 4542 1301 4611; x_wconf 88' lang='lat' dir='ltr'><strong>ipse</strong></span> <span class='ocrx_word' id='word_1_612' title='bbox 1326 4556 1454 4595; x_wconf 86' lang='lat' dir='ltr'><strong>vere</strong></span> <span class='ocrx_word' id='word_1_613' title='bbox 1483 4539 1649 4605; x_wconf 88' lang='lat' dir='ltr'><strong>Deus,</strong></span> <span class='ocrx_word' id='word_1_614' title='bbox 1684 4540 1779 4610; x_wconf 89' lang='lat' dir='ltr'><strong>qui</strong></span> <span class='ocrx_word' id='word_1_615' title='bbox 1823 4551 1908 4597; x_wconf 91' lang='lat' dir='ltr'><strong>est</strong></span> <span class='ocrx_word' id='word_1_616' title='bbox 1949 4542 2131 4596; x_wconf 90' lang='lat' dir='ltr'><strong>omni-</strong></span> 
     </span>
    </p>
   </div>
   <div class='ocr_carea' id='block_1_84' title="bbox 2154 4525 3749 4614">
    <p class='ocr_par' dir='ltr' id='par_1_84' title="bbox 2238 4525 3749 4614">
     <span class='ocr_line' id='line_1_84' title="bbox 2238 4525 3749 4614; baseline 0.004 -19"><span class='ocrx_word' id='word_1_617' title='bbox 2238 4543 2333 4597; x_wconf 72' lang='lat' dir='ltr'><strong>xui.</strong></span> <span class='ocrx_word' id='word_1_618' title='bbox 2371 4544 2764 4614; x_wconf 85' lang='grc' dir='ltr'>παντοκτίστης</span> <span class='ocrx_word' id='word_1_619' title='bbox 2808 4543 2901 4596; x_wconf 77' lang='grc' dir='ltr'><strong>καὶ</strong></span> <span class='ocrx_word' id='word_1_620' title='bbox 2939 4541 3168 4613; x_wconf 85' lang='grc' dir='ltr'>ἀόρατος</span> <span class='ocrx_word' id='word_1_621' title='bbox 3200 4540 3351 4604; x_wconf 73' lang='grc' dir='ltr'><strong>Θεὸς,</strong></span> <span class='ocrx_word' id='word_1_622' title='bbox 3388 4537 3537 4598; x_wconf 71' lang='grc' dir='ltr'>αὐτὸς</span> <span class='ocrx_word' id='word_1_623' title='bbox 3571 4530 3653 4585; x_wconf 78' lang='grc' dir='ltr'><strong>ἀπ’</strong></span> <span class='ocrx_word' id='word_1_624' title='bbox 3682 4525 3749 4614; x_wconf 59' lang='grc' dir='ltr'><strong>θῦέ</strong></span> 
     </span>
    </p>
   </div>
   <div class='ocr_carea' id='block_1_85' title="bbox 563 4612 2158 4710">
    <p class='ocr_par' dir='ltr' id='par_1_85' title="bbox 563 4631 2136 4704">
     <span class='ocr_line' id='line_1_85' title="bbox 563 4631 2136 4704; baseline 0 -16"><span class='ocrx_word' id='word_1_625' title='bbox 563 4646 787 4704; x_wconf 80' lang='lat' dir='ltr'><strong>potens,</strong></span> <span class='ocrx_word' id='word_1_626' title='bbox 822 4642 877 4687; x_wconf 92' lang='lat' dir='ltr'><strong>et</strong></span> <span class='ocrx_word' id='word_1_627' title='bbox 920 4633 1165 4686; x_wconf 90' lang='lat' dir='ltr'><strong>omnium</strong></span> <span class='ocrx_word' id='word_1_628' title='bbox 1211 4631 1483 4697; x_wconf 90' lang='lat' dir='ltr'><strong>conditor,</strong></span> <span class='ocrx_word' id='word_1_629' title='bbox 1518 4647 1582 4686; x_wconf 91' lang='lat' dir='ltr'><strong>ac</strong></span> <span class='ocrx_word' id='word_1_630' title='bbox 1612 4632 1922 4697; x_wconf 87' lang='lat' dir='ltr'><strong>invisibilis,</strong></span> <span class='ocrx_word' id='word_1_631' title='bbox 1958 4649 1989 4687; x_wconf 92' lang='lat' dir='ltr'><strong>e</strong></span> <span class='ocrx_word' id='word_1_632' title='bbox 2024 4649 2136 4689; x_wconf 78' lang='lat' dir='ltr'><strong>cce-</strong></span> 
     </span>
    </p>
   </div>
   <div class='ocr_carea' id='block_1_86' title="bbox 2152 4612 3747 4710">
    <p class='ocr_par' dir='ltr' id='par_1_86' title="bbox 2239 4612 3747 4710">
     <span class='ocr_line' id='line_1_86' title="bbox 2239 4612 3747 4710; baseline -0.007 -19"><span class='ocrx_word' id='word_1_633' title='bbox 2239 4637 2415 4710; x_wconf 80' lang='grc' dir='ltr'>ρανῶν</span> <span class='ocrx_word' id='word_1_634' title='bbox 2454 4636 2554 4708; x_wconf 82' lang='grc' dir='ltr'><strong>τὴν</strong></span> <span class='ocrx_word' id='word_1_635' title='bbox 2587 4612 2865 4706; x_wconf 82' lang='grc' dir='ltr'>Ἀλήθειαν</span> <span class='ocrx_word' id='word_1_636' title='bbox 2908 4612 3135 4688; x_wconf 78' lang='grc' dir='ltr'>καὶτὸν</span> <span class='ocrx_word' id='word_1_637' title='bbox 3173 4632 3345 4701; x_wconf 84' lang='grc' dir='ltr'>Λόγον</span> <span class='ocrx_word' id='word_1_638' title='bbox 3383 4630 3470 4684; x_wconf 83' lang='grc' dir='ltr'><strong>τὸν</strong></span> <span class='ocrx_word' id='word_1_639' title='bbox 3510 4628 3645 4694; x_wconf 75' lang='grc' dir='ltr'>ἅγιον</span> <span class='ocrx_word' id='word_1_640' title='bbox 3669 4612 3747 4690; x_wconf 66' lang='grc'>(66)</span> 
     </span>
    </p>
   </div>
   <div class='ocr_carea' id='block_1_87' title="bbox 562 4719 2157 4801">
    <p class='ocr_par' dir='ltr' id='par_1_87' title="bbox 562 4722 2135 4795">
     <span class='ocr_line' id='line_1_87' title="bbox 562 4722 2135 4795; baseline -0.001 -14"><span class='ocrx_word' id='word_1_641' title='bbox 562 4729 633 4781; x_wconf 88' lang='lat' dir='ltr'><strong>lis</strong></span> <span class='ocrx_word' id='word_1_642' title='bbox 662 4726 958 4781; x_wconf 78' lang='lat' dir='ltr'><strong>Veritatem</strong></span> <span class='ocrx_word' id='word_1_643' title='bbox 1003 4732 1059 4778; x_wconf 89' lang='lat' dir='ltr'><strong>et</strong></span> <span class='ocrx_word' id='word_1_644' title='bbox 1082 4722 1319 4778; x_wconf 81' lang='lat' dir='ltr'><strong>Verbum</strong></span> <span class='ocrx_word' id='word_1_645' title='bbox 1352 4722 1558 4778; x_wconf 83' lang='lat' dir='ltr'><strong>factum</strong></span> <span class='ocrx_word' id='word_1_646' title='bbox 1605 4741 1669 4780; x_wconf 91' lang='lat' dir='ltr'><strong>ac</strong></span> <span class='ocrx_word' id='word_1_647' title='bbox 1709 4725 2135 4795; x_wconf 87' lang='lat' dir='ltr'><strong>incomprehen-</strong></span> 
     </span>
    </p>
   </div>
   <div class='ocr_carea' id='block_1_88' title="bbox 2150 4719 3745 4801">
    <p class='ocr_par' dir='ltr' id='par_1_88' title="bbox 2239 4719 3745 4801">
     <span class='ocr_line' id='line_1_88' title="bbox 2239 4719 3745 4801; baseline -0.011 -18"><span class='ocrx_word' id='word_1_648' title='bbox 2239 4731 2333 4785; x_wconf 75' lang='grc' dir='ltr'>καὶ</span> <span class='ocrx_word' id='word_1_649' title='bbox 2374 4728 2727 4801; x_wconf 87' lang='grc' dir='ltr'>ἀπερινόητον</span> <span class='ocrx_word' id='word_1_650' title='bbox 2773 4724 3079 4798; x_wconf 82' lang='grc' dir='ltr'>ἀνθρώποις</span> <span class='ocrx_word' id='word_1_651' title='bbox 3125 4725 3411 4794; x_wconf 79' lang='grc' dir='ltr'>ἐνίδρυται,</span> <span class='ocrx_word' id='word_1_652' title='bbox 3447 4720 3532 4773; x_wconf 74' lang='grc' dir='ltr'><strong>καὶ</strong></span> <span class='ocrx_word' id='word_1_653' title='bbox 3564 4719 3745 4784; x_wconf 76' lang='grc' dir='ltr'>ἐγκατε-</span> 
     </span>
    </p>
   </div>
   <div class='ocr_carea' id='block_1_89' title="bbox 563 4805 2158 4891">
    <p class='ocr_par' dir='ltr' id='par_1_89' title="bbox 563 4818 2132 4885">
     <span class='ocr_line' id='line_1_89' title="bbox 563 4818 2132 4885; baseline -0.003 -6"><span class='ocrx_word' id='word_1_654' title='bbox 563 4822 720 4879; x_wconf 82' lang='lat' dir='ltr'><strong>sibile</strong></span> <span class='ocrx_word' id='word_1_655' title='bbox 753 4822 893 4876; x_wconf 85' lang='lat' dir='ltr'><strong>inter</strong></span> <span class='ocrx_word' id='word_1_656' title='bbox 918 4820 1169 4876; x_wconf 86' lang='lat' dir='ltr'><strong>homines</strong></span> <span class='ocrx_word' id='word_1_657' title='bbox 1201 4818 1421 4885; x_wconf 86' lang='lat' dir='ltr'><strong>locavit,</strong></span> <span class='ocrx_word' id='word_1_658' title='bbox 1462 4830 1516 4875; x_wconf 91' lang='lat' dir='ltr'><strong>et</strong></span> <span class='ocrx_word' id='word_1_659' title='bbox 1556 4821 1610 4875; x_wconf 92' lang='lat' dir='ltr'><strong>in</strong></span> <span class='ocrx_word' id='word_1_660' title='bbox 1638 4822 1898 4877; x_wconf 90' lang='lat' dir='ltr'><strong>cordibus</strong></span> <span class='ocrx_word' id='word_1_661' title='bbox 1940 4836 2132 4876; x_wconf 84' lang='lat' dir='ltr'><strong>eorum</strong></span> 
     </span>
    </p>
   </div>
   <div class='ocr_carea' id='block_1_90' title="bbox 2152 4805 3747 4891">
    <p class='ocr_par' dir='ltr' id='par_1_90' title="bbox 2240 4805 3747 4891">
     <span class='ocr_line' id='line_1_90' title="bbox 2240 4805 3747 4891; baseline -0.011 -17"><span class='ocrx_word' id='word_1_662' title='bbox 2240 4819 2458 4891; x_wconf 79' lang='grc' dir='ltr'>στήριξε</span> <span class='ocrx_word' id='word_1_663' title='bbox 2500 4822 2620 4883; x_wconf 86' lang='grc' dir='ltr'>ταῖς</span> <span class='ocrx_word' id='word_1_664' title='bbox 2660 4817 2905 4889; x_wconf 88' lang='grc' dir='ltr'>καρδίαις</span> <span class='ocrx_word' id='word_1_665' title='bbox 2946 4816 3162 4869; x_wconf 84' lang='grc' dir='ltr'>αὐτῶν·</span> <span class='ocrx_word' id='word_1_666' title='bbox 3210 4816 3293 4877; x_wconf 80' lang='grc' dir='ltr'><strong>οὐ,</strong></span> <span class='ocrx_word' id='word_1_667' title='bbox 3336 4811 3566 4879; x_wconf 86' lang='grc' dir='ltr'>καθάπερ</span> <span class='ocrx_word' id='word_1_668' title='bbox 3602 4805 3658 4859; x_wconf 81' lang='grc' dir='ltr'>ἄν</span> <span class='ocrx_word' id='word_1_669' title='bbox 3688 4813 3747 4858; x_wconf 74' lang='grc' dir='ltr'>τις</span> 
     </span>
    </p>
   </div>
   <div class='ocr_carea' id='block_1_91' title="bbox 562 4894 2157 4986">
    <p class='ocr_par' dir='ltr' id='par_1_91' title="bbox 562 4915 2133 4986">
     <span class='ocr_line' id='line_1_91' title="bbox 562 4915 2133 4986; baseline -0.002 -13"><span class='ocrx_word' id='word_1_670' title='bbox 562 4920 778 4973; x_wconf 81' lang='lat' dir='ltr'><strong>ﬁrmam</strong></span> <span class='ocrx_word' id='word_1_671' title='bbox 815 4916 1016 4971; x_wconf 89' lang='lat' dir='ltr'><strong>habere</strong></span> <span class='ocrx_word' id='word_1_672' title='bbox 1058 4915 1241 4971; x_wconf 88' lang='lat' dir='ltr'><strong>sedem</strong></span> <span class='ocrx_word' id='word_1_673' title='bbox 1270 4916 1446 4972; x_wconf 88' lang='lat' dir='ltr'><strong>voluit</strong></span> <span class='ocrx_word' id='word_1_674' title='bbox 1471 4936 1483 4972; x_wconf 90' lang='lat'>:</span> <span class='ocrx_word' id='word_1_675' title='bbox 1512 4932 1643 4981; x_wconf 90' lang='lat' dir='ltr'><strong>non,</strong></span> <span class='ocrx_word' id='word_1_676' title='bbox 1669 4916 2133 4986; x_wconf 89' lang='lat' dir='ltr'><strong>quemadmodum</strong></span> 
     </span>
    </p>
   </div>
   <div class='ocr_carea' id='block_1_92' title="bbox 2151 4894 3746 4986">
    <p class='ocr_par' dir='ltr' id='par_1_92' title="bbox 2238 4894 3746 4981">
     <span class='ocr_line' id='line_1_92' title="bbox 2238 4894 3746 4981; baseline -0.007 -14"><span class='ocrx_word' id='word_1_677' title='bbox 2238 4913 2527 4975; x_wconf 80' lang='grc' dir='ltr'>εἰκάσειεν,</span> <span class='ocrx_word' id='word_1_678' title='bbox 2572 4909 2878 4981; x_wconf 86' lang='grc' dir='ltr'>ἀνθρώποις</span> <span class='ocrx_word' id='word_1_679' title='bbox 2920 4906 3200 4978; x_wconf 83' lang='grc' dir='ltr'>ὑπηρέτην</span> <span class='ocrx_word' id='word_1_680' title='bbox 3225 4905 3346 4959; x_wconf 84' lang='grc' dir='ltr'>τινὰ</span> <span class='ocrx_word' id='word_1_681' title='bbox 3382 4894 3746 4973; x_wconf 68' lang='grc' dir='ltr'>πέμψας,ῆᾶτ·</span> 
     </span>
    </p>
   </div>
   <div class='ocr_carea' id='block_1_93' title="bbox 564 4991 2159 5083">
    <p class='ocr_par' dir='ltr' id='par_1_93' title="bbox 564 5009 2135 5083">
     <span class='ocr_line' id='line_1_93' title="bbox 564 5009 2135 5083; baseline -0.003 -15"><span class='ocrx_word' id='word_1_682' title='bbox 564 5013 765 5083; x_wconf 88' lang='lat' dir='ltr'><strong>aliquis</strong></span> <span class='ocrx_word' id='word_1_683' title='bbox 792 5010 1067 5081; x_wconf 77' lang='lat' dir='ltr'><strong>conjicere</strong></span> <span class='ocrx_word' id='word_1_684' title='bbox 1097 5009 1298 5080; x_wconf 89' lang='lat' dir='ltr'><strong>possit,</strong></span> <span class='ocrx_word' id='word_1_685' title='bbox 1330 5009 1502 5065; x_wconf 89' lang='lat' dir='ltr'><strong>misso</strong></span> <span class='ocrx_word' id='word_1_686' title='bbox 1529 5009 1849 5066; x_wconf 91' lang='lat' dir='ltr'><strong>hominibus</strong></span> <span class='ocrx_word' id='word_1_687' title='bbox 1883 5009 2135 5067; x_wconf 88' lang='lat' dir='ltr'><strong>ministro</strong></span> 
     </span>
    </p>
   </div>
   <div class='ocr_carea' id='block_1_94' title="bbox 2147 4991 3742 5083">
    <p class='ocr_par' dir='ltr' id='par_1_94' title="bbox 2241 4991 3742 5078">
     <span class='ocr_line' id='line_1_94' title="bbox 2241 4991 3742 5078; baseline -0.011 -16"><span class='ocrx_word' id='word_1_688' title='bbox 2241 5007 2419 5078; x_wconf 90' lang='grc' dir='ltr'>γελον,</span> <span class='ocrx_word' id='word_1_689' title='bbox 2457 5006 2491 5078; x_wconf 80' lang='grc' dir='ltr'>ἦ</span> <span class='ocrx_word' id='word_1_690' title='bbox 2517 5006 2775 5077; x_wconf 85' lang='grc' dir='ltr'>ἄρχοντα,</span> <span class='ocrx_word' id='word_1_691' title='bbox 2814 5003 2848 5076; x_wconf 77' lang='grc' dir='ltr'>ἢ</span> <span class='ocrx_word' id='word_1_692' title='bbox 2878 5002 3001 5057; x_wconf 82' lang='grc' dir='ltr'>τινὰ</span> <span class='ocrx_word' id='word_1_693' title='bbox 3025 5001 3136 5058; x_wconf 86' lang='grc' dir='ltr'>τῶν</span> <span class='ocrx_word' id='word_1_694' title='bbox 3168 4999 3451 5054; x_wconf 85' lang='grc' dir='ltr'>διεπόντων</span> <span class='ocrx_word' id='word_1_695' title='bbox 3471 4994 3535 5049; x_wconf 77' lang='grc' dir='ltr'><strong>τὰ</strong></span> <span class='ocrx_word' id='word_1_696' title='bbox 3556 4991 3742 5058; x_wconf 69' lang='grc' dir='ltr'>ἐπίγεια,</span> 
     </span>
    </p>
   </div>
   <div class='ocr_carea' id='block_1_95' title="bbox 627 5189 1369 5257">
    <p class='ocr_par' dir='ltr' id='par_1_95' title="bbox 627 5189 1369 5257">
     <span class='ocr_line' id='line_1_95' title="bbox 627 5189 1369 5257; baseline -0.008 -7"><span class='ocrx_word' id='word_1_697' title='bbox 627 5195 650 5228; x_wconf 86' lang='grc'><strong>⁹</strong></span> <span class='ocrx_word' id='word_1_698' title='bbox 679 5192 837 5249; x_wconf 84' lang='lat' dir='ltr'><strong>Joan.</strong></span> <span class='ocrx_word' id='word_1_699' title='bbox 872 5207 1005 5257; x_wconf 80' lang='lat' dir='ltr'><strong>xvn,</strong></span> <span class='ocrx_word' id='word_1_700' title='bbox 1045 5190 1127 5257; x_wconf 87' lang='lat' dir='ltr'><strong>II,</strong></span> <span class='ocrx_word' id='word_1_701' title='bbox 1162 5190 1248 5257; x_wconf 74' lang='lat' dir='ltr'><strong>M,</strong></span> <span class='ocrx_word' id='word_1_702' title='bbox 1281 5189 1369 5245; x_wconf 72' lang='lat' dir='ltr'><strong>Ili.</strong></span> 
     </span>
    </p>
   </div>
   <div class='ocr_carea' id='block_1_96' title="bbox 566 5338 2161 5424">
    <p class='ocr_par' dir='ltr' id='par_1_96' title="bbox 566 5343 2127 5424">
     <span class='ocr_line' id='line_1_96' title="bbox 566 5343 2127 5424; baseline -0.007 -15"><span class='ocrx_word' id='word_1_703' title='bbox 566 5354 899 5424; x_wconf 86' lang='lat' dir='ltr'><strong>Stephanus,</strong></span> <span class='ocrx_word' id='word_1_704' title='bbox 933 5351 1163 5406; x_wconf 83' lang='lat' dir='ltr'><strong>Mendici</strong></span> <span class='ocrx_word' id='word_1_705' title='bbox 1194 5361 1335 5404; x_wconf 84' lang='lat' dir='ltr'><strong>sunt.</strong></span> <span class='ocrx_word' id='word_1_706' title='bbox 1360 5346 1729 5424; x_wconf 59' lang='lat' dir='ltr'><strong>M_AnAn._i_big.</strong></span> <span class='ocrx_word' id='word_1_707' title='bbox 1756 5343 2127 5424; x_wconf 35' lang='lat' dir='ltr'><strong>—-llaac_‘scr_i-</strong></span> 
     </span>
    </p>
   </div>
   <div class='ocr_carea' id='block_1_97' title="bbox 2138 5338 3733 5424">
    <p class='ocr_par' dir='ltr' id='par_1_97' title="bbox 2306 5338 3733 5424">
     <span class='ocr_line' id='line_1_97' title="bbox 2306 5338 3733 5424; baseline -0.007 -25"><span class='ocrx_word' id='word_1_708' title='bbox 2456 5345 2772 5424; x_wconf 41' lang='lat' dir='ltr'><strong>nam“.</strong></span> <span class='ocrx_word' id='word_1_709' title='bbox 2814 5343 3004 5424; x_wconf 55' lang='lat' dir='ltr'><strong>Steph.</strong></span> <span class='ocrx_word' id='word_1_710' title='bbox 3029 5342 3241 5424; x_wconf 34' lang='lat' dir='ltr'><strong>mavult.</strong></span> <span class='ocrx_word' id='word_1_711' title='bbox 3269 5340 3363 5413; x_wconf 79' lang='grc' dir='ltr'>μὲν</span> <span class='ocrx_word' id='word_1_712' title='bbox 3384 5338 3542 5424; x_wconf 74' lang='grc' dir='ltr'>ὄντες.</span> <span class='ocrx_word' id='word_1_713' title='bbox 3588 5394 3733 5424; x_wconf 39' lang='grc' dir='ltr'><strong>’ΜΗ-ἐ</strong></span> 
     </span>
    </p>
   </div>
   <div class='ocr_carea' id='block_1_98' title="bbox 565 5401 3736 5491">
    <p class='ocr_par' dir='ltr' id='par_1_98' title="bbox 565 5401 3736 5491">
     <span class='ocr_line' id='line_1_98' title="bbox 565 5401 3736 5491; baseline -0.009 -12"><span class='ocrx_word' id='word_1_714' title='bbox 565 5401 1629 5491; x_wconf 50' lang='lat' dir='ltr'><strong>iéiié&#39;h&#39;d&#39;c‘iii&#39;réﬁi’éioiae‘régyioxnad&#39;It</strong></span> <span class='ocrx_word' id='word_1_715' title='bbox 1659 5416 1787 5472; x_wconf 92' lang='lat' dir='ltr'><strong>Cor.</strong></span> <span class='ocrx_word' id='word_1_716' title='bbox 1812 5432 1888 5491; x_wconf 75' lang='lat' dir='ltr'><strong>vr,</strong></span> <span class='ocrx_word' id='word_1_717' title='bbox 1924 5416 2029 5491; x_wconf 79' lang='lat' dir='ltr'><strong>Il)__:</strong></span> <span class='ocrx_word' id='word_1_718' title='bbox 2053 5416 2128 5491; x_wconf 72' lang='grc' dir='ltr'>ᾡς</span> <span class='ocrx_word' id='word_1_719' title='bbox 2257 5401 2817 5491; x_wconf 54' lang='lat' dir='ltr'><strong>_(6_5&#39;)__£vré_xovot.</strong></span> <span class='ocrx_word' id='word_1_720' title='bbox 2876 5401 3077 5470; x_wconf 73' lang='lat' dir='ltr'><strong>Eadem</strong></span> <span class='ocrx_word' id='word_1_721' title='bbox 3156 5401 3416 5468; x_wconf 79' lang='lat' dir='ltr'><strong>habemus</strong></span> <span class='ocrx_word' id='word_1_722' title='bbox 3480 5407 3532 5461; x_wconf 89' lang='lat' dir='ltr'><strong>in</strong></span> <span class='ocrx_word' id='word_1_723' title='bbox 3582 5401 3736 5456; x_wconf 83' lang='lat' dir='ltr'><strong>Justiui</strong></span> 
     </span>
    </p>
   </div>
   <div class='ocr_carea' id='block_1_99' title="bbox 565 5485 2160 5564">
    <p class='ocr_par' dir='ltr' id='par_1_99' title="bbox 565 5485 2133 5564">
     <span class='ocr_line' id='line_1_99' title="bbox 565 5485 2133 5564; baseline -0.005 -18"><span class='ocrx_word' id='word_1_724' title='bbox 565 5498 793 5564; x_wconf 72' lang='grc' dir='ltr'>πτωχοὶ,</span> <span class='ocrx_word' id='word_1_725' title='bbox 821 5485 1047 5557; x_wconf 75' lang='grc' dir='ltr'>πολλοὺς</span> <span class='ocrx_word' id='word_1_726' title='bbox 1069 5494 1126 5546; x_wconf 85' lang='grc' dir='ltr'><strong>δὲ</strong></span> <span class='ocrx_word' id='word_1_727' title='bbox 1148 5485 1571 5564; x_wconf 18' lang='grc' dir='ltr'>νπλουῇίζονταιε</span> <span class='ocrx_word' id='word_1_728' title='bbox 1608 5502 1731 5558; x_wconf 65' lang='lat' dir='ltr'><strong>quae</strong></span> <span class='ocrx_word' id='word_1_729' title='bbox 1778 5487 1944 5564; x_wconf 75' lang='lat' dir='ltr'><strong>verba</strong></span> <span class='ocrx_word' id='word_1_730' title='bbox 1977 5485 2133 5556; x_wconf 87' lang='lat' dir='ltr'><strong>Vulg.</strong></span> 
     </span>
    </p>
   </div>
   <div class='ocr_carea' id='block_1_100' title="bbox 1860 5485 3455 5564">
    <p class='ocr_par' dir='ltr' id='par_1_100' title="bbox 1861 5485 3455 5564">
     <span class='ocr_line' id='line_1_100' title="bbox 1861 5485 3455 5564; baseline -0.003 -24"><span class='ocrx_word' id='word_1_731' title='bbox 1861 5487 1944 5540; x_wconf 79' lang='lat' dir='ltr'><strong>&#39;ha</strong></span> <span class='ocrx_word' id='word_1_732' title='bbox 1977 5485 2133 5556; x_wconf 84' lang='lat' dir='ltr'><strong>Vulg.</strong></span> <span class='ocrx_word' id='word_1_733' title='bbox 2234 5485 2571 5564; x_wconf 24' lang='lat' dir='ltr'><strong>Apolilan.</strong></span> <span class='ocrx_word' id='word_1_734' title='bbox 2601 5485 2659 5564; x_wconf 58' lang='grc' dir='ltr'><strong>7Ζ</strong></span> <span class='ocrx_word' id='word_1_735' title='bbox 2870 5555 2918 5564; x_wconf 83' lang='lat'>__</span> <span class='ocrx_word' id='word_1_736' title='bbox 3092 5554 3123 5564; x_wconf 79' lang='lat'>_</span> <span class='ocrx_word' id='word_1_737' title='bbox 3221 5554 3237 5564; x_wconf 48' lang='lat'><em>.</em></span> <span class='ocrx_word' id='word_1_738' title='bbox 3445 5550 3455 5562; x_wconf 85' lang='lat'>_</span> 
     </span>
    </p>
   </div>
   <div class='ocr_carea' id='block_1_101' title="bbox 566 5543 3730 5633">
    <p class='ocr_par' dir='ltr' id='par_1_101' title="bbox 566 5543 3730 5633">
     <span class='ocr_line' id='line_1_101' title="bbox 566 5543 3730 5633; baseline -0.004 -14"><span class='ocrx_word' id='word_1_739' title='bbox 1236 5543 1434 5633; x_wconf 61' lang='grc' dir='ltr'><strong>ἐδέξω</strong></span> <span class='ocrx_word' id='word_1_740' title='bbox 1462 5543 1692 5633; x_wconf 52' lang='lat' dir='ltr'><strong>egente},</strong></span> <span class='ocrx_word' id='word_1_741' title='bbox 1735 5556 1930 5633; x_wconf 69' lang='lat' dir='ltr'><strong>multos</strong></span> <span class='ocrx_word' id='word_1_742' title='bbox 1958 5543 2138 5633; x_wconf 49' lang='lat' dir='ltr'><strong>autem</strong></span> <span class='ocrx_word' id='word_1_743' title='bbox 2274 5543 2437 5633; x_wconf 65' lang='grc' dir='ltr'><strong>Δ’(ἰίίἣΔ</strong></span> <span class='ocrx_word' id='word_1_744' title='bbox 2468 5543 2577 5633; x_wconf 59' lang='grc' dir='ltr'><strong>Ἰξὸν</strong></span> <span class='ocrx_word' id='word_1_745' title='bbox 2622 5556 2812 5628; x_wconf 80' lang='grc' dir='ltr'>ἅγιον.</span> <span class='ocrx_word' id='word_1_746' title='bbox 2834 5626 2845 5633; x_wconf 82' lang='lat'><strong>_</strong></span> <span class='ocrx_word' id='word_1_747' title='bbox 2870 5555 3051 5633; x_wconf 75' lang='lat' dir='ltr'><strong>Monet</strong></span> <span class='ocrx_word' id='word_1_748' title='bbox 3090 5554 3397 5633; x_wconf 68' lang='lat' dir='ltr'><strong>Stephanus</strong></span> <span class='ocrx_word' id='word_1_749' title='bbox 3533 5543 3635 5633; x_wconf 48' lang='lat' dir='ltr'><strong>Cliti:</strong></span> 
     </span>
    </p>
   </div>
   <div class='ocr_carea' id='block_1_102' title="bbox 568 5607 3730 5703">
    <p class='ocr_par' dir='ltr' id='par_1_102' title="bbox 568 5607 3730 5703">
     <span class='ocr_line' id='line_1_102' title="bbox 568 5607 3730 5703; baseline -0.007 -14"><span class='ocrx_word' id='word_1_750' title='bbox 568 5607 971 5703; x_wconf 54' lang='grc' dir='ltr'><strong>ῑεξῑιῖίέῖιῖηιῐί</strong></span> <span class='ocrx_word' id='word_1_751' title='bbox 1005 5607 2133 5703; x_wconf 51' lang='grc' dir='ltr'><strong>έίϊιῑιξχ·ιῆέιῖεῑτρεέδεῑιῑεπίέιίιειςεδραι</strong></span> <span class='ocrx_word' id='word_1_752' title='bbox 2234 5607 2348 5703; x_wconf 60' lang='lat' dir='ltr'><strong>me;</strong></span> <span class='ocrx_word' id='word_1_753' title='bbox 2371 5607 3391 5703; x_wconf 52' lang='grc' dir='ltr'><strong>ξιίεμῖςιτἐιυξξιῖρττίιι-είιιτιυίιίετκέσςίε</strong></span> <span class='ocrx_word' id='word_1_754' title='bbox 3428 5620 3635 5676; x_wconf 73' lang='lat' dir='ltr'><strong>litterati:</strong></span> <span class='ocrx_word' id='word_1_755' title='bbox 3660 5607 3730 5662; x_wconf 57' lang='grc' dir='ltr'><strong>ἀει</strong></span> 
     </span>
    </p>
   </div>
   <div class='ocr_carea' id='block_1_103' title="bbox 569 5696 2164 5775">
    <p class='ocr_par' dir='ltr' id='par_1_103' title="bbox 569 5696 2133 5775">
     <span class='ocr_line' id='line_1_103' title="bbox 569 5696 2133 5775; baseline -0.005 -17"><span class='ocrx_word' id='word_1_756' title='bbox 569 5696 755 5763; x_wconf 75' lang='lat' dir='ltr'><strong>auctor</strong></span> <span class='ocrx_word' id='word_1_757' title='bbox 788 5704 804 5757; x_wconf 89' lang='grc' dir='ltr'><strong>Ι</strong></span> <span class='ocrx_word' id='word_1_758' title='bbox 834 5705 964 5759; x_wconf 84' lang='lat' dir='ltr'><strong>Cor.</strong></span> <span class='ocrx_word' id='word_1_759' title='bbox 1017 5719 1090 5775; x_wconf 72' lang='lat' dir='ltr'><strong>tv,</strong></span> <span class='ocrx_word' id='word_1_760' title='bbox 1128 5701 1247 5775; x_wconf 33' lang='lat'><strong>1‘2,“</strong></span> <span class='ocrx_word' id='word_1_761' title='bbox 1270 5696 1692 5775; x_wconf 76' lang='grc' dir='ltr'>λοιδορούμενοι,</span> <span class='ocrx_word' id='word_1_762' title='bbox 1759 5696 2087 5771; x_wconf 82' lang='grc' dir='ltr'>εὐλογοῦμεν</span> <span class='ocrx_word' id='word_1_763' title='bbox 2120 5714 2133 5751; x_wconf 89' lang='lat'><strong>:</strong></span> 
     </span>
    </p>
   </div>
   <div class='ocr_carea' id='block_1_104' title="bbox 919 5696 2514 5775">
    <p class='ocr_par' dir='ltr' id='par_1_104' title="bbox 920 5696 2514 5775">
     <span class='ocr_line' id='line_1_104' title="bbox 920 5696 2514 5775; baseline -0.001 -18"><span class='ocrx_word' id='word_1_764' title='bbox 920 5722 964 5759; x_wconf 91' lang='lat' dir='ltr'><strong>r.</strong></span> <span class='ocrx_word' id='word_1_765' title='bbox 1017 5696 1692 5775; x_wconf 21' lang='grc' dir='ltr'>ιν,1⁴2,λλοιδορούμενοι,</span> <span class='ocrx_word' id='word_1_766' title='bbox 1759 5696 2133 5771; x_wconf 76' lang='grc' dir='ltr'>εὐλογοῦμενε</span> <span class='ocrx_word' id='word_1_767' title='bbox 2232 5698 2514 5773; x_wconf 83' lang='lat' dir='ltr'><strong>prehendi.</strong></span> 
     </span>
    </p>
   </div>
   <div class='ocr_carea' id='block_1_105' title="bbox 569 5772 1435 5839">
    <p class='ocr_par' dir='ltr' id='par_1_105' title="bbox 569 5772 1435 5839">
     <span class='ocr_line' id='line_1_105' title="bbox 569 5772 1435 5839; baseline -0.008 -5"><span class='ocrx_word' id='word_1_768' title='bbox 569 5775 962 5839; x_wconf 70' lang='lat' dir='ltr'><strong>Naledicimur,</strong></span> <span class='ocrx_word' id='word_1_769' title='bbox 991 5784 1036 5828; x_wconf 86' lang='lat' dir='ltr'><strong>ct</strong></span> <span class='ocrx_word' id='word_1_770' title='bbox 1071 5772 1435 5827; x_wconf 73' lang='lat' dir='ltr'><strong>benedicimut.</strong></span> 
     </span>
    </p>
   </div>
  </div>
