4038 6314
259 324 285 379 1
307 325 414 377 177
1422 326 1757 383 EPISTOLA
1799 327 1888 381 AD
1924 325 2349 384 DIOGNETUM.
3378 331 3403 386 1
3422 331 3519 387 178

244 441 285 513 ἢ
322 441 456 496 τινὰ
493 440 601 495 τῶν
638 440 1082 515 πεπιστευμένων
1119 441 1219 508 τὰς
1261 444 1319 497 ὲν
1358 444 1607 516 οὐρανοῖς
1639 446 1812 516 διοική

1946 446 2154 516 aliquo,
2188 457 2283 501 aut
2320 446 2534 518 angelo,
2566 447 2950 518 autprincipe,
2986 458 3082 505 aut
3118 447 3303 520 aliquo
3325 466 3517 506 eorum

247 552 403 599 σεις,
450 534 563 589 ἀλλ’
610 535 771 588 αὑτὸν
813 534 904 589 τὸν
946 537 1193 608 τεχνίτην
1234 538 1327 591 καὶ
1362 537 1691 609 δημιουργὸν
1731 539 1814 591 τῶ·

1940 537 2032 606 qui
2066 547 2280 591 terrena
2310 538 2640 606 gubernant,
2673 547 2769 592 aut
2797 538 3056 608 quopiam
3103 555 3291 594 eorum
3317 541 3519 609 quibus

243 630 401 685 ὅλων
419 647 434 663 ·
457 622 500 697 ᾧ
520 628 647 692 τοὺς
670 629 931 701 οὐρανοὺς
953 630 1186 696 ἔκτισεν,
1207 625 1251 700 ᾧ
1269 631 1366 703 τὴν
1389 632 1659 687 Θάλασσαν
1688 633 1839 697 ἰδίοις

238 720 409 792 ὅροις
456 720 791 775 ἐνέκλεισεν·
847 714 908 776 οῦ
961 720 1031 776 τά
1082 725 1356 795 μυστήρια
1404 724 1609 789 πιστῶς
1662 727 1837 781 πάντα

244 813 525 881 φυλάσσει
570 812 640 866 τὰ
685 816 956 884 στοιχεῖα·
1006 818 1133 885 παρ’
1157 810 1217 870 οῦ
1265 815 1336 869 τά
1381 817 1556 890 μέτρα
1600 818 1709 873 τῶν
1736 820 1835 891 τῆς

241 903 473 976 ἡμέρας
507 903 722 976 δρόμων
761 903 951 975 εἴληφε
993 904 1283 974 φυλάσσειν
1307 907 1447 979 (67)·
1475 902 1519 977 ᾧ
1546 912 1836 983 πειθαρχεῖ

242 994 460 1068 σελήνη
514 996 670 1049 νυκτὶ
716 993 927 1067 φαίνειν
983 997 1288 1051 κελεύοντι·
1338 994 1382 1067 ᾧ
1434 1001 1721 1075 πειθαρχεῖ
1764 1002 1834 1057 τά

238 1085 468 1162 ἄστρα,
515 1087 593 1159 τῷ
638 1087 739 1157 τῆς
784 1088 1010 1161 σελήνης
1066 1089 1460 1148 ἀκολουθοῦντα
1520 1095 1705 1167 δρόμῳ
1733 1112 1746 1126 ·
1786 1088 1832 1164 ᾧ

240 1180 441 1235 πάντα
474 1181 819 1235 διατέτακται
860 1182 955 1235 καὶ
993 1181 1272 1254 διώρισται
1315 1186 1408 1239 καὶ
1444 1187 1828 1255 ὑποτέτακται,

234 1274 476 1345 οὐρανοὶ
518 1274 614 1328 καὶ
650 1273 720 1328 τά
758 1276 816 1328 ὲν
854 1274 1134 1346 οὐρανοῖς,
1177 1277 1246 1348 γῆ
1299 1279 1392 1331 καὶ
1435 1278 1505 1333 τὰ
1536 1282 1595 1334 ὲν
1632 1286 1696 1355 τῇ
1731 1287 1824 1356 γῇ,

236 1362 504 1417 θάλασσα
533 1365 627 1418 καὶ
653 1362 721 1417 τά
749 1364 807 1417 ὲν
836 1368 901 1435 τῇ
932 1364 1174 1440 θαλάσσῃ
1194 1385 1206 1398 ·
1244 1367 1375 1441 πῦρ,
1404 1370 1531 1443 ἀὴρ,
1558 1372 1821 1440 ἄϐυσσος·

230 1453 309 1511 τά
344 1456 409 1508 ἐν
436 1454 613 1524 ὕψεσι,
651 1454 723 1509 τά
753 1457 812 1509 ὲν
840 1454 1047 1527 βάθεσι,
1076 1458 1142 1512 τὰ
1168 1460 1226 1512 ὲν
1249 1460 1327 1531 τῷ
1354 1463 1577 1533 μεταξύ.
1627 1466 1826 1522 Τοῦτον

232 1546 390 1620 πρὸς
428 1550 624 1612 αὐτοὺς
664 1549 997 1615 ἀπέστειλεν,
1047 1546 1155 1623 ἆρά
1194 1570 1277 1622 γε,
1320 1554 1395 1618 ώς
1433 1556 1732 1630 ἀνθρώπων
1758 1561 1825 1616 ἄν

228 1656 324 1703 τις
375 1640 685 1710 λογίσαιτο,
732 1644 825 1697 ἐπὶ
865 1645 1137 1714 τυραννίδι
1182 1648 1277 1701 καὶ
1314 1647 1462 1719 φόϐῳ
1515 1652 1609 1705 καὶ
1650 1670 1821 1707 κατα-

230 1733 443 1805 πλήξει
467 1750 482 1798 ;
536 1732 830 1806 Οῦμενουν,
854 1736 968 1790 ἀλλ’
997 1738 1055 1789 ὲν
1077 1738 1367 1811 ἐπιεικείᾳ,
1393 1742 1660 1816 πραΰτητι
1685 1745 1816 1818 (68)-

229 1824 316 1891 ὡς
347 1826 604 1897 βασιλεὺς
638 1828 869 1898 πέμπων
893 1829 1005 1882 υἱὸν
1034 1828 1256 1899 βασιλέα
1293 1832 1535 1905 ἔπεμψεν
1554 1853 1567 1866 ·
1596 1836 1672 1902 ώς
1694 1838 1825 1892 Θεὸν

230 1917 514 1991 ἔπεμψεν,
552 1920 629 1984 ὼς
665 1920 803 1992 πρὸς
838 1920 1161 1993 ἀνθρώπους
1206 1923 1471 1996 επεμψεν,
1523 1927 1599 1991 ώς
1636 1928 1827 1989 σώζων

231 2012 531 2084 ἔπεμψεν·
581 2014 657 2078 ὠς
706 2015 943 2089 πείθων,
974 2016 1033 2069 οὑ
1081 2017 1428 2089 βιαζόμενος·
1477 2021 1569 2092 βία
1612 2023 1719 2096 γὰρ
1760 2025 1821 2078 οὐ

233 2102 510 2169 πρόσεστι
542 2102 619 2175 τῷ
650 2103 784 2175 Θεῷ.
825 2105 1107 2178 Ἔπεμψεν
1147 2108 1224 2172 ὡς
1255 2110 1457 2175 καλῶν,
1488 2113 1549 2166 οὐ
1581 2112 1825 2167 διωκῶν·

227 2191 490 2265 ἔπεμψεν
520 2195 596 2259 ώς
625 2198 888 2266 ἀγαπῶν,
923 2200 984 2254 οὐ
1032 2201 1252 2273 κρίνων.
1288 2204 1498 2275 Πέμψει
1521 2204 1630 2278 γὰρ
1665 2207 1827 2261 αὑτὸν

229 2288 538 2358 κρίνοντα,
580 2292 675 2345 καὶ
710 2292 796 2356 τίς
832 2293 995 2347 αὑτοῦ
1046 2295 1146 2369 τὴν
1185 2298 1484 2368 παρουσίαν
1525 2299 1825 2373 ὑποστήσε-

228 2380 1821 2452 ται(69);......................

378 2511 1821 2544 Otoooooooooooooo00.0.0...

1032 2612 1046 2635 ,
1084 2574 1168 2627 ἵνα
1209 2574 1552 2646 ἀρνήσωνται
1582 2576 1673 2631 τὸν
1710 2580 1826 2633 Κό-

230 2675 395 2730 ριον,
441 2661 537 2714 καὶ
584 2662 658 2732 μὴ
695 2664 1060 2735 νικωμένους;
1102 2667 1213 2737 Οὐχ
1245 2670 1410 2740 ὁρᾷς,
1445 2670 1555 2745 ὅσῳ
1584 2672 1825 2738 πλείονες

228 2748 563 2816 κολάζοντες
624 2753 774 2823 (70),
838 2754 1075 2828 τοσούτῳ
1137 2758 1527 2826 πλεονάζοντας
1597 2762 1820 2831 ἄλλους;

229 2840 429 2895 Ταῦτα
467 2842 758 2910 ἀνθρώπου
792 2847 852 2900 οὐ
897 2847 1045 2901 δοκεῖ
1074 2850 1184 2917 (71)
1229 2851 1300 2904 τὰ
1343 2852 1500 2924 ἔργα,
1530 2853 1702 2909 ταῦτα
1733 2856 1823 2908 δύ-

226 2926 407 2994 ναμίς
471 2931 586 2984 ἐστι
616 2933 751 2987 Θεοῦ
772 2952 784 2966 ·
827 2937 999 2994 ταῦτα
1036 2941 1137 3013 τῆς
1169 2948 1463 3016 παρουσίας
1498 2949 1659 3005 αὑτοῦ
1702 2951 1813 3006 δεί-

226 3033 451 3088 γματα.

1938 629 2230 683 commissa
2281 638 2367 683 est
2418 644 2600 683 rerum
2653 626 2709 681 in
2760 628 2915 683 caelis
2956 629 3515 684 administrandarum

1937 733 2098 785 cura;
2146 718 2238 772 sed
2292 719 2410 787 ipso
2457 717 2653 787 opiﬁce
2680 727 2735 773 et
2774 728 3022 774 creatore
3075 720 3364 787 omnium;
3405 736 3516 791 quo

1935 808 2104 864 caelos
2137 808 2405 875 condidit,
2454 823 2564 877 quo
2599 822 2753 863 mare
2783 809 2899 863 suis
2930 808 3177 862 terminis
3208 810 3511 877 conclusit;

1934 900 2094 971 cujus
2126 901 2384 973 mysteria
2432 900 2662 957 ﬁdeliter
2698 901 2766 955 ab
2796 900 3053 955 omnibus
3092 901 3374 956 elementis
3413 902 3515 955 oh-

1933 1002 2240 1058 servantur,
2288 1008 2317 1045 a
2341 1007 2450 1062 quo
2485 1002 2630 1048 certa
2681 993 2857 1062 spatia
2888 993 3209 1048 diurnorum
3246 1010 3509 1049 cursuum

1933 1084 2057 1154 (sol)
2106 1084 2447 1139 observanda
2493 1085 2726 1155 accepit,
2772 1085 2860 1140 cui
2902 1094 3060 1155 paret
3110 1087 3259 1152 luna,
3299 1087 3510 1157 jubenti

1929 1190 2049 1231 eam
2095 1176 2275 1231 lucere
2317 1178 2464 1232 nocti
2506 1194 2518 1229 :
2570 1178 2657 1232 cui
2713 1186 2863 1233 astra
2906 1179 3321 1248 obtemperant,
3367 1180 3511 1236 lunae

1928 1285 2151 1325 cursum
2201 1272 2481 1340 sequenti;
2519 1286 2549 1325 a
2581 1286 2692 1341 quo
2729 1270 2919 1325 omnia
2954 1270 3219 1340 disposita
3246 1282 3405 1336 sunt,
3453 1281 3510 1327 et

1927 1363 2044 1417 suis
2080 1362 2346 1417 limitibus
2381 1362 2838 1432 circumscripta;
2874 1372 2927 1417 et
2953 1361 3040 1416 cui
3074 1372 3201 1417 sunt
3229 1364 3506 1433 supposita

1925 1456 2049 1513 ca~li
2083 1464 2137 1512 et
2164 1472 2286 1527 qua:
2329 1457 2382 1511 in
2430 1457 2583 1511 caelis
2615 1465 2764 1520 sunt,
2820 1465 2965 1511 terra
3003 1466 3056 1511 et
3096 1472 3218 1525 qua:
3259 1456 3312 1510 in
3363 1466 3505 1514 terra

1923 1559 2077 1616 sunt,
2111 1566 2260 1604 mare
2288 1558 2344 1604 et
2388 1565 2510 1618 qua:
2560 1550 2613 1603 in
2646 1550 2783 1604 mari
2811 1567 2826 1616 ;
2881 1548 3043 1619 ignis,
3075 1564 3187 1615 aer,
3240 1549 3500 1619 abyssus;

1923 1654 2045 1710 quae
2087 1639 2142 1693 in
2175 1639 2582 1705 altitudinibus,
2612 1654 2737 1708 qua:
2776 1638 2831 1692 in
2862 1637 3351 1708 profunditatibus,
3382 1656 3505 1709 qua:

1924 1732 1978 1787 in
2014 1732 2195 1787 medio
2222 1732 2422 1803 (locata
2449 1730 2623 1799 sunt).
2656 1729 2813 1785 Hunc
2851 1731 2918 1784 ad
2956 1745 3053 1786 eos
3097 1731 3246 1785 misit
3274 1749 3286 1785 :
3318 1747 3409 1797 an,
3443 1740 3504 1785 ut

1926 1823 2126 1895 aliquis
2164 1823 2448 1877 hominum
2489 1823 2732 1893 cogitare
2763 1823 2964 1891 possit,
3014 1822 3317 1893 tyrannidis
3345 1838 3503 1877 exer-

1925 1917 2108 1972 cenda:
2135 1924 2189 1970 et
2219 1924 2480 1975 terrorem
2517 1914 2816 1970 incutiendi
2850 1915 3060 1971 causa?
3086 1914 3309 1969 Minime
3336 1931 3498 1981 vero;

1924 2008 2020 2066 sed
2050 2007 2104 2062 in
2138 2007 2447 2074 clementia,
2486 2008 2538 2062 in
2578 2006 2822 2074 lenitate,
2857 2017 3116 2077 tanquam
3158 2021 3247 2061 rex
3282 2007 3502 2062 mittens

1923 2100 2097 2156 ﬁlium
2146 2116 2348 2171 regem,
2396 2101 2575 2167 misit;
2626 2109 2889 2170 tanquam
2940 2099 3111 2154 Deum
3159 2099 3329 2166 misit,
3375 2109 3502 2154 tan-

1922 2210 2087 2264 quam
2128 2194 2211 2249 ad‘
2238 2194 2491 2249 homines
2536 2193 2710 2257 misit,
2744 2202 3007 2263 tanquam
3047 2207 3274 2248 servans
3312 2192 3499 2249 misit:

1920 2293 2183 2353 tanquam
2214 2297 2340 2337 cum
2388 2283 2825 2354 obsequentibus
2873 2297 3063 2352 agens,
3096 2298 3206 2336 non
3236 2291 3499 2352 tanquam

1920 2374 2234 2430 violentiam
2266 2374 2565 2442 adhibens;
2599 2375 2855 2431 violentia
2884 2375 3028 2429 enim
3056 2373 3168 2429 Deo
3197 2389 3305 2430 non
3335 2375 3496 2431 inest.

1919 2464 2368 2534 Misitutvoeans,
2384 2483 2488 2522 non
2512 2483 2846 2539 persequens
2869 2486 2883 2535 ;
2905 2467 3129 2536 misitiut
3153 2483 3365 2533 amans,
3387 2485 3498 2524 non

1914 2557 2195 2627 judicans;
2214 2558 2390 2613 mittet
2412 2558 2557 2613 enim
2586 2574 2707 2613 eum
2733 2559 3252 2626 condemnatur-um;
3300 2560 3498 2629 etquis

1917 2647 2036 2717 ejus
2056 2649 2347 2703 adventum
2364 2649 2929 2705 sustinebit?
2946 2647 3063 2702 Non
3079 2649 3227 2703 vides
3254 2648 3498 2717 objectos

1919 2737 2072 2805 feris,
2108 2750 2168 2795 ut
2209 2740 2479 2812 abnegent
2526 2740 2856 2807 Dominum,
2901 2750 2954 2795 et
3008 2755 3114 2794 non
3150 2740 3332 2794 vinci?
3378 2739 3496 2793 Non

1916 2829 2091 2895 vides,
2143 2845 2253 2900 quo
2298 2831 2482 2901 plures
2530 2831 2624 2901 qui
2682 2831 2969 2900 suppliciis
3030 2828 3291 2895 alliciunt,
3343 2838 3496 2882 tanto

1916 2924 2179 2991 majorem
2212 2923 2444 2976 aliorum
2471 2938 2591 2977 esse
2619 2938 2909 2977 numerum
2932 2924 2956 2977 ’ί
2992 2920 3117 2978 Πεεο
3165 2937 3273 2975 non
3301 2922 3495 2975 viden.

1917 3019 2007 3066 tar
2044 3012 2113 3066 ab
2168 3013 2390 3067 homine
2420 3013 2558 3079 ﬁeri,
2608 3014 2723 3069 haec
2768 3022 2898 3069 sunt
2929 3012 3022 3068 Dei
3067 3015 3331 3084 potentia,
3380 3013 3496 3068 haec

1838 3140 1885 3199 ο
1915 3103 2184 3160 adventus
2211 3106 2333 3177 ejus
2366 3115 2495 3160 sunt
2531 3106 2755 3161 indicia.

899 3238 1030 3295 CAP.
1073 3241 1205 3299 Vlll.
1251 3247 1422 3314 Quam
1465 3253 1624 3307 miser
1654 3255 1937 3313 hominum
1965 3271 2137 3316 status
2169 3272 2290 3318 ante
2334 3263 2487 3318 Verbi
2520 3265 2824 3319 adventum.

295 3380 399 3446 Τίς
445 3383 554 3458 γὰρ
590 3387 728 3454 ὅλως
772 3392 1075 3466 ἀνθρώπων
1123 3400 1391 3471 ἠπίστατο
1431 3407 1483 3461 τί
1533 3411 1651 3464 ποτ’
1694 3413 1813 3467 ἐστὶ

220 3470 386 3575 Geo},
434 3479 579 3575 πρὶν
606 3482 769 3536 αὑτὸν
822 3486 1029 3555 ὲλθεῖν;
1076 3470 1157 3544 'Hr
1192 3494 1318 3559 τοὺς
1356 3500 1545 3564 κενοὺς
1589 3504 1683 3557 καὶ
1719 3504 1816 3575 λη-

222 3563 425 3667 ρώδεις
465 3571 686 3667 ἐκείνων
727 3575 917 3646 λόγους
956 3581 1190 3667 ἀποδέχῃ
1233 3588 1341 3642 τῶν
1371 3592 1697 3657 ἀξιοπίστων
1728 3563 1815 3667 φξ-

218 3653 506 3748 λοσόερων;
544 3657 619 3719 ὧν
647 3669 694 3720 oi
737 3670 837 3740 μὲν
868 3662 982 3745 πῦρ
1005 3653 1349 3748 (7·2)νέ-ιρασαν
1388 3653 1526 3739 είναι
1560 3687 1651 3741 τὸν
1681 3653 1813 3744 Θέὸν

221 3746 602 3853 (οῦ-μέλλουσι
650 3763 919 3853 χωρήσειν
957 3746 1128 3833 αὐτοὶ,
1173 3746 1331 3825 τοῦτο
1366 3775 1588 3831 καλοῦσι
1617 3778 1812 3853 Θεόν·)

217 3843 270 3895 ol
296 3844 382 3909 δὲ,
413 3845 588 3921 ὕδωρ·
616 3853 664 3905 oi
698 3852 763 3917 δ’,
800 3855 928 3909 ἄλλο
948 3875 1001 3911 τι
1026 3859 1135 3913 τῶν
1170 3865 1449 3935 στοιχείων
1485 3868 1591 3922 τῶν
1631 3843 1815 3925 ὲκτισί

222 3937 409 4033 μένων
437 3940 541 3994 ὑπὸ
570 3942 727 3999 Θεοῦ.
752 3946 861 4000 Καί
890 3949 971 4002 τοί
1005 3968 1069 4020 γε
1095 3953 1253 4020 εἴτις
1282 3956 1484 4013 τούτων
1499 3962 1610 4016 τῶν
1639 3963 1811 4033 λόγων

219 4029 528 4097 ἀπόδεκτός
566 4036 704 4101 ἐστι,
736 4037 939 4094 δύναιτ’
972 4040 1038 4096 ἂν
1066 4045 1158 4099 καὶ
1194 4047 1303 4101 τῶν
1344 4048 1543 4106 λοιπῶν
1574 4029 1810 4126 κτισμά-

217 4138 331 4177 των
374 4124 433 4178 ἒν
466 4126 695 4182 ἕκαστον
743 4132 944 4202 ὁμοίως
996 4135 1393 4208 ἀποφαίνεσθαι
1437 4145 1590 4203 Θεόν.
1650 4124 1811 4203 Ἀλλά

218 4214 399 4268 ταῦτα
437 4217 535 4288 μὲν
571 4222 827 4289 τερατεία
872 4224 968 4277 καὶ
1006 4225 1180 4300 πλάνη
1233 4231 1341 4285 τῶν
1379 4236 1590 4307 γοήτων
1625 4238 1805 4291 ἐστίν·

220 4308 533 4401 ἀνθρώπων
567 4312 623 4365 δὲ
666 4313 841 4379 οὐδεὶς
903 4315 1027 4371 οὔτε
1090 4316 1229 4375 εἶδεν
1281 4311 1410 4379 οὔτε
1476 4327 1805 4401 ἐγνώρισεν·

1985 3415 2122 3473 Nam
2172 3420 2297 3489 quis
2361 3435 2426 3475 ex
2474 3421 2733 3476 omnibus
2778 3420 3096 3478 hominibus
3152 3431 3311 3478 norat
3357 3422 3490 3493 quid

1915 3519 2060 3564 esset
2088 3509 2251 3574 Deus,
2296 3513 2617 3581 priusquam
2657 3514 2773 3583 ipse
2805 3514 3085 3570 venisset?
3129 3515 3212 3568 An
3260 3529 3397 3569 vana
3436 3528 3493 3571 et

1918 3598 2149 3665 nugacia
2181 3598 2327 3654 dicta
2371 3599 2587 3655 illorum
2616 3600 2719 3656 tide
2750 3602 2960 3658 scilicet
2992 3604 3282 3674 dignorum
3315 3605 3492 3674 philo-

1918 3691 2217 3759 sophorum
2267 3693 2582 3763 approbas?
2639 3708 2873 3762 quorum
2927 3695 3097 3765 aliqui
3148 3696 3327 3766 ignem
3368 3711 3491 3751 esse

1918 3780 2088 3837 Deum
2134 3783 2391 3841 dixerunt
2438 3787 2513 3855 (id
2562 3786 2627 3841 ad
2660 3786 2806 3856 quod
2848 3784 3146 3856 profecturi
3187 3774 3315 3842 sunt
3360 3787 3488 3856 ipsi,

1918 3872 2085 3930 Deum
2114 3878 2433 3947 vocantes);
2470 3878 2563 3933 alii
2599 3894 2822 3948 aquam,
2851 3878 2944 3933 alii
2980 3877 3127 3931 aliud
3155 3893 3221 3932 ex
3251 3878 3490 3932 clemen-

1917 3966 1985 4021 tis
2017 3982 2138 4036 qua:
2174 3984 2202 4021 a
2233 3967 2343 4023 Deo
2373 3978 2503 4025 sunt
2551 3980 2757 4024 creata.
2792 3969 2958 4040 Atqui
2995 3969 3059 4025 si.
3082 3968 3278 4024 horum
3309 3968 3488 4024 dicto-

1914 4072 2037 4112 rum
2076 4059 2296 4130 aliquod
2336 4060 2730 4129 approbatione
2773 4062 2997 4132 dignum
3042 4070 3144 4126 est,
3176 4061 3391 4132 possint
3432 4070 3488 4116 et

1913 4159 2235 4205 caeterat'um
2270 4169 2453 4207 Γθῐυιιι
2486 4170 2607 4223 quae
2633 4164 2761 4209 ευιιι
2794 4165 3008 4220 creataa,
3043 4170 3488 4225 unamquamque

1914 4241 2168 4297 similiter
2212 4246 2568 4313 pronuntiare
2605 4247 2770 4300 Deum
2809 4262 2949 4301 esse.
3003 4244 3203 4301 Verum
3262 4246 3316 4300 hi
3364 4261 3484 4300 ser-

1915 4346 2107 4387 mones
2172 4345 2298 4389 sunt
2350 4334 2663 4405 prodigiosa
2736 4336 3016 4391 mendacia
3066 4345 3116 4390 et
3168 4336 3488 4405 imposturae

221 4400 389 4465 αὐτὸς
407 4401 465 4454 δὲ
491 4404 681 4457 ἑαυτὸν
706 4405 999 4475 ἐπέδειξεν,
1038 4409 1309 4482 Ἐπέδειξε
1333 4415 1390 4470 δὲ
1413 4417 1501 4471 διὰ
1534 4400 1769 4485 πίστεως
1786 4438 1801 4453 ·

1918 4421 2404 4494 praestigiatorum;
2443 4440 2507 4480 ac
2547 4425 2832 4480 hominum
2863 4426 3157 4496 quisquam
3192 4440 3369 4495 neque
3398 4425 3482 4479 vi-

220 4643 240 4663 !
293 4575 411 4646 (67)
452 4580 822 4663 hqd-arceat.
862 4584 994 4663 Post
1033 4587 1177 4643 hanc
1210 4603 1399 4663 vocem
1431 4592 1517 4646 vel
1561 4602 1684 4663 post
1724 4594 1801 4646 εἷ-

223 4653 362 4735 ith
397 4665 501 4732 non
539 4653 752 4734 dubitat
776 4654 1085 4735 Stephanus
1110 4661 1260 4735 _quin
1290 4661 1439 4735 ᾕλιος
1464 4653 1616 4735 νείᾌ
1649 4665 1801 4735 ἥλιος

222 4733 252 4770 a
293 4720 536 4800 librario
568 4724 833 4780 omissum
874 4720 1067 4782 'l'uerit.
1110 4720 1355 4800 Στοιχεῖα
1400 4720 1506 4787 hoc
1534 4733 1653 4789 loco
1674 4720 1798 4789 ’πιοιῖ

224 4798 463 4874 quatuor
492 4791 781 4858 elementa,
821 4801 1100 4874 set|_as_tra
1148 4791 1373 4874 intelligi
1413 4804 1644 4869 debent,
1679 4820 1801 4874 quae

224 4871 411 4982 “ostea
440 4876 853 4932 enumerantur,
884 4868 1165 4934 nimirum,
1198 4872 1301 4936 sol,
1327 4868 1464 4927 luna
1509 4882 1564 4927 et
1606 4868 1796 4930 Stellae.

276 4931 346 4982 Id.
374 4942 489 4982 not.
520 4933 571 4982 ill
614 4934 940 4982 lThmmhili
981 4940 1180 4982 Iihrnm
1242 4958 1371 4982 num
1422 4945 1508 4982 AL-

276 4931 499 5006 idiAnot.
520 4933 571 4986 in
601 4951 628 5006 Vl
654 4931 940 5006 Theophili
981 4931 1204 5004 librum,
1242 4931 1395 4997 num.
1421 4945 1511 4998 44.

295 5000 768 5124 ξξὸἐαῖζραΰτητι.
812 5000 1131 5079 Stephanus
1178 5000 1436 5069 observat
1485 5015 1795 5072 addendum

226 5083 347 5125 esse
376 5083 490 5124 καί.

296 5140 409 5224 (69)
460 5142 916 5224 ’ῇαοστήσεταα
953 5150 1278 5222 Perantiqua
1316 5152 1433 5209 haec
1464 5153 1691 5224 lacuna;
1733 5158 1804 5213 si-

226 5212 445 5295 quidem
500 5212 778 5295 librarius,
828 5237 858 5275 a
899 5237 1009 5292 quo
1053 5212 1641 5295 scriptumexemplar
1679 5212 1799 5283 Ste-

227 5281 412 5365 pltani,
450 5287 518 5365 _ad
556 5281 855 5365 marginem
891 5281 1074 5345 n'tonet
1098 5281 1297 5347 se'eam
1330 5294 1382 5347 in
1409 5281 1797 5365 antiquissimo

226 5352 412 5437 codice
448 5352 743 5437 invenisse.
798 5359 915 5437 Non
959 5377 1131 5431 pauca
1170 5352 1799 5437 deesseputat'Stepha-

230 5434 349 5503 nus,
382 5426 583 5503 quibus
616 5440 669 5503 e_t
698 5426 1006 5503 praecedens
1030 5447 1211 5487 sermo
1236 5426 1543 5503 ﬁniebatur,
1577 5448 1629 5492 et
1652 5426 1793 5496 a'lins

1902 4605 1952 4650 et
1989 4605 2138 4650 tanta
2173 4600 2426 4667 potentia,
2469 4607 2526 4652 ut
2568 4600 2715 4653 nulla
2756 4601 2809 4654 in
2846 4609 2993 4670 gente
3028 4601 3298 4670 ignoretur
3333 4609 3382 4652 et
3417 4614 3484 4653 ea:

1903 4669 2045 4720 omni
2085 4685 2267 4741 genere
2302 4670 2535 4723 homines
2567 4669 2925 4739 pwnitentium
2965 4669 3160 4741 agunt,
3207 4671 3484 4725 concludit

1902 4748 2104 4809 quanta
2135 4740 2206 4792 sit
2231 4742 2412 4794 futura
2446 4742 2669 4794 secundi
2703 4743 2969 4795 adventus
3004 4740 3281 4809 nmjestas.

1976 4808 2088 4878 (70)
2114 4809 2495 4883 Κολᾴζοιτες.
2524 4810 2788 4883 Observat
2815 4808 3135 4883 Sylburgius
3165 4827 3270 4864 non
3299 4810 3481 4883 minus

1901 4884 2187 4934 commode
2210 4881 2315 4935 dici
2342 4897 2503 4951 posse
2527 4881 2867 4946 κολάζονται.
2889 4885 3004 4948 Quo
3024 4882 3199 4951 plures
3222 4881 3481 4950 supplicio

1903 4950 2222 5005 alliduntur.

1936 4950 2222 5089 ἷπῧὲ
2239 5020 2421 5073 δοκεῖ.
2464 5020 2615 5076 Delet
2642 5022 2952 5092 Stephanus
2986 5023 3072 5086 οὐ,
3102 5030 3158 5075 et
3194 5021 3273 5074 sic
3313 5024 3479 5092 restit-

1905 5088 2165 5144 tuendum
2214 5091 2360 5145 hunc
2400 5092 2577 5145 locum
2608 5088 2941 5159 existimat:
2974 5093 3101 5146 Ila’c
3133 5091 3377 5144 videntur
3412 5088 3480 5142 ab

1903 5160 2198 5213 hominibus
2258 5162 2419 5229 ﬁeri?
2468 5160 2703 5218 Necesse
2748 5179 2852 5217 non
2910 5164 3126 5216 videtur
3178 5159 3476 5228 quidquam

1903 5239 2138 5301 mutare.
2186 5230 2313 5286 Hatc
2350 5248 2569 5301 quoque
2601 5234 2654 5287 in
2686 5249 2872 5288 eorum
2908 5246 3198 5286 numerum
3232 5230 3476 5295 veniunt,

1901 5316 2021 5370 qua:
2041 5300 2239 5356 Justini
2273 5300 2556 5374 sententiis
2585 5304 2810 5374 gemella
2833 5312 2992 5369 sunt;
3024 5301 3304 5357 simillima
3330 5302 3474 5353 enim

1899 5383 2195 5441 occurru_nt
2224 5373 2377 5441 Apol.
2405 5371 2466 5431 ll.
2504 5371 2653 5427 num.
2682 5373 2769 5427 10.

1969 5442 2082 5512 (Η)
2122 5436 2237 5496 Ὧν
2260 5436 2450 5512 inger
2476 5444 2615 5511 πῦρ.
2648 5442 2805 5496 Nulla
2845 5452 2960 5497 erat
2991 5442 3044 5496 in
3073 5439 3292 5496 Beureri
3336 5455 3468 5509 apo-

229 5489 604 5582 ittlchoabzt'l'ttr.
636 5489 948 5582 Lugendum
991 5512 1143 5569 putat
1165 5504 1263 5582 οὐχ
1289 5504 1422 5576 ὁρᾷς
1447 5489 1793 5582 ποιρᾀσὶἰᾲᾇί

1918 5489 2102 5582 {raph’o
2142 5489 2490 5575 Ιῖιξιιῖιξιῖῃεέξᾱ⁷
2523 5489 2830 5582 Stephanus
2848 5489 2960 5566 ‘ait‘
2986 5512 3279 5566 nonnullas
3304 5489 3473 5582 liue-

232 5560 448 5648 Pévrmg:
478 5564 653 5648 unjus
682 5560 783 5626 luci
817 5560 1282 5648 sensumexplere
1322 5560 1501 5648 potest
1530 5560 1789 5648 'decerpta

226 5645 287 5710 ex
314 5631 510 5690 .lnstini
543 5631 777 5710 dialogo,
809 5659 960 5699 num.
991 5643 1086 5699 121
1121 5631 1410 5710 sententia,
1436 5648 1527 5702 ubi
1547 5631 1790 5704 $116.55:

230 5706 348 5789 lyr,
388 5722 466 5789 ea:
512 5724 573 5789 eo
614 5706 751 5789 quod
790 5713 1014 5782 inglorio
1073 5723 1123 5767 et
1170 5706 1411 5789 informi
1448 5729 1497 5773 et
1545 5722 1782 5789 despecto

229 5771 420 5829 Christi
448 5771 899 5854 printo'advenlu,
938 5794 1116 5839 tantus
1154 5771 1316 5855 fuerit
1352 5771 1495 5843 illius
1532 5771 1778 5860 ειὶιὲηάάί

1896 5581 2065 5637 τεείὶιι
2098 5600 2201 5639 ms.
2234 5584 2529 5652 exemplari
2560 5581 2685 5637 ante
2708 5584 2953 5636 ultimam
2992 5598 3181 5637 vocem
3212 5581 3317 5652 legi
3363 5598 3473 5636 non

1894 5655 2161 5725 potuisse.
2190 5653 2530 5725 Quapropter
2570 5656 2834 5725 scriptum
2876 5652 3048 5725 fuisse
3083 5662 3235 5723 putat
3277 5656 3331 5709 οι
3373 5653 3475 5725 μέν

1890 5739 2054 5789 τινες.
2084 5724 2201 5782 Mm
2232 5722 2543 5796 Stephanus
2573 5724 2705 5795 legit
2731 5722 2972 5780 δύναιντ’
2994 5723 3080 5778 ἄν.
