4038 6314
254 319 409 376 1181

1321 318 1660 376 EPISTOLA
1696 320 1788 375 AD
1841 316 2268 377 DIOGNETUM.

3394 314 3535 371 1182

251 430 484 484 ὲκείνου
508 428 858 502 δικαιοσύνης
896 430 957 486 ὲν
979 429 1085 487 τίνι
1112 430 1467 504 δικαιωθῆναι
1492 433 1606 505 (80)
1634 433 1843 489 δυνατὸι

1959 442 2150 502 erant;
2201 430 2339 488 nihil
2389 430 2573 488 minus
2615 445 2782 501 quam
2829 430 3034 488 malum
3078 444 3179 502 pro
3208 429 3401 500 malis,
3433 430 3529 500 λιιι

251 522 400 588 τούς
441 523 674 595 ἀνόμους
715 525 863 595 ἡμᾶς
891 525 986 579 καὶ
1016 525 1253 590 ἀσεϐεῖς,
1294 524 1329 596 ῆ
1354 526 1413 579 ὲν
1450 526 1597 598 μόνῳ
1621 525 1700 598 τῷ
1738 526 1851 598 Υίῷ

250 611 368 666 τοῦ
396 612 567 679 Θεοῦς
607 612 654 667 ὣ
687 614 788 685 τῆς
807 614 1066 684 γλυκείας
1089 614 1453 688 ἀνταλλαγῆς,
1485 615 1531 669 ὣ
1563 616 1665 687 τῆς
1695 617 1849 685 ἀνεξ-

254 706 552 775 ιχνιάστου
598 704 993 779 δημιουργίας,
1039 707 1086 763 ὣ
1134 708 1246 763 τῶν
1294 709 1721 781 ἀπροσδοκήτων
1759 710 1852 765 εὐ-

218 795 578 865 ,εργεσιῶνί
623 796 711 850 ῖνα
752 797 952 869 ἀνομία
1007 797 1108 870 μὲν
1159 798 1374 854 πολλῶν
1424 800 1484 853 ὲν
1532 799 1723 873 δικαίῳ
1766 802 1850 856 ἑνὶ

215 874 223 879 ’
253 889 471 960 κρυϐῇ,
499 888 808 963 δικαιοσύνη
838 891 895 945 δὲ
916 890 1035 956 ἑνὸς
1057 890 1284 955 πολλοὺς
1302 890 1535 963 ἀνόμους
1562 888 1847 960 δικαιώσῃ.

268 979 541 1050 Ἐλέγξας
568 978 661 1037 οὖν
689 984 748 1037 ὲν
787 983 885 1055 μὲν
908 983 986 1057 τῷ
1027 984 1263 1055 πρόσθεν
1298 984 1473 1057 χρόνῳ
1505 984 1567 1039 τὸ
1592 982 1851 1038 ἀδύνατον

249 1072 369 1143 τῆς
402 1073 679 1146 ἡμετέρας
738 1074 955 1145 φύσεως
992 1078 1073 1139 είς
1114 1075 1175 1130 τὸ
1212 1077 1394 1147 τυχεῖν
1437 1076 1617 1147 ζωῆς,
1660 1075 1756 1129 νῦν
1788 1070 1848 1126 δὲ

250 1166 359 1220 τὸν
390 1168 617 1240 Σωτῆρα
640 1168 817 1235 δείξας
838 1209 853 1234 ,
872 1169 1099 1224 δυνατὸν
1125 1167 1319 1232 σώζειν
1342 1166 1435 1221 καὶ
1471 1166 1546 1234 τά
1580 1166 1846 1231 ἀδύνατα,

250 1258 321 1326 ἐξ
366 1261 690 1333 ἀμφοτέρων
735 1262 1000 1335 ἐϐουλήθη
1047 1261 1324 1317 πιστεύειν
1348 1262 1496 1335 ἡμᾶς
1522 1263 1589 1333 τῇ
1628 1260 1852 1333 χρηστό-

250 1367 392 1423 τητι
432 1351 622 1417 αὐτοῦ,
646 1354 809 1409 αὐτὸν
852 1354 1102 1427 ⁴ήγεῖσθειι
1133 1354 1335 1427 τροφέα
1358 1394 1374 1419 ,
1421 1353 1634 1425 πατέρα
1656 1392 1671 1417 ,
1717 1352 1853 1407 διδά-

253 1447 494 1513 σκαλον,
534 1448 837 1521 σύμϐουλον
860 1490 876 1515 ,
920 1449 1104 1523 ίατρὸν
1126 1488 1141 1513 ,
1181 1447 1327 1513 νοῦν,
1366 1446 1502 1517 φῶς,
1534 1445 1718 1519 τιμὴν,
1744 1445 1831 1500 66-

252 1538 365 1605 ξαν
391 1579 408 1605 ,
446 1541 631 1613 ίσχύν,
669 1541 852 1616 ζωήνο
906 1544 1039 1617 περὶ
1082 1541 1348 1607 ἐνδύσεως
1394 1541 1490 1596 καὶ
1523 1541 1732 1613 τροφῆς
1772 1538 1850 1613 μὴ
1884 1591 1930 1646 Β

254 1647 335 1702 με
343 1636 567 1707 ριμνᾷν.

1954 535 2103 583 stum
2141 540 2241 597 pro
2277 523 2530 594 injustis,
2574 522 2947 593 corruptionis
3000 523 3248 580 nescium
3290 537 3391 593 pro
3431 521 3533 577 ob-

1953 618 2138 673 noxiis
2184 615 2564 685 corruptioni,
2620 614 2989 670 immortalem
3036 629 3137 684 pro
3178 612 3528 670 mortalibus.

1952 708 2095 777 Quid
2129 710 2275 765 enim
2298 708 2445 764 aliud
2467 716 2690 778 peccata
2720 716 2906 763 nostra
2941 707 3125 777 potuit
3161 715 3340 777 tegere
3362 719 3531 775 quam

1953 798 2076 868 ejus
2114 796 2364 868 justitia?
2407 798 2463 853 in
2495 811 2609 867 quo
2651 797 2763 852 alio
2791 812 2895 852 nos
2929 796 3103 867 iniqui
3138 805 3195 852 et
3234 796 3388 865 impii
3436 795 3531 864 ju-

1956 890 2183 946 stiﬁcari
2212 904 2508 961 possumus
2533 905 2698 961 quam
2751 888 2806 944 in
2840 889 2960 946 solo
2993 888 3085 944 Dei
3115 887 3293 943 Filio?
3336 886 3380 942 0
3410 885 3533 941 dul-

1957 999 2075 1040 cem
2105 983 2597 1054 permutationem!
2627 998 2661 1038 ο
2688 982 3185 1054 impervestigabile
3213 980 3528 1040 artiﬁcium!

1953 1094 1990 1131 υ
2022 1074 2287 1131 beneﬁcia
2319 1078 2786 1147 exspectationem
2831 1090 3051 1130 omnem
3084 1073 3427 1145 superantia!
3472 1081 3535 1127 ut

1954 1170 2217 1241 iniquitas
2255 1170 2477 1242 quidem
2523 1171 2821 1249 multorum
2874 1169 2928 1222 in
2962 1168 3114 1238 justo
3155 1181 3267 1221 uno
3294 1165 3529 1221 abscon-

1955 1263 2138 1328 datur,
2164 1263 2376 1335 justitia
2408 1275 2590 1319 autem
2628 1264 2793 1319 unius
2851 1261 3020 1317 iaciat
3047 1270 3106 1316 ut
3142 1260 3299 1316 multi
3339 1257 3531 1328 injusti

1951 1356 2341 1427 justiﬁcentur.
2376 1356 2514 1412 Cum
2552 1355 2718 1427 igitur
2751 1354 3020 1426 superiori
3053 1362 3295 1424 tempore
3323 1349 3532 1421 (hujus)

1955 1462 2060 1501 nos
2084 1447 2210 1518 (rei)
2245 1447 2610 1515 convicisset,
2658 1463 2767 1503 non
2795 1461 2959 1516 posse
2994 1454 3239 1499 nostram
3281 1452 3531 1503 naturam

1955 1539 2124 1594 vitam
2156 1539 2445 1609 consequi,
2473 1554 2622 1594 nunc
2666 1547 2849 1593 autem
2875 1534 3221 1593 Servatorem
3265 1531 3535 1588 ostendis-

1957 1641 2063 1699 set,
2091 1632 2185 1705 qui
2226 1647 2448 1689 servare
2484 1640 2671 1703 posset
2706 1646 2771 1687 ea
2802 1632 2967 1687 etiam
3003 1645 3124 1700 qua:
3168 1626 3376 1683 servari
3424 1639 3532 1679 non

252 1733 563 1794 poterant;
610 1724 868 1797 utrinque
956 1741 1058 1783 nos
1102 1723 1424 1797 benignitati
1482 1738 1599 1781 sum
1649 1723 1811 1780 ﬁdem
1876 1723 2083 1781 habere
2134 1724 2333 1793 voluit,
2404 1724 2585 1796 ipsum
2658 1723 2978 1779 existimare
3020 1722 3269 1787 altorem,
3338 1735 3534 1792 paren-

254 1827 402 1886 tem,
437 1819 783 1892 magistrum,
814 1819 1216 1888 consiliarium,
1278 1818 1572 1882 medicum,
1632 1824 1894 1885 mentem,
1926 1817 2127 1889 lucem,
2180 1818 2471 1888 honorem,
2503 1817 2756 1891 gloriam,
2792 1816 2985 1884 robur,
3014 1814 3179 1871 vitam
3209 1829 3223 1867 :
3248 1814 3315 1871 de
3336 1814 3533 1871 vestitu

254 1921 319 1967 et
344 1912 491 1968 victu
526 1914 793 1971 sollicitos
824 1929 933 1970 non
962 1929 1110 1972 esse.

452 2085 584 2142 CAP.
618 2083 689 2140 Χ.
726 2086 992 2159 Diogneto
1026 2084 1253 2141 ostendit
1275 2092 1485 2154 auctor,
1514 2094 1638 2157 quot
1663 2092 1713 2140 et
1746 2092 1950 2155 quanta
1988 2080 2059 2137 ad
2094 2097 2215 2138 eum
2245 2090 2465 2137 ventura
2496 2079 2601 2136 sint
2637 2079 2793 2145 bona,
2824 2079 2872 2133 si
2902 2078 3061 2151 ﬁdem
3098 2077 3375 2148 suscipiat.

336 2239 560 2311 Ταύτην
602 2237 699 2292 καὶ
756 2238 820 2292 σύ
876 2237 976 2310 τὴν
1008 2238 1193 2293 πίστιν
1242 2240 1338 2297 ἐὰν
1372 2240 1544 2312 ποθῇς
1584 2239 1699 2312 (81)
1753 2238 1851 2294 καὶ

252 2330 475 2404 λάϐῃς,
504 2330 719 2402 πρῶτον
762 2329 861 2401 μὲν
900 2329 1193 2400 ἐπίγνωσιν
1228 2331 1339 2405 (82)
1369 2350 1430 2386 π.
1475 2371 1489 2386 .
1534 2370 1549 2387 .
1594 2370 1609 2385 .
1654 2369 1669 2386 .
1715 2372 1728 2385 .
1774 2370 1788 2385 .
1830 2370 1847 2386 .

263 2465 276 2478 .
328 2464 347 2478 .
393 2463 409 2478 .
446 2464 461 2477 .
509 2464 523 2477 .
568 2463 582 2477 .
628 2463 643 2478 .
688 2463 702 2476 .
747 2464 761 2477 .
801 2425 831 2477 ό
868 2424 978 2497 γάρ
1008 2424 1142 2489 Θεὸς
1180 2427 1309 2491 τοὺς
1352 2425 1674 2499 ἀνθρώπους
1706 2425 1849 2496 ήγά-

259 2532 451 2586 πησε,
492 2515 559 2569 δι’
612 2514 707 2579 οὓς
756 2515 981 2587 ἐποίησε
1025 2516 1117 2572 τὸν
1161 2516 1364 2588 κόσμον
1388 2557 1403 2583 ,
1455 2511 1553 2587 ,οἷς
1612 2516 1849 2585 ὑπέταξε

254 2610 450 2663 πάντα
484 2607 553 2661 τὰ
582 2609 641 2662 ὲν
681 2649 695 2662 .
740 2648 755 2661 .
799 2646 814 2662 .
858 2646 873 2663 .
916 2648 931 2662 .
971 2603 1055 2671 οἷς
1089 2608 1267 2678 λόγιον
1294 2610 1530 2678 ἔδωκεν,
1571 2605 1654 2676 οἷς
1686 2612 1845 2666 νοῦνσ

254 2694 352 2763 οἷς
404 2699 585 2770 μόνοις
620 2698 738 2771 (85)
788 2698 927 2770 πρὸς
970 2700 1131 2754 αὐτὸν
1155 2702 1288 2773 όρᾷν
1313 2700 1581 2773 ἐπέτρεψε
1606 2719 1620 2733 ·
1659 2700 1756 2767 οὓς
1784 2704 1851 2759 ὲκ

253 2789 371 2859 τῆς
408 2790 545 2854 ἰδίας
581 2790 789 2854 είκόνος
827 2790 1066 2844 ἔπλασεο
1111 2792 1250 2863 πρὸς
1295 2791 1390 2859 οὓς
1435 2793 1720 2848 ἀπέστειλε
1755 2794 1849 2849 τὸν

254 2882 398 2937 Υίὸν
438 2881 603 2937 αὐτοῦ
631 2883 724 2938 τὸν
767 2884 1031 2955 μονογενῆ
1054 2901 1069 2915 ο
1100 2880 1183 2949 οἷς
1215 2884 1314 2957 τὴν
1344 2888 1402 2940 ὲν
1432 2885 1649 2958 οὐρανῷ
1694 2887 1838 2958 βασι-

253 2968 418 3024 λείαν
450 2971 833 3043 ἐπηγγείλατο,
859 2974 953 3026 καὶ
975 2972 1135 3028 δώσει
1154 2978 1268 3040 τοῖς
1291 2977 1640 3050 ἀγαπήσασιν
1663 2977 1843 3032 αὐτόν.

268 3060 565 3131 Ἐπιγνοὺς
613 3063 691 3128 δὲ,
722 3063 867 3127 τίνος
907 3066 1013 3120 οίει
1059 3064 1511 3140 πληρωθήσεσθαι
1556 3069 1768 3141 χαρᾶς;
1810 3068 1846 3143 ἢ

253 3151 385 3216 πῶς
407 3152 715 3226 ἀγαπήσεις
744 3153 838 3211 τὸν
865 3156 1039 3221 οὕτως
1081 3159 1552 3230 προαγαπήσαντά
1576 3176 1672 3225 σε;
1706 3159 1846 3229 ἀγα·

250 3246 447 3317 πήσας
478 3245 557 3312 δὲ,
596 3248 840 3321 μιμητής
867 3248 967 3322 ἔσῃ
999 3248 1164 3304 αὐτοῦ
1196 3250 1298 3321 τῆς
1334 3251 1719 3323 χρηστότητοςο
1753 3252 1848 3306 καὶ

253 3337 337 3409 μὴ
389 3336 695 3411 θαυμάσῃς,
739 3340 788 3393 εί
818 3339 1043 3395 δύναται
1094 3343 1339 3414 μιμητὴς
1378 3342 1666 3415 ἄνθρωπος
1694 3343 1846 3414 γενέ·
1874 3324 1916 3383 C

251 3428 391 3483 σθαι
444 3429 599 3486 Θεοῦ.
652 3430 906 3497 Δύναται,
962 3432 1205 3496 θέλοντος
1261 3433 1448 3488 αὐτοῦ.
1502 3436 1578 3488 Οὐ
1631 3434 1741 3507 γάρ
1784 3434 1848 3490 τὸ

250 3518 756 3575 καταδυναστεύειν
798 3522 909 3577 τῶν
957 3523 1207 3595 πλησίον,
1243 3524 1365 3578 οὐδὲ
1407 3526 1469 3578 τὸ
1508 3524 1669 3579 πλέον
1701 3525 1846 3597 ἔχειν

251 3609 549 3681 βούλεσθαι
594 3613 705 3667 τῶν
748 3613 1171 3688 ἀσθενεστέρων⁹
1208 3616 1330 3670 οὐδὲ
1361 3616 1423 3670 τὸ
1465 3616 1715 3673 πλουτεῖν
1751 3618 1847 3671 καὶ

250 3702 547 3774 βιάζεσθαι
605 3707 734 3771 τοὺς
784 3708 1237 3783 ὑποδεεστέρους,
1296 3711 1630 3785 εὐδαιμονεῖν
1674 3715 1843 3770 ἐστιν’

248 3794 383 3848 οὐδὲ
425 3797 483 3849 ὲν
511 3796 721 3863 τούτοις
763 3798 985 3854 δύναταί
1014 3819 1100 3866 τις
1138 3802 1480 3873 μιμήσασθαι
1514 3803 1667 3858 Θεόν·
1708 3806 1846 3861 ἀλλά

247 3886 435 3941 ταῦτα
478 3889 632 3953 ἐκτὸς
676 3890 787 3960 (84)
823 3892 922 3963 τῆς
967 3892 1175 3947 ἐκείνου
1213 3894 1649 3967 μεγαλειότητος.
1704 3897 1843 3951 Ἀλλ’

152 4036 161 4043 ,
251 3979 412 4045 ὅστις
454 3981 515 4036 τὸ
564 3982 659 4036 τοῦ
708 3983 937 4056 πλησίον
981 3986 1297 4057 ἀναδέχεται
1346 3988 1542 4060 βάρος,
1586 3988 1646 4053 ὃς
1691 3988 1750 4043 ἐν
1796 3982 1844 4058 ᾧ

253 4073 537 4145 κρείσσων
569 4075 737 4141 ἐστὶν,
765 4076 951 4149 ἕτερον
986 4079 1076 4131 τὸν
1117 4078 1506 4151 ἐλαττούμενον
1538 4081 1844 4155 εὐεργετεῖν

252 4162 459 4228 ἐθέλει,
486 4163 587 4219 ὅσα
623 4166 775 4238 παρὰ
802 4167 896 4221 τοῦ
938 4168 1074 4223 Θεοῦ
1116 4169 1296 4224 λαϐὼν
1333 4170 1467 4242 ἔχει,
1503 4171 1676 4227 ταῦτα
1723 4175 1843 4228 ἑπι-

250 4254 533 4326 δεομένοις
564 4257 835 4329 χορηγῶν,
868 4257 1001 4324 Θεὸς
1031 4260 1237 4331 γίνεται
1278 4263 1386 4317 τῶν
1432 4264 1832 4336 λαμϐανόντων·

250 4343 411 4416 οὗτος
444 4351 689 4423 μιμητής
720 4353 836 4406 ἐστι
862 4352 1018 4408 Θεοῦ.
1045 4356 1179 4412 Τότε
1212 4357 1381 4433 θεάσῃ
1423 4359 1707 4431 τυγχάνων
1744 4362 1839 4417 ἐπὶ

250 4442 395 4513 γῆς,
438 4443 519 4497 ὄτι
566 4443 699 4509 Θεὸς
754 4447 812 4499 ὲν
855 4446 1105 4518 οὐρανοῖς
1149 4450 1261 4523 (85)
1301 4452 1667 4509 πολιτεύεται·
1711 4457 1837 4515 τότε

254 4536 535 4607 μυστήρια
582 4537 718 4592 Θεοῦ
780 4539 959 4594 λαλεῖν
1023 4542 1166 4612 ἄρξῃ
1199 4562 1214 4576 ·
1265 4546 1384 4600 τότε
1434 4548 1562 4612 τοὺς
1613 4549 1841 4614 κολαζο-

2034 2235 2210 2306 Hujus
2237 2237 2403 2292 etiam
2432 2243 2489 2291 tu
2507 2234 2628 2291 ﬁdei
2651 2234 2698 2291 si
2721 2235 2991 2292 desiderio
3018 2238 3274 2303 tenearis,
3298 2247 3353 2292 et
3374 2237 3525 2292 illam

1958 2329 2218 2400 accipias,
2246 2330 2483 2399 primum
2514 2328 2736 2401 quidem
2780 2343 3079 2399 cognosces
3109 2327 3349 2386 Patrem.
3391 2329 3534 2385 Dens

1955 2424 2102 2481 enim
2129 2422 2385 2478 homines
2408 2421 2618 2489 dilexit,
2649 2430 2869 2492 propter
2893 2436 3031 2492 quos
3084 2422 3349 2478 mundum
3381 2438 3533 2479 crea-

1954 2516 2055 2582 vit,
2100 2514 2301 2586 quibus
2345 2513 2532 2569 omnia
2592 2512 2830 2584 subjecit
2881 2529 3006 2583 quae
3036 2513 3090 2568 in
3115 2515 3320 2569 mundo
3362 2526 3533 2584 sunt,

1955 2607 2158 2678 quibus
2186 2607 2476 2669 rationem,
2515 2606 2716 2676 quibus
2742 2615 2982 2661 mentem
3010 2606 3180 2674 dedit,
3208 2610 3410 2678 quibus
3437 2624 3532 2664 so-

1955 2698 2024 2756 lis
2044 2699 2110 2754 ad
2140 2699 2320 2768 ipsum
2342 2698 2532 2754 oculos
2564 2696 2812 2754 attollere
2843 2699 3113 2768 permisit,
3132 2715 3270 2770 quos
3295 2700 3363 2755 ad
3390 2700 3525 2754 ima-

1955 2791 2134 2863 ginem
2159 2806 2316 2847 suam
2348 2789 2625 2857 formavit,
2651 2790 2718 2845 ad
2754 2806 2894 2862 quos
2927 2790 3122 2846 Filium
3147 2807 3309 2848 suum
3338 2792 3531 2864 unige—

1954 2881 2131 2936 nitum
2178 2880 2350 2944 misit,
2401 2879 2605 2950 quibus
2647 2878 2870 2936 cmleste
2916 2896 3146 2952 regnum
3175 2881 3451 2953 promisit,
3476 2895 3531 2939 et

1953 2973 2127 3040 dabit,
2161 2974 2307 3044 quod
2342 2972 2521 3043 ipsum
2556 2972 2867 3029 dilexerint.
2912 2972 3212 3046 Postquam
3249 2984 3435 3033 autem
3463 2978 3531 3033 il-

1954 3063 2065 3120 lum
2094 3064 2439 3135 cognoveris,
2468 3072 2672 3135 quanta
2700 3073 2751 3119 te
2776 3064 3059 3136 impletum
3095 3067 3161 3122 iri
3196 3067 3383 3123 laetitia
3414 3070 3532 3124 exi-

1958 3156 2190 3214 stimas?
2240 3165 2337 3212 aut
2384 3165 2651 3227 quantum
2684 3156 2881 3228 diliges
2926 3173 3054 3213 eum
3086 3160 3178 3230 qui
3205 3160 3355 3230 prior
3379 3171 3430 3217 te
3456 3162 3534 3217 ita

1948 3248 2242 3305 dilexerit?
2267 3248 2404 3304 Cum
2434 3258 2615 3304 autem
2637 3250 2863 3321 diligere
2886 3254 3139 3322 cmperis,
3164 3253 3406 3311 imitator
3435 3256 3531 3312 be-

1950 3340 2238 3411 nignitatis
2261 3339 2383 3410 ejus
2408 3341 2542 3396 eris.
2569 3341 2649 3397 Ac
2681 3358 2750 3397 ne
2798 3343 3019 3399 mireris
3058 3362 3222 3416 posse
3250 3347 3527 3405 hominem

1950 3446 2072 3486 esse
2099 3430 2431 3488 imitatorem
2455 3431 2574 3488 Dei.
2614 3432 2824 3498 Potest,
2861 3450 2930 3491 eo
2960 3437 3197 3494 volente.
3224 3437 3343 3495 Non
3379 3441 3529 3497 enim

1951 3525 2238 3596 imperium
2267 3527 2321 3581 in
2348 3528 2633 3598 proximos
2665 3530 2938 3597 obtinere,
2972 3548 3152 3604 neque
3195 3536 3331 3591 velle
3353 3537 3532 3607 potio-

1951 3634 2011 3674 re
2040 3619 2350 3675 conditione
2369 3635 2670 3691 essequam
2706 3622 2743 3676 ii
2772 3623 2865 3692 qui
2898 3636 3026 3679 sunt
3050 3625 3403 3695 inﬁrmiores,
3432 3644 3530 3683 ne-

1948 3725 2059 3781 que
2104 3710 2327 3766 divitem
2388 3727 2530 3781 esse,
2557 3721 2614 3769 et
2642 3714 2754 3769 vim
2780 3713 2984 3770 inferre
3012 3715 3402 3785 inferioribus,
3443 3729 3528 3774 est

1949 3802 2167 3859 beatum
2191 3820 2313 3860 esse
2340 3823 2355 3861 :
2385 3822 2563 3877 neque
2588 3806 2643 3863 in
2678 3807 2764 3862 his
2792 3806 2963 3864 Deum
2997 3808 3199 3864 imitari
3230 3811 3525 3881 quisquam

1949 3904 2158 3964 potest;
2191 3896 2286 3952 sed
2320 3896 2438 3953 haec
2464 3907 2619 3953 extra
2639 3898 2761 3969 ejus
2790 3899 3131 3969 majestatem
3161 3912 3309 3957 sunt.
3332 3904 3401 3957 At
3427 3903 3525 3972 qui

1949 3986 2184 4057 proximi
2216 4002 2358 4045 onus
2384 3989 2438 4044 in
2483 3992 2788 4062 serecipit;
2820 3994 2915 4063 qui
2939 3986 3134 4064 qua'in
3171 4009 3230 4050 re
3260 3996 3516 4066 superior

1947 4088 2054 4146 est,
2093 4080 2260 4135 alium
2282 4082 2377 4153 qui
2419 4092 2502 4139 est
2541 4082 2791 4152 inferior,
2830 4085 3097 4142 beneﬁcio
3124 4086 3241 4142 vult
3271 4088 3521 4145 allicere:

1949 4170 2045 4241 qui
2098 4187 2441 4244 quzccunque
2494 4175 2679 4245 habet,
2713 4194 2743 4232 a
2773 4176 2884 4233 Deo
2922 4189 3168 4251 accepta,
3192 4196 3255 4236 ea
3286 4182 3523 4253 indignis

1948 4269 2307 4339 suppeditans
2332 4312 2347 4335 ,
2375 4268 2520 4327 Deus
2555 4271 2615 4327 lit
2662 4288 2853 4329 eorum
2883 4276 2977 4345 qui
3004 4276 3313 4347 accipiunt;
3341 4277 3385 4332 is
3426 4276 3522 4331 Dei

1946 4372 2035 4417 est
2080 4363 2337 4420 imitator.
2394 4363 2550 4421 Tunc
2599 4369 2937 4439 perspicies,
2993 4368 3050 4424 in
3092 4378 3233 4424 terra
3279 4371 3520 4441 degens,

1949 4453 2119 4510 Deum
2144 4456 2196 4511 in
2218 4455 2372 4512 caelis
2424 4460 2689 4514 mundum
2711 4501 2727 4527 ,
2757 4461 2907 4517 velut
2947 4460 3185 4532 aliquam
3220 4464 3520 4531 rempubli-

1947 4562 2091 4613 cam,
2116 4550 2425 4621 gubernare
2450 4595 2467 4621 ,
2492 4561 2605 4607 tum
2631 4553 2889 4624 mysteria
2924 4551 3017 4607 Dei
3062 4553 3212 4624 loqui
3253 4554 3518 4624 incipies;

251 4627 450 4698 μένους
487 4628 580 4683 ἐπὶ
630 4626 709 4711 τῷ
767 4628 843 4700 μὴ
893 4628 1069 4683 θέλειν
1120 4630 1466 4704 ἀρνήσασθαι
1515 4634 1649 4691 Θεὸν
1672 4677 1687 4702 ,
1741 4642 1839 4694 καὶ

1948 4649 2078 4698 tunc
2127 4659 2224 4703 eos
2265 4646 2359 4716 qui
2392 4646 2697 4717 puniuntur
2738 4645 2885 4717 quod
2915 4646 3186 4718 abnegare
3218 4646 3389 4703 Deum
3419 4665 3522 4703 no-

247 4718 559 4789 ἀγαπήσεις
607 4718 704 4773 καὶ
756 4718 1097 4792 θαυμάσειςο
1151 4722 1277 4776 τότε
1324 4724 1424 4799 τῆς
1473 4726 1691 4801 ἀπάτης
1740 4731 1837 4786 τοῦ

1948 4732 2049 4790 lint
2096 4744 2152 4793 et
2211 4738 2406 4812 diliges
2462 4748 2519 4796 et
2578 4739 2908 4807 miraberis;
2972 4750 3104 4796 tunc
3154 4740 3517 4811 imposturam

247 4816 456 4888 κόσμου
500 4816 595 4871 καὶ
636 4817 741 4889 τῆς
770 4816 977 4890 πλάνης
1019 4820 1376 4894 καταγνώσῃ’
1432 4823 1560 4879 ὅταν
1607 4825 1669 4880 τὸ
1709 4826 1836 4900 ἁλη-

248 4906 357 4973 θῶς
388 4909 447 4961 ὲν
485 4909 699 4981 οὐρανῷ
729 4909 831 4982 ζῇν
872 4910 1152 4986 ὲπιγνώσῃ
1175 4929 1188 4943 ·
1237 4914 1368 4967 ὅταν
1414 4914 1511 4969 τοῦ
1543 4917 1829 4985 δοκοῦντος

246 4999 435 5063 ἐνθάδε
474 5000 701 5055 θανάτου
738 5002 1155 5077 καταφρονήσῃς
1176 5043 1192 5069 ,
1229 5004 1361 5060 ὅταν
1395 5009 1489 5061 τὸν
1524 5007 1696 5075 ὄντως
1737 5010 1826 5068 θά-

317 5162 431 5235 (ἣρ)
460 5164 863 5236 Δικᾳιωθῆναι.
894 5161 1039 5236 Satis
1082 5173 1204 5236 apte
1226 5163 1291 5220 ad
1322 5164 1641 5224 Calviuiana
1671 5184 1816 5226 com—

248 5245 427 5307 menta
459 5234 769 5307 reddiderat
807 5234 1152 5307 Stephanus,
1198 5252 1292 5307 pro
1327 5236 1485 5304 iustis
1513 5238 1691 5293 haberi
1724 5250 1821 5296 :et

248 5305 424 5386 paulo
450 5304 878 5386 postnﬁtxatncbsn,
908 5305 1073 5386 [agat
1101 5318 1156 5386 ut
1185 5304 1279 5375 pro
1297 5307 1462 5376 justis
1493 5308 1811 5386 habeantur.

317 5374 430 5438 (8|)
464 5374 685 5451 gooﬁq.
720 5374 941 5451 Dubitat
967 5374 1277 5448 Stephanus
1299 5374 1483 5435 utrum
1512 5380 1724 5451 legatur
1760 5382 1814 5440 in

247 5457 364 5518 ms.
384 5443 577 5518 ποθῇς,
605 5462 675 5518 an
705 5446 967 5518 ποθήσῃς.

317 5515 429 5595 (ὃᾷ)
487 5515 865 5595 Ἰςξιίγνωσιῂ
889 5515 1085 5595 "Addit
1127 5517 1451 5595 Sylburgius
1477 5522 1716 5595 Arta-:96;
1738 5539 1820 5577 σοι

317 5538 429 5583 ποτ)
502 5538 865 5585 ιπιγνωσιν.
916 5538 1079 5575 έιααιι
1127 5538 1326 5591 aytnur
1367 5538 1451 5578 tus
1498 5538 1704 5595 πατρὸς
1738 5539 1820 5577 σοι

247 5585 503 5666 ειτίιρέέξειἒ
531 5584 651 5666 Dios
684 5586 989 5666 Stephanus
1012 5589 1193 5666 πάντα
1222 5590 1290 5644 τά
1311 5538 1389 5666 Δἓν
1424 5593 1614 5666 κόσμῳ
1636 5593 1721 5649 vel
1761 5595 1820 5651 ἐν

247 5655 434 5734 τῇςγῇ,
471 5655 793 5734 §)'lbut'gitls
815 5659 966 5734 év_'rﬁ
1003 5660 1095 5714 ὑπ’
1122 5658 1374 5734 οὐρανόν.

320 5728 435 5795 (8⁸5)
467 5726 706 5791 Μάγοις.
734 5726 865 5784 Post
888 5726 1233 5788 ha'novncet'n
1267 5744 1385 5788 erat
1414 5734 1465 5787 in
1497 5750 1599 5791 ms.
1634 5735 1823 5792 codice

246 5791 449 5868 littera,
476 5814 639 5871 quam
668 5798 1199 5870 Stcphanusiuitium
1233 5820 1352 5862 cssc
1362 5815 1513 5878 putat
1540 5791 1688 5866 vocis
1702 5808 1816 5865 ἀνω

1902 4890 1905 4895 η
1939 4828 2130 4885 mundi
2158 4839 2213 4885 ct
2245 4846 2487 4887 errorem
2522 4830 2837 4899 damnabis,
2877 4848 3003 4887 cum
3027 4848 3154 4889 vere
3180 4833 3232 4890 in
3264 4836 3405 4890 coelo
3436 4836 3517 4889 vi-

1936 4936 2061 4977 vere
2083 4921 2343 4978 didiceris
2374 4941 2388 4978 :
2413 4938 2537 4979 cum
2562 4924 2682 4995 ejus
2706 4940 2831 4996 qua:
2863 4925 2953 4982 hic
2990 4941 3142 4982 mors
3170 4941 3292 4983 esse
3324 4942 3517 4982 cense-

1934 5022 2046 5081 1111⁸,
2095 5023 2443 5086 contemptor
2471 5031 2628 5085 CSSC;
2665 5026 2721 5073 ει
2760 5025 3016 5087 mortem,
3048 5033 3170 5090 qua!
3205 5032 3393 5073 revera
3425 5026 3513 5073 εει

1918 5174 2260 5248 ουιᾼάτενὲς.
2285 5172 2528 5248 Habebat
2548 5176 2659 5232 ἄνω
2681 5178 3038 5248 apographon
3066 5177 3321 5248 Beureri.

1990 5244 2103 5317 (8t)
2144 5246 2318 5301 Ἀλλὰ
2364 5247 2552 5302 ταῦτα
2589 5244 2954 5316 suda—refe.
2986 5253 3047 5303 λ.
3083 5246 3187 5302 Sed
3217 5247 3330 5302 lucc
3358 5258 3511 5303 extra

1925 5314 2043 5387 ejus
2060 5314 2391 5387 majestate»:
2420 5328 2565 5375 sunt.
2583 5319 2635 5373 ld
2652 5314 3049 5384 est,contraria
3066 5320 3211 5374 illius
3225 5318 3512 5374 ditissima!

1920 5385 2314 5460 beneﬁcentiaz,
2347 5404 2513 5460 quam
2546 5388 2745 5444 imitari
2799 5389 3086 5446 debemus.
3119 5388 3403 5451 Maeasus.
3458 5391 3516 5445 in

1924 5456 2308 5513 Emendandis.

1996 5529 2110 5599 (85)
2172 5528 2599 5600 Ἐννοῠρανοῖς.
2634 5529 2690 5585 1η
2730 5531 2832 5586 hac
2864 5545 2997 5586 voce
3026 5530 3281 5587 librarios
3320 5530 3510 5600 lapsos

1925 5615 2049 5671 csse
2082 5610 2238 5669 putat
2279 5599 2590 5671 Stephanus
2620 5600 2691 5671 ob
2734 5602 3019 5671 scripturae
3064 5599 3507 5666 similitudinem,

1926 5680 1982 5725 et
2009 5670 2297 5740 legendum
2341 5671 2401 5742 ὲν
2456 5670 2787 5742 ἀνθρώποις.
2836 5670 2973 5727 Nam
3008 5673 3291 5730 brevitatis
3337 5688 3506 5730 causa

1930 5739 2095 5801 Scribi
2122 5744 2260 5801 solet
2290 5744 2345 5798 ἐν
2372 5739 2519 5807 ἄκροις
2552 5739 2651 5815 pro
2684 5744 2741 5797 ἐν
2763 5742 3091 5818 ἀνθρώποις.
