4038 6314
254 233 408 292 “85

1432 234 1767 295 EPISTOLA
1799 240 1891 296 AD
1929 239 2360 300 DIOGNETUM.

3382 252 3525 308 “88

251 363 478 421 xaprov
539 345 726 416 ξύλον,
776 345 1078 417 εύθαλοῦν,
1146 349 1541 416 ’ἀνατείλαντες
1596 354 1655 408 ὲν
1712 356 1839 408 ἐαυ-

1944 354 2157 423 ferens,
2185 358 2322 413 belle
2379 358 2713 429 germinans,
2762 360 2816 416 in
2852 362 3007 419 vobis
3037 363 3171 435 ipsis
3200 367 3439 436 produce
3452 388 3525 424 n-

247 446 375 505 τοῖς
396 481 411 507 ,
446 440 715 505 ποικίλοις
748 443 986 514 καρποῖς
1017 442 1441 513 κεκοσμημένοι.
1479 445 1568 497 Ἐν
1595 445 1707 518 γὰρ
1734 446 1855 501 τού-

247 548 337 602 τῳ
370 530 450 602 τῷ
492 530 677 603 χωρίῳ
729 530 884 596 ξύλον
933 530 1189 601 γνώσεως
1235 533 1331 586 κα)¹
1378 533 1535 601 ξύλον
1578 534 1721 608 ζωῆς
1754 555 1855 591 πε-

251 622 523 692 φύτευται
541 639 554 652 ο
597 622 712 675 ἀλλ’
739 623 797 675 οὐ
820 622 881 676 τὸ
905 623 1006 692 τῆς
1036 622 1289 692 γνώσεως
1317 623 1430 697 (95)
1446 627 1661 698 ἀναιρεῖ
1685 667 1699 691 ,
1732 629 1851 683 ἀλλ’

248 717 286 786 ἡ
321 716 581 787 παρακοὴ
633 715 864 786 ἀναιρεῖ.
919 716 1051 769 Οὐδὲ
1100 715 1209 787 γὰρ
1241 716 1428 788 ἄσημα
1496 718 1564 772 τά
1614 736 1853 791 γεγραμ-

253 808 401 878 μένα
423 846 438 870 ,
472 806 547 871 ὠς
580 806 713 871 Θεὸς
750 808 845 860 ἀπ’
878 808 1055 880 ἀρχῆς
1106 808 1258 872 ξύλον
1290 808 1434 879 ζωῆς
1475 811 1532 862 ὲν
1568 811 1716 882 μέσῳ
1749 828 1853 864 πα-

253 895 511 975 ραδείσου
544 900 808 970 ἐφύτευσε
832 941 848 965 ,
900 901 988 954 διὰ
1020 900 1272 970 γνώσεως
1322 902 1467 972 ζωὴν
1520 902 1845 968 ἐπιδεικνύς

250 988 288 1066 ᾖ
334 994 411 1065 μὴ
471 991 727 1062 καθαρῶς
786 994 1122 1065 χρησάμενοι
1174 995 1222 1046 oi
1270 993 1366 1047 ἀπ’
1413 995 1626 1065 ἀρχῆς,
1671 995 1848 1070 πλάνῃ

244 1087 355 1141 τοῦ
389 1087 567 1156 ὄφεως
624 1084 1024 1155 γεγύμνωνται.
1074 1085 1209 1139 Οὐδὲ
1258 1084 1371 1158 γὰρ
1408 1085 1520 1158 ζωὴ
1549 1088 1674 1141 ἄνευ
1717 1088 1850 1157 γνὼ-

258 1195 445 1242 σεως,
496 1176 616 1231 οὐδὲ
686 1176 888 1246 γνῶσις
935 1176 1184 1249 ἀσφαλὴς
1222 1177 1351 1232 ἄνευ
1404 1177 1549 1249 ζωῆς
1585 1179 1841 1252 ἀληθοῦς.

244 1270 356 1323 Διὸ
406 1269 632 1341 πλησίον
666 1270 926 1343 ἑκάτερον
954 1270 1311 1341 πεφύτευται.
1353 1272 1455 1325 Ἦν
1482 1270 1713 1343 δύναμιν
1748 1276 1849 1329 ἑνι-

243 1361 369 1415 δὼν
427 1363 457 1414 ό
503 1361 825 1425 Ἀποστόλος
885 1362 1038 1433 (96),
1114 1365 1213 1435 τήν
1273 1380 1334 1417 τε
1394 1364 1524 1419 ἄνευ
1586 1364 1845 1438 ἀληθείας

244 1456 687 1527 προστάγματος
718 1456 801 1519 εἰς
832 1454 979 1525 ζωὴν
1023 1454 1367 1528 ἀσκουμένην
1398 1454 1599 1524 γνῶσιν
1636 1442 1845 1529 μεμφό-

248 1564 446 1621 μενος,
482 1547 665 1616 λέγει·
708 1546 775 1602 Ἦ
808 1546 1033 1616 γνῶσις
1061 1547 1291 1615 φυσιοῖ,
1337 1548 1375 1615 νὴ
1406 1546 1474 1600 δὲ
1499 1547 1701 1618 ἀγάπη
1756 1552 1841 1603 ol-

246 1637 517 1709 κοδομεῒ.
555 1639 612 1691 '0
661 1636 772 1710 γὰρ
794 1636 1026 1708 νομίζων
1050 1637 1247 1691 εἰδέναι
1273 1655 1325 1691 τι
1350 1639 1478 1693 ἄνευ
1501 1637 1753 1708 γνώσεως
1780 1641 1843 1695 ἀ-

246 1728 457 1803 ληθοῦς
478 1730 570 1783 καὶ
595 1730 1046 1802 μαρτυρουμένης
1076 1730 1183 1783 ὑπὸ
1208 1730 1308 1801 τῆς
1344 1729 1512 1802 ζωῆς,
1546 1732 1649 1787 οὐκ
1679 1732 1839 1801 ἔγνω,
1876 1711 1915 1766 Β

249 1822 369 1876 ὑπὸ
404 1821 498 1875 τοῦ
544 1821 722 1891 ὄφεως
747 1822 855 1893 (97)
885 1821 1178 1888 πλανᾶται,
1207 1822 1282 1895 μὴ
1311 1824 1606 1895 ἀγαπήσας
1638 1824 1747 1897 (98)
1780 1825 1843 1879 τὸ

249 1912 382 1986 ζῇν.
421 1912 478 1967 Ὀ
501 1913 558 1967 δὲ
593 1912 732 1985 μετὰ
761 1912 925 1983 φόϐου
951 1914 1227 1984 ἐπιγνοὺς,
1254 1915 1349 1968 καὶ
1378 1914 1523 1987 ζωὴν
1544 1913 1839 1987 ἐπιζητῶν,

248 2008 348 2061 ἐπ’
367 2007 541 2061 ἐλπίδι
564 2006 805 2078 φυτεύει,
829 2008 1040 2080 καρπὸν
1064 2009 1397 2080 προσδοκῶν.
1420 2011 1573 2065 Ἠτω
1607 2012 1689 2064 σοὶ
1716 2029 1844 2084 καρ-

248 2098 370 2163 δία,
406 2099 607 2168 γνῶσις
630 2113 645 2132 ⁸
691 2096 804 2171 ζωὴ
835 2099 922 2163 δὲ,
969 2099 1125 2169 λόγος
1181 2100 1386 2173 ἀληθὴς
1409 2140 1425 2166 ,
1478 2102 1801 2174 χορούμενος
1824 2118 1838 2133 ·

250 2184 321 2243 οὗ
357 2188 509 2254 ξύλον
542 2188 720 2260 φέρων
742 2229 757 2255 ,
792 2190 884 2242 καί
916 2189 1132 2261 καρπὸν
1172 2190 1304 2263 (99).
1350 2228 1365 2245 .
1410 2230 1424 2245 .
1471 2192 1579 2263 ρῶν
1600 2232 1616 2258 ,
1648 2192 1845 2264 τρυγή-

254 2299 380 2346 σεις
431 2281 518 2334 ἀε)⁸
580 2280 649 2334 τὰ
711 2281 863 2354 παρά
896 2281 1014 2353 Θεῷ
1068 2281 1413 2354 ποθούμενα·
1454 2277 1529 2338 ὧν
1575 2284 1696 2354 ὄφις
1744 2285 1843 2355 οὐχ

253 2375 534 2439 ἅπτεται,
596 2373 718 2428 οὐδὲ
772 2373 948 2447 πλάνη
1023 2375 1488 2449 συγχρωτίζεταιο
1553 2377 1673 2431 οὐδὲ
1716 2374 1842 2457 ¹Εὕα

254 2466 543 2539 φθείρεται
573 2464 739 2536 (99⁶),
770 2464 906 2519 ἀλλά
939 2466 1206 2537 παρθένος
1240 2468 1570 2533 πιστεύεται,
1627 2467 1721 2522 καὶ
1747 2485 1845 2523 σω-

251 2559 450 2629 τήριον
481 2557 773 2623 δείκνυται,
809 2558 902 2611 καὶ
928 2557 1218 2611 ἀπόστολοι
1254 2558 1639 2625 συνετίζονται,
1670 2559 1764 2613 καὶ
1781 2560 1843 2614 τὸ

255 2649 469 2721 Κυρίου
500 2649 681 2720 πάσχα
727 2650 1067 2721 προέρχεται,
1101 2652 1195 2704 καὶ
1216 2652 1375 2724 κηροὶ
1415 2652 1560 2723 (100)
1588 2654 1844 2721 συνάγον-

253 2759 371 2805 ται,
387 2743 479 2796 καὶ
503 2743 640 2814 μετά
660 2743 862 2814 κόσμου
890 2742 1187 2815 ἁρμόζεται
1210 2761 1224 2775 ·
1249 2745 1342 2798 καὶ
1371 2745 1633 2800 διδάσκων
1653 2747 1841 2815 ἁγίους

255 2834 461 2903 ὁλόγος
487 2832 833 2906 εὐφραίνεται
855 2834 951 2887 ’δι’
975 2829 1036 2888 οὗ
1064 2835 1253 2909 Πατὴρ
1283 2834 1578 2905 δοξάζεται.
1598 2832 1668 2910 ᾯ
1696 2840 1729 2912 η
1760 2838 1844 2892 δό-
1884 2892 1887 2893 ,

256 2926 330 2995 ξα
357 2929 439 2992 είς
482 2928 608 2992 τοὺς
629 2926 852 2992 αἰῶνας.
904 2927 1097 3000 Ἀμήν.

331 3331 446 3401 (95)
488 3330 651 3386 Ἀλλ’
676 3329 748 3385 οὐ
771 3328 836 3401 τὸ
864 3328 985 3401 τῆς
1003 3327 1299 3399 γνώσεως,
1323 3347 1377 3384 κ.
1430 3346 1481 3383 τ.
1512 3327 1563 3382 λ.
1591 3328 1682 3385 Sic
1712 3331 1833 3387 red-

1956 459 2057 517 tes,
2083 453 2251 508 variis
2273 453 2540 511 fructibus
2562 456 2761 512 ornati.
2788 455 2843 511 ln
2876 458 2979 515 hoc
3000 460 3144 514 enim
3170 460 3292 515 loco
3314 461 3522 532 lignum

1953 547 2284 617 cognitionis
2328 557 2381 603 et
2418 549 2624 619 lignum
2664 549 2790 605 vita:
2818 551 3120 620 plantatum
3150 552 3273 608 fuit.
3318 553 3521 611 Verum

1954 652 2061 691 non
2081 640 2227 707 quod
2255 648 2339 694 est
2360 639 2713 710 cognitionis.
2739 642 2791 695 id
2818 643 3062 712 estquod
3088 659 3118 698 e
3136 645 3316 699 medio
3346 646 3520 713 tollit;

1951 728 2044 782 sed
2068 729 2437 785 inobedientia
2471 746 2501 786 c
2530 730 2712 785 medio
2742 732 2897 786 tollit.
2930 731 3114 803 Neque
3140 736 3285 789 enim
3308 752 3371 791 ea
3395 745 3523 792 sunt

1950 817 2185 887 obscura
2217 836 2339 889 qua:
2386 825 2591 893 scripta
2647 833 2795 888 sunt,
2830 822 2999 878 Deum
3027 825 3094 880 ab
3124 826 3280 881 initio
3312 829 3520 899 lignum

1949 908 2075 963 vitae
2119 909 2173 964 in
2203 912 2384 965 medio
2417 915 2654 982 paradisi
2682 916 2960 984 plantasse
2985 957 3000 980 ,
3026 931 3121 985 per
3151 919 3519 988 cognitionem

1948 1001 2115 1056 vitam
2153 1005 2563 1071 ostendentem;
2591 1022 2699 1076 qua
2750 1023 2875 1062 eum
2912 1025 3048 1078 pure
3080 1010 3162 1064 usi
3205 1027 3312 1065 non
3337 1021 3521 1067 essent

1948 1096 2044 1165 qui
2085 1096 2157 1151 ab
2187 1096 2345 1151 initio
2378 1096 2620 1165 fuerunt,
2653 1098 2955 1170 impostura
3011 1106 3285 1174 serpentis
3326 1107 3519 1162 nudati

1947 1187 2187 1243 luerunt.
2235 1187 2423 1259 Neque
2480 1191 2626 1245 enim
2669 1191 2779 1245 vita
2829 1192 2946 1247 sine
2981 1194 3313 1263 cognitione,
3341 1211 3520 1267 neque

1945 1281 2184 1351 Cognitio
2243 1290 2358 1337 tuta
2413 1282 2531 1337 sine
2581 1283 2689 1337 vita
2732 1299 2882 1340 vera.
2932 1282 3058 1339 Ideo
3111 1285 3164 1339 in
3211 1286 3521 1357 propinquo

1946 1383 2241 1444 utrumque
2288 1375 2592 1445 plantatum
2650 1376 2774 1430 luit.
2804 1375 2982 1442 Quam
3030 1376 3343 1433 facultatem
3391 1395 3516 1434 cum

1943 1466 2310 1535 perspexisset
2360 1465 2655 1533 Apostolus
2677 1506 2692 1529 ,
2730 1467 3129 1536 reprehendens
3152 1469 3519 1539 cognitionem

1942 1572 2067 1627 qua}
2107 1556 2226 1611 sine
2264 1556 2491 1611 veritate
2523 1559 2767 1613 mandati
2797 1559 2851 1612 in
2890 1560 3057 1614 vitam
3095 1571 3399 1628 exercetur,
3436 1562 3519 1616 di-

1944 1656 2016 1708 cit
2044 1669 2057 1706 :
2091 1649 2335 1721 Cognitio
2381 1651 2530 1720 inﬂat
2554 1690 2568 1714 ,
2615 1651 2828 1706 dilectio
2852 1662 3029 1707 autem
3058 1654 3288 1723 aediﬁcat
3316 1655 3379 1709 ¹⁰.
3413 1653 3517 1721 Qui

1944 1747 2089 1802 enim
2118 1754 2273 1816 putat
2307 1760 2366 1800 se
2397 1746 2539 1800 scire
2582 1744 2789 1815 aliquid
2820 1746 2939 1800 sine
2971 1747 3281 1817 cognitione
3304 1762 3430 1802 vera
3464 1756 3519 1801 et

1944 1837 2032 1893 cui
2058 1836 2431 1903 testimonium
2463 1836 2784 1905 perhibetur
2828 1852 2859 1891 a
2887 1838 2995 1891 vita
3017 1879 3032 1905 ,
3065 1853 3170 1891 non
3213 1838 3516 1908 cognOscit,

1943 1946 1973 1985 a
1997 1939 2247 2000 serpente
2276 1931 2564 2001 decipitur,
2603 1931 2733 2000 quia
2773 1912 2938 1985 vitam
2962 1947 3069 1986 non
3105 1932 3316 1986 dilexit.
3336 1932 3517 2004 Atqui

1943 2038 2068 2078 cum
2113 2023 2306 2077 timore
2334 2022 2701 2093 cognitionem
2726 2032 2808 2078 est
2829 2023 3079 2092 adeptus,
3098 2026 3334 2079 etvilam
3363 2042 3516 2095 qua:-

1944 2117 2037 2182 rit,
2079 2115 2135 2169 in
2177 2130 2271 2184 spe
2300 2115 2529 2185 plantat,
2564 2113 2805 2169 fructum
2848 2126 3191 2186 exspectans.
3249 2116 3379 2173 Esto
3418 2117 3516 2173 tibi

1942 2222 2059 2270 cor,
2093 2207 2333 2278 cognitio
2364 2225 2379 2262 :
2414 2208 2524 2262 vita
2571 2217 2755 2277 autem
2779 2247 2795 2273 ,
2830 2223 3012 2263 sermo
3053 2223 3222 2264 verus
3254 2210 3346 2280 qui
3377 2212 3517 2266 reci-

1942 2300 2107 2370 pitur.
2139 2299 2310 2370 Cujus
2352 2300 2561 2370 lignum
2592 2300 2812 2367 ferens,
2846 2309 2901 2356 et
2944 2301 3213 2371 fructum,
3247 2305 3515 2375 percipies

1943 2406 2159 2461 semper
2190 2407 2313 2462 quas
2346 2392 2490 2462 apud
2517 2392 2686 2448 Deum
2716 2394 3116 2459 desiderantur,
3144 2412 3267 2466 qua:
3288 2412 3517 2469 serpens

1943 2498 2053 2537 non
2089 2482 2327 2553 attingit,
2362 2499 2539 2553 neque
2562 2485 2865 2553 impostura
2900 2501 2957 2541 sc
2985 2486 3061 2539 illi
3105 2488 3375 2557 applicat;
3418 2505 3516 2544 ne-

1943 2591 2049 2646 que
2076 2575 2186 2629 Eva
2219 2575 2613 2645 corrumpitur,
2650 2575 2745 2631 sed
2771 2576 2924 2646 virgo
2953 2578 3196 2632 creditur
3220 2597 3235 2646 ;
3271 2588 3325 2634 et
3354 2578 3515 2635 Salu-

1945 2679 2059 2724 tare
2086 2668 2415 2734 ostenditur,
2436 2678 2488 2724 et
2507 2668 2739 2739 apostoli
2762 2668 3115 2741 intelligentia
3141 2671 3512 2740 instruuntur,

1943 2774 1997 2820 et
2031 2763 2248 2818 Domini
2292 2762 2497 2833 pascha
2551 2763 2928 2832 progreditur,
2963 2772 3017 2817 ct
3073 2763 3229 2818 chori
3284 2780 3515 2837 congre-

1943 2864 2158 2928 gantur,
2192 2862 2247 2909 et
2294 2855 2547 2909 decenter
2581 2854 2906 2909 ordinantur
2935 2869 2949 2904 :
2985 2870 3052 2909 ac
3072 2856 3271 2911 docens
3292 2868 3512 2911 sanctos

1943 2964 2123 3005 sermo
2152 2947 2396 3008 laetatur;
2436 2963 2532 3017 per
2562 2962 2727 3017 quem
2791 2946 2957 3004 Pater
2999 2948 3353 3019 gloriﬁcatur.
3405 2947 3509 3004 Cui

1862 3046 1905 3107 (ζ
1939 3041 2109 3112 gloria
2144 3039 2200 3094 in
2230 3038 2675 3097 saecula.Amen.

2004 3332 2119 3397 (99)
2169 3331 2280 3387 Kal
2318 3333 2568 3404 καρπόν.
2618 3332 2929 3404 Stephanus
2999 3342 3055 3388 et
3099 3330 3369 3389 Beurerus
3413 3334 3511 3388 καὶ

255 3399 500 3476 όθὴόιιηι
528 3400 851 3476 crediderim
882 3417 896 3453 :
929 3399 1134 3476 _Vet_‘um
1153 3417 1255 3453 non
1270 3401 1600 3476 cognitionis
1630 3402 1832 3476 lignum

1944 3403 2182 3476 καρποῦή
2223 3399 2405 3476 ὲρῶνξ
2462 3404 2655 3460 Melius
2714 3399 3053 3476 'Svlburgius
3130 3404 3225 3457 καὶ
3300 3406 3514 3475 καρπὸν

256 3472 479 3539 occidit,
509 3472 597 3527 sed
622 3469 992 3524 inobedientia.
1026 3469 1235 3524 ΜΑιιΑΝ.
1268 3471 1322 3524 in
1359 3469 1687 3524 Emendundl

332 3543 446 3613 (96)
479 3545 592 3597 Ἢν
613 3541 870 3613 δύναμιν
891 3539 1106 3613 ἐνιδὼν
1142 3544 1175 3594 ὀ
1199 3541 1587 3613 Ἀπόο-τολοςί.
1614 3540 1670 3595 ld
1702 3551 1787 3597 est
1814 3559 1829 3596 :

1934 3474 1999 3526 ὲκ
2009 3474 2108 3546 ,τλη
2118 3474 2243 3545 ρῶν.

2007 3566 2144 3639 (99‘)
2163 3566 2335 3639 ΔΟὐδὲ
2362 3566 2489 3639 Εὕα
2519 3568 2835 3639 φθείρεται.
2874 3566 3088 3639 Clarior
3112 3571 3216 3623 erit
3239 3569 3509 3639 interpre-

256 3629 328 3669 cu
339 3610 388 3696 in
422 3613 782 3709 perspexisset
810 3610 1128 3692 Apostolus.
1142 3625 1304 3692 quam
1335 3611 1444 3664 vim
1461 3610 1687 3709 “habeat
1706 3682 1717 3693 .
1738 3613 1831 3668 illa

1944 3610 2090 3709 latio,
2126 3610 2175 3692 [si
2196 3638 2277 3709 sic
2300 3610 2611 3709 Areddauat'us
2633 3610 2785 3691 :rUbi
2810 3655 2970 3708 neque
3000 3638 3110 3692 Era
3128 3610 3497 3709 corrumpitur.

257 3681 559 3753 utriusque
581 3681 731 3753 ligni.
764 3696 957 3753 nempe
972 3681 1303 3752 cognitionis
1322 3691 1385 3753 Aet
1423 3681 1565 3753 vitae,
1596 3682 1831 3751 conjun-

256 3757 392 3810 ctio.
422 3750 665 3808 Obscura
692 3750 950 3821 Stephani
998 3750 1372 3820 interpretatio
1407 3750 1618 3815 :Quam
1652 3750 1829 3821 facul-

259 3835 427 3880 tatem
455 3841 573 3878 cum
600 3823 943 3892 perspexisset
983 3822 1283 3892 Apostolus.
1315 3822 1686 3892 MARAlV.jOtd.

337 3895 449 3966 (97)
489 3889 769 3966 'fodtoﬁ
805 3889 1347 3966 ῥφεωςςῐδεωηιὶιιὶι
1397 3889 1492 3966 καί
1538 3890 1824 3966 βοοκ-οτηερ.

337 3961 449 4034 (98)
480 3963 576 4032 Μὴ
617 3963 959 4033 ἀγαπήσας.
993 3962 1068 4017 Ita
1094 3961 1362 4034 Bcurerus
1383 3974 1438 4019 et
1461 3963 1783 4034 Sylhurgius
1810 3983 1823 4018 :

258 4038 533 4108 posterior
555 4036 733 4108 littera
764 4033 926 4103 hujus
949 4034 1155 4108 vocula:
1187 4033 1262 4108 μή
1288 4034 1389 4103 legi
1436 4033 1753 4108 nonpotuit
1773 4035 1825 4108 in

260 4103 370 4161 ins.
396 4107 600 4167 codice,
634 4105 727 4159 sed
759 4112 966 4157 tantum
1001 4122 1058 4172 μ.
1109 4103 1419 4172 Stephanus
1475 4105 1710 4172 reddidit
1760 4106 1823 4159 ob

260 4124 370 4161 IIIS.
396 4122 600 4167 COUICC,
634 4122 727 4159 seu
759 4122 966 4157 tantum
1045 4143 1058 4157 .
1110 4122 1419 4172 atepnanus
1475 4122 1700 4159 l'eUUNlll

260 4193 495 4232 antorem
526 4178 665 4231 vitae.
691 4173 813 4230 Mox
836 4174 979 4232 idem
1001 4122 1272 4231 ἔξω-ειυς
1308 4175 1422 4248 ητω
1468 4170 1561 4229 οὖν
1598 4191 1700 4229 σοι.

1932 3705 2170 3772 Milium,
2195 3707 2330 3762 ibid.

2004 3821 2153 3893 (100)
2186 3823 2386 3893 Κηροί.
2408 3822 2526 3878 Vox
2561 3832 2839 3893 corrupta,
2867 3837 2967 3876 nec
2994 3821 3270 3876 evidenter
3288 3822 3421 3876 lecta
3451 3823 3503 3877 in

1938 3909 2046 3947 ms.
2072 3892 2283 3947 codice.
2315 3892 2431 3947 Non
2462 3892 2749 3949 sanabitur
2783 3894 2979 3946 vulnus
2999 3932 3013 3955 ,
3039 3894 3082 3946 si
3114 3892 3357 3961 legamus
3379 3909 3503 3946 cum

1937 3962 2227 4036 Sylburgio
2260 3965 2476 4036 καιροί.
2503 3965 2607 4019 Sed
2634 3967 2679 4019 si
2722 3980 2989 4036 ponamus
3012 3961 3181 4034 χοροί,
3216 3963 3347 4015 nihil
3375 3977 3505 4032 puto

1936 4033 2734 4105 superfuturuni'dillicultatis.
2757 4033 3499 4105 Stephanus'vogg-rs‘srqneno

1936 4100 2024 4160 tes
2042 4106 2123 4159 sic
2150 4106 2344 4167 reddit,
2378 4115 2569 4159 etcum
2595 4105 2790 4159 mundo
2831 4100 3131 4174 coaptatur.
3170 4100 3396 4158 Videtur
3433 4102 3507 4156 le-

1936 4176 2171 4247 gendum
2206 4176 2555 4249 ἁρμόζονται.
