  <div class='ocr_page' id='page_1' title='image "/cluster/home/n/w/nwhite01/storage/ocr_20150623/2/hvd.32044073501249/599.png"; bbox 0 0 4038 6314; ppageno 0'>
   <div class='ocr_carea' id='block_1_1' title="bbox 608 270 3778 320">
    <p class='ocr_par' dir='ltr' id='par_1_1' title="bbox 608 270 3778 320">
     <span class='ocr_line' id='line_1_1' title="bbox 608 270 3778 320; baseline 0.005 -13"><span class='ocrx_word' id='word_1_1' title='bbox 608 270 3778 320; x_wconf 52' lang='lat' dir='ltr'><em>W</em></span> 
     </span>
    </p>
   </div>
   <div class='ocr_carea' id='block_1_2' title="bbox 520 479 3832 654">
    <p class='ocr_par' dir='ltr' id='par_1_2' title="bbox 520 479 3832 654">
     <span class='ocr_line' id='line_1_2' title="bbox 520 479 3832 654; baseline 0.005 -17"><span class='ocrx_word' id='word_1_2' title='bbox 520 479 2199 642; x_wconf 80' lang='lat' dir='ltr'><strong>PRESBYTERORUM</strong></span> <span class='ocrx_word' id='word_1_3' title='bbox 2303 485 2550 638; x_wconf 90' lang='lat' dir='ltr'><strong>ET</strong></span> <span class='ocrx_word' id='word_1_4' title='bbox 2657 481 3832 654; x_wconf 77' lang='lat' dir='ltr'><strong>DIACONORUM</strong></span> 
     </span>
    </p>
   </div>
   <div class='ocr_carea' id='block_1_3' title="bbox 1912 816 2553 947">
    <p class='ocr_par' dir='ltr' id='par_1_3' title="bbox 1912 816 2553 947">
     <span class='ocr_line' id='line_1_3' title="bbox 1912 816 2553 947; baseline 0.008 -5"><span class='ocrx_word' id='word_1_5' title='bbox 1912 816 2106 946; x_wconf 85' lang='lat' dir='ltr'><strong>AC</strong></span> <span class='ocrx_word' id='word_1_6' title='bbox 2127 816 2553 947; x_wconf 67' lang='grc' dir='ltr'><strong>ΗΑΙλίΕ</strong></span> 
     </span>
    </p>
   </div>
   <div class='ocr_carea' id='block_1_4' title="bbox 729 1117 3679 1218">
    <p class='ocr_par' dir='ltr' id='par_1_4' title="bbox 729 1117 3679 1218">
     <span class='ocr_line' id='line_1_4' title="bbox 729 1117 3679 1218; baseline 0.001 -6"><span class='ocrx_word' id='word_1_7' title='bbox 729 1118 1315 1217; x_wconf 84' lang='lat' dir='ltr'><strong>EPISTOLA</strong></span> <span class='ocrx_word' id='word_1_8' title='bbox 1388 1119 1533 1208; x_wconf 90' lang='lat' dir='ltr'><strong>DE</strong></span> <span class='ocrx_word' id='word_1_9' title='bbox 1615 1117 2259 1211; x_wconf 78' lang='lat' dir='ltr'><strong>MARTYRIO</strong></span> <span class='ocrx_word' id='word_1_10' title='bbox 2332 1120 2430 1212; x_wconf 90' lang='lat' dir='ltr'><strong>S.</strong></span> <span class='ocrx_word' id='word_1_11' title='bbox 2499 1119 3017 1214; x_wconf 68' lang='lat' dir='ltr'><strong>ANDREIE</strong></span> <span class='ocrx_word' id='word_1_12' title='bbox 3109 1122 3679 1218; x_wconf 83' lang='lat' dir='ltr'><strong>APOSTOLI</strong></span> 
     </span>
    </p>
   </div>
   <div class='ocr_carea' id='block_1_5' title="bbox 1373 1525 3028 1650">
    <p class='ocr_par' dir='ltr' id='par_1_5' title="bbox 1373 1525 3028 1650">
     <span class='ocr_line' id='line_1_5' title="bbox 1373 1525 3028 1650; baseline -0.007 0"><span class='ocrx_word' id='word_1_13' title='bbox 1373 1527 2062 1650; x_wconf 83' lang='lat' dir='ltr'><strong>VETERUM</strong></span> <span class='ocrx_word' id='word_1_14' title='bbox 2142 1525 3028 1646; x_wconf 88' lang='lat' dir='ltr'><strong>TESTIMONIA</strong></span> 
     </span>
    </p>
   </div>
   <div class='ocr_carea' id='block_1_6' title="bbox 1184 1768 2779 1838">
    <p class='ocr_par' dir='ltr' id='par_1_6' title="bbox 1184 1768 2779 1838">
     <span class='ocr_line' id='line_1_6' title="bbox 1184 1768 2779 1838; baseline -0.004 -13"><span class='ocrx_word' id='word_1_15' title='bbox 1184 1776 1468 1838; x_wconf 54' lang='lat' dir='ltr'><strong>(Cunarum,</strong></span> <span class='ocrx_word' id='word_1_16' title='bbox 1497 1775 1724 1826; x_wconf 74' lang='lat' dir='ltr'><strong>Veterum</strong></span> <span class='ocrx_word' id='word_1_17' title='bbox 1750 1774 1958 1823; x_wconf 86' lang='lat' dir='ltr'><strong>Patrum</strong></span> <span class='ocrx_word' id='word_1_18' title='bbox 1981 1768 2230 1832; x_wconf 62' lang='lat' dir='ltr'><strong>Biblioth,</strong></span> <span class='ocrx_word' id='word_1_19' title='bbox 2252 1774 2286 1820; x_wconf 75' lang='grc' dir='ltr'><strong>ι.</strong></span> <span class='ocrx_word' id='word_1_20' title='bbox 2309 1770 2347 1820; x_wconf 85' lang='lat' dir='ltr'><strong>I.</strong></span> <span class='ocrx_word' id='word_1_21' title='bbox 2373 1769 2619 1832; x_wconf 81' lang='lat' dir='ltr'><strong>Venetils,</strong></span> <span class='ocrx_word' id='word_1_22' title='bbox 2649 1769 2779 1831; x_wconf 46' lang='lat'><strong>1765:</strong></span> 
     </span>
    </p>
   </div>
   <div class='ocr_carea' id='block_1_7' title="bbox 1630 1768 3225 1838">
    <p class='ocr_par' dir='ltr' id='par_1_7' title="bbox 1630 1768 3225 1834">
     <span class='ocr_line' id='line_1_7' title="bbox 1630 1768 3225 1834; baseline -0.002 -11"><span class='ocrx_word' id='word_1_23' title='bbox 1630 1786 1724 1823; x_wconf 65' lang='lat' dir='ltr'><strong>&#39;um</strong></span> <span class='ocrx_word' id='word_1_24' title='bbox 1750 1774 1958 1823; x_wconf 85' lang='lat' dir='ltr'><strong>Patrum</strong></span> <span class='ocrx_word' id='word_1_25' title='bbox 1981 1768 2230 1832; x_wconf 55' lang='lat' dir='ltr'><strong>Bibliodn,</strong></span> <span class='ocrx_word' id='word_1_26' title='bbox 2252 1774 2286 1820; x_wconf 90' lang='lat' dir='ltr'><strong>t.</strong></span> <span class='ocrx_word' id='word_1_27' title='bbox 2309 1770 2347 1820; x_wconf 83' lang='grc' dir='ltr'><strong>Ι.</strong></span> <span class='ocrx_word' id='word_1_28' title='bbox 2373 1769 2619 1832; x_wconf 82' lang='lat' dir='ltr'><strong>Venetiis,</strong></span> <span class='ocrx_word' id='word_1_29' title='bbox 2649 1769 2789 1831; x_wconf 79' lang='grc'><strong>1765,</strong></span> <span class='ocrx_word' id='word_1_30' title='bbox 2815 1769 2996 1829; x_wconf 81' lang='lat' dir='ltr'><strong>in-fol.,</strong></span> <span class='ocrx_word' id='word_1_31' title='bbox 3019 1783 3066 1834; x_wconf 89' lang='lat' dir='ltr'><strong>p.</strong></span> <span class='ocrx_word' id='word_1_32' title='bbox 3095 1770 3225 1834; x_wconf 65' lang='lat' dir='ltr'><strong>uti.)</strong></span> 
     </span>
    </p>
   </div>
   <div class='ocr_carea' id='block_1_8' title="bbox 1065 2204 3358 2284">
    <p class='ocr_par' dir='ltr' id='par_1_8' title="bbox 1065 2204 3358 2284">
     <span class='ocr_line' id='line_1_8' title="bbox 1065 2204 3358 2284; baseline -0.003 -18"><span class='ocrx_word' id='word_1_33' title='bbox 1065 2213 1335 2282; x_wconf 59' lang='lat' dir='ltr'><strong>Duasus,</strong></span> <span class='ocrx_word' id='word_1_34' title='bbox 1369 2214 1445 2268; x_wconf 78' lang='lat' dir='ltr'><strong>vel</strong></span> <span class='ocrx_word' id='word_1_35' title='bbox 1475 2213 1713 2284; x_wconf 78' lang='lat' dir='ltr'><strong>quisquis</strong></span> <span class='ocrx_word' id='word_1_36' title='bbox 1739 2221 1925 2266; x_wconf 80' lang='lat' dir='ltr'><strong><em>auctor</em></strong></span> <span class='ocrx_word' id='word_1_37' title='bbox 1952 2212 2043 2278; x_wconf 77' lang='lat' dir='ltr'><strong>sit,</strong></span> <span class='ocrx_word' id='word_1_38' title='bbox 2075 2211 2259 2267; x_wconf 79' lang='lat' dir='ltr'><strong>Carm.</strong></span> <span class='ocrx_word' id='word_1_39' title='bbox 2292 2225 2366 2279; x_wconf 85' lang='lat' dir='ltr'><strong>IV,</strong></span> <span class='ocrx_word' id='word_1_40' title='bbox 2399 2225 2466 2264; x_wconf 80' lang='lat' dir='ltr'><strong>ea:</strong></span> <span class='ocrx_word' id='word_1_41' title='bbox 2490 2208 2619 2264; x_wconf 84' lang='lat' dir='ltr'><strong>edit.</strong></span> <span class='ocrx_word' id='word_1_42' title='bbox 2659 2205 2962 2272; x_wconf 83' lang='lat' dir='ltr'><strong>Sarazanii,</strong></span> <span class='ocrx_word' id='word_1_43' title='bbox 2991 2204 3168 2260; x_wconf 76' lang='lat' dir='ltr'><strong>Roma:</strong></span> <span class='ocrx_word' id='word_1_44' title='bbox 3197 2204 3358 2259; x_wconf 74' lang='grc'><strong>1658.</strong></span> 
     </span>
    </p>
   </div>
   <div class='ocr_carea' id='block_1_9' title="bbox 1473 2329 2245 2399">
    <p class='ocr_par' dir='ltr' id='par_1_9' title="bbox 1473 2329 2245 2399">
     <span class='ocr_line' id='line_1_9' title="bbox 1473 2329 2245 2399; baseline -0.001 -14"><span class='ocrx_word' id='word_1_45' title='bbox 1473 2331 1716 2395; x_wconf 85' lang='lat' dir='ltr'><strong>Andrea,</strong></span> <span class='ocrx_word' id='word_1_46' title='bbox 1746 2329 1948 2385; x_wconf 75' lang='lat' dir='ltr'><strong>Christi</strong></span> <span class='ocrx_word' id='word_1_47' title='bbox 1981 2329 2245 2399; x_wconf 84' lang='lat' dir='ltr'><strong>apostole.</strong></span> 
     </span>
    </p>
   </div>
   <div class='ocr_carea' id='block_1_10' title="bbox 1615 2399 2324 2470">
    <p class='ocr_par' dir='ltr' id='par_1_10' title="bbox 1615 2399 2324 2470">
     <span class='ocr_line' id='line_1_10' title="bbox 1615 2399 2324 2470; baseline 0.004 -16"><span class='ocrx_word' id='word_1_48' title='bbox 1615 2400 1729 2454; x_wconf 86' lang='lat' dir='ltr'><strong>Hoc</strong></span> <span class='ocrx_word' id='word_1_49' title='bbox 1760 2400 1879 2469; x_wconf 86' lang='lat' dir='ltr'><strong>ipso</strong></span> <span class='ocrx_word' id='word_1_50' title='bbox 1905 2399 2018 2470; x_wconf 84' lang='lat' dir='ltr'><strong>jam</strong></span> <span class='ocrx_word' id='word_1_51' title='bbox 2056 2401 2324 2457; x_wconf 90' lang='lat' dir='ltr'><strong>vocabulo</strong></span> 
     </span>
    </p>
   </div>
   <div class='ocr_carea' id='block_1_11' title="bbox 1624 2470 2281 2537">
    <p class='ocr_par' dir='ltr' id='par_1_11' title="bbox 1624 2470 2281 2537">
     <span class='ocr_line' id='line_1_11' title="bbox 1624 2470 2281 2537; baseline 0.003 -14"><span class='ocrx_word' id='word_1_52' title='bbox 1624 2470 1872 2537; x_wconf 75' lang='lat' dir='ltr'><strong>Signaris</strong></span> <span class='ocrx_word' id='word_1_53' title='bbox 1906 2471 2010 2524; x_wconf 87' lang='lat' dir='ltr'><strong>isto</strong></span> <span class='ocrx_word' id='word_1_54' title='bbox 2037 2471 2281 2537; x_wconf 86' lang='lat' dir='ltr'><strong>nomine,</strong></span> 
     </span>
    </p>
   </div>
   <div class='ocr_carea' id='block_1_12' title="bbox 1620 2539 2320 2612">
    <p class='ocr_par' dir='ltr' id='par_1_12' title="bbox 1620 2539 2320 2612">
     <span class='ocr_line' id='line_1_12' title="bbox 1620 2539 2320 2612; baseline -0.001 -18"><span class='ocrx_word' id='word_1_55' title='bbox 1620 2539 1860 2596; x_wconf 87' lang='lat' dir='ltr'><strong>Decorus</strong></span> <span class='ocrx_word' id='word_1_56' title='bbox 1894 2541 2035 2595; x_wconf 89' lang='lat' dir='ltr'><strong>idem</strong></span> <span class='ocrx_word' id='word_1_57' title='bbox 2069 2543 2320 2612; x_wconf 80' lang='lat' dir='ltr'><strong>mystice.</strong></span> 
     </span>
    </p>
   </div>
   <div class='ocr_carea' id='block_1_13' title="bbox 1475 2654 2378 2725">
    <p class='ocr_par' dir='ltr' id='par_1_13' title="bbox 1475 2654 2378 2725">
     <span class='ocr_line' id='line_1_13' title="bbox 1475 2654 2378 2725; baseline -0.003 -14"><span class='ocrx_word' id='word_1_58' title='bbox 1475 2657 1645 2722; x_wconf 85' lang='lat' dir='ltr'><strong>Quem</strong></span> <span class='ocrx_word' id='word_1_59' title='bbox 1680 2672 1811 2711; x_wconf 75' lang='lat' dir='ltr'><strong>crux</strong></span> <span class='ocrx_word' id='word_1_60' title='bbox 1844 2656 1912 2711; x_wconf 85' lang='lat' dir='ltr'><strong>ad</strong></span> <span class='ocrx_word' id='word_1_61' title='bbox 1945 2656 2053 2710; x_wconf 83' lang='lat' dir='ltr'><strong>alta</strong></span> <span class='ocrx_word' id='word_1_62' title='bbox 2087 2654 2340 2725; x_wconf 77' lang='lat' dir='ltr'><strong>provehit</strong></span> <span class='ocrx_word' id='word_1_63' title='bbox 2363 2695 2378 2718; x_wconf 86' lang='lat'><strong>,</strong></span> 
     </span>
    </p>
   </div>
   <div class='ocr_carea' id='block_1_14' title="bbox 1614 2725 2398 2796">
    <p class='ocr_par' dir='ltr' id='par_1_14' title="bbox 1614 2725 2398 2796">
     <span class='ocr_line' id='line_1_14' title="bbox 1614 2725 2398 2796; baseline -0.005 -16"><span class='ocrx_word' id='word_1_64' title='bbox 1614 2726 1764 2780; x_wconf 80' lang='lat' dir='ltr'><strong>Crux</strong></span> <span class='ocrx_word' id='word_1_65' title='bbox 1791 2743 1953 2796; x_wconf 88' lang='lat' dir='ltr'><strong>quem</strong></span> <span class='ocrx_word' id='word_1_66' title='bbox 1991 2728 2148 2780; x_wconf 86' lang='lat' dir='ltr'><strong>beata</strong></span> <span class='ocrx_word' id='word_1_67' title='bbox 2185 2725 2398 2794; x_wconf 81' lang='lat' dir='ltr'><strong>diligit,</strong></span> 
     </span>
    </p>
   </div>
   <div class='ocr_carea' id='block_1_15' title="bbox 1619 2797 2417 2866">
    <p class='ocr_par' dir='ltr' id='par_1_15' title="bbox 1619 2797 2417 2866">
     <span class='ocr_line' id='line_1_15' title="bbox 1619 2797 2417 2866; baseline 0 -16"><span class='ocrx_word' id='word_1_68' title='bbox 1619 2797 1720 2851; x_wconf 87' lang='lat' dir='ltr'><strong>Cui</strong></span> <span class='ocrx_word' id='word_1_69' title='bbox 1758 2811 1893 2852; x_wconf 84' lang='lat' dir='ltr'><strong>crux</strong></span> <span class='ocrx_word' id='word_1_70' title='bbox 1927 2812 2112 2851; x_wconf 88' lang='lat' dir='ltr'><strong>amara</strong></span> <span class='ocrx_word' id='word_1_71' title='bbox 2146 2804 2417 2866; x_wconf 56' lang='lat' dir='ltr'><strong>praeparat</strong></span> 
     </span>
    </p>
   </div>
   <div class='ocr_carea' id='block_1_16' title="bbox 1619 2866 2262 2937">
    <p class='ocr_par' dir='ltr' id='par_1_16' title="bbox 1619 2866 2262 2937">
     <span class='ocr_line' id='line_1_16' title="bbox 1619 2866 2262 2937; baseline 0.005 -18"><span class='ocrx_word' id='word_1_72' title='bbox 1619 2866 1785 2924; x_wconf 88' lang='lat' dir='ltr'><strong>Lucis</strong></span> <span class='ocrx_word' id='word_1_73' title='bbox 1813 2867 2012 2922; x_wconf 66' lang='lat' dir='ltr'><strong>futura:</strong></span> <span class='ocrx_word' id='word_1_74' title='bbox 2038 2868 2262 2937; x_wconf 78' lang='lat' dir='ltr'><strong>gaudia.</strong></span> 
     </span>
    </p>
   </div>
   <div class='ocr_carea' id='block_1_17' title="bbox 1481 2983 2186 3053">
    <p class='ocr_par' dir='ltr' id='par_1_17' title="bbox 1481 2983 2186 3053">
     <span class='ocr_line' id='line_1_17' title="bbox 1481 2983 2186 3053; baseline 0 -17"><span class='ocrx_word' id='word_1_75' title='bbox 1481 2983 1538 3037; x_wconf 84' lang='lat' dir='ltr'><strong>In</strong></span> <span class='ocrx_word' id='word_1_76' title='bbox 1571 2994 1622 3038; x_wconf 89' lang='lat' dir='ltr'><strong>te</strong></span> <span class='ocrx_word' id='word_1_77' title='bbox 1652 2983 1833 3039; x_wconf 87' lang='lat' dir='ltr'><strong>crucis</strong></span> <span class='ocrx_word' id='word_1_78' title='bbox 1864 2983 2186 3053; x_wconf 73' lang='lat' dir='ltr'><strong>mysterium</strong></span> 
     </span>
    </p>
   </div>
   <div class='ocr_carea' id='block_1_18' title="bbox 1620 3053 2325 3126">
    <p class='ocr_par' dir='ltr' id='par_1_18' title="bbox 1620 3053 2325 3126">
     <span class='ocr_line' id='line_1_18' title="bbox 1620 3053 2325 3126; baseline 0.003 -19"><span class='ocrx_word' id='word_1_79' title='bbox 1620 3053 1769 3126; x_wconf 59' lang='lat' dir='ltr'><strong>Quit</strong></span> <span class='ocrx_word' id='word_1_80' title='bbox 1789 3056 2020 3126; x_wconf 75' lang='lat' dir='ltr'><strong>gemello</strong></span> <span class='ocrx_word' id='word_1_81' title='bbox 2045 3055 2325 3126; x_wconf 68' lang='lat' dir='ltr'><strong>stigmate,</strong></span> 
     </span>
    </p>
   </div>
   <div class='ocr_carea' id='block_1_19' title="bbox 1621 3124 2600 3194">
    <p class='ocr_par' dir='ltr' id='par_1_19' title="bbox 1621 3124 2600 3194">
     <span class='ocr_line' id='line_1_19' title="bbox 1621 3124 2600 3194; baseline 0 -16"><span class='ocrx_word' id='word_1_82' title='bbox 1621 3125 1762 3179; x_wconf 90' lang='lat' dir='ltr'><strong>Dum</strong></span> <span class='ocrx_word' id='word_1_83' title='bbox 1795 3124 1996 3191; x_wconf 80' lang='lat' dir='ltr'><strong>probra</strong></span> <span class='ocrx_word' id='word_1_84' title='bbox 2027 3124 2204 3180; x_wconf 90' lang='lat' dir='ltr'><strong>vincis</strong></span> <span class='ocrx_word' id='word_1_85' title='bbox 2235 3140 2329 3194; x_wconf 87' lang='lat' dir='ltr'><strong>per</strong></span> <span class='ocrx_word' id='word_1_86' title='bbox 2356 3139 2600 3187; x_wconf 90' lang='lat' dir='ltr'><strong>crucem,</strong></span> 
     </span>
    </p>
   </div>
   <div class='ocr_carea' id='block_1_20' title="bbox 1619 3193 2953 3266">
    <p class='ocr_par' dir='ltr' id='par_1_20' title="bbox 1619 3193 2953 3266">
     <span class='ocr_line' id='line_1_20' title="bbox 1619 3193 2953 3266; baseline -0.003 -15"><span class='ocrx_word' id='word_1_87' title='bbox 1619 3195 1922 3264; x_wconf 85' lang='lat' dir='ltr'><strong>Crucisque</strong></span> <span class='ocrx_word' id='word_1_88' title='bbox 1947 3193 2142 3264; x_wconf 88' lang='lat' dir='ltr'><strong>pandis</strong></span> <span class='ocrx_word' id='word_1_89' title='bbox 2167 3193 2510 3266; x_wconf 80' lang='lat' dir='ltr'><strong>sanguinem.</strong></span> <span class='ocrx_word' id='word_1_90' title='bbox 2542 3194 2714 3266; x_wconf 84' lang='lat' dir='ltr'><strong>Epist.</strong></span> <span class='ocrx_word' id='word_1_91' title='bbox 2746 3211 2863 3265; x_wconf 87' lang='lat' dir='ltr'><strong>cap.</strong></span> <span class='ocrx_word' id='word_1_92' title='bbox 2902 3209 2953 3247; x_wconf 68' lang='grc' dir='ltr'><strong>κ.</strong></span> 
     </span>
    </p>
   </div>
   <div class='ocr_carea' id='block_1_21' title="bbox 774 3431 3647 3514">
    <p class='ocr_par' dir='ltr' id='par_1_21' title="bbox 774 3431 3647 3514">
     <span class='ocr_line' id='line_1_21' title="bbox 774 3431 3647 3514; baseline -0.005 -17"><span class='ocrx_word' id='word_1_93' title='bbox 774 3442 1148 3511; x_wconf 61' lang='grc' dir='ltr'><strong>Ηιειιοκηυε,</strong></span> <span class='ocrx_word' id='word_1_94' title='bbox 1173 3442 1335 3514; x_wconf 90' lang='lat' dir='ltr'><strong>epist.</strong></span> <span class='ocrx_word' id='word_1_95' title='bbox 1369 3458 1459 3497; x_wconf 71' lang='grc' dir='ltr'><strong>ιιι</strong></span> <span class='ocrx_word' id='word_1_96' title='bbox 1489 3441 1564 3496; x_wconf 82' lang='grc' dir='ltr'><strong>αι.</strong></span> <span class='ocrx_word' id='word_1_97' title='bbox 1595 3455 1798 3496; x_wconf 70' lang='grc' dir='ltr'><strong>ωινιιι</strong></span> <span class='ocrx_word' id='word_1_98' title='bbox 1832 3439 1900 3496; x_wconf 86' lang='lat' dir='ltr'><strong>ad</strong></span> <span class='ocrx_word' id='word_1_99' title='bbox 1933 3438 2269 3508; x_wconf 83' lang='lat' dir='ltr'><strong>Marcellam,</strong></span> <span class='ocrx_word' id='word_1_100' title='bbox 2299 3456 2448 3495; x_wconf 81' lang='lat' dir='ltr'><strong>nam.</strong></span> <span class='ocrx_word' id='word_1_101' title='bbox 2477 3440 2532 3507; x_wconf 82' lang='lat'><strong>5,</strong></span> <span class='ocrx_word' id='word_1_102' title='bbox 2569 3449 2696 3496; x_wconf 88' lang='lat' dir='ltr'><strong>tom.</strong></span> <span class='ocrx_word' id='word_1_103' title='bbox 2724 3440 2765 3506; x_wconf 89' lang='lat' dir='ltr'><strong>l,</strong></span> <span class='ocrx_word' id='word_1_104' title='bbox 2789 3457 2910 3512; x_wconf 86' lang='lat' dir='ltr'><strong>pag.</strong></span> <span class='ocrx_word' id='word_1_105' title='bbox 2943 3439 3068 3506; x_wconf 70' lang='lat'><strong>5&#39;28,</strong></span> <span class='ocrx_word' id='word_1_106' title='bbox 3100 3438 3227 3492; x_wconf 84' lang='lat' dir='ltr'><strong>edit.</strong></span> <span class='ocrx_word' id='word_1_107' title='bbox 3272 3435 3467 3490; x_wconf 84' lang='lat' dir='ltr'><strong><em>Veron.</em></strong></span> <span class='ocrx_word' id='word_1_108' title='bbox 3503 3431 3647 3486; x_wconf 67' lang='lat'><strong>173.5.</strong></span> 
     </span>
    </p>
   </div>
   <div class='ocr_carea' id='block_1_22' title="bbox 673 3543 3792 3630">
    <p class='ocr_par' dir='ltr' id='par_1_22' title="bbox 673 3543 3792 3630">
     <span class='ocr_line' id='line_1_22' title="bbox 673 3543 3792 3630; baseline -0.004 -14"><span class='ocrx_word' id='word_1_109' title='bbox 673 3562 729 3616; x_wconf 90' lang='lat' dir='ltr'><strong>In</strong></span> <span class='ocrx_word' id='word_1_110' title='bbox 765 3563 1019 3617; x_wconf 85' lang='lat' dir='ltr'><strong>omnibus</strong></span> <span class='ocrx_word' id='word_1_111' title='bbox 1053 3561 1186 3619; x_wconf 91' lang='lat' dir='ltr'><strong>locis</strong></span> <span class='ocrx_word' id='word_1_112' title='bbox 1231 3561 1556 3617; x_wconf 82' lang='lat' dir='ltr'><strong>versabatur</strong></span> <span class='ocrx_word' id='word_1_113' title='bbox 1593 3559 1839 3630; x_wconf 81' lang='lat' dir='ltr'><strong>(Jesus):</strong></span> <span class='ocrx_word' id='word_1_114' title='bbox 1873 3576 1998 3616; x_wconf 83' lang='lat' dir='ltr'><strong>cum</strong></span> <span class='ocrx_word' id='word_1_115' title='bbox 2033 3559 2247 3615; x_wconf 86' lang='lat' dir='ltr'><strong>Thoma</strong></span> <span class='ocrx_word' id='word_1_116' title='bbox 2279 3559 2334 3614; x_wconf 93' lang='lat' dir='ltr'><strong>in</strong></span> <span class='ocrx_word' id='word_1_117' title='bbox 2365 3559 2543 3627; x_wconf 84' lang='lat' dir='ltr'><strong>India,</strong></span> <span class='ocrx_word' id='word_1_118' title='bbox 2568 3575 2693 3616; x_wconf 89' lang='lat' dir='ltr'><strong>cum</strong></span> <span class='ocrx_word' id='word_1_119' title='bbox 2726 3557 2888 3615; x_wconf 81' lang='lat' dir='ltr'><strong>Petro</strong></span> <span class='ocrx_word' id='word_1_120' title='bbox 2930 3557 3136 3622; x_wconf 60' lang='lat' dir='ltr'><strong>Bonna,</strong></span> <span class='ocrx_word' id='word_1_121' title='bbox 3167 3571 3291 3611; x_wconf 89' lang='lat' dir='ltr'><strong>cum</strong></span> <span class='ocrx_word' id='word_1_122' title='bbox 3321 3553 3492 3608; x_wconf 86' lang='lat' dir='ltr'><strong>Paulo</strong></span> <span class='ocrx_word' id='word_1_123' title='bbox 3512 3553 3564 3606; x_wconf 90' lang='lat' dir='ltr'><strong>in</strong></span> <span class='ocrx_word' id='word_1_124' title='bbox 3596 3543 3792 3617; x_wconf 72' lang='lat' dir='ltr'><strong>Illyric&quot;.</strong></span> 
     </span>
    </p>
   </div>
   <div class='ocr_carea' id='block_1_23' title="bbox 603 3631 2298 3701">
    <p class='ocr_par' dir='ltr' id='par_1_23' title="bbox 603 3631 2298 3701">
     <span class='ocr_line' id='line_1_23' title="bbox 603 3631 2298 3701; baseline -0.002 -13"><span class='ocrx_word' id='word_1_125' title='bbox 603 3649 726 3690; x_wconf 88' lang='lat' dir='ltr'><strong>cum</strong></span> <span class='ocrx_word' id='word_1_126' title='bbox 755 3632 878 3689; x_wconf 89' lang='lat' dir='ltr'><strong>Tito</strong></span> <span class='ocrx_word' id='word_1_127' title='bbox 904 3633 958 3687; x_wconf 90' lang='lat' dir='ltr'><strong>in</strong></span> <span class='ocrx_word' id='word_1_128' title='bbox 985 3633 1168 3700; x_wconf 86' lang='lat' dir='ltr'><strong>Creta,</strong></span> <span class='ocrx_word' id='word_1_129' title='bbox 1199 3648 1324 3689; x_wconf 86' lang='lat' dir='ltr'><strong>cum</strong></span> <span class='ocrx_word' id='word_1_130' title='bbox 1348 3634 1565 3688; x_wconf 81' lang='lat' dir='ltr'><strong>Andrea</strong></span> <span class='ocrx_word' id='word_1_131' title='bbox 1595 3633 1650 3687; x_wconf 91' lang='lat' dir='ltr'><strong>in</strong></span> <span class='ocrx_word' id='word_1_132' title='bbox 1676 3631 1903 3687; x_wconf 86' lang='lat' dir='ltr'><strong>Achaia.</strong></span> <span class='ocrx_word' id='word_1_133' title='bbox 1931 3631 2071 3701; x_wconf 86' lang='lat' dir='ltr'><strong>Cap.</strong></span> <span class='ocrx_word' id='word_1_134' title='bbox 2101 3645 2164 3698; x_wconf 84' lang='grc' dir='ltr'><strong>ιι,</strong></span> <span class='ocrx_word' id='word_1_135' title='bbox 2191 3639 2298 3685; x_wconf 87' lang='lat' dir='ltr'><strong>etc.</strong></span> 
     </span>
    </p>
   </div>
   <div class='ocr_carea' id='block_1_24' title="bbox 2201 3789 2285 3847">
    <p class='ocr_par' dir='ltr' id='par_1_24' title="bbox 2201 3789 2285 3847">
     <span class='ocr_line' id='line_1_24' title="bbox 2201 3789 2285 3847; baseline 0.012 -1"><span class='ocrx_word' id='word_1_136' title='bbox 2201 3789 2285 3847; x_wconf 83' lang='lat' dir='ltr'><strong>lll.</strong></span> 
     </span>
    </p>
   </div>
   <div class='ocr_carea' id='block_1_25' title="bbox 1410 3903 3034 3982">
    <p class='ocr_par' dir='ltr' id='par_1_25' title="bbox 1410 3903 3034 3982">
     <span class='ocr_line' id='line_1_25' title="bbox 1410 3903 3034 3982; baseline -0.007 -15"><span class='ocrx_word' id='word_1_137' title='bbox 1410 3911 1759 3969; x_wconf 73' lang='lat' dir='ltr'><strong>GAUDENTIUS</strong></span> <span class='ocrx_word' id='word_1_138' title='bbox 1790 3913 1963 3982; x_wconf 83' lang='lat' dir='ltr'><strong>Brix.,</strong></span> <span class='ocrx_word' id='word_1_139' title='bbox 1997 3916 2053 3968; x_wconf 89' lang='lat' dir='ltr'><strong>in</strong></span> <span class='ocrx_word' id='word_1_140' title='bbox 2085 3931 2243 3970; x_wconf 77' lang='lat' dir='ltr'><strong>serm.</strong></span> <span class='ocrx_word' id='word_1_141' title='bbox 2275 3911 2452 3966; x_wconf 87' lang='lat' dir='ltr'><strong>habito</strong></span> <span class='ocrx_word' id='word_1_142' title='bbox 2481 3909 2535 3962; x_wconf 86' lang='lat' dir='ltr'><strong>in</strong></span> <span class='ocrx_word' id='word_1_143' title='bbox 2567 3905 2810 3962; x_wconf 84' lang='lat' dir='ltr'><strong>Dedicat.</strong></span> <span class='ocrx_word' id='word_1_144' title='bbox 2837 3903 3034 3959; x_wconf 87' lang='lat' dir='ltr'><strong>eccles.</strong></span> 
     </span>
    </p>
   </div>
   <div class='ocr_carea' id='block_1_26' title="bbox 677 3998 3795 4100">
    <p class='ocr_par' dir='ltr' id='par_1_26' title="bbox 677 3998 3795 4100">
     <span class='ocr_line' id='line_1_26' title="bbox 677 3998 3795 4100; baseline -0.007 -18"><span class='ocrx_word' id='word_1_145' title='bbox 677 4028 915 4086; x_wconf 83' lang='lat' dir='ltr'><strong>Joannes</strong></span> <span class='ocrx_word' id='word_1_146' title='bbox 950 4029 1004 4084; x_wconf 91' lang='lat' dir='ltr'><strong>in</strong></span> <span class='ocrx_word' id='word_1_147' title='bbox 1041 4028 1340 4085; x_wconf 85' lang='lat' dir='ltr'><strong>Sehastcna</strong></span> <span class='ocrx_word' id='word_1_148' title='bbox 1373 4030 1510 4084; x_wconf 84' lang='lat' dir='ltr'><strong>urbe</strong></span> <span class='ocrx_word' id='word_1_149' title='bbox 1531 4031 1827 4100; x_wconf 63' lang='lat' dir='ltr'><strong>provinciae</strong></span> <span class='ocrx_word' id='word_1_150' title='bbox 1873 4030 2206 4090; x_wconf 57' lang='lat' dir='ltr'><strong>Palaestinae.</strong></span> <span class='ocrx_word' id='word_1_151' title='bbox 2234 4025 2477 4082; x_wconf 81' lang='lat' dir='ltr'><strong>Thomas</strong></span> <span class='ocrx_word' id='word_1_152' title='bbox 2506 4020 2651 4093; x_wconf 86' lang='lat' dir='ltr'><strong>apud</strong></span> <span class='ocrx_word' id='word_1_153' title='bbox 2687 4018 2871 4082; x_wconf 86' lang='lat' dir='ltr'><strong>Indos,</strong></span> <span class='ocrx_word' id='word_1_154' title='bbox 2895 4017 3142 4071; x_wconf 82' lang='lat' dir='ltr'><strong>Andreas</strong></span> <span class='ocrx_word' id='word_1_155' title='bbox 3183 4019 3236 4068; x_wconf 90' lang='lat' dir='ltr'><strong>et</strong></span> <span class='ocrx_word' id='word_1_156' title='bbox 3271 4008 3449 4066; x_wconf 88' lang='lat' dir='ltr'><strong>Lucas</strong></span> <span class='ocrx_word' id='word_1_157' title='bbox 3491 4003 3624 4079; x_wconf 85' lang='lat' dir='ltr'><strong>apud</strong></span> <span class='ocrx_word' id='word_1_158' title='bbox 3652 3998 3795 4054; x_wconf 58' lang='grc' dir='ltr'><strong>Ρῖίιινις</strong></span> 
     </span>
    </p>
   </div>
   <div class='ocr_carea' id='block_1_27' title="bbox 615 4100 2213 4172">
    <p class='ocr_par' dir='ltr' id='par_1_27' title="bbox 615 4100 2213 4172">
     <span class='ocr_line' id='line_1_27' title="bbox 615 4100 2213 4172; baseline 0 -18"><span class='ocrx_word' id='word_1_159' title='bbox 615 4101 836 4156; x_wconf 71' lang='lat' dir='ltr'><strong>Acbaize</strong></span> <span class='ocrx_word' id='word_1_160' title='bbox 860 4101 1159 4166; x_wconf 87' lang='lat' dir='ltr'><strong>civitatem,</strong></span> <span class='ocrx_word' id='word_1_161' title='bbox 1188 4103 1560 4156; x_wconf 86' lang='lat' dir='ltr'><strong>consummati</strong></span> <span class='ocrx_word' id='word_1_162' title='bbox 1586 4100 1919 4156; x_wconf 78' lang='lat' dir='ltr'><strong>referuntur.</strong></span> <span class='ocrx_word' id='word_1_163' title='bbox 1953 4101 2085 4172; x_wconf 90' lang='lat' dir='ltr'><strong>Cap.</strong></span> <span class='ocrx_word' id='word_1_164' title='bbox 2115 4115 2213 4154; x_wconf 78' lang='lat' dir='ltr'><strong>xu.</strong></span> 
     </span>
    </p>
   </div>
   <div class='ocr_carea' id='block_1_28' title="bbox 2187 4232 2277 4288">
    <p class='ocr_par' dir='ltr' id='par_1_28' title="bbox 2187 4232 2277 4288">
     <span class='ocr_line' id='line_1_28' title="bbox 2187 4232 2277 4288; baseline 0 -1"><span class='ocrx_word' id='word_1_165' title='bbox 2187 4232 2277 4288; x_wconf 69' lang='grc' dir='ltr'><strong>ιγ.</strong></span> 
     </span>
    </p>
   </div>
   <div class='ocr_carea' id='block_1_29' title="bbox 980 4331 3497 4419">
    <p class='ocr_par' dir='ltr' id='par_1_29' title="bbox 980 4331 3497 4419">
     <span class='ocr_line' id='line_1_29' title="bbox 980 4331 3497 4419; baseline -0.009 -10"><span class='ocrx_word' id='word_1_166' title='bbox 980 4355 1253 4409; x_wconf 67' lang='grc' dir='ltr'><strong>Ρλυιικυε</strong></span> <span class='ocrx_word' id='word_1_167' title='bbox 1284 4348 1554 4415; x_wconf 66' lang='lat' dir='ltr'><strong>Non/mus,</strong></span> <span class='ocrx_word' id='word_1_168' title='bbox 1587 4350 1653 4405; x_wconf 89' lang='lat' dir='ltr'><strong>de</strong></span> <span class='ocrx_word' id='word_1_169' title='bbox 1678 4349 1735 4405; x_wconf 93' lang='lat' dir='ltr'><strong>S.</strong></span> <span class='ocrx_word' id='word_1_170' title='bbox 1762 4348 1960 4419; x_wconf 87' lang='lat' dir='ltr'><strong>Felice,</strong></span> <span class='ocrx_word' id='word_1_171' title='bbox 1989 4350 2178 4405; x_wconf 78' lang='lat' dir='ltr'><strong>Natat.</strong></span> <span class='ocrx_word' id='word_1_172' title='bbox 2213 4366 2290 4415; x_wconf 70' lang='grc' dir='ltr'><strong>ιι,</strong></span> <span class='ocrx_word' id='word_1_173' title='bbox 2322 4363 2454 4402; x_wconf 78' lang='lat' dir='ltr'><strong>vers.</strong></span> <span class='ocrx_word' id='word_1_174' title='bbox 2487 4344 2615 4410; x_wconf 75' lang='grc'><strong>406,</strong></span> <span class='ocrx_word' id='word_1_175' title='bbox 2646 4359 2767 4415; x_wconf 85' lang='lat' dir='ltr'><strong>pag.</strong></span> <span class='ocrx_word' id='word_1_176' title='bbox 2795 4340 2920 4409; x_wconf 79' lang='lat'><strong>637,</strong></span> <span class='ocrx_word' id='word_1_177' title='bbox 2953 4339 3080 4394; x_wconf 87' lang='lat' dir='ltr'><strong>edit.</strong></span> <span class='ocrx_word' id='word_1_178' title='bbox 3119 4336 3303 4392; x_wconf 79' lang='lat' dir='ltr'><strong>Veron.</strong></span> <span class='ocrx_word' id='word_1_179' title='bbox 3343 4331 3497 4387; x_wconf 78' lang='lat' dir='ltr'><strong>i756.</strong></span> 
     </span>
    </p>
   </div>
   <div class='ocr_carea' id='block_1_30' title="bbox 1388 4458 2810 4533">
    <p class='ocr_par' dir='ltr' id='par_1_30' title="bbox 1388 4458 2810 4533">
     <span class='ocr_line' id='line_1_30' title="bbox 1388 4458 2810 4533; baseline -0.004 -17"><span class='ocrx_word' id='word_1_180' title='bbox 1388 4461 1520 4533; x_wconf 80' lang='lat' dir='ltr'><strong>Heio</strong></span> <span class='ocrx_word' id='word_1_181' title='bbox 1550 4473 1702 4533; x_wconf 86' lang='lat' dir='ltr'><strong>pater</strong></span> <span class='ocrx_word' id='word_1_182' title='bbox 1728 4463 1992 4528; x_wconf 86' lang='lat' dir='ltr'><strong>Andreas,</strong></span> <span class='ocrx_word' id='word_1_183' title='bbox 2018 4463 2138 4517; x_wconf 89' lang='lat' dir='ltr'><strong>heic</strong></span> <span class='ocrx_word' id='word_1_184' title='bbox 2157 4462 2250 4533; x_wconf 88' lang='lat' dir='ltr'><strong>qui</strong></span> <span class='ocrx_word' id='word_1_185' title='bbox 2281 4462 2519 4531; x_wconf 83' lang='lat' dir='ltr'><strong>piscator</strong></span> <span class='ocrx_word' id='word_1_186' title='bbox 2545 4459 2612 4533; x_wconf 73' lang='lat' dir='ltr'><strong>ad</strong></span> <span class='ocrx_word' id='word_1_187' title='bbox 2639 4458 2810 4528; x_wconf 82' lang='lat' dir='ltr'><strong>Argos</strong></span> 
     </span>
    </p>
   </div>
   <div class='ocr_carea' id='block_1_31' title="bbox 1392 4529 2813 4604">
    <p class='ocr_par' dir='ltr' id='par_1_31' title="bbox 1392 4529 2813 4604">
     <span class='ocr_line' id='line_1_31' title="bbox 1392 4529 2813 4604; baseline -0.004 -17"><span class='ocrx_word' id='word_1_188' title='bbox 1392 4529 1617 4597; x_wconf 83' lang='lat' dir='ltr'><strong>Missus,</strong></span> <span class='ocrx_word' id='word_1_189' title='bbox 1646 4534 1973 4604; x_wconf 86' lang='lat' dir='ltr'><strong>vaniloquas</strong></span> <span class='ocrx_word' id='word_1_190' title='bbox 1999 4529 2188 4588; x_wconf 73' lang='lat' dir='ltr'><strong>docuit</strong></span> <span class='ocrx_word' id='word_1_191' title='bbox 2222 4529 2529 4604; x_wconf 79' lang='lat' dir='ltr'><strong>mutescere</strong></span> <span class='ocrx_word' id='word_1_192' title='bbox 2559 4529 2773 4604; x_wconf 76' lang='lat' dir='ltr'><strong>linguas</strong></span> <span class='ocrx_word' id='word_1_193' title='bbox 2798 4544 2813 4580; x_wconf 92' lang='lat'><strong>:</strong></span> 
     </span>
    </p>
   </div>
   <div class='ocr_carea' id='block_1_32' title="bbox 1390 4599 2770 4674">
    <p class='ocr_par' dir='ltr' id='par_1_32' title="bbox 1390 4599 2770 4674">
     <span class='ocr_line' id='line_1_32' title="bbox 1390 4599 2770 4674; baseline -0.005 -16"><span class='ocrx_word' id='word_1_194' title='bbox 1390 4603 1495 4670; x_wconf 90' lang='lat' dir='ltr'><strong>Qui</strong></span> <span class='ocrx_word' id='word_1_195' title='bbox 1567 4599 1868 4674; x_wconf 77' lang='lat' dir='ltr'><strong>postquam</strong></span> <span class='ocrx_word' id='word_1_196' title='bbox 1892 4605 2120 4674; x_wconf 91' lang='lat' dir='ltr'><strong>populos</strong></span> <span class='ocrx_word' id='word_1_197' title='bbox 2150 4603 2325 4672; x_wconf 88' lang='lat' dir='ltr'><strong>ruptis</strong></span> <span class='ocrx_word' id='word_1_198' title='bbox 2359 4599 2770 4674; x_wconf 77' lang='lat' dir='ltr'><strong>errpris__iniqui</strong></span> 
     </span>
    </p>
   </div>
   <div class='ocr_carea' id='block_1_33' title="bbox 1400 4670 2769 4745">
    <p class='ocr_par' dir='ltr' id='par_1_33' title="bbox 1400 4670 2769 4745">
     <span class='ocr_line' id='line_1_33' title="bbox 1400 4670 2769 4745; baseline -0.004 -17"><span class='ocrx_word' id='word_1_199' title='bbox 1400 4670 1622 4745; x_wconf 71' lang='lat' dir='ltr'><strong>Betibus</strong></span> <span class='ocrx_word' id='word_1_200' title='bbox 1651 4670 1933 4745; x_wconf 67' lang='lat' dir='ltr'><strong>explicuit,</strong></span> <span class='ocrx_word' id='word_1_201' title='bbox 1964 4670 2245 4743; x_wconf 75' lang='lat' dir='ltr'><strong>traxitque</strong></span> <span class='ocrx_word' id='word_1_202' title='bbox 2274 4674 2342 4729; x_wconf 88' lang='lat' dir='ltr'><strong>ad</strong></span> <span class='ocrx_word' id='word_1_203' title='bbox 2366 4670 2769 4745; x_wconf 67' lang='lat' dir='ltr'><strong>r_etia_Christi,</strong></span> 
     </span>
    </p>
   </div>
   <div class='ocr_carea' id='block_1_34' title="bbox 1394 4737 2958 4815">
    <p class='ocr_par' dir='ltr' id='par_1_34' title="bbox 1394 4737 2958 4815">
     <span class='ocr_line' id='line_1_34' title="bbox 1394 4737 2958 4815; baseline -0.005 -17"><span class='ocrx_word' id='word_1_204' title='bbox 1394 4737 1739 4801; x_wconf 79' lang='lat' dir='ltr'><strong>Thessalicas</strong></span> <span class='ocrx_word' id='word_1_205' title='bbox 1765 4745 1885 4800; x_wconf 83' lang='lat' dir='ltr'><strong>l&#39;uso</strong></span> <span class='ocrx_word' id='word_1_206' title='bbox 1910 4737 2189 4800; x_wconf 77' lang='lat' dir='ltr'><strong>damnavit</strong></span> <span class='ocrx_word' id='word_1_207' title='bbox 2210 4743 2479 4815; x_wconf 78' lang='lat' dir='ltr'><strong>sanguine</strong></span> <span class='ocrx_word' id='word_1_208' title='bbox 2507 4739 2721 4795; x_wconf 86' lang='lat' dir='ltr'><strong>Patras.</strong></span> <span class='ocrx_word' id='word_1_209' title='bbox 2748 4737 2878 4808; x_wconf 88' lang='lat' dir='ltr'><strong>Cap.</strong></span> <span class='ocrx_word' id='word_1_210' title='bbox 2903 4753 2958 4792; x_wconf 85' lang='lat' dir='ltr'><strong>x.</strong></span> 
     </span>
    </p>
   </div>
   <div class='ocr_carea' id='block_1_35' title="bbox 1359 4849 3125 4928">
    <p class='ocr_par' dir='ltr' id='par_1_35' title="bbox 1359 4849 3125 4928">
     <span class='ocr_line' id='line_1_35' title="bbox 1359 4849 3125 4928; baseline -0.005 -14"><span class='ocrx_word' id='word_1_211' title='bbox 1359 4860 1510 4928; x_wconf 69' lang='lat' dir='ltr'><strong>lusu,</strong></span> <span class='ocrx_word' id='word_1_212' title='bbox 1538 4861 1693 4928; x_wconf 86' lang='lat' dir='ltr'><strong>ibid.,</strong></span> <span class='ocrx_word' id='word_1_213' title='bbox 1719 4861 1906 4916; x_wconf 85' lang='lat' dir='ltr'><strong>Natal.</strong></span> <span class='ocrx_word' id='word_1_214' title='bbox 1942 4875 2019 4926; x_wconf 76' lang='lat' dir='ltr'><strong>XI,</strong></span> <span class='ocrx_word' id='word_1_215' title='bbox 2059 4876 2191 4914; x_wconf 83' lang='lat' dir='ltr'><strong>vers.</strong></span> <span class='ocrx_word' id='word_1_216' title='bbox 2219 4857 2444 4926; x_wconf 74' lang='lat'><strong>76-556,</strong></span> <span class='ocrx_word' id='word_1_217' title='bbox 2472 4874 2594 4928; x_wconf 87' lang='lat' dir='ltr'><strong>pag.</strong></span> <span class='ocrx_word' id='word_1_218' title='bbox 2626 4854 2755 4921; x_wconf 72' lang='lat' dir='ltr'><strong>M9,</strong></span> <span class='ocrx_word' id='word_1_219' title='bbox 2784 4853 2889 4908; x_wconf 67' lang='grc'><strong>468</strong></span> <span class='ocrx_word' id='word_1_220' title='bbox 2918 4862 2972 4908; x_wconf 86' lang='lat' dir='ltr'><strong>et</strong></span> <span class='ocrx_word' id='word_1_221' title='bbox 2999 4849 3125 4906; x_wconf 81' lang='lat'><strong>659-</strong></span> 
     </span>
    </p>
   </div>
   <div class='ocr_carea' id='block_1_36' title="bbox 1404 4971 2883 5047">
    <p class='ocr_par' dir='ltr' id='par_1_36' title="bbox 1404 4971 2883 5047">
     <span class='ocr_line' id='line_1_36' title="bbox 1404 4971 2883 5047; baseline -0.003 -17"><span class='ocrx_word' id='word_1_222' title='bbox 1404 4975 1495 5031; x_wconf 91' lang='lat' dir='ltr'><strong>Sic</strong></span> <span class='ocrx_word' id='word_1_223' title='bbox 1525 4976 1669 5032; x_wconf 89' lang='lat' dir='ltr'><strong>Deus</strong></span> <span class='ocrx_word' id='word_1_224' title='bbox 1697 4986 1752 5032; x_wconf 88' lang='lat' dir='ltr'><strong>et</strong></span> <span class='ocrx_word' id='word_1_225' title='bbox 1782 4976 2008 5047; x_wconf 85' lang='lat' dir='ltr'><strong>reliquis</strong></span> <span class='ocrx_word' id='word_1_226' title='bbox 2032 4975 2281 5031; x_wconf 77' lang='lat' dir='ltr'><strong>tribuens</strong></span> <span class='ocrx_word' id='word_1_227' title='bbox 2307 4974 2397 5044; x_wconf 91' lang='lat' dir='ltr'><strong>pia</strong></span> <span class='ocrx_word' id='word_1_228' title='bbox 2437 4987 2664 5047; x_wconf 84' lang='lat' dir='ltr'><strong>munera</strong></span> <span class='ocrx_word' id='word_1_229' title='bbox 2692 4971 2883 5047; x_wconf 70' lang='lat' dir='ltr'><strong>terris.</strong></span> 
     </span>
    </p>
   </div>
   <div class='ocr_carea' id='block_1_37' title="bbox 1399 5043 2994 5118">
    <p class='ocr_par' dir='ltr' id='par_1_37' title="bbox 1399 5043 2994 5118">
     <span class='ocr_line' id='line_1_37' title="bbox 1399 5043 2994 5118; baseline -0.004 -17"><span class='ocrx_word' id='word_1_230' title='bbox 1399 5047 1610 5118; x_wconf 88' lang='lat' dir='ltr'><strong>Sparsit</strong></span> <span class='ocrx_word' id='word_1_231' title='bbox 1641 5049 1842 5118; x_wconf 90' lang='lat' dir='ltr'><strong>ubique</strong></span> <span class='ocrx_word' id='word_1_232' title='bbox 1870 5043 1975 5102; x_wconf 82' lang='lat' dir='ltr'><strong>loci</strong></span> <span class='ocrx_word' id='word_1_233' title='bbox 2004 5061 2238 5118; x_wconf 72' lang='lat' dir='ltr'><strong>magnas</strong></span> <span class='ocrx_word' id='word_1_234' title='bbox 2267 5043 2370 5101; x_wconf 86' lang='lat' dir='ltr'><strong>sua</strong></span> <span class='ocrx_word' id='word_1_235' title='bbox 2401 5044 2648 5099; x_wconf 87' lang='lat' dir='ltr'><strong>membra</strong></span> <span class='ocrx_word' id='word_1_236' title='bbox 2678 5057 2774 5113; x_wconf 85' lang='lat' dir='ltr'><strong>per</strong></span> <span class='ocrx_word' id='word_1_237' title='bbox 2808 5043 2994 5098; x_wconf 88' lang='lat' dir='ltr'><strong>urbes.</strong></span> 
     </span>
    </p>
   </div>
   <div class='ocr_carea' id='block_1_38' title="bbox 1400 5117 2676 5174">
    <p class='ocr_par' dir='ltr' id='par_1_38' title="bbox 1400 5117 2676 5174">
     <span class='ocr_line' id='line_1_38' title="bbox 1400 5117 2676 5174; baseline -0.002 -3"><span class='ocrx_word' id='word_1_238' title='bbox 1400 5117 1493 5172; x_wconf 89' lang='lat' dir='ltr'><strong>Sic</strong></span> <span class='ocrx_word' id='word_1_239' title='bbox 1522 5117 1673 5173; x_wconf 86' lang='lat' dir='ltr'><strong>dedit</strong></span> <span class='ocrx_word' id='word_1_240' title='bbox 1701 5117 1974 5174; x_wconf 83' lang='lat' dir='ltr'><strong>Andream</strong></span> <span class='ocrx_word' id='word_1_241' title='bbox 2003 5117 2203 5171; x_wconf 86' lang='lat' dir='ltr'><strong>Patris.</strong></span> <span class='ocrx_word' id='word_1_242' title='bbox 2249 5156 2264 5170; x_wconf 96' lang='lat'><strong>.</strong></span> <span class='ocrx_word' id='word_1_243' title='bbox 2309 5155 2324 5169; x_wconf 94' lang='lat'><strong>.</strong></span> <span class='ocrx_word' id='word_1_244' title='bbox 2367 5156 2382 5169; x_wconf 95' lang='lat'><strong>.</strong></span> <span class='ocrx_word' id='word_1_245' title='bbox 2427 5155 2442 5169; x_wconf 95' lang='lat'><strong>.</strong></span> <span class='ocrx_word' id='word_1_246' title='bbox 2485 5155 2499 5168; x_wconf 95' lang='lat'><strong>.</strong></span> <span class='ocrx_word' id='word_1_247' title='bbox 2543 5155 2558 5169; x_wconf 94' lang='lat'><strong>.</strong></span> <span class='ocrx_word' id='word_1_248' title='bbox 2605 5155 2621 5170; x_wconf 94' lang='lat'><strong>.</strong></span> <span class='ocrx_word' id='word_1_249' title='bbox 2662 5153 2676 5168; x_wconf 91' lang='lat'><strong>.</strong></span> 
     </span>
    </p>
   </div>
   <div class='ocr_carea' id='block_1_39' title="bbox 1403 5183 2952 5245">
    <p class='ocr_par' dir='ltr' id='par_1_39' title="bbox 1403 5183 2952 5245">
     <span class='ocr_line' id='line_1_39' title="bbox 1403 5183 2952 5245; baseline -0.005 -2"><span class='ocrx_word' id='word_1_250' title='bbox 1403 5226 1422 5243; x_wconf 92' lang='lat'><strong>.</strong></span> <span class='ocrx_word' id='word_1_251' title='bbox 1467 5227 1481 5242; x_wconf 92' lang='lat'><strong>.</strong></span> <span class='ocrx_word' id='word_1_252' title='bbox 1524 5226 1539 5240; x_wconf 95' lang='lat'><strong>.</strong></span> <span class='ocrx_word' id='word_1_253' title='bbox 1580 5229 1595 5242; x_wconf 92' lang='lat'><strong>.</strong></span> <span class='ocrx_word' id='word_1_254' title='bbox 1641 5228 1655 5244; x_wconf 95' lang='lat'><strong>.</strong></span> <span class='ocrx_word' id='word_1_255' title='bbox 1701 5228 1715 5242; x_wconf 93' lang='lat'><strong>.</strong></span> <span class='ocrx_word' id='word_1_256' title='bbox 1759 5229 1774 5243; x_wconf 92' lang='lat'><strong>.</strong></span> <span class='ocrx_word' id='word_1_257' title='bbox 1819 5231 1834 5245; x_wconf 93' lang='lat'><strong>.</strong></span> <span class='ocrx_word' id='word_1_258' title='bbox 1879 5229 1894 5244; x_wconf 95' lang='lat'><strong>.</strong></span> <span class='ocrx_word' id='word_1_259' title='bbox 1938 5228 1952 5242; x_wconf 96' lang='lat'><strong>.</strong></span> <span class='ocrx_word' id='word_1_260' title='bbox 1992 5198 2125 5244; x_wconf 92' lang='lat' dir='ltr'><strong>tunc</strong></span> <span class='ocrx_word' id='word_1_261' title='bbox 2155 5187 2431 5242; x_wconf 85' lang='lat' dir='ltr'><strong>Andream</strong></span> <span class='ocrx_word' id='word_1_262' title='bbox 2460 5185 2678 5242; x_wconf 81' lang='lat' dir='ltr'><strong>devexit</strong></span> <span class='ocrx_word' id='word_1_263' title='bbox 2706 5183 2952 5240; x_wconf 81' lang='lat' dir='ltr'><strong>Achivis.</strong></span> 
     </span>
    </p>
   </div>
   <div class='ocr_carea' id='block_1_40' title="bbox 2234 5345 2301 5403">
    <p class='ocr_par' dir='ltr' id='par_1_40' title="bbox 2234 5345 2301 5403">
     <span class='ocr_line' id='line_1_40' title="bbox 2234 5345 2301 5403; baseline 0.03 -2"><span class='ocrx_word' id='word_1_264' title='bbox 2234 5345 2301 5403; x_wconf 76' lang='grc' dir='ltr'><strong>ν.</strong></span> 
     </span>
    </p>
   </div>
   <div class='ocr_carea' id='block_1_41' title="bbox 1695 5457 2813 5529">
    <p class='ocr_par' dir='ltr' id='par_1_41' title="bbox 1695 5457 2813 5529">
     <span class='ocr_line' id='line_1_41' title="bbox 1695 5457 2813 5529; baseline -0.001 -16"><span class='ocrx_word' id='word_1_265' title='bbox 1695 5457 1912 5514; x_wconf 77' lang='grc' dir='ltr'><strong>Ρετιιυε</strong></span> <span class='ocrx_word' id='word_1_266' title='bbox 1944 5457 2358 5529; x_wconf 77' lang='lat' dir='ltr'><strong>Cunvsomcus,</strong></span> <span class='ocrx_word' id='word_1_267' title='bbox 2390 5476 2550 5516; x_wconf 75' lang='lat' dir='ltr'><strong>serm.</strong></span> <span class='ocrx_word' id='word_1_268' title='bbox 2582 5471 2813 5514; x_wconf 77' lang='lat' dir='ltr'><strong>cxxxm.</strong></span> 
     </span>
    </p>
   </div>
   <div class='ocr_carea' id='block_1_42' title="bbox 701 5555 3784 5650">
    <p class='ocr_par' dir='ltr' id='par_1_42' title="bbox 701 5555 3784 5650">
     <span class='ocr_line' id='line_1_42' title="bbox 701 5555 3784 5650; baseline -0.003 -20"><span class='ocrx_word' id='word_1_269' title='bbox 701 5575 930 5631; x_wconf 85' lang='lat' dir='ltr'><strong>Crucem</strong></span> <span class='ocrx_word' id='word_1_270' title='bbox 958 5591 1122 5645; x_wconf 86' lang='lat' dir='ltr'><strong>quam</strong></span> <span class='ocrx_word' id='word_1_271' title='bbox 1149 5575 1464 5647; x_wconf 81' lang='lat' dir='ltr'><strong>refugerant</strong></span> <span class='ocrx_word' id='word_1_272' title='bbox 1497 5572 1722 5650; x_wconf 79' lang='lat' dir='ltr'><strong>(Petrus</strong></span> <span class='ocrx_word' id='word_1_273' title='bbox 1741 5584 1796 5631; x_wconf 88' lang='lat' dir='ltr'><strong>et</strong></span> <span class='ocrx_word' id='word_1_274' title='bbox 1816 5575 2139 5650; x_wconf 55' lang='lat' dir='ltr'><strong>Andreas),</strong></span> <span class='ocrx_word' id='word_1_275' title='bbox 2162 5588 2352 5648; x_wconf 86' lang='lat' dir='ltr'><strong>postea</strong></span> <span class='ocrx_word' id='word_1_276' title='bbox 2396 5575 2704 5650; x_wconf 89' lang='lat' dir='ltr'><strong>conjunctis</strong></span> <span class='ocrx_word' id='word_1_277' title='bbox 2743 5573 2955 5632; x_wconf 87' lang='lat' dir='ltr'><strong>viribus</strong></span> <span class='ocrx_word' id='word_1_278' title='bbox 2984 5573 3236 5629; x_wconf 83' lang='lat' dir='ltr'><strong>ardenter</strong></span> <span class='ocrx_word' id='word_1_279' title='bbox 3259 5569 3533 5626; x_wconf 88' lang='lat' dir='ltr'><strong>invadunt.</strong></span> <span class='ocrx_word' id='word_1_280' title='bbox 3554 5586 3615 5606; x_wconf 68' lang='grc' dir='ltr'><strong>α-</strong></span> <span class='ocrx_word' id='word_1_281' title='bbox 3643 5555 3784 5612; x_wconf 65' lang='grc' dir='ltr'><strong>Ρειτυθ</strong></span> 
     </span>
    </p>
   </div>
   <div class='ocr_carea' id='block_1_43' title="bbox 633 5645 2317 5720">
    <p class='ocr_par' dir='ltr' id='par_1_43' title="bbox 633 5645 2317 5720">
     <span class='ocr_line' id='line_1_43' title="bbox 633 5645 2317 5720; baseline 0.002 -20"><span class='ocrx_word' id='word_1_282' title='bbox 633 5660 868 5717; x_wconf 86' lang='lat' dir='ltr'><strong>namque</strong></span> <span class='ocrx_word' id='word_1_283' title='bbox 895 5664 1135 5713; x_wconf 89' lang='lat' dir='ltr'><strong>crucem,</strong></span> <span class='ocrx_word' id='word_1_284' title='bbox 1171 5645 1421 5705; x_wconf 81' lang='lat' dir='ltr'><strong>arborem</strong></span> <span class='ocrx_word' id='word_1_285' title='bbox 1453 5648 1772 5705; x_wconf 86' lang='lat' dir='ltr'><strong>conscendit</strong></span> <span class='ocrx_word' id='word_1_286' title='bbox 1800 5645 2232 5720; x_wconf 43' lang='lat' dir='ltr'><strong>Andreas.&#39;Cap.</strong></span> <span class='ocrx_word' id='word_1_287' title='bbox 2267 5667 2317 5704; x_wconf 72' lang='grc' dir='ltr'><strong>χ.</strong></span> 
     </span>
    </p>
   </div>
  </div>
