4038 6314
281 342 418 399 19.0!

988 336 1332 392 EPISTULA
1372 338 1460 393 DE
1494 335 1854 393 MARTYRIO
1893 340 1954 394 S.
1995 338 2319 394 ANDREIE.
2364 370 2433 380 —
2460 336 2823 393 PROG‘IMIA.

3401 339 3534 395 ﬁt)?

274 474 421 522 nus,
449 458 509 513 in
541 453 657 509 suis
686 452 927 508 collectis
961 454 1202 523 undique
1239 464 1348 507 tam
1385 472 1449 509 ea:
1488 473 1615 512 mss.
1655 458 1852 511 codici-
1887 466 1930 520 Α
1961 456 2166 511 Graecis
2196 456 2439 526 pressius
2488 456 2750 508 inhaerere
2781 454 3137 523 comperitur.
3182 452 3384 526 Nuper:
3417 459 3524 512 ed-i-

267 548 379 602 bus
407 562 567 618 quam
596 562 663 599 ex
689 546 846 600 editis
893 546 1226 613 auctoribus,
1274 549 1515 616 probatis
1544 561 1854 605 sanctorum

282 639 459 705 Vitis,
507 645 568 692 ut
609 636 714 692 fert
757 639 938 707 operis
990 641 1305 711 inscriptio,
1358 653 1522 713 atque.
1583 661 1681 714 per
1706 650 1851 703 ‘anni

263 732 476 786 seriem
512 730 758 801 digestis,
799 731 1089 787 editionem
1120 732 1574 803 Lipomaniauam
1630 748 1852 796 secutus

1955 549 2092 603 toris
2136 558 2293 601 notas
2346 556 2551 601 textum
2604 548 2658 601 in
2707 544 2899 616 primis
2944 547 3294 616 respicientes
3338 549 3529 618 selegi-

1956 656 2104 706 mus,
2152 640 2590 710 prolixioresque
2643 639 3053 705 contraximus;
3107 639 3308 709 quibus
3363 642 3529 696 etiam

1950 733 2246 787 nonnullas
2273 731 2680 786 observationes
2710 731 3064 795 attexuimus,
3088 730 3272 800 plures
3296 730 3547 791 fortasse.

264 832 359 878 est
384 822 483 894 (2).
530 821 791 877 Eamdem
824 840 1043 894 quoque
1087 826 1227 895 typis
1264 827 1525 899 deinceps
1558 831 1854 901 consigua-
1950 824 2097 878 haud
2139 823 2566 879 contemnendas
2605 822 2863 886 addituri,
2895 822 2942 875 si
2970 822 3333 892 opportunius
3378 824 3528 877 codi-

266 916 352 969 vit
375 924 499 984 post
544 914 783 968 medium
837 915 1173 986 insequentis
1228 920 1409 973 saeculi
1443 936 1578 987 xvn,
1607 922 1851 980 Andreas

264 1007 343 1060 du
379 1006 627 1078 Saussay»
669 1007 961 1076 cpiscopus
1012 1007 1309 1074 Tullensis,
1370 1011 1425 1064 in
1480 1027 1647 1082 opere
1705 1015 1850 1070 haud

262 1099 433 1151 obvio
463 1099 538 1151 ita
568 1099 831 1167 inscripto
863 1116 876 1150 :
912 1100 1151 1154 Andreas
1186 1101 1355 1170 frater
1401 1102 1635 1159 Simonis
1668 1105 1847 1172 Petri;

258 1206 362 1243 seu
420 1190 498 1245 De
541 1192 715 1262 gloria
771 1191 827 1247 S.
871 1194 1098 1248 Andreae
1150 1197 1379 1264 apostoli
1444 1199 1571 1252 libri
1632 1216 1704 1254 xu
1746 1203 1842 1270 (5).

262 1278 455 1351 Neque
480 1292 694 1337 tantum
723 1284 1020 1353 Epistolam
1057 1297 1296 1341 nostram
1324 1289 1574 1343 exhibuit
1610 1293 1848 1361 scriptor

252 1371 479 1438 ﬁallas,
527 1386 584 1429 ut
624 1376 818 1444 reliqui
863 1377 1229 1445 praecedentes
1260 1380 1525 1448 editores,
1581 1385 1672 1438 sed
1722 1401 1843 1439 eam

261 1465 493 1537 insuper
532 1486 551 1519 ί
583 1477 691 1523 tam
720 1481 966 1539 patenter
992 1481 1258 1525 assertum
1287 1474 1454 1536 dedit,
1488 1492 1651 1545 quam
1683 1494 1845 1533 accn-

263 1570 388 1614 rate
417 1561 748 1617 vindicatam
782 1566 1047 1623 adversus
1082 1569 1264 1622 varias
1286 1582 1607 1625 novatorum
1630 1584 1842 1643 arguta-

259 1652 478 1717 tiones;
508 1669 645 1723 quas
678 1658 952 1729 congessit
981 1669 1035 1714 et
1061 1662 1213 1715 auxit
1242 1662 1560 1719 Edmundus
1590 1665 1844 1721 Auberti-

251 1758 373 1796 eius
404 1744 457 1797 in
498 1744 638 1798 libro
666 1746 900 1803 Geneva:
944 1766 1091 1807 anno
1119 1754 1279 1817 1655,
1306 1754 1510 1811 Gallice
1557 1759 1722 1825 edito,
1752 1760 1839 1814 cui

249 1834 458 1889 titulus
486 1847 611 1891 est:
652 1838 995 1895 Eucharistia
1049 1847 1235 1899 veteris
1262 1845 1535 1904 Ecclesia.
1575 1868 1594 1901 ι
1649 1820 1740 1907 Sic
1786 1853 1842 1907 in
1874 1820 1917 1874 Β

251 1923 445 1981 fronte
470 1930 650 1997 operis
678 1944 889 1986 auctor.

335 2015 475 2073 Tum
509 2036 637 2076 vero
676 2026 859 2079 seculi
905 2030 1178 2085 currentis
1221 2048 1367 2087 anno
1398 2034 1557 2097 1751,
1592 2036 1837 2091 eamdem

254 2107 559 2179 Epistolam
612 2114 797 2173 Roma:
851 2122 1214 2177 recudendam
1261 2128 1471 2180 curavit
1530 2127 1841 2186 Ludovicus

252 2205 534 2260 Andruzzi
567 2208 909 2267 Santandrea
942 2212 1059 2283 (4);
1097 2216 1189 2284 qui
1226 2216 1623 2286 Lipomaniano
1656 2238 1840 2276 exem-

249 2297 401 2366 plari
434 2302 729 2368 praeterito,
764 2302 1208 2361 Mombritianum
1255 2310 1566 2367 describere
1613 2315 1834 2368 maluit:

252 2391 395 2456 quin
440 2400 494 2444 et
537 2390 870 2465 Saussayum
918 2398 1242 2469 plerumque
1277 2412 1604 2471 assectatus,
1666 2424 1683 2456 ι
1719 2406 1840 2475 Epi-

246 2481 414 2535 stula:
444 2484 811 2541 sinceritatem
852 2490 1191 2558 gravissimis
1221 2495 1551 2551 testimoniis
1583 2513 1840 2569 compro-

254 2572 409 2627 bavit
436 2576 567 2644 (5).:

331 2692 583 2765 Quinque
631 2708 808 2753 autem
850 2703 1116 2761 hactenus
1174 2710 1459 2765 recensitis
1500 2711 1834 2770 editionibus

250 2782 453 2839 Latine
496 2796 706 2843 tantum
737 2792 1024 2861 evulgatis,
1068 2806 1219 2851 sexta
1251 2798 1470 2854 demum
1508 2803 1740 2858 accessit
1763 2804 1827 2859 G.

246 2870 343 2939 ι..
372 2891 495 2945 qua:
528 2894 675 2933 anno
730 2882 867 2937 1749
913 2885 1093 2940 Caroli
1146 2888 1441 2945 Christiani
1477 2891 1652 2964 Woog
1695 2912 1829 2950 cura

247 2973 309 3016 et
356 2966 540 3019 studio
568 2967 765 3038 Lipsiae
811 2974 984 3027 lucem
1033 2978 1267 3045 aspexit.
1316 2977 1545 3035 Textum
1578 2981 1827 3039 Gramqu

241 3054 543 3127 descripsit
573 3061 641 3115 cl.
674 3062 851 3116 editor
880 3081 909 3120 e
939 3068 1128 3123 codice
1162 3069 1647 3144 Huntingdoniano
1686 3080 1818 3143 457,

1947 930 2068 969 cem
2102 930 2204 970 ms.
2250 913 2407 969 nobis
2448 913 2701 967 evolvere
2740 912 3010 977 licuisset,
3050 927 3211 981 quem
3244 927 3367 965 sero
3405 920 3528 965 tan-

1948 1007 2074 1061 dem
2108 1007 2440 1061 deteximus.
2473 1005 2568 1059 Est
2599 1013 2779 1058 autem
2827 1004 2999 1059 codex
3028 1003 3253 1059 Graecus
3291 1002 3526 1072 Bomhy-

1946 1099 2109 1153 ciuus
2139 1114 2290 1152 num.
2340 1113 2535 1157 cuxv,
2560 1097 2614 1157 4,
2650 1096 2851 1150 sarculo
2883 1112 2973 1148 ειν
3014 1104 3293 1160 exaratus,
3322 1096 3525 1150 "inscri-

1950 1199 2185 1259 ptusque
2219 1209 2230 1243 :
2277 1188 2640 1259 lleortologiu,
2683 1204 2773 1241 seu
2811 1187 3088 1241 Sermones
3115 1197 3166 1241 et
3190 1188 3424 1243 humilia
3467 1188 3524 1240 in

1948 1298 2127 1333 annua
2176 1281 2359 1345 festa;
2415 1295 2575 1348 quem
2638 1279 2795 1332 nobis
2852 1278 3220 1346 suppeditavit
3281 1280 3523 1349 locuples

1947 1371 2208 1426 Bernardi
2240 1371 2375 1425 Nani
2421 1372 2691 1426 senatoris
2742 1370 3021 1439 quondam
3066 1372 3391 1440 amplissimi
3439 1373 3522 1427 bi-

1948 1465 2215 1519 bliotheca
2236 1469 2272 1518 ‘.

2017 1578 2102 1632 111.
2144 1579 2261 1633 Jam
2297 1595 2426 1635 vero
2464 1586 2524 1633 ut.
2558 1578 2623 1632 de
2661 1576 2885 1646 antiqua
2915 1577 3079 1647 hujus
3111 1577 3365 1648 Epistolas
3399 1595 3521 1634 ver-

1946 1671 2098 1725 sione
2145 1672 2311 1725 vcrba
2378 1670 2686 1735 faciamus,
2743 1673 2927 1726 nullus
2982 1669 3226 1739 profecto
3282 1670 3521 1739 suppetit

1944 1766 2228 1818 character
2268 1764 2403 1819 satis
2436 1766 2647 1827 firmus,
2677 1780 2787 1833 quo
2818 1766 2923 1818 rite
2950 1764 3178 1817 delinire
3219 1762 3516 1833 possimus,

1946 1871 2111 1925 quam
2144 1855 2348 1909 dudum
2384 1855 2551 1911 fuerit
2595 1857 2682 1910 illa
2712 1856 2981 1911 confecta.
3027 1855 3095 1907 At
3128 1870 3247 1909 eam
3280 1869 3401 1909 esse
3428 1870 3521 1909 reo

1938 1947 2231 2002 tustioreln
2274 1963 2437 2017 quam
2489 1957 2548 2002 ut
2589 1949 2751 2019 vulgo
2800 1958 3110 2013 censeatur,
3157 1949 3392 2017 quisque
3430 1964 3519 2004 ar-

1943 2057 2109 2110 guere
2140 2042 2281 2095 valet
2308 2057 2373 2094 ex
2414 2042 2775 2109 scriptoribus
2818 2042 3235 2104 ecclesiasticis,
3283 2057 3515 2111 quorum

1943 2135 2252 2189 testimonia
2281 2134 2534 2203 Epistolas
2584 2136 2683 2204 ipsi
2718 2135 3101 2205 prmmisimus.
3146 2134 3250 2187 Alii
3279 2136 3423 2188 enim
3451 2152 3519 2193 ex

1940 2242 2003 2280 ea
2030 2228 2109 2278 vel
2163 2228 2341 2281 locum
2397 2226 2674 2296 passionis
2725 2226 2809 2280 vel
2853 2242 3030 2296 genus
3063 2226 3255 2281 mortis
3303 2228 3518 2283 eruisse

1942 2318 2085 2372 haud
2127 2320 2361 2372 obscure
2405 2319 2676 2372 videntur.
2733 2318 2839 2371 Alii
2886 2334 3016 2372 vero
3054 2319 3229 2372 locum
3277 2319 3512 2390 aliquem

1939 2414 2268 2465 verbotenns
2301 2410 2641 2476 describunt,
2682 2410 2797 2465 sive
2836 2411 3008 2480 ipsam
3035 2411 3297 2467 Actorum
3333 2412 3511 2473 histo-

1938 2505 2075 2557 riam
2112 2504 2437 2566 excitantes,
2470 2502 2585 2557 sive
2626 2502 2791 2555 etiam
2818 2503 3151 2573 quandoque
3195 2503 3365 2558 tacito
3392 2504 3515 2569 eius

1939 2598 2159 2651 nomine
2204 2597 2272 2650 ad
2324 2596 2471 2650 illam
2522 2596 2911 2665 respicientes;
2964 2596 3107 2663 quod
3150 2596 3358 2652 scilicet
3399 2607 3516 2652 tan-

1935 2706 2099 2761 quam
2130 2700 2340 2746 certum
2374 2701 2428 2745 et
2457 2692 2798 2761 exploratum
2850 2700 3270 2744 monumentum
3306 2692 3509 2760 passim

1936 2784 2251 2848 haberetur,
2297 2794 2356 2838 ut
2404 2795 2550 2839 recte
2583 2782 2892 2853 Saussayus
2930 2784 3029 2851 (6).
3093 2780 3278 2852 Neque
3327 2794 3508 2837 tamen

1932 2876 2167 2930 inliciari
2214 2878 2410 2942 velim,
2472 2875 2770 2930 nonnullos
2815 2890 2883 2928 ex
2927 2874 3106 2928 allatis
3152 2874 3511 2945 scriptoribus

1936 2968 2185 3024 Graecum
2228 2970 2410 3039 potius
2457 2978 2664 3023 textum
2699 2982 2863 3037 quam
2904 2975 3137 3020 veterem
3180 2967 3299 3037 ejus
3341 2966 3509 3021 inter—

1935 3071 2137 3131 pretem
2166 3062 2452 3117 consulere
2475 3064 2735 3132 potuisse.
2770 3060 2898 3128 Sed,
2946 3068 3067 3113 utut
3092 3068 3195 3125 est,
3213 3074 3405 3114 eorum
3436 3069 3510 3111 tc-

248 3144 605 3204 hibliotheca:
663 3150 1010 3223 Bodleianae;
1075 3175 1202 3215 cum
1253 3180 1364 3232 quo
1428 3165 1554 3220 ίιειη
1593 3166 1829 3225 aramus
1855 3159 1897 3216 C
1931 3155 2191 3208 stimonia
2226 3154 2341 3224 jam
2387 3154 2512 3208 inde
2556 3169 2585 3207 a
2623 3156 2822 3209 saeculo
2858 3171 2911 3210 tv
2944 3170 3116 3224 usque
3143 3153 3212 3207 ad
3254 3168 3343 3216 xv,
3376 3168 3507 3205 cono

244 3235 576 3308 Martyrium
603 3241 661 3297 S.
696 3243 899 3300 Thecla:
935 3252 1259 3317 contulerat,
1293 3254 1522 3325 ejusque
1551 3274 1654 3327 ope
1681 3263 1829 3317 curis

237 3332 508 3387 secundis
552 3337 945 3404 perpoliverat,
996 3350 1053 3395 ut
1091 3358 1156 3395 ex
1196 3352 1454 3421 anonymi
1507 3351 1829 3418 praefatione

241 3422 318 3475 ad
354 3438 555 3478 novam
603 3428 881 3500 Spieilcgii
933 3430 1033 3487 SS.
1064 3433 1289 3489 Patrum
1315 3438 1681 3498 Oxoniensem
1712 3447 1829 3500 edi-

238 3515 455 3570 tionem
491 3522 797 3576 erudimur.
837 3522 893 3577 ln
927 3525 1030 3579 hoc
1057 3542 1220 3594 porro
1242 3532 1463 3602 egregio
1489 3549 1660 3589 sacra:
1684 3538 1827 3592 anti-

234 3606 476 3675 quitatis
526 3624 877 3669 monumento
909 3617 1120 3671 edendo
1162 3629 1323 3690 atque
1368 3626 1708 3696 adornanda,
1739 3648 1826 3687 se-

237 3699 432 3753 dulam
464 3718 685 3771 operam
721 3707 823 3761 sibi
870 3708 1167 3765 adhibitam
1205 3718 1491 3784 protitetur
1521 3722 1603 3775 vir
1642 3726 1827 3778 erudi-

235 3799 359 3846 tus.
400 3791 692 3860 Nimirum,
737 3816 802 3853 ne
844 3803 1035 3859 litterae
1066 3807 1283 3877 quidem
1327 3810 1537 3879 apicem
1574 3817 1823 3881 mutavit,

235 3884 353 3938 nisi
390 3886 478 3940 ubi
520 3888 876 3945 dicendorum
930 3911 1122 3964 nexus,
1172 3898 1379 3953 librarii
1431 3904 1744 3973 oscitantia,
1772 3918 1826 3963 et

239 3984 395 4029 recta
422 3982 775 4036 construendi
820 3985 1205 4057 scribendique
1251 3994 1391 4046 ratio
1437 3995 1490 4048 id
1520 4000 1828 4065 expostula-

238 4069 350 4133 rit;
398 4069 488 4123 ubi
527 4087 658 4127 vero
694 4076 1016 4131 vocabulum
1057 4082 1279 4151 aliquod
1321 4085 1484 4140 unius
1534 4087 1825 4146 alteriusve

232 4159 441 4214 litterae
485 4166 816 4233 mutatione,
856 4170 1160 4239 adjectione
1210 4177 1293 4229 vel
1330 4177 1665 4236 detractione
1703 4198 1823 4237 cor-

239 4263 466 4323 ruptum
508 4256 733 4325 invenit,
764 4277 893 4317 suas
932 4268 1345 4324 emendationes
1383 4271 1435 4325 in
1487 4281 1693 4328 textum
1741 4275 1825 4328 in-

235 4346 393 4411 tulit,
425 4362 617 4403 omnes
646 4360 825 4407 tamen
858 4371 960 4411 ms.
992 4357 1197 4413 codicis
1239 4361 1500 4418 lectiones
1529 4367 1823 4423 mendosas

239 4438 566 4507 subjiciens.
600 4440 795 4499 Textui
838 4446 1027 4504 Graeco
1072 4467 1269 4506 novam
1310 4456 1615 4512 versionem
1655 4476 1851 4529 appos

228 4531 375 4594 suit,
408 4531 697 4604 ipsumque
728 4540 870 4594 notis
911 4542 1259 4599 uberioribus
1301 4545 1622 4611 illustravit.
1681 4550 1823 4606 Reli-

235 4638 351 4693 qua
389 4627 695 4684 omittimus
733 4647 1037 4701 recensere,
1066 4652 1187 4706 quae
1220 4637 1281 4691 V.
1308 4638 1370 4693 C.
1399 4642 1513 4695 sive
1550 4642 1602 4695 in
1634 4647 1818 4713 Operis

231 4716 450 4785 limine,
500 4721 616 4775 sive
671 4722 723 4775 in
775 4726 922 4779 calce
978 4730 1257 4796 reposuit;
1310 4746 1372 4785 ea
1426 4733 1694 4801 siquidem
1749 4738 1816 4792 ad

238 4819 491 4872 nostrum
552 4813 861 4870 institutum
916 4819 1059 4873 haud
1118 4831 1386 4889 spectant.
1451 4822 1602 4880 Hanc
1635 4827 1817 4898 itaque

234 4899 580 4973 Lipsiensem
628 4908 920 4963 editionem
975 4912 1316 4980 potissimum
1373 4919 1544 4971 secuti
1600 4935 1813 4975 sumus.

233 4992 389 5050 Novo
419 4997 697 5067 interpreti
726 5011 959 5056 veterem
992 5004 1313 5074 adjecimus,
1343 5024 1450 5061 non
1481 5008 1817 5065 Mombritia—

237 5103 368 5141 num
419 5090 671 5160 quidem,
732 5094 825 5148 sed
888 5094 1366 5167 Lipomaniauum,
1421 5103 1513 5170 qui
1566 5104 1811 5171 profecto

306 5202 383 5273 (2)
426 5203 553 5261 Sur.
584 5205 689 5285 Vit.
716 5208 840 5285 S_S._,
863 5220 993 5285 tom.
1019 5212 1103 5277 Vl,
1138 5230 1256 5285 pag.
1276 5215 1402 5278 655,
1433 5216 1625 5271 Colon.
1650 5219 1810 5274 1618.

237 5270 371 5353 nec
394 5284 479 5329 est
517 5279 673 5357 tertia
703 5270 870 5357 editio
892 5270 1255 5357 Colonieiisi‘s,
1286 5270 1529 5340 omniUm
1559 5270 1801 5357 optimat

236 5352 411 5417 prima
435 5352 586 5417 enim
628 5352 828 5417 prodiit
857 5369 983 5407 ann.
1026 5355 1180 5417 1569,
1214 5356 1309 5409 fol.

307 5414 385 5494 (3;)
428 5414 708 5498 S_a_u_s_sa_j:,_
729 5419 798 5474 De
826 5422 994 5491 gloria
1068 5424 1126 5480 S.
1153 5414 1344 5491 dudm,
1376 5435 1501 5497 post
1529 5443 1649 5498 pag.
1677 5430 1802 5498 676,

236 5479 409 5539 Paris.
446 5487 605 5551 1656,
638 5479 732 5543 ῙὉΙ.

308 5552 385 5623 (4)
423 5555 665 5613 Andruz.
703 5559 904 5618 Stater.
937 5566 1112 5631 verit,
1139 5583 1261 5637 pag.
1288 5568 1404 5621 170.

1934 3249 2087 3301 tinuo
2118 3248 2379 3317 temporis
2412 3248 2602 3302 ordine
2631 3257 2844 3303 servato
2870 3248 3123 3309 deducta,
3152 3247 3266 3301 sive
3294 3246 3363 3300 ad
3396 3262 3510 3298 vei—

1932 3340 2104 3394 sionis
2130 3340 2514 3410 antiquitatem
2557 3340 2671 3394 sive
2694 3340 2761 3394 ad
2795 3340 2967 3410 ipsius
2991 3338 3245 3409 Epistolas
3274 3336 3505 3393 sinceri-

1934 3439 2097 3485 tatem
2143 3431 2527 3496 astrueudam,
2573 3431 2721 3486 haud
2758 3446 2954 3501 parum
3004 3430 3267 3486 conferre
3316 3430 3507 3485 existi-

1930 3533 2171 3578 utantur.

2000 3617 2088 3671 IV.
2135 3617 2207 3671 De
2241 3618 2564 3672 auctoritate
2594 3629 2775 3673 autem
2809 3618 2974 3688 hujus
3002 3618 3278 3688 Epistolaz,
3326 3619 3506 3674 varias

1927 3726 2051 3764 esse
2084 3710 2324 3764 virorum
2375 3711 2716 3765 eruditorum
2760 3711 3062 3765 sententias
3111 3726 3275 3764 nemo
3306 3711 3500 3769 nescit.

1927 3802 2033 3855 Alii
2082 3818 2317 3871 namque
2361 3802 2507 3856 velut
2551 3802 2952 3872 supposititiam
3003 3811 3167 3872 atque
3212 3803 3502 3857 confictam

1927 3911 2153 3964 prorsus
2203 3895 2483 3964 rejiciunt;
2534 3894 2626 3947 alii
2674 3910 2804 3949 vero
2850 3896 2972 3965 ejus
3010 3895 3389 3948 auctoritatem
3448 3894 3501 3947 in

1927 3987 2154 4040 dubium
2186 3997 2439 4041 revocant
2474 4005 2488 4040 :
2524 3987 2615 4040 alii
2653 3987 2888 4056 denique
2930 3998 3185 4056 tauquam
3226 3986 3501 4040 sincerum

1928 4096 2097 4134 sacrae
2161 4080 2506 4149 antiquitatis
2555 4080 2722 4133 fetum
2774 4090 3096 4149 agnoscunt.
3157 4079 3320 4134 Plura
3373 4092 3502 4136 sunt

1926 4176 2227 4239 enimvero,
2260 4189 2437 4243 neque
2480 4173 2641 4236 levia,
2674 4189 2795 4241 qua:
2831 4174 2897 4227 ad
2948 4172 3349 4243 infringendam
3381 4174 3501 4242 ejus

1925 4266 2255 4337 γνησιότητα
2308 4265 2472 4335 objici
2530 4265 2727 4320 solent.
2784 4264 3005 4319 Potiora
3063 4276 3243 4318 tamen
3296 4265 3401 4320 huc
3432 4265 3499 4319 ad

1924 4372 2454 4412 examenrevoeare
2508 4358 2725 4412 animus
2770 4365 2885 4421 est;
2926 4372 3098 4425 caque
3155 4357 3498 4425 potissimum

1927 4467 2049 4520 qua:
2089 4451 2156 4503 ab
2196 4451 2325 4504 aliis
2375 4450 2461 4503 vel
2505 4450 2732 4503 omnino
2771 4449 3177 4517 praetermissa.
3226 4450 3309 4504 vel
3349 4450 3496 4503 molli

1925 4543 2150 4597 brachio
2187 4542 2435 4597 discussa
2468 4552 2792 4596 noscuntur.

1994 4635 2235 4690 Primum
2287 4637 2487 4705 itaque,
2525 4651 2593 4689 an
2637 4651 2693 4690 re
2731 4651 2854 4690 vera
2899 4635 2952 4689 in
2982 4636 3189 4690 Achaia
3220 4644 3275 4690 et
3312 4637 3367 4691 in
3403 4636 3499 4691 Pa-

1923 4738 2132 4783 trarnm
2180 4729 2314 4783 urbe
2353 4728 2674 4798 martyrium
2715 4742 2909 4796 passus
2953 4728 3119 4782 fuerit
3162 4727 3219 4782 S.
3252 4729 3498 4786 Andreas

1925 4822 2244 4893 apostolus,
2309 4821 2705 4876 dubitationem
2758 4822 2929 4874 movit
2975 4822 3348 4877 Florentinius
3382 4823 3492 4894 (ης

1920 4916 2147 4970 Joannis
2177 4914 2553 4985 Chrysostomi
2603 4914 2861 4968 nimirum
2905 4916 3232 4970 auctoritate
3273 4932 3495 4985 permo-

1922 5024 2027 5072 tus,
2058 5015 2197 5078 apud
2230 5024 2390 5076 quem
2424 5008 2504 5062 sic
2532 5007 2764 5077 legimus
2796 5006 2908 5080 (8):
2949 5027 2966 5059 ι
2994 5007 3138 5062 Petri
3172 5008 3412 5077 quidem,
3440 5018 3492 5060 et

1921 5101 2098 5163 Pauli,
2115 5111 2165 5154 et
2179 5099 2428 5163 Joannis,
2444 5108 2497 5154 et
2516 5099 2741 5155 Thomze
2767 5100 3055 5154 manifesta
3074 5109 3201 5154 sunt
3217 5099 3487 5168 sepulcra;

1990 5221 2068 5288 (5)
2110 5218 2184 5271 ld.
2220 5218 2372 5279 ibid.,
2407 5234 2526 5286 pag.
2552 5218 2654 5288 196
2700 5233 2881 5286 seqq..

1986 5282 2296 5373 ('6jn§auss.
2336 5282 2569 5358 De—glor.
2614 5285 2672 5341 S.
2698 5282 2894 5349 dudm,
2930 5286 3031 5339 sub
3056 5283 3149 5339 fin.
3184 5284 3239 5337 in
3267 5282 3484 5339 Vindic.

1914 5362 2340 5502 Ριιὲςῆβὲἱογοηι,
2400 5428 2511 5484 Vet.
2545 5430 2738 5502 ρεεὶᾴ.Δ
2759 5426 2904 5480 Eccl.
2924 5434 3177 5502 _m_¢trtyr.,
3210 5441 3331 5502 pag.
3363 5424 3484 5502 il

1985 5494 2062 5581 ςε)
2101 5500 2260 5581 Joan.
2291 5501 2488 5581 Chrys:
2542 5501 2594 5552 in
2614 5499 2809 5581 Alfpist.
2865 5498 2932 5548 ad
2967 5494 3156 5562 Helm,
3211 5494 3358 5551 hom.
3393 5496 3482 5563 26,

1918 5572 1944 5642 §
1976 5568 2187 5641 2,70pp.
2224 5580 2356 5625 tom.
2388 5568 2502 5632 ΧΗ,
2535 5586 2587 5638 p.
2612 5568 2739 5621 9.57.

270 5664 500 5743 :Jliditio
524 5678 689 5743 nostra
713 5688 884 5743 novam
910 5684 963 5743 et
982 5682 1251 5743 auctiorem
1275 5688 1442 5731 textus
1466 5685 1701 5733 Actorum
1730 5686 1782 5734 S.
1805 5684 2017 5733 Andreae
2042 5686 2388 5733 recensiouem
2424 5684 2632 5731 exhibet
2668 5694 2813 5743 quam
2853 5680 3027 5742 Lipsiae
3068 5693 3229 5743 nuper
3255 5693 3316 5743 ex
3356 5682 3487 5728 codi-

234 5724 377 5805 i‘ibus
396 5744 513 5779 mss.
536 5735 789 5805 evolgavit
813 5739 887 5784 vir
908 5724 967 5787 cl.
982 5724 2388 5805 iidﬁsisiiii

234 5799 378 5839 tium
406 5795 692 5845 recensioui
714 5800 1168 5854 accommodandam
1192 5820 1481 5857 curavunus.
1512 5808 1647 5858 linit.
1680 5795 1827 5859 Paro.
