4038 6314
601 299 742 358 ηας

1417 299 2030 360 PRESBYTERORUM
2057 302 2148 358 ET
2177 299 2634 359 DIACONORUM
2669 299 2946 357 ACHAUE

3635 317 3739 376 1201

599 417 838 472 aliorum
875 420 1061 470 autem
1085 429 1212 470 cum
1243 413 1353 468 sint
1381 421 1492 468 tam
1533 415 1712 481 multi,
1741 431 2012 486 nusquam
2043 425 2174 472 sunt
2201 421 2246 478 Α
2275 433 2392 470 rum
2423 415 2709 485 splendida
2733 429 2861 472 sunt
2891 418 3056 473 etiam
3097 419 3363 490 sepulcra,
3393 433 3448 478 ut
3475 442 3576 496 qua:
3599 435 3742 491 urlm

601 517 755 563 nota.
785 526 804 559 ι
847 505 986 561 Hinc
1010 521 1140 560 vero
1166 503 1291 576 quis
1328 505 1679 575 coniectaret,
1719 507 1896 577 inquit
1923 509 2008 562 vir
2047 523 2174 562 eru-

597 599 790 662 ditus,
835 595 1036 652 festum
1065 597 1310 662 {Andreae
1356 597 1498 667 apud
1543 596 1736 654 Patras
1783 597 1954 654 fuisse
1992 601 2173 669 potius

597 685 726 752 ejus
761 685 1170 756 praedicationis
1197 687 1542 751 memoriam,
1574 701 1668 741 seu
1698 687 2045 758 episcopatus
2091 690 2175 743 in-

605 777 940 834 stitutionem
991 785 1088 832 aut
1137 777 1352 844 natale,
1407 793 1572 848 quam
1633 779 1880 849 ejusdem
1927 783 2172 854 martyrii

599 869 968 926 celebritatem
1003 869 1060 922 in
1081 867 1269 923 eadem
1303 868 1436 922 urbe
1467 871 1866 937 consummati;
1903 871 2171 941 siquidem

587 957 831 1014 Andreae
857 959 1189 1030 sepulcrum,
1211 961 1356 1029 quod
1381 961 1517 1015 adeo
1543 963 1916 1032 pervulgatum
1944 971 2090 1018 esset
2119 963 2173 1016 in

606 1051 829 1116 Achaia,
868 1051 958 1104 vix
1007 1051 1258 1122 ignorare
1295 1051 1562 1122 potuisset
1599 1051 2047 1124 Chrysostomus,
2078 1055 2172 1124 qui

601 1161 712 1200 non
739 1143 954 1216 longius
992 1161 1022 1198 a
1053 1144 1261 1200 Graecia
1297 1147 1528 1215 positus,
1565 1146 1678 1200 imo
1713 1145 2030 1201 Graecorum
2063 1147 2175 1202 fue-

601 1237 678 1292 rit
719 1237 1052 1308 patriarcha.
1109 1235 1236 1292 llaec
1279 1235 1672 1303 Florentinius,
1725 1239 1886 1307 cujus
1929 1239 2174 1308 profecto

600 1329 873 1385 dubitatio
917 1330 962 1386 si
1013 1330 1122 1384 vim
1169 1330 1408 1400 aliquam
1458 1329 1675 1396 habeat,
1706 1339 1928 1386 corruat
1955 1332 2172 1401 penitus

603 1421 860 1494 Epistulae
889 1433 1094 1478 nostra:
1123 1425 1425 1478 auctoritas
1455 1438 1678 1478 necesse
1715 1433 1819 1478 cst.

675 1515 828 1574 Hanc
856 1527 1036 1574 autem
1066 1517 1434 1574 difficultatem
1468 1533 1630 1587 quam
1663 1515 2068 1573 Tillemontium
2117 1520 2171 1573 in

601 1607 794 1679 primis
823 1623 888 1664 ac
916 1607 1186 1679 Woogum
1224 1609 1552 1678 praeteriisse
1594 1609 1782 1663 mirari
1827 1611 1992 1674 subit,
2025 1609 2169 1666 facili

603 1699 819 1771 negotio
843 1699 956 1754 tolli
983 1699 1314 1754 existimavit
1355 1697 1686 1770 chuienius
1709 1702 1806 1772 (9),
1833 1703 1876 1756 si
1899 1703 2168 1770 dicamus,

2277 509 2774 579 praestantissimam
2801 525 2866 564 ac
2891 509 3096 581 regiam
3127 515 3462 583 occuparint;
3483 529 3530 573 et
3549 521 3744 584 dicsuuti

2276 607 2440 665 atque
2462 597 2616 664 clari,
2647 599 2741 668 qui
2781 597 2908 654 festi
2939 615 2970 655 a
2998 610 3112 656 toto
3139 603 3272 657 orbe
3297 606 3654 668 celebrentur...
3679 617 3746 672 At-

2275 705 2380 758 que
2411 689 2462 742 id
2493 705 2602 744 non
2631 689 2816 745 Romae
2841 691 3020 746 solum
3057 691 3174 748 fieri
3199 696 3454 764 quispiam
3481 701 3658 770 viderit,
3679 709 3747 762 sed

2274 782 2436 836 etiam
2461 782 2952 852 Constantinopoli.
2979 783 3116 839 Nam
3147 795 3200 840 et
3219 787 3303 841 hic
3329 805 3526 861 quoque
3543 794 3748 853 Constan-

2275 874 2448 926 tinum
2479 872 2730 943 Magnum
2765 875 2908 929 lilius
2955 875 3380 950 (Constantius)
3407 880 3473 935 ita
3493 883 3671 942 dentqu
3691 891 3750 944 in-

2275 965 2419 1034 genti
2458 963 2667 1018 honore
2703 979 2762 1018 se
2793 963 3117 1022 effecturum
3145 967 3488 1039 existimavit,
3506 975 3559 1030 ,si
3585 991 3684 1032 eum
3709 981 3748 1035 in

2275 1054 2564 1124 piscatoris
2589 1055 2862 1126 (Andreae)
2901 1057 3174 1111 vestibulo
3215 1058 3485 1127 conderet;
3519 1083 3536 1116 ι
3564 1064 3608 1118 in
3635 1071 3751 1123 resti-

2275 1147 2403 1202 bulo
2427 1149 2638 1204 scilicet
2679 1149 2924 1204 ecclesia:
2957 1149 3361 1220 Apostolorum,
3401 1155 3482 1209 ubi
3509 1169 3750 1216 sanctorum

2273 1240 2527 1306 Andreae,
2563 1239 2726 1296 Luca:
2759 1257 2824 1296 ac
2847 1241 3118 1298 Timothei
3157 1259 3384 1314 corpora
3413 1251 3649 1305 recondita
3667 1270 3752 1322 per-

2275 1333 2548 1388 hibentur.
2583 1331 2701 1398 Quo
2737 1349 2868 1388 sane
2895 1335 3195 1402 respiciens
3233 1347 3468 1394 vetustus
3509 1351 3664 1397 auctor
3684 1349 3754 1400 ho-

2275 1423 2437 1478 miliaz
2467 1423 2518 1477 in
2547 1423 2699 1488 illud,
2731 1423 2798 1478 In
2829 1427 3086 1496 principio
3115 1437 3230 1481 erat
3268 1427 3495 1495 Verbum,
3523 1431 3641 1486 inter
3663 1451 3754 1505 ope-

2275 1529 2334 1570 ra
2369 1513 2538 1584 ipsius
2567 1514 2942 1584 Chrysostorni
2971 1517 3106 1588 (l5),
3137 1517 3336 1574 habita:
3364 1529 3419 1574 ut
3447 1523 3630 1579 videtur
3652 1541 3754 1581 anno

2275 1607 2398 1676 581,
2429 1607 2542 1662 huic
2573 1609 2738 1662 habet
2767 1623 2782 1660 :
2821 1628 2840 1662 ι
2881 1608 3122 1664 Trinitas
3147 1613 3506 1680 apostolorum
3539 1616 3754 1684 (Andrem,

2277 1699 2435 1754 Lucae
2476 1716 2540 1754 ac
2581 1699 2874 1770 Timothei)
2920 1702 3074 1757 testis
3100 1712 3185 1758 est
3213 1703 3442 1759 caelestis
3468 1703 3752 1762 Trinitatis.»

601 1756 831 1845 Anudreae
864 1791 1021 1862 cujus
1050 1806 1246 1860 corpus
1281 1807 1312 1845 a
1347 1789 1667 1848 Constantio
1707 1756 2030 1864 imperatore
2063 1793 2172 1849 fuc-
2203 1756 2244 1812 Β
2273 1787 2474 1844 Eodem
2506 1790 2664 1859 plane
2698 1807 2861 1846 sensu
2909 1803 3072 1862 atque
3115 1793 3172 1847 in
3205 1796 3442 1850 eamdem
3487 1801 3755 1867 sententiam,

605 1893 689 1938 rat
736 1884 1264 1957 Constantinopolim
1305 1886 1651 1952 translatum,
1687 1899 1970 1958 propterea
2019 1903 2170 1942 men-

603 1979 808 2034 tionem
857 1976 1000 2032 haud
1041 1977 1237 2034 fecisse
1278 1977 1756 2049 Chrysostomum,
1787 1981 1930 2049 quod
1982 1982 2172 2052 utique

603 2085 714 2126 non
743 2069 800 2125 in
830 2071 963 2126 urbe
989 2071 1155 2141 regia,
1194 2071 1286 2124 sed
1315 2070 1618 2125 Antiochia:
1647 2071 1894 2127 habuerit
1916 2071 2169 2129 homilias

603 2162 658 2216 in
691 2161 987 2232 Epistolam
1031 2161 1100 2215 ad
1147 2159 1423 2237 Hebraeos.
1471 2159 1672 2216 Verum
1707 2163 1890 2218 minus
1928 2165 2172 2233 apposite

603 2253 658 2309 id
687 2253 990 2324 conjecisse
1023 2253 1108 2306 vir
1139 2255 1330 2308 doctus
1355 2253 1590 2319 videtur,
1620 2254 1863 2324 adeoque
1907 2257 2048 2325 viget
2077 2256 2170 2310 ad-

603 2345 712 2402 huc
754 2343 1006 2414 objectio.
1065 2343 1172 2399 Has
1207 2345 1352 2400 enim
1393 2345 1647 2398 homilias
1695 2345 2172 2418 Constantinopoli

603 2425 866 2496 habuisse
892 2437 1364 2510 Chrysostomum,
1393 2454 1515 2492 eum
1541 2437 1654 2508 jam
1681 2446 1827 2494 esset
1859 2439 2170 2509 episcopus,

602 2539 728 2602 post
753 2527 1158 2584 Tillemontium
1197 2527 1308 2598 (l0)
1341 2527 1776 2584 Montfauconins
1807 2530 2005 2584 evincit
2037 2531 2168 2598 (11).

605 2621 1000 2676 Existimamus
1047 2621 1230 2690 itaque
1274 2621 1453 2688 potius
1485 2621 1566 2674 vel
1610 2620 1789 2675 locum
1831 2635 1952 2675 csse
1983 2636 2174 2674 corru-

605 2721 780 2782 ptum,‘
813 2711 896 2765 vel
937 2711 1196 2764 memoria
1242 2710 1452 2779 lapsum
1487 2719 1732 2764 sanctum
1771 2711 2070 2765 doctorem.
2107 2709 2172 2764 Et

603 2805 756 2874 prior
781 2803 1000 2875 quidem
1033 2803 1346 2874 conjectura
1393 2803 1445 2857 in
1471 2819 1535 2857 eo
1567 2803 1839 2867 innititur,
1879 2805 2024 2873 quod
2068 2820 2174 2858 eai-

605 2895 726 2948 dem
779 2894 1036 2958 homilim,
1073 2893 1180 2948 ἀπὺ
1224 2894 1483 2964 σημείων,
1520 2909 1584 2948 ea:
1620 2895 1757 2948 natis
1787 2895 2014 2960 eductae,
2051 2903 2174 2964 post

605 2989 814 3044 obitum
835 2988 1053 3042 demum
1077 2987 1453 3057 Chrysostomi
1497 2985 1701 3040 fuerint
1741 2987 2003 3056 evulgataa
2029 3005 2041 3044 :
2065 2985 2171 3040 ἀπὸ

2274 1881 2570 1952 Gregorius
2602 1901 2820 1955 quoque
2849 1883 3229 1944 Nazianzenus
3257 1889 3406 1958 (16):

2343 1977 2584 2030 Μοῦνον
2599 1975 2652 2030 δ’
2671 1977 2855 2047 ἄλγος
2867 1977 3099 2046 ἔμεινεν
3111 1979 3240 2049 ἐμοὶ
3249 2021 3264 2046 ,
3280 1975 3551 2048 minime
3563 1977 3755 2052 ἀνινρόν.

2346 2067 2416 2120 Ὤ
2439 2083 2540 2136 μοι
2568 2065 2718 2135 ἐμῆς
2747 2065 2999 2134 τριάδος.

2348 2159 2419 2210 .-lc
2471 2158 2604 2212 mihi
2676 2158 2935 2218 duntaxat
2982 2161 3179 2213 mansit
3227 2159 3377 2214 dolor
3403 2171 3546 2230 atque
3585 2177 3758 2216 senatus

2415 2251 2653 2304 molesta.

2349 2344 2396 2398 11
2401 2361 2463 2398 eu
2493 2362 2607 2399 mea
2645 2347 2804 2399 trias.

2273 2437 2376 2504 Qui
2409 2446 2463 2491 et
2495 2438 2623 2492 alibi
2655 2437 2794 2508 (l7),
2841 2437 2906 2492 ad
2935 2437 3257 2492 eorumdem
3301 2447 3591 2492 sam-torum
3621 2451 3759 2506 corpo-

2272 2543 2406 2583 rum
2443 2529 2853 2583 translationem
2907 2529 3138 2598 digitum
3197 2528 3512 2592 intendens,
3555 2529 3762 2599 eleganter

2273 2619 2446 2672 dixit:
2481 2637 2498 2669 σ
2527 2617 2734 2686 Valete,
2762 2620 3014 2688 apostoli,
3053 2625 3314 2691 praeclara
3340 2620 3536 2677 colonia
3572 2619 3762 2674 certami-

2275 2710 2359 2764 nis
2391 2710 2494 2764 mei
2531 2709 2796 2780 magistri.
2838 2731 2856 2762 ι
2889 2710 3021 2777 Quae
3063 2729 3188 2768 cum
3242 2715 3316 2769 ita
3363 2714 3502 2778 sint,
3543 2712 3646 2775 quis
3671 2725 3762 2780 ergo

2273 2803 2375 2856 rite
2399 2801 2596 2858 dixerit
2629 2803 2910 2875 ignorasse
2951 2803 3423 2876 Chrysostomum,
3466 2805 3594 2874 quod
3615 2803 3764 2872 Grego-

2276 2896 2388 2950 rius
2410 2893 2806 2960 Nazianzenus,
2824 2897 2967 2965 quod
2992 2895 3278 2964 Paulinus,
3293 2898 3432 2966 quod
3453 2894 3761 2968 Hieronymus,

2274 2988 2417 3056 quod
2461 2989 2654 3058 reliqui
2693 2988 2902 3058 antiqui
2949 2989 3251 3059 scriptorcs
3271 2987 3620 3053 ecclesiastici,
3651 2985 3701 3039 de
3721 2981 3762 3037 S.

610 3078 867 3150 σημείων,
903 3079 1148 3147 inquam,
1177 3093 1272 3130 seu
1305 3093 1368 3130 ex
1397 3075 1649 3131 ductibus
1683 3077 1874 3130 calami
1909 3077 2174 3132 breviori-
2201 3089 2240 3144 ρ
2275 3079 2502 3132 Andreae
2534 3079 2765 3149 apostoli
2803 3095 3052 3150 corpore,
3075 3081 3262 3138 Patris
3293 3081 3513 3136 Achaiae
3543 3080 3590 3132 in
3627 3078 3764 3132 urbem

605 3171 730 3230 bus,
756 3170 954 3240 quibus
997 3182 1156 3222 voces
1198 3179 1249 3224 et
1302 3169 1462 3224 verba
1511 3167 1846 3238 tachigraphi
1893 3169 2170 3224 describe--

605 3261 755 3322 bant,
789 3268 844 3312 ut
869 3269 1068 3314 norunt
1089 3259 1319 3324 eruditi;
1346 3275 1410 3314 ex
1447 3259 1643 3329 quibus
1673 3275 1804 3330 ergo
1837 3260 1981 3315 notis
2011 3261 2172 3328 plano

607 3350 892 3424 etvulgari
923 3349 1085 3404 modo
1135 3349 1331 3405 litteris
1387 3351 1644 3408 traditum
1687 3367 1844 3424 opus,
1895 3353 1948 3407 in
1997 3353 2170 3408 lucem

604 3444 803 3506 exinde
843 3443 945 3497 fuit
967 3445 1258 3512 prolatum.
1299 3443 1395 3499 His
1427 3445 1656 3509 accedit,
1691 3447 1836 3500 varia
1868 3447 2038 3502 fuisse
2071 3451 2172 3504 ha-

607 3551 730 3590 rum
770 3535 1116 3590 homiliarum
1141 3539 1490 3605 exemplaria,
1529 3540 1580 3592 in
1628 3539 1826 3608 quibus
1857 3541 2173 3610 colligendis

607 3629 1090 3700 describendisque
1125 3629 1214 3684 alii
1243 3639 1370 3685 tunc
1397 3632 1655 3700 temporis
1689 3630 1982 3686 feliciorem
2010 3649 2172 3701 quam

607 3723 1003 3780 Constantinus
1057 3739 1273 3792 operam
1331 3724 1578 3790 posuisse
1631 3723 1908 3789 feruntur;
1956 3739 2060 3792 qua
2109 3725 2176 3780 de

615 3834 671 3873 re
711 3818 865 3890 plura
916 3817 1268 3874 doctissimus
1333 3817 1706 3887 Chrysostomi
1778 3833 2002 3888 operum
2061 3819 2176 3872 edi-

615 3925 699 3968 tor
731 3913 844 3984 (12)
881 3931 892 3965 :
938 3921 996 3966 ut
1033 3912 1260 3981 proinde
1291 3911 1434 3966 haud
1466 3913 1671 3965 absona
1707 3912 1950 3964 videatur
1997 3911 2178 3981 suspi-

611 4009 720 4072 cio,
754 4016 957 4062 textum
1009 4005 1229 4060 allatum
1283 4005 1628 4058 librariorum
1671 4005 1826 4074 culpa
1869 4005 1923 4057 in
1981 4005 2178 4059 mendo

615 4101 848 4166 cubare;
889 4113 954 4154 eo
999 4099 1052 4152 in
1099 4099 1289 4167 primis
1331 4097 1570 4160 nomine,
1607 4095 1750 4165 quod
1777 4097 1844 4149 de
1876 4095 2018 4150 Petri
2053 4099 2176 4166 qui-

611 4195 736 4248 dem
766 4201 820 4247 et
839 4191 988 4246 Pauli
1029 4201 1082 4245 ct
1115 4189 1344 4246 Joannis
1369 4191 1632 4259 sepulcris
1656 4190 1865 4244 dubitet
1891 4205 2078 4255 nemo;
2115 4192 2181 4245 de

615 4285 838 4340 Thomas
871 4297 1048 4339 autem
1080 4283 1328 4352 sepulcro
1363 4299 1470 4336 non
1516 4282 1586 4338 ita
1624 4289 1854 4344 certum,
1878 4291 1936 4338 ut
1963 4283 2026 4337 ad
2057 4299 2178 4338 cum

617 4380 792 4432 locum
828 4387 972 4432 recte
993 4377 1214 4432 adnotat
1239 4373 1698 4430 Montfauconius.

2277 3171 2476 3238 regiam
2507 3169 2792 3234 translato,
2825 3169 3020 3225 litteris
3051 3171 3432 3235 tradiderunt?
3458 3169 3679 3240 Superest
3693 3167 3766 3236 igi-

2277 3271 2384 3328 tur,
2409 3263 2552 3333 quod
2577 3263 2740 3316 modo
2767 3263 3103 3328 dicebamus,
3137 3275 3194 3318 ut
3219 3265 3552 3334 suspicemur
3573 3263 3642 3316 vel
3657 3275 3766 3314 men-

2275 3359 2468 3412 dosum
2503 3371 2623 3411 esse
2663 3356 2841 3411 locum
2889 3356 3045 3412 nobis
3095 3357 3407 3426 objectum;
3449 3356 3527 3410 vel
3555 3355 3593 3408 si
3625 3352 3766 3416 mavis.

2276 3448 2537 3502 memoria
2569 3449 2780 3515 lapsum
2808 3457 3057 3501 sanctum
3097 3449 3401 3512 doctorem,
3431 3445 3550 3498 dum
3577 3459 3629 3498 ea
3653 3441 3768 3496 verba

2274 3555 2304 3592 e
2336 3547 2588 3608 suggestu
2615 3536 2902 3607 proferret.

2349 3630 2414 3685 ν.
2455 3629 2598 3685 Inter
2626 3629 2962 3699 objectiones
2993 3645 3123 3684 vero
3164 3629 3430 3701 gravioris
3469 3625 3689 3682 momenti
3725 3635 3766 3674 et

2277 3725 2458 3793 potior
2477 3709 2842 3788 existimatur,
2875 3737 2996 3792 qua:
3023 3737 3090 3777 ex
3131 3739 3262 3778 voce
3304 3723 3510 3795 τριάδες
3535 3715 3770 3772 desumitur

2277 3817 2379 3871 sub
2409 3815 2660 3884 Epistolae
2703 3815 2914 3869 initium
2965 3824 3321 3881 occurrente;
3373 3829 3547 3884 quam,
3575 3809 3771 3878 inquiunt

2278 3927 2553 3974 censores,
2593 3911 2644 3964 in
2688 3911 3073 3966 vetustissimis
3103 3908 3488 3964 ecclesiasticis
3511 3915 3770 3959 monumen-

2281 4003 2349 4058 tis
2387 4003 2473 4055 vix
2517 4019 2582 4056 ac
2614 4017 2682 4056 ne
2709 4001 2798 4056 vix
2831 4001 3050 4071 quidem
3085 4001 3320 4055 fortasse
3351 3997 3613 4059 invenias;
3641 3989 3770 4062 periu-

2279 4095 2346 4148 de
2377 4111 2440 4148 ac
2475 4093 2518 4148 si
2551 4094 2735 4148 omnia
2764 4094 2966 4164 scripta
2995 4093 3150 4148 nobis
3173 4096 3534 4161 superessent,
3555 4101 3658 4154 qua:
3673 4079 3772 4136 scri-

2280 4197 2464 4257 ptores
2502 4186 2784 4256 apostolici
2825 4195 2919 4239 aut
2947 4199 3062 4239 aevo
3106 4184 3406 4253 apostolico
3453 4177 3675 4250 proximi,
3699 4172 3772 4225 Pa-

2281 4279 2420 4349 pias,
2447 4278 2775 4345 Quadratus,
2805 4277 3093 4342 Aristides,
3123 4275 3360 4346 Agrippa
3391 4273 3574 4328 Castor
3597 4310 3610 4334 ,
3641 4265 3775 4319 Aristo

2281 4371 2510 4426 Pellaeus
2552 4371 2752 4440 aliique
2791 4369 2985 4424 litteris
3027 4368 3316 4423 tradidere.
3363 4363 3517 4432 Atqui
3561 4355 3776 4426 antiquius

685 4469 838 4536 Quod
889 4470 934 4524 si
991 4470 1079 4524 cui
1131 4469 1398 4524 sententia
1443 4469 1633 4523 isthmc
1692 4469 1870 4522 minus
1919 4469 2178 4532 arrident,
2209 4451 2256 4508 ι)
2282 4473 2366 4516 est
2405 4477 2599 4516 nomen
2640 4459 2888 4532 τριάδος,
2923 4475 3085 4530 quam
3125 4467 3187 4512 ut
3225 4457 3428 4526 passim
3463 4452 3776 4506 existimetur;

617 4563 881 4618 memoria
917 4563 1006 4618 hic
1039 4563 1253 4632 lapsum
1292 4561 1350 4615 S.
1395 4560 1608 4614 Patrem
1644 4559 1854 4628 opinari
1897 4559 1977 4613 fas
2020 4561 2124 4613 erit
2165 4578 2176 4612 :

615 4657 775 4726 cujus
805 4656 878 4710 rei
917 4657 1162 4725 exempla
1195 4655 1246 4708 in
1289 4655 1411 4708 aliis
1445 4654 1562 4722 ejus
1594 4653 1847 4720 operibus
1881 4653 2022 4706 haud
2057 4669 2181 4706 raro

616 4748 988 4820 deprehendas
1031 4738 1165 4816 (15).
1203 4745 1332 4812 Qua‘
1371 4745 1589 4824 quidein
1637 4742 1962 4812 conjectatio
2009 4743 2180 4812 magis

617 4819 814 4912 placet.
848 4839 1133 4905 Quomodo
1158 4839 1298 4892 enim
1347 4819 1574 4890 Δηὼ-ῖῖὲ
1604 4835 1835 4905 apostoli
1870 4836 2180 4903 sepulcrum

619 4935 794 5007 potuit
810 4935 1094 5004 ignorasse
1118 4930 1543 4999 Chrysostomus
1563 4947 1576 4994 ;
1595 4946 1756 4997 quem
1776 4929 2032 4982 nimirum
2061 4943 2182 4981 eor-

621 5025 766 5096 poris
795 5022 913 5092 ejus
940 5020 1352 5076 translationem
1385 5037 1448 5074 ex
1481 5017 1684 5071 Achaia
1719 5017 2183 5086 Constantinopo-

622 5124 712 5176 lim
741 5138 770 5174 a
793 5117 1113 5174 Constantio
1137 5129 1283 5169 anno
1320 5115 1422 5168 557
1451 5123 1745 5183 peractam,
1782 5115 1921 5166 haud
1961 5113 2185 5166 latuisse

620 5215 837 5268 ticlllllll't
869 5211 1081 5281 liquet?
1118 5209 1206 5263 Sic
1230 5208 1374 5263 enim
1407 5207 1494 5260 ille
1522 5207 1633 5280 (1.1)
1660 5224 1672 5258 :
1713 5226 1730 5256 ‹
1760 5207 1962 5260 Christi
1997 5221 2186 5260 servo-

695 5325 771 5392 (9)
805 5323 1090 5394 Lequicn.,
1125 5322 1222 5394 Or.
1249 5319 1470 5394 Christ,
1503 5317 1730 5394 tom._-l_l,
1761 5319 1967 5394 p.254.

696 5388 806 5464 (l0)
835 5388 1046 5448 Tiilem.
1083 5393 1242 5464 Mem.
1278 5393 1436 5464 ρει-1.,
1459 5403 1592 5445 tom.
1625 5388 1717 5464 Kl,
1743 5405 1794 5454 p.
1817 5389 1937 5440 578.

693 5456 1053 5588 (ξηειζοηιΐη
1091 5463 1316 5532 Prtefat.
1371 5463 1436 5514 ad
1471 5477 1589 5530 opp.
1639 5460 1851 5524 Clin/3.,
1901 5469 2030 5511 tom.
2065 5456 2174 5526 KH,

630 5553 683 5608 ρ.
717 5536 770 5595 5,
804 5533 831 5604 ᾖ
868 5537 922 5588 9.

698 5605 808 5674 (i2)
841 5605 996 5675 ibid,
1033 5605 1058 5675 ᾗ
1092 5606 1125 5658 5
1150 5621 1298 5671 seqq.

835 5671 1055 5749 bimuli,
1089 5675 1358 5749 βαδίζω
1390 5685 1512 5749 tom.
1543 5671 1612 5731 Χ,
1748 5673 1973 5749 ct_ai_ibi.

695 5741 811 5816 (Η)
843 5741 1059 5815 Chi‘ys.,
1093 5741 1238 5797 hom.
1263 5745 1350 5808 ‘26,
1391 5747 1444 5796 in
1474 5753 1624 5810 epist.
1649 5741 1723 5796 ἸΙ
1761 5745 1828 5796 ad
1860 5743 2003 5804 Corn,
2045 5758 2098 5795 n.
2134 5741 2185 5806 5,

2283 4554 2444 4608 tertio
2469 4553 2636 4617 enim,
2665 4551 2796 4624 quin
2823 4561 2877 4608 et
2903 4551 3145 4606 secundo
3177 4547 3432 4603 Ecclesia:
3456 4541 3637 4600 sarculo
3655 4549 3777 4591 usur-

2285 4657 2466 4714 patum
2499 4643 2875 4714 comperitur;
2927 4644 3070 4712 quod
3111 4659 3242 4696 sane
3277 4641 3443 4694 miror
3483 4635 3666 4705 fugisse
3695 4625 3780 4682 Sri-

2284 4756 2466 4794 ecrum
2515 4737 2677 4806 (l8).
2723 4737 3017 4808 Dionysius
3059 4735 3457 4789 Alexandrinus
3501 4730 3605 4800 (19)
3633 4720 3780 4780 εοῧτω

2289 4833 2381 4903 μὲν
2414 4833 2570 4902 ἡμεῖς
2599 4830 2678 4894 εἵς
2707 4847 2765 4882 τε
2795 4829 2892 4900 τὴν
2917 4827 3120 4900 Τριὰδα
3147 4827 3246 4897 τὴν
3280 4825 3475 4896 μονάδα
3505 4816 3780 4882 πλατύνομεν

2285 4925 2602 4995 ἀδιαίρετον·
2637 4923 2728 4976 καὶ
2767 4923 2866 4992 τὴν
2899 4921 3106 4992 Τριὰδα
3133 4921 3291 4973 πάλιν
3335 4916 3592 4988 ἀμεέωτον
3621 4911 3688 4971 εἰς

2290 5017 2490 5090 μονάδα
2526 5013 3088 5086 συγκεφαλαιούμεοα.
3127 5011 3216 5066 Sic
3239 5011 3442 5081 quidem
3483 5023 3569 5061 nos
3599 4994 3781 5056 individ-

2291 5087 2447 5161 in'lcm
2479 5110 2737 5160 unitatem
2769 5107 2822 5158 in
2848 5104 3165 5157 Trinitatem
3196 5103 3510 5162 dilatomus,‘
3532 5106 3576 5150 et
3603 5087 3782 5146 Trinita-

2291 5215 2391 5258 tem
2418 5205 2608 5257 iterum
2642 5217 2758 5272 qum
2805 5201 3049 5253 imminui
3081 5201 3286 5268 nequit,
3327 5197 3380 5249 in
3423 5193 3656 5247 unitatem
3689 5191 3780 5233 con-

2292 5329 2421 5386 tom.
2445 5317 2488 5369 Χ
2501 5359 2514 5380 ,
2543 5333 2595 5386 p.
2629 5317 2753 5370 69.5.

2504 5381 2855 5462 Cbrys.__opp.
2887 5395 3020 5440 tom.
3057 5383 3171 5462 ltili,
3207 5399 3259 5451 p.
3516 5447 3542 5462 ρ

2365 5446 2472 5526 (iii)
2510 5446 2669 5526 (it-eg.
2697 5446 2850 5514 Na'z'u
2885 5473 3052 5508 carm.
3078 5459 3131 5526 ξ),
3165 5446 3399 5526 tom._ll,
3431 5465 3482 5518 p.
3516 5446 3593 5500 79.

2364 5523 2474 5592 (17)
2506 5529 2578 5580 Id.
2619 5523 2756 5581 erat.
2797 5528 2884 5590 52,
2913 5535 3043 5580 tom.
3077 5523 3114 5588 l,
3145 5540 3195 5592 p.
3227 5523 3350 5576 527.

2367 5583 2476 5670 (18)
2504 5597 2733 5670 S_viecr.,
2762 5583 2913 5670 Thes.
2947 5583 3258 5670 cecini-om.
3301 5593 3368 5647 11.
3393 5607 3450 5670 p:
3479 5583 3618 5640 1ἳ88.

2367 5639 2476 5794 ξξέ
2504 5639 2913 5740 Χρἶῖἇᾌίιῖἇιῖῗξ
2939 5639 3110 5736 ira}:
3131 5639 3368 5720 sua:
3383 5639 3606 5726 am...
3622 5663 3722 5708 ιοιη.
3746 5639 3776 5707 ι.

2295 5757 2346 5811 p.
2371 5739 2499 5794 255.
