4038 6314
285 277 449 333 1205

976 281 1308 335 EPISTULA
1339 281 1422 334 DE
1451 236 1806 336 MARTYRTO
1849 286 1854 331 1

1958 279 2275 336 ᾹΝΒΒΕίΕ.
2315 310 2384 321 ·-
2441 281 2801 336 PBOtEMIA.

3415 283 3550 335 12W

277 397 588 451 «trahimus.
613 397 735 462 Quo
758 399 978 466 insuper
993 401 1258 452 voeabqu
1289 401 1430 467 apud
1467 399 1725 452 Basilium
1756 399 1867 466 (20)
1901 406 1945 459 Α
1974 413 2098 456 cum
2129 397 2346 451 Daniele
2374 407 2483 451 tres
2511 414 2708 466 pueros
2742 398 2795 450 in
2823 397 2926 450 lide
2955 396 3123 451 fortes
3152 406 3205 451 et
3233 396 3288 450 in
3323 397 3552 464 captivi-

283 489 503 543 iterum
535 499 697 558 atque
729 489 925 547 iterum
967 492 1139 545 utitur
1185 492 1325 544 idem
1372 490 1686 552 Dionysius.
1737 490 1872 545 lluic

273 583 564 651 episcopo
600 581 968 636 Alexandrino
999 584 1291 655 σύγχρονος
1317 583 1614 652 Gregorius
1656 582 1874 637 Neocre-

284 673 566 728 sariensis
593 673 705 744 (21)
739 691 751 726 :
787 675 958 746 Τριὰς
987 676 1187 738 τελεία,
1222 675 1352 747 δόξῃ
1383 676 1476 728 καὶ
1497 676 1760 745 ἀΐδιὸτητι
1782 675 1873 727 καὶ

281 763 572 836 βασιλείᾳ,
611 764 684 836 μὴ
721 767 1067 838 μεριζομένη,
1097 785 1150 820 κ.
1183 786 1235 821 τ.
1269 767 1321 820 λ.
1361 766 1595 819 Trinitas
1619 767 1870 835 perfecta,

275 872 420 925 qua:
443 857 612 926 gloria
647 868 696 911 et
728 861 1026 912 calamitate
1049 877 1111 912 ac
1138 875 1293 926 regno
1323 876 1424 913 non
1456 860 1734 924 dividitur,
1761 868 1870 914 etc.

273 948 562 1020 Origenes
590 959 818 1020 utroque
855 953 1132 1021 antiquior
1163 952 1276 1021 (22)
1303 971 1316 1007 :
1344 953 1494 1021 Τάχα
1516 951 1626 1022 γὰρ
1644 953 1735 1005 καί
1762 965 1872 1004 τισι

277 1041 408 1094 τῶν
445 1043 728 1114 μακαρίων
757 1043 1056 1114 δυνάμεων,
1090 1042 1700 1114 καὶὲπαναϐεδηκυιῶν.
1739 1060 1872 1111 συγ-

282 1135 479 1204 κρίσει
517 1135 628 1187 τῶν
678 1134 886 1189 πολλῶν
921 1136 1194 1206 γενητῶν,
1225 1137 1292 1190 τὰ
1326 1137 1475 1189 κάτω
1502 1137 1600 1206 τῆς
1642 1136 1872 1207 ἀρχικῆς

280 1226 549 1296 Τριάδος,
583 1225 738 1295 λόγον
759 1225 870 1296 ἔχει
891 1228 1010 1292 ὅλος
1028 1231 1056 1282 ό
1084 1228 1317 1291 ἐνεστὼς
1347 1229 1480 1282 αἰὼν
1503 1228 1578 1292 ὡς
1613 1228 1747 1299 πρὸς
1773 1228 1870 1298 τὴν

279 1313 444 1385 ζωὴν
472 1315 671 1378 αὐτῶν,
699 1315 758 1368 ὃν
787 1317 944 1385 λόγον
970 1317 1080 1388 ἔχε-ι
1122 1320 1155 1388 ἡ
1198 1320 1325 1388 παρ’
1355 1315 1658 1388 ἀνθρώποις
1690 1317 1870 1387 ἡμέρα

281 1403 435 1474 πρὸς
465 1405 585 1458 ὅλον
613 1405 704 1457 τὸν
736 1405 958 1459 δυνατὸν
990 1405 1260 1477 ἀνθρώπῳ
1293 1406 1392 1476 ζῇν
1437 1406 1645 1477 χρόνον.
1691 1405 1870 1475 Siqui-

275 1493 416 1546 dem
440 1511 669 1563 prtesens
689 1507 820 1550 a’tas
836 1498 1073 1550 eamdem
1091 1498 1316 1565 fortasse
1345 1497 1603 1549 rationem
1623 1494 1774 1549 habet
1798 1496 1867 1548 ad

279 1584 457 1637 vitam
481 1584 752 1639 beatorum
781 1587 1131 1657 quarumdam
1157 1595 1513 1655 potestatum,
1537 1602 1753 1655 qquue
1780 1601 1867 1655 ge-

280 1675 422 1729 nitis
454 1679 808 1746 compluribus
857 1679 1086 1745 collata,
1139 1679 1435 1748 superiores
1465 1679 1546 1732 his
1589 1689 1862 1733 euaserunt

1980 500 2088 544 tate.
2103 492 2359 554 victores,
2386 492 2574 544 horam
2603 491 2838 554 tertiam,
2859 501 3090 553 sextam,
3107 506 3304 544 [lunam
3325 507 3341 555 ;
3359 506 3549 544 sacra-

1979 595 2162 640 mento
2183 585 2390 639 scilicet
2419 583 2725 642 Trinitatis.
2749 599 2870 652 quae
2904 583 2956 636 in
2999 583 3548 652 novissimistempo-

1977 678 2128 731 ribus
2157 675 2492 728 manifestari
2521 674 2772 728 habebat.
2813 693 2830 724 ι
2863 672 3073 738 Quibus
3101 671 3320 727 demum
3349 671 3547 726 addere

1976 769 2108 822 libet
2151 767 2299 821 aliud
2340 767 2549 820 illustre
2597 765 2967 818 testimonium
3010 780 3075 817 ex
3115 763 3266 818 Actis
3314 763 3546 818 sinceris

1975 867 2292 914 sanctorum
2317 866 2615 926 martyrum
2649 854 2962 918 Fructuosi,
2982 854 3208 924 Augurii
3228 864 3282 910 et
3307 854 3542 924 EuIOgii,

1973 966 2090 1006 aevo
2129 949 2388 1020 Cypriani
2427 949 2704 1002 memoria:
2740 947 2972 1002 traditis.
3007 945 3097 1002 Sic
3121 956 3301 1010 autem
3342 961 3401 1001 se
3441 946 3543 1000 ha-

1975 1044 2065 1096 bet
2089 1042 2203 1112 (29)
2234 1059 2247 1092 :
2284 1060 2303 1092 ι
2340 1041 2559 1095 Similes
2587 1040 2832 1104 Ananiae,
2864 1040 3072 1093 Azariae
3114 1048 3168 1094 et
3208 1037 3416 1094 Misaeli
3443 1053 3540 1092 ex-

1973 1137 2248 1200 stiterunt,
2287 1141 2346 1187 ut
2388 1133 2553 1187 etiam
2585 1132 2640 1185 in
2680 1132 2786 1186 illis
2822 1130 3064 1186 Trinitas
3086 1131 3269 1192 divina
3295 1145 3542 1186 cernere--

1975 1235 2082 1280 tur.
2130 1247 2148 1277 ι

2010 1345 2012 1347 -
2047 1318 2222 1372 [labes
2256 1319 2420 1388 igitur
2456 1327 2569 1371 tum
2603 1316 2842 1382 Gnaeos,
2878 1325 2992 1369 tum
3021 1315 3246 1370 Latinos
3284 1315 3540 1371 Ecclesia:

1971 1410 2160 1465 Patres
2184 1411 2383 1480 quibus
2410 1410 2624 1482 τριάδος
2649 1410 2972 1464 vocabulum
3013 1408 3125 1477 jam
3157 1408 3280 1463 inde
3313 1423 3539 1463 ascen.-

1973 1502 2025 1554 lo
2043 1517 2078 1554 ιι
2096 1503 2395 1566 desinente,
2414 1512 2733 1570 usurpatum
2748 1501 3100 1570 eomperitur.
3115 1499 3270 1566 Quod
3287 1500 3332 1554 si
3356 1500 3538 1556 adhuc

1972 1602 2294 1662 superarent
2307 1593 2660 1648 vetustiorum
2677 1593 3002 1661 scriptorum
3020 1608 3144 1645 mon
3155 1601 3396 1657 uincula,
3411 1607 3529 1654 non

1971 1684 2334 1753 adTheophili
2351 1684 2524 1738 solum
2546 1692 2639 1736 aut
2661 1682 2978 1736 Tertulliani
2994 1692 3234 1748 aetatem,
3259 1683 3354 1739 sed
3370 1683 3537 1738 altius

270 1784 412 1837 qua:
451 1769 594 1838 infra
631 1787 806 1824 rerum
835 1775 1073 1826 ontnium
1108 1773 1508 1826 moderatricem
1548 1771 1862 1826 Trinitatem
1893 1782 1935 1835 Β
1963 1777 2125 1832 etiam
2143 1777 2465 1846 assurgendi
2491 1775 2650 1829 nobis
2683 1775 2917 1829 fortasse
2947 1773 3176 1829 facultas
3199 1784 3530 1845 suppeteret,

277 1861 468 1927 posita
497 1872 617 1916 sunt
643 1879 662 1927 ;
691 1879 851 1932 quam
878 1865 1121 1918 humana:
1150 1865 1270 1918 vitae
1289 1866 1400 1918 dies
1428 1865 1498 1918 ad
1529 1874 1696 1917 totum
1731 1874 1862 1917 tem-

280 1965 389 2014 pus
418 1952 677 2006 rationem
714 1954 866 2008 habet
894 1996 908 2020 ,
950 1955 1018 2007 ad
1051 1956 1188 2024 quod
1216 1956 1442 2010 hominis
1480 1957 1590 2009 vita
1618 1958 1862 2026 progredi

284 2051 484 2107 potest.
521 2042 707 2114 Neque
733 2045 820 2100 hic
860 2046 1033 2100 solum
1055 2087 1070 2113 ,
1107 2048 1202 2101 sed
1246 2048 1378 2102 alibi
1418 2062 1637 2117 quoque
1671 2062 1860 2101 vocem

272 2134 537 2188 eamdem
565 2137 633 2188 ab
663 2151 730 2190 eo
772 2137 1002 2191 subinde
1025 2147 1344 2206 usurpatam
1377 2138 1563 2192 videas
1596 2137 1730 2210 (23).
1759 2135 1861 2192 Ve-

275 2225 485 2279 tustior
510 2227 688 2281 adhuc
719 2225 952 2298 Origene
989 2228 1240 2284 Clemens
1267 2229 1669 2285 Alexandrinus
1693 2229 1805 2298 (24)
1843 2248 1856 2282 :

278 2320 406 2372 Οὐκ
437 2319 610 2382 ἄλλως
637 2320 809 2390 ἔγωγε
841 2322 1103 2388 ἐξακούω,
1133 2325 1165 2394 ἦ
1201 2325 1301 2394 τὴν
1329 2325 1490 2392 ἁγίαν
1521 2324 1726 2395 Τριάδα
1756 2341 1860 2394 μη-

275 2411 529 2465 νύεσθαι·
564 2412 745 2484 τρίτον
778 2414 877 2486 μὲν
895 2415 1004 2486 γὰρ
1034 2413 1191 2478 εἶναι,
1226 2417 1287 2468 τὸ
1307 2416 1460 2485 ἅγιον
1493 2415 1736 2486 Πνεῦμα·
1767 2418 1858 2470 τὸν

280 2503 418 2558 Υιδν
442 2503 520 2567 δὲ,
553 2504 823 2576 δεύτερον,
857 2507 922 2559 δι’
951 2502 1011 2561 οὗ
1041 2508 1218 2560 πάντα
1242 2507 1458 2575 ἐγένετο
1491 2507 1632 2561 κατὰ
1663 2507 1857 2578 βούλη-

279 2612 374 2648 σιν
397 2597 493 2650 τοῦ
515 2597 744 2670 Πατρός.
772 2598 1029 2669 Equidem
1056 2602 1159 2655 ista
1177 2617 1279 2654 non
1303 2600 1406 2653 nisi
1427 2600 1492 2653 de
1519 2609 1705 2652 sancta
1738 2597 1858 2652 Tri-

280 2687 457 2741 nitate
499 2691 702 2759 accipio
732 2705 750 2742 :
798 2699 847 2743 et
882 2692 1027 2744 tertii
1072 2692 1282 2760 quidem
1317 2692 1558 2754 nomine,
1592 2689 1855 2760 Spiritum

277 2788 556 2842 sanctum;
583 2780 799 2833 secundi
827 2797 963 2844 vero,
995 2780 1196 2834 Filium
1225 2780 1482 2850 intelligo,
1509 2796 1599 2849 per
1619 2795 1772 2848 quem
1791 2796 1856 2833 cz

279 2867 467 2924 Patris
485 2871 751 2926 voluntate
772 2875 916 2941 facta
934 2882 1054 2926 sunt
1069 2873 1270 2925 omnia.
1294 2873 1690 2927 Clementiuum
1710 2872 1854 2926 hunc

279 2960 466 3014 locum
507 2962 798 3031 exscripsit
838 2964 965 3016 item
1008 2962 1278 3017 Eusebius
1305 2963 1440 3032 (25).
1487 2962 1582 3018 His
1616 2963 1853 3033 denique

276 3053 506 3108 accedat
536 3053 873 3124 Theophilus
894 3055 1288 3120 Antiochenus,
1317 3057 1410 3125 qui
1438 3064 1666 3110 caeteros
1694 3064 1850 3109 aetate

273 3145 454 3198 anteit
479 3146 591 3214 (26)
626 3163 639 3198 :
683 3147 954 3211 Ὡσαύτως
970 3149 1065 3200 καὶ
1093 3149 1148 3200 αἱ
1166 3151 1312 3220 τρεῖς
1332 3148 1536 3219 ἡμέραι
1559 3147 1713 3218 [πρὸ]
1740 3145 1849 3199 τῶν

274 3244 584 3310 φωστήρων
627 3243 919 3309 γεγονυῖαι,
967 3240 1127 3294 τύποι
1162 3243 1298 3294 εἰσὶν
1337 3240 1436 3310 τῆς
1469 3239 1714 3311 Τριὰδος,
1757 3240 1851 3292 τοῦ

271 3329 435 3394 Θεοῦ,
469 3331 563 3384 καὶ
604 3331 697 3384 τοῦ
739 3332 910 3400 Λόγου
940 3332 1124 3397 αὑτοῦ,
1163 3334 1257 3385 καὶ
1297 3333 1397 3402 τῆς
1434 3333 1631 3401 Σοφίας
1663 3331 1847 3385 αὑτοῦ.

273 3420 542 3478 Similiter
569 3435 672 3478 tres
705 3425 787 3477 illi
833 3425 942 3478 dies
974 3427 1063 3494 qui
1101 3436 1224 3479 ante
1249 3427 1540 3479 luminaria
1593 3426 1846 3495 fuerunt,

269 3515 454 3585 imago
475 3525 596 3569 sunt
630 3515 939 3581 Trinitatis;
976 3518 1105 3584 Dei,
1136 3519 1250 3588 ejus
1290 3517 1460 3582 Verbi,
1491 3518 1704 3588 ejusque
1743 3518 1848 3572 Sa-

269 3606 510 3674 pientire.

351 3697 490 3764 Quid
521 3715 648 3754 vero
677 3700 928 3769 prohibet
946 3702 1076 3771 quin
1104 3701 1357 3758 Ecclesia:
1383 3702 1584 3759 Grmcaa
1612 3705 1846 3774 scripto-

270 3791 431 3845 ribus
479 3791 743 3846 hactenus
789 3794 1105 3859 recensitis,
1144 3795 1284 3850 duus
1323 3796 1483 3849 etiam
1525 3794 1845 3850 Latinorum

269 3878 502 3942 Patrum
554 3885 962 3943 vetustissimos
1009 3887 1423 3957 adjungamus?
1475 3887 1847 3942 Tertullianus

268 3972 430 4045 (27):
465 3993 484 4026 ι
523 3975 878 4032 Custodiatur
916 3980 1234 4037 meouomia:
1273 3988 1696 4044 sacramentum,
1726 3994 1847 4048 qua:

271 4067 539 4122 unitatem
567 4069 620 4122 in
651 4069 971 4126 Trinitatem
1005 4070 1264 4140 disponit,
1299 4079 1410 4125 tres
1436 4071 1696 4140 dirigens,
1744 4071 1847 4125 Pa-

269 4166 410 4212 trem
440 4169 495 4213 et
521 4157 718 4212 Filium
741 4170 793 4213 et
824 4159 1083 4228 Spiritum
1117 4171 1435 4215 sanctum...
1473 4160 1766 4215 Numerum
1793 4172 1846 4216 et

267 4249 682 4320 dispositionem
753 4251 1068 4316 Trinitatis,
1128 4253 1450 4306 divisionem
1508 4261 1845 4322 praesumunt

269 4339 500 4394 unitatis
546 4361 557 4396 :
601 4340 822 4410 quando
849 4340 1026 4395 unitas
1053 4357 1118 4395 cx
1140 4343 1428 4412 semetipsa
1451 4344 1703 4397 derivans
1721 4343 1808 4396 'I‘ri
1833 4374 1843 4384 -

1964 1869 2031 1923 ad
2060 1869 2421 1939 antiquiorem
2454 1868 2697 1937 ejusdem
2731 1869 2879 1921 vocis
2910 1884 3070 1921 usum
3095 1869 3474 1924 asserendum.

2040 1957 2124 2013 Vl.
2179 1957 2299 2013 Jam
2373 1975 2500 2013 vero
2573 1959 2639 2012 ad
2693 1959 2866 2014 Graeci
2923 1969 3103 2014 textus
3169 1960 3531 2030 integritatem

1963 2051 2336 2114 astruendam,
2368 2050 2500 2103 illud
2525 2065 2742 2121 quoque
2780 2049 3102 2116 objectiouis
3132 2065 3304 2119 genus
3330 2065 3533 2119 expen-

1961 2145 2089 2198 dere
2119 2145 2344 2198 interest
2379 2144 2524 2212 quod
2564 2160 2630 2196 ex
2663 2142 2840 2196 verbis
2880 2141 2983 2196 sub
3021 2143 3234 2196 initium
3277 2141 3531 2212 Epistolas

1961 2235 2270 2294 constitutis
2303 2236 2583 2305 repetitur,
2622 2245 2784 2305 prout
2816 2243 3037 2290 exstant
3072 2235 3129 2288 in
3163 2236 3412 2290 versione
3435 2234 3530 2294 Lis

1960 2325 2286 2395 pomaniaua
2308 2341 2430 2394 quae
2467 2325 2555 2381 hic
2583 2324 2894 2391 exhibetur,
2935 2323 3026 2377 ubi
3065 2321 3133 2377 de
3159 2323 3333 2378 sancti
3361 2323 3532 2393 Spiri:

1961 2427 2048 2474 tus
2071 2416 2420 2485 processione
2455 2414 2728 2485 professio
2766 2415 3101 2476 enuntiatur.
3132 2414 3337 2472 Locum
3367 2430 3530 2484 supe-

1959 2508 2124 2578 rius§
2147 2507 2183 2562 2
2215 2509 2563 2577 protulimus.
2587 2506 2817 2578 Magnus
2829 2507 3048 2576 quidem
3073 2505 3341 2568 Baronius
3361 2505 3532 2569 haud:

1957 2615 2233 2670 quaquam
2263 2615 2375 2654 rem
2399 2615 2506 2654 acu
2529 2600 2773 2670 tetigisse
2797 2598 3032 2662 videtur,
3061 2598 3191 2659 dum
3215 2597 3450 2667 coniecit
3467 2598 3526 2660 in

1959 2692 2070 2760 (50)
2102 2693 2248 2748 illam
2272 2693 2578 2753 versionem
2604 2692 2965 2748 Graecismum
2996 2691 3284 2761 irrepsisse
3309 2690 3377 2745 de
3402 2690 3530 2760 Spi-.

1957 2786 2065 2849 ritu
2097 2793 2307 2848 sancto,
2345 2785 2651 2853 procedente
2678 2800 2744 2838 es
2769 2783 2932 2837 Patre
2958 2793 3007 2836 et
3041 2799 3100 2836 in
3134 2781 3279 2836 Filio
3314 2799 3530 2851 ρει-ηιμ

1954 2887 2140 2942 nente;
2168 2879 2412 2946 adeoque
2453 2876 2504 2931 ei
2543 2876 2934 2946 praeferendam
2966 2891 3089 2932 esse
3130 2875 3527 2934 Mombritianm

1953 2970 2208 3026 editionis
2258 2969 2568 3034 lectionem,
2613 2986 2720 3040 qua
2768 2969 2990 3024 eﬂ'ertur
3027 2969 3264 3038 Spiritus
3301 2976 3525 3024 sanctus

1953 3062 2230 3128 procedere
2268 3079 2332 3129 ea;
2359 3062 2528 3120 Patre
2551 3073 2600 3117 et
2633 3061 2799 3116 Filio.
2825 3059 3024 3116 Verum
3054 3060 3195 3114 hanc
3216 3058 3270 3112 in
3301 3065 3522 3116 senten-

1956 3157 2088 3210 tiam
2119 3153 2362 3225 profecto
2401 3170 2510 3214 non
2550 3153 2924 3209 descendisset
2955 3152 3190 3216 eximius
3229 3141 3522 3204 Annalium

1953 3248 2466 3306 ecclesiasticorum,
2498 3261 2738 3315 parens,
2765 3244 2809 3299 si
2833 3244 3007 3308 oculis
3050 3243 3284 3299 lustrare
3321 3241 3423 3311 ipsi
3451 3240 3524 3306 li-g

1953 3343 2158 3399 cuisset
2187 3343 2298 3397 duo
2341 3341 2434 3399 illa
2477 3356 2708 3408 quorum
2734 3355 2900 3409 supra
2943 3339 3295 3403 meminimus
3329 3337 3525 3400 Graeca

1953 3433 2316 3501 exemplaria,
2360 3429 2904 3499 Huntingdonianum
2949 3439 3002 3484 et
3043 3426 3374 3492 Nanianum,
3399 3443 3524 3497 quae

1951 3524 2055 3579 hoc
2076 3523 2181 3577 loci
2210 3531 2469 3591 corrupta
2504 3531 2558 3576 et
2578 3521 2863 3587 vitiata,ut
2889 3535 3224 3585 asseramus,
3257 3519 3404 3573 nulla
3421 3535 3520 3573 no-

1950 3615 2034 3669 bis
2065 3613 2206 3668 ratio
2236 3613 2493 3682 suppetit.
2529 3612 2699 3666 Porro
2738 3619 3033 3680 utrumque
3070 3611 3214 3666 istud
3241 3612 3520 3680 exemplar

1949 3703 2396 3773 Lipomanianam
2422 3702 2704 3755 lectionem
2737 3701 2935 3764 fil-ruat,
2959 3701 3221 3756 exhibens
3253 3700 3522 3770 Spiritum.

1948 3806 2222 3860 sanctum,
2255 3795 2682 3867 ἐκπορευόμενον
2708 3795 2774 3846 ὲκ
2799 3793 3028 3864 Πατρὸς.
3057 3792 3230 3852 καὶ-ὲν
3256 3791 3382 3868 Υῑῷἶ
3403 3791 3517 3846 δια-

1951 3889 2131 3960 μένον.
2169 3887 2324 3953 Quod
2352 3888 2398 3942 si
2427 3887 2822 3956 Membritiame
2845 3885 3064 3940 lectioni
3087 3892 3302 3950 vetusta
3329 3899 3513 3945 exeru-

1947 3981 2140 4051 plaria,
2176 3980 2367 4034 eodem
2395 3978 2632 4047 Baronio
2662 3987 2823 4041 teste,
2857 3977 3250 4046 astipulantur,
3277 3977 3510 4036 nonde—

1946 4080 2074 4126 sunt
2109 4085 2271 4134 sane,
2309 4068 2511 4138 quibus
2552 4077 2607 4121 et
2648 4066 3038 4135 Lipomaniana
3083 4064 3367 4119 innitatur.
3398 4064 3512 4118 Ex-

1947 4173 2054 4217 stat
2077 4163 2357 4216 enimvero
2387 4161 2440 4215 in
2466 4171 2653 4230 nostra
2678 4159 3005 4216 bibliotheca
3032 4158 3144 4230 (51)
3175 4159 3406 4231 insignis
3423 4176 3510 4214 co-

1945 4253 2048 4307 dex
2077 4253 2547 4317 membranaceus,
2566 4249 2969 4321 elegantissime
2998 4248 3323 4319 descriptus,
3345 4258 3509 4320 atque

1945 4363 2080 4400 auro
2117 4345 2450 4415 picturisque
2481 4344 2686 4419 all‘abre
2721 4343 3006 4398 delineatis
3041 4351 3334 4402 exornatus
3359 4361 3372 4396 :
3398 4353 3510 4397 est.

268 4433 520 4499 nitatem,
552 4449 662 4487 non
694 4433 1091 4488 destruaturab
1115 4434 1334 4498 illa,sed
1356 4434 1787 4489 administretur.
1817 4455 1834 4486 ι
1874 4453 1916 4506 ι)
1943 4454 2048 4510 que
2074 4438 2407 4492 Breviarium
2447 4436 2732 4494 secundum
2782 4436 3206 4494 consuetudinem
3256 4434 3508 4495 Romana:

267 4530 574 4600 Paucisque
621 4529 961 4600 interjectis:
999 4549 1017 4582 ι
1060 4529 1300 4585 Trinitas
1346 4546 1438 4599 per
1469 4539 1753 4586 consertes
1783 4539 1839 4584 et

265 4639 547 4678 connexos
573 4624 773 4693 gradus
812 4639 841 4676 a
876 4621 1038 4677 Patre
1065 4622 1388 4688 decurrens,
1417 4630 1470 4675 et
1507 4622 1837 4675 monarehiae

269 4714 407 4767 nihil
439 4713 720 4783 obstrepit,
743 4723 797 4768 et
825 4713 1145 4767 oeconomiae
1183 4723 1383 4768 statum
1417 4713 1666 4781 protegit.
1701 4731 1719 4764 ι
1757 4711 1834 4764 En

264 4807 499 4859 alterum
531 4803 783 4860 Ecclesiae
805 4804 1075 4859 Africame
1098 4806 1302 4869 lumen,
1339 4803 1643 4874 Cyprianus
1673 4805 1785 4873 (28)
1817 4823 1832 4857 :

273 4914 293 4948 σ
332 4896 391 4950 in
412 4896 754 4951 orationibus
796 4895 1134 4950 celebrandis
1181 4896 1489 4953 invenimus
1513 4895 1835 4952 observasse

340 5030 454 5100 (Ξο)
482 5030 648 5087 Basil.
674 5031 764 5085 lib.
798 5029 871 5083 De
889 5018 1030 5099 Spir.
1050 5029 1134 5095 S.,
1153 5045 1272 5099 cap.
1293 5029 1383 5084 29.
1407 5026 1544 5098 Opp.
1575 5037 1710 5083 tum.
1737 5033 1830 5098 lll,

268 5120 321 5173 p.
357 5101 446 5173 61,
468 5102 599 5173 edit.
627 5101 834 5173 noviss.

339 5169 632 5240 (‘2t)Greg.
657 5169 845 5240 Neoc.,
879 5170 1080 5240 Expos.
1115 5170 1232 5240 ﬁd.,
1261 5185 1313 5238 p.
1350 5171 1400 5223 1.

337 5241 451 5311 (22)
483 5239 724 5310 Origen.,
761 5239 1052 5296 Comment.
1088 5239 1137 5294 in
1176 5240 1365 5294 Matth.
1390 5280 1404 5305 ,
1446 5250 1576 5296 tom.
1641 5255 1733 5308 xv,
1774 5259 1828 5296 ιι.

268 5314 357 5373 5|,
391 5312 519 5370 edit,
551 5311 782 5375 noviss.,
809 5321 939 5366 tom.
975 5328 1060 5376 ιιι,
1097 5329 1145 5380 ιι.
1181 5311 1304 5364 698.

341 5382 452 5451 (1’3)
486 5382 653 5445 Idem,
705 5382 850 5434 hom.
899 5383 1010 5436 9i»
1043 5382 1237 5446 Exod,
1275 5399 1328 5436 ιι.
1367 5383 1418 5444 5,
1471 5383 1620 5435 1ι‹ιιιι.
1664 5384 1721 5435 1-1
1776 5383 1830 5436 in

272 5451 434 5506 Num.
470 5467 524 5510 ιι.
544 5451 601 5515 8,
625 5453 679 5503 in
719 5455 1058 5520 psal.cst.1v,
1083 5463 1135 5505 et
1159 5453 1250 5504 lib.
1278 5467 1360 5516 ιιι,
1390 5455 1441 5504 in
1460 5452 1615 5506 Cant.
1637 5463 1778 5505 cant.
1813 5495 1824 5506 .

271 5522 548 5650 Vidé‘Opp.
594 5531 726 5574 tom.
763 5537 830 5589 ιι,
864 5539 913 5593 p.
958 5523 1079 5587 loli,
1122 5523 1246 5587 510,
1280 5523 1414 5589 845,
1460 5533 1512 5576 ct
1549 5534 1678 5578 tom.
1743 5541 1826 5590 ιιι,

271 5609 318 5650 ι).
397 5623 443 5644 -.

272 5663 451 5788 ῃὲξᾶιι)
480 5663 651 5724 Gleni.
678 5664 780 5726 AL,
813 5663 1033 5729 Strom.,
1067 5663 1158 5718 lib.
1185 5679 1233 5729 ν,
1261 5665 1464 5733 p.710,
1487 5667 1613 5720 edit.
1649 5665 1821 5728 Oxon.

314 5749 424 5792 1Ιῦ.

1940 4532 2119 4584 curiae.
2171 4529 2227 4582 In
2279 4546 2342 4584 eo
2373 4539 2557 4583 autem
2608 4537 2733 4597 post
2782 4528 3043 4589 medium.
3087 4529 3176 4582 ubi
3238 4528 3508 4598 incipiunt

1937 4622 2252 4690 festivitates
2293 4631 2628 4683 sanctorum,
2663 4623 2716 4673 in
2750 4619 2888 4674 festo
2924 4619 2981 4672 ὃ.
3009 4619 3239 4674 Andreae
3272 4621 3504 4690 apostoli

1935 4731 2027 4769 sex
2056 4715 2315 4778 lectiones
2343 4715 2627 4779 habentur,
2663 4729 2728 4769 ex
2749 4713 2988 4781 Epistola
3017 4711 3271 4768 Ecclesia:
3299 4714 3503 4769 Achai-

1934 4823 2012 4862 ca:
2042 4808 2371 4862 verbotenus
2407 4807 2734 4876 desumpta;
2767 4806 2823 4860 in
2854 4822 3087 4875 quarum
3115 4807 3310 4876 prima,
3343 4806 3513 4867 lectio.

1933 4899 2321 4970 Lipomaniana
2348 4897 2604 4960 occurrit.

1930 5037 2117 5161 67:595)
2149 5035 2370 5104 Ευὸθῦσ,
2401 5035 2578 5104 Ρναςρ.
2613 5052 2797 5106 evang.
2821 5078 2836 5101 ,
2862 5037 2958 5098 lib.
2998 5055 3120 5104 xui,
3143 5053 3262 5108 cap.
3304 5037 3370 5091 15
3396 5078 3414 5101 ,
3450 5055 3502 5105 p.

2002 5177 2114 5249 (26)
2146 5176 2414 5249 ῙΙιθορζιη
2441 5177 2509 5249 ad
2535 5177 2740 5249 Aulo!"
2773 5178 2870 5232 lib.
2904 5196 2964 5245 ιι,
2996 5179 3022 5249 §
3049 5179 3133 5232 15.

2000 5246 2113 5316 (27)
2148 5246 2532 5318 Tertullhadu.
2568 5246 2763 5308 Prua‘...
2797 5265 2954 5318 capp.
2987 5246 3042 5314 2,
3075 5249 3131 5312 5,
3155 5248 3209 5302 8.

1999 5315 2112 5387 (28)
2146 5317 2333 5390 (ξςρικ,
2357 5316 2451 5370 lib.
2475 5317 2551 5371 De
2572 5328 2710 5371 orat.
2737 5315 2917 5387 Dom},
2953 5335 3076 5390 pag.
3102 5319 3228 5384 2M,
3249 5315 3376 5382 215,
3414 5318 3505 5373 ed.

1929 5389 2131 5443 noviss.
2155 5387 2326 5442 Puris.

1998 5460 2112 5527 (29)
2155 5457 2428 5525 Ruinart.,
2453 5460 2584 5529 Acta
2611 5467 2855 5528 martyr.,
2881 5475 3003 5529 pag.
3027 5457 3151 5523 192,
3184 5457 3211 5529 δ
3239 5459 3292 5529 4.

1999 5475 2112 5527 (zu)
2155 5475 2428 5525 numam,
2453 5475 2584 5512 Acta
2611 5475 2855 5528 martyr.,
2917 5475 2944 5512 a
2989 5498 3003 5513 .
3027 5475 3151 5523 wz,
3184 5475 3211 5529 θ
3239 5475 3292 5512 4.

1999 5529 2358 5599 (50)Bar01i.,
2399 5529 2467 5583 ad
2503 5528 2726 5597 Martyr.
2757 5529 2810 5583 d.
2837 5475 2913 5582 5g
2937 5475 3098 5595 ἔθνη
3131 5528 3336 5599 not.

1997 5596 2108 5672 (51)
2144 5600 2279 5657 Bibl.
2309 5601 2413 5657 PP.
2471 5596 2662 5670 Congr.
2695 5599 3066 5670 0rat.Venet.,
3092 5600 3228 5672 plut.
3263 5596 3328 5664 ν,
3370 5609 3481 5664 not,

1927 5670 1986 5737 Ε,
2010 5671 2064 5726 2.
