4038 6314
616 264 754 319 (107

1406 260 2007 316 rnesnrrenonun
2050 247 2139 314 ET
2177 260 2626 316 DIACONORUM
2660 260 2939 315 acuant:

3662 270 3767 329 ιξυιι

687 381 829 448 Quid
850 380 1091 452 quieris?
1120 379 1307 435 Lectio
1346 379 1536 433 istltaze
1580 392 1799 433 sensum
1838 392 2032 430 sanum
2065 392 2183 431 om—
2212 385 2255 437 Α
2282 377 2475 448 jungat
2511 377 2772 446 Spiritum
2801 392 2832 429 a
2873 375 3009 429 Filio
3031 390 3304 445 nunquam
3334 376 3773 443 recederemtwn.

616 476 754 529 nino
784 482 839 529 et
864 475 1194 530 catholicum
1230 473 1430 537 habet;
1458 471 1658 542 quippe
1677 486 1799 541 quae
1830 471 2044 525 tametsi
2080 469 2189 524 La-

614 568 794 621 tinum
820 567 888 622 de
923 566 1095 622 sancti
1130 566 1367 635 Spiritus
1394 563 1744 633 processione
1773 579 1803 616 a
1828 562 1987 617 Patre
2013 571 2069 617 et
2099 560 2189 615 Fi-

612 656 693 717 lio
712 659 905 729 dogma
934 674 1040 711 non
1065 657 1364 726 exprimat;
1390 665 1627 710 attamen
1667 669 1842 723 neque
1872 652 2186 708 Graecorum

618 762 863 801 errorem
896 748 964 801 de
999 746 1202 817 Spiritu
1234 755 1424 801 sancto
1447 762 1477 800 a
1516 745 1636 800 solo
1676 743 1835 798 Patre
1866 745 2190 813 procedente

620 840 731 893 allo
763 849 921 909 pacto
943 839 1201 893 insinuat.
1221 837 1589 904 Quamobrem
1616 835 1806 891 Patres
1834 836 2006 892 Graeci
2036 852 2190 892 com-

614 930 1070 1000 pluresejusdem
1095 930 1240 984 modi
1268 938 1360 983 aut
1393 928 1536 982 aliini
1572 927 1828 997 loquendi
1872 929 2082 982 ratione
2105 927 2189 983 usi

612 1022 949 1092 quandoque
967 1021 1394 1091 comperiantur,
1416 1034 1649 1089 quorum
1671 1020 1983 1074 testimonia
2016 1020 2192 1089 plera-

614 1133 724 1187 que
768 1116 1041 1187 congessit
1086 1117 1139 1169 in
1180 1116 1294 1169 suis
1344 1114 1661 1183 Epigraphis
1709 1113 1947 1169 Joannes
1984 1112 2191 1167 Vcccus

619 1210 753 1276 (32).
777 1207 962 1278 Neque
1004 1207 1160 1261 aliter
1198 1207 1369 1262 Grmci
1409 1207 1706 1261 orthodoxi
1742 1206 2096 1266 recentiores,
2133 1213 2191 1257 ut

616 1317 683 1355 ex
712 1299 1058 1355 Constantini
1093 1298 1439 1355 Meliteniotm
1471 1298 1816 1354 Orationibus
1846 1298 1926 1352 vel
1959 1298 2192 1352 maxime

612 1392 670 1447 in
698 1400 952 1461 promptu
980 1400 1062 1446 est
1092 1392 1348 1461 colligere
1376 1392 1510 1460 ('55).
1536 1392 1679 1456 Quin
1719 1400 1773 1445 et
1816 1390 2063 1446 nonnulli
2093 1388 2194 1444 Pa-

613 1491 727 1539 tres
750 1482 929 1538 Latini
967 1484 1296 1539 locutionem
1326 1483 1572 1538 eamdem
1615 1498 1913 1552 usurpasse
1951 1499 2192 1537 noscun-

617 1588 743 1641 tur;
775 1585 831 1628 ut
854 1576 995 1629 inter
1023 1584 1250 1631 ceteros
1278 1575 1572 1645 Gregorius
1593 1574 1840 1645 Magnus,
1873 1576 1966 1644 qui
2006 1574 2197 1628 Dialo-

616 1681 801 1734 gorum
831 1665 925 1719 lib.
972 1682 1035 1731 ιι,
1058 1682 1179 1737 cap.
1215 1666 1306 1727 38,
1329 1666 1485 1735 juxta
1514 1664 1757 1720 Graecam
1799 1664 2077 1721 Zacharias
2098 1682 2194 1734 pa-

2292 478 2547 525 sentanea
2591 471 2663 525 sit
2690 469 2884 532 iIlatio,
2926 468 3137 522 videtur
3172 468 3394 523 omnino
3413 469 3598 527 dixisse
3642 474 3775 546 δρίιοί.

2293 571 2409 616 tum
2453 576 2674 616 manere
2718 562 2773 614 in
2801 559 2973 626 Filio;
3014 560 3165 615 velut
3201 560 3453 616 nimirum
3491 563 3575 619 lib.
3613 581 3663 621 ιιι
3697 571 3778 626 IIo-

2291 648 2422 712 ται..
2450 666 2507 703 ιι.
2542 648 2635 712 92,
2674 649 2763 703 ubi
2796 649 3041 718 loquitur
3060 650 3127 703 de
3152 649 3311 704 modo
3338 665 3442 719 quo
3463 650 3670 720 Spiritus
3688 673 3778 713 sau-

2289 752 2414 797 ctus
2440 741 2493 799 in
2514 740 2681 809 justis
2708 740 2935 805 habitat,
2972 741 3347 796 concludendo
3372 742 3443 796 ait
3469 761 3482 797 :
3504 742 3779 804 Dissimiliter

2291 848 2412 902 ergo
2436 832 2492 884 in
2527 830 2621 884 illo
2651 830 2828 900 (Filio)
2857 841 3053 896 manet,
3087 849 3118 885 a
3149 848 3252 901 quo
3273 848 3362 899 per
3382 844 3606 886 naturam
3624 852 3708 891 sort
3722 856 3781 892 re-

2292 924 2452 978 cedit.
2474 921 2740 989 Quocirca
2760 923 2989 978 dieendo
3018 923 3071 977 in
3103 922 3366 993 Dialogis.
3391 922 3625 992 Spiritum
3643 943 3695 983 ex
3708 929 3781 985 Ps-

2294 1025 2374 1071 tre
2407 1016 2702 1085 procedere
2729 1015 2860 1069 etin
2890 1015 3029 1071 Filio
3051 1031 3297 1077 manere.
3315 1016 3600 1073 nullatenus
3622 1021 3782 1077 dissen-

2294 1108 2425 1162 serit
2456 1124 2485 1161 a
2509 1107 2706 1178 Vigilio
2737 1107 3025 1177 Tapsensi,
3048 1108 3143 1177 qui
3178 1108 3276 1161 lib.
3300 1123 3353 1162 ιι
3390 1108 3456 1162 De
3496 1107 3681 1174 Trinit.,
3702 1114 3783 1169 hac

2293 1200 2477 1255 omnia
2500 1202 2818 1270 complexus
2849 1201 3066 1256 fuerat:
3105 1200 3217 1271 Ego
3248 1201 3399 1254 credo
3424 1201 3605 1256 Filium
3632 1206 3679 1259 in
3710 1206 3785 1260 Pa-

2296 1300 2394 1355 tre,
2420 1290 2618 1359 inquit,
2642 1302 2691 1344 et
2713 1290 2933 1345 Patrem
2956 1292 3012 1344 in
3036 1288 3181 1343 Filio
3200 1306 3219 1351 ;
3239 1287 3491 1359 Spiritum
3517 1307 3785 1361 quoquemu-

2293 1395 2434 1438 ctum
2464 1383 2807 1437 Paracletum
2834 1384 2923 1453 qui
2952 1382 3187 1451 procedit
3225 1399 3260 1435 α
3287 1381 3469 1443 Patre,
3505 1392 3548 1435 et
3579 1382 3688 1435 Filii
3708 1402 3785 1438 esse

2292 1486 2343 1529 et
2380 1473 2586 1533 Patris.
2635 1475 2761 1543 quia
2800 1483 2849 1526 et
2878 1490 2910 1525 a
2930 1470 3075 1525 Filio
3107 1472 3366 1541 procedit.
3403 1470 3466 1524 Et
3495 1472 3635 1540 paulo
3659 1484 3782 1541 post:

2296 1566 2448 1632 Quod
2487 1568 2626 1619 idem
2658 1563 2891 1635 Spiritus
2934 1562 3069 1617 Filii
3096 1566 3190 1625 sit,
3240 1563 3421 1616 multis
3466 1561 3787 1630 Scripturarum

2296 1660 2607 1713 testimoniis
2635 1656 2990 1727 probavimus,
3020 1665 3070 1709 et
3092 1655 3231 1725 quod
3263 1664 3401 1709 totus
3440 1669 3627 1708 maneat
3654 1656 3696 1709 in
3720 1656 3788 1710 Fi-

616 1726 698 1827 pa:
721 1726 1032 1814 versionem
1048 1726 1231 1814 sie-ait
1262 1726 1535 1830 ειίανερδν
1565 1756 1659 1814 οὖν
1688 1760 1941 1832 ὑπάρχει,
1968 1760 2050 1812 ὃτι
2082 1726 2193 1814 fla-

2223 1726 2265 1780 B
2292 1751 2397 1815 lio;
2436 1760 2484 1805 et
2513 1726 2651 1804 sicut
2679 1751 2918 1821 procedit
2946 1768 2979 1804 α
3004 1751 3112 1805 Deo
3140 1750 3324 1816 Patre,
3354 1751 3429 1802 ita
3450 1751 3697 1817 procedita
3725 1749 3788 1803 Fi-

616 1851 886 1923 ράκὶητον
916 1851 1141 1922 Πνεῦμα
1170 1855 1233 1906 ἐκ
1262 1852 1356 1906 τοῦ
1389 1853 1602 1925 Πατρδς
1633 1854 1982 1926 προέρχεται,
2007 1853 2101 1907 καὶ
2134 1855 2192 1907 ἐν

610 1944 693 2015 τῷ
724 1944 838 2015 Υἱῷ
857 1944 1117 2014 διαμένει.
1156 1943 1209 1998 Id
1245 1955 1350 2010 est,
1383 1945 1427 1999 si
1450 1946 1675 2000 verbum
1699 1946 1865 2000 verbo
1891 1945 2148 1999 reddatur
2175 1964 2189 1999 :

614 2035 962 2105 Manifestum
1010 2046 1090 2090 est
1128 2037 1292 2106 igitur
1342 2037 1480 2107 quod
1529 2035 1839 2091 Paracletus
1884 2036 2117 2106 Spiritus
2158 2054 2193 2091 a

612 2127 782 2182 Patre
808 2129 1067 2198 procedit,
1090 2138 1141 2182 et
1169 2130 1222 2182 in
1256 2127 1400 2182 Filio
1425 2138 1715 2198 permanet.
1758 2127 1890 2195 Quae
1924 2139 2006 2184 est
2029 2130 2192 2200 ipsis-

610 2222 752 2276 sima
781 2220 1036 2291 Epistolas
1067 2220 1320 2276 Achaicae
1356 2221 1647 2284 sententia,
1675 2221 1742 2275 de
1780 2237 1885 2291 qua
1916 2223 2130 2292 agimus
2172 2239 2187 2274 :

612 2319 756 2384 quod
783 2315 1003 2385 quidem
1033 2315 1233 2369 nemini
1266 2317 1527 2371 hactenus
1555 2315 2018 2369 animadversum.

684 2405 872 2477 Neque
913 2424 1045 2462 vero
1084 2408 1197 2462 ullo
1242 2409 1407 2461 modo
1444 2405 1750 2462 audiendus
1791 2408 1880 2461 hie
1908 2416 1993 2461 est
2018 2409 2098 2476 (ut
2137 2408 2190 2462 id

611 2499 793 2553 obiter
814 2502 1085 2572 moneam)
1122 2499 1718 2569 JacobusBasnagius,
1750 2500 1844 2569 qui
1869 2497 2189 2553 Zachariam

614 2595 925 2660 pontiﬁcem
950 2592 1142 2648 Latina
1173 2592 1420 2663 Gregorii
1461 2592 1480 2645 I
1520 2591 1706 2648 Graece
1738 2593 2076 2655 reddentem,
2105 2594 2193 2647 de-

616 2688 851 2742 cessoris
885 2687 970 2741 sui
1002 2687 1326 2742 sententiam
1356 2687 1577 2755 penitus
1604 2687 1928 2740 immutasse
1960 2694 2191 2739 conten-

614 2779 734 2844 dit;
769 2781 993 2849 quique,
1023 2778 1169 2849 quod
1195 2778 1416 2848 gravius
1450 2778 1628 2831 adhuc
1653 2787 1755 2840 est,
1790 2778 1971 2847 ipsum
2003 2778 2189 2841 etiam,

613 2871 660 2925 si
691 2871 795 2925 diis
824 2871 1019 2941 placet,
1054 2870 1365 2924 Grzecorum
1397 2869 1787 2924 contribulium
1815 2885 2037 2924 suorum
2076 2870 2193 2938 opi-

613 2963 834 3016 nionem
871 2964 938 3018 de
968 2962 1141 3017 sancti
1172 2960 1409 3030 Spiritus
1431 2976 1460 3014 a
1484 2962 1601 3015 solo
1630 2960 1788 3014 Patre
1812 2960 2189 3029 processione,

2290 1843 2389 1905 tio,
2434 1854 2487 1897 ut
2521 1852 2633 1897 tota
2671 1841 2911 1897 Trinitas
2941 1859 3077 1898 unus
3115 1843 3368 1897 credatur
3398 1840 3552 1896 Deus.
3582 1839 3789 1898 Hactenus

2293 1936 2377 1990 vir
2398 1935 2778 1991 doctissimus.

2368 2027 2475 2083 VII.
2505 2028 2616 2099 Age
2636 2044 2802 2096 nunc,
2827 2028 2893 2083 ad
2920 2043 3085 2083 unam
3129 2028 3314 2083 adhuc
3346 2028 3681 2098 digrediantur
3717 2026 3790 2081 dif-

2292 2122 2585 2179 ficultatem
2607 2122 2973 2189 enodandam,
2996 2136 3161 2190 super
3192 2120 3374 2193 1'ng
3389 2121 3555 2175 ollicio
3577 2134 3632 2173 ac
3658 2119 3787 2189 digni-

2291 2224 2404 2269 tate
2433 2214 2740 2269 institutam
2778 2227 2926 2283 :qua
2962 2214 3186 2267 demum
3225 2227 3475 2273 excussa.
3516 2211 3578 2265 de
3622 2210 3784 2279 reliquis

2293 2306 2589 2361 levioribus
2623 2306 2798 2361 lector
2823 2305 3074 2360 eruditus
3118 2304 3393 2375 judicium
3440 2302 3587 2358 ferat.
3639 2300 3787 2356 Scribit

2293 2396 2635 2465 Sophronias
2662 2395 2799 2466 (57),
2820 2403 2879 2449 ut
2908 2394 3101 2459 fertur,
3130 2392 3191 2447 S.
3227 2392 3493 2447 Andream
3519 2391 3649 2446 cruci
3667 2390 3788 2444 fuisse

2293 2487 2545 2542 sullixum
2574 2487 2678 2540 ὑπὸ
2698 2486 2791 2540 τοῦ
2817 2486 2985 2554 Αἰγέα
3008 2485 3101 2539 τοῦ
3126 2485 3394 2556 βασιλέως
3425 2481 3726 2553 Ἑδεσσηνὼν,
3743 2481 3785 2533 ab

2294 2580 2466 2651 ngea
2519 2580 2768 2649 prwfecto
2822 2578 3231 2638 Edessenorum,
3284 2579 3565 2646 interprete
3598 2574 3786 2627 Erasmo.

2297 2674 2563 2745 Scaliger,
2597 2682 2836 2742 quantus
2876 2672 2991 2726 vir!
3031 2672 3270 2726 miratur
3301 2670 3435 2739 (58),
3478 2667 3670 2739 Egeam
3699 2683 3787 2736 pro-

2293 2766 2579 2819 consulem
2608 2763 3011 2819 Edesseuorum
3060 2779 3249 2834 regem
3295 2761 3590 2831 Sophronio
3615 2759 3786 2822 dictum,

2296 2859 2578 2927 magisque
2608 2856 2841 2910 miratur
2858 2854 3081 2926 βασιλέα
3098 2853 3417 2924 praefectum
3444 2852 3581 2907 reddi
3606 2852 3662 2904 ab
3694 2846 3788 2901 Era-

2296 2949 2783 3004 smo.Blondellus
2834 2950 2963 3003 item
3026 2948 3080 3002 in
3138 2947 3470 3001 omnimodae
3518 2943 3787 3013 antiquitatis

613 3054 880 3126 Gregorio
905 3054 1097 3125 Magno
1120 3064 1310 3110 contra
1337 3054 1456 3123 ejus
1488 3063 1720 3107 mentem
1738 3053 2082 3124 adjudicasse
2104 3068 2194 3106 as-
2219 3065 2262 3122 ο
2295 3039 2642 3107 indagatione
2663 3038 2894 3091 rimator
2921 3037 3251 3101 acerrimus,
3283 3035 3416 3090 satis
3452 3034 3656 3088 fidenter
3697 3046 3787 3097 sug-

618 3156 834 3202 severat
855 3147 993 3216 (34).
1028 3148 1095 3201 At
1120 3148 1246 3216 quis
1268 3148 1487 3201 demum
1518 3144 1585 3199 de
1628 3144 1979 3199 sanctissimo
2011 3144 2193 3213 ponti—

615 3241 718 3295 fice
748 3249 910 3310 atque
942 3240 1288 3309 gravissimo,
1315 3239 1417 3293 sibi
1445 3240 1547 3293 hoc
1574 3238 1628 3292 in
1658 3238 1901 3292 animum
1928 3236 2195 3292 inducat?

617 3331 756 3388 Illud
794 3334 976 3403 potius
1015 3334 1305 3388 dicendum
1340 3332 1480 3386 foret
1499 3371 1513 3394 ,
1542 3333 1587 3387 si
1616 3347 1674 3385 re
1696 3346 1824 3385 vera
1860 3328 2046 3385 Graeca
2072 3329 2194 3399 ejus

620 3425 801 3481 versio
831 3441 862 3480 a
893 3424 1087 3478 Latino
1116 3424 1359 3493 Gregorii
1399 3433 1544 3479 textu
1579 3424 1965 3494 discrepasset,
2000 3439 2121 3478 eam
2161 3440 2192 3478 a

617 3516 932 3574 Graecorum
952 3517 1136 3587 aliquo
1166 3515 1337 3572 fuisse
1363 3517 1489 3571 olim
1520 3525 1864 3586 corruptam;
1889 3517 2190 3586 prmsertim

620 3628 744 3666 cum
778 3626 844 3666 eo
872 3611 1092 3665 nomine
1128 3608 1368 3665 Joannes
1391 3610 1653 3665 diaconus
1673 3610 1784 3679 jam
1815 3610 2021 3663 dudum
2059 3625 2194 3666 con-

617 3714 845 3775 questus
885 3718 1006 3758 esse
1029 3712 1286 3757 noscatur
1312 3703 1449 3773 ('55).
1476 3703 1547 3757 At
1576 3701 1927 3758 verisimilior
1951 3703 2085 3756 mihi
2111 3703 2214 3757 vi-.

621 3800 781 3853 detur
804 3798 906 3852 hac
931 3797 997 3852 de
1018 3811 1079 3851 re
1107 3796 1177 3852 cl.
1205 3796 1481 3863 Lequienii
1506 3796 1793 3862 sententia,
1824 3796 1982 3865 cujus
2009 3797 2195 3865 proin-

617 3889 689 3944 de
701 3889 862 3944 verba
887 3887 1195 3943 hucall‘erre
1207 3903 1383 3957 oper-tr
1407 3885 1636 3955 pretium
1652 3886 1793 3940 duco
1812 3886 1926 3956 (36)
1949 3902 1961 3936 :
1988 3904 2006 3935 ι
2034 3883 2193 3951 Quod

621 3990 849 4052 spectat,
896 3980 1093 4051 inquit,
1141 3980 1207 4035 ad
1258 3978 1505 4048 Gregorii
1558 3979 1758 4042 locum,
1814 3979 1908 4047 qui
1964 3977 2193 4032 habetur

621 4076 717 4131 Iib.
743 4092 779 4130 ιι
799 4073 1007 4144 Dialog.
1025 4089 1141 4143 cap.
1166 4072 1253 4138 38,
1277 4072 1524 4127 sincerus
1540 4071 1739 4133 dicam,
1760 4071 1932 4139 magis
1950 4070 2193 4125 arridere

621 4166 911 4220 lectionem
944 4180 1105 4235 quam
1134 4162 1350 4234 praefert
1379 4160 1565 4215 Graeca
1608 4160 1917 4215 translatio.
1964 4159 2193 4216 Latinus

622 4267 913 4313 contextus
948 4258 1144 4311 habet:
1172 4254 1305 4311 Cum
1337 4254 1477 4308 enim
1521 4263 1741 4316 constet,
1775 4254 1901 4323 quia
1942 4252 2195 4306 Paracle-

626 4359 709 4401 tus
743 4348 975 4417 Spiritus
1006 4365 1036 4401 a
1080 4346 1243 4400 Patre
1282 4362 1483 4415 semper
1511 4344 1760 4415 procedat
1798 4354 1847 4398 et
1879 4344 2058 4407 Filio;
2101 4361 2195 4397 cur

624 4460 679 4498 se
706 4442 753 4497 F
756 4444 881 4498 ilius
912 4458 1237 4498 recessurum
1259 4442 1410 4508 dicit,
1444 4450 1500 4494 ut
1525 4440 1615 4494 ille
1639 4440 1813 4494 veniat
1845 4440 1934 4511 qui
1976 4457 2007 4492 a
2049 4439 2194 4491 Filio

622 4548 895 4603 nunquam
932 4534 1169 4589 recedit?
1220 4532 1403 4587 Graeca
1438 4545 1566 4587 vero
1610 4531 1931 4585 translatio:
1964 4529 2198 4601 Φανερὸν

621 4621 718 4679 οὖν
740 4625 993 4695 ὑπάρχει,
1025 4625 1107 4676 ὅτι
1138 4623 1198 4676 τὸ
1232 4620 1587 4693 Παράκλητον
1619 4619 1840 4689 Πνεῦμα
1868 4621 1932 4691 ἐκ
1963 4616 2056 4670 τοῦ
2089 4620 2199 4671 Πα-

620 4719 752 4792 apo;
784 4717 1138 4790 προέρχεται,
1174 4716 1268 4769 καὶ
1312 4719 1368 4768 ὲν
1397 4714 1474 4785 τῷ
1509 4714 1620 4784 Υἱῷ
1658 4713 1915 4783 διαμένει.
1976 4710 2195 4766 Constat

625 4815 793 4885 igitur
842 4810 979 4881 quod
1031 4808 1264 4878 Spiritus
1306 4806 1615 4862 Paracletus
1646 4822 1711 4859 ea:
1745 4805 1909 4858 Patre
1938 4804 2193 4873 procedit,

625 4917 675 4960 et
699 4908 754 4960 in
775 4902 917 4957 Filio
942 4900 1278 4955 manet.Cum
1305 4898 1599 4969 Gregorius
1612 4913 1741 4951 mox
1765 4894 2045 4950 inferendo
2068 4894 2197 4948 sub-

700 5039 813 5110 (5‘2)
845 5039 1004 5094 Vecc.
1035 5036 1176 5106 apud
1200 5034 1364 5090 Allat.
1403 5036 1572 5090 Grece.
1613 5034 1776 5096 orth.,
1808 5043 1941 5087 tom.
1974 5034 2041 5094 II,
2072 5047 2192 5101 pag.

628 5113 736 5169 550
778 5122 831 5166 et
856 5125 1011 5179 seqq.

723 5181 813 5247 55)
850 5176 1109 5244 Meliten.,
1130 5176 1282 5240 ibid.,
1310 5194 1361 5246 p.
1392 5177 1493 5229 786
1544 5191 1697 5243 seqq.

724 5245 812 5321 54)
840 5252 1097 5328 Basna_g.,
1125 5250 1177 5302 in
1205 5245 1418 5303 Obserr.
1448 5248 1516 5299 ad
1542 5247 1745 5300 (lanisii
1772 5246 1944 5311 Tltcs.,
1971 5255 2099 5298 lottt.
2124 5245 2189 5305 II,

628 5333 769 5395 part.
805 5341 842 5387 ι,
879 5341 931 5391 p.
959 5322 1049 5376 88.

627 5394 815 5517 75(⁸55)
845 5391 1006 5448 Joan.
1035 5392 1206 5453 Diac.,
1250 5388 1353 5442 Vit.
1389 5387 1445 5441 S.
1484 5386 1639 5456 Creg.
1668 5386 1806 5452 PI’.,
1840 5386 1933 5442 lib.
1962 5401 2033 5450 Iv,
2067 5400 2187 5452 cap.

667 5486 697 5519 ὖ

700 5534 813 5605 (56)
844 5533 1133 5603 Lequien.,
1161 5529 1675 5605 Dissert._1)ayta_sc.
1702 5528 1808 5605 I,_§
1827 5527 1917 5591 ‘25,
1950 5543 1999 5595 p.
2036 5525 2115 5605 ll.

699 5595 811 5671 (57}
853 5595 1051 5672 Sophr.
1078 5604 1217 5671 apud
1249 5602 1462 5654 Fabric.
1492 5600 1632 5653 Bibi.
1660 5595 1866 5672 certe-vss,
1901 5615 2021 5672 pag.
2062 5595 2185 5647 “2'25.

701 5669 814 5738 (38)
857 5669 1054 5739 Scalig.
1101 5669 1345 5725 Animad.
1391 5672 1442 5723 in
1478 5672 1670 5725 (Σὴθ-οη.
1700 5669 1893 5724 Euseb.
1946 5670 2009 5722 ad
2056 5683 2182 5720 ann.

629 5759 984 5807 ttucccuxw,
1015 5759 1135 5812 pag.
1165 5742 1289 5796 “256.

2296 3134 2446 3202 gillat
2469 3142 2772 3197 auctorem,
2807 3146 2969 3200 quem
3003 3130 3168 3183 etiam
3207 3129 3357 3183 aliud
3379 3143 3536 3197 agens
3566 3132 3789 3194 putatesse

2294 3224 2899 3289 Pseudo-Dorotheum,
2925 3224 3053 3277 dum
3087 3222 3284 3277 scribit
3305 3220 3416 3292 (59)
3451 3221 3612 3289 ipsum
3630 3213 3786 3284 nugari.

2294 3318 2564 3371 Andream
2596 3314 2776 3369 Patris
2809 3315 2877 3368 ab
2903 3313 3071 3384 IEgea
3112 3311 3511 3367 Edessenorum
3536 3322 3643 3377 rege
3660 3300 3787 3374 (quasi

2294 3426 2358 3465 ex
2397 3410 2589 3464 ultimo
2621 3411 2831 3465 oriente
2862 3409 2913 3463 in
2951 3409 3214 3463 Achaiam
3258 3414 3527 3461 momento
3553 3397 3788 3456 transvola-

2295 3504 2453 3571 verit)
2482 3503 2828 3557 crucifixum.
2860 3501 3137 3571 Scaligero
3159 3500 3396 3555 adhaesit
3432 3498 3581 3553 etiam
3621 3502 3788 3545 accurs-

2297 3596 2542 3650 tissimus
2558 3595 2940 3650 Tillemontius
2969 3593 3082 3663 (40)
3120 3612 3133 3647 :
3164 3607 3343 3662 eoque
3371 3589 3577 3644 nomine
3612 3583 3787 3649 Woogus

2295 3688 2518 3758 insuper
2548 3689 2796 3742 eumdem
2818 3687 3188 3755 Sophronium
3224 3684 3367 3740 ridet
3391 3680 3519 3751 (LI).
3546 3677 3739 3732 Cazteros
3757 3668 3786 3723 si

2295 3781 2389 3851 qui
2416 3789 2565 3843 sunt,
2600 3779 2738 3833 idem
2771 3778 3088 3841 sentientes,
3115 3774 3479 3845 praeterimus.

2366 3889 2521 3944 Dolet
2572 3890 2850 3944 enimvero
2902 3887 3051 3942 viros
3094 3885 3494 3941 eruditissimos
3536 3880 3629 3935 alia
3658 3873 3785 3930 multa

2295 3999 2420 4039 cum
2461 3983 2646 4036 animo
2669 3982 2962 4052 agitantes,
2992 3979 3121 4033 illud
3146 3979 3367 4032 demum
3392 3991 3496 4046 quo
3521 3974 3583 4028 de
3607 3970 3782 4040 agimus.

2296 4075 2436 4129 adeo
2475 4072 2844 4142 perfunctorie
2882 4070 3228 4146 expendisse.
3264 4068 3545 4129 Nimirum,
3587 4076 3677 4115 una
3700 4066 3785 4110 tan-

2297 4174 2411 4218 tum
2464 4162 2663 4218 Edessa
2721 4161 3123 4231 Mesopotamiae
3181 4163 3333 4225 urbs,
3389 4157 3524 4214 haud
3581 4156 3708 4221 longe
3738 4146 3784 4198 ab

2296 4255 2570 4321 Euphrate
2606 4256 2732 4320 sita,
2766 4254 2900 4323 ipsis
2923 4254 3356 4317 obversabatur;
3404 4260 3458 4305 ut
3490 4247 3687 4319 proinde
3711 4242 3784 4295 So-

2298 4347 2591 4416 phronium
2669 4347 2736 4399 de
2787 4346 2878 4400 illa
2934 4344 3104 4400 fuisse
3158 4345 3401 4399 locutum
3448 4337 3780 4397 existimarint;

2299 4455 2472 4510 neque
2491 4438 2717 4492 altenus
2739 4437 2952 4492 Edessae
2975 4438 3292 4503 meminere,
3321 4434 3627 4489 Macedonia:
3647 4440 3784 4497 regum

2297 4532 2563 4600 sepulcris
2579 4532 2760 4597 clarze,
2787 4531 3181 4599 celebrataeque
3204 4532 3257 4583 in
3283 4528 3464 4600 primis
3489 4524 3664 4578 Joannl
3682 4518 3783 4572 Can-

2296 4632 2560 4678 tacuzeno
2589 4624 2725 4692 (42).
2756 4622 2829 4676 De
2865 4632 3095 4691 utraque
3120 4623 3273 4691 plura
3305 4636 3410 4692 prae
3437 4616 3627 4673 exteris
3654 4612 3782 4679 Span-

2297 4714 2510 4769 hemius
2560 4703 2701 4785 (45):
2752 4713 3084 4783 Lequienius
3143 4714 3255 4785 (44)
3307 4721 3360 4766 et
3405 4709 3624 4780 Bayerus
3682 4700 3779 4768 (λῖθ’

2298 4804 2577 4859 Vetustior
2607 4815 2689 4859 est
2715 4818 2930 4869 autem,
2960 4806 3151 4859 saltent
3188 4805 3402 4857 nomine
3450 4812 3613 4859 lenus,
3652 4792 3781 4846 Mace-

2293 4896 2490 4952 donica
2513 4896 2718 4953 Edessa
2748 4913 2761 4949 :
2794 4913 2860 4951 ex
2891 4897 2993 4951 bac
3017 4899 3163 4951 enim
3199 4902 3499 4964 nuncupata
3527 4889 3620 4944 fuit
3652 4883 3777 4939 altera

2365 5034 2477 5103 (59)
2518 5031 2703 5087 Blond.
2733 5029 2857 5103 Lib.
2882 5032 2945 5084 de
2973 5031 3139 5103 episc.
3165 5042 3212 5084 et
3237 5010 3400 5099 presb.
3420 5022 3551 5094 apud
3580 5010 3779 5073 Fabulle

2294 5102 2387 5159 rit.
2413 5116 2459 5157 et
2494 5117 2651 5157 mort.
2690 5102 2908 5170 Maysis,
2932 5118 3053 5170 pag.
3086 5102 3211 5155 496.

2365 5150 2477 5241 (ὦ)
2752 5150 3081 5225 .2722).
3127 5150 3271 5224 item.
3284 5240 3287 5241 ν
3300 5168 3337 5233 1,
3362 5183 3477 5237 pag.
3495 5161 3609 5227 39.0,
3638 5163 3723 5211 uel.
3738 5150 3772 5203 l.

2364 5246 2476 5315 (41)
2516 5244 2711 5314 Woog.
2739 5244 2961 5315 exemit.
2994 5258 3057 5315 tt,
3088 5259 3207 5311 pag.
3236 5240 3352 5293 IOI.
3489 5305 3519 5315 η

2365 5305 2477 5384 (42)
2518 5305 2744 5395 Gatttac.
2792 5312 2936 5365 Hist.
3007 5305 3103 5365 lib:
3136 5305 3185 5371 ιζ
3214 5327 3327 5380 cap.
3371 5305 3569 5371 54,1ἱιι.
3604 5305 3771 5361 Iv,caP'

2295 5387 2360 5441 19
2397 5395 2450 5437 et
2484 5386 2630 5439 alibi.

2294 5457 2476 5581 ﬂgiti)
2519 5454 2725 5525 Spanh.
2760 5454 2837 5507 De
2852 5464 3032 5524 pra’st.
3063 5452 3474 5506 uumism..tom.
3497 5446 3532 5507 I.
3559 5455 3656 5510 cap.
3680 5428 3767 5581 I93.

2364 5569 2476 5665 (vix!)
2519 5596 2779 5666 Lequien.
2812 5596 2901 5648 ΟΥ.
2937 5596 3085 5654 (ἳΙινη
3125 5604 3256 5648 tom.
3292 5592 3353 5655 II,
3376 5603 3536 5666 pagg.
3568 5581 3638 5643 79,
3675 5569 3765 5628 953‘.

2362 5661 2474 5735 (15"l
2516 5661 2703 5723 Bavcr.
2744 5667 2885 5720 Hist.
2918 5666 3195 5729 Osr’toen.,
3226 5681 3342 5733 pag.
3372 5661 3432 5715 I3
3460 5672 3561 5725 seq.
