4038 6314
324 284 462 338 1209

995 278 1332 352 LPISTQLA
1370 280 1457 335 DE
1501 279 1863 335 MARTYRIO
1900 281 1960 334 S.
1994 278 2401 335 ANDREE.—
2426 279 2786 335 PliOtEMlA.

3419 278 3554 333 1210

320 404 377 455 in
403 399 624 469 regione
653 398 990 455 Osrhoenica
1014 400 1187 470 posita
1211 415 1352 469 quze,
1383 407 1521 453 teste
1540 396 1719 453 Plinio
1752 399 1887 469 (46),
1916 428 1962 483 Α
1996 397 2228 451 vocavit.
2268 416 2286 449 ι
2333 396 2551 453 Justino
2605 399 2848 453 concinit
2906 396 3145 463 Plinius,
3197 396 3340 467 apud
3393 413 3556 468 quem

324 493 611 563 quondam
643 491 930 547 Antiochia
981 492 1285 555 dicebatur,
1318 499 1482 559 atque
1512 506 1541 543 a
1577 489 1728 545 fonte
1759 506 1886 559 per-

322 586 522 642 lucidis
560 586 721 640 undis
772 585 882 639 illic
923 584 1141 649 ﬂuente,
1180 583 1524 638 Callirrhoe:
1580 597 1889 650 nomenque

320 677 545 731 Edessa:
567 675 797 731 inditum
817 676 989 731 eidem
1008 676 1174 731 fuisse
1194 677 1512 746 perhibetur
1528 691 1557 729 a
1577 673 1889 728 Macedoni-

319 769 426 823 bus
438 780 726 838 postquam
742 769 1107 824 abAlexandri
1124 768 1194 822 Μ.
1212 768 1545 837 temporibus
1558 777 1684 821 sunt
1697 768 1784 820 illa
1802 781 1892 836 po-

316 861 429 917 titi.
449 860 565 915 Non
582 872 663 915 est
677 862 841 932 igitur
856 877 952 916 cur
971 861 1024 915 in
1044 862 1293 915 ultimum
1313 862 1575 915 orientem
1594 876 1717 915 cum
1736 858 1892 911 Blon-

316 953 467 1007 dello
492 952 881 1022 transmigrare
904 968 1196 1023 cogamur,
1233 965 1294 1006 ut
1339 953 1629 1020 Sophronii
1662 950 1887 1020 Egeam

318 1041 730 1097 ‘Edessenorum
763 1059 942 1113 regem
985 1043 1307 1096 invisamus.
1342 1041 1614 1097 Discimus
1646 1043 1791 1095 enim
1821 1057 1888 1094 ex

325 1134 515 1189 Tacito
543 1135 655 1201 (47)
717 1136 979 1190 Achaiam
1012 1144 1066 1188 et
1096 1134 1467 1188 Macedoniam
1496 1134 1729 1203 imperio
1763 1148 1891 1203 pro-

308 1227 600 1282 consulari
626 1226 793 1282 fuisse
826 1227 1119 1296 sulijectas.
1158 1226 1293 1281 Hinc
1316 1228 1499 1295 itaque
1528 1226 1717 1279 mirari
1746 1226 1889 1278 haud

318 1318 731 1388 subitIEgeam,
764 1319 855 1387 qui
888 1317 1061 1372 fertur
1090 1318 1383 1388 proconsul
1411 1318 1649 1380 Achaiae,
1678 1316 1888 1370 censeri

315 1420 373 1464 et
406 1408 619 1463 Edessa!
650 1408 1011 1463 Macedonicae
1040 1424 1249 1478 regem;
1270 1409 1513 1477 adeoque
1534 1408 1603 1461 ab
1631 1408 1733 1461 hac
1759 1408 1890 1460 urbe

318 1503 648 1572 digressum,
678 1501 867 1556 Patras
908 1501 1134 1556 Achazas
1166 1502 1494 1570 perrexisse,
1536 1509 1597 1555 ut
1642 1500 1892 1569 perhibet

315 1596 561 1665 Epistola
592 1605 798 1649 nostra.
833 1595 1181 1650 Proconsulis
1217 1610 1452 1663 namque
1481 1594 1637 1649 sedes
1687 1592 1890 1647 Edessa

317 1690 553 1743 fortasse
614 1688 778 1742 fuerit
845 1703 1075 1757 eamque
1135 1687 1440 1755 respexerit
1500 1684 1885 1755 Sephronius:

1992 488 2230 543 occurrit
2251 489 2367 557 (51)
2393 505 2406 541 :
2447 508 2466 541 α
2501 489 2756 559 oppidum
2781 486 2939 559 Ege,
2973 488 3029 543 in
3059 505 3168 558 quo
3196 503 3316 543 IIIOS
3341 487 3558 558 sepeliri

1990 595 2144 650 reges
2178 599 2196 632 ι
2235 578 2610 636 Macedonum.
2663 580 2923 635 Edessam
2970 581 3155 652 itaque
3205 580 3470 637 habemus
3501 580 3556 634 in

1990 670 2304 726 Macedonia
2350 674 2533 737 sitam,
2591 672 2956 743 primitusque
3006 682 3254 728 vocatam
3304 672 3555 742 JEgeam.

1990 762 2123 828 Quae
2152 764 2369 833 quidem
2402 765 2554 827 urbs,
2591 762 2786 821 Vossio
2810 774 3062 819 monente
3085 764 3221 834 (52),
3270 765 3553 835 scriptori-

1991 849 2092 904 bus
2122 850 2323 906 Graecis
2352 852 2554 906 dicitur
2602 853 2788 922 Αἰγαὶ,
2832 853 3031 923 Λὶγαία
3061 864 3115 910 et
3139 854 3333 924 Δῖγεια
3369 874 3382 909 :
3416 855 3561 909 unde

1991 943 2200 997 ἐθνικόν
2226 953 2310 998 est
2332 946 2649 1015 Αἰγαιάτης,
2680 947 2763 1001 vel
2787 948 3097 1018 Αἰγειάτης.
3133 947 3257 1003 Haec
3278 963 3408 1003 vero
3430 949 3560 1003 dum

1990 1036 2195 1101 recolo,
2224 1036 2389 1090 varia:
2420 1037 2552 1090 mihi
2583 1038 2821 1093 suborta:
2855 1040 3217 1109 suspiciones.
3244 1038 3381 1093 Cum
3411 1040 3559 1094 enim

1991 1127 2235 1180 noverim
2260 1127 2537 1195 proprium
2560 1130 2909 1197 proconsulis
2931 1146 3128 1183 nomen
3162 1130 3265 1184 sub
3290 1144 3400 1199 quo
3436 1144 3562 1200 pas-

1991 1235 2086 1273 sus
2106 1218 2421 1287 perhibetur
2442 1220 2498 1275 S.
2526 1222 2793 1286 Andreas,
2812 1223 3175 1277 diversimode
3206 1223 3346 1292 apud
3380 1222 3563 1283 Eccle-

1992 1310 2087 1369 sia:
2155 1311 2450 1379 scriptores
2516 1313 2739 1377 eﬂ‘erri;
2821 1314 2944 1367 aliis
3022 1330 3260 1382 namque
3334 1324 3561 1368 vocatur

1990 1403 2190 1471 Αἰγέας
2216 1404 2351 1473 (55),
2386 1404 2506 1458 aliis
2537 1420 2664 1458 vero
2691 1405 2990 1475 Αἰγαιάτης
3016 1406 3128 1473 (54)
3147 1423 3159 1458 :
3179 1406 3311 1474 quid
3340 1406 3558 1461 demum

1990 1509 2051 1547 ea
2074 1494 2139 1548 de
2167 1495 2426 1550 varietate
2455 1498 2763 1567 augurabar
2783 1498 2966 1551 dicere
2994 1498 3162 1551 lubet.
3193 1496 3563 1567 Sephronium

1996 1586 2276 1652 nimirum,
2322 1588 2438 1642 sive
2473 1590 2796 1657 scriptorem
2834 1592 3184 1645 vetustiorem
3218 1607 3379 1662 quem
3419 1593 3565 1661 ipse-

1992 1688 2101 1731 met
2157 1688 2379 1734 secutus
2438 1680 2624 1744 fuerit,
2677 1682 2899 1735 nomine
2954 1684 3298 1752 proconsulis
3343 1683 3566 1751 proprio

320 1782 569 1836 Ecclesia
603 1780 1006 1839 vero.Achaica
1046 1781 1100 1833 in
1130 1779 1395 1849 Epistola,
1429 1794 1535 1833 non
1569 1780 1715 1833 sedis
1765 1776 1890 1846 qui-
1920 1772 1962 1825 Β
1993 1770 2298 1837 Praeterito,
2358 1772 2675 1841 huiusmodi
2729 1774 2891 1827 verba
2917 1816 2931 1838 ,
2991 1776 3095 1828 ὑπὸ
3144 1776 3239 1828 τοῦ
3304 1775 3565 1845 βασιλέως

320 1876 443 1931 dem
472 1876 677 1939 locum,
707 1874 799 1928 sed
830 1887 1029 1926 munus
1058 1887 1168 1941 quo
1203 1882 1257 1925 et
1288 1874 1341 1925 in
1369 1871 1589 1926 Achaia:
1610 1867 1888 1939 provincia

316 1968 645 2038 fungebatur
675 1967 992 2037 proconsul,
1025 1965 1335 2020 attenderit.

388 2056 573 2127 Neque
607 2072 733 2112 vero
757 2056 881 2125 quis
908 2064 1055 2124 putet
1099 2054 1262 2108 anxio
1287 2053 1472 2109 animo
1498 2068 1598 2107 nos
1626 2067 1748 2106 esse
1795 2056 1890 2103 aut

319 2153 574 2217 sollicito,
600 2150 743 2220 quod
771 2149 993 2220 Egcam
1026 2148 1245 2218 βασιλέα
1269 2145 1610 2216 Sophronius
1630 2145 1886 2212 appellet.

317 2242 476 2297 {laud
512 2243 655 2296 enim
689 2258 793 2296 una
818 2258 940 2297 esse
984 2243 1147 2311 hujus
1180 2240 1330 2294 vocis
1380 2237 1708 2307 signitlcatio
1738 2251 1889 2289 com-

317 2336 565 2405 peritur;
594 2350 766 2403 neque
794 2335 885 2388 illa
915 2335 1131 2388 demum
1161 2334 1462 2387 abutuntur
1494 2330 1695 2384 vetusti
1746 2328 1888 2383 scri-

324 2437 529 2497 ptores,
595 2443 705 2496 quo
739 2444 909 2496 regem
966 2436 1285 2481 constanter
1338 2426 1645 2495 exprimere
1698 2424 1887 2484 velint,

320 2528 380 2572 ut
419 2534 484 2572 ex
530 2519 769 2587 antiquis
819 2518 1246 2589 Lexicographis
1292 2518 1484 2587 liquet.
1535 2516 1883 2587 Hesychius:

314 2610 594 2673 Βασιλεῖς,
624 2612 672 2663 οἱ
707 2610 982 2663 δικασταξο
1020 2610 1170 2681 παρὰ
1202 2609 1497 2681 Ἡροδότῳ,
1537 2610 1590 2661 οἱ
1606 2605 1890 2672 βασιλεῖς

315 2700 660 2771 παράνομον
678 2702 1038 2771 ἐργαζομένῳ
1050 2703 1512 2770 ἐναντιούμενοι.
1530 2700 1610 2753 Ad
1627 2714 1788 2767 quem
1811 2697 1891 2750 lo-

314 2806 446 2845 cum
481 2793 633 2861 plura
670 2792 882 2846 erudite
912 2790 1155 2847 Joannes
1199 2792 1403 2846 Alberti
1447 2792 1581 2863 (48).
1620 2788 1889 2843 Phavori-

322 2900 427 2937 nus
455 2885 580 2938 item
618 2905 631 2938 :
666 2885 935 2955 Βασιλῆας
977 2886 1124 2954 λέγει
1182 2887 1421 2949 Ἡσίοδος
1462 2886 1589 2947 τοὺς
1632 2882 1890 2945 δικαστὰς

317 2975 559 3040 καὶτοὺς
600 2978 882 3047 ἄρχοντας.
914 2979 1067 3032 Οὕτω
1092 2979 1200 3050 γὰρ
1230 2980 1424 3042 αὐτοὺς
1444 2978 1669 3033 ἐκάλουν
1699 2978 1749 3029 οἱ
1784 2992 1892 3029 πα-

228 3084 241 3103 ε
313 3070 478 3133 λαιοὶ,
518 3070 593 3133 ὡς
645 3071 909 3142 ὐμηρὸςο
957 3071 1263 3139 Ἀλλ’ἤτοι
1295 3070 1600 3137 ,ϐασιλῆες
1651 3066 1890 3137 Ἀχαιῶν

314 3163 550 3216 simam!
596 3161 790 3218 ἄλλοι.
845 3164 977 3230 Qua:
1022 3165 1239 3233 quidem
1304 3163 1521 3219 Homeri
1574 3164 1737 3217 verba
1772 3162 1884 3231 (49)

317 3252 439 3309 loco
462 3254 530 3308 de
568 3270 677 3324 quo
724 3255 936 3325 agimus
956 3298 970 3320 ,
1012 3256 1147 3309 mire
1173 3255 1444 3324 quadrare
1472 3269 1635 3307 nemo
1667 3269 1775 3307 non
1804 3253 1888 3306 vi-

320 3346 433 3401 det.
484 3345 741 3400 Eamdeni
774 3348 827 3400 in
858 3347 1186 3401 sententiam
1227 3345 1547 3400 Maussacus
1569 3360 1789 3415 quoque
1820 3346 1887 3400 ad

316 3441 805 3511 Ilarpocrationem
830 3456 883 3495 v.
907 3438 1170 3509 Βασιλικὴ
1206 3439 1488 3511 διαδρομή,
1530 3456 1699 3493 unum
1724 3456 1755 3495 e
1785 3458 1888 3495 no-

319 3548 438 3588 vem
498 3532 906 3603 magistratibus
963 3530 1387 3585 Atheniensibus
1436 3530 1660 3600 βασιλέα
1719 3531 1890 3587 fuisse

321 3636 596 3687 vocatum,
627 3626 864 3679 selatius
891 3623 1190 3677 doctorum
1220 3627 1543 3692 promiserat
1573 3638 1657 3675 vv.
1676 3622 1888 3693 Θεσμο-

314 3720 472 3773 ὒέται
499 3717 949 3788 θῑΠολέμαρχος,
980 3714 1126 3784 quod
1153 3724 1334 3768 tamen
1368 3713 1452 3768 sui
1493 3713 1718 3778 oblitus,
1745 3713 1887 3767 haud

315 3811 592 3882 praestitit.
615 3809 751 3863 Hinc
792 3826 921 3878 ergo
948 3806 1153 3877 liquido
1186 3817 1409 3876 apparet
1435 3806 1708 3860 immerito
1734 3806 1889 3877 argui

316 3901 608 3956 'Erasmum
635 3914 699 3953 eo
732 3899 973 3963 nomine,
1004 3898 1146 3965 quod
1177 3894 1397 3966 βασιλέα
1422 3895 1714 3965 Sophronii
1753 3913 1890 3965 prte-

322 3994 513 4063 fectum
542 3990 853 4046 reddiderit.

394 4084 593 4141 Verum
628 4086 681 4137 in
716 4084 819 4138 isto
857 4082 1242 4151 Sophroniano
1265 4081 1386 4135 loco
1418 4080 1756 4137 enucleando
1785 4082 1889 4136 im-

322 4177 528 4231 morari
551 4176 729 4229 adhuc
762 4188 1052 4242 parumper
1085 4172 1264 4225 liceat.
1306 4169 1476 4225 Nobis
1510 4172 1769 4225 nimirum
1785 4172 1895 4226 dis-

308 4267 650 4324 cutientibus
728 4264 1021 4334 Soplironii
1078 4265 1262 4328 verba,
1318 4265 1492 4333 deque
1541 4263 1888 4319 Macedonica

322 4363 524 4416 Edessa
564 4360 653 4413 illa
696 4374 817 4413 esse
864 4358 1179 4427 accipienda
1225 4358 1393 4426 probe
1439 4358 1885 4424 iutelligentibus,

2003 1861 2333 1933 Ἐδεσσηνῶν
2358 1905 2374 1929 ,
2410 1866 2787 1920 tantummodo
2828 1866 3022 1921 litteris
3064 1868 3242 1937 primo
3278 1867 3566 1921 tradidisse

1990 1956 2246 2025 putabam
2269 1974 2283 2021 ;
2321 1973 2482 2026 quem
2509 1958 2727 2027 quidem
2754 1960 2934 2013 locum
2960 1974 3028 2013 ne
3048 1959 3173 2028 quis
3202 1960 3473 2029 acciperet
3499 1959 3567 2014 de

1989 2047 2323 2103 Osrhoenica
2356 2048 2581 2113 Edessa,
2606 2052 2689 2105 vir
2721 2053 2921 2121 aliquis
2951 2052 3203 2106 eruditus
3229 2052 3436 2107 codicis
3464 2051 3567 2117 So-

1994 2140 2281 2207 phroniani
2310 2156 2421 2195 orae
2475 2140 2721 2196 alleverit
2744 2152 2897 2196 vetus
2924 2143 3075 2196 urbis
3101 2158 3295 2197 nomen
3342 2142 3565 2210 Αἰγαία,

1991 2230 2225 2299 indeque
2249 2230 2543 2286 formatum
2572 2233 2772 2301 gentile
2789 2233 3360 2305 Δὶγαιάτηςοίιυοιουιη
3395 2250 3564 2286 unum

1991 2322 2291 2377 alterumve
2342 2332 2525 2392 postea
2573 2324 2829 2380 librarius
2866 2326 3120 2380 indoctus
3151 2342 3181 2379 e
3222 2334 3373 2379 textu
3416 2327 3566 2380 exci-

1990 2413 2136 2469 disse
2165 2416 2487 2485 conjiciens,
2528 2417 2775 2486 adeoque
2827 2418 2928 2487 ipsi
2983 2419 3333 2473 intexcndum
3379 2418 3567 2472 existi-

1993 2520 2171 2569 mans,
2226 2509 2578 2576 exscripserit
2624 2524 2835 2577 suoque
2868 2510 3166 2578 exemplari
3216 2510 3559 2564 inseruerit:

1992 2606 2155 2667 atque
2196 2597 2267 2652 ita
2303 2598 2563 2668 deinceps
2613 2600 2761 2653 velut
2803 2600 3081 2669 proprium
3126 2600 3364 2670 prmfecti
3414 2598 3565 2653 urbis

1994 2704 2189 2743 nomen
2246 2691 2518 2752 habitum,
2570 2707 2601 2745 a
2648 2693 2875 2761 reliquis
2913 2693 3172 2761 deinceps
3201 2691 3564 2760 scriptoribus

1992 2786 2163 2841 fuerit
2186 2787 2417 2842 subinde
2448 2800 2811 2858 usurpatum;
2847 2790 2987 2844 unde
3010 2791 3228 2844 tandem
3268 2790 3321 2844 in
3364 2799 3567 2846 nostra:

1992 2896 2209 2950 quoque
2246 2880 2498 2949 Epistolae
2527 2882 2778 2936 Achaicae
2811 2882 3141 2952 exemplaria
3170 2883 3487 2937 dimanarit.

2060 2972 2129 3027 At
2154 2974 2255 3027 hoc
2286 2974 2504 3027 demum
2534 2985 2617 3029 est
2644 2975 2925 3029 hariolari.
2949 2974 3082 3029 lllud
3116 2979 3300 3045 potius
3333 2974 3567 3032 fortasse

1992 3064 2309 3131 dicendum,
2359 3066 2586 3137 Egeam
2639 3069 2858 3137 quidem
2922 3068 3094 3123 fuisse
3168 3078 3421 3125 vocatum
3471 3070 3568 3140 qui

1994 3157 2208 3215 Edessa!
2239 3176 2304 3215 ac
2329 3160 2506 3216 Patris
2531 3162 2847 3231 praefuerit;
2878 3172 3251 3218 verumtamen
3291 3179 3397 3217 non
3447 3163 3568 3219 ideo

1990 3255 2173 3310 Statim
2206 3255 2431 3325 colligas
2470 3255 2626 3309 velim
2669 3255 2847 3325 ipsum
2879 3266 3038 3326 gente
3094 3255 3261 3312 fuisse
3292 3256 3564 3323 Graecum,

1991 3361 2101 3399 non
2137 3345 2482 3411 Romanum;
2520 3347 2765 3416 adeoque
2806 3347 3150 3417 proconsulis
3181 3356 3279 3401 aut
3322 3349 3569 3403 consulis

1992 3453 2191 3491 munus
2221 3439 2396 3492 eidem
2427 3440 2529 3492 rite
2558 3438 2796 3494 conferri
2822 3440 2964 3495 haud
2997 3442 3260 3510 potuisse.
3289 3439 3567 3495 Romanos

1990 3528 2135 3583 enim
2161 3530 2490 3599 quandoque
2503 3532 2572 3584 ab
2598 3531 2825 3586 urbibus
2856 3540 2909 3586 et
2934 3532 3145 3602 populis
3169 3535 3391 3587 nomina
3416 3551 3570 3588 usur-

1988 3636 2182 3689 passe,
2239 3637 2412 3691 neque
2463 3624 2628 3677 etiam
2683 3640 2714 3677 a
2756 3626 3177 3693 cognominibus
3228 3625 3432 3682 (ἰαθεὶς
3463 3628 3569 3682 sibi

1990 3716 2319 3770 asciscendis
2331 3716 2703 3783 abhorruisse,
2718 3717 2821 3771 viri
2836 3718 3143 3773 doctissimi
3176 3716 3409 3774 Ursinus
3424 3720 3563 3789 (55),

1992 3802 2298 3860 Panvinius
2325 3806 2436 3877 (56)
2468 3816 2523 3860 ct
2551 3806 2807 3876 Sigonius
2839 3807 3196 3877 prodiderunt
3222 3827 3235 3863 :
3264 3820 3321 3862 ut
3340 3810 3568 3878 proinde

1988 3899 2059 3951 ab
2087 3896 2258 3967 .Egea
2290 3900 2404 3953 sive
2432 3900 2502 3953 ab
2528 3898 2799 3969 ngeatis,
2831 3899 3307 3956 Macedonicorum
3334 3900 3569 3956 Edesse-

1991 4006 2187 4045 norum
2216 3992 2350 4047 urbe
2373 4008 2435 4046 ac
2461 3994 2685 4062 pepulo,
2714 3992 2916 4065 Egens
2935 3994 3059 4048 item
3090 4004 3275 4049 noster
3302 3994 3564 4064 appellari

1989 4083 2249 4149 potuerit.
2278 4082 2337 4137 Si
2373 4085 2498 4154 quis
2528 4100 2657 4139 vero
2684 4101 2808 4140 eum
2864 4086 3033 4141 fuisse
3062 4088 3275 4157 origine
3313 4086 3563 4141 Graecum

1990 4178 2320 4243 contendat;
2350 4178 2495 4248 quod
2526 4194 2658 4233 sane
2685 4179 2872 4234 fratris
2895 4180 3015 4249 ejus
3048 4194 3246 4233 nomen
3281 4180 3375 4249 qui
3412 4178 3566 4235 Stra-

1994 4270 2161 4323 tocles
2193 4270 2364 4333 audit,
2397 4272 2627 4326 suadere
2668 4272 2917 4337 videtur;
2952 4272 3097 4325 haud
3117 4272 3371 4341 equidem
3398 4288 3566 4341 repu-

1991 4362 2292 4432 gnaverint.
2345 4360 2531 4432 Neque
2586 4365 2732 4418 enim
2785 4365 3005 4418 demum
3054 4365 3296 4419 insolens
3346 4365 3564 4421 urbium

324 4452 461 4505 illud
492 4452 657 4505 etiam
690 4448 851 4519 Trogi
876 4448 1120 4518 Pompeii
1149 4449 1291 4517 apud
1339 4446 1617 4502 Iustinum
1644 4448 1755 4519 (50)
1787 4464 1887 4519 οι)-
1921 4462 1965 4516 D
1996 4455 2235 4523 regimen
2262 4464 2315 4509 et
2339 4455 2542 4511 Graacis
2566 4456 2855 4512 tradidisse
2874 4456 3174 4522 Romanos,
3192 4467 3249 4511 ut
3273 4459 3565 4513 enummis

323 4557 555 4616 portune
587 4543 859 4597 succurrit
892 4558 907 4593 :
946 4561 964 4594 ι
997 4544 1263 4607 Caranus,
1294 4541 1490 4610 inquit,
1518 4556 1641 4594 cum
1695 4557 1889 4612 magna

326 4638 667 4693 multitudine
682 4636 1016 4700 Grmcorum,
1037 4634 1191 4689 sedes
1211 4635 1263 4687 in
1290 4633 1603 4688 Macedonia
1627 4648 1891 4703 responso

319 4730 531 4785 oraculi
546 4730 733 4799 jussus
760 4743 1025 4798 qumrere,
1054 4742 1178 4780 cum
1213 4727 1267 4779 in
1292 4724 1594 4779 Emathiam
1627 4726 1886 4792 venisset,

323 4822 512 4877 urbem
544 4820 798 4893 Edessam
828 4821 1135 4889 occupavit.
1178 4817 1328 4872 llanc
1368 4827 1549 4872 autem
1600 4819 1789 4871 urbem
1818 4816 1888 4871 ob

324 4910 641 4969 memoriam
697 4914 971 4977 muneris,
1010 4911 1243 4981 .Egeas;
1294 4912 1575 4985 pepulum,
1629 4909 1886 4980 [Egeatas

397 5157 510 5223 (46)
550 5155 687 5209 Plin.
722 5155 890 5219 Ilist.,
917 5156 1015 5211 lih.
1053 5172 1125 5220 tv,
1155 5171 1274 5225 cap.
1310 5156 1400 5210 24.

397 5228 509 5296 (47)
548 5226 719 5282 Tacit.
761 5228 1076 5296 Annal.,lih.
1114 5245 1153 5296 ι,
1191 5224 1345 5296 capp.
1379 5227 1465 5289 76,
1495 5224 1585 5281 80.

398 5295 510 5366 (48)
548 5299 667 5367 Alh.
718 5297 784 5367 ad
819 5295 1067 5364 llesych.,
1093 5306 1227 5351 tom.
1260 5295 1298 5363 Ι,
1325 5313 1445 5367 pag.
1472 5297 1595 5352 699.

398 5366 512 5435 (49)
551 5366 705 5419 Hom.
742 5366 955 5435 0dyss.,
990 5367 1056 5433 A,
1084 5368 1206 5421 594.

397 5438 509 5506 (50)
548 5435 945 5507 Justinillist“
970 5437 1058 5491 lib.
1097 5453 1191 5491 vn.
1224 5453 1343 5507 cap.
1376 5440 1426 5493 l.

397 5508 509 5576 (5i)
549 5506 689 5562 Plin.
720 5505 885 5569 Ηίςι.,
919 5508 1007 5561 lib.
1045 5524 1119 5567 iv.
1150 5524 1269 5577 cap.
1294 5505 1355 5562 '9.

398 5578 511 5647 (52)
557 5577 711 5631 Voss.
756 5579 825 5629 ad
861 5576 1046 5645 Pomp.
1086 5576 1237 5643 Met,
1278 5579 1372 5633 lib.
1412 5597 1471 5644 ll,
1499 5597 1621 5652 cap.
1655 5582 1709 5644 5,
1752 5597 1877 5651 pag.

327 5648 450 5703 MO.
481 5649 608 5703 odit.
635 5647 687 5700 1.

436 5690 450 5714 ,
481 5660 608 5703 oon.
635 5660 687 5700 ι.

393 5718 512 5785 (55)
549 5718 851 5788 Sophron,
888 5719 1028 5787 apud
1066 5718 1279 5775 Fabric.
1322 5722 1458 5779 Bibl.
1504 5724 1709 5791 erdem,
1754 5739 1877 5794 pag.

1994 4548 2234 4616 antiquis
2273 4549 2442 4618 liquet
2473 4564 2487 4601 :
2518 4566 2547 4603 e
2592 4550 2792 4619 quibus
2833 4550 3095 4604 discimus
3137 4548 3252 4619 (57)
3323 4550 3565 4604 Aristar-

1992 4638 2155 4690 chum
2185 4637 2461 4702 Damonis,
2485 4638 2859 4693 Metrodorum
2892 4637 3171 4701 Meneclis,
3194 4634 3563 4693 Nicostratum

1992 4728 2289 4781 Callistrati
2321 4738 2375 4781 et
2398 4726 2780 4781 IEsehrioncm
2809 4727 2981 4798 Lysia:
3022 4727 3183 4791 filios,
3216 4725 3562 4780 Patrensiunt

1990 4829 2251 4889 praetores
2295 4819 2485 4875 fuisse.
2536 4821 2640 4887 Qui
2686 4837 2815 4893 ergo
2854 4831 3079 4890 praeerat
3125 4819 3342 4874 Edessa:
3377 4828 3563 4872 noster

1990 4912 2211 4983 IEgeas,
2265 4910 2552 4967 Patrarum
2588 4929 2808 4984 quoque
2858 4915 3148 4984 praefectus
3202 4914 3387 4977 fuerit,
3448 4928 3561 4966 non

1985 5159 2112 5221 225,
2142 5160 2253 5215 alii.

2059 5231 2172 5296 (54)
2218 5230 2411 5285 Menol.
2478 5231 2645 5287 Gra’c.
2704 5233 2901 5296 Basil.,
2961 5240 3098 5300 part.
3156 5246 3193 5296 ι,
3254 5246 3374 5300 pag.
3414 5229 3553 5295 Sil;

1987 5298 2459 5375 Pseudo-Doroth.
2522 5304 2679 5375 apud,
2709 5304 2902 5373 Cang.,
2943 5298 3149 5375 Chron:
3168 5298 3405 5375 Pasch"
3430 5316 3553 5372 pag.

1986 5371 2370 5443 4575;7Nieeph.
2408 5371 2723 5437 Ilistfeccl”
2752 5371 2849 5427 lib:
2887 5389 2947 5439 ιι,
2979 5373 3212 5443 cap:59.

2055 5440 2481 5514 (55lhlf‘fUrsin.
2509 5444 2580 5498 De
2598 5444 2773 5513 famil.
2801 5444 2977 5509 Rom.,
3003 5440 3057 5496 v.
3080 5441 3356 5496 Pinarium
3386 5453 3552 5514 θωπί..

1987 5518 2116 5584 tom.
2152 5512 2238 5584 γι]
2276 5513 2424 5566 Thes.
2460 5512 2670 5584 Antiqq.
2709 5514 2881 5576 Rom.,
2909 5529 3033 5583 pag.
3069 5513 3226 5584 l297.

2060 5582 2170 5652 (56)
2212 5583 2376 5637 Panv.
2415 5594 2470 5637 et
2515 5581 2704 5653 Sigon.
2756 5585 2828 5637 De
2872 5581 3013 5637 noni.
3059 5582 3237 5653 Rom.,
3290 5594 3423 5641 tum.
3474 5581 3552 5651 ΙΙ,

1990 5652 2141 5706 Thes.
2168 5655 2374 5724 Auitiqq.
2409 5652 2767 5724 Itoni.,’pagg.
2789 5654 2913 5716 976,
2958 5654 3048 5707 illi
3062 5656 3113 5709 5.

2061 5724 2173 5794 (57)
2216 5723 2379 5779 llard.
2416 5724 2547 5793 Opp.
2591 5723 2794 5791 selc'ct.,
2818 5741 2920 5795 pag
2976 5726 3096 5780 152.
