4038 6314
559 217 656 276 131
673 220 692 275 l

1407 224 2014 282 PRESBYTERORUM
2043 225 2129 280 ET
2163 225 2614 283 DIACONORUM
2659 226 2936 284 ACHAle

3635 239 3744 296 ηιξ

561 334 826 405 dignitate
853 339 1257 406 proconsulari,
1295 341 1387 396 sed
1441 347 1687 401 consulis
1717 347 1873 400 titulo
1904 346 2136 416 insigni-
2171 351 2212 407 Α
2242 353 2432 414 agente
2463 344 2872 413 dispensatione
2896 343 2948 398 id
2979 344 3243 399 accidisse
3270 346 3526 413 potuerit;
3549 359 3599 404 ut
3623 354 3745 409 scili-

562 437 672 494 tus,
709 438 766 482 ut
794 444 860 483 ex
902 441 1085 486 nostra
1120 431 1360 503 Epistula
1404 447 1658 504 constat;
1696 440 1786 493 ubi
1824 457 1929 493 non
1975 439 2138 492 ἀνού-

562 537 766 587 πατος,
810 521 902 576 sed
948 521 1151 586 ὕπατος
1190 534 1403 581 tantum
1446 539 1672 584 vocatur
1715 548 1728 583 :
1769 546 1878 600 quo
1917 531 2136 600 quidem

563 609 782 665 nomine
811 611 912 665 viri
940 613 1185 681 primarii
1230 625 1285 668 et
1314 633 1566 686 proceres
1613 621 1946 691 quandoque
1987 621 2138 674 desi-

561 713 798 770 gnantur
830 723 850 759 ς
901 705 1097 776 hisque
1130 708 1357 778 passim,
1395 712 1629 765 maxime
1675 712 1892 766 urbium
1919 724 1971 767 et
2001 713 2136 768 civi-

563 804 736 848 tatum
768 796 1062 866 praafectis,
1094 803 1403 857 consularis
1434 804 1671 875 dignitas
1699 805 1768 858 ab
1790 805 2137 874 imperatori-

563 883 663 939 bus
694 901 954 943 concessa
991 891 1208 962 legitur,
1252 904 1309 948 ut
1349 895 1532 950 videre
1568 906 1650 951 est
1687 898 1827 966 apud
1870 897 2136 966 Caugium

565 976 619 1031 in
653 987 885 1048 utroque
911 979 1194 1038 Glossario
1228 985 1366 1054 (58).
1400 991 1465 1039 At
1493 987 1560 1040 de
1587 987 1672 1042 his
1696 987 1980 1042 hactenus.
2019 987 2138 1041 Cae-

563 1081 678 1125 tera
701 1071 846 1126 enim
869 1073 1075 1129 leviora
1109 1094 1231 1147 qua:
1259 1078 1374 1132 sive
1397 1079 1462 1133 ad
1499 1078 1850 1134 minuendam
1882 1079 2135 1150 Epistula:

563 1169 764 1216 nostra:
784 1166 1198 1230 auctoritatem,
1226 1168 1341 1223 sive
1367 1170 1431 1221 ad
1451 1171 1570 1240 ejus
1605 1171 1968 1241 integritatem
1991 1187 2139 1225 ever-

562 1252 781 1307 tendam
812 1255 976 1324 objici
1007 1258 1206 1324 solent,
1237 1261 1493 1315 consulto
1527 1263 1900 1332 praeterimus;
1934 1277 2002 1317 ne
2030 1264 2136 1322 sci-

561 1345 689 1400 licet
719 1347 1016 1404 minutiora
1069 1353 1348 1422 persequi,
1382 1370 1517 1408 neve
1555 1354 1692 1408 nihil
1719 1354 1973 1410 omittere
2002 1357 2139 1412 velle

560 1437 846 1493 videamur
879 1458 892 1494 :
926 1441 972 1496 si
1005 1442 1132 1513 quis
1162 1454 1343 1500 autem
1378 1460 1439 1499 ea
1477 1461 1638 1500 nosse
1667 1447 1836 1516 cupit,
1868 1463 2137 1517 nuperum

559 1530 821 1585 editorem
853 1531 1190 1603 Lipsienscm
1223 1536 1401 1591 adeat.

633 1620 768 1680 Vlll.
800 1626 956 1692 Quod
994 1638 1268 1698 superest,
1308 1630 1362 1682 in
1404 1638 1616 1699 tempus
1643 1630 1988 1700 iuquisituris
2027 1649 2138 1703 quo

2240 446 2324 491 cet
2351 435 2623 507 Evangelii
2655 436 3154 507 praedicatiolatius
3180 447 3387 507 pateret
3410 439 3460 492 in
3485 441 3746 507 dies,Chri-

2241 528 2529 599 stianaqne
2562 528 2692 583 fides
2715 529 2767 582 in
2795 528 2996 582 animis
3017 528 3351 582 credentium
3380 529 3582 586 altiores
3605 546 3748 605 ageret

2241 620 2474 686 radices,
2508 632 2671 690 atque
2700 621 2771 674 ita
2797 620 3017 674 demum
3059 619 3304 674 nascenti
3327 619 3517 675 Christi
3542 621 3750 682 Ecclesia:

2241 713 2374 765 satis
2399 714 2712 767 consultum
2742 712 2901 766 foret.

2313 802 2500 874 Neque
2542 805 2714 874 magis
2750 815 2904 874 urget
2936 805 3106 858 altera
3159 805 3418 873 objectio,
3463 808 3526 861 ab
3570 809 3752 878 imperio

2245 897 2567 965 Vespasiani
2615 896 2820 950 nomini
2857 896 3173 951 Christiano
3213 897 3357 950 haud
3395 898 3580 955 infesto
3605 904 3749 971 petita.

2243 988 2458 1042 Nullum
2490 989 2708 1058 quidem
2742 989 2794 1042 in
2831 987 3128 1043 Ecclesiam
3165 990 3236 1042 ab
3277 1007 3342 1043 eo
3371 991 3532 1046 latum
3563 996 3752 1052 edictum

2244 1082 2455 1152 uspiam
2494 1081 2754 1148 occurrit,
2783 1084 3076 1138 accedente
3105 1083 3156 1136 in
3190 1084 3384 1152 primis
3412 1094 3536 1140 teste
3561 1087 3753 1158 locuple-

2242 1175 2459 1228 tissimo
2511 1173 2848 1230 Tcrtulliano
2895 1177 3006 1246 (65)
3047 1192 3060 1227 :
3111 1196 3128 1227 ι
3170 1176 3394 1242 Quales,
3430 1179 3610 1248 inquit,
3646 1185 3754 1252 leges

2241 1263 2361 1318 ista:
2391 1281 2529 1332 quas
2555 1266 2817 1319 adversus
2840 1282 2960 1326 nos,
2993 1266 3096 1321 soli
3126 1279 3498 1336 exsequuntur
3528 1270 3752 1340 impii?....

2241 1371 2380 1424 «tuas
2435 1357 2621 1411 nullus
2686 1355 3072 1426 Vespasianus,
3129 1374 3444 1428 quanquam
3499 1359 3754 1418 Judaeorum

2241 1445 2604 1500 debellator...
2644 1446 2958 1516 impressit?
2992 1467 3010 1498 ι
3044 1464 3154 1517 quo
3181 1464 3318 1503 sane
3347 1465 3504 1504 sensu
3539 1453 3755 1522 accipien-

2241 1534 2347 1590 dus
2385 1535 2549 1589 etiam
2589 1535 2806 1589 videtur
2837 1533 3128 1600 Eusebius,
3160 1537 3253 1591 ubi
3288 1539 3475 1592 scribit
3507 1540 3604 1609 (64)
3632 1560 3650 1592 ι
3685 1541 3755 1595 Ve-

2241 1627 2548 1695 spasianum
2573 1627 2738 1698 μηδὲν
2767 1626 2886 1680 καθ’
2910 1627 3065 1698 ἡμῶν
3097 1629 3301 1682 ἄτοπον
3325 1631 3496 1684 animo
3524 1634 3752 1702 agitasse.»

560 1717 765 1788 scripta
802 1718 909 1772 fuit
956 1721 1072 1776 haec
1115 1720 1356 1790 Epistula
1387 1720 1646 1777 Ecclesiae
1679 1724 1955 1790 Achaicm,
1981 1726 2136 1781 nobis
2171 1726 2212 1780 Β
2243 1717 2381 1772 Hinc
2411 1727 2587 1772 tamen
2633 1719 2774 1772 1³³υά
2819 1719 3185 1790 conﬁtendum
3248 1722 3484 1804 πιθίενον
3530 1739 3754 1793 “unquam

561 1808 796 1878 primum
835 1820 982 1866 esset
1026 1811 1417 1875 definiendum,
1465 1830 1576 1881 quo
1623 1815 1842 1869 demum
1894 1833 2039 1871 anno
2075 1816 2134 1870 Β.

561 1899 808 1956 Andreas
840 1902 1122 1970 apostolus
1141 1904 1457 1974 martyrium
1476 1921 1673 1974 passus
1690 1917 2012 1975 censeatur;
2036 1908 2140 1963 hoc

560 1993 708 2047 enim
763 1995 933 2049 semel
991 1996 1309 2064 explorato,
1361 1997 1492 2052 illud
1535 1998 1700 2052 etiam
1755 2000 1858 2054 levi
1919 2000 2140 2068 negotio

561 2086 726 2140 statui
747 2102 906 2156 posse
931 2088 1562 2162 intelligitur:siquidem
1580 2111 1646 2150 ex
1676 2097 1865 2150 eadem
1895 2095 2138 2166 Epistula

560 2190 779 2235 constat
820 2181 888 2234 ab
938 2183 1160 2238 Achaia:
1202 2186 1535 2257 presbyteris
1580 2196 1634 2242 et
1692 2188 1943 2244 diaconis
1992 2190 2138 2244 illam

563 2270 733 2327 fuisse
769 2275 1156 2343 perscriptam,
1200 2277 1293 2346 qui
1335 2280 1512 2333 sancti
1561 2281 1798 2348 apostoli
1847 2282 2137 2336 certamini

561 2372 898 2430 spectatores
951 2367 1273 2424 interfuisse
1323 2372 1700 2439 perhibentur.
1749 2371 1948 2429 Verum
2007 2375 2140 2429 defi-

559 2454 832 2511 cientibus
863 2458 1082 2527 penitus
1115 2460 1396 2518 solidioris
1427 2463 1776 2535 antiquitatis
1815 2481 2140 2521 monumen-

561 2545 654 2610 tis,
693 2548 1024 2618 conjecturis
1069 2561 1278 2608 tantum
1319 2571 1436 2612 rem
1477 2558 1790 2627 transigunt
1819 2559 2138 2614 criticorum

563 2639 679 2693 lilii.
714 2641 818 2696 Alii
865 2644 1134 2713 siquidem
1175 2645 1289 2718 (59)
1335 2665 1480 2703 anno
1522 2665 1645 2704 aera:
1675 2650 2002 2706 Christiana:
2035 2650 2135 2716 65,

560 2741 656 2786 aut
679 2732 746 2786 70
763 2733 821 2789 Β.
839 2737 1110 2792 Andream
1138 2755 1357 2809 passum
1386 2741 1727 2796 existimant.
1745 2742 1849 2796 Alii
1881 2758 2010 2798 vero
2025 2742 2139 2813 (60)

561 2843 706 2880 anno
754 2827 964 2898 imperii
1015 2829 1338 2902 Vespasiani
1380 2835 1590 2904 primo,
1644 2836 1728 2890 vel
1779 2837 1970 2890 saltem
2022 2838 2140 2907 ipso

560 2919 740 2976 adhuc
769 2921 1090 2990 imperante.
1119 2925 1225 2978 Alii
1259 2927 1478 2980 demum
1515 2927 1629 2998 (61)
1665 2929 1768 2984 sub
1799 2929 2136 2984 Domitiano.

560 3010 697 3066 Cum
733 3022 914 3068 autem
951 3017 1177 3070 omnino
1223 3017 1558 3088 inexplorata
1609 3035 1695 3074 res
1735 3020 2022 3086 habeatur,
2053 3037 2139 3075 re-

560 3105 939 3176 centioresque
963 3124 1064 3177 pro
1089 3110 1255 3164 animi
1284 3111 1510 3164 arbitrio
1543 3111 1670 3165 huic
1701 3112 1784 3164 vel
1815 3111 1890 3165 illi
1921 3121 2140 3166 senten-

563 3198 650 3251 tiae
681 3199 1036 3266 adhwreant;
1080 3217 1180 3254 nos
1229 3202 1432 3270 itaque,
1464 3202 1638 3257 donec
1667 3204 1719 3256 in
1753 3203 1989 3258 obscuro
2027 3214 2138 3258 tra-

564 3289 694 3342 mite
739 3290 846 3342 dux
905 3291 1072 3345 tutior
1126 3301 1347 3361 placeat,
1395 3293 1763 3347 cunctabundi
1808 3295 1954 3359 licet,
1995 3294 2138 3349 circa

562 3380 763 3434 Christi
797 3397 1001 3436 annum
1025 3383 1094 3436 8O
1117 3385 1266 3438 cruci
1293 3384 1510 3438 anisum
1540 3387 1591 3438 ὃ.
1622 3385 1893 3440 Andream
1921 3397 2141 3455 aposto-

564 3473 675 3527 lum
713 3475 1038 3546 martyrinm
1068 3492 1507 3543 consumn'tasse,
1543 3480 1784 3548 adeoque
1819 3496 1943 3532 mox
1970 3479 2141 3536 fuisse

565 3568 918 3636 perscriptam
937 3568 1428 3641 circumlatamque
1455 3569 1709 3626 Ecclesia:
1738 3571 1989 3625 Achaica:
2015 3570 2143 3641 Epi-

563 3662 758 3716 stulam
782 3662 1182 3718 existimamus.

635 3752 921 3808 Mirabitur
939 3753 1171 3810 fortasse
1203 3755 1474 3826 quispiam
1509 3771 1609 3811 nos
1631 3758 1714 3811 vel
1741 3757 1956 3826 longius
1973 3773 2140 3828 quam

564 3859 662 3914 par
711 3845 782 3899 sit
837 3843 898 3899 Β.
959 3846 1188 3916 apostoli
1227 3847 1390 3901 vitam
1432 3848 1767 3915 protrahere,
1811 3848 1894 3901 vel
1950 3849 2134 3917 potius

567 3941 744 4009 ipsum
777 3940 1007 4009 imperio
1031 3938 1352 4010 Vespasiani
1382 3940 1687 4004 desinente,
1722 3941 1984 4012 martyrio
2006 3941 2140 3996 sub-

566 4033 733 4087 latum
769 4047 1034 4096 asserere,
1073 4047 1233 4102 quem
1288 4043 1466 4086 tamen
1529 4032 1970 4087 Christianorum
2019 4048 2142 4102 per-

566 4134 871 4181 secutorem
915 4126 1087 4180 fuisse
1132 4141 1292 4179 nemo
1349 4125 1563 4180 dixerit.
1606 4124 1686 4178 Ad
1724 4125 1962 4194 primum
2013 4123 2140 4180 vero

565 4218 708 4288 quod
731 4218 942 4282 attinet,
975 4217 1272 4287 objectioni
1305 4217 1650 4270 occurrimus
1679 4232 1939 4286 magnum
1970 4215 2142 4270 Baro-

568 4310 716 4363 nitun
750 4309 1005 4365 assectati
1026 4327 1040 4376 ;
1065 4308 1159 4379 qui
1190 4308 1256 4363 de
1283 4309 1586 4363 novissimo
1609 4308 1804 4372 lustro,
1836 4317 1890 4362 et
1920 4309 2136 4377 quidem

2245 1811 2462 1865 infenso
2497 1820 2661 1880 atque
2688 1811 2913 1865 inimico
2957 1812 3144 1865 animo
3192 1812 3246 1866 in
3272 1813 3604 1869 Christianos
3629 1816 3757 1871 fuisse

2248 1898 2668 1970 Vespasianum,
2720 1915 2896 1969 neque
2943 1901 3048 1953 ulla
3097 1901 3329 1954 omnino
3358 1899 3549 1969 injuria
3577 1916 3658 1956 eos
3682 1904 3755 1956 ali-

2241 1991 2462 2062 quando
2493 1991 2765 2046 aﬂ'ccisse.
2803 1989 3150 2044 Contrarium
3189 1992 3351 2045 docet
3394 1989 3616 2047 Hilarius
3639 1993 3754 2061 (65):

2247 2097 2266 2129 ι
2298 2081 2472 2142 Anne.
2505 2081 2678 2140 ait....
2713 2078 2918 2136 Paulus
3030 2080 3250 2136 Nerone
3289 2098 3368 2148 se,
3392 2083 3568 2145 credo,
3599 2082 3756 2153 Vespa.

2241 2172 2398 2226 siano
2431 2181 2526 2224 aut
2569 2171 2730 2226 Decio
2778 2173 3254 2241 patrocinantibus
3283 2174 3549 2237 tuebatur,
3575 2189 3756 2242 quorum

2243 2264 2294 2316 in
2317 2279 2413 2317 nos
2430 2263 2571 2316 odiis
2596 2263 2870 2318 confessio
2885 2265 3085 2319 divinae
3103 2266 3506 2335 prwdicationis
3521 2266 3752 2323 eflloruith.

2243 2355 2447 2410 llilario
2468 2357 2794 2425 astipulatur
2825 2355 3197 2412 Theodoritus
3225 2358 3339 2427 (66)
3358 2375 3369 2410 :
3388 2359 3501 2412 Τῶν
3531 2358 3581 2411 δὲ
3609 2358 3760 2411 ἁλιέων

2239 2449 2332 2503 καὶ
2351 2449 2601 2504 τελωνῶν
2630 2451 2725 2503 καὶ
2756 2449 3134 2521 σκηνοῤῥὰφου
3164 2449 3299 2513 τοὺς
3328 2450 3534 2520 νόμους,
3561 2451 3613 2502 οὐ
3640 2450 3670 2501 Γ
3674 2450 3758 2512 aio;

2242 2543 2480 2614 ἴσχυσεν,
2527 2545 2588 2596 οὐ
2633 2543 2896 2606 Κλαύδικ
2933 2542 3265 2607 καταλῦσαι,
3314 2544 3374 2596 οὺ
3407 2543 3582 2614 Νέρων
3613 2545 3637 2596 ὁ
3673 2546 3758 2612 μετ’

2239 2636 2512 2700 ἐκείνους·
2555 2637 2648 2689 καὶ
2687 2637 2882 2701 ταῦτα,
2925 2636 3019 2690 δύο
3049 2637 3156 2690 τῶν
3191 2636 3496 2707 νομοθετῶν
3526 2637 3637 2697 τοὺς
3666 2634 3758 2705 dpl-

2242 2745 2396 2791 στους
2430 2729 2852 2792 κατακοντίσας·
2886 2728 3107 2800 καὶγὰρ
3139 2729 3235 2782 τὸν
3269 2729 3469 2798 Πέτρον
3491 2729 3668 2788 ἐκεῖνος
3691 2727 3759 2779 καὶ

2239 2820 2328 2873 τὸν
2360 2821 2565 2874 Παῦλον
2589 2822 2813 2874 ἀνεῖλεν·
2843 2822 2956 2874 ἀλλ’
2976 2823 3038 2874 οὐ
3073 2820 3349 2885 ξυνανεῖλε
3380 2824 3488 2884 τοῖς
3507 2819 3760 2891 νομοθέταις

2239 2913 2365 2976 τοὺς
2397 2914 2614 2986 νόμους,
2645 2914 2744 2968 οὐκ
2775 2915 3204 2978 Οὐεσπασιανὸς,
3254 2915 3315 2966 οὺ
3350 2914 3520 2976 Τίτος,
3551 2913 3603 2965 οὐ
3632 2915 3758 2982 Δομε-

2241 3005 2445 3071 τιανὸς,
2494 3008 2588 3060 καὶ
2624 3007 2830 3071 ταῦτα,
2867 3007 3082 3070 πολλοῖς
3107 3010 3233 3061 κατ’
3270 3007 3467 3071 αὐτῶν,
3494 3007 3580 3060 καὶ
3607 3021 3758 3057 παντο.

2240 3099 2432 3161 δαποῖς
2459 3099 2806 3170 χρησάμενος
2839 3101 3217 3171 μηχανήμασι.
3254 3100 3307 3154 ld
3332 3111 3414 3154 est
3446 3098 3759 3152 :Piscuforunt

2241 3202 2416 3245 autent
2493 3205 2540 3246 et
2615 3191 3016 3260 publicanorum
3095 3193 3541 3260 tentoriorumque
3605 3187 3757 3241 sutoris

2242 3286 2398 3356 leges,
2436 3301 2537 3338 non
2573 3284 2760 3350 Caius,
2795 3301 2899 3338 non
2928 3283 3186 3338 Claudius
3208 3284 3488 3338 dissolvere
3512 3291 3756 3351 potuerunt,

2243 3395 2406 3448 neque
2459 3378 2672 3431 illorum
2724 3394 2993 3432 successor
3029 3377 3174 3432 Nero
3214 3396 3234 3433 :
3287 3379 3371 3431 hic
3415 3378 3545 3432 enim
3595 3375 3758 3428 tametsi

2243 3472 2375 3522 duos
2404 3470 2630 3538 optimos
2657 3467 2990 3539 legislatores
3013 3469 3328 3533 sustulerit;
3357 3468 3561 3522 Petrum
3585 3479 3761 3534 namque

2241 3578 2306 3616 ac
2333 3561 2565 3615 Paulum
2597 3561 2827 3629 interﬁci
2840 3560 3040 3630 jussit;
3066 3571 3119 3615 at
3142 3573 3284 3615 certe
3308 3562 3441 3632 leges
3471 3575 3580 3612 cum
3599 3555 3762 3626 legisla-

2243 3655 2446 3710 toribus
2479 3657 2620 3709 haud
2655 3655 2894 3709 sustulit.
2931 3653 3054 3708 Non
3102 3653 3472 3725 Vespasianus,
3513 3668 3600 3704 non
3629 3648 3759 3710 Titus,

2243 3766 2346 3803 non
2377 3750 2745 3814 Domitianus;
2776 3767 3082 3822 quanquam
3108 3750 3293 3804 multis
3324 3767 3386 3803 ac
3408 3745 3667 3816 omnigenis
3682 3757 3762 3801 me-

2244 3844 2635 3897 chinationibus
2659 3861 2748 3898 eas
2777 3860 3079 3914 oppugnare
3115 3843 3460 3896 contenderit.

2291 3933 2476 4005 Neque
2487 3936 2704 3990 demum
2722 3952 2791 4006 pu
2800 3945 2879 3990 tes
2899 3936 3146 3989 laudatos
3161 3933 3354 3990 Patres
3368 3933 3467 3987 sibi
3483 3931 3683 3986 invicem
3697 3924 3762 3980 ad-

2243 4028 2469 4094 versari;
2483 4029 2809 4096 convenient
2824 4029 2990 4090 enim,
3009 4039 3068 4082 ut
3095 4037 3238 4082 recte
3257 4026 3638 4094 llavercampus
3657 4019 3756 4090 (67).

2243 4120 2289 4174 si
2338 4120 2543 4174 dixeris
2567 4120 2618 4174 id
2666 4121 2809 4190 quod
2833 4137 2918 4175 res
2941 4132 3044 4184 est,
3066 4119 3322 4175 Ecclesiae
3351 4126 3692 4188 persecutores
3709 4110 3758 4166 ab

2245 4211 2451 4266 ililario
2496 4227 2561 4266 ac
2620 4210 2953 4268 Theodorito
3003 4221 3373 4275 memoratos,
3421 4217 3552 4262 tecte
3582 4201 3756 4274 quidem

2245 4321 2457 4366 omnes,
2490 4321 2597 4359 non
2622 4321 2752 4359 vero
2774 4313 2958 4373 aperta
2992 4303 3066 4366 vi,
3095 4311 3154 4356 ut
3178 4300 3341 4368 Nero,
3369 4312 3428 4355 ut
3453 4297 3756 4354 Domitianus,

568 4403 671 4456 sub
698 4401 1034 4472 Vespasiano
1057 4413 1282 4472 peracto
1316 4402 1480 4456 verba
1529 4402 1735 4457 faciens
1782 4402 1920 4473 (62),
1959 4403 2138 4456 locum
2175 4407 2219 4460 υ
2252 4394 2420 4451 fuisse
2443 4405 2747 4466 grassatos.
2784 4394 2864 4449 Ad
2927 4393 3319 4464 Vespasianum
3366 4407 3493 4447 sane
3517 4387 3644 4460 quod
3665 4385 3758 4440 atti-

566 4508 635 4547 ex
667 4491 844 4546 Plinio
863 4493 1056 4548 recitat
1076 4510 1140 4547 ex
1169 4510 1280 4563 quo
1305 4493 1462 4563 plane
1484 4493 1873 4563 comperimus,
1901 4493 1986 4547 his
2013 4494 2145 4563 ipsis

571 4584 912 4653 temporibus
964 4587 1276 4655 complures
1327 4589 1470 4642 ultra
1524 4585 1884 4641 centesimum
1939 4602 2144 4639 annum

571 4677 737 4730 vitam
773 4675 1028 4741 duxisse;
1061 4686 1120 4730 ut
1149 4678 1375 4746 proinde
1411 4693 1510 4748 pro
1536 4686 1784 4731 monstro
1818 4677 2006 4732 haberi
2051 4693 2147 4730 ne-

569 4775 756 4838 queat,
812 4765 859 4820 si
892 4781 953 4819 ea
990 4775 1310 4836 tempestate
1370 4767 1619 4822 nonnulli
1651 4784 1717 4822 ex
1757 4767 2050 4838 apostolis,
2092 4775 2148 4818 ut

570 4860 638 4915 de
675 4857 884 4912 Joanne
919 4860 1253 4928 evangelista
1295 4861 1468 4929 deque
1516 4861 1726 4929 aliquot
1769 4860 2144 4929 apostolorum

571 4952 856 5022 discipulis
897 4951 1089 5006 saltem
1129 4951 1319 5019 liquet,
1367 4954 1610 5021 longawa
1649 4963 1807 5007 aetate
1846 4952 2147 5007 decessisse

573 5045 830 5099 dicantur
865 5059 968 5097 :co
1000 5042 1268 5111 inprimis
1307 5044 1549 5108 nurnine,
1583 5045 1726 5114 quod
1771 5046 1954 5100 divina
1981 5046 2143 5100 etiam

645 5177 758 5249 (58)
798 5176 969 5250 Cang.
999 5176 1145 5232 Cios.
1175 5176 1368 5246 Gram,
1399 5195 1449 5232 ν.
1489 5179 1750 5247 ⁹’Υπατοι,
1781 5193 1835 5236 ct
1867 5180 2046 5236 Latin.
2091 5201 2142 5236 v.

580 5248 839 5320 Hypanis.

637 5316 748 5384 (ὃν)
780 5317 993 5372 Tilh-m.
1032 5317 1185 5371 Mem.
1225 5317 1374 5378 ειν-Ι..
1409 5327 1543 5372 tom.
1570 5317 1612 5381 1,
1646 5333 1764 5386 pag.
1797 5316 1918 5370 595.

641 5389 754 5459 (60)
791 5389 944 5446 Baill.
997 5387 1111 5444 Vics
1158 5392 1247 5443 des
1294 5391 1499 5454 Saints,
1537 5398 1667 5443 tom.
1707 5388 1800 5451 Ill,
1850 5403 1971 5459 pag.
2005 5387 2141 5454 Mil;

571 5457 1049 5530 woogniexereit.
1078 5478 1136 5524 ιι,
1163 5476 1287 5530 pag.
1324 5461 1447 5520 109,

577 5532 752 5652 “()ol)
795 5529 1089 5586 Florentia.
1145 5529 1257 5586 Vct.
1313 5538 1482 5586 occid.
1538 5533 1663 5586 crcl.
1727 5529 1976 5602 Mar!er
2022 5547 2139 5600 pag.

643 5669 754 5738 (62)
795 5669 986 5724 llaron.
1023 5673 1086 5724 ad
1121 5691 1250 5728 ann.
1288 5674 1373 5732 76.
1407 5674 1430 5744 §
1469 5676 1521 5729 ρ,

2250 4497 2371 4554 net,
2418 4489 2591 4558 magis
2634 4489 2813 4546 adhuc
2867 4488 2920 4541 in
2961 4504 3025 4542 ea
3081 4486 3350 4541 sententia
3404 4483 3671 4538 confirmor
3711 4489 3758 4528 ex

2249 4578 2584 4650 Hcgesippo;
2628 4580 2720 4650 qui
2750 4581 2892 4650 apud
2923 4578 3218 4633 Eusebium
3246 4586 3468 4633 testatur
3497 4571 3615 4643 (68),
3639 4582 3759 4623 eum-

2249 4673 2370 4726 dem
2405 4673 2791 4741 imperatorem
2818 4691 2836 4723 ‹
2875 4681 2997 4742 post
3018 4684 3380 4741 expugnatam
3411 4664 3758 4732 Hierosolymo-

2251 4779 2370 4816 rum
2419 4764 2716 4824 civitatem,
2760 4779 2854 4818 eos
2893 4764 2987 4833 qui
3038 4779 3068 4816 a
3111 4763 3316 4817 Davide
3362 4773 3521 4832 genus
3544 4756 3757 4814 ducerent

2250 4855 2490 4925 perquiri
2506 4855 2762 4924 jussisse,
2779 4871 2847 4910 ne
2869 4854 3160 4924 quisquam
3180 4854 3320 4924 apud
3341 4851 3546 4907 Judaaos
3567 4863 3625 4901 ex
3644 4841 3754 4912 regia

2250 4949 2418 5018 stirpe
2470 4957 2811 5017 superesset,
2879 4963 3053 5016 eaque
3101 4962 3167 5000 ex
3216 4962 3378 5001 causa
3434 4940 3754 5013 gravissimam

2251 5057 2442 5097 rursus
2472 5041 2904 5110 persecutionem
2934 5038 3136 5094 Judaeis
3165 5041 3363 5094 illatam
3387 5035 3562 5090 fuisse.
3589 5051 3604 5082 ι
3635 5022 3753 5093 Quod

2324 5179 2437 5254 (65)
2479 5177 2683 5254 Tertull
2695 5220 2707 5232 .
2723 5177 2952 5254 Δᾼροιοθ.
2965 5219 2988 5254 ,_
3013 5194 3132 5254 cap.
3165 5179 3216 5232 5.
3459 5249 3468 5254 Δ
3486 5244 3510 5254 _

2324 5251 2437 5321 (64)
2481 5249 2678 5304 Euseb.
2714 5249 2853 5303 Hist.
2882 5249 3033 5313 εδει,
3068 5252 3159 5321 lib.
3198 5266 3278 5312 ιιι,
3302 5262 3418 5321 cap.
3459 5249 3530 5297 Π.

2323 5319 2435 5390 (6.5)
2478 5321 2646 5374 Ililar.
2677 5321 2774 5376 lib.
2799 5332 2993 5390 icontr.
3021 5320 3235 5382 Arium,
3271 5335 3322 5372 ιι.
3353 5319 3404 5371 5.

2321 5385 2432 5462 (66)
2454 5390 2746 5477 Iheodor.
2773 5389 2942 5445 Crwc.
2977 5391 3150 5459 a/Iect.
3190 5397 3380 5453 curat.,
3413 5385 3532 5442 dial.
3559 5397 3622 5444 Ix,
3645 5387 3745 5428 ωιιιι

2253 5461 2708 5622 bl'ltlti'crc.
2743 5531 2820 5586 Ad
2875 5531 3098 5586 Tertull.
3137 5531 3377 5601 Apolog.,
3407 5541 3520 5597 pag.
3552 5521 3627 5586 62,
3655 5521 3741 5574 ιιυιι

2254 5605 2437 5742 00(68)
2482 5674 2674 5732 Euseb.
2721 5673 2861 5729 "ist.
2898 5677 3048 5741 crcl.,
3082 5675 3175 5730 lib.
3209 5689 3264 5738 It,
3303 5688 3414 5742 cap.
3441 5670 3514 5726 12.
