4038 6314
274 342 403 397 l2“

1246 338 1579 397 EPISTOLA
1615 341 1703 395 DE
1742 337 2099 395 MARTYRIO
2140 339 2196 395 S.
2242 338 2563 395 ANDREE.

3376 342 3509 400 19.32

264 455 433 527 ἄνδρα
481 454 664 510 ἔνθεον
715 457 781 510 ".
833 456 1115 526 Τέσσαρας
1160 455 1372 528 ἡμέρας
1398 456 1445 489 ⁸ο
1496 456 1829 527 κρεμάμενος

1944 456 2235 512 comedens
2258 471 2357 513 nos
2376 457 2662 512 saturavit.
2687 456 2839 514 Tolle
2863 458 2930 513 de
2956 472 3120 514 cruce
3140 457 3315 512 virum
3340 459 3505 524 hunc,

264 549 352 620 ζῇ·
413 548 575 619 μηδὲν
622 550 804 618 φαγὼν
850 550 1056 612 πάντας
1095 550 1240 620 ἡμᾶς
1286 549 1597 619 ἐχόρτασεψ
1641 548 1833 602 κάθελε

261 640 352 693 τὸν
372 640 542 710 ἄνδρα
566 641 674 693 ἀπὺ
704 640 797 695 τοῦ
834 642 1085 714 σταυροῦ,
1108 644 1202 695 καὶ
1230 642 1429 704 πάντες
1460 640 1833 711 φιλοσοφήσω-

264 749 385 803 μεν·
413 732 575 787 λῦσον
612 734 706 786 τὸν
736 734 903 805 ἄνδρα
922 736 991 801 ⁸¹,
1024 736 1118 788 καὶ
1156 735 1417 805 πᾶσαὴ⁸¹
1464 735 1652 803 Ἀχαΐα
1684 733 1835 805 ἐλεη-

262 825 503 896 θήσεταιο
547 825 608 877 οὐ
652 824 769 878 δέον
817 827 964 880 ἐστὶν
1012 826 1173 879 αὑτὸν
1221 826 1378 878 τοῦτο
1420 824 1613 879 παθεῖν
1653 826 1719 889 ⁸³,
1754 826 1835 878 ὅτι

258 917 603 989 κρεμάμενος
622 918 667 949 ⁸⁸
694 919 794 989 τὴν
832 918 1088 989 ἀλήθειαν
1118 916 1406 989 κηρύττειν
1437 918 1498 971 οὐ
1525 917 1775 971 παύεται.

324 1009 370 1040 ⁸⁵
415 1008 502 1072 Ὦς
526 1008 581 1061 δὲ
614 1010 964 1079 παρήκουσεν
993 1012 1021 1063 6
1054 1008 1381 1075 ἀνθύπατος,
1415 1009 1481 1061 τὰ
1513 1011 1613 1079 μὲν
1641 1009 1835 1079 πρῶτα

254 1100 322 1169 τῇ
357 1099 498 1169 χειρὶ
530 1097 608 1168 τῷ
646 1098 787 1170 ὄχλῳ
824 1098 1081 1153 διανεύων
1133 1101 1227 1154 τοῦ
1276 1101 1573 1172 ἀναχωρεῖν
1616 1101 1833 1164 αὐτοὺς,

256 1190 499 1261 ἐτόλμων
534 1208 587 1244 τι
626 1194 706 1255 εἰς
738 1192 919 1258 αὐτὸν,
970 1194 1122 1257 ὄντες
1151 1193 1241 1248 τὸν
1280 1194 1510 1266 ἀριθμὸν
1539 1194 1615 1257 ὡς
1645 1194 1840 1264 δισμύ-

160 1300 161 1303 ‘
254 1298 384 1353 ριοι.
420 1280 528 1345 Οὓς
562 1281 895 1353 θεασάμενος
923 1285 952 1336 6
982 1284 1286 1349 ἀνθύπατος
1313 1285 1496 1357 τρόπῳ
1522 1286 1627 1337 τινὶ
1653 1286 1835 1355 ἐμμα-

251 1372 365 1433 νεῖς
384 1372 800 1442 γεγενημένους,
825 1371 1077 1436 δεδοικὼς
1102 1374 1174 1444 μή
1213 1390 1265 1426 τι
1286 1373 1460 1426 δεινὸν
1494 1372 1678 1435 πάθοι,
1702 1373 1834 1425 ἀνα-

252 1460 388 1524 στὰς
430 1461 539 1514 ἀπὸ
577 1461 671 1516 τοῦ
717 1462 961 1535 βήματος
1004 1465 1251 1517 συναπίει
1302 1465 1398 1517 σὺν
1448 1464 1651 1528 αὐτοῖς,
1701 1463 1835 1516 ύπο-

252 1554 517 1624 σχόμενος
562 1555 819 1608 ἀπολύειν
870 1556 961 1609 τὸν
1014 1556 1283 1627 μακάριον
1337 1556 1607 1627 Ἀνδρέαν.
1641 1554 1837 1624 "Ealla-

1935 558 1989 604 ct
2017 565 2208 605 omnes
2249 551 2573 620 sapientiam
2606 553 3024 622 amplectimur;
3076 551 3225 606 solve
3257 550 3429 616 illum,
3454 568 3510 607 et

1937 641 2191 696 universa
2220 643 2424 697 Achaia
2472 643 2919 705 misericordiam
2964 652 3351 713 consequetur.
3389 642 3507 698 Non

1935 734 2093 788 debet
2120 735 2245 788 talia
2277 736 2387 804 pati
2436 734 2521 789 vir
2551 735 2645 805 qui
2690 737 2744 791 in
2773 752 2935 791 cruce
2978 752 3280 806 suspensus
3308 746 3507 791 veritao

1938 835 2044 882 tem
2074 828 2372 897 praedicare
2406 842 2511 882 non
2548 838 2745 886 cessat.

2020 1006 2348 1062 Proconsnle
2413 1021 2591 1063 autem
2657 1010 2783 1064 talia
2862 1010 3185 1082 negligente.
3236 1027 3509 1080 manuque

1936 1098 2108 1151 turba:
2158 1098 2417 1152 innuente
2449 1110 2504 1153 ut
2535 1100 2859 1165 discederet,
2891 1102 3243 1169 grassabatur
3290 1104 3342 1156 in
3383 1118 3506 1156 eunt

1936 1189 2164 1243 audacia
2214 1190 2606 1257 multitudinis;
2641 1201 2799 1247 erant
2824 1193 2967 1247 enim
2996 1194 3185 1263 viginti
3214 1195 3379 1248 millia
3412 1194 3509 1248 ho-

1937 1280 2168 1335 minum.
2214 1280 2363 1347 Quos
2406 1282 2850 1339 animadvertetis
2900 1286 3195 1354 proconsul
3227 1287 3385 1355 quasi
3419 1285 3509 1339 l‘uu

1936 1387 2061 1427 rore
2109 1373 2467 1437 insanientes,
2523 1375 2707 1429 timuit
2766 1392 2833 1430 ne
2859 1377 2989 1446 quid
3026 1378 3155 1431 mali
3210 1388 3507 1446 pateretur,

1939 1456 2278 1531 snrgenSque
2326 1478 2357 1517 e
2398 1463 2655 1519 tribunali
2710 1465 2879 1519 exivit
2927 1481 3167 1536 sequens
3217 1466 3341 1523 illos
3390 1484 3511 1536 pro-

1938 1554 2267 1623 mittensque
2283 1568 2342 1608 se
2358 1553 2573 1608 beatum
2590 1554 2862 1611 Andream
2881 1557 3258 1611 liberaturum.
3277 1556 3507 1623 Quidam

249 1664 351 1701 σαν
396 1644 488 1701 οῦν
526 1665 669 1713 τινες
717 1649 793 1720 τῷ
834 1650 1114 1720 ἀποστόλῳ
1145 1649 1448 1721 δηλοῦντες,
1481 1652 1586 1707 ,καὶ
1629 1652 1728 1723 τὴν
1761 1653 1829 1705 ai-

1940 1643 2106 1717 igitur
2139 1653 2531 1715 praecurrentes
2579 1646 2646 1700 ad
2685 1648 2997 1716 apostolum
3040 1657 3329 1714 venerunt,
3378 1662 3510 1701 cau—

244 1739 372 1792 τῖαν
394 1739 460 1791 δι’
493 1739 559 1811 ῆν
585 1739 676 1792 ἐπὶ
696 1740 787 1792 τὸν
812 1740 975 1792 τόπον
1001 1741 1388 1811 παραγίνονται
1421 1741 1488 1797 ⁸⁸.

1940 1754 2055 1793 sam
2086 1728 2351 1792 adventus
2378 1739 2461 1792 sui
2491 1738 2882 1809 signiﬁcantes.

321 1831 527 1895 Παντὸς
559 1828 655 1885 οῦν
690 1831 787 1885 τοῦ
813 1832 971 1902 δχλου
1004 1832 1413 1903 ἀγαλλιωμένου
1433 1835 1517 1887 ὅτι
1547 1833 1777 1905 ἤμελλεν
1805 1836 1829 1888 6

2006 1829 2369 1884 Exsultabant
2416 1831 2583 1902 igitur
2632 1832 2805 1886 turba:
2849 1832 2918 1886 de
2955 1832 3137 1885 futura
3189 1831 3511 1887 liberatione

249 1923 519 1995 μακάριος
558 1924 811 1996 Ἀνδρέας
841 1924 1200 1991 ἀπολύεσθαι,
1228 1925 1707 1997 ιιαραγεναμένου⁶
1736 1926 1829 1979 τοῦ

246 2015 560 2070 ἀνθυπάτου
598 2020 691 2071 καὶ
725 2019 944 2071 πάντων
971 2017 1083 2070 τῶν
1116 2018 1360 2087 ἀδελφῶν
1391 2018 1686 2089 χαιρόντων
1715 2020 1831 2089 ἅμα

244 2113 312 2181 τῇ
347 2109 679 2182 Μαξιμίλλῃ,
720 2111 749 2164 ὁ
780 2111 1048 2183 μακάριος
1087 2110 1341 2181 Ἀνδρέας
1373 2110 1548 2163 ταῦτα
1591 2111 1830 2174 ἀκούσας

244 2198 403 2256 εἶπεν
436 2205 549 2265 τοῖς
580 2202 920 2275 παρεστῶσιν
958 2202 1223 2271 ἀδελφοῖςσ
1257 2204 1324 2255 ‘A
1354 2202 1434 2255 δεῖ
1468 2220 1534 2274 με
1568 2200 1705 2274 πρὸς
1732 2203 1831 2255 αύ-

241 2296 335 2348 τὸν
362 2297 567 2358 εἰπεῖν,
599 2294 921 2358 ἀναλύοντός
963 2313 1065 2366 μου
1098 2297 1233 2368 πρὸς
1261 2295 1497 2368 Κύριον,
1530 2295 1701 2348 ταῦτα
1735 2297 1830 2349 καί

244 2387 375 2458 ἐρῶ.
412 2386 567 2449 Τίνος
602 2388 762 2458 χάριν
799 2387 963 2441 πάλιν
1000 2385 1133 2461 ἧκες
1174 2389 1311 2460 πρὸς
1356 2389 1521 2459 ἡμᾶς,
1558 2388 1827 2456 Αἰγεάτα;

240 2480 387 2543 τίνος
437 2479 621 2532 ἕνεκεν
680 2479 958 2552 ἀλλότριος
1008 2480 1167 2551 ἡμῶν
1222 2479 1517 2552 προσέρχει
1570 2482 1741 2551 ὴμῖν;
1775 2479 1828 2532 τί

242 2554 514 2643 τολμῆσαι
554 2574 718 2627 πάλιν
754 2574 942 2637 θέλων,
971 2575 1024 2627 τί
1055 2574 1451 2645 τεχνάσασθαι;
1479 2574 1621 2626 εἰπέ.
1656 2571 1828 2626 Λῦσαι

242 2666 392 2735 ἡμᾶς
434 2660 598 2735 ἦλθες
641 2665 717 2729 ὡς
756 2665 1155 2737 μετεγνωκώς;
1195 2666 1304 2719 οὐδ’
1338 2666 1402 2720 ἀν
1443 2682 1525 2718 σοι
1568 2664 1826 2735 συνθήσο-

247 2774 368 2827 μαι,
404 2757 479 2821 ὡς
506 2758 723 2828 ἀληθῶς
760 2776 853 2812 σου
890 2759 1309 2829 μετεγνωκότος.
1351 2757 1473 2811 Οὐδ’
1522 2758 1586 2812 ἀν
1621 2774 1703 2810 σοι
1740 2773 1828 2809 πι-

243 2849 473 2916 στεύσω,
511 2850 641 2905 ἴδιόν
665 2869 766 2923 μου
802 2852 993 2905 σαυτὸν
1016 2852 1243 2919 λέγοντά
1264 2868 1345 2904 σε.
1369 2851 1532 2914 Λύεις
1560 2850 1639 2916 δὲ,
1666 2848 1829 2903 ἀνθύ-

241 2954 405 3002 πατε,
442 2939 533 2991 τὸν
565 2939 817 3005 δεθέντας
853 2940 1132 3012 οὐδαμῶς·
1162 2941 1271 3011 ἔχω
1302 2938 1412 3013 γὰρ
1453 2933 1497 3008 ᾧ
1535 2940 1829 3011 συνέσομαι

240 3033 323 3095 εἰς
372 3031 433 3084 τὸ
465 3033 730 3105 διηνεκὲς,
762 3033 871 3104 ἔχω
911 3027 956 3101 ᾧ
989 3033 1489 3105 συμπολιτεύσομαι
1524 3032 1605 3096 εἰς
1643 3034 1829 3105 ἀναρι-

240 3121 484 3192 θμήτους
520 3124 724 3188 αἰῶνας
745 3143 759 3156 ο
794 3127 929 3197 πρὸς
962 3126 1167 3178 ἐκεῖνον
1204 3125 1421 3195 ἄπειμι,
1455 3126 1592 3196 πρὸς
1624 3127 1829 3179 ἐκεῖνον

238 3212 553 3283 ἐπείγομαι,
592 3215 683 3268 τὸν
714 3214 808 3269 καὶ
839 3216 898 3269 σέ
935 3233 1027 3285 μοι
1058 3216 1425 3287 γνωρίσαντα,
1452 3216 1541 3270 τὸν
1571 3218 1831 3288 εἰρηκότα

239 3321 355 3375 μοι’
388 3308 479 3377 Μή
503 3323 563 3359 σε
597 3308 896 3376 ὲκφοῦείτω
925 3310 954 3361 ὁ
978 3308 1147 3372 δεινὸς
1159 3309 1395 3378 ξέκεῖνοςο
1421 3309 1495 3379 μή
1521 3326 1580 3361 σε
1609 3311 1836 3380 κρατεῖν

234 3398 507 3468 νομιζέτω
545 3399 675 3471 ἐμὸν
699 3400 825 3453 ὄντα
845 3417 857 3430 ·
885 3400 1077 3471 ἐχθρός
1108 3417 1197 3452 σου
1220 3400 1329 3472 γάρ
1350 3402 1517 3453 ἐστιν.
1536 3400 1833 3471 Τοιγαροῦν

233 3493 496 3562 ἐπιγνούς
526 3510 584 3546 σε
614 3492 701 3546 διά
730 3492 825 3546 τοῦ
866 3492 1257 3563 ἐπιτρέψαντός
1285 3509 1373 3562 μοι
1413 3492 1831 3565 ἀπαλλάσσομαι

235 3599 355 3637 σου.
380 3585 443 3638 Ei
462 3584 519 3637 δὲ
548 3584 640 3638 καὶ
672 3584 850 3655 βούλει
869 3582 1159 3637 πιστεῦσαι
1186 3583 1264 3653 τῷ
1283 3581 1521 3653 Χριστῷ,
1553 3583 1833 3654 ἀνεῳχθή-

235 3676 398 3730 σεταί
429 3693 532 3739 σοι,
568 3675 749 3741 καθὼς
775 3676 1094 3746 ὑπεσχόμην
1116 3692 1219 3738 σοι,
1254 3674 1372 3737 ὁδὸς
1409 3677 1827 3746 συγχωρήσεως·

233 3770 365 3823 εἰδὲ
386 3771 522 3841 πρὸς
542 3770 603 3823 τὸ
621 3768 781 3823 λῦσαί
805 3787 871 3839 με
894 3769 1054 3840 μόνον
1072 3767 1355 3839 ἐλήλυθας,
1388 3765 1498 3835 ὲγὼ
1520 3766 1615 3820 τοῦ
1642 3767 1829 3821 λοιποῦ

233 3863 305 3915 ἐκ
317 3861 409 3914 τοῦ
440 3860 672 3932 σταυροῦ
697 3860 884 3914 τούτου
907 3860 1014 3926 ζῶν
1030 3861 1089 3913 ἐν
1105 3858 1186 3930 τῷ
1204 3858 1412 3930 σώματι
1444 3859 1830 3930 κατενεχθῆναι

232 3954 301 4006 ού
324 3952 646 4023 δυνήσομαι.
683 3950 823 4019 Ἐγὼ
855 3950 966 4022 γὰρ
988 3950 1082 4003 καὶ
1104 3951 1153 4003 οἱ
1188 3952 1470 4018 συγγενεῖς
1507 3967 1607 4021 μου
1640 3950 1731 4001 ἐπὶ
1762 3948 1831 4002 τὰ

234 4043 486 4115 ἡμέτερα
534 4041 899 4114 ἐπειγόμεθα,
948 4040 1147 4104 ἐῶντες
1194 4041 1253 4093 σὲ
1287 4036 1425 4093 εἶναι
1474 4040 1612 4110 ὅπερ
1658 4034 1709 4092 εἴ
1737 4039 1830 4093 καὶ

234 4132 268 4184 ὃ
300 4132 374 4203 μὴ
420 4131 709 4185 ἐπίστασαι
742 4132 903 4194 αὐτὸς
937 4131 1066 4202 περὶ
1111 4128 1363 4183 σεαυτοῦ.
1402 4130 1545 4199 Ἤδη
1579 4128 1691 4200 γὰρ
1738 4130 1831 4182 τὸν

237 4224 466 4296 βασιλέα
503 4241 603 4295 μου
639 4222 772 4295 ὁρῶ,
823 4222 921 4294 ἤδη
962 4222 1270 4294 προσκυνῶ,
1306 4222 1407 4293 ἤδη
1453 4220 1681 4274 ἐνώπιον
1731 4222 1831 4275 αὺ-

235 4316 335 4369 τοῦ
380 4316 756 4387 παρίσταμαι,
805 4314 934 4368 ἔνθα
971 4314 1109 4367 εἰσὶν
1142 4316 1199 4366 αἱ
1240 4312 1350 4367 τῶν
1408 4313 1657 4382 ἀγγέλων
1698 4313 1829 4384 ὁμό-

234 4426 403 4472 νοιαι,
466 4408 595 4461 ἔνθα
645 4407 807 4470 αὐτὸς
855 4409 884 4460 6
925 4408 1084 4476 μόνος
1132 4405 1488 4478 αὐτοκράτωρ
1523 4404 1826 4475 βασιλεύει,

1933 1923 2075 1976 beati
2124 1922 2407 1990 Andreae;
2469 1923 2794 1978 adveniente
2838 1934 3018 1978 autem
3070 1924 3398 1994 proconsule
3455 1933 3511 1978 et

1931 2016 2187 2071 omnibus
2242 2015 2504 2071 fratribus
2567 2033 2693 2072 cum
2755 2018 3061 2071 Maximilla
3127 2017 3508 2087 gaudentibus,

1928 2121 2055 2162 cum
2080 2106 2197 2161 haec
2215 2109 2459 2165 audisset
2474 2111 2662 2165 beatus
2685 2110 2957 2173 Andreas,
2988 2110 3249 2165 fratribus
3276 2109 3511 2164 astanti-

1930 2202 2033 2259 bus
2060 2201 2411 2268 dixit;Quod
2459 2212 2673 2272 oportet
2722 2217 2809 2256 me
2853 2202 2929 2255 illi
2974 2201 3179 2266 dicere,
3215 2202 3509 2257 abeuntem

1930 2294 1995 2348 ad
2022 2292 2334 2361 Dominum,
2360 2294 2465 2349 hoc
2488 2294 2692 2351 dicam.
2725 2293 3093 2361 Quamobrem
3124 2294 3323 2347 iterum
3356 2295 3510 2348 venis

1930 2386 1997 2441 ad
2033 2403 2156 2451 nos,
2185 2386 2479 2457 IEgcates?
2507 2386 2586 2442 Ad
2620 2386 2773 2456 quid,
2828 2397 2883 2440 tu
2918 2402 2948 2440 a
2982 2386 3141 2441 nobis
3172 2386 3408 2449 alienus,
3441 2387 3509 2439 ad

1930 2496 2031 2535 nos
2060 2480 2317 2535 accedis?
2349 2480 2481 2550 quid
2510 2481 2637 2534 novi
2680 2495 2941 2545 ausurus,
2970 2479 3101 2548 quid
3162 2479 3510 2533 machinatu-

1932 2574 2060 2626 rus?
2095 2571 2209 2627 Dic.
2243 2570 2479 2626 Venisne
2523 2572 2736 2626 solvere
2787 2587 2888 2626 nos
2934 2571 3091 2640 quasi
3143 2572 3510 2640 resipiscens?

1930 2678 2107 2731 neque
2138 2663 2219 2716 sic
2260 2662 2355 2716 tibi
2391 2663 2761 2725 conciliabor,
2805 2678 2903 2717 ceu
2942 2664 3155 2718 sincere
3195 2664 3507 2733 puenitenti;

1930 2768 2038 2807 non
2088 2754 2185 2808 tibi
2236 2754 2534 2823 crederem,
2579 2753 2793 2810 etiamsi
2837 2764 2890 2808 te
2926 2754 3060 2808 mihi
3107 2754 3507 2809 amicissimum

1930 2846 2160 2901 diceres.
2191 2844 2334 2900 Num
2363 2862 2449 2900 me
2470 2846 2713 2901 vinctum
2746 2846 2935 2911 solvis,
2971 2860 3003 2899 ο
3030 2846 3366 2917 proconsul?
3405 2846 3508 2901 mi-

1929 2938 2096 2993 nime.
2128 2937 2311 2994 Habeo
2336 2939 2485 2993 enim
2513 2955 2640 2993 cum
2679 2954 2793 3011 quo
2818 2954 2913 2994 ero
2957 2940 3013 2994 in
3037 2948 3381 3010 perpetuum,
3412 2941 3509 2993 Ιιειο

1933 3032 2035 3088 beo
2061 3049 2186 3089 cum
2212 3048 2322 3104 quo
2355 3033 2726 3087 conversabor
2766 3048 2862 3102 per
2906 3032 3116 3085 iuliuita
3157 3032 3378 3086 saecula.
3424 3032 3504 3084 Ad

1934 3125 2086 3181 illum
2116 3125 2279 3188 vado,
2326 3124 2393 3179 ad
2438 3124 2590 3178 illum
2621 3138 2875 3193 propero,
2907 3124 3003 3193 qui
3044 3134 3095 3178 te
3137 3124 3271 3177 mihi
3316 3133 3505 3176 nolunt

1937 3218 2084 3282 fecit,
2123 3217 2217 3288 qui
2264 3217 2396 3271 mihi
2433 3215 2614 3271 dixit:
2650 3212 2795 3269 Nihil
2842 3224 2893 3270 te
2933 3224 3208 3271 exterreat.
3239 3213 3388 3271 ferus
3421 3215 3510 3269 ille

1936 3311 2135 3377 homo;
2172 3325 2281 3364 nou
2309 3310 2496 3365 credat
2522 3318 2574 3363 te
2598 3308 2692 3378 qui
2730 3324 2884 3361 meus
2913 3322 2994 3373 es,
3028 3322 3058 3360 a
3077 3322 3137 3361 se
3158 3307 3507 3373 vincendum;

1935 3403 2030 3457 tibi
2058 3405 2205 3459 enim
2254 3403 2592 3457 inimicatur.
2651 3400 2726 3455 Te
2782 3401 2947 3470 igitur
2977 3415 3071 3470 per
3101 3400 3253 3453 illum
3304 3415 3508 3471 cogno-

1934 3509 2113 3559 scens,
2156 3503 2305 3549 tuam
2357 3502 2680 3563 potestatem
2727 3491 2947 3561 eﬂ‘ugio.
2984 3491 3040 3545 Si
3082 3500 3260 3546 tamen
3290 3490 3511 3546 Christo

1933 3587 2155 3643 credere
2182 3586 2334 3652 velis,
2365 3594 2513 3656 patet
2555 3585 2673 3649 tibi,
2704 3585 2845 3639 sicut
2887 3584 2998 3653 jam
3042 3585 3318 3653 pollicitus
3361 3601 3508 3651 sum,

1934 3676 2323 3733 misericordiae
2368 3677 2477 3731 via.
2524 3674 2582 3728 Si
2629 3685 2811 3729 autem
2860 3676 2983 3729 ideo
3022 3677 3197 3730 solum
3221 3676 3417 3730 venisti
3452 3686 3513 3730 ut

1932 3786 2020 3826 me
2047 3770 2307 3836 solveres,
2340 3779 2391 3824 te
2420 3769 2562 3824 scire
2589 3770 2748 3823 velim
2782 3784 2866 3823 me
2901 3784 2967 3823 ex
2998 3769 3097 3823 hac
3126 3783 3290 3823 cruce
3320 3768 3504 3820 viven-

1932 3871 2043 3917 tem
2088 3862 2407 3931 incorpore
2439 3860 2552 3915 tolli
2589 3876 2697 3915 non
2734 3877 2917 3931 posse.
2951 3858 3064 3930 Ego
3108 3860 3254 3915 enim
3294 3869 3346 3913 et
3377 3874 3509 3929 pro-

1932 3952 2067 4006 ximi
2101 3952 2207 4007 mei
2248 3953 2314 4007 ad
2346 3953 2581 4023 patriam
2631 3962 2874 4008 nostram
2925 3953 3271 4013 festinamus,
3305 3963 3356 4006 te
3388 3966 3509 4007 esse

1932 4046 2174 4101 sinentes
2211 4046 2356 4117 quod
2390 4062 2472 4113 es,
2540 4047 2685 4103 circa
2735 4046 2969 4115 teipsum
3017 4045 3331 4099 caecutiens.
3382 4041 3503 4096 Jani

1932 4137 2079 4192 cnim
2119 4154 2299 4209 regem
2333 4154 2516 4193 meum
2560 4140 2739 4201 video,
2766 4139 2880 4208 jam
2912 4137 3105 4200 adoro,
3146 4136 3259 4205 jam
3292 4135 3345 4189 in
3372 4151 3473 4189 con
3502 4167 3509 4174 -

1934 4238 2120 4299 spectu
2152 4230 2274 4299 ejus
2313 4230 2530 4297 adsum,
2565 4231 2657 4284 ubi
2698 4238 2972 4285 exsmtunt
3001 4227 3315 4297 angelorum
3355 4225 3509 4280 chori

1934 4320 2249 4385 unanimes,
2278 4319 2371 4374 ubi
2405 4319 2521 4391 ipse
2566 4321 2718 4375 solus
2757 4333 3045 4389 supremus
3072 4316 3393 4371 Dominator
3423 4331 3513 4368 re-

1932 4419 2083 4479 gnat,
2127 4410 2219 4464 ubi
2264 4410 2356 4464 lux
2399 4419 2483 4466 est
2512 4411 2630 4466 sine
2672 4420 2852 4476 nocte,
2892 4410 2981 4464 ubi
3025 4408 3187 4462 liores
3226 4421 3507 4476 nunquam

235 4499 368 4554 ἔνθα
392 4500 454 4553 τὸ
486 4498 602 4568 φῶς
634 4500 762 4553 ἀνευ
795 4498 987 4561 νυκτὸς
1018 4500 1274 4570 ὑπάρχει,
1308 4497 1436 4550 ἔνθα
1464 4496 1535 4549 τά
1564 4497 1698 4569 ἄνθη
1726 4499 1821 4551 οὺ-

1933 4510 2302 4568 marcescunt,
2350 4502 2440 4556 ubi
2484 4502 2642 4557 doior
2696 4516 2911 4571 semper
2964 4500 3271 4571 ignoratur,
3329 4515 3509 4569 neque

234 4592 429 4647 δὲποτε
466 4590 853 4663 μαραίνονται,
898 4590 1026 4645 ἔνθα
1071 4590 1233 4663 ὀδύνη
1273 4590 1529 4644 οὐδέποτε
1563 4589 1826 4659 γινώσκε-

1933 4594 2111 4664 ipsum
2158 4595 2410 4652 maeroris
2440 4596 2663 4651 auditur
2692 4610 2916 4662 nomen,
2946 4594 3040 4650 ubi
3085 4595 3272 4650 laetitia
3313 4602 3371 4649 et
3405 4610 3506 4650 ex-

1544 4749 1777 4807 VAlllAS
1813 4749 2219 4806 LECTlONES.

359 4865 406 4898 "
441 4865 654 4937 ἔνθεονε
698 4864 740 4918 Β
788 4865 911 4920 add.
979 4866 1052 4937 μὴ

364 4883 405 4898 ι’
441 4883 654 4920 ενυεον;
698 4883 740 4918 rs
788 4883 911 4920 anc.

241 4951 419 5008 usque
448 4936 639 5008 ἀνδρα.
711 4938 756 4968 ⁸²
790 4938 938 5008 πᾶσα
968 4883 1016 5006 ξ

238 5007 285 5039 ⁸⁵
334 5003 419 5069 Ὦς
439 5007 495 5059 δέ
523 5003 694 5077 usque
715 5008 902 5060 ultima
926 5003 1056 5058 ὅταν
1084 5008 1145 5059 οὐ
1165 5003 1395 5058 δύνασαι
1422 5020 1486 5077 e_x
1503 5003 1611 5059 AB.

1110 4864 1319 4928 ἀνελεῖς
1365 4864 1557 4937 ἄνδρα-
1595 4864 1814 4937 εὐσεβῆ.
1853 4865 1937 4937 _'°
1966 4864 2008 4916 B
2034 4865 2331 4937 τέσσαρσιν
2357 4864 2631 4937 [ἡμέραις.
2710 4865 2753 4897 ⁸¹
2788 4865 2831 4918 Β
2863 4881 2971 4937 om.
3009 4865 3116 4918 ἀπὸ
3141 4864 3237 4918 τοῦ
3271 4862 3507 4937 σταυροῦ

1042 4933 1053 4989 Ξ
1090 4937 1133 4988 A
1166 4952 1276 4989 om.
1313 4938 1367 5007 ή.
1444 4933 1491 4966 ⁸³
1525 4934 1566 4986 Β
1602 4934 1752 5004 αὐτῷ
1783 4933 1943 4987 τοῦτο
1998 4933 2220 4987 παθεῖν(
2280 4935 2326 4965 ⁸⁸
2356 4933 2827 5056 Βκίρεμάμμενος.
2862 4936 2938 4991 lta
2971 4938 3290 5005 plerumque
3321 4933 3501 4989 habet.

1042 5023 1056 5056 ι
1084 5008 1145 5056 οὐ
1165 5006 1395 5056 δύνασαι
1422 5020 1486 5056 ex
1503 5003 1611 5056 AB.
1698 5006 1744 5036 ⁸⁵
1767 5003 1822 5056 In
1848 5003 1937 5056 Cl)
1959 5020 2084 5056 cum
2117 5005 2391 5056 prioribus
2423 5005 2434 5020 '
2482 5023 2509 5056 ς
2540 5007 2598 5056 δὲ
2631 5044 2645 5056 .
2669 5046 2681 5056 .
2704 5046 2718 5056 .
2756 5008 3148 5056 παραγίνονται
3175 5006 3362 5056 confer
3385 5021 3501 5056 mm

1698 5003 1744 5036 ⁸⁸
1767 5003 1822 5057 In
1848 5003 1937 5059 Cl)
1959 5020 2084 5059 cum
2117 5005 2391 5072 prioribus

2482 5023 2509 5078 ς
2540 5007 2598 5059 δὲ
2631 5044 2645 5059 .
2669 5046 2681 5058 .
2704 5046 2732 5078 .ί
2756 5008 3148 5078 παραγίνονται
3175 5006 3362 5060 confer
3385 5021 3508 5075 qua:

243 5079 373 5131 illa:
421 5074 708 5149 κηρύττων
741 5078 801 5130 οδ
834 5076 1087 5149 παύεται,
1112 5077 1408 5149 excipiunt.
1438 5074 1775 5149 Suntautem
1816 5075 1929 5149 hare
1955 5093 1967 5127 :
1994 5074 2362 5149 :I‘6frs_Aiyéag
2396 5076 2652 5149 φοϐηθεὶς
2690 5074 2942 5149 τὸνλαδν
2979 5078 3245 5149 ὑπέσχετο
3276 5074 3506 5149 καὶένε-

240 5150 395 5219 γκεῖν
426 5144 586 5199 αύτὸν
618 5147 710 5200 τοῦ
760 5147 995 5219 σταυροῦ
1024 5144 1340 5219 (cederet?)
1376 5145 1647 5219 σταυρῷ),
1685 5145 1799 5216 ἅμα
1826 5145 1904 5219 δὲΔ
1926 5145 2020 5197 τοῦ
2055 5144 2328 5219 ἄρξασθαι
2352 5144 2873 5218 αὑτὸνπορεύεσθαι
2902 5148 3039 5218 (sic;
3078 5144 3312 5219 vitiose).
3360 5145 3508 5198 Tunc

241 5218 494 5287 A‘Jgeates
540 5230 814 5287 pavescens
870 5216 1121 5286 populum
1144 5226 1201 5287 et
1247 5217 1559 5285 promittens
1602 5232 1657 5268 se
1712 5233 1828 5269 eum
1870 5216 2124 5287 deponere
2168 5216 2329 5269 simul
2370 5219 2523 5285 erepit
2551 5216 2645 5272 ire.
2684 5220 2840 5287 Apud
2871 5216 3098 5271 Abdiam
3136 5217 3166 5269 l.
3203 5216 3507 5279 |.,ineunte

242 5285 486 5342 sectione
528 5286 695 5351 XLII,
729 5285 919 5342 confer
940 5285 1064 5343 hare
1091 5304 1104 5339 :
1134 5285 1233 5340 His
1264 5297 1553 5339 commotus
1597 5285 1909 5355 proconsul,
1945 5302 2062 5337 cum
2088 5295 2138 5338 et
2169 5287 2337 5339 minas
2377 5285 2754 5357 actumnlturn
2783 5288 2962 5357 pepuli
2996 5297 3262 5351 metueret,
3288 5302 3508 5357 surgens

242 5357 307 5411 de
343 5357 598 5412 tribunali
642 5360 909 5411 Andream
939 5359 1137 5411 solvere
1175 5357 1477 5427 cogitabat:
1518 5358 1885 5426 profectusque
1913 5357 1980 5408 ad
2015 5356 2186 5408 locum
2212 5359 2405 5423 crucis,
2438 5356 2559 5410 lteto
2588 5359 2780 5426 populo
2807 5356 2946 5427 quod
2972 5357 3209 5426 famulus
3244 5357 3340 5409 Dei
3375 5356 3508 5409 libe-

244 5436 537 5507 rareturlet
577 5428 837 5496 frequenti
866 5426 1361 5507 cantitanAtektt-istis
1391 5436 1440 5507 et
1480 5428 1627 5507 facta
1659 5428 1910 5507 paruimus
1946 5427 2171 5507 Andr-ere
2198 5444 2448 5507 suspenso
2475 5426 2952 5507 appropinquabat.
2984 5427 3076 5507 :11;
3107 5427 3197 5507 δὲ..
3221 5466 3234 5481 .
3257 5468 3270 5481 .
3302 5426 3371 5507 τὰ
3408 5427 3507 5497 μὲν

242 5498 448 5585 πραιταῖ
469 5498 535 5567 (Α
570 5514 638 5585 τ’.⁸
662 5516 739 5585 μ..
760 5516 860 5585 pp;
894 5509 1014 5579 post
1057 5500 1143 5583 ’ῼς
1175 5497 1409 5585 Seponit.)
1441 5538 1453 5550 .
1477 5496 1491 5551 .
1516 5538 1538 5585 ,Χ
1560 5497 1638 5568 τῷ
1660 5497 1801 5585 ὄχλῳ
1821 5497 1899 5583 (A
1918 5512 2111 5585 pun/Bt.
2147 5496 2219 5585 δῖ)
2251 5498 2396 5585 dictv:
2424 5515 2477 5585 τἰ
2524 5496 2679 5584 ἀναχ.
2709 5500 2839 5585 ait.

240 5565 335 5620 τὸν
366 5565 523 5636 ὄχλον
544 5584 558 5597 ο
591 5578 645 5621 et
665 5565 814 5622 εδδ(
834 5565 1006 5641 θυμοῦ
1041 5570 1149 5639 γὰρ
1193 5568 1541 5690 πλἬθὲντες)
1562 5611 1575 5623 .
1687 5565 1783 5630 εις
1808 5565 1965 5619 αὐτόν
2002 5565 2063 5636 (Β
2097 5568 2221 5621 add.
2254 5568 2481 5637 πρᾶξαι)
2500 5608 2515 5621 .
2538 5607 2552 5621 .
2576 5608 2588 5620 .
2617 5565 2691 5631 ὤς
2720 5568 2783 5637 (Β
2813 5565 2963 5637 ὡσεὶ)
2988 5608 3000 5620 .
3023 5605 3038 5620 .
3109 5565 3480 5638 γεγενημένου

246 5639 308 5707 (Α
354 5638 801 5708 γενομένους)
843 5640 1012 5694 δεινὸν
1073 5640 1233 5695 πάθοι
1270 5647 1283 5705 (
1365 5640 1664 5708 δεινότερον
1705 5638 1872 5708 πάθῃ)
1898 5678 1914 5701 ,
1968 5638 2053 5689 ἀν.
2110 5638 2219 5690 ἀπὸ
2250 5637 2311 5707 (Α
2336 5642 2470 5707 οηι.)
2518 5656 2571 5691 τ.
2604 5638 2653 5707 β.
2689 5656 2884 5708 συναπ.
2921 5640 3017 5692 σῦν
3048 5639 3167 5691 αύτ.
3199 5639 3267 5708 (A
3297 5656 3345 5691 σ.
3380 5639 3480 5690 αὐτ

246 5655 308 5707 (Α
354 5655 698 5709 γενομενους)
843 5655 1012 5694 οεινον
1073 5655 1233 5695 παυοι
1270 5655 1331 5705 (η
1365 5655 1664 5709 οεινοτερον
1705 5655 1872 5711 πασῃ)
1898 5678 1914 5701 ,
1968 5655 2053 5689 αν.
2110 5655 2219 5690 απο
2250 5655 2311 5707 μ
2336 5655 2470 5707 om.)
2518 5656 2571 5691 τ.
2604 5655 2653 5707 p.
2689 5656 2884 5692 συναπ.
2921 5657 3017 5692 συν
3048 5656 3167 5691 αυτ.
3199 5655 3266 5708 (Α
3297 5656 3345 5691 σ.
3380 5655 3501 5690 αυτ.

246 5708 588 5789 ἐπορεύετο),
628 5710 819 5779 ὐποσχ.
866 5711 1091 5852 ἱΑιιιΜ.
1136 5711 1382 5765 καθελεῖν
1420 5710 1608 5780 ἤγουν)
1669 5709 1825 5762 ἀπολ.
1870 5708 1938 5791 (Α
1993 5708 2118 5761 add.
2158 5707 2359 5777 αὐτοῖς)
2392 5709 2483 5760 τὸν
2655 5706 2746 5764 οὖν
2776 5727 2919 5775 τινες
2978 5709 3058 5780 τῷ
3107 5710 3171 5781 (A
3211 5704 3305 5765 οὖν
3350 5708 3501 5762 τοῦτο

249 5780 395 5852 αὐτῷ
436 5783 533 5852 τῳ)
555 5819 567 5834 .
591 5820 639 5834 ..
673 5779 738 5832 δι’
769 5782 833 5851 ἢν
904 5789 927 5837 ι
967 5783 1090 5837 add.
1128 5786 1156 5837 6
1204 5780 1564 5852 ἀνθύπατος).
1591 5820 1603 5835 .
1628 5820 1640 5835 .
1687 5796 2076 5852 παραγινονται
2108 5778 2473 5851 (Α-ογίνεται).
3257 5840 3260 5844 ,

1687 5778 2076 5852 παραγίνονται
2108 5778 2176 5851 (Α
2194 5778 2473 5851 quant).

246 5639 308 5707 (A
354 5638 801 5709 γενομένους)...
843 5638 1012 5694 δεινὸν
1073 5638 1233 5695 πάθοι
1270 5647 1283 5705 (

180 5830 193 5839 ,
249 5780 395 5853 αὐτῷ
436 5780 533 5853 τῷ)
555 5819 567 5834 .
591 5820 639 5834 ..
673 5779 738 5832 δι’
769 5782 833 5851 ἢν
867 5779 927 5852 (ι
967 5783 1090 5837 add.
1128 5786 1156 5837 6
1204 5779 1564 5853 ἀνθύπατος).
1591 5820 1603 5835 .
1628 5820 1640 5835 .

2980 5498 3118 5551 διαν.
3160 5497 3507 5568 ἀνεχώρησεν

3315 5569 3507 5638 μένους

3095 5585 3306 5653 ,Υεῖεὲθη

2655 5706 2746 5764 οὖν
2776 5727 2919 5775 τινες
2978 5709 3058 5780 τῷ
3107 5710 3171 5781 (A
3209 5704 3305 5765 οὖν
3350 5708 3510 5762 τοῦτο
