4040 6326
562 412 699 468 i279

1999 404 2223 460 ADDEN
2233 403 2343 459 DA.

3628 410 3736 469 1980

558 523 1164 592 αὑτούς.“Εξεταζέσθω
1207 522 1277 576 δὲ
1320 520 1575 591 ἀκριϐῶς
1619 524 1653 577 ὁ
1700 522 1917 591 τρόπος
1965 524 2059 576 καὶ
2102 524 2131 575 6
2158 540 2206 596 Α
2232 522 2402 577 nam.
2439 520 2815 592 διατάσσομεν
2844 518 3176 592 ἐργάζεσθαι
3226 519 3365 587 τοὺς
3409 520 3580 588 λαοὺς
3613 525 3740 579 πέντε

561 621 696 693 βίος,
727 620 823 673 καὶ
853 619 903 671 εί
932 616 1107 670 δοῦλοί
1137 616 1275 669 εἰσιν
1308 614 1341 685 ἢ
1379 614 1669 686 ἐλεύθεροι.
1743 614 1797 666 2.
1838 614 1948 668 Καὶ
1973 614 2065 667 ἐάν

558 730 649 780 τις
678 711 879 773 δοῦλος,
916 707 1210 783 ἐρωτάσθω
1248 709 1280 761 ὁ
1312 705 1616 773 δεσπότης
1647 705 1811 759 αὐτοῦ
1843 707 1892 759 εί
1929 723 2134 776 μαρτυ-

561 807 647 878 ρεῖ
702 802 880 872 αὐτῷ·
930 803 979 854 εί
1025 800 1081 853 δὲ
1136 798 1232 871 μὴ,
1280 798 1682 865 ἀποϐαλέσθω,
1712 798 1818 861 ἓως
1863 797 1928 851 ἂν
1962 797 2134 861 ἄξιον

558 894 779 951 ἑαυτὸν
810 891 1052 965 ἐπιδείξῃ
1079 888 1157 961 τῷ
1188 888 1454 962 δεσπότῃο
1494 890 1544 942 εί
1583 888 1640 942 δὲ
1668 890 1932 959 μαρτυρεῖ
1963 884 2133 958 αὐτῷ,

560 985 956 1062 προσδεχέσθω.
988 982 1253 1038 Ἑθνικοῦ
1304 982 1538 1049 οἰκέτης
1582 978 1914 1034 διδασκέσθω
1952 979 2135 1050 εὐαρε-

560 1084 706 1137 στεῖν
737 1080 813 1151 τῷ
843 1077 1095 1151 δεσπότῃ,
1122 1076 1209 1129 ἵνα
1243 1075 1315 1146 μὴ
1345 1072 1744 1145 βλασφημεῖται
1775 1075 1802 1126 6
1827 1073 2002 1140 λόγος.
2075 1072 2129 1127 5.

559 1175 623 1228 Εἰ
661 1173 758 1246 μὲν
790 1168 883 1225 οὖν
910 1170 1023 1241 ἕχει
1055 1170 1287 1239 γυναῖκα
1321 1167 1355 1238 ἢ
1398 1168 1431 1237 ἡ
1472 1166 1608 1237 γυνὴ
1655 1165 1842 1236 ἄνδρα,
1888 1162 2134 1217 διδασκέ-
2237 1210 2250 1223 ,
2289 1208 2303 1222 ,
2345 1208 2358 1221 ,

562 1268 776 1323 σθωσαν
828 1261 1109 1337 ἀρκεῖσθαι
1153 1261 1392 1322 ἑαυτοῖς-ν
1430 1260 1479 1311 εἰ
1519 1257 1575 1310 δὲ
1607 1256 1809 1327 ἄγαμοί
1841 1256 1969 1318 είσι,
2008 1272 2134 1325 μαν-

561 1357 867 1411 θανέτωσαν
903 1353 976 1425 μὴ
1005 1348 1307 1422 πορνεύειν,
1329 1346 1462 1402 ἀλλὰ
1482 1349 1679 1417 γαμεῖν
1708 1348 1764 1399 ἐν
1796 1345 1964 1416 νόμῳ.
1993 1345 2056 1396 Ei
2077 1344 2133 1397 δὲ

559 1450 588 1504 6
622 1447 885 1516 δεσπότης
915 1442 1079 1497 αὑτοῦ
1120 1442 1307 1503 πιστὸς
1333 1438 1406 1492 ὢν
1439 1438 1533 1492 καὶ
1565 1436 1718 1501 εἰδὼς
1745 1439 1825 1491 ὅτι
1859 1435 2129 1508 πορνεύει,

559 1540 619 1594 οὐ
645 1539 858 1593 δίδωσιν
898 1534 1046 1606 αὐτῷ
1086 1535 1319 1603 γυναῖκα
1348 1532 1381 1603 ἢ
1414 1533 1481 1602 τῇ
1514 1531 1734 1598 γυναικὶ
1774 1528 1961 1601 ἄνδρα,
2001 1529 2133 1596 ἀφο-

564 1632 935 1705 ριζέσθωσαν.
1010 1628 1065 1680 4.
1118 1626 1241 1679 Ἑάν
1289 1624 1449 1695 (ϐοὶ.
1492 1621 1620 1679 add.
1652 1621 1747 1694 δέ)
1795 1639 1879 1684 τις
1905 1620 2133 1690 δαίμονα

560 1725 681 1796 ἔχῃ,
710 1718 1041 1776 διδασκέσθω
1078 1717 1177 1790 μὲν
1210 1716 1309 1786 τὴν
1333 1713 1632 1779 εὐσέϐειαν,
1661 1712 1736 1785 μὴ
1760 1711 2135 1785 προσδεχέσθω

556 1817 614 1872 δὲ
656 1816 735 1878 είς
768 1812 1051 1868 κοινωνίαν
1096 1810 1224 1880 πρὶν
1258 1808 1324 1861 ἂν
1356 1806 1689 1880 καθαρισθῇ·
1732 1807 1780 1859 εί
1815 1805 1872 1859 δὲ
1909 1803 2134 1867 Θάνατος

560 1906 898 1974 κατεπείγει,
938 1898 1336 1973 προσδεχέσθω.
1414 1898 1465 1953 5.
1506 1896 1574 1950 Εἴ
1620 1914 1705 1960 τις
1732 1894 2130 1997 ,πορνοϐοσκδςν
2165 1926 2209 1988 Β
2235 1892 2391 1997 ’π

559 2001 594 2073 ἢ
632 1997 926 2052 παυσάσθω
956 1994 1106 2066 (ϐοὶ.
1136 1993 1260 2048 add.
1290 1991 1404 2062 τοῦ)
1435 1988 1832 2063 μαστροπεύειν
1860 1988 1893 2060 ἦ
1924 1988 2134 2041 ἀποϐα-

561 2093 760 2149 λέσθω
795 2093 1135 2160 (sequuntur
1159 2086 1312 2157 plura
1346 2084 1487 2154 apud
1512 2082 1686 2154 Cut.).
1726 2080 1845 2135 Τῶν
1877 2081 1969 2134 ἐπὶ
2004 2096 2139 2151 σκη-

561 2184 659 2255 νῆς
691 2182 785 2235 ἐάν
818 2198 900 2245 τις
933 2178 1160 2252 προσείη
1193 2177 1352 2246 (sic)
1381 2175 1517 2247 ἀνὴρ
1550 2175 1583 2245 ἢ
1633 2174 1769 2245 γυνὴ
1799 2174 1832 2245 ἢ
1863 2171 2073 2244 ἡνίοχος
2101 2169 2135 2242 ἢ

564 2274 870 2348 μονομάχος
917 2272 951 2343 ἥ
1008 2269 1384 2340 σταδιοδρόμος
1413 2267 1446 2339 ἢ
1477 2264 1873 2337 λουδεμπιστὴς
1929 2263 2132 2336 (codex

560 2366 750 2439 -πῆς)
785 2365 818 2435 ἢ
846 2361 1143 2431 ὀλυμπικδς
1180 2361 1212 2431 ἢ
1243 2358 1512 2432 χοραύλης
1553 2357 1587 2428 ἢ
1635 2353 1951 2427 κιθαριστὴς
1981 2354 2134 2424 (seq.

562 2460 671 2515 alia
703 2456 845 2529 apud
873 2454 1032 2525 ϐοὶ.)
1064 2453 1096 2525 ἢ
1129 2454 1396 2521 αὔλησιν
1432 2447 1891 2519 ἐπιδεικνύμενος,
1925 2445 1958 2515 ἢ
2000 2461 2138 2498 παυ-

563 2550 849 2606 σάσθωσαν
889 2547 922 2617 ἢ
968 2544 1467 2599 ἀποϐαλέσθωσαν.
1510 2542 1561 2596 6.
1601 2538 1942 2612 Στρατιὼτης
1972 2554 2138 2608 προσ-

566 2643 659 2699 ιὼν
689 2639 1020 2697 διδασκέσθω
1050 2637 1124 2709 ph
1160 2636 1392 2700 ἀδικεῖν,
1444 2635 1519 2707 μὴ
1555 2634 1923 2702 συκοφαντεῖν,
1948 2632 2136 2701 ἀρκεῖ-

564 2735 689 2789 σθαι
716 2733 772 2787 δὲ
792 2735 903 2796 τοῖς
930 2728 1226 2801 διδομένοις
1248 2726 1496 2798 ὀψωνίοις
1514 2744 1529 2759 ι
1561 2724 1880 2795 πειθόμενος
1908 2721 2136 2805 προεῖδε-

564 2821 764 2895 χέσθω,
797 2817 1090 2886 ἀντιλέγων
1118 2816 1175 2870 δὲ
1204 2812 2020 2886 ἀποϐαλέσθω.Ἀρῤητοποιὸς,
2050 2810 2138 2866 κί-

562 2913 759 2977 ναιδος,
796 2910 949 2982 βλὰξ,
987 2909 1178 2980 μάγος,
1200 2906 1560 2983 ὀχλαγωγὸς,
1586 2904 1881 2972 ἐπαοιδός,
1915 2902 2135 2969 λῶταξ,

564 3004 922 3078 περιάμματα
955 2999 1144 3064 ποιῶν,
1171 2998 1474 3067 οίωνιστὴς,
1506 2995 1977 3068 συμϐολοδείκτης,
2003 2992 2140 3047 παλ-

570 3094 685 3168 μῶν
717 3093 1010 3167 ἑρμηνεὺς,
1042 3089 1440 3160 φυλαττόμενος
1493 3088 1549 3140 ἐν
1602 3085 1918 3156 συναντήσει
1960 3083 2140 3148 λωϐἀς

2231 612 2465 684 ἡμέρας,
2503 612 2658 665 σά66.
2686 612 2743 666 δὲ
2781 629 2837 667 κ.
2871 628 2996 682 κυρ.
3035 609 3435 681 σχολαζέτωσαν
3475 612 3612 683 (ϐοὶ.
3644 616 3742 672 add.

2234 707 2331 779 ἐν)
2377 709 2443 778 τῇ
2488 706 2751 778 ἐκκλησίᾳ
2786 745 2800 758 .
2832 746 2847 761 .
2878 744 2893 759 .
2942 706 3230 776 δημιουργ.
3264 706 3479 772 τρόπον
3503 706 3626 777 ἔχειν
3658 751 3670 764 .
3697 749 3709 763 .
3732 752 3743 763 .

2230 799 2284 853 2.
2326 800 2438 871 Thv
2469 838 2482 852 .
2521 835 2535 851 .
2574 838 2587 850 .
2619 800 2648 852 6
2681 799 3039 870 συγχωρήσας
3088 795 3249 867 (ϐοὶ.
3279 796 3401 852 add.
3433 796 3504 869 ἦ)
3542 800 3625 853 καὶ
3650 802 3747 854 ἀνα-

2235 892 2439 962 στήσας
2477 930 2491 946 .
2528 929 2542 945 .
2575 931 2590 944 .
2626 890 2931 963 πνεύματος
2967 888 3066 960 τὴν
3090 887 3371 944 δοθεῖσαν
3421 927 3436 942 .
3469 927 3483 943 .
3518 929 3532 943 .
3571 893 3620 944 ἐν
3641 893 3746 964 αὐτῇ

2233 986 2378 1055 (ϐοὶ.
2408 986 2533 1039 add.
2561 984 2680 1057 τὴν)
2716 983 3117 1057 ἀπροσδόκητον
3142 982 3306 1055 χάριν
3330 981 3449 1049 τοῖς
3474 983 3749 1051 ἀνθρώποις

2232 1076 2512 1133 δεδόσθαι
2547 1119 2560 1132 .
2592 1116 2607 1133 .
2637 1117 2649 1130 .
2684 1076 2839 1146 λόγον
2872 1074 3013 1147 (ϐοὶ.
3052 1074 3179 1130 add.
3228 1072 3431 1145 Ἰησοῦν
3456 1075 3677 1144 Χριστὸν)
3700 1079 3749 1128 ἐκ

2398 1167 2498 1239 τὴν
2552 1167 2660 1222 τῶν
2713 1166 2897 1236 ἁγίων
2944 1165 3278 1235 θεοφανίων
3327 1164 3509 1237 ἑορτὴν
3552 1205 3565 1219 .
3598 1204 3649 1221 ..
3705 1167 3747 1222 3.

2237 1261 2348 1326 Τάς
2380 1260 2598 1332 ἡμέρας
2631 1299 2644 1312 .
2679 1300 2696 1317 .
2736 1298 2749 1311 .
2789 1254 3027 1329 ἠξίωσαν
3055 1258 3251 1328 ἁγίου.

2299 1394 2542 1462 xxxw,
2571 1395 2597 1451 ι
2632 1394 2763 1468 (68).
2804 1393 2984 1466 Εὐχὰς
3014 1394 3159 1447 ἐπιτ.
3194 1393 3412 1462 ὅρθρως
3440 1390 3618 1461 «Mn

2231 1487 2391 1561 τρίτῃ
2431 1503 2493 1541 τε
2524 1488 2617 1540 καὶ
2647 1488 2780 1559 ἕκτῃ
2825 1504 2879 1540 κ.
2926 1488 3034 1541 ἐνν.
3075 1484 3171 1539 καὶ
3204 1484 3447 1553 ἑσπέρας
3474 1482 3558 1536 καὶ
3583 1484 3755 1536 ἀλεκτο-

2234 1580 2788 1652 ροφωνίας.”ορθρου
2838 1580 2937 1651 μὲν
2988 1578 3154 1651 (ϐοὶ.
3193 1576 3318 1634 add.
3348 1572 3754 1647 εὐχαριστοῦντες)

2230 1670 2314 1722 δτι
2342 1671 2431 1739 ἐφ.
2458 1671 2605 1741 ἡμᾶς
2637 1670 2796 1741 (ϐοὶ.
2830 1672 2977 1742 ὑμῖν,
3009 1684 3119 1724 non
3144 1667 3272 1739 Ue.)
3304 1709 3319 1723 .
3357 1705 3371 1720 .
3410 1706 3424 1720 .
3455 1665 3679 1719 νύκταν.
3707 1705 3752 1719 ..

2232 1758 2314 1814 ὅτι
2345 1763 2403 1814 ἐν
2433 1760 2588 1831 αὐτῇ
2618 1763 2926 1832 ἀπόφασιν
2946 1760 3066 1817 ἀπὸ
3097 1760 3329 1815 Πιλάτου
3354 1756 3535 1813 ἐλαϐεν
3559 1757 3755 1828 ὁΚύριος

2285 1890 2300 1906 .
2338 1891 2352 1906 .
2401 1852 2717 1926 ἐσταυρώθη
2751 1857 2784 1907 ό
2812 1854 3098 1923 Χριστόςο
3138 1851 3338 1924 ἐννάτῃ
3372 1850 3523 1921 (ϐοὶ.
3555 1848 3661 1902 add.
3685 1848 3755 1918 δέ)

2393 1942 2526 1998 άντα
2555 1944 2848 2015 ἐκεκίνητο
2893 1983 2908 1998 .
2946 1982 2962 1998 .
2998 1982 3014 1999 .
3056 1942 3145 2014 ἐφ’
3179 1943 3439 2012 ἑσπέρας
3479 1941 3532 1995 δέ
3574 1941 3672 2012 εὐχ.
3694 1942 3754 1994 ὅτι

2236 2033 2369 2104 ἡμῖν
2401 2032 2545 2104 (ϐοὶ.
2577 2032 2726 2104 ὑμῖν,
2753 2031 2853 2090 Ue.
2883 2030 3018 2103 om.)
3038 2032 3265 2087 ἔδωκεν
3296 2029 3621 2086 ἀνάπαυσιν
3643 2026 3753 2097 (ϐοὶ.

2235 2123 2361 2179 add.
2393 2124 2541 2196 τῶν)
2573 2124 2957 2197 καθημερινῶν
3013 2164 3026 2179 .
3055 2162 3072 2179 .
3101 2165 3116 2181 .
3168 2122 3281 2193 τῆς
3324 2120 3623 2193 παρουσίας
3665 2160 3677 2173 .
3705 2157 3752 2173 ..

2234 2216 2290 2272 2.
2330 2218 2394 2271 Εί
2429 2217 2504 2290 μὴ
2538 2258 2554 2274 .
2593 2259 2607 2273 .
2640 2258 2653 2271 .
2688 2217 2989 2286 προσιέναι
3035 2254 3051 2273 .
3082 2253 3098 2270 .
3133 2254 3151 2271 .
3199 2214 3469 2286 φευκτέος
3498 2252 3513 2266 .
3543 2250 3555 2265 .
3583 2251 3597 2266 .
3625 2211 3755 2274 οὕτως

2235 2308 2336 2364 καί
2364 2311 2414 2362 οἱ
2448 2311 2662 2379 ἐναγεῖς
2702 2308 3023 2381 μιαίνουσιν.
3098 2308 3155 2363 5.
3210 2307 3274 2361 Et
3319 2306 3386 2360 δὲ
3424 2307 3549 2378 μήτε
3575 2306 3626 2357 ἐν
3652 2303 3758 2374 οίκῳ

2235 2400 2354 2471 ἅμα
2391 2401 2525 2474 μήτε
2557 2402 2615 2455 ἐν
2642 2401 2795 2454 ἐκκλ.
2830 2399 2974 2473 (ϐοὶ.
3006 2398 3131 2455 add.
3169 2397 3616 2470 συναθροισθῆναι)
3640 2397 3757 2449 δυνα-

2234 2494 2346 2559 τὸν,
2387 2494 2618 2557 ἕκαστος
2659 2493 2821 2565 (ϐοὶ.
2859 2492 2987 2549 add.
3022 2491 3178 2565 παρ’)
3214 2490 3391 2562 ἐαυτῷ
3419 2489 3641 2561 ψαλλέτω
3665 2528 3676 2542 .
3706 2528 3718 2541 .
3741 2527 3753 2545 .

2236 2584 2332 2641 ἐὰν
2363 2579 2463 2642 ὦσι
2496 2586 2595 2658 (ita
2620 2595 2767 2642 recte
2797 2586 2961 2643 etiam
2996 2585 3093 2643 Ue.
3123 2594 3320 2642 contra
3352 2584 3465 2639 ϐοὶ.
3491 2582 3605 2655 eis!)
3630 2582 3755 2653 φησὶν

2236 2677 2267 2730 6
2294 2676 2497 2752 Κύριος
2538 2677 2709 2757 (item
2734 2677 2862 2744 Ue.,
2887 2679 3008 2736 Cot.
3044 2679 3186 2750 om.)
3238 2718 3253 2731 .
3286 2720 3301 2734 .
3330 2717 3344 2732 .
3416 2676 3466 2731 4.
3521 2716 3535 2732 .
3560 2713 3576 2729 .
3607 2713 3620 2728 .
3664 2672 3753 2727 κατ’

2236 2764 2344 2826 οῒκ.
2378 2770 2761 2845 προσευχέσθω
2787 2771 2878 2845 (ab
2906 2772 3011 2828 hoc
3035 2789 3303 2844 προσευχ.
3336 2771 3508 2828 scriba
3532 2764 3756 2825 transiluit

2239 2863 2305 2918 ad
2361 2863 2635 2933 alterum)
2673 2900 2690 2918 .
2726 2905 2741 2920 .
2779 2902 2796 2918 .
2882 2864 2936 2920 5.
2975 2902 2991 2918 .
3022 2903 3037 2918 .
3075 2905 3090 2919 .
3117 2863 3333 2929 δούλοις
3363 2863 3470 2936 (ita
3503 2868 3634 2917 recte
3659 2857 3751 2923 Ue.,

2237 2951 2359 3009 ϐοὶ.
2393 2952 2589 3025 δοῦλοι)
2622 2991 2638 3007 .
2665 2992 2681 3007 .
2715 2991 2731 3007 .
2762 2952 3274 3011 ἀποϐαλέσθωσαν.
3305 2951 3423 3009 Iam
3451 2952 3666 3023 sequitur
3684 2963 3753 3003 ca-

2238 3051 2336 3115 put
2357 3060 2491 3111 ml,
2520 3045 2671 3100 nullo
2687 3045 2848 3102 titulo
2876 3053 2972 3100 aut
2996 3053 3125 3102 nota
3164 3046 3501 3117 interposita.
3517 3041 3754 3100 Ἑπιτελεί-

2240 3136 2351 3191 σθω
2373 3135 2667 3209 (Cot._add.
2697 3136 2773 3209 δὲ)
2799 3137 2957 3210 τρίτα
2991 3176 3007 3193 .
3025 3177 3041 3193 .
3062 3176 3076 3195 .
3108 3139 3174 3195 ἐν
3202 3139 3376 3211 ψαλμ.
3393 3139 3527 3209 (ϐοὶ.
3553 3138 3660 3193 add.
3682 3135 3754 3189 καὶ

566 3186 690 3259 (sic)
722 3185 895 3256 ὄψεων
926 3184 961 3255 ἢ
996 3182 1170 3235 ποδῶν
1195 3181 1228 3252 ἢ
1257 3180 1482 3251 ὀρνίθων
1513 3177 1546 3249 ἢ
1580 3175 1760 3246 γαλῶν
1797 3175 1830 3248 ἦ
1866 3176 2137 3248 ἐπιφωνή-

567 3225 706 3331 ὶεωε
736 3225 787 3347 ί
799 3225 1277 3347 παραέεροαμάτῶν
1292 3225 1669 3341 “meo.
1703 3225 1879 3337 κράέιρ
1909 3225 2134 3338 δοξαμοί-
2162 3276 2205 3337 ο
2238 3225 3209 3347 Ῐῖατῗῗῗίῗῖἷῗι)ηἶὶἶῖςῗ⁹ἓῗ¹ἒῖᾇ⁰ῗῖῖζ.
3233 3228 3327 3347 ’ξοὲ
3351 3226 3657 3347 rem:

2238 3317 2332 3374 ὑπ.
2370 3318 2557 3390 μνείας
2589 3317 2789 3375 αὐτῶν
2821 3318 3046 3376 διδόσθω
3067 3322 3133 3376 ἐκ
3157 3338 3213 3377 τ.
3248 3320 3343 3376 ὑπ.
3376 3320 3565 3390 αὐτοῖς
3590 3321 3657 3385 είς
3684 3321 3750 3375 ἀν.

2237 3408 2455 3464 αὐτῶν.

2317 3544 2499 3613 XLIII,
2528 3546 2714 3615 XLIV,
2745 3549 2798 3605 1.
2857 3549 2948 3604 Ἐν
2997 3548 3055 3604 δὲ
3093 3553 3221 3616 ταῖς
3249 3549 3504 3622 μνήμαις
3535 3590 3549 3606 .
3571 3584 3590 3605 .
3616 3590 3628 3603 .
3658 3562 3755 3617 πρε·

2239 3640 2489 3713 σὸύτεροι
2511 3642 2621 3711 γὰρ
2651 3679 2668 3696 .
2694 3678 2710 3698 .
2748 3683 2762 3699 .
2792 3641 2940 3713 λέγει
2959 3643 3071 3716 γὰρ
3092 3683 3108 3699 .
3136 3683 3154 3700 .
3192 3684 3208 3700 .
3242 3640 3384 3699 οἶνον
3409 3644 3543 3716 (ϐοὶ.
3569 3641 3673 3697 add.
3692 3639 3751 3709 δὲ)

566 3368 878 3434 ζέσθωσανο
933 3364 1284 3425 δυσέκνιπτος
1334 3400 1349 3413 .
1386 3399 1400 3414 .
1434 3400 1448 3416 .
1502 3358 2002 3413 ἀποϐαλέσθωσαν.
2078 3356 2133 3411 7.

565 3460 823 3532 Παλλακὴ
859 3498 874 3513 .
900 3498 915 3512 .
944 3496 958 3512 .
992 3454 1368 3512 ἀπώαλέσθω
1404 3492 1417 3507 .
1446 3492 1460 3507 .
1489 3492 1502 3507 .
1539 3454 1588 3507 εί
1619 3453 1715 3524 μὲν
1746 3450 1936 3521 δούλη
1966 3450 2138 3505 ἐστίν

570 3594 585 3609 .
626 3593 641 3608 .
680 3593 694 3607 .
726 3554 774 3606 εἰ
803 3552 859 3606 δὲ
892 3547 1177 3618 ἐλευθέρα,
1200 3546 1445 3617 γαμείτω
1472 3585 1484 3599 .
1523 3584 1538 3599 .
1577 3583 1593 3599 .
1626 3546 1654 3599 6
1688 3544 1816 3615 (pro
1843 3542 1921 3614 εἰ)
1946 3543 2003 3596 δὲ
2039 3540 2134 3615 ph,

566 3634 965 3701 ὰπδϐᾰςιίέσθω.
1037 3640 1089 3696 8.
1144 3639 1473 3710 Ἑλληνικοῖς
1527 3678 1540 3690 .
1575 3677 1587 3692 .
1630 3677 1643 3690 .
1701 3634 2134 3709 μετατιθέσθωῆ

565 3736 945 3792 ἀποϐαλέσθω
978 3774 993 3788 .
1024 3772 1038 3787 .
1070 3771 1083 3787 .
1128 3730 1548 3803 ίπποδρομικοῖς
1577 3730 1807 3801 ἀγῶσιν
1849 3769 1864 3783 .
1897 3768 1908 3782 .
1937 3768 1953 3783 .
2001 3728 2136 3781 ἀπο-
2243 3726 2318 3799 μὴ
2347 3764 2363 3780 .
2398 3765 2412 3780 .
2445 3766 2460 3783 .
2498 3727 2558 3780 οὐ
2594 3727 2747 3799 (ϐοὶ.
2781 3730 2905 3786 add.
2944 3732 3054 3805 ph)
3097 3731 3364 3788 δύνωνται
3392 3772 3406 3788 .
3435 3774 3449 3788 .
3483 3772 3498 3789 .
3530 3730 3648 3804 μετά
3673 3729 3754 3783 τὸν

566 3828 857 3885 ϐαλέσθω.
933 3826 986 3881 9.
1029 3824 1086 3880 '0
1119 3824 1323 3896 μέλλων
1359 3861 1374 3876 .
1397 3861 1412 3876 .
1435 3862 1447 3875 .
1476 3821 1686 3877 εὔνοιαν
1717 3821 1906 3892 (codex
1928 3818 2133 3891 ἄνοιαν)
2239 3820 2370 3875 Θεὸν
2424 3862 2441 3879 .
2479 3860 2492 3875 .
2530 3860 2544 3876 .
2599 3822 2699 3895 οὐχ
2746 3823 2833 3879 ἵνα
2881 3824 2957 3898 ph
3002 3827 3227 3883 πίωσιν
3248 3847 3262 3860 ·
3294 3828 3425 3893 ὅλως
3450 3827 3549 3901 γάρ
3570 3829 3655 3881 οὐκ
3678 3827 3753 3897 (ila

565 3922 666 3994 ἔχῃ
698 3921 838 3991 (ϐοὶ.
867 3918 991 3973 add.
1026 3915 1154 3988 περ).
1178 3914 1237 3967 τὸ
1262 3911 1515 3985 πρᾶγμα)
1549 3951 1563 3965 .
1597 3953 1612 3967 .
1651 3952 1666 3967 .
1744 3911 1829 3966 10.
1873 3950 1888 3965 .
1922 3949 1938 3965 .
1973 3947 1989 3964 .
2016 3909 2134 3963 λαῖ-

565 4014 661 4079 κὸς
688 4013 792 4083 εἴη.
870 4011 957 4065 11.
997 4010 1114 4073 Πᾶς
1146 4006 1334 4071 πιστὸς
1367 4046 1380 4061 .
1406 4043 1422 4059 .
1448 4045 1461 4058 .
1487 4006 1594 4079 πρὸ
1623 4004 1717 4059 τοῦ
1743 4005 1807 4058 τὸ
1831 4002 1990 4075 ἔργον
2016 4002 2137 4072 χεῖ-

560 4120 675 4172 ρον
725 4099 1029 4156 ἐπιτελέσαι
1083 4138 1098 4153 .
1135 4136 1151 4153 .
1188 4137 1204 4154 .
1255 4099 1303 4151 εί
1347 4097 1404 4151 δέ
1436 4114 1517 4161 τις
1548 4097 1730 4167 λόγος
1763 4094 2137 4167 κατηχήσεως

568 4196 810 4267 γίνεται,
845 4192 1337 4267 προτιμησάτωσαν
1368 4230 1383 4245 .
1421 4231 1434 4244 .
1474 4229 1490 4245 .
1535 4189 1834 4255 εὐσεϐείας.
1911 4189 2000 4243 12.
2037 4191 2139 4244 Πι-

566 4286 713 4354 στὸς
746 4288 779 4359 ἢ
812 4286 979 4358 πιστὴ
1002 4326 1015 4341 .
1054 4323 1070 4338 .
1109 4326 1122 4340 .
1156 4283 1461 4347 ἐπιστολαῖς
1486 4281 1857 4352 διετάξαμεν.

2239 3914 2402 3969 etiam
2436 3912 2560 3981 Ue.,
2591 3914 2711 3973 ϐοὶ.
2744 3917 2874 3990 καί)
2907 3958 2922 3973 .
2952 3957 2967 3973 .
2996 3961 3011 3976 .
3043 3920 3119 3993 μὴ
3152 3922 3352 3977 πίνειν
3380 3917 3512 3977 οἶνον
3541 3922 3613 3985 είς
3656 3958 3669 3975 .
3697 3958 3708 3972 .
3739 3956 3751 3972 .

2239 4004 2349 4061 τοῦ
2380 4005 2632 4078 μεθύσου.
2705 4008 2763 4063 2.
2801 4049 2816 4064 .
2851 4051 2865 4064 .
2903 4050 2918 4065 .
2959 4011 3030 4065 τὸ
3060 4012 3234 4085 ὄνομα
3266 4015 3463 4088 Κυρίου
3504 4011 3598 4068 τοῦ
3637 4008 3754 4065 Θεοῦ

2241 4096 2398 4169 ἡμῶν
2437 4098 2567 4170 Ἰησ.
2590 4101 2702 4171 ‘Xp.
2760 4141 2774 4155 .
2804 4141 2818 4157 .
2854 4141 2868 4156 .
2913 4104 3101 4176 εἴρηκε
3132 4105 3251 4161 Τίνι
3292 4147 3307 4161 .
3337 4146 3353 4161 .
3387 4145 3401 4161 .
3434 4106 3493 4159 οὐ
3527 4104 3622 4157 τῶν
3648 4117 3753 4172 χρο-

2239 4186 2348 4249 νιᾷ
2379 4189 2437 4242 ἐν
2464 4190 2592 4261 οϊνῳ
2618 4191 2713 4246 καὶ
2742 4197 3268 4253 κατασιωπώντων
3294 4216 3352 4253 π.
3378 4216 3436 4252 π.
3468 4197 3569 4267 γίν.
3621 4191 3749 4249 XLV.

2244 4322 2259 4337 .
2287 4322 2300 4336 .
2334 4323 2349 4338 .
2402 4284 2733 4353 προσίενται
2779 4326 2793 4342 .
2826 4327 2840 4341 .
2869 4327 2884 4342 .
2942 4288 3027 4359 ἐφ’
3070 4290 3284 4357 ἑαυτοῖς
3333 4331 3349 4347 .
3377 4332 3391 4347 .
3423 4331 3438 4347 .
3514 4287 3674 4350 XLVI,
3712 4286 3750 4339 Ι-

637 4378 960 4450 lnscriptum
1016 4385 1100 4434 est
1155 4378 1362 4449 Πέτρου
1419 4376 1515 4430 καὶ
1564 4374 1777 4429 Παύλου
1816 4374 1926 4429 τῶν
1964 4372 2135 4444 ἀγίων
2245 4374 2426 4429 Τσῦτο
2451 4374 2508 4429 δὲ
2536 4378 2686 4448 κοινῇ
2720 4376 2869 4433 πᾶσι
2904 4419 2919 4433 .
2946 4419 2961 4433 .
2981 4422 2998 4434 .
3027 4382 3093 4453 τῇ
3122 4383 3273 4456 αὐτῷ
3298 4383 3503 4457 δοθείσῃ
3525 4380 3749 4445 τάξει

565 4467 876 4521 ἀποστόλων
901 4464 1140 4531 διάταξις
1163 4464 1294 4535 (67).
2236 4464 2266 4518 6
2301 4465 2513 4521 ἀκούων
2540 4468 2649 4540 γὰρ
2690 4468 2863 4539 ὑμῶν,
2898 4471 3062 4543 φησὶν
3086 4474 3115 4528 6
3140 4474 3363 4549 Κύριος,
3396 4475 3520 4547 ἐμοῦ
3549 4512 3561 4527 .
3590 4513 3603 4527 .
3633 4510 3647 4526 .
3672 4466 3750 4523 και

641 4560 877 4627 xxxul,
909 4561 961 4615 ι.
1013 4558 1154 4629 Ἐγὼ
1213 4557 1419 4629 Πέτρος
1472 4556 1568 4612 και
1615 4557 1775 4629 (Cot.
1824 4557 1948 4613 add.
1998 4555 2130 4627 ἐγὼ)

2235 4558 2264 4612 6
2288 4558 2389 4631 ἐμὲ
2415 4558 2645 4628 ἀθετῶν,
2671 4569 2778 4619 etc.

2168 4699 2237 4712 κ

2134 4806 2271 4893 ΙΙ.

1226 4950 1436 5012 νοτία)
1472 4948 1807 5014 Lectiones
1836 4948 1916 5012 ad
1948 4949 2293 5013 Clementis
2322 4951 2636 5016 Homilias
2680 4960 2742 5019 et
2773 4954 3137 5035 Epitomeu.

607 5187 788 5271 .lntcr
837 5186 990 5273 viros
1035 5185 1227 5244 doctos
1258 5195 1477 5273 constat
1515 5189 1811 5273 meme-niis
1859 5189 2089 5273 Romani
2120 5212 2240 5266 qua:
2283 5194 2930 5273 fer_untur_Hpmiiiar_-um
2977 5195 3629 5273 duo_lantum_-i_1_ucusgue
3663 5202 3741 5273 ςρ·

567 5257 717 5333 ᾆίεεε
772 5258 1054 5333 i_nyent_os_
1072 5274 1235 5333 esse._
1267 5259 1420 5314 Alter
1450 5268 1549 5333 festi
1592 5260 1897 5333 Parisinus,
1946 5264 2012 5318 ad
2039 5257 2198 5321 tinent
2242 5267 2487 5328 mutilus,
2520 5266 2774 5321 desinens
2819 5268 2874 5322 in
2904 5270 3067 5324 verba
3096 5268 3290 5324 Homil.
3321 5264 3456 5332 XIX,
3497 5257 3574 5328 14)
3608 5259 3738 5333 ﬂ”)

565 5330 727 5412 ὀπότδῗ
907 5329 995 5384 θά-
1024 5327 1268 5412 θΐεεδθιο,
1294 5346 1415 5412 pag.
1449 5331 1740 5412 583,12);
1764 5332 1997 5412 Ep_so_lo
2038 5337 2316 5391 nitebatur
2335 5337 2523 5412 _ed_itio
2564 5337 2818 5412 βίκοισι-ἰᾷ
2856 5340 3050 5412 et__qui
3090 5348 3257 5412 totum
3297 5339 3412 5407 ejus
3444 5327 3514 5412 ne
3538 5327 3738 5405 pati-ibus

567 5400 885 5483 agostt‘tﬂicis
907 5415 1044 5479 opus
1077 5400 1419 5483 eruendatius
1442 5402 1657 5483 repetiit
1682 5400 1900 5483 Clerici,
1932 5404 2063 5483 ilern
2090 5422 2294 5476 nupera
2330 5408 2659 5483 Schweglcrj
2672 5408 2869 5483 Aquilio.
2895 5400 3214 5479 Nu'perrime
3232 5400 3409 5462 autem
3440 5400 3564 5483 alter
3587 5412 3739 5483 acces'

567 5470 658 5535 sit,
686 5468 1085 5525 Ottobonianus
1114 5469 1430 5540 Vaticanus,
1462 5468 1530 5528 af)
1558 5472 1783 5529 Aiberto
1812 5474 2026 5530 Dressel
2054 5468 2326 5545 inventus,
2373 5486 2428 5532 et
2464 5468 2610 5532 anno
2632 5477 2772 5534 1855
2803 5479 2871 5535 ad
2900 5468 3095 5536 noi'am
3131 5479 3461 5535 homiliarum
3489 5473 3746 5557 editionem,

629 5623 1066 5706 (Εἵλιξι-οχίιιιιιε
1096 5627 1372 5706 titulus-in
1407 5629 1588 5706 tabuia
1624 5629 1830 5706 (πίναξ)
1860 5639 1944 5688 est
1966 5645 1982 5682 :
2008 5630 2139 5706 περὶ

755 5634 1066 5713 κιςικιιιιιιιιιει
1096 5634 1372 5713 ὶιὶιιιυελη
1407 5634 1588 5713 tab‘uta
1624 5634 1830 5713 (πίναξ)
1860 5639 1944 5688 est
1966 5645 1982 5682 :
2008 5634 2139 5706 περὶ
2312 5634 2426 5708 (68)
2449 5634 2607 5690 Nulla
2630 5635 2805 5692 textui
2830 5636 3116 5709 inscriptio
3140 5634 3421 5708 praeposita
3455 5638 3549 5690 est.

565 5695 657 5747 τοῦ
682 5695 966 5764 φυλάττειν
990 5697 1215 5753 ἕκαστον
1245 5698 1396 5766 τάξιν
1423 5701 1518 5754 καὶ
1542 5695 1901 5772 λειτουργίαν.

628 5851 645 5870 ⁸
668 5850 756 5903 [1:2
776 5856 892 5903 sunt
911 5854 1039 5916 apud
1062 5868 1149 5906 nos
1172 5856 1453 5907 numerales
1476 5861 1607 5908 nota
1630 5856 1761 5920 typis
1777 5857 2121 5923 grandioribus
2143 5870 2395 5923 expressae
2417 5873 2529 5923 qua:
2552 5862 2714 5912 textui
2740 5861 3159 5914 intermisceutur.
3198 5860 3333 5911 Εοιτ.
3360 5858 3498 5909 Pun.

2215 5976 2386 6004 ...ψη-υ..-
