4040 6326
583 282 605 335 1
618 282 720 336 293

1999 278 2244 334 ~ADDEN
2255 278 2361 334 DA.

3615 283 3723 341 1196

579 400 739 467 (1706
766 399 967 473 αύτῶν)
996 398 1104 455 τῶν
1136 380 1287 472 δαιμ.
1319 382 1603 474 είργάζετο
1635 372 1805 474 (1706
1830 401 1985 473 om.)‘
2016 401 2145 455 κὰν-
2177 409 2223 463 Α
2249 400 2359 453 τῶν
2402 399 2732 453 διδασκάλων
2766 396 3170 469 ἀγωνιζομένων
3208 398 3240 469 ἢ
3276 396 3579 470 θλιϐομένων,
3600 403 3655 468 6;
3674 410 3721 461 ὲν

574 494 764 548 τεῦθεν
814 494 877 548 ού
929 496 1088 565 μόνον
1121 496 1307 551 ἐαυτὸν
1346 497 1424 561 εἰς
1466 497 1657 569 ἐτέρας
1696 496 1908 570 μορφάς
1941 496 2151 565 ἀνθρώ-

578 604 696 640 πων
721 605 782 640 τε
816 587 909 641 κοιλ⁵
940 586 1169 657 ἀλόγων,
1199 589 1275 653 ὡς
1316 588 1470 660 ἔφην,
1509 591 1991 662 μετεσχημάτιζεν,
2018 589 2151 643 ἀλλά

577 682 671 733 καὶ
700 680 792 745 οὓς
815 681 1003 753 ήθελεν
1037 682 1207 745 οὕτως
1241 680 1562 737 ἐποίει.Καὶ
1590 682 1721 751 γοῦν
1752 721 1766 734 .
1807 724 1819 736 .
1858 722 1871 735 .
1908 681 2152 753 περιθεὶς

574 771 654 842 τῷ
709 772 922 845 μαθητῇ
972 774 1180 845 Πέτρου
1227 772 1453 845 Φαύστῳ
1480 773 1650 844 (1706
1677 774 1876 826 Φαύστ.
1911 773 1987 843 τῷ
2020 773 2148 843 μαθ.

580 865 699 935 Πέ.)
734 907 748 920 .
785 907 798 920 .
830 907 844 919 .
879 867 1017 938 πρὸς
1043 867 1246 939 Πέτρον
1276 867 1505 922 ἐνώπιον
1530 866 1684 939 ἡμῶν
1722 866 1860 937 έχων
1891 866 1990 937 τὴν
2023 884 2153 937 μορ-

577 956 682 1029 φὴν
711 958 972 1029 Σίμωνος,
1001 961 1093 1013 καὶ
1122 958 1296 1031 (1706
1323 975 1420 1029 pro
1452 959 1679 1013 ἐνώπιον
1712 974 1885 1029 usque
1916 958 2008 1011 καί
2049 957 2150 1011 hn-

576 1048 666 1119 ῦβι
698 1048 981 1121 ἐδιώκετο)
1017 1050 1121 1103 ὑπὸ
1158 1050 1373 1104 πάντων
1406 1050 1790 1121 ἀποσειόμενος
1839 1050 1932 1102 καὶ
1967 1048 2152 1120 μισού-

578 1159 737 1213 μενος
766 1142 925 1214 (1706
959 1158 1068 1199 om.
1109 1143 1268 1197 ἀποσ.
1300 1161 1353 1196 κ.
1391 1142 1528 1214 μισ.)
1564 1142 1650 1196 διά
1673 1160 1723 1195 τ.
1751 1143 1836 1195 ἀν.
1864 1141 2034 1195 εἰδέαν
2055 1140 2148 1192 τοῦ

576 1233 819 1304 Σίμωνος
843 1231 1016 1305 (1706
1044 1234 1184 1289 ίδέαν
1213 1235 1278 1304 ἢν
1313 1234 1645 1307 περιέκειτο)
1675 1233 1950 1305 ἐμϐλέψας
1981 1230 2149 1303 (1706

575 1324 701 1395 add.
734 1326 809 1396 δὲ)
839 1327 867 1379 6
902 1327 997 1380 Πέ.
1046 1368 1058 1381 .
1086 1364 1139 1383 ..
1193 1326 1313 1382 ίδὼν
1350 1326 1508 1399 (1706
1535 1326 1659 1381 add.
1696 1326 1913 1396 τοῦτον)
1949 1324 2148 1376 λυπού-

578 1436 737 1487 μενον
773 1418 863 1471 καὶ
896 1418 1123 1491 δάκρυσι
1156 1420 1506 1491 συνεχόμενον
1537 1419 1639 1490 ἔφη
1678 1460 1691 1471 .
1728 1461 1740 1473 .
1772 1460 1783 1472 .
1828 1414 2148 1489 παραλλαγὴ

576 1508 594 1579 (
614 1508 747 1563 1706
783 1509 1103 1582 ὑπαλλαγὴ)
1138 1551 1151 1563 .
1183 1552 1195 1563 .
1227 1551 1239 1563 .
1271 1510 1456 1580 γέγονε
1496 1510 1584 1563 διὰ
1621 1508 2029 1581 κακομηχανίας
2056 1505 2148 1559 καὶ

574 1600 868 1670 σατανικῆς
896 1603 1140 1665 ἐπινοίας
1168 1600 1261 1655 τοῦ
1296 1603 1486 1674 γόητος
1514 1601 1686 1672 (1706
1714 1616 1821 1655 om.
1854 1597 1942 1652 διὰ
1974 1611 2147 1667 usque

572 1690 765 1763 γόητος
789 1693 841 1763 )’
898 1694 1002 1747 ὑπὸ
1042 1693 1149 1765 γάρ
1198 1693 1473 1764 Καίσαρος
1526 1693 1851 1764 ζητούμενος
1901 1731 1914 1743 .
1953 1731 1964 1743 .
2002 1731 2015 1743 .
2060 1690 2146 1742 ἵνα

2252 492 2374 553 ταῖς
2388 490 2430 542 Π
2442 489 2564 561 ράξε
2573 508 2622 543 σι
2649 490 2757 543 τῶν
2784 488 3093 542 ἀποστόλων
3110 488 3400 559 γέγραπται
3420 492 3493 544 ὅτι
3512 499 3723 569 προσευχὴ

2251 577 2320 651 ἦν
2345 580 2564 652 ἐκτενὴς
2581 579 2842 651 γενομένη
2869 577 3029 649 (1706
3049 576 3247 649 γινομ.)
3268 576 3365 630 ὑπο
3387 577 3477 647 τῆς
3496 579 3728 649 ἐκκλησίας

2254 673 2390 748 ὑπὲρ
2412 674 2504 727 τοῦ
2534 674 2757 745 Πέτρου.
2776 674 2863 736 Ὠς
2886 667 2978 725 οὖν
3005 673 3063 725 ἐν
3085 669 3240 740 (1706
3255 672 3546 743 οῐη.)ἐκείνῃ
3560 676 3613 742 τῇ
3634 674 3732 743 ὴμέ-

2256 783 2323 835 ρᾳ
2363 764 2457 819 τοῦ
2512 765 2776 820 σαϐϐάτου
2811 764 3105 835 γενομένης
3145 763 3245 834 τῆς
3275 762 3491 835 Χριστοῦ
3514 764 3640 834 νίκης
3661 767 3731 819 καὶ

2250 860 2347 929 τῆς
2401 856 2661 921 πτώσεως
2709 858 2800 911 τοῦ
2852 856 3190 929 ἀντιχρίστου
3220 854 3421 925 (codex
3446 854 3589 910 Coisl.
3617 859 3731 910 ἀντι-

2251 950 2529 1022 χρήστου)
2583 950 2841 1021 Σίμωνος,
2887 946 3225 1020 ἐπιφανερῶς
3278 945 3568 1011 (“31706;
3604 946 3730 1006 Cois].

2250 1041 2412 1114 -ροῖς)
2448 1040 2678 1096 σάϐϐασι
2714 1041 2773 1094 τὸ
2804 1040 3141 1112 μνημόσυνον
3173 1038 3495 1101 ἐκτελοῦντες
3532 1039 3733 1110 Ῥωμαῖοι

2249 1131 2563 1204 νηστεύουσι
2607 1134 2702 1187 καὶ
2740 1132 2983 1200 συνάξεις
3013 1131 3243 1203 φαιδράς
3268 1130 3483 1197 ποιοῦσι,
3513 1131 3643 1204 μέχρι
3663 1132 3736 1187 νῦν

2249 1224 2350 1295 τὴν
2381 1224 2675 1297 παράδοσιν
2700 1223 2914 1295 ἐκείνην
2941 1224 3311 1293 φυλάττοντες.
3344 1224 3448 1277 Καὶ
3472 1222 3566 1296 γάρ
3582 1225 3656 1277 καὶ
3672 1224 3738 1278 άλ-

2248 1314 2335 1369 λαι
2349 1317 2491 1380 τινές
2501 1316 2785 1388 ἐκκλησίαι
2807 1317 3035 1387 διάφορα
3056 1315 3539 1386 παραφυλάττουσιν
3557 1315 3653 1387 ἔθη.
3668 1333 3739 1370 κα-

2249 1408 2357 1473 θὼς
2398 1411 2447 1463 οἱ
2492 1409 2589 1473 τάς
2629 1407 3081 1480 ἐκκλησιαπικάς
3111 1406 3343 1479 ἱστορίας
3373 1406 3737 1479 [γραψάμενοιη

2248 1500 2638 1571 ἀνεγράψαντο.
2673 1497 2829 1573 Παρά
2859 1498 3089 1562 Σκύθαις
3125 1498 3221 1569 μὲν
3255 1497 3380 1571 γάρ,
3398 1499 3575 1570 φησὶν,
3600 1499 3739 1551 111:6-

2246 1593 2358 1656 λεις
2403 1594 2572 1646 πᾶσαι
2603 1593 2897 1645 ἐπίσκοπον
2925 1590 3137 1661 ἔχουσιν
3182 1590 3277 1643 ἕνα
3322 1590 3410 1643 καὶ
3440 1590 3596 1659 μόνον.
3621 1589 3739 1659 Παρὰ

2245 1684 2301 1738 δέ
2330 1684 2596 1755 Κυπρίοις
2622 1684 2715 1737 καὶ
2748 1682 2983 1755 Ἄραψιν
3029 1684 3123 1737 καὶ
3169 1682 3228 1735 ἐν
3278 1684 3391 1745 ταῖς
3424 1681 3611 1753 κώμαις
3631 1681 3742 1735 τισίν

572 1748 887 1849 (1706-3110.
914 1784 1031 1855 τοῦ)
1053 1748 1218 1854 ’σύσχ.
1252 1802 1306 1838 κ.
1339 1748 1517 1856 ἀύαίρ.
1535 1748 1645 1837 ,σου
1676 1748 1848 1854 (1706
1877 1781 2021 1852 om.)
2049 1781 2139 1833 λύ-

2248 1748 2773 1846 ἐπίσκοποι.”Ωσπερ
2794 1748 2887 1829 οῦν
2906 1748 3006 1828 καὶ
3027 1773 3181 1846 παρὰ
3200 1776 3311 1838 τοῖς
3334 1775 3389 1827 ἐν
3406 1748 3590 1844 Φρυγίᾳ
3609 1774 3743 1827 Naua-

571 1891 679 1945 πην
709 1914 723 1929 .
762 1915 774 1927 .
808 1915 821 1928 .
856 1874 1157 1930 λαοπλάνου
1187 1876 1343 1947 (1706
1373 1876 1497 1930 add.
1534 1876 1625 1929 καὶ
1666 1874 1858 1947 ἐχθροῦ
1884 1876 1983 1945 τῆς
2013 1872 2145 1941 ἀληδ

571 1965 754 2035 θείας)
782 1966 1023 2037 Σίμωνος
1072 2007 1084 2019 .
1118 2008 1130 2020 .
1164 2008 1177 2021 .
1228 1966 1360 2020 ίδίαν
1395 1984 1486 2019 σου
1537 1966 1709 2041 (1706
1738 1965 1884 2035 om.)
1919 1964 2143 2035 παρέξει

571 2054 730 2123 (1706
761 2054 884 2111 add.
919 2056 1034 2126 σοι)
1063 2057 1275 2128 τάχιον*
1308 2059 1441 2128 ὅπερ
1472 2057 1535 2129 δὴ
1562 2060 1652 2111 καὶ
1688 2058 1705 2128 (
1724 2056 1858 2111 1706
1884 2056 2010 2111 add.
2048 2057 2143 2109 σὺν

566 2145 645 2217 τῷ
670 2146 829 2217 λόγῳ)
863 2148 1082 2217 γέγονεν
1112 2149 1268 2218 (1706
1298 2150 1422 2206 add.
1459 2150 1671 2204 πάντων
1692 2148 1848 2220 ἡμῶν
1877 2148 2139 2218 θεωρούν-

568 2234 729 2309 των).
757 2237 866 2291 Καὶ
896 2236 1066 2291 ταῦτα
1097 2239 1279 2310 μέντοι
1326 2281 1338 2294 .
1377 2281 1390 2293 .
1430 2282 1442 2293 .
1476 2240 1845 2312 γεγράφηκεν,
1875 2239 1951 2302 ὼς
1983 2238 2137 2309 έφην,

568 2327 797 2399 Κλήμης
839 2330 897 2382 ἐν
930 2329 1101 2401 Συρίᾳ
1130 2330 1301 2401 (1706
1325 2346 1433 2387 οιη.
1470 2334 1516 2385 ἐ.
1554 2331 1721 2403 Συρ.)
1767 2331 2019 2403 λεχθῆναι
2048 2332 2141 2384 καί⁵

462 2410 465 2411 ν
564 2417 962 2491 διαπραχθῆναι
987 2420 1146 2491 (1706
1172 2422 1298 2477 add.
1326 2425 1384 2476 ἐν
1413 2424 1587 2494 Συρ.).

647 2512 737 2566 ἐν
769 2513 825 2568 δέ
851 2516 917 2585 τῇ
959 2513 1146 2586 Ῥώμῃ
1177 2515 1313 2585 μετά
1336 2514 1396 2568 τὸ
1429 2556 1441 2567 .
1478 2556 1492 2569 .
1523 2556 1536 2569 .
1573 2516 1648 2580 ώς
1679 2517 1892 2588 εἴρηται
1926 2558 1938 2569 .
1977 2556 1990 2570 .
2023 2558 2035 2570 .
2064 2517 2135 2569 Σὺ

566 2605 701 2678 ἔφης
733 2648 745 2660 .
785 2646 799 2659 .
838 2646 852 2660 .
886 2607 981 2661 καὶ
1005 2606 1125 2660 ἰδὼν
1159 2607 1321 2660 αὑτὸν
1347 2606 1550 2680 Πέτρος
1582 2647 1595 2661 .
1631 2648 1645 2661 .
1677 2649 1689 2661 .
1727 2607 2135 2662 ἀπέθανεν.Τοῦ

566 2696 620 2748 δέ
652 2697 846 2769 μιαροῦ
876 2698 1039 2752 αὐτοῦ
1076 2698 1321 2769 σώματος
1345 2698 1590 2763 τεθέντος
1621 2699 1750 2755 ἔνθα
1788 2700 1882 2755 καὶ
1919 2699 2137 2753 πέπτω-

566 2803 679 2850 κεν,
716 2786 921 2859 ἐκλήθη
947 2790 976 2842 6
1002 2787 1164 2851 τόπος
1194 2788 1375 2841 ἐκτοτε
1410 2785 1670 2860 Σιμώνιον
1704 2788 1876 2860 (1706
1907 2790 1934 2842 6
1965 2789 2021 2843 δὲ
2052 2788 2136 2842 τό·

566 2895 663 2942 πος
696 2878 879 2933 ἔκτοτε
913 2881 941 2933 6
970 2879 1259 2952 δεξάμενος
1291 2880 1453 2935 αὑτοῦ
1503 2880 1563 2934 τὸ
1608 2880 1832 2954 βέϐηλον
1870 2882 1963 2935 καὶ
1988 2899 2134 2952 παμ-

566 2972 759 3043 μίαρον
792 2972 950 3044 σῶμα
973 2972 1175 3057 ἐκλήθη
1205 2972 1522 3045 Σιμώνιον).
1550 2973 1684 3044 Περὶ
1711 2966 1771 3027 οὗ
1801 2972 1894 3027 καὶ
1925 2975 1982 3027 ἐν
2018 2977 2135 3038 ταῖς

563 3062 945 3128 ἀποπολικαίς
982 3063 1285 3129 διατάξεσιν
1311 3064 1420 3135 (72)
1454 3067 1482 3118 ὁ
1510 3064 1669 3139 αὐτὸς
1702 3064 1871 3135 (1706
1901 3067 1929 3118 ὁ
1964 3063 2134 3134 μέγας
2160 3079 2208 3143 C

563 3154 875 3226 ἀπόστολος)
904 3156 1107 3226 Πέτρος
1138 3197 1151 3210 .
1189 3199 1201 3211 .
1231 3197 1243 3210 .
1276 3156 1567 3209 ἐσκύλευσε
1600 3196 1615 3210 .
1642 3196 1654 3208 .
1684 3197 1697 3210 .
1725 3157 2016 3227 ἐμπειρίας
2045 3157 2136 3210 καὶ

564 3244 842 3316 ἐνεργείας
885 3286 897 3299 .
933 3284 948 3301 .
980 3286 993 3299 .
1033 3245 1373 3318 διαστρέφειν
1408 3248 1496 3301 τὸν
1525 3247 1681 3316 λόγον
1714 3247 1874 3316 (1706
1903 3248 2055 3320 λαὸν)
2082 3267 2130 3302 τ.

564 3335 645 3393 Os.
684 3354 927 3410 συμπαρ.
961 3338 1123 3410 (1706
1156 3338 1279 3393 add.
1311 3340 1419 3409 μοι)
1458 3380 1470 3392 .
1499 3380 1512 3393 .
1541 3380 1554 3393 .
1586 3340 1852 3410 Ζαχκαίου
1885 3339 1978 3393 τοῦ
2008 3341 2136 3394 ποτέ

561 3428 792 3482 τελώνου
819 3448 874 3485 κ.
897 3431 1060 3503 Βαρν.
1090 3431 1248 3501 (1706
1270 3431 1393 3486 add.
1421 3432 1513 3486 καὶ
1545 3432 1777 3504 Νικήτα)
1809 3430 2133 3497 καὶἋκύλα,

563 3518 807 3590 ἀδελφῶν
836 3523 1172 3595 Κλήμεντος,
1198 3542 1248 3577 τ.
1280 3524 1449 3595 Ῥωμ.
1481 3524 1651 3595 (1706
1678 3523 1804 3579 add.
1837 3525 2134 3578 ἐπισκόπου

562 3633 619 3668 τε
649 3616 743 3669 καὶ
779 3616 1024 3687 πολίτου)
1078 3658 1093 3671 .
1127 3658 1141 3672 .
1174 3659 1187 3671 .
1239 3618 1536 3688 διαλεχθεὶς
1579 3618 1730 3689 αὐτῷ
1775 3621 1852 3683 είς
1882 3620 1974 3673 τὸν
2006 3620 2134 3692 περὶ

561 3707 653 3760 τοῦ
682 3708 1010 3777 Εὑαγγελίου
1040 3708 1195 3778 λόγον
1226 3710 1321 3763 καὶ
1354 3710 1459 3763 τῶν
1485 3727 1651 3780 προφ.
1680 3712 1773 3765 καὶ
1820 3750 1833 3764 .
1873 3751 1886 3764 .
1918 3752 1931 3764 .
1972 3712 2135 3782 ἡττή-

564 3815 660 3863 σας
694 3799 854 3871 (1706
880 3800 1118 3872 ἦττησα)
1146 3802 1267 3856 αύτ.
1301 3801 1413 3855 δυν.
1442 3803 1535 3855 τοῦ
1568 3803 1772 3873 Κυρίου
1807 3801 1977 3871 (1706
2006 3801 2128 3856 add.

560 3890 717 3962 ήμῶν
761 3893 891 3963 Ἰησ.
920 3892 1049 3965 Χρ.)
1086 3895 1179 3947 καὶ
1222 3895 1303 3959 είς
1336 3895 1430 3963 ἀφ.
1464 3893 1785 3964 καταϐαλὼν
1816 3912 1943 3963 φυγ.
1977 3893 2136 3947 κατέ-

564 3999 759 4056 στησα,
783 3985 862 4049 είς
898 3984 995 4057 τὴν
1044 3986 1272 4041 Ἰταλίαν
1305 4028 1319 4040 .
1349 4027 1362 4040 .
1395 4027 1410 4041 .
1440 3986 1666 4051 πολλοὺς
1690 3986 2008 4058 ἀνατρέπων
2033 4027 2047 4040 .
2078 4027 2091 4040 .
2117 4029 2131 4039 .

561 4072 630 4126 τά
655 4091 714 4127 τε
745 4073 871 4149 ἔθνη
899 4075 1174 4130 ἐκστάνων
1208 4076 1366 4145 (1706
1397 4075 1709 4148 ἐξιστάνων)
1742 4118 1756 4131 .
1792 4118 1806 4131 .
1841 4120 1855 4130 .
1887 4078 2137 4148 ἐνεργείᾳ

563 4165 723 4231 (1706
753 4167 1000 4240 -γείαις)’
1035 4168 1110 4233 ὡς
1145 4168 1306 4239 (1706
1329 4171 1461 4239 om.)
1484 4170 1576 4225 καί
1609 4188 1738 4223 ποτε
1779 4210 1792 4224 .
1826 4211 1840 4223 .
1871 4211 1884 4223 .
1919 4170 2133 4223 πάντων

560 4253 616 4331 δὲ
647 4254 1030 4327 θαυμαζόντων
1059 4297 1074 4313 .
1113 4298 1129 4312 .
1163 4298 1178 4312 .
1214 4259 1318 4314 ὑπὸ
1345 4259 1613 4328 δαιμόνων
1642 4259 1814 4327 (1706
1840 4258 2015 4328 -νίων)
2055 4259 2134 4321 είς

559 4347 684 4410 τοὺς
718 4346 876 4417 (1706
905 4350 1041 4419 om.)
1069 4350 1330 4421 οὐρανοὺς
1361 4390 1374 4403 .
1412 4392 1424 4403 .
1456 4389 1470 4403 .
1504 4351 1923 4421 ἐπιχορηγήσειν
1959 4346 2132 4419 (1706

2246 1869 2444 1929 τιανοῖς
2474 1867 2565 1919 καὶ
2593 1868 2984 1928 Μοντανισταῖς
3006 1865 3100 1920 καὶ
3129 1864 3284 1937 παρὰ
3309 1865 3401 1937 μέν
3424 1868 3485 1935 τῇ
3508 1862 3743 1934 Ἐκκλησία

2256 1956 2472 2029 Ῥώμης
2498 1956 2636 2011 ἐπτά
2672 1959 2828 2029 μόνον
2855 1959 3086 2013 διάκονοι
3111 1959 3348 2028 γίνονται
3366 1977 3380 1989 ·
3409 1958 3546 2030 παρά
3575 1958 3623 2011 δὲ
3645 1960 3743 2011 πᾶσι

2244 2054 2353 2114 τοῖς
2388 2050 2565 2114 ἄλλοις
2600 2051 2885 2123 ἀδιάφορος
2912 2054 2940 2107 6
2964 2052 3170 2105 τούτων
3198 2052 3417 2124 ἀριθμός
3443 2052 3565 2104 ἐστι.
3590 2050 3677 2102 Καὶ
3699 2051 3742 2101 ὲν

2254 2141 2439 2216 Ῥώμῃ
2484 2143 2645 2198 πάλιν
2676 2142 2822 2210 ἅπαξ
2856 2146 2952 2216 μέν
2981 2144 3142 2216 (1706
3168 2144 3299 2215 om.)
3326 2144 3416 2197 τοῦ
3443 2141 3660 2197 ἐνιαυτοῦ
3676 2143 3740 2194 λέ-

2241 2252 2393 2303 γεται
2436 2236 2495 2289 τὸ
2526 2237 2834 2313 ἀλληλούῖα,
2864 2242 2922 2292 ἐν
2947 2241 3013 2311 τῇ
3046 2237 3240 2313 πρώτῃ
3264 2237 3356 2291 τοῦ
3394 2237 3562 2307 πάσχα
3588 2235 3741 2307 ἡμέρᾳ,

2242 2327 2333 2381 καὶ
2371 2328 2543 2393 οὐδεὶς
2571 2331 2657 2383 ἐπ’
2689 2311 2981 2401 ἐκκλησίας
3009 2311 3252 2384 διδάσκει
3285 2330 3432 2395 ποτὲ,
3462 2330 3560 2383 οὐδ’
3578 2326 3745 2389 αύτδςό

2240 2419 2553 2484 ἐπίσκοπος.
2572 2422 2658 2476 Ἐν
2710 2422 2766 2476 δὲ
2808 2422 3183 2494 Ἀλεξανδρείᾳ
3226 2423 3453 2478 διδάσκει
3494 2418 3743 2492 μὲνόἐπί-

2241 2526 2440 2573 σκοπος
2466 2511 2551 2565 ἐπ’
2580 2512 2891 2582 ἐκκλησίας,
2929 2514 3037 2567 τῶν
3082 2512 3142 2568 δὲ
3172 2512 3505 2582 Εὑαγγελίων
3529 2513 3745 2579 ἀναγινω-

2240 2600 2515 2671 σκομένων
2538 2603 2638 2655 οὐκ
2669 2603 2945 2658 ἀνίσταται
2975 2603 3070 2658 τοῦ
3099 2604 3314 2676 θρόνου.
3346 2604 3448 2657 Καὶ⁸
3476 2604 3562 2675 τὴν
3593 2617 3745 2655 τεσσα-

2240 2693 2506 2767 ρακοστὴν
2532 2695 2640 2750 τῶν
2669 2698 2930 2767 νηστειῶν
2957 2702 3005 2752 οί
3039 2701 3139 2771 μὲν
3174 2699 3465 2769 ἑϐδομάδας
3496 2698 3543 2763 ς’
3566 2693 3743 2768 νηστεὺο

2236 2801 2403 2850 ουσιν,
2429 2785 2505 2850 ὡς
2532 2789 2580 2841 οί
2611 2787 2777 2858 (1706
2807 2790 2942 2862 om.)
2975 2791 3032 2843 ἐν
3056 2790 3137 2863 τῷ
3182 2790 3450 2862 Ἰλλυρικῷ
3491 2790 3572 2843 κα)⁵
3607 2784 3741 2855 Λιϐύῃ

2236 2876 2329 2930 καὶ
2355 2876 2614 2949 Αίγύπτῳ
2641 2879 2734 2932 καὶ
2762 2881 2911 2954 πάσῃ
2950 2885 3016 2953 τῇ
3046 2882 3196 2938 δύσει
3228 2886 3322 2937 καὶ
3348 2879 3664 2950 Παλαιστίνῃε
3696 2880 3740 2930 ἐν

2234 2967 2291 3020 δὲ
2326 2967 2484 3036 (1706
2514 2969 2640 3025 add.
2663 2973 2750 3041 τῇ)
2782 2973 3348 3028 Κωνσταντινουπόλει
3376 2974 3466 3027 κα)⁷
3491 2969 3618 3042 πέριξ
3638 2969 3739 3039 ἄχρι

2236 3056 2485 3128 Φοινίκης
2516 3058 2813 3131 ἑϐδομάδας
2858 3062 2903 3126 ζ’
2944 3065 3324 3135 νηστεύουσιν·
3369 3064 3506 3120 ἄλλοι
3547 3063 3590 3116 δὲ
3622 3061 3742 3131 τρεῖς

2241 3147 2407 3216 μόνας
2435 3149 2649 3221 ήμέρας
2682 3153 2738 3205 ἐν
2766 3154 2884 3217 ταῖς
2912 3153 2970 3220 ἐξ
2996 3155 3027 3226 ἢ
3062 3156 3207 3210 ἐπτά
3233 3156 3497 3228 σποράδην
3519 3151 3742 3224 νηστεύου-

2241 3253 2343 3302 σιν,
2375 3238 2550 3311 έτεροι
2576 3240 2632 3294 δέ
2660 3245 2809 3312 τρεῖς
2837 3244 3137 3316 ἑϐδομάδας
3166 3248 3362 3320 ἐφεξῆς
3385 3248 3484 3321 πρὸ
3500 3236 3580 3300 τοῦ
3600 3244 3744 3312 πάσχα

2241 3329 2631 3385 συνάπτουσιν·
2677 3334 2855 3405 (1706
2904 3337 3058 3391 addit
3090 3339 3242 3394 ἄλλοι
3288 3341 3344 3395 δὲ
3390 3339 3582 3402 δύο,ώς
3622 3338 3662 3389 οἱ
3693 3334 3746 3387 τὰ

2237 3421 2516 3476 Μοντανοῦ
2534 3425 2874 3498 φρονοῦντες)
2901 3428 2958 3481 έν
2988 3447 3096 3485 τισι
3122 3431 3181 3485 δέ
3199 3432 3383 3486 πόλεσι
3410 3434 3501 3503 τῆς
3522 3428 3744 3498 Αἰγύπτου

2238 3512 2373 3583 πρὸς
2422 3515 2658 3587 ἑσπέραν
2707 3520 3063 3592 ἠριστηκότες
3123 3524 3235 3577 τῶν
3285 3524 3575 3595 μυστηρίων
3620 3534 3747 3591 μετι-

2237 3603 2587 3675 λαμϐάνουσι.
2616 3608 2726 3662 Καὶ
2769 3611 2939 3665 ταῦτα
2978 3615 3076 3684 μὲν
3119 3619 3150 3670 6
3200 3616 3486 3688 Σωκράτης
3516 3614 3614 3685 (75)
3637 3610 3748 3666 £516-

2241 3713 2401 3769 ρησεν
2449 3698 2525 3764 ὼς
2576 3702 2721 3767 εἰκὸς
2768 3704 2890 3758 τότε
2942 3708 3320 3781 φυλαττόμενα
3365 3710 3556 3763 πάντα’
3598 3705 3675 3758 νῦν
3703 3703 3746 3756 δὲ

2238 3788 2458 3861 πλείστη
2504 3792 2598 3845 καὶ
2638 3794 2777 3847 κατὰ
2813 3797 2977 3867 μέρος
3009 3798 3280 3873 ἐναλλαγὴ
3302 3802 3514 3870 γέγονεν
3543 3801 3594 3852 ὲν
3619 3797 3747 3868 (1706

2236 3879 2369 3951 om.)
2396 3885 2507 3946 τοῖς
2536 3886 2843 3956 εἰρημένοις
2872 3888 3030 3958 (1706
3058 3892 3197 3963 om.)
3225 3893 3415 3947 ἔθεσιν.

2306 3969 2408 4028 Ista
2431 3976 2708 4045 excipiunt
2730 3993 2791 4032 ea
2820 3995 2941 4048 qua:
2972 3983 3113 4051 apud
3138 3983 3445 4042 Cedrenum
3468 3984 3632 4042 statim
3653 3988 3748 4052 post

2235 4065 2502 4138 ἐπίσημον
2559 4070 2751 4139 ἄγουσι
2789 4074 3043 4145 Ῥωμαῖοι
3083 4081 3260 4147 posita
3323 4088 3464 4145 sum,
3492 4079 3553 4132 ad
3612 4078 3748 4131 histu-

2236 4157 2370 4211 riam
2431 4159 2498 4215 de
2563 4161 2785 4220 Simone
2840 4166 2994 4237 Mago
3041 4178 3095 4223 et
3145 4169 3308 4227 Petro
3359 4150 3675 4242 pertinentia.
3704 4166 3751 4217 ’0

2236 4246 2415 4315 μέντοι
2467 4250 2658 4322 Νέρων
2718 4254 2953 4320 ἀκούσας
3008 4259 3090 4311 ὅτι
3141 4262 3460 4331 πεφόνευται
3481 4260 3640 4329 Σίμων
3668 4256 3753 4309 ὑπδ

2236 4338 2461 4411 Πέτρου,
2488 4344 2580 4396 καὶ
2607 4345 3008 4417 ἀγανακτήσας,
3059 4350 3341 4406 ἐκέλευσεν
3364 4353 3517 4407 αὐτὸν
3544 4366 3754 4420 σταυρω-

558 4443 700 4507 -γείν
722 4440 762 4509 )·
803 4439 910 4493 τῶν
941 4440 997 4495 δέ
1023 4417 1212 4515 δήμων
1239 4444 1433 4513 ἐπευφ.
1460 4417 1629 4495 αὑτὸν.
1648 4417 1827 4511 (⁷1706
1859 4417 1992 4510 om.)
2024 4480 2037 4493 .
2067 4480 2080 4493 .
2112 4480 2124 4492 .
2162 4417 2206 4472 D
2236 4427 2409 4501 θῆναι·
2457 4434 2515 4487 ὀ
2575 4435 2631 4488 δὲ
2692 4438 2919 4511 Πέτρος.
2979 4444 3364 4513 παρακαλέσας
3411 4445 3496 4497 τὸν
3545 4417 3753 4512 ἔπαθλον

564 4530 801 4585 ἱκέτευον
837 4533 995 4603 (1706
1020 4534 1233 4603 -τευσα)
1267 4575 1280 4587 .
1321 4574 1334 4587 .
1371 4575 1383 4589 .
1418 4534 1753 4606 καταρράξαι
1781 4532 1940 4605 (1706
1968 4549 2129 4586 κατα-

563 4621 709 4694 ράξ.)
735 4622 824 4676 τὸν
843 4624 1120 4695 λυμαιῶνα
1145 4625 1303 4698 (1706
1322 4626 1591 4698 λυμεῶνα)
1619 4627 1711 4681 καὶ
1733 4626 1830 4698 τὴν
1853 4613 2003 4697 ἰσχὺν
2023 4624 2129 4678 τῶν

560 4714 827 4786 δαιμόνων
860 4719 1170 4790 περικόψαι.
1199 4722 1307 4774 Καὶ
1338 4720 1504 4791 (1706
1529 4721 1664 4787 om.)
1698 4720 1946 4782 ἀτενίσας
1971 4718 2129 4789 (1706

560 4807 685 4863 add.
716 4803 831 4879 οὖν)
858 4806 934 4878 τῷ
960 4809 1087 4878 Σίμ.
1122 4806 1292 4865 εἵπονο
1326 4812 1389 4865 El
1420 4854 1433 4865 .
1467 4853 1480 4865 .
1517 4852 1531 4865 .
1562 4811 1698 4882 μετά
1727 4811 1860 4881 ήχου
1893 4850 1905 4862 .
1940 4851 1954 4864 .
1989 4851 2003 4864 .
2035 4811 2130 4864 καὶ

562 4900 720 4969 (1706
764 4898 899 4970 om.)
928 4899 1019 4952 τοῦ
1045 4900 1198 4971 ὄχλου
1242 4943 1255 4955 .
1289 4944 1302 4956 .
1343 4944 1357 4957 .
1397 4904 1457 4958 ὃν
1491 4903 1648 4973 (1706
1676 4902 1800 4957 add.
1835 4905 1863 4955 6
1888 4903 2127 4973 Πέτρος)

563 5034 577 5046 .
614 5034 627 5047 .
666 5034 682 5047 .
717 4992 929 5064 ἀπέσϐη
960 4992 1122 5065 (1706
1156 4994 1486 5066 ἀπεσϐέσθη)
1528 5037 1541 5049 .
1577 5038 1589 5049 .
1629 5037 1642 5050 .
1678 4994 1888 5066 ἡμέραν
1914 4995 2128 5066 ἐκείνην

558 5085 661 5149 τοῦ,
684 5125 699 5138 .
726 5125 740 5138 .
771 5126 784 5139 .
815 5086 864 5138 οἱ
904 5086 1184 5157 Ῥωμαῖοι.

628 5177 761 5245 Quae
796 5178 909 5248 jam
939 5189 1242 5249 sequuntur
1274 5179 1327 5233 in
1359 5178 1619 5233 chronico
1651 5177 1866 5250 Georgii
1898 5177 2127 5231 Hamar-

561 5269 680 5333 toli,
721 5284 784 5323 ea
828 5270 970 5341 apud
1010 5270 1321 5326 Cedrenum
1382 5284 1490 5324 non
1540 5271 1814 5342 leguntur.
1854 5270 2127 5325 Σάϐϐατον

561 5360 668 5433 γὰρ
697 5357 765 5432 ἦν
792 5363 850 5414 ἐν
952 5364 1045 5416 καὶ
1077 5363 1351 5436 προσευχὴ
1382 5363 1475 5417 καὶ
1501 5363 1721 5435 νηστεία
1749 5365 1860 5426 τοῖς
1898 5365 2123 5426 πιστοῖς.

564 5454 721 5518 Ἕθος
749 5453 858 5526 γάρ
889 5450 955 5527 ἦν
1000 5456 1060 5509 τὸ
1101 5457 1492 5528 προσεύχεσθαι
1526 5455 1621 5529 τὴν
1668 5455 1959 5526 ἐκκλησίαν
1988 5456 2126 5528 ὑπὲρ

633 5626 745 5701 (:12)
774 5627 859 5701 _C_,f.
903 5628 1127 5687 Comm.
1154 5643 1322 5701 aposl.
1348 5632 1437 5698 Vl,
1466 5636 1515 5698 7,
1551 5637 1601 5696 8,
1634 5637 1684 5691 9.

632 5697 741 5769 (73)
773 5697 1041 5756 Nonnulla
1091 5697 1210 5774 quae
1243 5704 1346 5762 huc
1392 5697 1639 5776 spectant
1680 5706 1800 5763 wide
1841 5707 1979 5779 apud
2026 5708 2127 5764 So-

2236 4522 2320 4577 ἵνα
2359 4524 2433 4597 μὴ
2473 4526 2652 4599 ὄρθιος
2684 4532 2967 4605 σταυρωθῇ
2997 4535 3073 4598 ὡς
3121 4536 3151 4588 6
3202 4537 3415 4609 Κύριος,
3444 4534 3568 4590 κατὰ
3601 4550 3753 4602 κεφα-

2234 4612 2332 4686 λῆς
2361 4619 2693 4693 ἐσταυρώθη,
2722 4624 2901 4689 καθὼς
2934 4625 3164 4695 ἠξίωσεν
3219 4629 3284 4683 ἐκ
3344 4627 3522 4697 πολλῆς
3563 4640 3752 4698 μετριο-

2236 4708 2524 4780 φροσύνης.
2555 4714 2709 4768 Μετὰ
2751 4716 2809 4769 δέ
2848 4734 2911 4786 γε
2943 4717 3041 4789 τὴν
3072 4719 3280 4793 Πέτρου
3318 4719 3548 4789 τελευτὴν
3597 4720 3651 4771 ἐν
3687 4714 3751 4784 τῷ

2233 4801 2466 4875 δευτέρῳ
2498 4805 2607 4858 έτει
2637 4807 2797 4877 (1706
2825 4824 2934 4864 om.
2965 4814 3023 4867 ἐν
3047 4832 3098 4868 τ.
3122 4814 3171 4868 δ.
3204 4815 3273 4886 ἔ.)
3301 4811 3465 4874 καθώς
3489 4828 3642 4883 φησιν
3664 4809 3749 4863 Εὖ·

2238 4896 2430 4960 σέϐιος,
2474 4899 2680 4965 Παῦλος
2722 4905 2750 4956 6
2781 4904 3075 4971 ἀπόστολος
3106 4908 3248 4962 κατά
3292 4908 3385 4978 μὲν
3424 4906 3522 4977 τὴν
3560 4902 3749 4977 πρώτην

2234 4989 2527 5059 ἀπολογίαν
2553 4993 2719 5049 ἐλθὼν
2746 4998 2853 5051 ἀπὸ
2878 4999 2977 5070 τῆς
3016 5001 3269 5065 Ἰουδαίας
3290 5000 3499 5069 δέσμιος
3530 4998 3614 5052 καὶ
3634 4998 3743 5050 ἀπο·

2233 5082 2600 5155 λογησάμενος
2624 5087 2834 5161 Νέρωνι
2863 5092 2955 5144 ἐπὶ
2985 5092 3085 5161 τὴν
3115 5092 3377 5147 διακονίαν
3391 5090 3485 5144 τοῦ
3503 5090 3744 5162 κηρύγμα-

2232 5192 2322 5239 τος
2363 5176 2560 5250 ἐστάλη
2604 5180 2780 5248 (1706
2811 5182 3086 5255 ἀπεστάλη
3106 5186 3146 5256 ).
3181 5181 3479 5237 Κάντεῦθεν
3505 5182 3573 5244 ὡς
3600 5180 3744 5231 ἔοικεν

2232 5268 2330 5331 τὰς
2360 5268 2466 5322 τῶν
2499 5272 2808 5326 ἀποστόλων
2835 5275 3071 5347 Πράξεις
3123 5277 3204 5330 ἐπ’
3227 5276 3429 5328 ἐκεῖνον
3470 5273 3552 5328 τὸν
3587 5269 3742 5341 χρόνον

2233 5362 2441 5423 Λουκᾶς
2472 5362 2825 5433 περιέγραψε,
2860 5366 3051 5437 μέχρις
3090 5369 3174 5420 ὅτε
3220 5365 3397 5436 (1706
3422 5365 3565 5435 ὅτου)
3606 5356 3741 5425 συνῆν

2232 5454 2307 5525 τῷ
2338 5453 2557 5523 Παύλῳ’
2593 5455 2710 5509 καθ’
2736 5456 2793 5511 ὃν
2823 5456 2878 5511 δὲ
2915 5459 3103 5532 καιρὸν
3130 5458 3514 5532 ἐμαρτύρησεν,
3536 5456 3591 5509 οὐ
3624 5466 3739 5519 συμ-

2233 5645 2365 5690 crat.
2393 5635 2533 5690 Hist.
2563 5638 2686 5691 eccl.
2712 5655 2764 5700 ν,
2801 5638 2887 5692 Ἡ.
2919 5637 3022 5693 Sed
3060 5653 3161 5692 non
3187 5651 3252 5689 cx
3277 5654 3389 5695 uno
3417 5640 3552 5692 certo
3583 5628 3735 5683 Socra'

2232 5709 2303 5763 lis
2334 5708 2454 5763 loco
2480 5707 2593 5764 haec
2625 5709 2803 5763 omnia
2830 5709 3098 5779 exscripta
3124 5716 3265 5764 sunt.
