3974 6328
301 264 439 319 I297
1751 273 1837 328 AD

1939 275 2090 331 NDA.
3397 292 3538 349 1298

290 378 476 448 παρῆν
521 378 688 449 αὐτῷ,
721 378 815 432 τοῦ
843 380 1140 434 ἀποστόλου
1188 382 1371 453 σαφῶς
1400 386 1493 438 καὶ
1524 384 1677 439 τοῦτο
1707 386 1842 457 (1704

1939 391 2096 449 λαοῦ
2151 395 2241 447 καὶ
2292 395 2729 468 δικαιοσύνη.ὀς
2761 399 2877 468 (ab
2922 401 3026 456 hac
3073 402 3201 473 inde
3248 419 3379 461 voce
3410 410 3534 463 cod.

290 484 350 521 κ.
382 486 433 521 τ.
468 468 623 539 σαφ.)
653 468 897 537 λέγοντος
925 472 1006 524 ὅτι
1033 470 1207 535 οὐδείς
1240 490 1327 543 μοι
1359 474 1418 527 ἐν
1443 478 1509 545 τῇ
1538 474 1729 550 πρώτῃ
1758 494 1842 548 μοι

1964 482 2101 538 1706
2127 486 2306 540 omnia
2337 486 2537 542 omittit
2579 506 2753 560 usque
2784 491 2947 547 verba
2994 468 3236 549 émtaﬁv
3260 497 3541 569 αἰδέσιμος

292 559 555 631 ἀπολογίᾳ
607 561 1065 633 συμπαρεγένετο,
1099 562 1234 617 ἀλλά
1278 564 1477 629 πάντες
1522 584 1586 637 με
1636 568 1862 636 ἐγκατέ-

292 652 475 706 λειπον
507 652 666 721 (1706
691 651 872 705 -λιπον
890 653 907 722 )
928 669 941 681 ·
974 652 1049 723 μὴ
1076 653 1253 716 αὐτοῖς
1280 654 1687 729 λογισθείη.Ἦν
1715 656 1861 726 (cor-

290 741 577 810 rigendum
596 741 828 807 videtur,
842 752 901 796 ut
916 744 1058 814 apud
1074 742 1374 799 Cedrenum
1396 744 1602 800 editum
1618 754 1724 814 est,
1742 749 1860 818 τήν,

288 841 385 886 aut
417 833 525 888 ιῖιὶο
564 833 726 887 modo
774 834 926 893 locus
971 834 1247 892 sanandus
1273 836 1396 908 est)
1435 836 1499 908 δὴ
1530 837 1667 909 πρὸς
1698 838 1862 909 Τιμό-

288 924 410 977 θεον
448 924 704 996 δευτέραν
733 927 1019 999 ἐπιστολὴν
1054 928 1270 1000 δεσμοῖς
1307 928 1667 1000 κατεχόμενος
1694 928 1860 1001 ἐγραι-

286 1016 410 1086 ψεν,
445 1016 577 1088 ὁμοῦ
611 1018 888 1088 σημαίνων
914 1020 1015 1091 τήν
1051 1037 1112 1073 τε
1154 1020 1421 1091 προτέραν
1455 1020 1602 1093 αὑτῷ
1635 1020 1861 1091 γενομέ-

286 1122 387 1175 νην
439 1106 735 1175 ἀπολογίαν
780 1108 918 1180 πρὸς
946 1108 1193 1181 Νέρωνα,
1228 1110 1286 1163 ὃν
1333 1111 1425 1163 καὶ
1473 1108 1659 1164 λέοντα
1688 1111 1775 1165 διά
1799 1110 1863 1166 τὸ

286 1196 651 1268 ἀπάνθρωπον
676 1198 769 1251 κα)¹
797 1197 1054 1271 θηριῶδες
1084 1198 1177 1252 τοῦ
1206 1199 1410 1270 τρόπου
1440 1200 1619 1267 καλῶς
1644 1201 1860 1275 ὠνόμα-

288 1303 383 1340 σε⁸
435 1287 529 1340 καὶ
574 1286 671 1357 τὴν
706 1286 857 1359 παρά
892 1288 1056 1353 πόδας
1085 1288 1357 1357 τελείωσιν
1391 1290 1584 1360 ἐπάγει
1613 1290 1857 1361 φάσκωνο

298 1376 602 1450 Ἐρρύσθην
657 1380 719 1431 ἐκ
759 1380 1020 1449 στόματος
1052 1379 1282 1444 λέοντος.
1302 1379 1459 1434 Ἀλλά
1512 1380 1604 1434 καὶ
1638 1381 1859 1453 ῥύσεταί

287 1485 359 1539 με
391 1468 596 1540 Κύριος
623 1469 729 1521 ἀπὸ
766 1469 966 1533 παντὸς
992 1468 1152 1541 ἔργου
1184 1469 1442 1542 πονηροῦ,
1476 1470 1571 1524 καὶ
1584 1470 1746 1526 σώσει
1779 1475 1858 1540 είς

282 1557 383 1630 τὴν
412 1547 684 1627 βασίλειαν
716 1558 878 1612 αὑτοῦ
909 1560 1009 1630 τὴν
1039 1560 1378 1632 ἐπουράνιον,
1413 1561 1769 1633 ύπεμφαίνων
1796 1562 1856 1617 τὸ

285 1649 596 1718 παραυτίκα
640 1650 955 1723 μαρτύριον,
988 1650 1017 1704 6
1055 1652 1147 1705 καὶ
1176 1652 1503 1723 σαφέστερον
1533 1654 1591 1705 ἐν
1619 1656 1687 1725 τῇ
1714 1654 1853 1727 αὑτῇ

289 1740 679 1812 προσαγορεύει
699 1744 904 1813 γραφῇ,
923 1741 1113 1811 λέγων·
1132 1742 1272 1812 Ἐγὼ
1292 1743 1398 1814 γάρ
1416 1743 1515 1816 ήδη
1541 1745 1854 1815 σπένδομαι,

285 1831 378 1883 καὶ
425 1831 453 1882 6
485 1832 672 1903 καιρὸς
702 1833 799 1903 τῆς
843 1833 982 1905 ἐμῆς
1025 1832 1332 1898 ἀναλύσεως
1364 1834 1855 1908 ἐφέστηκεν.’Δπο-

280 1920 649 1995 λογησάμενος
673 1924 852 1978 τοίνυν
872 1924 970 1997 τὴν
992 1924 1211 1998 πρώτην
1236 1927 1551 1997 ἀπολογίαν,
1583 1929 1677 1983 καὶΙ
1697 1926 1852 1997 αὖθις

278 2016 372 2068 ἐπὶ
403 2018 504 2087 τὴν
528 2017 624 2070 τοῦ
656 2015 1004 2090 κηρύγμᾶτος
1038 2020 1309 2073 διακονίαν
1345 2020 1705 2093 στειλάμενος,
1732 2016 1851 2076 εἶτα

278 2108 441 2161 πάλιν
489 2108 552 2161 τὺ
598 2108 848 2181 δεύτερον
896 2109 1089 2174 ἐπιϐὰς
1141 2113 1207 2181 τῇ
1249 2110 1433 2185 Ῥώμῃ
1475 2112 1713 2183 δέσμιος,
1756 2114 1851 2168 καὶ

275 2197 534 2262 ὡσαύτως
551 2191 759 2269 Νέρωνι
787 2200 1128 2271 παραδοθεὶς,
1144 2200 1235 2255 τὸν
1254 2201 1341 2255 διὰ
1364 2200 1547 2272 ξίφους
1578 2203 1674 2258 τοῦ
1706 2224 1848 2278 μαρ-

274 2290 460 2361 τυρίου
492 2290 750 2360 στέφανον
775 2291 1088 2362 ἀνεδήσατο,
1127 2293 1254 2364 μηνὶ
1278 2294 1475 2365 Ἰουνίῳ
1500 2294 1600 2348 κθ’.
1615 2296 1752 2350 Καθ’
1781 2297 1849 2369 ἢν

274 2380 488 2450 ἡμέραν
512 2380 603 2432 καὶ
631 2380 837 2451 Πέτρος
861 2381 1197 2453 ἐσταυρώθη,
1227 2382 1475 2457 καθάπερ
1508 2385 1599 2439 καὶ
1620 2387 1846 2458 Μάρκος

273 2474 369 2526 καὶ
398 2474 609 2536 Λουκᾶς
633 2474 683 2525 οί
712 2473 1116 2543 εὑαγγελισταὶ,
1145 2476 1239 2529 κα)⁵
1255 2477 1508 2542 Ἰάκωϐος
1552 2481 1581 2533 ὀ
1622 2480 1847 2549 ἀδελφό-

271 2564 410 2629 θεος.
430 2566 487 2619 '0
516 2562 611 2621 οὖν
641 2565 852 2631 Λουκᾶς
884 2566 977 2619 ἐπὶ
1007 2565 1192 2632 ἐλαίας
1222 2570 1571 2642 καρποφόρου
1596 2588 1844 2643 σταυρω-

270 2655 406 2720 θεὶς,
440 2655 514 2726 μὴ
537 2656 921 2728 εὑρισκομένου
958 2656 1112 2722 ξύλου
1144 2657 1308 2730 ξηροῦ
1341 2661 1480 2733 πρὸς
1510 2659 1572 2716 τὸ
1593 2662 1843 2732 γενέσθαι

271 2749 502 2819 σταυρὸν
534 2751 591 2803 ἐν
622 2748 700 2820 τῷ
728 2748 897 2820 τόπῳ,
931 2747 1107 2804 λαϐών
1133 2766 1215 2814 τις
1236 2751 1298 2805 τὸ
1329 2752 1488 2824 σῶμα
1519 2754 1613 2808 καὶ
1639 2756 1841 2826 μεταξὺ

272 2839 481 2895 πολλῶν
517 2842 794 2914 μνημείων
827 2840 1003 2912 θάψας
1034 2841 1225 2913 ἄδηλον
1256 2845 1477 2918 ἐποίησε
1516 2847 1609 2901 τὸν
1650 2850 1839 2919 τάφον.

271 2932 393 2986 Τῶν
441 2933 497 2986 δὲ
551 2932 807 3005 μαθητῶν
853 2931 1261 3005 ἀναζητούντων
1307 2936 1603 3008 μετέπειτα
1633 2939 1730 2995 καὶ
1765 2939 1840 3014 μή

264 3021 627 3092 εὑρισκόντων
654 3022 821 3076 αὑτοῦ
845 3021 937 3095 τὸν
962 3021 1129 3091 τάφον
1154 3021 1241 3077 διὰ
1261 3025 1323 3079 τὺ
1352 3024 1554 3098 πλῆθος
1573 3027 1682 3081 τῶν
1707 3047 1841 3101 μνη-

267 3112 475 3183 μάτων,
510 3112 607 3165 καὶ
637 3110 1087 3184 προσευξαμένων
1110 3114 1287 3169 αὐτῶν
1320 3116 1508 3187 (Coisl.
1539 3100 1838 3192 προσευξά-
1863 3100 1906 3159 C

267 3205 442 3272 μενοι)
472 3204 539 3273 τῇ
571 3203 723 3255 νυκτὶ
751 3201 910 3271 (1706
942 3201 1069 3257 add.
1106 3204 1325 3276 ἐκείνῃ)
1358 3205 1645 3280 κουλούρια
1677 3209 1837 3280 (1706

265 3292 570 3366 κουλλούρ.)
615 3294 810 3367 βρέξας
855 3294 1032 3367 (1706
1064 3294 1323 3368 ἔϐρεξεν)
1366 3298 1394 3350 ὀ
1440 3297 1571 3362 Θεὸς
1619 3299 1836 3371 ίατρικά

262 3386 449 3440 ἐπάνω
474 3386 569 3440 τοῦ
592 3387 783 3456 τάφου,
811 3386 1051 3459 σύμϐολα
1073 3387 1173 3458 τῆς
1204 3388 1509 3462 ἐπιστήμης
1532 3391 1717 3453 αὑτοῦ.
1743 3392 1837 3463 δῆ-

262 3477 353 3530 λον
386 3476 606 3550 ἐποίησε
630 3479 719 3532 τὸν
749 3479 917 3549 τάφον
951 3477 1110 3551 (1706
1137 3494 1238 3549 pro
1266 3478 1440 3550 δῆλον,
1479 3488 1611 3547 etc.,
1646 3483 1738 3536 καὶ
1771 3487 1836 3539 ἐκ

261 3567 452 3622 τούτου
498 3568 593 3623 τοῦ
643 3570 871 3641 σημείου
914 3571 1104 3641 γέγονε
1143 3570 1416 3645 γνώριμος
1457 3574 1486 3627 6
1526 3575 1738 3645 τάφος)’
1771 3568 1832 3631 οῦ

260 3659 322 3713 τὸ
348 3660 597 3731 λείψανον
633 3663 1007 3729 Κωνστάντιος
1034 3664 1148 3730 υίὸς
1190 3663 1595 3720 Κωνσταντίνου
1638 3669 1835 3722 ἀνακο-

265 3752 431 3823 μίσας
483 3754 539 3806 ἐν
585 3754 1147 3811 Κωνσταντινουπόλει
1192 3758 1489 3830 κατέθηκεν
1523 3761 1579 3813 ἐν
1609 3760 1688 3833 τῷ
1719 3761 1831 3835 ναῷ

258 3845 369 3897 τῶν
399 3845 729 3913 ἀποστόλων,
762 3848 929 3920 ὅνπερ
959 3847 1307 3921 ᾠκοδόμησεν
1350 3852 1379 3905 ὀ
1429 3851 1610 3924 πατὴρ
1666 3854 1828 3907 αὑτοῦ

265 3936 437 4006 μέγας
470 3938 875 4002 Κωνσταντίνος
908 3939 1050 3999 (hoc
1079 3939 1370 4012 accentu).
1415 3939 1665 3997 Incidunt
1713 3944 1828 4001 haec

260 4036 500 4082 extrema
538 4029 593 4083 in
624 4029 711 4085 ed.
742 4030 975 4086 Ccdreni
1017 4030 1193 4087 Paris.
1222 4048 1346 4104 pag.
1373 4032 1509 4099 212;
1545 4033 1599 4088 in
1633 4035 1828 4091 editio-

255 4120 346 4175 nis
373 4119 675 4178 Bonnensis
712 4139 832 4193 pag.
867 4123 988 4179 575.
1016 4124 1145 4191 Qua:
1176 4142 1305 4181 vero
1336 4128 1390 4180 in
1423 4127 1611 4183 codice
1637 4127 1701 4182 de
1728 4128 1827 4183 Ja-

254 4212 385 4266 cobo
419 4213 569 4282 justo
600 4224 921 4285 sequuntur,
955 4233 1017 4272 ea
1045 4219 1325 4275 Cedrenus
1364 4221 1525 4290 paqu
1558 4230 1682 4277 ante
1718 4221 1823 4292 (cf.

255 4302 344 4355 ed.
382 4301 559 4359 Paris.
596 4322 648 4375 p.
683 4306 791 4361 205
835 4306 914 4376 C;

256 4411 413 4450 suam
437 4398 725 4463 convertit,
750 4400 1019 4471 scriptura
1046 4416 1188 4471 saepe
1212 4411 1439 4468 mutata,
1463 4405 1824 4476 omnibusque

256 4489 479 4545 omissis
507 4506 628 4561 quae
652 4508 716 4547 ex
743 4490 863 4548 Jobi
894 4495 1032 4550 libro
1058 4497 1289 4568 aliisque
1319 4497 1639 4555 afferuntur.
1674 4494 1823 4556 Scri-

257 4591 356 4656 pta
391 4601 517 4640 vero
547 4594 675 4641 sunt
706 4587 759 4641 in
792 4586 1053 4645 Chronico
1079 4589 1226 4645 hunc
1255 4591 1307 4644 in
1325 4589 1562 4651 .modum
1590 4609 1605 4646 :

344 4678 399 4732 Ὀ
427 4678 483 4731 δέ
514 4695 579 4747 γε
615 4678 791 4747 (1706
827 4679 1035 4752 μέγας)
1080 4681 1332 4746 Ἰάκωϐος
1373 4683 1534 4751 ἁγνὸς
1567 4683 1827 4755 ὑπάρχων

249 4770 323 4823 ἐκ
364 4770 572 4835 κοιλίας
607 4772 809 4844 μητρὸς
847 4771 1034 4837 αὑτοῦ,
1080 4769 1220 4827 οἶνον
1255 4774 1351 4846 μὲν
1384 4775 1479 4828 καὶ
1511 4773 1703 4847 σίκερα
1727 4775 1827 4829 οὐκ

247 4861 410 4914 ἔπιεν
439 4863 558 4916 οὑδὲ
587 4863 827 4936 ἔμψυχον
852 4864 1074 4935 ἔφαγεν,
1095 4865 1214 4919 οὐδὲ
1249 4865 1510 4937 βαλανείῳ
1537 4867 1824 4938 ἐχρήσατο·

246 4954 325 5008 τὰ
360 4953 419 5007 δέ
446 4955 643 5022 γόνατα
673 4954 837 5010 αὐτοῦ
866 4956 1252 5027 ἀπεσκληκότα
1276 4957 1430 5028 δίκην
1462 4957 1704 5029 καμήλου
1735 4974 1826 5026 γε-

246 5045 477 5114 γόνασιν
511 5048 572 5099 ἐκ
606 5047 700 5100 τοῦ
740 5047 828 5100 ἀεὶ
867 5049 1135 5119 κάμπτειν
1180 5049 1272 5102 ἐπὶ
1312 5049 1441 5117 γόνυ
1473 5050 1566 5102 καὶ
1602 5048 1677 5121 τῷ
1707 5047 1825 5121 Θεῷ

244 5138 765 5206 προσκυνεῖν.⁹’0οεν
792 5139 880 5194 διὰ
908 5139 1005 5212 τὴν
1033 5140 1331 5213 ὑπερϐολὴν
1359 5141 1458 5211 τῆς
1480 5140 1823 5211 δικαιοσύνης

244 5228 419 5282 αὑτοῦ
447 5232 543 5285 καὶ
567 5230 878 5303 θαυμαστῆς
912 5232 1181 5296 πολιτείας
1214 5233 1457 5286 ἐκαλεῖτο
1492 5232 1697 5296 δίκαιος
1729 5234 1822 5287 καὶ

243 5320 439 5385 ὁϐλίας
488 5320 606 5393 (ita
649 5323 841 5389 CoisL,
868 5323 984 5378 ὀϐλ.
1016 5325 1210 5397 1706),
1254 5326 1284 5379 ὃ
1323 5326 1438 5378 ἐστι
1469 5324 1697 5395 περιοχὴ
1729 5322 1820 5378 τοῦ

333 5499 559 5574 (74)(ᾎὶ
610 5498 730 5574 Job.
784 5517 902 5574 cap.
943 5520 1009 5557 τι.
1055 5512 1110 5559 et
1162 5518 1273 5558 xu.
1318 5502 1522 5560 Tcxtus
1606 5504 1817 5559 arouici

248 5572 607 5654 plurihabet
630 5572 791 5654 digna
819 5572 1095 5654 luctatione
1115 5575 1324 5654 critica.
1473 5652 1479 5654 _
1563 5644 1574 5654 _
1609 5643 1621 5654 .

330 5643 440 5711 (75)
472 5642 546 5695 Ita
571 5642 739 5697 codex
774 5644 953 5707 habet,
978 5644 1092 5703 scd.
1110 5651 1168 5697 ut
1182 5645 1510 5704 ciarumest.
1528 5643 1739 5700 vitiose.
1758 5643 1815 5700 In

249 5723 408 5768 tutu
434 5711 693 5768 Vaticano
724 5715 951 5784 legitur:
986 5715 1275 5784 καιομένης
1322 5714 1452 5785 πυρὶ
1508 5714 1812 5785 ἀνθράκων,

960 4308 1048 4365 ed.
1088 4308 1262 4365 Bonn.
1297 4326 1419 4382 pag.
1451 4312 1592 4383 560)
1624 4312 1680 4367 in
1710 4326 1849 4368 rem‘

1963 571 2057 629 καῖ⁵
2094 577 2407 651 σεϐάσμιος)
2423 598 2485 648 γε
2513 582 2763 652 μεγάλων
2791 585 2884 638 καὶ
2908 585 3066 639 θείων
3093 588 3336 659 ὀράσεων
3359 591 3540 657 ἀξιού-

1964 685 2120 742 μενος
2150 669 2390 742 ἐὼρακέν
2415 689 2545 725 ποτε
2578 676 2868 745 προφανῶς
2899 678 2989 731 τὸν
3020 677 3260 734 διάϐολον
3289 683 3389 754 τήν
3416 688 3537 740 κατ’

1959 758 2123 812 αὑτοῦ
2149 759 2515 833 γενησομένην
2546 763 2742 833 μανίαν
2782 766 2876 819 καὶ
2912 768 3224 838 μιαιφονίαν
3254 770 3364 825 τῶν
3409 774 3539 828 Ἰου-

1958 850 2123 905 δαίων
2147 851 2470 908 ἀπειλοῦντα
2501 854 2646 927 (cod.
2676 856 2833 929 -λῶν)
2860 860 2917 913 ἐν
2946 860 3164 932 ἐξαισίῳ
3192 863 3287 917 καὶ
3313 865 3536 938 φοϐερο-

1959 943 2104 1014 τάτῳ
2146 945 2403 1015 σχήματι,
2436 948 2565 1019 περὶ
2594 941 2656 1002 οὑ
2679 966 2843 1020 φησιν
2887 951 3049 1023 πρὸς
3073 954 3164 1007 τδν
3205 954 3323 1009 Ἰὼϐ
3354 958 3469 1029 (74)
3504 961 3536 1013 6

1959 1035 2108 1100 Θεόςθ
2149 1055 2167 1088 ι
2192 1036 2320 1119 Ἰδοὺ
2340 1038 2405 1111 δὴ
2435 1041 2468 1112 ή
2513 1041 2665 1111 ίσχὺς
2686 1041 2853 1097 αὑτοῦ
2884 1043 2971 1097 ἐπ’
3001 1043 3161 1114 ὀσφύῖ
3181 1062 3196 1078 ο
3226 1048 3259 1119 ή
3296 1047 3351 1102 δὲ
3375 1048 3535 1104 δύνα-

1961 1140 2053 1195 μις
2077 1112 2251 1181 αὑτοῦ
2287 1128 2376 1181 ἐπ’
2406 1127 2648 1198 ὀμφαλοῦ
2689 1112 3219 1207 γαστρός.Ἔστησεν
3247 1112 3414 1211 οὐρὰν
3457 1139 3534 1205 ὡς

1958 1216 2315 1289 κυπάρισσον,
2346 1218 2416 1273 τά
2441 1219 2498 1272 δέ
2534 1220 2700 1291 νεῦρα
2732 1223 3144 1294 συμπέπλεκται
3166 1244 3181 1257 ³
3217 1230 3275 1282 ai
3304 1228 3533 1303 πλευραὶ

1957 1307 2121 1362 αὑτοῦ
2147 1309 2416 1380 χάλκειαι,
2447 1312 2481 1384 ή
2511 1311 2569 1366 δὲ
2602 1313 2763 1384 ραχὶς
2791 1314 2957 1377 αὑτοῦ
2990 1317 3534 1391 σιδηρόχιντος.Τοῦτό

1957 1399 2104 1453 ἐστιν
2129 1402 2272 1475 ἀρχὴ
2305 1402 2622 1476 πλάσματος
2646 1406 2874 1477 Κυρίου,
2907 1410 3269 1483 πεποιημένον
3299 1413 3533 1482 ἐγκατα-

1958 1489 2247 1555 παίζεσθαι
2279 1493 2384 1548 ὑπὸ
2406 1493 2514 1548 τῶν
2535 1496 2786 1566 ἀγγέλων
2818 1500 3006 1557 αὑτοῦ.
3034 1502 3299 1557 Πέποιθεν
3346 1505 3405 1559 δέ
3449 1506 3531 1561 ὀτι

1956 1582 2315 1655 προσκρούσει
2347 1587 2617 1659 Ἰορδάνης
2647 1590 2726 1653 είς
2754 1590 2815 1645 τὸ
2841 1592 3015 1664 στόμα
3047 1594 3235 1658 αὑτοῦ,
3278 1593 3336 1649 ἐν
3366 1596 3422 1649 δέ
3451 1596 3531 1667 τῷ

1955 1672 2218 1747 ὀφθαλμῷ
2244 1677 2412 1731 αὐτοῦ
2444 1679 2651 1745 δέξεται
2682 1682 2865 1738 αὐτόν.
2896 1685 3011 1738 Πᾶν
3056 1686 3113 1740 δὲ
3160 1686 3369 1741 πλωτὸν
3401 1705 3527 1742 συν-

1887 1757 1930 1813 Β
1956 1763 2108 1818 ελθδν
2135 1766 2197 1819 οὑ
2225 1766 2299 1839 μὴ
2324 1769 2587 1838 ἐνέγκωσι
2622 1771 2828 1845 βύρσαν
2864 1774 2992 1847 μίαν
3022 1776 3191 1847 οὐρᾶς
3227 1777 3412 1842 αὑτοῦ,
3437 1780 3529 1833 καὶ

1953 1855 2026 1925 ἐμ
2062 1855 2180 1928 (sic
2207 1858 2418 1931 codex)
2449 1860 2653 1927 πλοίοις
2692 1863 2888 1918 ἀλιέων
2933 1865 3174 1937 κεφαλὴν
3213 1866 3401 1923 αὑτοῦ.
3432 1870 3527 1933 Τίς

1950 1948 2288 2020 ἀποκαλύψει
2322 1953 2609 2025 πρόσωπον
2628 1955 2893 2021 ἐνδύσεως
2915 1958 3118 2025 αύτοῦ;
3152 1962 3232 2023 είς
3254 1959 3309 2014 δὲ
3336 1959 3527 2027 πτύξιν

1950 2036 2196 2111 θώρακος
2224 2041 2388 2095 αὑτοῦ
2420 2044 2503 2108 τίς
2526 2044 2592 2099 ἀν
2631 2046 2900 2117 είσέλθοις
2942 2049 3117 2114 πύλας
3148 2051 3205 2105 δὲ
3235 2051 3527 2125 προσώπου

1948 2132 2113 2187 αὑτοῦ
2158 2133 2241 2197 τίς
2271 2135 2511 2202 ἀνοίξεις
2542 2137 2727 2211 κύκλῳ
2757 2140 2985 2195 ὀδόντων
3017 2142 3183 2199 αὑτοῦ
3231 2145 3415 2213 φόϐος.
3442 2145 3527 2200 Τά

1946 2222 2003 2277 δέ
2025 2223 2228 2293 ἔγκατα
2259 2227 2424 2281 αὑτοῦ
2464 2228 2691 2293 ἀσπίδες
2723 2231 2924 2302 χαλκαῖ
2943 2249 2958 2263 ο
2994 2233 3054 2287 ἐν
3089 2234 3326 2306 πταρμῷ
3358 2234 3526 2291 αὑτοῦ

1946 2314 2342 2383 ἐπιφαύσκεται
2393 2317 2700 2389 (descripsi
2752 2322 3058 2395 ἐπιφάσκ.)
3102 2324 3338 2394 φέγγος·
3368 2328 3420 2380 οἱ
3463 2328 3523 2381 δὲ

1945 2404 2211 2477 ὀφθαλμοὶ
2241 2407 2404 2461 αὑτοῦ
2446 2405 2584 2473 εἶδος
2627 2412 2928 2484 ἑωσφόρον,
2963 2416 3028 2468 ἐκ
3062 2416 3328 2487 στόματος
3357 2418 3522 2473 αὑτοῦ

1944 2497 2331 2569 ἐκπορεύονται
2374 2502 2655 2573 λαμπάδες
2686 2504 2992 2576 καιόμεναι,
3040 2508 3136 2561 καὶ
3180 2508 3522 2580 διαριπτοῦν-

1942 2607 2031 2643 ται
2061 2592 2291 2664 ἐσχάραι
2316 2594 2507 2662 πυρός.
2527 2596 2620 2649 Ἐκ
2655 2598 2946 2669 μυκτήρων
2971 2600 3138 2654 αὑτοῦ
3165 2601 3525 2673 ἐκπορεύεται

1942 2684 2149 2750 καπνὸς
2200 2687 2430 2759 καμίνου
2477 2690 2792 2764 καιομένης,
2827 2693 2924 2746 καὶ
2976 2694 3109 2767 πυρὶ
3156 2695 3441 2769 ἀνθράκων
3482 2700 3519 2770 ὴ

1939 2774 2084 2848 ψυχὴ
2114 2776 2262 2842 (cod.
2290 2778 2397 2849 -χῖ)
2430 2779 2593 2834 αὐτοῦ
2626 2781 2759 2853 (75)’
2794 2783 2925 2852 φλὸξ
2956 2784 3014 2838 δὲ
3043 2787 3108 2839 ἐκ
3138 2786 3404 2859 στόματος
3419 2788 3519 2843 a6-

1938 2865 2033 2919 τοῦ
2060 2866 2358 2937 ἐξέρχεται.
2377 2869 2466 2922 Ἐν
2482 2869 2539 2923 δὲ
2569 2870 2649 2943 τῷ
2684 2874 2942 2945 τραχήλῳ
2967 2874 3243 2941 αὐλίζεται
3269 2878 3514 2950 δύναμις·

1939 2956 2246 3029 ἔμπροσθεν
2287 2960 2452 3015 αὑτοῦ
2483 2962 2664 3034 τρέχει
2702 2964 3213 3039 ἀπώλεια.Ἔστηκε
3242 2968 3302 3023 δέ
3329 2968 3519 3043 ὥσπερ

1938 3048 2131 3119 άκμων
2177 3048 2462 3122 ἀνήλατος.
2496 3054 2620 3108 Ἐάν
2664 3059 3066 3131 συναντήσωσιν
3108 3060 3258 3133 αὐτῷ
3301 3062 3517 3134 λόγχαι,

1937 3139 2093 3194 οὐθὲν
2139 3141 2203 3194 οὑ
2253 3143 2328 3215 μὴ
2374 3145 2703 3217 ποιήσωσιν·
2740 3148 2942 3220 ἥγηται
2993 3150 3093 3221 μὲν
3136 3151 3247 3223 γὰρ
3301 3152 3518 3226 σίδηρον

1937 3232 2159 3305 ἄχυρον,
2194 3236 2393 3305 χαλκὸν
2435 3237 2492 3290 δὲ
2524 3236 2712 3311 ὥσπερ
2757 3238 2914 3308 ξύλον
2947 3242 3169 3314 σαθρόν.
3194 3244 3304 3298 Καὶ
3335 3245 3396 3299 οὑ
3439 3245 3514 3317 μή

1936 3324 2137 3395 τρώσει
2169 3326 2332 3380 αὑτὸν
2370 3328 2524 3394 τόξον
2556 3330 2838 3401 χάλκειον·
2870 3334 3071 3405 ἥγηται
3108 3334 3208 3406 μὲν
3252 3335 3512 3417 πετροϐό-

1937 3415 2027 3469 λον
2054 3417 2263 3487 χόρτον.
2282 3418 2368 3483 Ὠς
2410 3420 2631 3492 καλάμη
2659 3421 2716 3474 δὲ
2743 3421 3123 3497 λογισθείησαν
3151 3415 3353 3498 σφυραί
3369 3442 3388 3460 ο
3416 3444 3516 3481 κα-

1937 3507 2139 3579 ταγελᾷ
2172 3507 2270 3579 μὲν
2297 3508 2521 3580 σεισμοῦ
2552 3513 2857 3585 πυρφόρου.
2875 3516 2938 3569 Ἦ
2963 3516 3019 3569 δὲ
3049 3519 3304 3590 στρωμνὴ
3345 3517 3516 3574 αὑτοῦ

1935 3599 2200 3653 ὀϐελίσκοι
2246 3601 2405 3667 ὀξεῖς.
2426 3604 2665 3676 Ἤγηται
2716 3606 2816 3676 μὲν
2862 3607 2964 3679 τὴν
3010 3608 3281 3663 θάλασσαν
3324 3611 3515 3682 ὥσπερ

1936 3690 2303 3764 ἐξάλειπτρον,
2339 3694 2431 3747 τὸν
2470 3693 2527 3748 δὲ
2573 3695 2841 3768 τάρταρον
2892 3698 2991 3769 τῆς
3041 3698 3276 3753 ἀϐύσσου
3324 3700 3513 3772 ὥσπερ

1935 3784 2297 3854 αἰχμάλωτον.
2333 3784 2447 3838 Οὐκ
2477 3785 2622 3840 ἐστιν
2652 3786 2748 3839 ἐπὶ
2774 3787 2877 3858 τῆς
2905 3787 3010 3859 γῆς
3037 3790 3223 3859 ὅμοιον
3255 3791 3423 3862 αὐτῷ.
3445 3793 3510 3845 ΟΞ

1935 3874 2044 3947 γὰρ
2086 3874 2260 3928 δοῦλοι
2287 3874 2382 3929 τοῦ
2414 3875 2549 3929 Θεοῦ
2588 3876 2809 3947 ἄγγελοι
2852 3877 3112 3942 πολλάκις
3154 3878 3511 3949 ὀνομάζονται.

1935 3966 2039 4019 ὑπὸ
2066 3967 2167 4036 τῆς
2205 3966 2353 4031 θείας
2379 3967 2599 4040 Γραφῆς
2630 3967 2718 4022 διά
2757 3967 2818 4021 τὺ
2844 3967 3062 4022 ἀκούειν
3093 3970 3289 4035 αὑτοὺς
3318 3970 3508 4040 λόγους

1933 4059 2084 4131 παρά
2116 4058 2249 4112 Θεοῦ
2282 4060 2375 4113 καὶ
2414 4059 2762 4129 ἀναγγέλλειν
2794 4063 2906 4125 τοῖς
2936 4061 3142 4137 λοιποῖς
3178 4062 3505 4136 ἀνθρώποις.

1930 4148 2069 4220 Φησὶ
2112 4149 2221 4220 γάρ
2256 4150 2509 4221 Ἔσδρας⁹
2554 4151 2895 4205 Ἀπέστειλεν
2932 4153 2962 4205 6
2995 4152 3125 4217 Θεδς
3146 4155 3280 4226 πρὸς
3309 4155 3506 4219 αὐτοὺς

1930 4242 2055 4306 τοὺς
2076 4240 2293 4305 δούλους
2321 4242 2488 4296 αὑτοῦ
2514 4243 2639 4307 τοὺς
2669 4246 2986 4316 προφήτας’
3020 4246 3172 4300 αὑτοὶ⁵
3218 4246 3275 4300 δὲ
3305 4247 3504 4318 ἐξεμυ-

1929 4333 2185 4406 κτήριζον
2228 4336 2355 4399 τοὺς
2399 4335 2666 4405 ἀγγέλους
2713 4337 2901 4391 αὑτοῦ.
2919 4337 3189 4403 Ὡσαύτως
3232 4339 3326 4393 καὶ
3373 4342 3504 4414 περὶ

1857 4447 1901 4503 D
1928 4425 2022 4480 τοῦ
2048 4426 2356 4499 προδρόμου
2390 4426 2536 4496 λέγει
2559 4428 2778 4501 Κύριος·
2799 4422 2967 4494 Οὗτός
2990 4431 3135 4483 ἐστιν
3160 4430 3288 4502 περὶ
3317 4424 3380 4485 οὖ
3407 4433 3501 4502 γέ-

1928 4533 2187 4588 γραπταιο
2235 4516 2365 4571 Ἰδοὺ
2417 4516 2529 4587 ἐγὼ
2553 4519 2867 4573 ἀποστέλλω
2883 4518 2973 4574 τὸν
2996 4520 3226 4589 ἄγγελόν
3258 4539 3360 4593 μου
3397 4523 3504 4597 πρὸ

1926 4605 2215 4679 προσώπου
2243 4625 2360 4662 σου.
2395 4609 2505 4662 Καὶ
2530 4609 2592 4662 ού
2625 4610 2785 4680 μόνον
2813 4610 3035 4679 ἄγγελοι
3069 4611 3319 4682 λέγονται
3347 4618 3396 4669 οί
3425 4615 3502 4669 δί-

1926 4715 2090 4760 καιοι,
2124 4698 2261 4752 ἀλλά
2310 4699 2406 4753 καὶ
2452 4698 2586 4765 θεοὶ,
2615 4700 2755 4754 κατά
2775 4700 2867 4755 τὸν
2888 4701 3144 4772 λέγοντα⁶
3184 4705 3324 4775 Ἐγὼ
3347 4704 3496 4761 εἶπαν

1925 4788 2047 4842 Θεοί
2078 4790 2199 4843 ἐστε
2227 4792 2321 4845 καὶ
2349 4791 2454 4845 υἱοὶ
2473 4792 2726 4862 Ὑψίστου
2752 4793 2970 4859 πάντες.
2989 4796 3138 4851 Ἐπεὶ
3162 4794 3254 4853 οὖν
3279 4799 3387 4871 (76)
3412 4802 3497 4853 al-

1926 4877 2147 4949 δέσιμος
2175 4881 2268 4934 καὶ
2297 4881 2589 4952 σεϐάσμιος
2631 4884 2725 4937 καὶ
2751 4885 2954 4957 σφόδρα
2985 4888 3305 4959 περιϐόητος
3331 4890 3498 4961 ὑπῆρ-

1924 4985 2018 5037 χεν
2062 4972 2092 5023 6
2138 4970 2419 5039 ίσάγγελος
2471 4973 2745 5038 Ἰάκωϐος,
2800 4976 2997 5046 ἑορτῆς
3046 4978 3344 5047 γενομένης
3399 4980 3497 5035 τοῦ

1924 5061 2115 5131 Πάσχα
2137 5065 2232 5117 καὶ
2262 5064 2471 5119 πολλῶν
2500 5066 2775 5137 μυριάδων
2805 5068 3163 5121 συνελθόντων
3194 5068 3254 5120 ὲν
3276 5069 3355 5139 τῷ
3380 5071 3494 5142 ναῷ

1922 5152 2030 5207 τῶν
2080 5156 2367 5221 Ἰουδαίων,
2402 5158 2496 5211 καὶ
2543 5158 2734 5213 τοῦτον
2782 5160 3175 5228 ἀνενέγκαντες
3229 5162 3277 5213 ot
3328 5162 3493 5234 ἱερεῖς

1922 5245 2000 5315 (in
2038 5247 2278 5317 margine
2302 5249 2669 5319 γραμματεῖς)
2702 5249 2793 5301 ἐπὶ
2818 5248 2877 5302 τὸ
2904 5247 3194 5319 πτερύγιον
3223 5250 3318 5303 τοῦ
3344 5253 3492 5324 ἱεροῦ

1919 5339 2266 5394 διασκεδάσαι
2306 5340 2617 5413 βουλόμενοι
2658 5340 2718 5394 τὺ
2762 5342 3021 5413 κήρυγμα
3046 5343 3303 5413 Χριστοῦ,
3336 5340 3493 5402 εἷπον

1919 5508 1952 5579 ἡ
1980 5506 2123 5583 9731i:
2149 5509 2313 5583 αὐτοῦ
2337 5512 2619 5583 ἀνθρακες,

1990 5579 2221 5648 (76)Ᾱο
2256 5582 2341 5636 his
2372 5579 2497 5636 inde
2544 5598 2736 5637 rursus
2791 5598 2915 5637 cum
2960 5584 3187 5642 Coislin.
3220 5586 3328 5643 305
3376 5588 3484 5643 lm-

1922 5664 2035 5717 pcr.
2070 5650 2206 5703 1706
2263 5652 2421 5716 facit;
2458 5651 2582 5705 itmn
2615 5652 2895 5708 (chrenus
2923 5663 3105 5709 textus
3136 5672 3327 5714 rursus
3350 5678 3480 5715 cuu-

1922 5719 2172 5775 t'ercndus
2194 5730 2296 5787 cst,
2332 5722 2403 5775 cf.
2437 5723 2519 5777 cd.
2556 5721 2727 5779 Paris.
2763 5740 2884 5795 pag.
2914 5725 3040 5779 202i.
3078 5725 3138 5782 ι).
