4038 6314
278 312 433 370 1301

1761 318 2079 375 ADDENDA
2090 363 2102 374 .

3403 333 3546 393 i309.

311 478 3515 518 W

272 603 570 685 Aliquot
598 605 862 668 Joannis
892 606 1157 690 Henrici
1190 609 1407 690 None
1440 608 1847 690 conjectum,
1881 612 2384 687 emendationes,
2418 617 2861 682 adnotationes
2893 621 2960 683 in
2991 622 3225 686 incerti
3258 629 3545 690 auctoris

1047 686 1405 765 epistolam,
1440 705 1584 768 qua)
1617 689 1693 750 ad
1724 690 2106 770 Diognetum
2142 696 2465 785 quendam
2499 696 2639 760 data
2673 707 2791 761 est.

361 950 526 1008 Hanc
555 954 839 1024 epistolam
886 955 971 1011 bis
1009 956 1176 1013 edidit
1215 955 1262 1011 J.
1294 958 1396 1013 Th.
1426 958 1486 1013 C'.
1523 958 1648 1014 Otto
1673 982 1685 1016 :
1712 963 1865 1031 prius
1894 970 1940 1025 Α
2042 966 2162 1022 Col.
2200 966 2361 1035 H73,
2404 967 2448 1023 ⁷1.
2481 968 2553 1023 20
2588 972 2985 1027 emendandum
3036 985 3118 1031 est
3156 977 3385 1049 μάθημα
3430 997 3546 1032 τοι-

277 1058 418 1100 eam
464 1047 756 1117 publicavit
782 1048 833 1102 in
866 1048 1021 1104 tertio
1056 1049 1312 1119 Corporis
1354 1051 1682 1122 apologetar.
1709 1054 1867 1109 Chri-

277 1138 527 1193 stianor.
554 1141 734 1195 saeculi
758 1142 977 1196 secundi
1000 1142 1269 1196 volumine
1297 1157 1327 1197 a
1354 1143 1781 1212 p.156-907,ed.
1802 1145 1864 1200 ll.

280 1228 492 1285 Denuo
522 1246 640 1287 eam
672 1233 852 1288 nimiis
881 1242 932 1289 et
961 1233 1156 1302 saepius
1177 1242 1260 1288 sat
1288 1235 1601 1303 vulgaribus
1633 1238 1869 1306 explica-

281 1321 544 1378 tionibus
574 1323 894 1381 instructarn
925 1326 1093 1380 edidit
1127 1325 1274 1394 Lips.
1312 1326 1469 1381 1832.
1506 1326 1582 1382 De
1619 1345 1725 1399 qua
1756 1331 1868 1384 edi-

281 1413 448 1469 tione
475 1415 602 1485 quid
649 1417 986 1472 sentiendum
1033 1418 1124 1484 sit,
1153 1419 1373 1474 uberius
1413 1422 1772 1489 explicuimus
1810 1424 1865 1477 in

278 1506 496 1562 Annal.
533 1507 785 1580 Thcolog.
820 1508 1122 1565 Vindobon.
1173 1512 1280 1565 vol.
1315 1510 1404 1578 Vl,
1436 1515 1569 1569 fasc.
1603 1530 1642 1577 ι,
1674 1530 1727 1583 p.
1764 1514 1866 1569 150

281 1612 434 1668 seqq
449 1638 463 1653 .

360 1710 487 1765 Col.
521 1711 677 1779 1168,
729 1714 764 1768 1.
797 1714 865 1768 21
915 1715 1053 1769 mala
1092 1725 1176 1771 est
1209 1714 1396 1787 Steph.
1438 1720 1749 1776 coniectura
1774 1723 1864 1775 τὸν

282 1804 522 1875 κόσμον.
554 1804 639 1860 Cf.
673 1806 913 1877 Krueger
937 1808 1002 1862 ad
1038 1807 1260 1879 Dionys.
1313 1810 1544 1867 Halicar.
1580 1813 1657 1867 De
1688 1831 1866 1885 comp.

280 1900 447 1953 verb.
485 1916 540 1969 p.
568 1901 670 1955 451
699 1918 852 1973 seqq.
884 1911 937 1958 et
964 1903 1134 1960 Kueh.
1157 1905 1250 1962 Gr.
1282 1905 1375 1963 Gr.
1415 1909 1443 1980 §
1471 1908 1576 1965 451
1605 1910 1867 1969 Anmerk.

282 2000 328 2042 ι.
361 1989 434 2056 ll,
464 2008 516 2061 p.
554 1993 674 2048 129.

364 2083 406 2135 1.
433 2083 503 2136 27
540 2082 765 2138 emenda
805 2102 819 2138 :
854 2085 1188 2159 ἀποδέχομαξ
1226 2103 1322 2152 τες
1363 2104 1487 2144 nam
1516 2108 1579 2160 γε
1624 2091 1680 2145 h.
1715 2093 1752 2149 l.
1789 2095 1873 2149 ni-

283 2173 371 2227 hil
408 2174 713 2243 significare
740 2186 934 2246 potest.
965 2178 1029 2234 Et
1058 2196 1180 2235 cum
1214 2197 1280 2235 ne
1306 2181 1462 2236 bruta
1509 2184 1727 2252 quidem
1778 2202 1871 2240 so-

282 2281 401 2321 nos
440 2267 572 2321 nihil
604 2268 970 2338 significantes
996 2273 1155 2327 edere
1181 2274 1463 2329 verissime
1491 2275 1691 2330 alicubi
1723 2276 1862 2334 God.

196 2364 199 2367 ‘
284 2358 643 2416 Hermannus
689 2362 904 2429 dixerit,
935 2383 992 2418 τε
1027 2366 1432 2422 rescribendum
1468 2378 1572 2436 est,
1604 2373 1750 2441 quod
1777 2389 1863 2429 se-

285 2452 485 2521 quenti
513 2453 606 2506 καὶ
638 2455 980 2524 respondeat.

366 2541 500 2598 ibid.
540 2545 678 2599 male
710 2548 950 2602 nonnulli
985 2551 1148 2619 genit.
1187 2551 1344 2622 προθ.
1380 2552 1448 2607 ab
1480 2555 1679 2610 omissa
1720 2572 1862 2627 prte-

283 2648 412 2703 pos.
440 2635 600 2689 ἓνεκα
638 2648 883 2708 repetunt
913 2657 926 2694 :
956 2651 1011 2694 tu
1042 2641 1113 2696 cf.
1146 2641 1314 2698 lexica
1342 2642 1394 2699 in
1428 2661 1479 2700 ν.
1507 2647 1860 2720 ἀποδέχομαι.

365 2726 403 2781 1.
435 2728 503 2783 30
532 2729 598 2784 de
639 2730 714 2794 ὼς
747 2746 869 2787 cum
897 2733 1093 2788 inlinit.
1130 2744 1442 2792 constructo
1471 2738 1540 2794 cf.
1578 2738 1769 2796 Winer
1808 2758 1860 2812 p.

284 2817 397 2872 576
427 2820 512 2875 ed.
554 2820 619 2877 V.
648 2822 774 2879 Otto
800 2839 899 2894 pro
914 2825 979 2879 ἂν
1002 2826 1229 2881 ἀκοῦσαί
1251 2846 1309 2881 σε
1338 2830 1552 2900 scripsit
1576 2833 1667 2887 τὸν
1695 2835 1864 2888 ἁκού-

288 2926 497 2973 σαντα;
533 2910 839 2967 ἀκούσαντα
867 2913 972 2968 iam
1015 2916 1203 2985 Steph.
1233 2918 1488 2974 coniecit.
1525 2920 1655 2977 Dein
1684 2922 1862 2994 λυπη-

286 3001 454 3071 θῆναι
489 2999 843 3060 ilomnannus
870 3009 1010 3075 apud
1042 3007 1209 3063 Hefel.
1240 3008 1358 3066 Pat.
1386 3026 1475 3080 ap.
1500 3027 1628 3077 xcu,
1654 3014 1739 3068 ed.
1769 3012 1859 3080 IV,

287 3109 445 3161 pugna
477 3096 609 3164 a/ﬁci
635 3097 910 3154 transfert.

366 3206 485 3261 Col.
517 3208 673 3276 1169,
702 3208 737 3262 1.
774 3210 840 3265 18
870 3211 1098 3266 ἕκαστον
1137 3214 1209 3268 ita
1239 3213 1437 3279 Βωοι..
1479 3214 1674 3284 Hefel.,
1714 3217 1858 3274 Otto.

364 3298 500 3354 1.19
546 3298 675 3355 Post
720 3302 930 3372 ἑκάστῳ
972 3305 1238 3359 excidisse
1275 3308 1345 3360 ob
1392 3309 1853 3367 homoeoteleuton

288 3390 368 3453 ὡς
398 3390 436 3445 1.
466 3391 504 3445 1.
530 3393 788 3462 suspicati
823 3410 1048 3461 sumus;
1081 3398 1173 3451 sed
1222 3413 1329 3453 non
1359 3415 1496 3470 opus
1525 3410 1610 3456 est
1639 3417 1701 3458 ea
1732 3419 1859 3473 par-

291 3484 480 3539 ticula.

366 3577 402 3631 l.
438 3577 507 3630 '28
535 3576 710 3632 τέλεον
734 3578 777 3631 δ’
806 3579 989 3643 αὐτοῖς
1022 3580 1240 3635 restitue
1277 3596 1345 3636 ex
1383 3582 1541 3640 codd.
1569 3584 1789 3657 Argent.
1825 3602 1854 3641 a

289 3670 547 3725 Cunitzio
576 3672 628 3724 in
659 3669 874 3727 Ottonis
906 3688 1064 3726 usum
1092 3673 1305 3728 collato.

362 3765 400 3819 l.
433 3764 503 3819 33
540 3765 699 3835 vulgo
726 3766 865 3820 male
889 3765 1207 3837 ἀργυρέους.

363 3856 399 3909 1.
436 3854 505 3910 39
538 3856 752 3911 scribe:
781 3874 865 3920 τις
892 3856 963 3911 cf.
996 3855 1168 3910 Kueh.
1199 3856 1233 3909 1.
1260 3858 1295 3912 l.
1329 3858 1391 3923 11,
1423 3876 1476 3929 p.
1505 3861 1593 3915 56.

359 3947 489 4004 Pen.
522 3950 715 4005 οὐκοῦν
749 3951 819 4008 cf.
850 3951 1357 4009 Kuehneriexcurs.
1394 3952 1461 4008 lll
1507 3955 1573 4009 ad
1604 3953 1853 4025 Xenoph.

294 4040 630 4098 Memorabil.

364 4152 481 4207 Col.
512 4152 647 4206 H72
694 4153 730 4207 1.
756 4151 791 4206 2
817 4153 917 4209 κᾶν
952 4171 1050 4226 pro
1077 4158 1169 4211 καὶ
1198 4168 1342 4214 recte
1374 4172 1559 4231 apogr.
1599 4157 1760 4215 Beur.
1804 4170 1859 4216 et

291 4245 414 4299 cod.
443 4246 665 4314 Argent.

366 4337 401 4390 Ι.
439 4337 504 4391 12
529 4342 770 4409 φρονοῖεν
804 4340 868 4394 ἂν
897 4342 1101 4397 conice.
1143 4340 1363 4405 Holim.,
1410 4343 1505 4399 sed
1562 4344 1857 4398 ἀνταπόδο-

288 4449 379 4484 τον
411 4432 466 4486 h.
495 4432 532 4486 l.
565 4447 686 4487 esse
715 4433 821 4489 iam
848 4435 980 4490 vidit
1012 4434 1200 4505 Steph.
1236 4435 1575 4492 Glossemata
1618 4453 1738 4495 esse
1762 4441 1859 4492 καὶ

291 4531 416 4592 post
464 4523 637 4578 σέϐειν
680 4534 734 4581 et
769 4530 983 4596 ῳρονεῖν
1026 4527 1081 4582 h.
1124 4528 1161 4583 1.
1200 4528 1469 4596 diximus;
1515 4530 1591 4592 ὡς
1630 4546 1728 4600 pro
1776 4533 1857 4594 εἰς

291 4624 418 4670 ante
439 4617 556 4669 νεδν
579 4618 810 4673 coniecit
831 4619 976 4676 Otto.

364 4707 399 4761 Ι.
430 4706 499 4761 26
522 4710 929 4765 emendavimus
971 4713 1007 4766 1.
1041 4712 1075 4765 Ι.
1107 4714 1213 4767 τῶν
1240 4713 1364 4781 τοῖς
1394 4714 1610 4784 κωφοῖς
1641 4714 1738 4786 τὴν
1761 4715 1855 4769 αὖ-

285 4803 389 4873 τὴν
408 4802 876 4875 ἐνδεικνυμένων
906 4824 962 4875 φ.
995 4806 1112 4860 τῶν
1138 4806 1222 4875 μὴ
1240 4807 1588 4877 δυναμένων
1621 4809 1713 4877 (cf.
1736 4809 1853 4863 Wi-

286 4907 387 4946 uer
425 4908 479 4961 p.
515 4893 618 4947 236
661 4895 916 4950 Anmerk.
946 4897 1032 4951 ed.
1066 4896 1154 4969 V.)
1190 4916 1233 4951 τ.
1271 4916 1319 4951 τ.
1350 4898 1848 4971 μταλαμῦἁνειν...

285 4984 370 5051 τῷ
399 4986 495 5055 (ita
530 4986 636 5042 iam
672 4987 882 5059 Steph.)
915 4988 991 5057 δὴ
1024 4989 1152 5059 (hoc
1175 4999 1228 5044 et
1254 4988 1399 5061 Otto)
1429 4999 1533 5046 etc.

359 5076 397 5130 l.
434 5075 505 5130 30
545 5085 657 5147 lege
702 5077 835 5133 ἀλλὰ
872 5077 975 5150 μὴν
1010 5080 1071 5132 τό
1094 5095 1157 5133 τε
1185 5096 1311 5151 περι
1347 5119 1361 5131 .
1398 5118 1411 5132 .
1447 5118 1463 5132 .

287 5170 412 5224 cod.
457 5169 699 5241 Argent.)
738 5170 1041 5239 ἄξιαλόγου,
1073 5174 1144 5225 οὐ
1173 5171 1337 5241 (quod
1376 5163 1591 5242 propter
1615 5173 1852 5227 homoeo-

1970 1058 2299 1125 oﬁt‘,=tam
2330 1062 2619 1128 excellens,
2636 1065 2932 1135 egregium,
2949 1069 3289 1137 prmclarum,
3322 1071 3374 1124 iu
3393 1070 3540 1140 quod

1970 1164 2025 1209 et
2050 1170 2150 1207 van
2186 1153 2389 1223 liengel
2422 1155 2627 1211 incidit.

2042 1248 2079 1302 l.
2108 1247 2177 1301 32
2214 1247 2497 1303 verissima
2540 1259 2624 1305 est
2664 1250 2870 1307 Marani
2911 1253 3252 1323 coniectura;
3290 1255 3544 1328 perfrigi-

1970 1338 2098 1392 dum
2140 1349 2195 1393 et
2239 1340 2404 1395 nimis
2451 1340 2608 1412 longe
2642 1346 2930 1415 quaesitum
2972 1356 3056 1402 est
3084 1348 3229 1418 quod
3271 1348 3458 1405 Ottoni
3486 1352 3542 1408 in

1972 1445 2202 1490 mentem
2232 1437 2406 1492 venit.

2038 1544 2155 1603 Cui.
2194 1548 2411 1615 1176,1.
2452 1550 2520 1603 33
2560 1550 2911 1616 πλεονάζουσι
2968 1552 3035 1608 de
3083 1552 3413 1607 Christianis
3459 1552 3546 1608 in-

1970 1648 2122 1694 terne
2148 1642 2540 1708 crescentibus,
2573 1643 2969 1710 sc.virtutibus,
2994 1646 3227 1715 explicat
3253 1645 3398 1701 Otto.

2042 1731 2078 1786 1.
2110 1732 2180 1787 45
2211 1733 2447 1801 ἀληθῶς
2477 1736 2617 1805 quod
2643 1744 2763 1806 post
2789 1737 2951 1800 αὐτὸς
2971 1740 3428 1808 typographorum
3454 1740 3539 1794 in-

1972 1824 2121 1878 curia
2149 1840 2215 1879 ex
2246 1825 2576 1882 editionibus
2601 1828 2822 1894 excidit,
2850 1844 2916 1884 ex
2948 1829 3138 1885 codice
3166 1832 3390 1901 Argent.
3415 1830 3543 1887 Otto

1971 1917 2026 1970 in
2059 1926 2205 1972 textu
2239 1928 2381 1973 recte
2408 1922 2671 1989 reposuit.

2041 2008 2076 2063 l.
2108 2009 2176 2062 44
2216 2008 2435 2067 Rectius
2453 2011 2730 2081 ἐνίδρυσε
2747 2028 2901 2085 apog.
2922 2014 3081 2069 Beur.
3104 2012 3291 2070 etcod.
3319 2012 3541 2086 Argent.

1971 2104 2248 2158 exhibent.

2041 2214 2154 2269 Col.
2184 2215 2341 2282 ηπ,
2368 2217 2404 2273 ι.
2438 2218 2589 2272 15οὐ
2607 2218 2835 2287 μενοῦν
2863 2220 3133 2275 rescribas
3153 2235 3277 2276 cum
3302 2194 3539 2278 Hefelee.

1900 2318 1941 2376 Β
2034 2307 2072 2362 1.
2109 2308 2174 2363 19
2203 2306 2335 2375 Qure
2363 2310 2817 2380 typographorum
2849 2312 3056 2366 incuria
3084 2313 3394 2367 exciderant
3422 2330 3543 2368 ver-

1964 2399 2032 2454 ha
2062 2415 2079 2453 :
2114 2399 2326 2471 ἔπεμψε
2373 2431 2422 2441 -
2449 2401 2680 2466 διωκῶν.
2722 2412 2867 2458 recte
2894 2420 3040 2459 nunc
3066 2404 3118 2458 in
3159 2405 3341 2460 sedem
3382 2420 3538 2461 suam

1962 2493 2213 2549 restituta
2248 2503 2395 2552 sunt.
2439 2495 2570 2551 Dein
2622 2496 2910 2568 κρινοῦντα
2961 2506 3103 2553 recte
3151 2498 3384 2554 coniecit
3423 2498 3543 2553 Ste-

1963 2587 2197 2656 phanus.
2242 2587 2362 2642 Mox
2391 2588 2803 2654 πλεονάζοντας,
2832 2591 3022 2644 eodem
3062 2591 3245 2657 modo,
3283 2602 3342 2646 ut
3374 2607 3539 2661 supra

1964 2681 2070 2736 col.
2091 2680 2251 2745 H76,
2280 2681 2317 2735 l.
2346 2681 2725 2751 33.explicare
2745 2682 2915 2736 voluit
2944 2680 3092 2738 Otto.
3126 2682 3270 2737 Infra
3299 2684 3354 2737 in
3384 2684 3541 2738 initio

1965 2789 2087 2843 cap.
2117 2790 2216 2827 vrn
2244 2773 2571 2838 ἀξιοπίστων
2605 2774 2812 2830 ironice
2841 2775 3049 2830 dictum
3077 2790 3199 2830 esse
3222 2786 3368 2830 recte
3393 2776 3542 2832 vide-

1965 2876 2093 2921 runt
2122 2866 2465 2936 interpretes.

2033 2991 2151 3047 Col.
2185 2992 2343 3056 H80,
2372 2992 2409 3046 l.
2447 2991 2481 3046 5
2517 2992 2612 3046 καὶ
2644 2991 2865 3062 ἀγανὸς
2895 2992 3181 3064 (=mitis)
3237 2992 3331 3047 καὶ
3378 2991 3534 3064 ἀόργ.

1963 3079 2351 3137 iioit‘mannum
2381 3080 2685 3138 coniecisse
2719 3082 2902 3139 Hefele
2927 3084 2994 3139 ad
3025 3086 3101 3140 bl.
3129 3086 3285 3140 dixit.

2033 3174 2069 3227 l.
2109 3172 2142 3227 8
2179 3174 2301 3228 loco
2327 3172 2393 3244 ἣν
2428 3171 2553 3228 Otto
2584 3174 2710 3230 velit
2734 3175 2937 3247 ταύτην
2967 3176 3229 3245 scripturn
3254 3178 3398 3232 esse.

2032 3267 2069 3321 l.
2108 3268 2179 3322 23
2216 3268 2630 3339 ἀπαγομένους
2663 3283 2730 3323 ex
2761 3269 2882 3325 cod.
2915 3269 3137 3340 Argent.
3171 3279 3317 3325 recte
3343 3272 3537 3327 rescri-

1962 3358 2070 3429 psit
2110 3356 2258 3425 Otto,
2294 3375 2418 3414 cum
2460 3370 2515 3417 et
2560 3359 2722 3416 Beur.
2755 3376 2944 3431 apogr.
2997 3361 3389 3433 ἁταλλομένους
3434 3364 3535 3418 ha-

1946 3451 2105 3506 Abeat.

2030 3546 2068 3600 l.
2107 3544 2179 3599 25
2214 3544 2306 3598 τὸν
2331 3543 2449 3598 νῦν
2480 3552 2627 3600 recte
2649 3544 2831 3600 Hefele
2859 3546 3161 3616 rescripsit.

2033 3638 2069 3693 l.
2105 3638 2175 3693 35
2212 3638 2421 3694 scribas
2452 3638 2759 3693 nobiseum.
2793 3676 2809 3692 .
2842 3678 2857 3691 .
2898 3637 3124 3709 δύναμιν
3165 3679 3178 3693 .
3214 3682 3226 3694 .
3263 3680 3277 3694 .
3306 3641 3381 3705 ὼς
3410 3641 3427 3710 (
3468 3666 3525 3690 =

1960 3730 2242 3803 quoniam)
2269 3730 2367 3801 τῆς
2395 3731 2555 3784 ὑπεδ.
2588 3730 2698 3801 φιλ.
2728 3731 2827 3802 μία
2852 3732 3045 3802 ἀγάπην
3083 3732 3420 3801 (subiectum
3449 3742 3533 3789 est

1960 3825 2109 3879 verbi
2154 3822 2436 3894 ἐμίσησεν,
2487 3824 2635 3892 etc.)
2673 3822 2767 3876 τοῦ
2796 3823 2845 3875 θ.
2881 3824 2979 3877 οὐκ
3010 3824 3153 3894 ὲμίσ.
3187 3826 3356 3896 ἡμᾶς,
3413 3826 3532 3879 οὐδὲ

1960 3914 2081 3979 ἀπ.,
2130 3913 2413 3984 οὺδέ“ὲμν.
2462 3912 2749 3973 (attendas
2794 3915 2860 3969 ad
2891 3915 3365 3987 'polysyndeton),
3414 3917 3531 3971 ἀλλ’

1959 4006 2185 4077 ὲμακρ.,
2218 4007 2430 4079 iw:qu
2463 4007 2602 4061 ἑκὼν
2629 4008 2711 4063 vel
2745 4005 2942 4061 ἐθέλων
2996 4007 3103 4077 (cf.
3138 4006 3277 4063 Just.
3323 4008 3525 4079 Expos.

1958 4108 2091 4154 rect.
2129 4097 2220 4153 fid.
2250 4114 2301 4155 c.
2345 4098 2451 4166 11;
2500 4099 2656 4154 codd.
2701 4109 2755 4153 et
2799 4098 2920 4153 edd.
2962 4096 3155 4167 λέγων,
3180 4100 3340 4170 male)
3369 4100 3531 4162 αὐτὸς

1959 4190 1979 4261 (
1995 4190 2239 4245 attendas
2264 4189 2330 4244 ad
2358 4189 2592 4244 subitam
2624 4189 2851 4245 subiecti
2877 4190 3273 4258 mutationem)
3298 4208 3348 4244 τ.
3385 4193 3439 4263 ἡ.
3467 4193 3523 4247 ἁ.

1959 4283 2261 4348 ἀνεδέξατο·
2308 4283 2469 4347 αὐτὸς
2525 4284 2544 4353 (
2568 4282 2798 4340 fortasse
2826 4300 2892 4340 ex
2916 4284 3358 4342 antecedentibus
3385 4287 3527 4343 male

1961 4376 2048 4431 hic
2074 4374 2383 4446 repetitum)
2410 4375 2522 4442 τὸν,
2551 4385 2657 4431 etc.

2025 4499 2142 4554 Col.
2178 4498 2307 4554 1181
2341 4500 2374 4555 Ι.
2404 4500 2476 4553 ‘20
2513 4500 2806 4570 ἐπίγνωσιν
2855 4503 3077 4571 πατρός
3132 4502 3153 4572 (
3182 4502 3287 4560 hoc
3332 4507 3519 4562 vocab.

1958 4590 2153 4646 habent
2190 4607 2377 4661 apogr.
2414 4593 2574 4649 Beur.
2600 4604 2655 4649 et
2684 4595 2805 4650 cod.
2839 4595 3182 4665 Argent.).'0
3207 4598 3336 4671 γὰρ,
3377 4609 3481 4655 etc.

2025 4683 2062 4738 1.
2094 4684 2165 4739 23
2199 4684 2267 4739 τὰ
2292 4687 2350 4739 ὲν
2378 4686 2453 4755 τῇ
2490 4686 2589 4756 τῇ,
2618 4689 2691 4743 ita
2723 4698 2995 4758 praeeunte
3021 4688 3232 4755 Bochl.,
3260 4692 3351 4761 qui
3384 4702 3438 4747 ct
3464 4694 3521 4746 ἐν

1954 4774 2101 4847 αὐτῷ
2135 4777 2384 4844 coniecit,
2419 4787 2624 4835 textum
2658 4782 3058 4837 constituerunt
3088 4783 3213 4837 Otto
3237 4795 3289 4839 et
3317 4784 3517 4840 Hercle.

1954 4866 2075 4921 Mox
2120 4883 2186 4923 ex
2218 4884 2406 4924 errore
2438 4873 2754 4942 typograph.
2789 4872 2965 4943 λόγιον
2996 4876 3116 4932 loco
3138 4877 3293 4945 λόγον
3320 4877 3374 4930 in
3403 4876 3518 4932 Ma-

1953 4961 2071 5015 rani
2099 4961 2388 5017 editionem
2418 4962 2726 5034 irrepserat,
2747 4968 2889 5037 quod
2924 4967 3040 5023 iure
3077 4978 3375 5025 correctum
3412 4980 3514 5025 est.

1501 5044 1711 5144 οὐδενὸς
1742 5080 1850 5149 (ita

2021 5054 2058 5108 l.
2089 5054 2159 5108 40
2195 5055 2316 5111 loco
2341 5057 2441 5111 ὅσα
2472 5058 2578 5113 iam
2602 5073 2745 5112 anno
2773 5060 2933 5125 1815,
2958 5077 3081 5115 cum
3113 5060 3345 5131 primum
3375 5061 3515 5116 hanc

1953 5146 2237 5216 epistolam
2277 5149 2617 5220 legissemus,
2650 5154 2737 5219 ὅς,
2771 5153 2809 5208 d
2836 5154 3230 5209 emendandum
3278 5169 3399 5210 esse
3436 5155 3516 5209 vi-

286 5262 524 5315 teleuton
541 5237 813 5318 excidisse
845 5237 949 5317 iam
978 5263 1110 5318 vidit
1130 5237 1413 5334 Stephani.)
1442 5237 1663 5335 νομίζω.
1693 5264 1847 5331 Quod
1953 5237 2168 5335 minus}
2198 5256 2363 5335 q“_a_m
2394 5244 2759 5335 coniecturam
2782 5244 3216 5335 "°b‘5_P“WP“
3239 5260 3355 5335 Va",
3370 5244 3515 5335 11⁸³³·

287 5351 334 5407 si
362 5354 450 5406 cui
478 5367 583 5408 non
610 5353 891 5422 placuerit,
914 5354 1051 5424 leget
1071 5353 1158 5423 μὴ
1187 5355 1328 5425 (quae
1352 5366 1435 5410 est
1466 5355 1731 5425 particula
1761 5353 1849 5408 in-

288 5444 634 5511 terrogativa)
690 5445 808 5502 loco
842 5446 947 5517 μὴν
969 5455 1021 5501 et
1048 5455 1214 5517 ponet
1241 5455 1363 5517 post
1396 5447 1586 5518 μαθεῖν
1633 5446 1845 5517 signum

285 5535 746 5605 interrogationis.

353 5626 391 5679 1.
426 5625 495 5680 38
531 5628 784 5685 emendes
832 5629 989 5685 nobis
1038 5628 1401 5701 prazeuntibus
1452 5628 1567 5707 πῶς
1616 5624 1729 5685 οὖν
1758 5627 1847 5684 Osi-

285 5736 375 5787 μις
407 5720 557 5785 ent;
589 5721 732 5793 quod
761 5731 814 5779 et
835 5722 1083 5781 Ottoncm
1117 5723 1415 5781 coniecisse
1444 5722 1706 5780 videmus.

1953 5328 2058 5397 ge],
2090 5331 2172 5383 vir
2193 5331 2352 5386 nobis
2383 5334 2700 5389 carissimus
2730 5342 2784 5388 et
2817 5333 3052 5388 maxime
3076 5334 3305 5390 amicus.
3342 5334 3513 5392 Verba

1948 5419 2122 5473 ταῦτα
2150 5423 2290 5477 ἐπιδ.
2326 5442 2384 5478 κ.
2435 5424 2646 5479 incuria
2687 5426 3006 5495 typograph.
3055 5424 3111 5479 in
3138 5424 3269 5482 edit.
3301 5424 3509 5482 Maran.

1948 5511 2148 5566 omissa
2176 5523 2319 5569 recte
2347 5516 2401 5569 in
2434 5517 2615 5572 sedem
2641 5530 2795 5571 suam
2829 5516 3078 5572 restituta
3103 5526 3249 5573 sunt.

2017 5628 2133 5682 Col.
2166 5629 2301 5683 1184
2332 5630 2367 5684 1.
2398 5630 2433 5683 2
2470 5630 2549 5697 εἰς
2573 5630 2638 5686 τὸ
2663 5630 2743 5702 (τὸ
2765 5630 2927 5686 habet
2948 5641 3090 5689 recte
3115 5632 3233 5688 cod.
3263 5631 3510 5705 Argent.)

1947 5719 2058 5791 πῦρ
2084 5722 2144 5775 τὸ
2173 5721 2407 5778 αἰώνιον.
