4038 6314
581 329 719 383 1505

2048 316 2391 373 ADDENDA.

3646 326 3765 383 titul

650 449 689 505 l.
720 450 753 503 ι
787 462 913 503 cum
943 447 998 501 in
1029 444 1215 501 codice
1238 444 1462 515 Argent.
1489 444 1699 513 aliquot
1726 442 1974 496 vocabuli
2011 444 2146 515 πρὸς
2175 449 2222 507 Α
2250 445 2410 498 sitam
2444 441 2545 495 ὑπό
2567 458 2630 495 τε
2650 438 2745 495 τοῦ
2773 438 2975 509 recepit
2999 438 3053 493 in
3077 445 3280 493 textum
3314 435 3514 492 llelele.
3538 439 3764 511 Denique.

581 539 805 610 vestigia
830 538 1011 593 adhuc
1037 546 1354 607 appareant,
1372 549 1517 591 recte
1536 535 1734 591 οιιοτὸ
1750 534 1862 605 πῦρ
1881 533 1943 587 τὺ
1959 535 2152 603 πρόσ-

578 643 789 695 καιρον
815 626 869 681 in
897 636 1047 681 textu
1074 626 1377 681 collocavit.

656 721 693 774 Ι.
721 720 785 773 21
830 721 1085 785 παλαιός
1114 728 1164 774 et
1193 720 1313 775 cod.
1340 718 1565 788 Argent.
1595 718 1833 773 exhibet.
1930 768 1933 775 .

652 812 690 866 l.
726 812 826 866 ult.
865 812 1005 867 male
1025 810 1332 871 oldeletum
1362 811 1535 865 voluit
1561 809 1818 865 Maranus
1844 826 1858 864 :
1894 817 1949 864 tu
1974 818 2150 864 trans-

579 907 748 972 leras,
773 904 971 976 quippe
995 904 1088 977 qui
1115 903 1240 959 facti
1266 903 1405 958 sitis.
1424 902 1598 958 Verba
1626 920 1641 956 ε
1676 918 1849 969 παγκ.
1881 942 1896 957 .
1925 942 1941 958 .
1969 940 1987 953 .
2020 902 2148 955 ἐαυ-

578 999 690 1061 τοίς
722 1013 830 1067 quo
862 997 1024 1052 modo
1070 994 1331 1059 ποικίλοις
1361 1011 1418 1049 κ.
1452 994 1588 1047 Κεκ.
1632 992 1760 1048 facti
1806 991 1917 1047 sint
1961 1000 2147 1046 osten-

578 1087 732 1152 dunt;
759 1100 880 1156 quae
895 1086 1016 1139 dum
1041 1083 1316 1151 sententiae
1334 1082 1679 1153 participales
1709 1097 1932 1137 causam
1962 1093 2146 1136 osten-

578 1179 736 1243 dunt,
774 1194 840 1233 ex
871 1172 978 1247 qua
1024 1175 1155 1232 illud
1185 1176 1235 1230 οἱ
1276 1192 1391 1245 γεν.
1424 1215 1440 1230 .
1470 1215 1485 1228 .
1516 1215 1531 1228 .
1564 1192 1652 1246 τρ.
1689 1174 1966 1246 procedat.
1998 1172 2145 1229 Loco

578 1268 787 1339 τρυφῆς
816 1266 1195 1345 Ποσισιςιηιηιιιι
1225 1265 1442 1337 τρύγης
1463 1266 1557 1337 (.-_-
1583 1266 1816 1337 messis)
1848 1265 2145 1322 coniecisse

577 1359 747 1423 refert
769 1356 971 1413 Hercle.

649 1449 768 1507 Col.
793 1450 1068 1507 11851.1”Ι
1097 1450 1529 1507 emendationem
1562 1467 1591 1505 a
1615 1451 1772 1505 nobis
1804 1449 1841 1504 Ι.
1869 1448 1905 1504 1.
1938 1465 2138 1521 propo-

514 2262 733 2295 v'ﬁ’hq".
752 2284 773 2297 ε’

2325 535 2364 589 ι.
2394 534 2459 588 Si
2502 533 2679 602 αἱρεῖν
2699 531 2845 603 quod
2881 540 2939 586 et
2975 545 3077 585 nos
3111 530 3255 596 olim,
3283 546 3409 585 cum
3454 530 3603 585 Beur.
3632 547 3767 603 apog.

2253 626 2395 701 ἐρῶν
2453 626 2750 689 exhiberet,
2797 624 3154 687 coniecimus,
3191 622 3319 678 Otto
3364 639 3577 693 quoque
3622 628 3775 681 contie-

2174 722 2181 727 ’
2251 729 2404 774 clura
2431 724 2707 772 assecutus
2723 726 2827 779 est,
2853 716 2982 786 quia
3005 714 3115 787 ρῶν
3158 716 3209 769 in
3236 716 3360 770 eod.
3384 716 3595 784 Argent.
3619 718 3773 775 adhuc

2252 825 2541 881 superesse
2570 819 2623 864 et
2640 810 2775 863 duas
2801 817 3011 864 tantum
3034 807 3241 863 litteras
3264 816 3392 863 ante
3418 808 3524 880 ρῶν
3548 812 3775 868 evanidus

2250 918 2375 960 esse
2408 903 2509 973 ipsi
2548 902 2849 957 nuntiatum
2881 910 3019 956 erat.

2324 994 2448 1049 Hac
2474 1009 2665 1064 pauca,
2694 1008 2815 1065 qua:
2857 991 2925 1048 ab
2969 994 3198 1049 honesto
3225 1002 3280 1049 et
3314 992 3603 1048 reverenda
3635 994 3772 1051 huius

2252 1088 2375 1143 libri
2400 1087 2605 1141 edito‘re
2636 1085 2827 1157 rogati,
2852 1086 2976 1156 ipsi,
2997 1086 3279 1141 nonnullis
3321 1085 3377 1139 in
3432 1086 3539 1156 ipsa
3568 1087 3777 1142 editione

2249 1180 2509 1236 correctis
2528 1180 2581 1233 in
2601 1193 2828 1248 eamque
2848 1178 3062 1244 additis,
3084 1178 3447 1249 imprimemla
3468 1179 3770 1235 tradidimus.

2248 1274 2304 1328 in
2333 1287 2569 1342 presens
2594 1269 2882 1325 sulliciant.
2908 1270 3039 1324 Nam
3087 1287 3199 1342 quo
3244 1274 3433 1325 minus
3464 1272 3605 1341 plura
3631 1286 3779 1325 eanue

2248 1364 2502 1419 uberiora
2537 1379 2683 1419 nunc
2713 1364 2843 1419 dare
2868 1364 3157 1433 possimus,
3190 1364 3382 1419 multis
3426 1362 3543 1420 aliis
3576 1363 3779 1431 negotiis

2246 1451 2616 1523 prohibemur.

1807 3227 1983 3286 FlNIS
2039 3226 2206 3283 Τοκι
2256 3226 2570 3285 SECUNDI.

1275 5871 1607 5994 θεῖα
1724 5810 1983 6009 022

2370 5787 3712 5898 TW
