4116 6224
549 353 615 409 II
1365 352 1428 409 s.
1477 350 1918 412 CLEMENTIS
1967 353 1985 411 ι
2037 352 2222 412 non.
2273 330 2504 411 PONT.
2551 352 2809 413 OPERA
2855 352 3118 413 DUBIA.
3871 356 3944 413 I2

546 483 638 538 sui
662 482 1066 537 imitationem.
1092 481 1275 537 Habet
1290 480 1443 536 enim
1467 481 1526 536 in
1550 498 1611 537 se
1637 483 1859 538 Patrem
1880 488 1937 538 et
1954 484 2179 549 Filium,

2265 481 2426 552 ,κόνα
2454 483 2693 557 γεγονὼς
2750 485 2883 537 Θεοῦ
2904 481 2993 536 καὶ
3039 481 3158 535 καθ’
3205 480 3488 554 ὁμοίωσιν,
3534 480 3681 560 φέρει
3729 482 3780 537 ἓν
3818 483 3939 538 ἑαυ-

543 578 602 627 et
629 571 931 644 Spiritum.
964 571 1035 625 Et
1065 570 1154 625 aio
1185 588 1300 641 quo
1332 571 1523 625 modo.
1549 571 1708 627 Mens
1730 573 1967 643 quidem
1992 572 2184 628 locum

544 660 733 715 Patris
764 660 1026 726 obtinet;
1055 658 1180 713 Filii
1239 676 1395 727 vero,
1436 660 1535 730 qui
1584 677 1652 715 ex
1700 667 1894 716 mente
1925 662 2187 733 gignitur

541 766 734 804 sermo
756 750 989 805 interior
1007 765 1028 811 ;
1051 754 1106 803 at
1129 764 1255 819 quae
1278 748 1517 802 auditur
1539 766 1648 803 vox
1671 749 2034 821 prolationis,
2059 750 2185 822 Spi-

539 838 721 893 ritum
753 841 1147 909 reprmscntat.
1200 836 1270 891 Et
1315 836 1467 892 sicut
1515 837 1777 907 nunquid
1823 838 2020 894 existit
2051 848 2183 894 ante

539 941 868 981 sermonem
900 925 1199 981 internum
1256 941 1419 980 mens
1468 941 1593 997 qua
1643 925 1809 981 illum
1843 927 2067 999 gignit:
2102 927 2183 982 ita

536 1032 640 1070 nec
670 1019 804 1070 ante
835 1019 1016 1069 Deum
1069 1014 1349 1084 Verbum,
1394 1014 1494 1086 qui
1544 1016 1747 1086 genuit
1793 1014 1959 1083 illud,
1992 1016 2177 1072 Pater.

533 1105 605 1159 Et
635 1104 873 1175 iterum,
906 1104 1060 1159 sicut
1090 1120 1282 1159 sermo
1314 1102 1613 1159 sensibilis
1662 1121 1777 1159 non
1821 1105 2017 1161 existit
2047 1112 2179 1163 ante

533 1192 873 1249 sensibilem
898 1198 1165 1248 nostrum
1189 1192 1482 1265 spiritum,
1506 1193 1587 1248 ita
1604 1210 1709 1249 nec
1725 1194 1879 1250 Deus
1895 1194 2174 1261 Verbum,

533 1288 668 1338 ante
690 1282 955 1337 divinum
978 1298 1043 1337 ac
1068 1281 1359 1336 viviﬁoum
1383 1281 1699 1352 Spiritum;
1733 1283 1885 1339 sicut
1914 1288 1971 1338 et
2001 1300 2172 1356 supe-

532 1371 655 1426 rius
676 1370 1007 1443 exemplum
1031 1369 1468 1425 demonstravit.
1493 1372 1797 1441 Paucisque
1827 1372 2127 1443 interjectis
2152 1390 2171 1427 :

531 1459 591 1514 Si
612 1459 791 1530 enim,
816 1459 914 1514 lux
937 1458 1199 1530 quidem,
1221 1475 1355 1513 cum
1380 1459 1458 1513 sit
1480 1458 1620 1514 solis
1642 1460 1987 1532 progenies;
2014 1461 2174 1515 simi-

526 1547 776 1620 literque
806 1548 1104 1619 splendor,
1136 1546 1287 1602 oculi
1314 1565 1326 1615 ;
1362 1552 1463 1602 aut
1495 1548 1645 1613 fons,
1670 1547 1725 1603 id
1750 1550 1900 1619 quod
1927 1549 2170 1605 ﬂuvium

525 1637 818 1708 producit,
850 1653 1148 1707 nunquam
1183 1642 1378 1691 tamen
1421 1637 1664 1708 exstitit,
1700 1653 1887 1708 neque
1919 1637 2003 1693 sol
2037 1645 2171 1695 ante

523 1725 736 1795 lucem,
770 1742 956 1796 neque
987 1725 1191 1781 oculus
1223 1731 1355 1780 ante
1387 1725 1777 1796 splendorem,
1816 1743 2003 1798 neque
2035 1734 2169 1784 ante

527 1814 767 1868 ﬂuvium
801 1816 967 1883 fons;
1002 1814 1175 1870 simul
1210 1814 1364 1868 enim
1399 1829 1464 1867 ac
1487 1813 1839 1869 intellexeris
1861 1814 2064 1885 solem,
2089 1816 2167 1871 si-

528 1902 651 1957 mul
683 1908 739 1958 et
768 1920 901 1958 cum
934 1903 1031 1959 illo
1054 1902 1343 1971 intelliges
1363 1920 1431 1958 ex
1451 1919 1516 1957 eo
1540 1903 1904 1974 progenitam
1935 1902 2123 1959 lucem
2151 1923 2163 1972 ;

523 1999 580 2047 et
610 1992 787 2048 simul
815 2010 881 2048 ac
910 1991 1199 2064 intelliges
1230 1991 1485 2062 oculum,
1518 1991 1695 2046 simul
1726 1996 1783 2047 et
1813 2008 1945 2047 cum
1978 2010 2043 2049 eo
2073 1993 2161 2048 in-

523 2081 749 2153 telliges
772 2098 839 2137 ex
859 2083 984 2154 ipso
1008 2082 1416 2153 procedentem
1443 2080 1816 2152 splendorem
1844 2099 1856 2149 ;
1890 2083 2164 2152 quemad-

518 2172 759 2226 modum
782 2176 838 2226 et
859 2171 1098 2226 ﬂuvium
1120 2187 1238 2225 una
1257 2186 1388 2225 cum
1414 2170 1569 2225 fonte
1603 2169 2025 2242 intelligimus:
2058 2188 2159 2226 eo-

515 2261 648 2315 dem
679 2276 913 2332 quoque
935 2260 1106 2315 modo
1138 2259 1515 2331 cogitandum
1547 2262 1635 2314 est
1665 2260 1736 2314 de
1768 2258 1953 2328 Patre,
1986 2259 2151 2329 Filio,

509 2353 566 2405 et
594 2348 813 2421 Spiritu
846 2352 1071 2405 sancto.

2297 575 2373 642 τῷ
2412 566 2763 644 συμϐολικῶς
2808 575 2907 626 τοῦ
2954 571 3279 641 ποιήσαντος
3330 571 3430 640 τήν
3484 571 3735 644 μίμησιν.
3784 574 3940 648 Ἔχει

2295 660 2397 734 γὰρ
2458 660 2507 713 ἐν
2564 660 2734 732 ἑαυτῷ
2793 658 3003 734 Πατέρα
3057 659 3145 713 καὶ
3205 659 3327 714 Υἱὸν
3384 658 3475 713 καὶ
3532 664 3783 734 Πνεῦμα.
3842 664 3939 717 Καὶ

2296 747 2442 822 λέγω
2473 770 2611 810 πως·
2647 750 2708 806 Ὁ
2760 750 2853 821 μὲν
2902 753 3047 818 νοῦς,
3093 748 3303 824 Πατρὸς
3348 748 3514 803 τόπον
3565 748 3771 826 ἐπέχειο
3813 752 3941 805 Υἱοῦ

2294 833 2373 905 δὶ,
2404 838 2432 891 ὁ
2545 836 2707 892 αὐτοῦ
2750 836 3069 911 τικτόμενος
3122 835 3308 912 λόγος’
3341 837 3431 893 καὶ
3482 840 3516 908 ἡ
3550 835 3749 913 ἔνηχος
3787 840 3940 916 φωνή

2288 932 2387 994 τῆς
2414 930 2717 1001 προφορᾶς,
2766 924 2828 979 τὸ
2878 929 3099 998 Πνεῦμα
3145 925 3457 998 παρίστησι.
3510 926 3608 981 Καὶ
3660 925 3841 1003 ὥσπερ
3882 927 3941 983 οὗ

2288 1016 2633 1091 προϋπάρχει
2661 1014 2793 1068 ποτὲ
2820 1019 2917 1068 τοῦ
2948 1011 3256 1069 ἐνδιαθέτου
3288 1012 3457 1090 λόγου
3491 1015 3519 1068 ὁ
3552 1017 3814 1089 γεννήσας
3854 1015 3946 1070 αό-

2285 1103 2377 1157 τὸν
2409 1108 2553 1176 νοῦς,
2587 1102 2764 1165 οὕτως
2798 1102 2921 1158 οὐδὲ
2949 1107 3044 1158 τοῦ
3094 1107 3228 1158 Θεοῦ
3286 1102 3462 1177 Δόγου
3494 1104 3521 1158 ὁ
3552 1105 3812 1179 γεννήσας
3844 1105 3940 1160 αὔ-

2286 1191 2376 1246 τὸν
2414 1194 2621 1267 Πατήρ.
2656 1190 2754 1247 Καὶ
2804 1190 2969 1247 πάλιν
3018 1189 3198 1266 ὥσπερ
3250 1190 3312 1247 οὐ
3342 1191 3689 1268 προϋπάρχει
3719 1197 3818 1248 τοῦ
3848 1191 3940 1247 αἷ-

2287 1282 2484 1349 σθτ,τοῦ
2534 1283 2693 1354 ἡμῶν
2745 1280 3050 1353 πνεύματος
3101 1283 3129 1335 ὁ
3186 1279 3446 1351 αἰσθητὸς
3514 1278 3701 1358 λόγος,
3761 1281 3935 1346 οὕτως

2284 1366 2411 1424 οὐδὲ
2438 1374 2533 1425 τοῦ
2567 1370 2713 1434 θείου
2741 1368 2830 1424 καὶ
2862 1374 3135 1439 ζωοποιοῦ
3166 1368 3480 1442 ΙΙνεύματος
3515 1370 3542 1425 ὁ
3571 1370 3697 1433 Θεὸς
3730 1368 3932 1447 Λόγος.

2281 1460 2457 1521 καθὼς
2515 1460 2603 1514 καὶ
2655 1461 2717 1514 τὸ
2774 1458 3035 1535 πρότερον
3096 1456 3339 1531 ἀπέδειξε
3395 1456 3773 1535 παράδειγμα.
3832 1458 3931 1514 Καὶ

2284 1550 2400 1620 μετ’
2454 1546 2639 1623 ὀλίγοιο
2674 1548 2733 1603 Εἰ
2764 1548 2868 1624 γὰρ
2901 1552 3014 1626 φῶς
3050 1548 3142 1621 μὲν
3193 1547 3360 1617 ἡλίου
3411 1546 3673 1621 γέννημα,
3720 1548 3932 1621 ὁμοίως

2279 1639 2366 1691 καὶ
2424 1636 2707 1715 ὀφθαλμοῦ
2767 1637 2924 1713 αὐγὴ,
2985 1638 3019 1706 ἢ
3080 1638 3229 1712 πηγή
3293 1635 3543 1711 ποταμοῦ
3600 1631 3926 1712 πρόϐλημα,

2280 1726 2340 1780 οὐ
2374 1734 2703 1802 προϋπῆρχε
2734 1724 2790 1780 δέ
2839 1747 2991 1798 ποτε,
3043 1721 3165 1781 οὔτε
3202 1731 3299 1781 τοῦ
3351 1726 3531 1803 φωτὸς
3578 1724 3762 1798 ἥλιος,
3806 1724 3930 1780 οὔτε

2276 1822 2374 1884 τῆς
2408 1815 2574 1891 αὐγῆς
2618 1813 2922 1893 ὀφθαλμὸς,
2956 1811 3079 1870 οὔτε
3106 1820 3203 1870 τοῦ
3252 1819 3501 1887 ποταμοῦ
3532 1817 3566 1884 ἠ
3602 1817 3780 1890 πηγή*
3815 1817 3927 1887 ἅμα

2277 1906 2380 1980 γὰρ
2414 1904 2707 1973 ἐπενόησας
2754 1903 2932 1975 ἥλιον,
2984 1903 3097 1977 ἃμα
3129 1904 3530 1974 συνεπινοήσεις
3562 1902 3708 1975 αὐτῷ
3745 1904 3834 1958 καὶ
3862 1904 3925 1958 τὸ

2275 1992 2326 2062 ἐξ
2375 1993 2536 2047 αὐτοῦ
2583 1992 2896 2065 τικτόμενον
2930 1997 3065 2070 φῶς*
3114 1993 3203 2047 καὶ
3236 1993 3348 2065 ἅμα
3381 1990 3688 2063 ἐπινοήσεις
3724 1990 3929 2070 ὀφθαλ-

2276 2083 2374 2154 μὸν
2410 2125 2425 2151 ,
2485 2082 2597 2155 ἅμα
2653 2082 3057 2152 συνεπινοήσεις
3114 2081 3260 2154 αὐτῷ
3315 2080 3405 2136 καὶ
3480 2081 3579 2150 τὴν
3651 2079 3703 2151 ἐξ
3759 2080 3925 2135 αὐτοῦ

2268 2175 2559 2247 προϊοῦσαν
2588 2170 2783 2245 αὐγήν·
2834 2170 2909 2232 ὡς
2955 2169 3043 2225 καὶ
3092 2169 3162 2245 τῇ
3193 2173 3344 2246 πηγῇ
3395 2170 3484 2224 τὸν
3525 2169 3772 2243 ποταμὸν
3807 2191 3926 2225 συν-

2266 2264 2606 2333 επινοοῦμενο
2643 2259 2815 2322 οὕτως
2847 2260 3068 2329 νοητέον
3114 2259 3204 2314 καὶ
3249 2257 3336 2314 ἐπὶ
3386 2260 3599 2335 ΙΙατρὸς
3647 2258 3739 2315 καὶ
3789 2260 3922 2315 Υἱοῦ

2264 2348 2353 2403 κὰὶ
2386 2349 2543 2422 ἁγίου
2574 2347 2714 2405 Ιινεύ
2724 2369 2912 2423 ματος.

504 2474 738 2545 Reliqua
764 2472 886 2529 vide
913 2474 973 2527 in
1003 2473 1174 2529 Notis.
1211 2501 1279 2513 —
1308 2471 1570 2528 Cotelerii
1615 2470 1894 2543 judicium
1949 2472 2017 2528 de
2047 2472 2403 2600 Clemeitztinis
2457 2476 2743 2547 praemittit
2798 2473 3137 2532 Gallandius
3191 2473 3581 2530 Dissertationi
3628 2489 3746 2532 sua
3793 2490 3924 2547 qua

2077 2561 2234 2600 seaui
2260 2563 2346 2600 ur.

2077 2561 2346 2616 sequitur.

1371 2785 1596 2914 DE
1717 2786 3007 2918 CLEMENTINIS

956 3002 1641 3100 GALLANDII
1712 3002 2535 3099 DISSERTATIO
2605 3003 3448 3100 PROCEMIALIS.

1054 3172 1117 3245 (γ
1143 3180 1213 3228 et.
1240 3176 1475 3227 Patrum
1504 3171 1863 3243 Bibliotheca,
1895 3178 1938 3229 t.
1975 3176 2045 3231 II.
2078 3174 2358 3246 Venetiis,
2402 3175 2561 3245 1766,
2595 3174 2813 3245 in-fol.,
2848 3173 3096 3247 Proleg.,
3129 3192 3183 3246 p.
3220 3176 3335 3247 ιν.)

562 3306 1133 3381 1.,Οιεεινιεκτικοιιυω
1159 3321 1291 3381 opus
1318 3322 1429 3362 non
1458 3305 1729 3362 incelebre
1755 3323 1767 3363 :
1799 3308 1996 3380 quippe
2025 3309 2266 3380 antiquis
2294 3308 2549 3365 Ecclesiae
2576 3308 2935 3381 script-oribus
2955 3313 3324 3364 memoratum
3348 3315 3518 3379 atque
3550 3318 3909 3380 excerptum.

495 3379 656 3436 Varia
686 3379 851 3449 hujus
878 3380 1055 3448 operis
1083 3378 1337 3448 partitio.

562 3452 629 3504 II.
657 3451 804 3505 Licet
831 3450 1111 3504 erroribus
1142 3453 1365 3513 scateat,

1424 3451 1611 3522 fructu
1668 3458 1852 3504 tamen
1903 3449 2052 3504 haud
2103 3454 2258 3505 caret
2315 3452 2431 3522 ejus
2487 3452 2663 3515 lectio,
2716 3450 3044 3520 multiplicis
3093 3451 3155 3505 in
3196 3451 3393 3520 primis
3420 3450 3688 3506 doctrinae
3707 3466 3912 3522 causa,

489 3526 649 3592 atque
675 3522 745 3575 ad
771 3523 1082 3590 primarum
1110 3521 1389 3576 ἤιεν-αδεσπ
1417 3519 1670 3590 dogmata
1714 3522 1918 3575 melius
1962 3519 2363 3590 cognoscenda.
2422 3525 2497 3592 In,
2523 3523 2715 3592 multis
2739 3522 2959 3578 similia
2987 3530 3113 3577 sunt
3144 3519 3624 3592 Recognitionibus
3650 3519 3913 3578 Clemen4

489 3591 645 3666 tina;
680 3608 803 3662 qua
832 3592 1310 3666 interpolatiouem
1340 3607 1547 3666 quoque
1570 3608 1731 3666 passa
1755 3608 1867 3646 esse
1896 3592 2165 3666 videntur.
2203 3593 2342 3660 Quid
2372 3591 2650 3666 Ομιλίαι..

562 3664 655 3719 ΙΙΙ.
689 3665 886 3719 Auctor
917 3664 1363 3733 Recognitionum
1394 3670 1443 3718 et
1464 3663 1845 3734 ,Homiliarum
1900 3662 2390 3734 Clementinarum,
2425 3662 2591 3721 'unus
2620 3667 2673 3719 et
2728 3663 2872 3719 idem
2920 3678 3035 3720 esse
3075 3663 3309 3719 videtur.
3342 3665 3484 3718 Erat
3511 3679 3585 3719 ea:
3612 3666 3760 3719 secta
3789 3665 3908 3720 Na-

488 3750 822 3792 zaréeorum.
857 3736 1034 3804 Longe
1061 3735 1225 3788 aliter
1252 3734 1415 3789 sentit
1443 3733 1510 3788 de
1540 3735 1682 3789 Filio
1717 3737 1819 3789 Dei
1848 3750 1911 3789 ac
1942 3736 2224 3792 Ebionitw.

561 3808 652 3863 IV.
688 3808 971 3877 Duplicem
1000 3808 1055 3861 in
1088 3807 1305 3861 Christo
1335 3809 1596 3860 naturam
1627 3810 1895 3877 agnoscit.

556 3878 624 3932 V.
660 3877 856 3933 Omnia
882 3895 984 3949 per
1010 3893 1138 3933 eum
1164 3886 1356 3932 creata
1384 3892 1497 3932 esse
1524 3877 1693 3932 docet.

682 3950 840 4031 Illius
869 3966 994 4004 cum
1028 3950 1632 4031 EbionitispugnaLex
1652 3948 1912 4031 pluribus
1943 3949 2080 4003 aliis
2108 3950 2406 4031 principiis
2432 3950 2785 4031 perspicitur.

554 4021 669 4077 VII.
703 4022 778 4077 De
808 4025 1049 4091 tempore
1076 4037 1179 4092 quo
1209 4021 1472 4091 scriptum
1504 4020 1871 4075 Homitiarum
1900 4035 2035 4092 Opus
2061 4020 2436 4076 existimatur.

2472 4016 2584 4090 Quo
2608 4029 2762 4093 pacto
2791 4018 3072 4077 adornata
3101 4018 3287 4075 isthzc
3315 4016 3503 4075 editio.

552 4250 595 4306 Ι.
622 4250 741 4305 Ηοο
762 4250 933 4306 estde
956 4250 1421 4306 Clementinomm
1442 4265 1614 4321 opere
1634 4249 1868 4307 Jomms
1900 4251 2127 4307 BAPTIS-
2158 4253 2201 4320 C
2239 4252 2598 4308 Antiocheno
2627 4252 2725 4323 (3),
2759 4251 3010 4306 Maximo
3042 4251 3122 4321 (4)
3161 4253 3219 4306 et
3259 4249 3518 4306 Cedreno
3548 4246 3625 4318 (ὅ)
3657 4245 3894 4319 colligi-

478 4354 566 4394 TE
595 4337 894 4394 Cornum:
936 4338 1226 4409 judicium
1277 4339 1491 4409 (Patres
1541 4339 1850 4409 apostolici,
1881 4344 1925 4403 Ι,
1956 4341 2084 4406 606)
2112 4357 2125 4395 :

556 4448 584 4475 ‹‹
616 4427 771 4483 Inter
802 4426 986 4482 multa
1014 4426 1343 4499 apocrypha
1375 4443 1501 4497 quea
1550 4427 1833 4482 Clementi
1867 4428 2126 4484 Romano

478 4520 703 4572 veteres
734 4516 1087 4583 tribuerunt,
1121 4531 1488 4587 quorumque
1518 4532 1695 4571 causa
1729 4532 1865 4571 eum
1897 4517 2131 4573 videtur

481 4605 741 4676 primum
772 4604 1183 4661 historicorum
1216 4603 1742 4660 ecclesiasticorum
1775 4606 2129 4662 constituere

481 4696 835 4751 Sozomenus
865 4694 963 4766 (1),
997 4709 1110 4749 non
1143 4693 1431 4748 incelebre
1462 4692 1616 4747 istud
1651 4697 1774 4748 est:
1800 4696 2129 4766 excerpitur

483 4780 640 4835 enim
663 4798 696 4835 ο.
713 4781 937 4837 Joanne
959 4780 1317 4836 Damasceno
1344 4796 1357 4837 :
1382 4779 1731 4835 nominatim
1751 4797 1884 4836 vero
1905 4798 2124 4837 memo-

481 4874 644 4925 ratur
673 4869 730 4924 in
761 4869 997 4941 Synapsi
1025 4868 1444 4932 Athanasiana,
1483 4868 1757 4925 Chronico
1786 4871 2124 4927 Alexandri-

477 4975 569 5026 no,
602 4960 846 5014 Historia
874 4959 1241 5014 ecclesiastica
1271 4956 1602 5029 Nicephori,
1638 4960 1926 5014 Anastasii
1959 4975 2120 5031 pres-

474 5047 658 5121 byteri
689 5050 777 5104 vel
811 5047 1053 5104 alterius
1086 5046 1463 5113 Collectaneis,
1494 5051 1551 5101 et
1582 5046 1818 5102 Niconis
1852 5049 2123 5104 Pandecte

470 5135 718 5192 inferius
752 5137 985 5192 citanda
1014 5138 1087 5191 ad
1116 5134 1326 5191 I‘Iomil.
1381 5152 1482 5205 xu,
1543 5151 1670 5206 cap.
1729 5138 1819 5207 25,
1852 5142 2029 5208 atque
2062 5140 2120 5193 in

470 5225 774 5296 Epitomen
827 5242 929 5297 per
979 5224 1431 5295 Metaphrastem
1487 5225 1786 5279 redactum
1827 5231 1934 5280 est.
1971 5227 2118 5281 Con-

470 5320 735 5385 spectum
767 5320 962 5371 autem
994 5313 1178 5369 fuisse
1208 5312 1279 5367 ab
1321 5310 1645 5382 Epiphanio
1676 5312 1773 5384 (2),
1808 5315 2117 5369 Anastasio

568 5458 620 5525 1)
652 5460 903 5525 Sozom.,
936 5458 1082 5513 Hist.
1116 5456 1218 5510 lib.
1252 5472 1290 5525 ι,
1320 5470 1445 5523 cap.
1486 5455 1537 5508 1.

566 5531 620 5599 2)
654 5529 880 5601 Epiph.,
914 5535 1063 5584 liter.
1098 5544 1246 5597 XXVI,
1282 5544 1336 5580 n.
1376 5526 1461 5580 16.

544 5595 620 5673 (3)
652 5595 948 5673 Antistes,
981 5606 1187 5673 Quwst.
1221 5595 1322 5673 xx,
1362 5612 1493 5669 pag.
1522 5595 1649 5652 242.

545 5671 621 5746 (li)
654 5672 824 5743 Max.,
859 5671 1043 5731 Serui.
1074 5673 1146 5727 53
1175 5675 1233 5727 et
1257 5671 1346 5725 55.

2236 4347 2353 4407 tur,
2386 4342 2435 4395 si
2484 4356 2618 4395 cum
2668 4340 3024 4395 Clementinis
3075 4339 3293 4394 nostris
3343 4338 3421 4409 (6)
3474 4336 3651 4391 citata
3682 4352 3890 4391 eorum

2239 4430 2363 4486 loca
2392 4430 2791 4484 conferuntur.
2825 4427 2971 4491 Quin
3023 4427 3198 4482 etiam
3241 4425 3587 4481 Clementina
3617 4425 3760 4479 forte
3786 4441 3891 4479 no-

2239 4519 2562 4573 minaverat
2589 4516 2950 4588 Nicephorus
2980 4517 3088 4572 GP.
3123 4516 3181 4569 in
3213 4514 3607 4570 Stichometria
3639 4530 3743 4568 seu
3775 4512 3894 4568 Ca-

2238 4623 2387 4663 none
2418 4606 2890 4677 Scripturarum:
2950 4608 3007 4659 et
3064 4604 3163 4659 ubi
3220 4619 3377 4658 nunc
3434 4602 3671 4675 legitur,
3730 4602 3887 4672 apud

2235 4697 2593 4768 Scaligerum
2643 4699 2702 4750 et
2746 4693 3003 4758 Croium,
3052 4690 3372 4763 Κλήμεντος
3424 4684 3532 4758 λε’,
3565 4691 3626 4745 in
3660 4692 3888 4747 Criticis

2235 4790 2427 4840 autem
2458 4785 2633 4839 sacris
2689 4788 2831 4837 tom.
2893 4782 3049 4837 VIII:
3113 4777 3390 4851 Κλήμεντ.
3446 4775 3554 4845 λε’,
3612 4779 3720 4833 hoc
3769 4784 3883 4844 est,

2232 4873 2539 4928 Anastasio
2618 4869 3061 4926 Bibliothecario
3166 4872 3501 4940 interprete,
3592 4868 3887 4922 Clementis

2232 4962 2450 5033 (xxxn),
2482 4960 2563 5014 ibi
2612 4958 2885 5031 primitus
2933 4959 3220 5030 scriptum
3271 4960 3394 5012 erat
3420 4951 3736 5024 Κλημέντια
3770 4946 3879 5021 λϐ’,

2229 5055 2329 5105 aut
2360 5047 2673 5120 Κλημὲντια
2729 5041 2829 5102 κδ’.
2884 5047 3107 5102 Etenim
3159 5046 3422 5118 Synopsis
3472 5042 3647 5109 dicta,
3701 5057 3879 5111 quam

2229 5138 2587 5209 Nicephorus
2638 5136 2921 5207 sequitur,
2975 5131 3289 5205 Κλημέντια
3339 5133 3532 5188 habet.
3584 5130 3645 5187 Si
3675 5136 3876 5186 autem

2227 5228 2478 5283 retineas
2526 5218 2629 5295 λσ,
2682 5224 2769 5279 vel
2819 5225 2976 5280 dices
3022 5222 3242 5279 variam
3293 5221 3434 5277 olim
3486 5220 3667 5275 fuisse
3698 5218 3879 5288 hujus

2226 5316 2439 5387 operis,
2493 5318 2559 5367 ut
2604 5314 3065 5383 Recognitionum,
3117 5310 3505 5375 divisionem;
3559 5309 3741 5363 fretus
3771 5322 3878 5362 au-

2297 5456 2372 5529 (5)
2404 5455 2668 5529 Cedren.,
2703 5453 2993 5529 Compend.
3028 5454 3184 5529 hist.,_
3213 5467 3385 5529 pagg.
3434 5449 3693 5529 170-113.

2297 5519 2376 5598 (6)
2409 5528 2700 5592 Clement.,
2730 5519 2887 5598 hom.
2922 5543 2996 5591 ιν,
3031 5542 3088 5580 n.
3124 5519 3231 5593 16ξ
3283 5519 3442 5598 hom.
3479 5538 3540 5585 ιι,
3571 5521 3679 5593 32;
3709 5519 3869 5576 hom.

2224 5596 2402 5666 1v,'li;
2439 5598 2597 5652 hom.
2631 5614 2710 5662 χι,
2741 5597 2797 5664 8,
2832 5597 2891 5652 11
2922 5614 2934 5665 ;
2968 5598 3127 5653 hom.
3161 5614 3241 5664 III,
3274 5596 3343 5651 38
3373 5598 3430 5651 et
3460 5609 3583 5665 seq.
