4116 6224
489 364 561 423 15
1312 358 1376 418 S.
1424 354 1866 417 CLEMENTIS
1911 354 1932 412 l
1981 351 2170 412 ROM.
2216 352 2444 412 PONT.
2491 351 2750 411 OPERA
2793 351 3058 413 DUBIA.
3548 372 3559 377 ’
3802 355 3864 414 16

488 509 849 567 quacunque
880 508 1087 564 parum
1136 504 1452 562 congruere
1501 504 1632 543 cum
1681 486 1991 541 Clementis
2021 485 2123 539 do-
2153 490 2209 556 Α
2240 485 2329 538 nis
2361 484 2514 555 Magi
2545 484 2930 556 ratiocinatio,
2979 501 3010 541 e
3061 482 3524 539 Christianorum
3575 482 3867 557 principiis

488 583 676 639 ctrina
696 581 1069 637 videbantur.
1094 578 1413 636 Cotelerius
1434 576 1710 633 homilias
1731 573 2127 630 Clementinas

486 670 726 728 haeresis
755 670 1091 727 Ehioniticaz
1122 669 1275 724 notis
1306 668 1567 740 signatas
1612 664 1925 721 existimat.
1959 662 2129 717 Tille-

487 760 747 817 montius
779 760 1001 816 nullam
1045 759 1117 814 ad
1150 775 1272 813 rem
1314 755 1487 812 utiles
1519 760 1704 827 putat,
1736 754 1850 808 nisi
1882 754 2024 807 forte
2056 750 2128 805 ad

485 851 879 923 cognitionem
910 846 1311 903 Ebionitarum
1343 845 1642 900 doctrinm.
1664 842 1907 898 Videtur
1926 856 2128 896 eorum

485 938 745 1012 Opinioni
794 938 1007 1007 favere,
1054 937 1209 1008 quod
1261 951 1410 1008 saepe
1458 938 1661 990 auctor
1716 930 2126 1000 Homiliarum,

485 1027 809 1101 praesertim
838 1043 971 1082 vero
1004 1024 1209 1080 homil.
1245 1042 1306 1091 11,
1338 1040 1465 1095 cap.
1516 1023 1606 1089 38,
1654 1019 1801 1076 falsa
1830 1019 1979 1075 veris
2010 1034 2131 1089 per-

489 1118 666 1172 mista
695 1116 880 1171 fuisse
910 1116 969 1169 in
1004 1116 1187 1170 sacris
1218 1111 1533 1184 Scripturis
1564 1109 1939 1182 pronuntiat:
1974 1107 2128 1178 quod

489 1204 726 1277 quidem
759 1206 829 1260 de
861 1203 1180 1275 Scripturis
1206 1201 1491 1272 judicium
1527 1197 1813 1255 Ebionitis
1844 1196 2128 1252 usitatum

487 1298 545 1350 et
574 1294 835 1351 solemne
869 1294 998 1364 fuit,
1030 1298 1096 1348 ut
1141 1296 1295 1347 recte
1346 1292 1614 1345 observat
1645 1286 1981 1343 Cotelerius.
2016 1285 2126 1340 Sed

486 1400 621 1438 cum
652 1383 777 1455 ipse
807 1381 970 1438 Philo
1002 1383 1072 1437 de
1106 1380 1453 1436 formatione
1482 1379 1603 1433 Evaa
1635 1394 1704 1433 ex
1733 1374 1942 1431 Adami
1967 1378 2130 1429 costa

486 1472 865 1544 pronuntiare
894 1488 1009 1527 non
1043 1471 1271 1525 dubitet
1298 1469 1433 1541 (15),
1475 1466 1625 1536 Quod
1644 1482 1707 1522 ea
1737 1464 1802 1521 de
1838 1480 1896 1519 re
1923 1463 2129 1519 dictum

485 1567 588 1629 est,
618 1562 936 1631 fabulosum
964 1577 1114 1623 esse;
1160 1559 1297 1616 licet
1342 1558 1493 1612 hanc
1540 1556 1926 1611 temeritatem
1956 1551 2126 1608 Ebio-

485 1651 743 1706 nitarum
776 1650 1072 1722 propriam
1103 1666 1218 1704 non
1249 1646 1557 1715 fuisse,sed
1608 1645 1831 1700 dudum
1856 1640 2127 1698 aJudaeis

485 1739 893 1811 excogitatam,
925 1755 1039 1809 quo
1087 1736 1314 1792 facilius
1362 1736 1668 1807 Scriptura:
1717 1732 1844 1788 loca
1875 1746 2126 1802 quorum

485 1829 857 1883 subabsurda
888 1827 1113 1899 Species
1157 1826 1485 1892 videbatur,
1536 1822 1889 1895 expedirent.
1937 1822 2132 1885 Quan-

485 1934 658 1987 quam
684 1916 983 1972 fatendum
1006 1920 1095 1971 est
1116 1914 1299 1970 multo
1318 1913 1597 1968 audacius
1616 1917 1673 1967 et
1692 1910 1946 1981 ineptius
1969 1906 2129 1979 loqui

487 2010 786 2061 auctorem
820 2004 1229 2071 Homiliarum,
1259 2019 1434 2074 quam
1474 2000 1798 2055 Philonem.
1833 1998 1943 2053 Sed
1971 1996 2127 2068 quod

485 2094 778 2150 evidenter
806 2094 1013 2165 prohat
1042 2092 1198 2148 hunc
1230 2091 1592 2162 scriptorem,
1613 2088 1720 2144 etsi
1744 2085 2128 2141 circumcisus

488 2186 545 2237 et
573 2182 716 2252 legis
763 2181 1076 2237 retinenda;
1125 2182 1426 2236 studiosus
1474 2178 1607 2245 fuit,
1657 2176 1902 2232 minime
1930 2178 2127 2229 tamen

485 2270 811 2326 Ebionitam
843 2270 1025 2326 fuisse
1053 2288 1067 2337 ;
1098 2286 1166 2325 ea
1196 2270 1266 2324 de
1298 2268 1440 2324 Filio
1471 2266 1570 2322 Dei
1601 2266 1659 2321 in
1691 2262 1960 2319 Homiliis
1986 2265 2043 2317 et
2064 2261 2125 2316 in

483 2360 968 2428 Recognitionibus
1015 2357 1239 2425 statuit,
1290 2373 1416 2428 quae
1470 2355 1542 2411 ab
1583 2353 1981 2410 Ebionitarum
2009 2350 2125 2404 has-

482 2449 597 2505 resi
623 2466 864 2520 prorsus
893 2447 1261 2504 abhorreant.

552 2560 582 2588 «
616 2539 797 2593 Nemo
828 2541 917 2593 est
947 2537 1048 2608 qui
1080 2553 1194 2591 non
1238 2532 1547 2606 perspiciat
1594 2531 1912 2586 immanem
1945 2530 2125 2601 hujus

481 2625 785 2695 scriptoris
816 2625 888 2679 ab
918 2622 1205 2678 Ebionitis
1236 2620 1713 2690 discrepantiam,
1747 2618 1795 2674 si
1820 2618 1975 2690 legat
1997 2634 2123 2687 quae

482 2710 684 2767 homil.
715 2727 756 2777 1,
789 2726 915 2781 cap.
946 2710 1001 2777 7,
1037 2725 1069 2763 a
1101 2706 1648 2779 pseudo-Clemente
1671 2711 2005 2772 narrantur,
2028 2722 2126 2759 au-

480 2798 641 2854 disse
669 2814 731 2853 se
791 2798 985 2853 Romae
1017 2797 1127 2852 sub
1172 2796 1425 2861 Tiberio,
1475 2811 1608 2849 cum
1632 2794 1869 2865 quidam
1896 2792 2126 2864 publice

482 2886 799 2944 clamaret:
854 2888 969 2945 Viri
1014 2886 1273 2948 Romani,
1317 2884 1544 2939 audite:
1600 2885 1775 2938 Filius
1830 2884 1928 2938 Dei
1973 2882 2128 2937 adest

482 2977 543 3031 in
574 2976 792 3033 Iudaea.
824 2975 1001 3030 Addit
1031 2992 1093 3031 se
1144 2976 1233 3030 his
1266 2974 1482 3029 auditis
1516 2972 1757 3028 moleste
1786 2972 1992 3027 tulisse
2025 2989 2124 3027 ne-

483 3065 705 3120 minem
726 3081 793 3120 ex
824 3068 985 3119 tanta
1008 3063 1315 3119 hominum
1341 3061 1740 3127 multitudine,
1760 3065 1879 3116 tam
1912 3076 2124 3132 magno

483 3158 716 3225 accepto
748 3153 953 3209 nuntio
984 3153 1236 3208 dixisse:
1270 3154 1336 3206 In
1378 3152 1640 3207 Judaeam
1673 3149 2027 3222 proﬁciscar,
2061 3152 2127 3204 ut

481 3246 1057 3315 cognoscam,utrum
1081 3241 1192 3298 iste
1210 3241 1331 3297 haec
1351 3241 1649 3313 proferens
1668 3256 1803 3296 vera
1822 3238 2098 3311 loquatur

482 3347 692 3404 nempe
749 3330 831 3386 ὅτι
888 3330 1011 3393 Υἱὸς
1079 3333 1212 3385 Θεοῦ
1288 3326 1686 3402 ὲπιδεδήμηκεν
1744 3328 1814 3400 τῇ
1870 3324 2123 3399 Ἰουδαίᾳ,

486 3441 515 3475 ιι
543 3422 748 3477 Filium
787 3422 886 3477 Dei
915 3423 977 3477 in
1020 3420 1273 3477 Iudaeam
1322 3419 1624 3476 advenisse.
1658 3439 1687 3471 ››
1721 3419 1910 3474 Tanta
1939 3415 2127 3473 admi-

478 3511 625 3566 ratio
657 3510 728 3566 ob
760 3510 1096 3565 nuntiatum
1130 3509 1258 3565 Filii
1290 3509 1389 3564 Dei
1422 3508 1480 3563 in
1500 3508 1765 3564 Judaaam
1786 3507 2123 3575 adventum,

479 3615 613 3655 cum
644 3599 773 3670 ejus
802 3598 1291 3671 praeexistentiam
1324 3596 1600 3670 praeclare
1629 3595 1900 3668 exprimit
1930 3596 2125 3668 (nemo

476 3688 635 3745 enim
667 3688 876 3743 dixerit
919 3688 1130 3744 Isaiam
1184 3688 1529 3759 prophetam
1575 3686 1880 3741 advenisse
1926 3684 1985 3739 in
2012 3684 2125 3740 Ju-

478 3777 707 3849 daaam),
736 3780 864 3832 tum
913 3792 1193 3849 magnum
1243 3775 1481 3847 aliquod
1530 3774 1878 3848 mysterium
1927 3772 2123 3828 animo

479 3864 777 3921 observari
808 3866 1187 3933 demonstrat,
1220 3865 1375 3936 quod
1398 3881 1431 3920 a
1453 3863 1783 3921 Socinianis
1805 3866 1863 3919 et
1890 3861 2124 3918 Arianis

481 3954 830 4009 commentis
859 3954 1029 4027 longe
1056 3954 1365 4025 discrepet.

550 4042 695 4097 Cum
753 4042 862 4097 hac
921 4042 1047 4098 Filii
1109 4043 1206 4098 Dei
1281 4042 1515 4098 notione
1572 4041 1815 4096 miriﬁce
1872 4040 2125 4111 quadrat

481 4132 637 4203 quod
665 4146 834 4187 verus
866 4131 1151 4203 Propheta
1181 4131 1320 4202 (quo
1360 4130 1594 4186 nomine
1643 4129 1937 4186 Christum
1969 4127 2121 4184 desi-

478 4224 641 4291 gnat)
671 4220 831 4275 visus
852 4236 980 4275 esse
1010 4220 1254 4275 Abrahae
1286 4220 1503 4274 dicitur
1531 4218 1633 4274 lib.
1668 4236 1687 4273 1
1716 4221 1968 4287 Recogn.,
1995 4234 2119 4289 cap.

475 4308 565 4363 33.
615 4308 893 4363 Similiter
941 4308 1086 4365 Mosi
1136 4307 1479 4380 apparuisse
1528 4312 1801 4363 narratur
1848 4324 1977 4379 cap.
2029 4308 2118 4363 34.

477 4396 817 4467 Quicunque
846 4412 1047 4452 verum
1099 4397 1170 4452 ab
1219 4414 1285 4453 eo
1335 4413 1452 4453 non
1504 4396 1854 4468 didicerunt,
1886 4396 1947 4451 hi
1976 4394 2120 4450 illud

476 4502 592 4542 non
615 4485 907 4542 invenisse
928 4490 986 4542 et
1005 4489 1328 4557 querentes
1351 4485 1567 4542 obiisse
1594 4485 1892 4557 dicuntur,
1914 4483 2116 4540 homil.

474 4590 538 4645 II,
597 4591 723 4646 cap.
781 4574 817 4628 6
865 4591 879 4630 :
937 4575 1088 4629 Ὅσοι
1137 4575 1269 4628 ποτὲ
1334 4572 1593 4643 ἀλήθειαν
1665 4576 1864 4649 γνῶναι
1926 4570 2118 4626 ἐπεθύ-

2237 4590 2355 4646 cap.
2387 4576 2423 4627 2
2451 4575 2715 4646 ejusdem
2744 4574 2876 4631 libri
2900 4574 3238 4649 indignatur
3265 4574 3487 4645 Simon,
3518 4575 3634 4633 Deo
3664 4575 3882 4632 Filium

474 4681 674 4736 μησαν,
722 4663 869 4738 παρὰ
926 4658 984 4717 δὲ
1030 4662 1224 4717 τούτου
1278 4664 1463 4735 μαθεῖν
1521 4660 1688 4732 αὐτὴν
1731 4660 1831 4717 οὐκ
1886 4659 2115 4736 εὐτύχη-

471 4769 589 4819 σαν,
620 4749 695 4821 μὴ
722 4748 989 4827 εὑρόντες,
1024 4754 1307 4821 ζητοῦντες
1341 4747 1711 4821 ἐτελεύτησαν.

541 4840 740 4896 Simon
769 4844 971 4915 Magus
1029 4841 1235 4897 homil.
1294 4857 1433 4909 xvn,
1492 4857 1617 4912 cap.
1676 4842 1728 4912 4,
1791 4842 1857 4896 ut
1911 4840 2118 4911 probet

470 4933 655 4985 Deum
687 4933 821 4985 ante
869 4930 1235 5002 incognitum
1286 4946 1320 4985 a
1367 4928 1599 4986 Christo
1629 4928 1988 5000 nuntiatum,
2022 4928 2115 4984 his

470 5018 663 5073 verbis
721 5018 945 5075 utitur:
1006 5018 1171 5074 Nemo
1209 5020 1361 5073 novit
1426 5019 1667 5083 Patrem,
1726 5018 1841 5073 nisi
1896 5019 2113 5073 Filius:

469 5109 596 5161 tum
629 5107 823 5161 addit:
857 5104 925 5160 Ei’
960 5105 1050 5159 οὗν
1092 5105 1251 5167 αὖτὸς
1305 5102 1423 5167 ι’ἱὸς
1472 5105 1537 5173 ἦν
1580 5106 1607 5158 ὁ
1638 5107 1845 5179 παρὼν,
1880 5104 1984 5159 ἀπὸ
2014 5108 2113 5173 τῆς

466 5192 635 5248 αὐτοῦ
691 5192 1009 5267 παρουσίας,
1071 5195 1151 5255 οἷς
1215 5188 1473 5248 ἐϐούλετο
1550 5194 1641 5247 τὸν
1714 5200 1873 5247 πᾶσιν
1941 5194 2115 5267 ἄγνω-

466 5302 587 5338 στον
640 5283 1035 5338 ἀπεκάλυπτεν.
1088 5306 1115 5333 ‹‹
1157 5283 1223 5339 Si
1266 5299 1400 5355 ergo
1458 5285 1555 5354 qui
1598 5283 1835 5352 advenit,
1870 5286 1987 5354 ipse
2016 5285 2111 5341 Fi-

3952 428 4000 485 :ti

2240 573 2438 644 petita,
2472 579 2815 644 argumento
2846 578 2935 629 est
2963 573 3228 629 Christus
3259 574 3330 628 ab
3361 572 3467 641 eis,
3502 589 3615 628 non
3650 577 3715 628 ut
3746 574 3868 630 sim-

2238 660 2449 733 plicem
2510 661 2830 733 hominem,
2885 662 2985 734 qui
3047 661 3229 718 Filius
3287 662 3387 717 Dei
3464 662 3867 721 nominetenus
3950 654 3982 731 λζ’

2239 749 2490 817 dicatur,
2546 751 2646 806 sed
2705 755 2769 805 ut
2823 751 3024 823 ipsum
3087 751 3179 806 Dei
3232 750 3467 819 Filium,
3504 749 3696 822 quiin
3726 751 3870 809 hunc
3940 740 4009 826 ςῖη

2238 839 2526 894 mundum
2558 856 2587 895 e
2618 839 2760 895 ccelo
2789 822 3032 901 venerit.
3062 841 3367 896 adoratum
3402 839 3611 897 fuisse.
3940 822 4011 911 ί

2309 927 2403 982 IV.
2454 950 2482 978 «
2516 929 2817 1001 Duplicem
2876 928 3090 985 Christi
3148 934 3418 985 naturam
3481 930 3875 986 demonstrant

2239 1032 2365 1088 qum
2428 1022 2626 1073 Petrus
2677 1018 2813 1073 huic
2864 1018 3122 1074 Simonis
3172 1026 3518 1091 argumento
3571 1023 3875 1091 respondet

2238 1105 2442 1162 homil.
2492 1123 2653 1175 xvm,
2711 1124 2836 1179 cap.
2872 1108 2975 1163 13:
3010 1090 3261 1182 Πρῶτονί
3295 1107 3388 1181 μὶν
3448 1106 3551 1181 γὰρ
3603 1090 3873 1162 δύναταιὸ

2237 1191 2407 1267 λόγος
2491 1168 2735 1271 ᾑρῆσθαι
2780 1168 2969 1271 ⁸πρὸς
3062 1168 3305 1258 ἓτοὶντσιις¹
3362 1168 3679 1268 Ἰοιξδάεους,
3756 1194 3876 1258 τοὺς

2236 1257 2441 1357 πατέρα
2495 1257 2818 1355 νομίζοντας
2874 1257 3003 1339 εἶναι
3060 1290 3157 1341 τοῦ
3232 1289 3470 1361 Χριστοῦ
3543 1257 3877 1341 τὸνἹΔαϐίδέ

2236 1371 2325 1426 καὶ
2376 1354 2655 1426 -αὖτὸνγδὶ
2707 1372 2799 1427 τὸν
2884 1373 3111 1449 Χριστόν
3183 1354 3307 1429 Υἲὸν
3384 1369 3532 1445 ὄντα,
3592 1374 3680 1429 καὶ
3758 1374 3875 1429 Υἱὸν

2237 1458 2370 1516 Θεοῦ
2423 1461 2499 1533 μὴ
2545 1460 2853 1536 ἐγνωκέναι.
2904 1448 2996 1517 Διὸ
3060 1464 3150 1517 καὶ
3225 1462 3438 1526 οἰκείως
3495 1460 3728 1539 εἷ’ρηται·
3780 1460 3882 1521 0i)-

2238 1545 2348 1611 δεὶς
2424 1530 2595 1625 ’ἔγνων
2636 1550 2727 1605 τὸν
2786 1550 3015 1627 Πατέρα⁸
3072 1551 3185 1607 ἐπεὶ
3250 1552 3367 1607 ἀντὶ
3436 1530 3741 1625 105.6606,
3792 1552 3879 1607 τὸν

2237 1633 2402 1693 Δαϐὶδ
2451 1635 2643 1701 πάντες
2712 1636 2920 1717 ἔλεγον.
2980 1640 3053 1696 Τὸ
3110 1638 3167 1697 δὲ
3227 1640 3490 1712 ἱπάξαντα
3544 1641 3735 1697 εἰπεῖν’
3794 1642 3882 1705 Ὠς

2238 1724 2362 1781 οὐδὲ
2415 1726 2507 1781 τὸν
2573 1728 2692 1782 Υίόν
2768 1749 2852 1791 τις
2931 1726 3092 1784 οἶδεν·
3155 1728 3271 1786 ἐπεὶ
3353 1729 3511 1785 αὐτὸν
3590 1730 3712 1785 Υἳὸν
3788 1730 3885 1785 οὐκ

2236 1812 2477 1889 ᾔδεισαν.
2538 1814 2635 1870 Καί
2689 1818 2752 1872 τὸ
2809 1816 2998 1873 εἷπεῖν·
3060 1821 3152 1881 Οἷς
3226 1819 3285 1874 ἂν
3359 1818 3628 1895 βούληται
3679 1821 3706 1874 ὁ
3763 1820 3887 1881 Υἱὸς

2239 1904 2606 1978 ἀποκαλύψαι·
2692 1906 2868 1980 ὀρθῶς
2946 1906 3177 1981 εἷ’ρηται.
3236 1909 3297 1965 Ὀ
3371 1902 3484 1984 γὰρ
3548 1906 3638 1962 ἀπ’
3691 1905 3887 1985 “ἀρχῆ<

2239 1990 2312 2046 ὣν
2371 1994 2516 2063 Υἱὸς,
2579 1992 2739 2067 μόνος
2814 1994 3042 2069 ὡρίσθη,
3099 1993 3188 2051 ’ίνα
3265 1997 3345 2052 οἷς
3414 1994 3680 2071 βούληται
3750 1998 3888 2052 ἀπο-

2236 2080 2473 2155 καλύψῃ.
2554 2085 2851 2140 Enimvero
2927 2087 3170 2157 primum
3259 2091 3433 2159 potest
3513 2089 3889 2143 testimonium

2236 2188 2348 2228 esse
2372 2172 2581 2227 dictum
2628 2173 2699 2228 ad
2744 2190 2937 2230 omnes
2987 2176 3216 2244 Judzos,
3249 2178 3347 2248 qui
3372 2177 3641 2245 putabant
3669 2181 3888 2245 patrem

2234 2264 2447 2319 Christi
2491 2279 2604 2319 esse
2648 2265 2931 2337 Davidem,
2980 2282 3068 2322 eos
3116 2283 3227 2323 non
3256 2268 3568 2339 cognovisse
3598 2268 3889 2324 Christum

2232 2350 2437 2406 Filium
2469 2350 2781 2423 (hominis),
2801 2356 2853 2407 et
2898 2353 3102 2408 Filium
3154 2354 3274 2409 Dei.
3310 2354 3495 2422 Quare
3525 2363 3645 2425 apte
3674 2354 3888 2409 dictum

2233 2441 2331 2506 est,
2363 2439 2531 2494 Nemo
2560 2442 2710 2494 novit
2738 2441 2980 2507 Patrem,
3027 2444 3159 2514 quia
3202 2458 3305 2512 pro
3356 2444 3458 2498 Deo
3488 2459 3675 2498 omnes
3706 2442 3883 2498 Davi-

2231 2526 2645 2582 demdicebant.
2704 2530 2767 2582 Et
2823 2528 2963 2600 quod
3016 2531 3325 2602 subjungit,
3379 2536 3489 2587 Nec
3533 2530 3721 2602 ﬁlium
3752 2532 3888 2603 quis

2232 2618 2402 2684 novit,
2435 2617 2565 2687 quia
2596 2632 2720 2671 eum
2771 2616 2979 2671 Filium
3036 2634 3149 2674 esse
3203 2621 3576 2675 nesciverunt.
3636 2622 3711 2674 Et
3738 2618 3889 2692 quod

2232 2706 2331 2772 ait,
2366 2705 2571 2773 Quibus
2601 2706 2837 2760 voluerit
2878 2706 3055 2761 Filius
3101 2708 3362 2778 revelare,
3395 2712 3535 2764 recte
3564 2709 3740 2763 habet.
3777 2708 3888 2775 Qui

2232 2798 2383 2850 enim
2426 2797 2495 2851 ab
2552 2799 2713 2851 initio
2769 2798 2942 2851 Filius
2986 2807 3084 2865 est,
3136 2800 3285 2854 solus
3334 2800 3647 2854 destinatus
3694 2806 3787 2863 est,
3822 2806 3890 2853 ut

2235 2888 2433 2955 quibus
2474 2889 2623 2956 cupit
2668 2887 2884 2953 revelet,
2936 2889 3219 2943 Accurata
3263 2905 3403 2943 sane
3434 2889 3505 2942 de
3555 2887 3685 2942 Filii
3717 2894 3888 2942 aeter-

2236 2975 2438 3044 nitate,
2463 2976 2707 3046 ejusque
2732 2992 2799 3030 ex
2825 2980 2989 3031 Patre
3011 2978 3383 3048 generatione
3409 2976 3748 3048 disputatio.
3773 2975 3883 3031 Dei
3970 2959 4013 2993 :7

2234 3067 2291 3118 et
2322 3062 2577 3117 hominis
2628 3062 2823 3133 Filius,
2878 3064 2949 3118 ab
3000 3064 3167 3120 initio
3217 3064 3398 3119 Filius
3431 3065 3683 3119 dicitur:
3730 3069 3788 3119 et
3821 3068 3892 3118 ut
3969 3049 4018 3081 ⁵⁵³

2236 3156 2426 3222 pateat
2458 3156 2747 3223 quantum
2795 3152 2948 3207 inter
2994 3153 3221 3208 Patrem
3271 3158 3328 3209 et
3357 3158 3697 3220 creatorem,
3729 3151 3891 3207 inter
3969 3140 3989 3171 ’⁷

2168 3226 2211 3293 C
2248 3239 2459 3295 Filium
2489 3245 2546 3296 et
2575 3257 2697 3296 rem
2727 3246 2984 3296 creatam
3016 3240 3269 3309 intersit,
3315 3242 3495 3298 Deum
3523 3240 3708 3299 Judaei
3738 3256 3891 3312 qua-
3974 3228 4011 3263 ’ἶ

2236 3332 2409 3386 tenus
2441 3334 2673 3386 Patrem
2703 3330 2941 3396 Christi,
2964 3330 3267 3403 ignorasse
3292 3330 3591 3401 dicuntur,
3613 3328 3891 3402 quamvis
3976 3320 4001 3353 ’λέ

2235 3434 2369 3475 eum
2401 3423 2467 3475 ut
2497 3423 2814 3475 creatorem
2846 3419 3113 3475 omnium
3145 3420 3322 3493 probe
3352 3419 3671 3476 novissent.

2312 3529 2340 3562 α
2369 3506 2549 3564 Multa
2595 3508 2656 3563 in
2696 3509 2964 3564 eamdem
3020 3508 3371 3565 sententiam
3425 3509 3557 3565 libri
3606 3510 3886 3578 Recogni-

2234 3600 2445 3653 tionum
2475 3598 2870 3669 suppeditant.
2904 3597 3026 3653 Lib.
3064 3615 3104 3668 1,
3137 3615 3264 3670 cap.
3298 3599 3385 3654 45.
3420 3599 3541 3654 haec
3563 3599 3883 3671 leguntur:

2235 3687 2371 3743 Cum
2398 3696 2538 3742 esset
2587 3687 2759 3741 Filius
2806 3688 2906 3743 Dei
2952 3691 3005 3742 et
3033 3688 3257 3742 initium
3299 3689 3571 3755 omnium,
3596 3689 3774 3757 factus
3806 3694 3893 3742 est

2232 3781 2409 3832 homo.
2440 3776 2510 3831 Et
2539 3792 2663 3847 cap.
2697 3776 2809 3831 69:
2860 3776 3046 3831 Nolite
3090 3780 3287 3847 putare
3327 3792 3425 3833 nos
3453 3776 3585 3831 duos
3611 3778 3889 3847 ingenitas
3988 3776 4011 3803 ⁵³

2231 3866 2417 3920 dicere
2454 3865 2608 3930 Deos,
2658 3873 2754 3920 aut
2802 3882 2979 3919 unum
3028 3865 3271 3921 divisum
3317 3881 3433 3921 esse
3480 3867 3541 3920 in
3585 3865 3737 3930 duos,
3769 3865 3887 3933 vel,
3976 3858 3997 3915 .’

2229 3954 2369 4008 sicut
2416 3954 2579 4023 impii
2624 3953 2833 4016 dicunt,
2880 3952 3131 4022 eumdem
3177 3953 3485 4007 masculum
3521 3961 3574 4008 et
3610 3953 3889 4024 feminam

2230 4043 2321 4096 sui
2347 4042 2632 4112 eﬂectum;
2682 4040 2773 4095 sed
2818 4042 3023 4095 Filium
3075 4042 3175 4096 Dei
3220 4044 3573 4112 unigenitum
3620 4042 3886 4108 dicimus,
3993 4036 4011 4072 5‘

2229 4146 2340 4185 non
2371 4146 2439 4184 ex
2466 4130 2578 4185 alio
2608 4131 2792 4195 initio,
2843 4130 2936 4185 sed
2982 4147 3050 4185 ex
3098 4131 3215 4201 ipso
3264 4130 3628 4203 ine/['abiliter
3660 4140 3886 4186 natum.
3995 4126 4009 4161 ⁵

2231 4218 2503 4273 Similiter
2547 4220 2714 4274 etiam
2770 4218 2834 4274 de
2889 4219 3171 4274 Paracleto
3227 4218 3481 4275 dicimus.
3544 4220 3613 4274 Et
3659 4219 3756 4274 lih.
3794 4236 3886 4285 ιιι,
3996 4213 4009 4249 ί

2230 4323 2335 4379 cap
2368 4309 2473 4363 48:
2522 4309 2720 4363 Noster
2763 4312 2950 4363 autem
2999 4308 3271 4379 Magister,
3324 4309 3426 4380 qui
3460 4317 3538 4363 est
3563 4307 3745 4363 Filius
3778 4309 3886 4365 Dei

2228 4400 2281 4452 et
2312 4396 2575 4465 hominis,
2631 4398 2925 4469 manifeste
2980 4397 3149 4452 bonus
3202 4402 3316 4454 est:
3363 4396 3505 4469 quod
3541 4406 3724 4453 autem
3754 4414 3888 4454 vere
3999 4390 4010 4429 ³

2226 4487 2279 4541 si
2305 4486 2502 4555 Filius,
2529 4486 2725 4557 quibus
2771 4488 3007 4559 oportuit
3038 4486 3245 4542 dictum
3276 4491 3355 4543 est
3386 4489 3437 4543 et
3464 4486 3694 4542 dicetur.
3729 4486 3883 4541 Hinc

4001 4568 4008 4607 l

2227 4663 2469 4720 attribui
2500 4666 2783 4737 tanquam
2824 4663 3089 4721 animali.

2297 4752 2364 4808 V.
2396 4752 2604 4809 Omnia
2632 4770 2665 4809 a
2695 4752 2837 4809 Filio
2888 4759 3085 4810 creata
3131 4771 3279 4823 esse,
3333 4753 3536 4811 multis
3566 4753 3706 4811 locis
3733 4771 3877 4810 con-

2225 4842 2553 4897 firmatur:
2612 4841 2738 4895 Υἱοῦ
2796 4840 2933 4897 ἐστιν
2990 4845 3088 4896 τοῦ
3147 4840 3370 4918 οὐρανὸν
3430 4840 3520 4897 καὶ
3575 4848 3677 4916 γῆν
3738 4838 3878 4895 δια-
3984 4858 3985 4861 ‘

2225 4930 2625 5003 κοσμήσαντος,
2686 4931 2769 4987 ait
2828 4932 3052 5001 Petrus,
3136 4932 3341 4989 homil.
3414 4948 3571 4999 xvm,
3626 4948 3751 5003 cap.
3812 4932 3874 4996 6,

2222 5017 2283 5071 τὸ
2334 5018 2380 5089 ᾧ
2458 5014 2713 5092 βούλεται
2797 5017 3145 5091 ἀποκαλύψαι
3225 5020 3315 5073 τὸν
3404 5019 3453 5075 ἐν
3540 5016 3879 5096 ἀπορρήτοις

2224 5107 2451 5178 Πατέρα.
2512 5108 2589 5161 Ad
2648 5109 2850 5162 Filium
2901 5112 3023 5163 caeli
3099 5114 3151 5163 et
3224 5114 3396 5167 terrae
3467 5113 3877 5168 constitutorem

2222 5200 2422 5267 spectat
2452 5197 2695 5251 revelare
2749 5198 2844 5251 cui
2899 5198 3016 5251 vult
3060 5199 3233 5268 ipsius
3282 5205 3504 5255 Patrem
3552 5202 3612 5255 in
3642 5201 3874 5256 abscon-

2222 5284 2354 5339 ditis
2378 5286 2637 5355 positum.
2696 5285 2764 5338 Et
2820 5285 3025 5339 homil.
3087 5302 3199 5356 xvr,
3258 5303 3386 5358 cap.
3448 5288 3509 5342 11
3563 5295 3621 5343 et
3652 5290 3737 5354 12,
3770 5289 3875 5345 oh-

465 5373 573 5428 lius
592 5382 734 5444 erat,
762 5376 885 5445 post
929 5388 1093 5428 suum
1143 5371 1464 5437 adventum,
1515 5371 1716 5442 quibus
1765 5373 1956 5441 voluit,
1986 5389 2113 5428 eum
2216 5372 2443 5443 jicienti
2475 5372 2700 5426 Simoni
2731 5373 2877 5428 duos
2910 5389 3038 5428 esse
3082 5380 3390 5445 creatores,
3424 5393 3489 5431 eo
3522 5379 3676 5448 quod
3707 5379 3871 5434 dixe-

463 5465 560 5535 qui
596 5465 806 5520 cunctis
852 5464 1164 5534 incognitus
1210 5464 1347 5529 erat,
1393 5461 1679 5516 reuelauit.
1704 5482 1734 5511 ››
1766 5462 1894 5516 Haec
1925 5462 2117 5518 Simo-

2224 5372 2443 5443 jicienti
2475 5372 2700 5426 Simoni
2731 5373 2877 5428 duos
2910 5389 3038 5428 esse
3082 5340 3390 5445 creatorers,
3424 5393 3489 5431 eo
3522 5379 3676 5448 quod
3707 5379 3871 5434 dixe-
3984 5340 4003 5579 ⁴

2224 5462 2298 5517 rit
2350 5461 2522 5529 Deus,
2577 5462 2883 5530 Faciamus,
2945 5462 3029 5520 sio
3104 5465 3417 5537 respondet
3470 5464 3709 5524 Petrus:
3770 5466 3870 5529 Εἷς

535 5683 645 5761 (15)
678 5682 863 5757 Philo,
895 5684 995 5742 lib.
1032 5703 1070 5741 ιι
1099 5687 1231 5759 Leg.
1263 5684 1527 5757 Allegor.,
1558 5685 1701 5739 tom.
1736 5683 1777 5755 Ι,
1810 5698 1942 5758 pag.
1974 5685 2065 5757 70,
2098 5700 2123 5741 e

2273 5682 2518 5741 Londin.
2558 5684 2711 5741 1742.
3750 5696 3759 5709 '
3990 5586 4001 5883 J
