4116 6224
216 365 292 420 l7
1390 362 1924 424 CLEMENTINA.
1956 393 2031 406 —
2061 363 2477 425 PROOEMIA.
3564 369 3645 430 18

203 500 346 554 ἔστιν
414 495 443 551 ὁ
498 498 566 568 τῇ
625 493 791 550 αὐτοῦ
868 493 1029 574 σοφίᾳ
1080 494 1245 551 εῗπών
1294 515 1307 529 ·

204 586 455 658 Spw-nov.
508 586 576 653 ᾝ
627 582 683 639 δὲ
729 584 910 662 σοφίᾳ,
962 584 1141 659 ὥσπερ
1195 584 1317 658 ἰδίῳ
1374 585 1663 659 πνεύματι,
1719 583 1877 647 αὐτὸς

204 672 282 725 ἀεὶ
342 672 661 749 συνέχαιρεν
700 714 711 731 .
778 674 1019 729 ’Ἠνωται
1075 675 1170 747 μὲν
1224 674 1299 735 ὡς
1353 676 1506 750 ψοχή
1560 678 1638 745 τῷ
1712 679 1826 745 Θεῷ
1862 691 1878 709 ο

204 760 506 817 ἐπιτείνεται
585 759 642 816 δὲ
714 762 801 816 ἀπ’
849 763 1014 818 αὐτοῦ
1048 806 1062 831 ,
1122 764 1195 825 ὡς
1268 762 1393 839 χεὶρ
1467 761 1877 839 δημιουργοῦσα

200 850 257 905 τὸ
294 857 435 907 πᾶν.
484 854 629 910 Unus
674 857 756 909 est
801 855 896 926 qui
940 854 1237 926 Sapientiae
1285 872 1397 910 sum
1444 856 1631 910 dixit:
1676 858 1875 911 Facia-

196 959 330 997 mus
381 943 681 997 hominem.
736 945 875 999 Huic
916 959 1041 999 vero
1080 945 1378 1015 Sapientiae
1424 953 1687 1015 tanquam
1741 961 1875 1016 pro-

192 1034 333 1102 prio
367 1033 599 1102 spiritui
625 1048 840 1103 semper
873 1034 989 1104 ipse
1017 1034 1417 1102 congaudebat.
1455 1036 1621 1091 Unita
1657 1035 1873 1105 quidem

194 1128 279 1174 est
314 1121 454 1186 Deo,
488 1128 547 1175 ut
576 1122 808 1177 anima:
858 1124 931 1177 ab
974 1138 1033 1178 eo
1074 1128 1261 1179 autem
1309 1123 1626 1178 extenditur
1652 1127 1713 1179 ut
1760 1141 1877 1179 ma-

192 1224 336 1279 nus,
384 1211 803 1266 universitatem
846 1211 1172 1282 producens.
1238 1212 1379 1267 Hinc
1435 1212 1495 1267 in
1545 1212 1636 1267 his
1682 1212 1875 1268 verbis

194 1298 417 1354 homil.
484 1315 565 1370 xx,
614 1316 743 1371 cap.
800 1298 1009 1356 22:1‘6
1066 1304 1281 1372 πνεῦμα
1339 1300 1443 1354 ἀπὸ
1500 1304 1595 1354 τοῦ
1649 1298 1717 1353 τὰ
1772 1297 1876 1353 ὅλοι

192 1385 582 1457 πεποιηκότος
681 1390 813 1442 Θεοῦ
911 1390 1011 1458 τήν
1104 1389 1283 1464 ἀρχὴν
1379 1395 1479 1459 τῆς
1582 1388 1875 1449 ἐκστάσεως

191 1472 347 1549 ἔχει,
420 1477 737 1550 legendum
814 1482 957 1550 puto
1033 1476 1296 1539 ἐκτάσεως
1380 1479 1623 1551 Spiritus
1680 1496 1716 1534 α
1772 1480 1875 1534 Deo

187 1567 305 1635 qui
323 1567 521 1622 omnia
544 1568 693 1638 fecit,
715 1568 947 1623 initium
976 1566 1137 1623 habet
1178 1570 1535 1624 extensionis.
1586 1570 1747 1641 Aqua
1775 1583 1878 1640 per

192 1655 590 1728 Uuigenitum
642 1655 797 1712 tacta
853 1657 1071 1712 dicitur
1097 1657 1200 1713 lib.
1241 1675 1320 1715 vn
1362 1661 1618 1727 Recogn.,
1651 1674 1777 1729 cap.
1818 1658 1873 1711 8-

189 1743 357 1799 Vide
421 1760 546 1816 cap.
592 1747 629 1798 7
688 1746 955 1817 ejusdem
1013 1746 1168 1812 libri,
1217 1751 1274 1802 et
1325 1763 1494 1818 capp.
1551 1747 1621 1801 34
1677 1750 1733 1801 et
1784 1745 1872 1815 40,

1370 497 1698 569 Ποιήσωμεν
1757 491 1816 549 ἄν
1852 526 1869 537 -

1984 497 2189 568 justus.
2223 498 2413 554 Unum
2446 501 2502 554 et
2530 499 2801 554 eumdem
2830 497 3052 554 cultum
3089 500 3473 558 sanctissima
3523 504 3645 559 Tri-

1989 585 2156 641 nitati
2186 587 2450 642 adhiberi
2509 588 2737 655 docent,
2797 604 2924 658 quae
2967 587 3244 660 leguntur
3298 590 3500 648 homil.
3558 609 3645 661 ιιι,

1987 691 2091 746 cap
2126 718 2139 731 .
2199 679 2271 729 72
2320 693 2332 731 :
2397 678 2506 728 Σοῦ
2554 673 2656 751 γάρ
2716 673 2855 728 ἐστιν
2918 672 3043 745 δόξα
3108 676 3323 739 αἰώνιος
3358 720 3371 747 ,
3429 678 3643 753 ὕμνος,

1986 762 2154 837 Πατρὶ
2203 763 2292 817 καὶ
2342 762 2452 836 Υἱῷ
2500 763 2587 818 καὶ
2656 764 2796 839 ἁγίῳ
2844 763 3157 837 Πνεύματι,
3206 765 3282 828 εἷς
3333 766 3460 829 τοὺς
3509 769 3646 842 σύμ-

1984 873 2185 915 παντας
2244 852 2465 915 αἰῶνας.
2525 853 2720 925 Ἀμήν.
2755 856 2845 910 Ad
2875 862 2926 909 te
2977 858 3127 909 enim
3154 859 3390 927 pertinet
3436 864 3647 915 aeterna

1983 943 2181 1014 gloria,
2241 944 2381 1010 laus,
2442 944 2598 998 Patri
2644 948 2693 998 et
2742 945 2889 1000 Filio
2919 952 2970 998 et
3023 946 3264 1015 Spiritui
3317 954 3523 1019 sancto,
3583 951 3645 1004 in

1984 1034 2171 1087 omnia
2197 1033 2434 1089 saecula.
2462 1034 2652 1088 Amen.
2687 1033 2831 1087 Hinc
2856 1032 3056 1088 homil.
3098 1051 3178 1101 1x,
3209 1050 3334 1106 cap.
3368 1037 3460 1102 23,
3501 1037 3642 1109 bap-

1984 1120 2197 1176 tismus
2255 1121 2655 1177 administrari
2703 1120 2917 1176 dicitur
2960 1138 2973 1177 :
3024 1122 3397 1197 Τρισμακαρίᾳ
3456 1122 3641 1178 ἐπονο-

1989 1206 2173 1281 pacta,
2237 1231 2265 1260 «
2300 1212 2397 1265 Ter
2455 1210 2617 1266 beata
2674 1211 3014 1265 invocatione
3036 1228 3055 1265 :
3086 1231 3115 1259 »
3161 1213 3315 1282 quod
3348 1213 3418 1267 de
3450 1214 3640 1270 tribus

1984 1297 2252 1353 Personis
2296 1296 2743 1370 intelligendum
2803 1301 2961 1369 patet
3012 1315 3081 1353 ex
3122 1297 3214 1354 his
3243 1300 3436 1355 verbis
3484 1300 3587 1357 lib.
3621 1320 3641 1357 ι

1984 1389 2288 1456 Recoqnit.,
2322 1402 2447 1456 cap.
2480 1387 2550 1440 63
2578 1403 2590 1440 :
2625 1386 2703 1441 Ad
2734 1388 2993 1441 ultimum
3032 1390 3243 1457 autem,
3292 1388 3485 1460 inquit
3542 1390 3642 1446 Pe-

1983 1480 2133 1542 trus,
2166 1475 2427 1531 admonui
2454 1492 2564 1543 eos,
2614 1479 2673 1530 ut
2716 1477 3042 1547 priusquam
3068 1476 3524 1547 progrederemur
3570 1480 3641 1534 ad

1982 1569 2162 1638 gentes
2187 1565 2498 1637 praedicare
2538 1566 2620 1620 eis
2649 1566 2984 1634 agnitionem
3017 1567 3121 1620 Dei
3165 1568 3370 1633 Patris,
3404 1569 3516 1639 ipsi
3558 1584 3640 1625 re-

1982 1656 2411 1711 conciliarentur
2464 1655 2569 1709 Deo
2623 1656 2977 1725 suscipientes
3025 1656 3233 1710 Filium
3268 1658 3405 1727 ejus.
3466 1658 3641 1713 Aliter

1982 1745 2129 1799 enim
2147 1744 2302 1799 nullo
2328 1744 2482 1799 modo
2510 1758 2599 1799 eos
2624 1744 2843 1800 ostendi
2882 1760 3033 1816 posse
3088 1745 3317 1815 salvari,
3380 1746 3496 1802 nisi
3537 1763 3639 1819 per

198 1832 316 1888 lib.
378 1849 507 1933 v1.11.
579 1834 682 1936 Ex.
720 1835 941 1934 quibus
994 1839 1164 1935 .ratet
1234 1835 1871 1936 pseudo-Clementem:
1901 1870 1950 1936 Β
1983 1834 2218 1934 Spiritus
2242 1835 2431 1890 sancti
2456 1835 2698 1936 gratiam
2727 1835 2894 1891 trinae
2922 1835 3288 1892 invocationis
3314 1834 3459 1891 dilui
3498 1852 3633 1909 pap-

198 1922 481 1992 quamvis
562 1922 767 1979 multis
833 1924 1127 1980 Judaismi
1206 1925 1467 1997 reliquiis
1530 1924 1869 1997 implicatus
1902 1922 2211 1980 "tismate
2237 1926 2613 1994 properarent.

197 2014 388 2079 esset,
449 2011 604 2066 idem
662 2016 860 2067 tamen
918 2029 984 2068 ac
1028 2016 1266 2069 caeteros
1325 2013 1641 2086 scriptores
1689 2012 1865 2068 eccle~

195 2098 483 2155 siasticos
509 2100 581 2156 de
613 2101 821 2156 mundi
851 2117 953 2172 per
979 2101 1190 2157 Filium
1222 2103 1511 2158 creatione
1560 2102 1817 2158 sensisse
1852 2118 1865 2169 ;

194 2193 414 2243 contra
436 2205 616 2259 quam
640 2188 830 2260 placet
851 2191 1197 2257 Socinianis,
1215 2192 1315 2262 qui
1338 2192 1488 2246 hanc
1519 2192 1865 2262 doctrinam,

196 2274 567 2332 Christianis
618 2277 984 2333 circumcisis
1019 2281 1259 2351 penitus
1288 2280 1568 2352 ignotam,
1601 2298 1635 2334 a
1678 2279 1865 2352 philo-

192 2365 416 2435 sophis
461 2364 804 2438 religionem
862 2368 1348 2440 amplectentibus
1394 2369 1695 2423 inductam
1756 2369 1865 2423 tin-

196 2457 383 2524 gunL

289 2563 318 2592 ‹‹
346 2542 548 2597 Multis
579 2542 709 2599 aliis
740 2544 919 2601 rebus
962 2545 1293 2601 declaratur
1336 2546 1517 2617 hujus
1564 2546 1866 2619 scriptoris

200 2646 351 2686 cum
399 2630 711 2688 Catholiois
756 2635 1062 2690 verborum
1093 2638 1151 2691 et
1183 2634 1604 2691 sententiarum
1654 2634 1863 2691 simili-

200 2720 381 2775 tudo.
415 2719 623 2775 Omnia
680 2739 850 2778 nosse
908 2723 1122 2779 dicitur
1174 2724 1442 2780 Christus
1488 2724 1690 2780 homil.
1741 2742 1863 2791 νηί,

204 2823 347 2879 cap.
379 2808 467 2863 21.
501 2809 670 2866 Solus
700 2812 928 2867 animas
958 2811 1292 2868 illuminare
1322 2814 1513 2884 posse,
1565 2812 1725 2869 solus
1769 2830 1864 2869 ve-

2046 2012 2140 2067 Vl.
2197 2012 2468 2067 «Ibidem
2525 2012 2697 2067 Jesus
2752 2014 2992 2069 vocatur
3057 2012 3309 2069 Christus
3364 2024 3631 2071 aeternus.

1977 2102 2139 2167 Quod
2174 2106 2237 2155 ut
2267 2100 2644 2173 intelligatur,
2678 2118 2855 2171 quam
2901 2100 3017 2155 vim
3048 2105 3105 2156 et
3135 2103 3487 2157 sententiam
3535 2103 3635 2158 ha-

1974 2191 2130 2256 beat,
2165 2190 2591 2245 observandum
2624 2194 2713 2245 est
2742 2190 2823 2243 ita
2851 2189 3055 2244 Jesum
3087 2190 3300 2255 vocari,
3351 2196 3414 2245 ut
3452 2208 3631 2262 oppo—

1976 2285 2155 2337 natur
2197 2279 2417 2335 Simoni
2450 2278 2547 2350 qui
2580 2295 2641 2334 se
2683 2278 2979 2335 Christum
3010 2282 3066 2334 et
3096 2279 3360 2334 Stantem
3406 2280 3633 2336 dictita-

1975 2370 2095 2425 bat.
2158 2367 2307 2422 Ἀντὶ
2363 2372 2459 2421 τοῦ
2517 2362 2685 2427 ὅντως
2756 2367 2990 2438 Χριστοῦ
3044 2368 3204 2439 ἡμῶν
3266 2366 3451 2421 ἑαυτὸν
3511 2367 3634 2422 ἀνα-

1974 2456 2210 2532 γορεύει.
2249 2476 2271 2505 α
2306 2459 2411 2513 Pro
2465 2472 2594 2512 vero
2648 2456 2862 2511 Christo
2913 2466 3100 2512 nostro
3145 2473 3202 2512 se
3257 2459 3439 2529 ipsum
3485 2476 3632 2531 pra:-

1973 2547 2141 2617 dicat,
2176 2569 2204 2596 »
2226 2546 2420 2617 inquit
2454 2544 2669 2617 Aquila
2696 2545 2899 2601 homil.
2935 2563 2998 2613 II,
3030 2562 3155 2617 cap.
3186 2547 3277 2601 22.
3337 2547 3512 2602 Porro
3565 2564 3632 2605 eo

1976 2636 2211 2691 nomine
2244 2636 2527 2705 majorem
2559 2651 2621 2690 se
2643 2634 2850 2689 mundi
2881 2638 3158 2705 creatore,
3190 2634 3408 2690 ibidem
3448 2635 3633 2692 decla-

1974 2730 2083 2783 rat.
2117 2725 2250 2796 Cap.
2283 2724 2375 2793 24,
2405 2724 2490 2779 sic
2529 2723 2811 2795 quaerenti
2867 2722 3180 2779 Dositheo:
3236 2724 3330 2779 Dic
3358 2724 3521 2792 mihi,
3579 2727 3633 2781 si

1974 2820 2033 2871 tu
2064 2832 2118 2871 es
2167 2814 2350 2878 Stans,
2383 2822 2443 2868 ut
2461 2814 2685 2868 adorem
2741 2821 2791 2867 te
2812 2828 2834 2873 ;
2864 2813 3180 2883 respondet
3208 2812 3411 2867 Simon
3438 2830 3452 2867 :
3513 2815 3623 2884 Ego

198 2894 441 2950 ritatem
475 2903 754 2971 retegere,
814 2899 1017 2956 homil.
1063 2919 1125 2967 ιι,
1157 2919 1281 2973 cap.
1315 2903 1367 2957 4.
1415 2901 1586 2957 Solus
1638 2907 1862 2958 Patrem
1970 2921 2139 2966 sum;
2172 2908 2229 2959 et
2260 2902 2454 2957 statim
2490 2901 2800 2956 Dositheus
2823 2901 3065 2969 cecidit;
3098 2905 3154 2956 et
3172 2902 3437 2957 adoravit
3466 2918 3626 2961 eum.

197 2984 655 3041 immutabiliter
680 2988 898 3055 videre,
949 2990 1104 3045 hom.
1154 3008 1290 3055 xvn,
1340 3008 1466 3063 cap,
1504 2993 1588 3047 16.
1639 2992 1708 3045 Τὸ
1759 2992 1862 3068 γὰρ

199 3071 490 3147 ἀτρέπτως
519 3075 728 3149 ΙΙατᾶρα
762 3072 890 3130 ἰδεῖν
926 3078 1051 3130 ι’ἱοῦ
1114 3078 1279 3150 μόνου
1337 3078 1498 3136 ἐστίν.
1561 3084 1699 3137 Nam
1754 3084 1861 3137 Ρα-

197 3171 350 3218 trem
395 3166 820 3221 immutabiliter
901 3168 1099 3233 videre,
1153 3169 1337 3225 solius
1402 3172 1535 3226 Filii
1607 3176 1703 3226 est.
1758 3174 1860 3227 Ea-

1972 2994 2204 3050 Nicetas
2234 3008 2360 3062 cap.
2384 2991 2473 3061 28,
2507 2990 2589 3045 sic
2618 2991 2886 3045 eumdem
2926 2990 3217 3045 Simonem
3269 2990 3625 3062 alloquitur:

1977 3086 2113 3138 Deus
2143 3097 2255 3137 esse
2301 3096 2408 3135 non
2453 3088 2602 3150 potes
2632 3096 2645 3134 :
2694 3081 2827 3133 time
2857 3096 3005 3147 eum,
3056 3082 3152 3151 qui
3180 3096 3302 3134 vere
3330 3082 3473 3135 Deus
3527 3089 3628 3136 est.

1974 3172 2257 3228 Similiter
2286 3170 2561 3224 adoratur
2591 3168 2816 3235 Simon,
2848 3166 2949 3221 lib.
2987 3185 3025 3221 ιι
3062 3169 3355 3238 Recognit.,
3381 3186 3507 3239 cap.
3543 3169 3629 3225 11.

201 3252 343 3307 dem
378 3251 597 3308 habent
640 3254 770 3309 libri
798 3259 1267 3328 Recognitzonum,
1304 3260 1623 3330 praesertim
1658 3260 1756 3315 lib.
1806 3278 1861 3329 v,
1894 3238 1936 3304 Ο
1978 3264 2040 3318 In
2071 3262 2273 3317 eodem
2306 3259 2474 3326 libro,
2506 3275 2629 3329 cap.
2666 3258 2753 3325 44,
2790 3274 2891 3328 per
2920 3256 3231 3311 ridiculum
3279 3238 3517 3313 vocatur
3547 3260 3637 3313 in-

200 3358 339 3412 cap.
377 3343 462 3412 10,
498 3343 597 3397 ubi
632 3344 751 3399 hac
780 3345 1067 3417 legimus:
1109 3350 1207 3402 Hic
1258 3365 1384 3417 ergo
1423 3354 1498 3405 est
1546 3365 1703 3404 verus
1740 3352 1869 3405 Pro-

194 3432 392 3502 pheta,
449 3434 549 3501 qui
591 3433 653 3486 in
696 3434 889 3492 Iudaea
944 3437 1107 3491 nobis
1150 3439 1431 3509 apparuit,
1482 3447 1542 3492 ut
1588 3438 1868 3495 audistis:

200 3522 308 3593 qui
335 3526 488 3575 stans
514 3521 737 3593 publice
755 3525 873 3579 sola
883 3525 1131 3596 jussione
1154 3528 1403 3597 faciebat
1430 3542 1599 3584 caecos
1656 3530 1864 3596 videre,

198 3608 405 3665 surdos
434 3611 633 3665 audire
663 3629 683 3675 ;
711 3614 952 3683 lugabal
1001 3613 1293 3684 daemones,
1352 3617 1520 3685 agris
1574 3618 1870 3671 sanitatem

200 3697 493 3766 reddebat,
541 3702 594 3753 et
639 3702 881 3755 mortuis
933 3702 1116 3757 vitam.
1151 3703 1392 3775 Cumque
1444 3705 1594 3760 nihil
1645 3707 1697 3759 ei
1737 3709 1872 3760 esset

201 3788 570 3858 impossibile,
603 3796 769 3843 etiam
805 3791 1152 3861 cogitationes
1180 3793 1462 3849 hominum
1509 3794 1822 3866 pervidebat
1847 3814 1868 3849 :

201 3877 351 3950 quod
380 3877 529 3932 nulli
557 3880 638 3932 est
666 3880 944 3949 possibile,
976 3882 1089 3935 nisi
1116 3883 1223 3936 soli
1244 3883 1367 3938 Deo.

280 3988 312 4016 «ι
336 3966 535 4037 Neque
549 3966 724 4021 etiam
746 3966 892 4023 illud
912 3969 1266 4041 principium
1300 3971 1867 4042 praetermittendum

201 4060 299 4111 est
346 4056 502 4125 quod
562 4054 699 4111 huic
747 4057 1016 4129 scriptori
1047 4076 1179 4114 cum
1213 4061 1435 4115 caeteris
1485 4060 1868 4132 scriptoribus

202 4143 619 4200 ecclesiasticis
649 4161 963 4202 commune
995 4153 1120 4205 est:
1177 4149 1317 4203 deos
1347 4148 1454 4203 coli
1508 4165 1620 4203 non
1673 4148 1866 4222 licere,

203 4231 440 4289 etiamsi
472 4232 691 4288 summi
723 4238 778 4288 et
807 4234 1217 4300 omnipotentis
1249 4236 1348 4291 Dei
1380 4236 1631 4292 ministri
1666 4238 1869 4292 dican-

204 4326 335 4389 tur;
364 4320 465 4376 sed
498 4320 607 4376 soli
639 4321 818 4388 Patri,
851 4328 906 4378 et
935 4323 1077 4379 Filio
1103 4330 1159 4379 et
1191 4325 1436 4396 Spiritui
1469 4331 1664 4381 sancto
1712 4327 1871 4381 hunc

205 4410 497 4465 honorem
524 4409 941 4467 deferendum:
979 4413 1036 4467 in
1073 4430 1188 4485 quo
1220 4413 1459 4485 quidem
1493 4415 1735 4470 insaniae
1768 4432 1868 4471 no-

210 4502 336 4554 tam
384 4497 640 4572 eﬂ'ugere
689 4516 805 4555 non
858 4505 1068 4573 potest,
1130 4502 1180 4556 si
1226 4502 1437 4558 Filium
1490 4508 1547 4558 et
1586 4504 1869 4576 Spiritum

1976 3350 2353 3422 corruptibilis
2386 3350 2543 3403 Deus.
2579 3347 2702 3402 Non
2733 3346 2978 3401 dubium
3010 3363 3145 3417 ergo
3185 3346 3327 3417 quin
3388 3348 3639 3418 pseudo-

1976 3440 2262 3509 Clemens,
2288 3455 2420 3493 cum
2451 3438 2657 3492 Jesum
2699 3453 2900 3491 verum
2933 3439 2990 3490 et
3010 3440 3290 3490 aeternum
3340 3435 3638 3491 Christum

1977 3546 2105 3586 esse
2137 3527 2455 3593 contendit,
2505 3526 2705 3581 omnia
2732 3525 2783 3579 ei
2815 3524 3038 3579 tribuat
3093 3540 3219 3595 quas
3278 3523 3392 3580 sibi
3437 3524 3637 3581 Simon

1977 3635 2079 3691 per
2101 3632 2401 3672 summum
2443 3615 2606 3669 nefas
2639 3614 2968 3685 arrogabat.

2050 3727 2079 3755 «
2111 3705 2237 3760 Non
2269 3702 2768 3759 dissimulandum
2801 3706 2891 3756 est
2924 3718 3037 3756 non
3072 3699 3237 3755 nulla
3260 3700 3353 3756 his
3379 3700 3438 3755 in
3469 3699 3638 3757 libris

1979 3810 2280 3851 occurrere
2311 3810 2438 3861 quae
2472 3793 2543 3847 de
2583 3791 2813 3845 Christo
2871 3790 3031 3845 dicta
3082 3788 3279 3844 minus
3310 3790 3637 3858 commode,

1978 3887 2035 3938 et
2065 3882 2272 3937 Ruﬁno
2305 3880 2430 3935 visa
2464 3883 2604 3935 sunt
2635 3878 2905 3934 Eunomii
2932 3877 3279 3933 commentis
3314 3877 3639 3946 simillima,

1980 3978 2037 4027 et
2067 3970 2462 4042 Epiphaniam
2523 3969 2908 4033 adduxerunt,
2944 3971 3009 4020 ut.
3053 3966 3333 4021 Ebionitis
3365 3984 3397 4020 a
3423 3966 3637 4037 quibus

1981 4063 2084 4117 bos
2118 4061 2298 4115 libros
2324 4056 2702 4130 interpolatos
2734 4058 2995 4128 putabat,
3038 4055 3391 4110 sententiam
3410 4055 3634 4111 Arianae

1979 4149 2287 4223 gemellam
2323 4148 2627 4219 efﬁngeret
2657 4150 2859 4201 contra
2881 4144 3063 4200 totius
3083 4144 3453 4215 antiquitatis
3474 4144 3637 4199 testi-

1980 4240 2265 4304 monium,
2301 4236 2419 4291 imo
2452 4240 2655 4292 contra
2704 4251 2877 4289 suum
2937 4233 3145 4306 ipsius,
3178 4232 3278 4303 qui
3339 4232 3637 4289 Christum

1979 4329 2052 4384 ab
2088 4325 2371 4382 Ebionitis
2404 4323 2733 4395 simplicem
2767 4322 3067 4377 hominem
3124 4321 3326 4376 haberi
3359 4321 3637 4377 declarat.

1978 4417 2086 4473 Sed
2121 4431 2255 4469 cum
2286 4413 2405 4469 haec
2455 4413 2667 4467 imitati
2724 4412 2846 4467 sint
2894 4411 3194 4483 Origenes,
3226 4410 3554 4466 Methodius
3585 4414 3642 4466 et

1979 4504 2338 4569 Lactantius,
2388 4503 2499 4558 erit
2521 4506 2753 4573 tempus
2774 4500 2950 4556 dehis
2972 4500 3179 4571 agendi
3213 4498 3398 4569 magis
3420 4516 3636 4571 oppor-

208 4590 488 4643 sauctum
519 4587 579 4642 in
612 4588 787 4644 rebus
804 4588 1013 4646 creatis
1037 4592 1398 4647 numerabat.
1420 4591 1682 4646 Primum
1705 4594 1873 4647 docet
1901 4606 1948 4671 Ι)
1980 4598 2204 4657 tunum,
2255 4609 2387 4647 cum
2426 4590 2720 4647 solvendis
2776 4594 3112 4645 sanctorum
3155 4588 3392 4643 Patrum
3438 4587 3638 4643 difﬁci-

210 4675 423 4732 homil.
452 4693 509 4747 ι,
544 4692 670 4749 cap.
714 4678 783 4733 15
810 4682 869 4734 et
898 4679 984 4746 16,
1016 4683 1075 4735 et
1106 4685 1351 4754 Recogn.
1384 4679 1485 4736 lib.
1534 4698 1587 4749 v,
1621 4698 1748 4753 cap.
1784 4683 1869 4736 19.

210 4764 476 4820 Alterum
507 4763 710 4820 multis
748 4765 894 4822 locis
948 4772 1218 4825 testatur.
1267 4769 1348 4824 De
1378 4768 1536 4824 cultu
1588 4770 1771 4825 Patris
1819 4774 1875 4825 et

214 4852 342 4907 Filii
374 4852 456 4909 sic
512 4852 777 4925 loquitur
836 4856 1036 4912 Petrus
1086 4856 1187 4913 lib.
1222 4876 1257 4912 Χ
1306 4859 1567 4928 Recognit
1610 4875 1737 4930 cap.
1772 4859 1869 4914 47:

216 4941 357 5011 Quid
383 4943 530 4997 enim
554 4951 639 4999 est
668 4943 728 4999 in
754 4960 858 5017 quo
883 4945 1175 5001 adversari
1228 4948 1618 5015 praedicationi
1666 4952 1874 5003 nostra?

220 5032 339 5100 quis
364 5030 549 5086 debeat
580 5031 608 5086 ‘l
634 5042 737 5088 aut
766 5034 829 5088 in
858 5049 960 5105 quo
988 5038 1182 5090 contra
1218 5052 1342 5091 veri
1371 5036 1686 5106 honestique
1703 5037 1871 5107 ﬁdem

222 5133 395 5173 sermo
420 5119 844 5189 praedicationis
880 5127 1092 5181 nostra:
1119 5124 1588 5196 deprehenditur?
1615 5127 1710 5197 qui
1738 5126 1872 5180 dicit

222 5205 610 5263 honorandum
645 5226 757 5267 esse
788 5217 966 5268 Deum
997 5221 1048 5269 et
1080 5216 1305 5269 Patrem
1337 5217 1583 5269 omnium
1639 5213 1874 5269 condito-

219 5311 360 5361 rem,
384 5296 611 5368 eiusque
638 5300 840 5355 Filium
863 5304 957 5373 qui
977 5303 1125 5358 solus
1155 5319 1279 5358 eum
1308 5310 1362 5358 et
1386 5304 1719 5359 voluntatem
1746 5306 1872 5375 ejus

216 5385 394 5449 novit,
426 5388 626 5459 cuique
658 5388 763 5443 soli
816 5389 879 5444 de
931 5392 1182 5446 omnibus
1228 5391 1563 5447 credendum
1609 5402 1690 5447 est
1747 5407 1872 5463 qum

213 5475 531 5546 praecepit:
561 5476 711 5532 solus
747 5480 897 5533 enim
924 5488 1002 5535 est
1055 5482 1145 5535 lex
1197 5487 1251 5535 et
1299 5481 1579 5553 legislator
1622 5487 1673 5538 et
1696 5481 1872 5554 judex

316 5613 411 5688 te)
438 5614 678 5688 Justin.,
715 5619 873 5677 Dial.
907 5636 1034 5688 cap.
1068 5622 1156 5688 47.

312 5681 406 5760 l7)
434 5681 695 5762 Hieroni,
725 5691 909 5764 Epist.
937 5681 1029 5760 SO,
1054 5681 1128 5750 ad
1157 5697 1406 5766 August.

1982 4683 2227 4739 lioribus
2258 4681 2400 4737 locis
2433 4696 2670 4752 operam
2713 4679 3008 4735 dabimus.

2054 4794 2083 4824 «
2117 4773 2196 4827 Ex
2226 4770 2318 4826 his
2343 4774 2535 4825 autem
2560 4786 2689 4841 quae
2721 4767 3049 4835 attulimus,
3091 4765 3259 4823 facile
3286 4765 3637 4838 perspicitur

1982 4861 2139 4917 hunc
2172 4860 2515 4931 scriptorem
2548 4874 2663 4913 non
2687 4858 2858 4912 modo
2880 4855 3024 4910 nihil
3057 4856 3269 4911 habere
3301 4856 3456 4927 quod
3480 4854 3642 4910 Ebio-

1983 4950 2240 5005 nitarum
2273 4964 2529 5003 errorem
2560 4946 2838 5011 redoleat,
2871 4946 2971 5001 sed
3006 4945 3183 4999 etiam
3216 4944 3286 5000 de
3316 4942 3443 4998 Filii
3474 4948 3638 4997 aeter-

1983 5038 2184 5106 nitate,
2228 5036 2652 5107 omnipotentia
2687 5038 2743 5089 et
2779 5048 2913 5088 vera
2942 5049 3011 5088 ex
3052 5031 3220 5088 Patre
3266 5030 3640 5103 generatione

1981 5130 2134 5182 recte
2163 5125 2594 5191 sentire.Quare
2627 5138 2752 5195 quae
2783 5122 2852 5177 de
2881 5120 3168 5176 Nazarteis
3198 5120 3466 5176 Justinus
3499 5119 3631 5191 (l6),

1986 5215 2368 5286 Hieronymus
2400 5213 2513 5284 (17)
2548 5217 2605 5267 et
2635 5210 2998 5284 Augustinus
3033 5210 3146 5282 (18)
3177 5214 3488 5275 testantur,
3540 5224 3637 5263 eos

1982 5303 2264 5358 nimirum
2322 5301 2447 5357 Filii
2489 5300 2852 5356 divinitatem
2908 5299 3250 5369 agnovisse;
3283 5314 3351 5354 ea
3395 5296 3526 5367 quis
3576 5296 3636 5350 in

1980 5391 2226 5447 dubium
2245 5394 2488 5457 revocet,
2523 5405 2656 5444 cum
2679 5392 2734 5444 et
2765 5388 2948 5443 tantis
2979 5386 3320 5444 auctoribus
3351 5385 3634 5450 nitantur,

1980 5485 2037 5535 et
2065 5480 2125 5534 in
2165 5479 2449 5552 scriptore
2506 5477 2653 5550 legis
2709 5478 3171 5534 observationem
3210 5475 3485 5531 audacter
3529 5472 3634 5527 do-

2051 5620 2164 5693 (18)
2194 5623 2466 5692 August,
2492 5618 2595 5676 lib.
2620 5624 2703 5676 De
2731 5618 2928 5676 haeres.
