4116 6224
305 403 379 467 19
1131 400 1196 459 S.
1244 398 1686 459 CLEMENTIS
1732 398 1756 458 Ι
1802 398 1991 458 ROM.
2039 398 2266 458 PONT.
2316 397 2572 459 OPERA
2622 397 2886 460 DUBIA.
3633 392 3712 452 20

304 538 466 593 conte
509 535 567 590 et
615 530 983 605 praedicante,
1047 529 1343 603 conceptis
1396 528 1591 585 verbis
1636 528 1949 601 legantur?
1979 531 2032 597 Α
2132 529 2413 584 Caeterum
2446 528 2712 585 Cotelerii
2759 528 3074 585 editionem
3114 526 3269 601 typis
3310 525 3708 581 excudendam
3752 517 3757 521 ’

305 627 517 678 Praeter
536 620 683 694 legis
730 619 1191 675 observationem
1234 622 1290 674 et
1320 618 1495 673 fidem
1543 617 1603 672 in
1653 616 1950 672 Christum
2066 618 2417 673 curavimus.
2472 618 2636 673 Notis
2682 617 3054 673 Cotelerianis
3093 633 3159 671 ea
3196 616 3416 688 passim
3460 614 3707 670 intexui-

302 712 512 776 Deum,
561 709 702 764 illud
755 708 927 764 etiam
987 707 1121 763 huic
1154 708 1420 779 scriptori
1478 723 1611 762 cum
1669 704 1955 762 Nazarzeis
2066 707 3054 778 musqueanimadvertiteruditus
3077 705 3367 775 Davisius,
3393 705 3462 761 ad
3485 709 3704 760 textum

302 815 612 859 commune
651 802 760 864 est,
823 797 975 869 quod
1023 796 1343 852 Pharisaeos
1399 796 1611 851 acriter
1657 794 1951 850 interdum
2063 795 2436 867 potissimum
2508 797 2939 851 emendandum
3008 798 3380 867 comparata:
3461 796 3709 866 paucula

299 891 644 954 insectatur,
673 891 737 942 ut
766 885 966 942 homil.
1000 903 1081 956 χι,
1107 902 1273 958 capp.
1307 886 1376 939 28
1407 890 1463 941 et
1488 888 1560 940 29
1589 889 1645 941 et
1676 887 1953 954 Recognit.
2062 885 2235 940 etiam
2269 902 2336 940 ex
2364 884 2586 940 Joanne
2608 884 2824 941 Clerico
2873 885 3233 956 adjeoimus:
3287 888 3528 955 utraque
3576 900 3708 939 vero

301 980 406 1037 lib.
442 997 481 1047 ι,
514 995 640 1049 cap.
674 978 762 1031 54.
798 997 826 1026 ››
860 975 981 1030 Huc
1006 991 1189 1047 usque
1223 974 1601 1030 doctissimus
1655 974 1949 1030 Maranus.
2063 990 2132 1030 ex
2163 974 2368 1029 iterata
2396 978 2632 1029 Patrum
2667 974 3133 1046 Apostolicorum
3175 972 3428 1028 editione
3470 975 3709 1027 Amstze-

371 1068 492 1123 VII.
526 1066 719 1123 Unum
752 1070 947 1121 tamen
974 1068 1084 1131 est,
1118 1064 1272 1136 quod
1313 1063 1408 1119 hic
1448 1080 1812 1119 moneamus.
1853 1063 1951 1118 Ni-
2062 1062 2385 1119 lodamensi
2420 1063 2879 1135 desumpsimus.
2924 1061 3194 1133 Epistolas
3240 1062 3348 1116 sub
3399 1060 3712 1118 Clementis

300 1155 541 1223 mirum,
593 1154 703 1210 sub
748 1153 958 1209 harum
1009 1152 1488 1223 disquisitionum
1539 1152 1776 1207 initium
1825 1150 1949 1224 opi-
2061 1152 2298 1207 nomine
2325 1152 2539 1207 Jacobo
2572 1152 2866 1224 inscriptae
2900 1153 3162 1208 Grzecum
3213 1150 3510 1222 exemplar
3559 1149 3713 1204 stiti-

300 1249 473 1301 natus
503 1248 593 1300 est
622 1242 767 1298 V.C.
795 1244 1321 1313 Recognitionumet
1348 1240 1730 1297 Homiliarum
1764 1257 1949 1296 unum
2061 1257 2195 1296 mus
2254 1241 2404 1296 inter
2464 1240 2755 1313 duplicem
2799 1241 3144 1311 versionem,
3200 1240 3442 1296 alteram
3496 1239 3713 1294 Rufini.

300 1339 358 1391 et
390 1334 544 1390 idem
578 1350 726 1405 opus
781 1348 929 1402 esse,
981 1332 1079 1386 sed
1115 1348 1229 1386 non
1263 1331 1439 1386 semel
1498 1331 1743 1398 editum,
1795 1330 1949 1402 quod
2062 1328 2307 1385 alteram
2376 1329 2623 1385 Coterii:
2691 1329 2862 1401 eique
2901 1333 3175 1401 praeterea
3216 1327 3528 1384 nonnullas
3587 1328 3717 1383 doc-

301 1425 526 1497 pridem
555 1421 953 1478 insinuaverat
981 1419 1296 1476 Cotelerius
1327 1436 1394 1477 ac
1424 1424 1556 1492 post
1598 1436 1815 1475 annum
1850 1420 1953 1474 I70
2061 1417 2275 1474 tissimi
2332 1418 2622 1473 Coutantii
2712 1418 3115 1474 adnotationes
3173 1434 3242 1473 ex
3270 1418 3399 1489 ejus
3456 1417 3714 1489 Epistolis

300 1510 511 1566 litteris
546 1509 854 1567 traditum.
891 1507 1109 1564 Verum
1136 1512 1451 1579 antequam
1511 1508 1631 1563 haec
1669 1507 1954 1564 describe-
2062 1514 2434 1565 Romanorum
2487 1508 2815 1579 pontiﬁcum
2865 1506 3271 1579 subjecimus:
3326 1506 3424 1578 qui
3457 1510 3515 1562 et
3566 1504 3713 1560 illud

304 1615 526 1667 remus,
567 1599 638 1654 de
685 1596 1161 1669 Recoqnitionibus
1208 1596 1335 1666 jam
1395 1597 1581 1652 fuerat
1640 1594 1806 1651 nobis
1855 1596 1953 1651 de-
2066 1595 2337 1651 observat
2368 1596 2497 1667 (20),
2528 1597 2793 1651 eamdem
2824 1594 3168 1668 Epistolam,
3202 1599 3511 1668 postquam
3547 1593 3715 1649 aRu-

305 1690 719 1756 monstratum,
751 1685 881 1740 illas
932 1684 1167 1740 demum
1195 1684 1410 1756 scripto
1443 1702 1552 1741 non
1590 1684 1769 1739 fuisse
1812 1699 1955 1739 con-
2069 1684 2185 1738 lino
2218 1684 2523 1739 Latinitate
2552 1685 2767 1739 donata
2796 1689 2903 1755 est,
2936 1684 3290 1756 quibusdam
3322 1683 3579 1754 antiquis
3610 1682 3714 1738 Ca-

306 1776 569 1849 signatas
608 1780 741 1830 ante
790 1790 1012 1830 annum
1066 1774 1190 1829 216.
1254 1773 1714 1829 Clemenlinorum
1762 1778 1956 1829 autem
2070 1790 2292 1829 nonum
2324 1772 2760 1830 collectionibus
2800 1774 3077 1831 insertam
3110 1774 3310 1831 fuisse.
3365 1773 3510 1828 Hinc
3559 1772 3714 1828 haud

307 1869 604 1920 auctorem
663 1863 814 1919 circa
845 1878 1063 1918 annum
1087 1861 1296 1918 Christi
1329 1864 1436 1917 250
1480 1862 1768 1929 ﬂoruisse,
1824 1878 1958 1917 cum
1993 1905 2040 1970 Β
2071 1863 2340 1930 miratur,
2401 1862 2561 1919 illam
2609 1880 2760 1919 anno
2810 1864 2911 1918 441
2963 1881 2996 1918 a
3054 1862 3297 1919 concilio
3375 1861 3618 1917 Vasensi
3678 1878 3716 1926 ι,

307 1954 531 2010 Joanne
588 1952 769 2008 Millio
816 1951 1317 2019 existimabamus,
1351 1951 1451 2023 qui
1494 1952 1622 2021 ejus
1680 1950 1962 2008 Homilies
1995 1949 2040 1970 ¹¹
2074 1968 2202 2007 can.
2238 1953 2323 2023 16,
2357 1968 2423 2007 ac
2454 1952 2701 2008 subinde
2731 1969 2764 2006 a
2792 1951 3025 2009 Nicolao
3058 1952 3103 2021 Ι,
3131 1953 3356 2007 Joanne
3377 1951 3526 2017 VIII,
3561 1949 3720 2005 aliis-

312 2044 500 2098 editas
526 2041 706 2097 fuisse
738 2041 1061 2112 censet(19)
1092 2040 1367 2095 subidem
1388 2044 1622 2111 tempus
1651 2057 1763 2110 quo
1794 2057 1961 2095 suam
2073 2057 2183 2110 que
2213 2040 2529 2096 Clementis
2559 2040 2795 2096 nomine
2832 2041 3012 2096 fuisse
3054 2039 3382 2095 laudatam:
3435 2056 3552 2111 qua
3590 2038 3718 2110 qui-

311 2131 670 2187 Harmoniam
699 2128 1090 2200 perscribebat
1124 2128 1477 2184 Ammonius
1514 2128 1959 2185 Alexandrinus.
2072 2129 2204 2184 dem
2235 2128 2295 2184 in
2329 2145 2389 2185 re
2421 2129 2738 2185 adnotanta
2775 2129 3074 2201 praeiverat
3097 2128 3434 2185 Cotelerius.

409 2255 498 2325 49)
526 2253 693 2319 Mill.,
725 2252 1053 2323 Prolegom,
1080 2252 1151 2306 ad
1181 2256 1250 2325 Ν.
1280 2252 1346 2309 T.
1378 2256 1499 2319 Gr.,
1530 2254 1558 2321 §
1583 2254 1709 2308 670.

409 2258 498 2325 49)
526 2258 693 2319 Mill.,
725 2258 1053 2323 Prolegom,
1080 2258 1151 2306 ad
1181 2258 1250 2306 N.
1280 2258 1346 2309 T.
1378 2258 1499 2319 Gr.,
1530 2258 1558 2321 §
1583 2258 1709 2308 670.

384 2258 496 2399 §20)
526 2328 819 2389 Coutant.,
851 2325 1111 2395 Append.
1147 2324 1218 2379 ad
1252 2324 1417 2395 Epist.
1445 2325 1597 2380 Rom.
1627 2326 1858 2397 ponti/2,
1892 2341 1949 2396 p.
1980 2325 2036 2395 5,
2067 2326 2095 2394 §
2123 2325 2178 2380 6.

1022 2626 1786 2785 CLEMEN
1802 2629 2100 2789 TIS
2262 2631 3007 2789 ROMANI

1722 2875 1883 2940 QUE
1920 2876 2313 2937 FERUNTUR

913 3037 2055 3205 HOMILL‘E
2161 3037 3122 3209 VIGINTI

1233 3299 1571 3396 NUNC
1634 3300 2127 3395 PRIMUM
2187 3301 2800 3397 INTEGBZE.

314 3478 584 3539 Textum
617 3475 748 3560 _ad_
777 3476 1057 3560 codicem
1128 3478 1623 3560 Ottobonianum
1690 3480 2032 3553 constituit,
2093 3480 2443 3541 versionem
2526 3481 2817 3542 Cotelerii
2887 3480 3119 3560 passim
3190 3478 3484 3560 correxit,
3548 3494 3721 3560 eam-

394 3575 518 3634 que
576 3555 869 3628 absolvit,
932 3558 1194 3619 selectas
1250 3559 1529 3621 virorum
1614 3560 1941 3621 doctorum
2001 3580 2013 3620 ι

388 3638 689 3709 DRESSEL,
726 3636 884 3716 phil.
918 3640 1015 3698 D'.

2094 3566 2185 3622 tas
2267 3579 2535 3640 suasque
2597 3555 2923 3640 subjunxit
2977 3561 3273 3622 Albertus
3330 3559 3491 3619 Rud.
3553 3558 3719 3617 Max.

676 3682 689 3709 ,
730 3682 884 3709 γυιιο
918 3682 964 3698 υ
1001 3682 1015 3698 ο

910 3841 1339 3914 (ΟΟΤΤΙΝῦᾸΞ,
1381 3858 1709 3901 suunisvs
1751 3860 2035 3900 LIBRABUE
2074 3861 2546 3905 nimsmcsumn.
2587 3863 2897 3917 uncccuu,
2939 3848 3132 3920 in-8°.)

1658 4093 2226 4183 LECTURIS
2305 4097 2396 4183 S.

392 4285 508 4340 Duo
550 4286 844 4355 prastanti
876 4284 1127 4340 doctrina
1177 4284 1306 4353 viri,
1338 4287 1386 4343 J.
1424 4287 1486 4341 Β.
1522 4286 1817 4343 Cotelerius
1845 4292 1898 4344 et
1927 4291 1976 4345 Ι.
2006 4288 2269 4357 Clericus,
2298 4292 2360 4346 in
2392 4290 2673 4359 Homiliis,
2707 4306 2833 4365 quae
2882 4291 3172 4348 Clementis
3218 4294 3453 4349 Romani
3504 4294 3727 4349 nomine

319 4373 812 4443 circumferuntur,
844 4373 1083 4442 edendis,
1115 4379 1423 4446 complures
1477 4377 1539 4430 in
1568 4376 1761 4432 iisdem
1813 4378 2116 4434 emendatis
2170 4384 2331 4451 alque
2360 4380 2787 4452 interpretandis
2816 4384 2974 4437 tanta
2999 4398 3123 4437 cum
3161 4382 3455 4451 diligentia
3478 4399 3544 4439 ac
3572 4382 3732 4437 laude

322 4464 534 4519 versati
560 4466 714 4527 sunt,
747 4466 805 4517 ut
825 4463 1129 4518 multorum
1162 4464 1375 4535 judicio
1404 4465 1564 4535 aliis,
1613 4465 1758 4536 quod
1789 4472 2036 4537 agerent,
2064 4468 2353 4541 reliquisse
2381 4469 2700 4523 viderentur
2740 4474 2835 4524 aut
2875 4486 3110 4541 paucam
3149 4474 3250 4526 aut
3279 4472 3448 4536 nihil,
3507 4473 3731 4527 Verum-

323 4553 622 4617 enimvero,
652 4554 749 4623 qui
779 4553 859 4606 ita
887 4555 1219 4619 statuerunt,
1252 4552 1397 4609 haud
1424 4555 1776 4611 mediocriter
1816 4564 2024 4612 errant.
2058 4558 2196 4612 Nam
2251 4560 2560 4629 quicunque
2591 4559 2817 4613 illorum
2875 4560 3045 4615 libros
3100 4562 3339 4615 excussit
3395 4562 3735 4628 accuratius,

324 4647 591 4711 quantum
633 4642 707 4695 iis
751 4639 1169 4712 perfectionem,
1219 4658 1386 4714 quam
1435 4644 1496 4696 in
1536 4644 1636 4699 hoc
1688 4660 1887 4713 genere
1915 4650 2241 4717 expetimus,
2273 4646 2429 4713 desit,
2463 4648 2628 4717 facile
2681 4647 3109 4703 animadvertat.
3179 4654 3262 4704 Ere
3302 4665 3443 4705 novo
3500 4666 3731 4721 quoque.

325 4742 453 4801 quae
481 4728 822 4785 vehementer
874 4729 1321 4800 desiderabatur,
1353 4731 1687 4801 Schwegleri
1716 4734 1955 4790 editione
1984 4734 2041 4789 id
2068 4737 2203 4790 satis
2227 4752 2499 4808 superque
2519 4738 2753 4808 probari
2780 4740 2944 4807 patet.
2978 4737 3164 4793 Adhuc
3190 4739 3307 4794 haec
3337 4747 3513 4794 erant.
3534 4739 3608 4794 Ae
3646 4739 3739 4793 illi

324 4817 565 4891 quidem,
599 4817 730 4889 quid
762 4818 925 4873 unius
971 4822 1184 4874 tantum
1214 4820 1414 4876 codicis
1458 4823 1797 4893 supellectile
1823 4828 1877 4879 et
1912 4826 2246 4880 auctoritate
2276 4826 2559 4896 ingenium
2590 4841 2789 4897 arsque
2817 4828 3062 4899 critique
3106 4828 3320 4897 etﬁeere
3373 4836 3571 4899 posset,
3625 4844 3736 4883 non

228 4922 233 4923 ί
325 4906 525 4977 absque
542 4922 789 4962 successu
818 4908 1187 4964 ostenderunt.
1219 4912 1411 4980 Itaque
1442 4927 1567 4966 cum
1595 4912 1681 4966 vel
1723 4920 1845 4983 post
1876 4917 1951 4967 tot
1983 4917 2272 4985 tantasque
2297 4915 2543 4969 virorum
2598 4914 2877 4970 doctorum
2923 4917 3359 4973 elucubrationes
3405 4924 3564 4987 atque
3590 4932 3734 4971 com-

324 4996 689 5051 mentationes
719 4998 1005 5066 scriptoris
1033 4998 1212 5051 nostri
1230 5000 1385 5053 ratio
1411 5000 1585 5054 etiam
1612 5002 1744 5055 tunc
1772 5016 1835 5056 ea
1864 5005 2020 5068 esset,
2053 5010 2113 5057 ut
2140 5003 2199 5057 in
2224 5005 2399 5074 primi
2407 5027 2421 5049 κ
2455 5003 2572 5073 ejus
2619 5012 2803 5059 textus
2846 5006 3195 5061 restitutione
3225 5005 3284 5059 in
3311 5006 3588 5074 integrum
3614 5019 3737 5073 ege-

322 5086 430 5152 ret,
459 5084 513 5139 si
538 5099 567 5138 e
584 5086 734 5154 fonte
764 5085 996 5140 haurire
1018 5087 1273 5141 vellemus
1304 5086 1623 5159 timpidiori
1646 5089 1992 5161 puriorique,
2014 5092 2223 5161 factum
2255 5101 2331 5147 est
2358 5098 2412 5146 zz!
2436 5093 2717 5147 auxilium
2745 5094 3085 5149 inveniretur
3116 5102 3168 5149 et
3194 5110 3279 5163 eo,
3310 5109 3412 5165 quo
3442 5093 3741 5149 Cotelerius

323 5188 457 5228 usus
505 5180 605 5241 est,
671 5173 931 5237 validius,
965 5178 1015 5229 et
1036 5177 1276 5247 cujusvis
1324 5178 1537 5247 judicii
1584 5179 1763 5233 critici
1807 5181 2060 5234 acumine
2114 5183 2388 5252 superius.
2433 5183 2569 5236 Nam
2599 5181 2815 5239 Graecos
2846 5183 3119 5239 Vaticana?
3146 5182 3480 5240 bibliothecae
3533 5182 3741 5239 codices

319 5262 695 5334 perlustranti
716 5263 858 5317 mihi
886 5266 1135 5334 contigit,
1170 5269 1229 5318 ut
1260 5266 1572 5336 quindecim
1601 5267 1800 5323 abhinc
1826 5270 1995 5323 annis
2026 5271 2087 5324 in
2112 5286 2209 5324 ms.
2245 5272 2547 5325 inciderem
2588 5287 2699 5325 non
2736 5271 2911 5326 solum
2956 5272 3212 5327 Parisino
3256 5272 3416 5339 libro,
3447 5272 3558 5337 cui,
3617 5286 3743 5344 quae

326 5349 587 5406 hactenus
620 5352 983 5405 llomiliarum
1013 5354 1389 5421 innotueranl,
1425 5356 1697 5421 debemus,
1724 5357 1885 5427 longe
1928 5360 2306 5429 praestantius,
2355 5376 2541 5414 rerum
2590 5362 2759 5414 etiam
2813 5361 3102 5427 integrius,
3135 5362 3336 5431 quippe
3390 5360 3531 5432 quod
3560 5364 3611 5415 et
3651 5377 3744 5416 ea-

242 5448 245 5449 ⁷
328 5455 457 5495 rum
501 5448 715 5510 partem
749 5446 860 5495 tam
895 5441 993 5496 diu
1020 5445 1241 5512 frustra
1288 5446 1614 5515 requisitam
1641 5445 1928 5516 praberet.
1960 5452 2037 5502 Ac
2062 5449 2171 5518 fuit
2198 5449 2436 5520 quidem,
2492 5465 2615 5503 cum
2663 5447 2805 5503 mihi
2832 5464 3045 5519 quoque
3063 5453 3288 5520 tempus,
3341 5465 3466 5521 quae
3510 5449 3746 5520 feliciter

331 5527 680 5598 inveneram,
712 5528 877 5596 digne
908 5529 1242 5586 elaborandi
1263 5535 1539 5603 prapitius
1568 5548 1879 5589 concessum
1905 5535 2023 5603 fore
2051 5535 2391 5605 arbitrarer,
2414 5537 2467 5590 si
2496 5535 2747 5605 inﬁnitus
2776 5536 2929 5590 labor
2982 5539 3203 5593 criticus
3256 5539 3474 5609 scriptis
3514 5543 3745 5594 Patrum

332 5618 763 5688 apostolicorum
811 5618 1164 5675 emendandis
1203 5638 1234 5675 α
1265 5637 1351 5676 me
1388 5626 1665 5694 susceptus
1720 5623 2096 5693 requiescendi
2124 5626 2347 5679 initium
2376 5627 2737 5681 concessisset.
2772 5626 2945 5694 Quam
2974 5642 3122 5698 spem
3149 5643 3326 5699 grave
3370 5629 3743 5699 infortunium

323 5704 557 5779 fefellit.
592 5708 731 5763 Nam
770 5707 974 5764 medici
1026 5709 1305 5782 cujusdam
1355 5712 1691 5768 Monacensis
1749 5713 1969 5768 incuria
1997 5722 2160 5787 atque
2216 5714 2437 5770 inscitia
2488 5715 2665 5772 altera
2714 5715 2870 5774 oculo
2916 5718 3126 5787 captus,
3180 5716 3355 5775 altero
3400 5716 3743 5789 debilitatus,

244 5910 443 6077 Ἢ
