4116 6224
400 335 475 394 21
1570 334 2096 397 CLEMENTINA.
2127 367 2206 380 —
2234 335 2652 397 PROOEMIA.
3742 334 3819 393 22

412 475 671 540 quantum
698 466 1040 523 valetudinis
1069 468 1384 539 viriumque
1409 472 1713 539 supererat,
1744 468 1813 523 ad
1840 485 1903 524 ea
1930 469 2156 539 contuli,
2185 484 2305 540 quae
2330 469 2562 540 majoris
2606 467 2870 523 momenti
2918 467 3062 521 mihi
3086 473 3248 521 erant
3294 466 3621 522 absolvenda
3662 476 3824 540 atque

782 556 898 624 Quo
928 558 1076 625 facto
1106 554 1176 611 ad
1207 554 1541 612 Clementem
1570 559 1871 612 Romanum
1904 573 2153 612 reversus
2173 558 2296 627 jam
2328 558 2389 611 in
2420 558 2615 611 limine
2644 558 2890 627 cognovi,
2925 557 2988 611 ob
3017 557 3382 611 recentiorum
3413 557 3702 623 librorum,
3726 560 3824 629 qui

407 649 464 700 in
489 646 782 700 auxilium
808 645 1040 701 vocandi
1068 649 1266 711 essent,
1301 647 1483 702 Romae
1512 648 1822 716 penuriam,
1846 649 2013 719 justis
2043 648 2328 702 hominum
2359 648 2843 716 transalpinorum.
2895 646 3184 699 desideriis
3226 661 3312 700 me
3350 662 3460 699 non
3489 648 3569 700 ita
3598 649 3826 717 satisfa-

404 742 623 788 cturum
653 749 791 803 esse,
823 743 883 789 ut
912 737 973 789 in
1003 750 1220 789 summa
1245 734 1487 804 faciendi
1506 736 1781 790 voluntate
1811 744 1930 790 erat
1960 739 2011 790 et
2038 735 2250 806 alioqui
2289 736 2413 804 ﬁeri
2457 736 2742 805 potuisset.
2795 735 2921 789 Haec
2968 734 3293 805 similiaque
3332 750 3453 788 cum
3487 740 3825 805 reputarem,

397 824 597 877 timens
624 840 699 878 ne
723 822 857 895 quid
888 823 1185 894 indignum
1214 823 1317 877 hac
1341 827 1505 879 etate
1531 824 1676 878 mihi
1703 824 2068 887 excideret,eo
2097 827 2214 893 fere
2237 832 2458 877 ventum
2487 827 2650 889 cst,ut
2671 841 2703 878 a
2730 823 3002 878 Clemente
3029 824 3268 879 Romano
3293 824 3595 891 evulgando
3615 824 3832 879 desiste-

396 912 802 966 rem.Attamen
834 914 1056 978 amicis,
1079 927 1148 966 ne
1177 913 1396 966 inventa
1422 913 1561 968 mihi
1580 913 1852 967 oblivione
1875 913 2051 968 denuo
2075 913 2675 981 sepelirentur-uterum
2695 914 2999 982 iterumque
3016 911 3434 965 adhortantibus
3456 912 3681 967 tandem
3702 929 3831 968 cen-

397 1001 491 1054 sui
520 1017 639 1056 esse
667 1000 991 1055 cedendum.
1025 1002 1146 1056 lam
1175 1002 1324 1054 enim
1352 1017 1676 1069 persuasum
1707 1002 1846 1055 mihi
1877 1010 1980 1065 est,
2013 1016 2139 1072 quae
2168 1002 2422 1056 Homiliis
2448 1002 2649 1055 critica
2680 1000 3019 1055 adminicula
3051 1008 3167 1055 tum
3196 1016 3225 1054 e
3253 1001 3440 1055 codice
3468 1010 3831 1071 reperto,tum

397 1107 471 1146 ex
500 1092 738 1148 editione
760 1094 1015 1164 principe
1043 1092 1234 1157 attuli,
1268 1094 1320 1146 si
1346 1101 1558 1163 partem
1591 1094 1848 1147 hactenus
1877 1093 2146 1149 ineditam
2180 1093 2371 1161 addas,
2404 1109 2586 1148 coram
2621 1095 2712 1163 iis,
2742 1110 2906 1164 penes
2946 1109 3075 1163 quos
3107 1093 3268 1164 hujus
3319 1094 3403 1146 rei
3425 1093 3706 1162 judicium
3734 1098 3829 1163 est,

401 1184 753 1252 aequiparare
781 1197 844 1236 ea
872 1197 1027 1251 posse
1055 1182 1274 1252 quantis
1303 1182 1510 1235 notutis
1540 1182 1940 1252 explanatoriis
1977 1181 2153 1236 adhuc
2181 1182 2429 1249 indigere
2457 1182 2767 1236 videantur.
2822 1183 2893 1235 Ac
2940 1183 3212 1236 mentione
3258 1180 3516 1236 editionis
3558 1182 3833 1252 principis

404 1270 567 1338 facta
598 1286 705 1325 non
724 1271 863 1325 satis
886 1270 1097 1324 mirari
1120 1283 1364 1339 possum,
1398 1268 1663 1339 quomodo
1694 1268 2023 1325 Schwehleri
2074 1270 2427 1340 diligentiam
2456 1279 2508 1324 et
2553 1271 2914 1337 sagacitatem
2960 1286 3176 1323 summa
3223 1271 3509 1324 necessitas
3559 1270 3829 1341 eﬂugerit,

402 1370 529 1412 eam
560 1360 644 1413 vel
670 1358 1086 1414 accuratissime
1113 1356 1407 1426 revisendi,
1459 1373 1561 1427 quo
1590 1358 1914 1413 vulneribus
1962 1360 2022 1411 in
2051 1358 2235 1413 tribus
2280 1359 2327 1414 Ι.
2378 1358 2577 1413 Clerici
2617 1358 2742 1413 edd.
2786 1374 2880 1413 an.
2919 1358 3075 1419 1698,
3130 1359 3287 1427 1700,
3333 1358 3473 1411 1724
3508 1359 3684 1413 textui
3712 1358 3832 1429 ejus

403 1453 637 1524 inﬂictis
663 1447 875 1503 medela
904 1448 1213 1519 aﬂ‘erretur.
1248 1448 1372 1502 Istic
1400 1448 1673 1501 nimirum
1701 1478 1765 1487 —
1796 1445 1935 1502 sileo
1964 1448 2181 1502 levioris
2204 1447 2465 1503 momenti
2494 1463 2619 1501 men
2632 1448 2693 1501 ia
2724 1478 2790 1487 -—
2823 1447 3019 1502 multae
3049 1462 3111 1501 vo
3124 1462 3209 1501 ces
3237 1448 3475 1513 omissae,
3498 1447 3685 1517 plures
3705 1462 3831 1501 con-

408 1552 503 1599 tra
557 1541 735 1595 Paris.
770 1537 904 1592 libri
920 1537 1308 1592 auctoritatem
1335 1538 1454 1591 sine
1476 1536 1592 1591 ulla
1622 1552 1788 1591 causa
1813 1538 1980 1592 tacite
2011 1539 2254 1605 mutatae,
2287 1538 2547 1607 plurimae
2576 1552 2865 1607 perperam
2896 1544 3180 1606 corrupta.
3217 1537 3351 1604 Quae
3398 1536 3617 1606 quidem
3642 1538 3835 1607 paucis

404 1630 657 1700 exceptis
686 1642 798 1681 non
827 1624 1004 1680 solum
1025 1641 1067 1679 α
1095 1625 1395 1679 novissimo
1425 1624 1628 1679 editore
1654 1626 1913 1695 repetita,
1945 1624 2036 1679 sed
2066 1641 2205 1680 nova
2237 1641 2489 1680 errorum
2518 1627 2769 1696 congerie
2798 1633 2966 1680 aucta
2994 1626 3195 1680 sunth
3226 1625 3377 1679 enim
3409 1624 3614 1679 Clerici
3641 1640 3830 1679 recen-

402 1722 618 1776 sionem
645 1720 855 1771 textum
882 1713 1142 1770 editionis
1166 1729 1253 1783 pr.
1287 1716 1589 1783 geuuinum
1613 1717 1822 1783 putans
1850 1716 2054 1769 centies
2096 1714 2362 1770 Coteterzo
2393 1716 2535 1770 hanc
2565 1716 2789 1769 illamve
2818 1716 3103 1770 lectionem
3127 1730 3220 1769 seu
3253 1715 3452 1770 bonam
3480 1730 3573 1769 seu
3602 1731 3829 1783 pravam

411 1808 663 1880 afﬁnxit,
695 1805 761 1860 de
781 1820 891 1877 qua
921 1804 1018 1858 itte
1046 1819 1116 1858 ne
1144 1804 1421 1858 somniare
1467 1803 1687 1874 quidem
1716 1820 1883 1858 ausus
1911 1812 2007 1859 est.
2064 1807 2236 1859 Taceo
2284 1805 2516 1875 reliqua,
2564 1820 2689 1875 quae
2731 1804 2798 1858 ab
2829 1805 2958 1859 aliis
2989 1805 3236 1872 intelligi
3262 1804 3427 1869 malo,
3464 1820 3627 1875 quam
3682 1820 3716 1857 a
3745 1819 3833 1857 me

576 1899 657 1950 Ne
688 1894 862 1948 multa
890 1910 909 1947 :
933 1909 1002 1947 en
1029 1892 1134 1946 tibi
1162 1894 1533 1947 recensionem
1564 1893 1939 1947 Homitiarum
1979 1894 2259 1963 prioribus
2285 1894 2685 1949 accuratiorem
2713 1896 2783 1960 et,
2815 1893 2863 1948 si
2890 1894 3269 1963 integritatem
3308 1895 3535 1964 spectas,
3578 1892 3828 1947 omnibus

396 1987 655 2042 numeris
678 1982 1006 2038 absolutam.
1039 1981 1220 2052 Neque
1245 1997 1368 2036 vero
1398 1982 1529 2047 illa,
1562 1997 1688 2052 quae
1712 1996 1870 2037 novae
1900 1982 2032 2035 huic
2061 1982 2294 2036 editioni
2322 1991 2644 2037 ornamento
2673 1986 2772 2050 est,
2804 1982 3011 2053 glorior
3038 1983 3355 2051 integritate
3385 1998 3403 2033 :
3434 1982 3581 2036 alius
3618 1996 3829 2051 quoque

410 2076 668 2130 invenire
693 2073 980 2144 potuiseet.
1014 2087 1132 2141 quae
1162 2069 1307 2125 mihi
1334 2072 1587 2125 invenire
1613 2073 1900 2139 contingit,
1934 2073 2179 2141 quamvis
2206 2071 2275 2126 ad
2304 2088 2480 2125 unum
2510 2087 2691 2125 omnes
2721 2086 2786 2125 ea
2817 2071 3002 2125 adhuc
3028 2069 3600 2140 praeterierintAtqui
3618 2085 3685 2122 ea
3715 2068 3825 2122 hu-

402 2178 596 2220 mana
621 2164 757 2218 vitae
784 2160 1019 2216 conditio
1050 2163 1146 2227 est,
1174 2167 1234 2214 ut
1258 2160 1472 2230 pluries
1499 2168 1747 2230 negetur,
1780 2160 1909 2230 quin
1943 2175 2002 2215 eo
2032 2159 2237 2231 aliquis
2288 2161 2581 2231 quesitum
2622 2164 2711 2215 eat
2742 2175 2845 2231 quo
2899 2160 3279 2213 lubentissime
3328 2158 3479 2227 velit,
3526 2156 3825 2213 secundum

409 2258 662 2312 Graecum
696 2251 836 2306 illud
868 2268 882 2306 :
1234 2258 1244 2269 ‘

1456 2344 1530 2400 Οὐ
1568 2346 1764 2408 παντὸς
1794 2343 1985 2421 ἀνδρὸς
2016 2344 2070 2409 ἐς
2106 2344 2365 2422 Κόρινθον
2395 2344 2500 2401 ἔσθ’
2531 2347 2559 2401 ὁ
2590 2343 2783 2407 πλοῦς.

482 2476 693 2549 Scripsi
724 2476 909 2533 Romae
940 2472 1058 2530 Kal.
1092 2471 1203 2529 Jul.
1238 2470 1395 2528 1852.

1148 2694 1590 2757 CLEMENTIS
1637 2695 1942 2757 ROMANI
1987 2696 2495 2759 HOMILIARUM
2541 2696 2867 2757 CODICES
2913 2694 3087 2756 MSS.

481 2840 528 2895 1.
562 2839 624 2893 In
656 2840 973 2907 Defenstone
997 2852 1101 2908 pro
1156 2836 1473 2891 Canonibus
1502 2837 1877 2908 apostolorum
1908 2840 1959 2892 et
2002 2838 2267 2908 Epistolis
2311 2837 2633 2909 pontiﬁcum
2682 2836 3031 2893 Franciscus
3061 2834 3387 2891 Turrianus
3447 2849 3478 2890 ο
3537 2850 3651 2889 ms.
3679 2851 3829 2907 quo-

412 2927 558 2982 dam
587 2930 784 2981 Graeca
813 2924 974 2994 citat,
1008 2940 1136 2995 qum
1168 2924 1226 2978 in
1256 2924 1571 2980 Clementis
1603 2925 1669 2980 R.
1706 2925 1972 2980 Homiliis
2003 2926 2392 2997 reperiuntur.
2441 2925 2571 2980 Alia
2622 2924 3053 2995 Metaphrasten
3106 2924 3282 2990 olent,
3335 2922 3452 2978 alia
3480 2923 3552 2978 ad
3582 2922 3827 2979 Ottobo-

404 3014 579 3070 niani
604 3013 910 3069 lectionem
944 3017 1046 3068 aut
1076 3029 1253 3083 prope
1283 3012 1586 3079 accedunt,
1622 3017 1723 3068 aut
1753 3012 1900 3067 nihil
1934 3014 2005 3068 ab
2037 3031 2104 3068 ca
2132 3013 2429 3068 differunt.
2464 3012 2853 3069 Nihilosecius
2883 3027 3124 3083 prorsus
3159 3010 3317 3065 aliud
3350 3018 3437 3066 est
3461 3027 3528 3067 ac
3558 3016 3827 3067 nostrum

412 3108 477 3158 et
497 3101 908 3157 Parisinude
940 3100 1083 3155 satis
1116 3116 1270 3155 unus
1300 3099 1398 3155 ille
1427 3100 1590 3155 locus
1621 3101 1827 3172 probat
1856 3102 1913 3154 in
1945 3100 2191 3172 epistola
2221 3100 2490 3156 Turriani
2521 3102 2593 3156 ad
2624 3100 2867 3156 Hosium
2896 3098 3253 3155 cardinalem
3284 3098 3701 3170 allatus,quem
3732 3099 3827 3155 hic

413 3191 601 3246 habes
630 3191 685 3244 in
719 3191 883 3245 Hom.
914 3206 1052 3255 xvn,
1087 3190 1173 3244 15.

483 3278 537 3332 2.
574 3299 603 3328 α
630 3276 949 3333 Cotelsrius
980 3276 1275 3348 exemplar
1307 3293 1483 3332 suum
1517 3282 1803 3345 accurate,
1839 3278 1956 3334 imo
2004 3277 2291 3350 religiose,
2321 3294 2392 3333 ne
2423 3276 2681 3333 litterula
2731 3276 2968 3348 quidem
3026 3279 3271 3342 mutata,
3324 3274 3633 3347 descripsit
3664 3290 3732 3330 ex
3762 3292 3828 3331 eo

408 3367 612 3423 codice
644 3366 1049 3437 Bomiliarum,
1085 3367 1184 3438 qui
1216 3384 1390 3428 unus.
1424 3372 1716 3437 quantum
1750 3370 1954 3438 sciam,
1989 3369 2272 3438 temporis
2306 3368 2557 3438 injurias
2590 3366 2849 3439 pertulit,
2883 3365 3197 3421 Parisiensi
3252 3366 3426 3437 Regio
3483 3366 3619 3420 1648
3652 3366 3828 3436 (nunc

412 3455 584 3521 1196,
620 3456 669 3511 si
699 3461 854 3510 recte
885 3471 1142 3525 auguror
1170 3472 1238 3510 ex
1267 3454 1447 3512 Catal.
1484 3455 1609 3510 cod.
1646 3472 1789 3511 mss.
1829 3456 1978 3511 Bibl.
2014 3457 2156 3528 Reg.
2192 3456 2320 3510 Par.
2356 3458 2514 3523 1740,
2550 3462 2692 3511 tom.
2732 3456 2801 3525 Il,
2858 3456 2915 3510 in
2966 3471 3142 3526 quem
3201 3454 3429 3509 numeri
3487 3452 3831 3509 Coteleriani

418 3560 541 3599 non
573 3542 965 3613 conveniunt).
1000 3542 1064 3597 In
1097 3542 1427 3597 subsidium
1460 3542 1730 3597 adhibuit
1760 3542 2180 3599 Clementinam
2218 3543 2543 3615 Epitomen,
2578 3561 2754 3614 quam
2785 3552 2835 3597 el
2870 3543 3059 3613 ipsam
3107 3559 3138 3597 e
3187 3542 3314 3598 cod.
3362 3546 3500 3612 Reg.
3546 3542 3580 3594 8
3610 3540 3827 3597 descri-

408 3636 578 3702 ptam
609 3631 668 3684 in
701 3646 873 3701 opere
902 3647 1033 3699 suo,
1066 3631 1291 3702 primus
1323 3636 1455 3701 post
1483 3632 1846 3699 Turnebum,
1881 3631 2095 3703 publici
2120 3632 2276 3702 juris
2305 3631 2455 3701 fecit,
2518 3632 2799 3686 Praeterea
2828 3630 3087 3685 excussit
3116 3630 3289 3697 codd,
3324 3629 3583 3700 Reg.148
3616 3633 3671 3684 et
3699 3629 3825 3697 804,

411 3718 518 3789 qui
548 3720 855 3774 continens
884 3719 1149 3774 eamdem
1182 3718 1506 3789 Epitomen,
1541 3736 1602 3774 se
1630 3718 1803 3790 paulo
1826 3721 2141 3775 auctiorem
2175 3736 2243 3775 ex
2284 3718 2669 3775 Homiliarum
2716 3718 3062 3791 fragmentis
3091 3718 3189 3789 (cf.
3244 3734 3371 3789 quae
3418 3717 3826 3773 adnotavimus

405 3806 482 3861 ad
518 3807 605 3874 11,
632 3807 670 3861 5
696 3806 892 3878 μυῖαι,
925 3806 1032 3862 col.
1064 3806 1155 3876 33]
1186 3811 1242 3861 et
1270 3808 1468 3877 333,18
1501 3806 1627 3873 [co].
1657 3808 1803 3874 295].
1841 3808 1915 3862 lis
1944 3806 2225 3863 subsidiis
2246 3806 2560 3863 Cotelerius
2589 3806 2668 3861 ita
2703 3824 2846 3862 usus
2876 3809 3056 3872 est,ut
3078 3805 3232 3860 haud
3262 3821 3454 3877 pauca
3483 3804 3698 3861 codicis
3731 3805 3823 3860 sui

407 3894 629 3950 menda
658 3895 718 3949 in
745 3896 1009 3968 margine
1038 3894 1310 3950 editionis
1340 3912 1461 3951 sum
1490 3900 1688 3967 posset
1708 3896 2089 3952 emendare.»
2122 3898 2208 3951 Ita
2239 3896 2646 3967 Schweglerus
2675 3895 2733 3949 in
2775 3894 3134 3950 Praefatione.
3168 3894 3284 3965 Ego
3334 3893 3572 3964 quidem
3616 3893 3819 3948 dubito

416 3999 565 4039 num
597 3982 919 4040 Cotelerius
942 3984 1001 4039 in
1034 3984 1413 4040 describendo
1444 3985 1640 4040 codice
1660 3985 1841 4041 Paris.
1887 3985 2075 4040 ubivis
2104 3984 2199 4041 ille
2227 3986 2339 4042 fide
2372 3991 2545 4057 atque
2594 3984 2873 4057 religione
2904 4000 3047 4038 usus
3096 3982 3289 4049 fuerit,
3343 3998 3459 4053 qua
3487 3982 3548 4036 in
3580 3981 3688 4037 hoc
3718 3998 3815 4053 ge-

409 4087 554 4128 nere
581 4087 728 4145 Opus
757 4078 885 4128 est:
920 4072 979 4127 id
1012 4072 1165 4146 quod
1197 4089 1266 4128 ex
1288 4072 1488 4128 multis
1516 4072 1660 4128 locis
1690 4090 1824 4129 cum
1855 4080 2054 4129 nostro
2084 4074 2349 4145 ejusdem
2382 4072 2615 4129 familiai
2650 4071 3044 4143 inanuscripto
3101 4073 3374 4127 accurate
3421 4069 3648 4125 collatis
3680 4069 3808 4125 luce

414 4159 634 4216 clarius
662 4164 924 4233 apparet.
954 4162 1142 4217 Codex
1170 4160 1354 4216 Paris.
1389 4177 1727 4233 quanquam
1761 4162 1818 4216 in
1852 4161 2037 4217 fronte

2202 4162 2297 4217 bet
2331 4180 2343 4219 :
2378 4154 2579 4221 Βίϐλος
2631 4157 2832 4234 ἔχουσα
2881 4156 3105 4231 ὁμιλίας
3155 4154 3445 4234 διαφόρους
3496 4156 3600 4210 ἀπὸ
3644 4162 3826 4233 φωνῆς

406 4250 510 4301 τοῦ
578 4245 735 4320 ἁγίου
788 4245 992 4321 ΙΙὲτρου
1056 4251 1153 4301 τοῦ
1228 4245 1559 4318 ἀποστόλου,
1628 4253 1994 4325 συγγραφεῖσα
2064 4248 2166 4302 ὑπὸ
2241 4252 2339 4303 τοῦ
2414 4247 2573 4321 ἁγίου
2643 4245 2981 4319 Κλήμεντος,
3042 4248 3077 4315 ἡ
3140 4243 3412 4321 λεγομένη
3494 4242 3828 4318 Κλημέντια,

409 4335 687 4392 τουτέστιν
741 4333 1057 4408 Κλήμεντος
1120 4337 1537 4412 συγγράμματα.
1597 4335 1848 4412 Περιέχει
1908 4334 1965 4392 δὲ
2020 4340 2055 4406 ἡ
2112 4337 2246 4406 αὐτή
2312 4332 2505 4412 βίϐλος
2560 4333 2707 4392 τάδε·
2772 4334 3081 4410 προλόγους
3136 4338 3306 4407 τρεῖς,
3358 4333 3582 4407 ὁμιλίας
3639 4331 3835 4407 εἶόιοσι,

420 4426 671 4483 mutilus
699 4431 897 4483 tamen
931 4427 1149 4483 desinit
1177 4427 1237 4482 in
1268 4429 1436 4483 Hom.
1474 4445 1589 4495 xxx,
1624 4429 1708 4483 14.

489 4516 547 4572 3.
578 4516 767 4572 Codex
797 4533 907 4572 ms.
942 4517 1042 4588 qui
1074 4518 1146 4573 ad
1180 4534 1388 4572 novam
1421 4517 1804 4572 Homiliarum
1847 4519 2162 4573 editionem
2213 4518 2633 4574 conﬁciendam
2682 4518 2951 4574 criticum
3005 4532 3219 4588 penum
3272 4514 3418 4571 mihi
3474 4514 3706 4586 aperuit
3734 4514 3821 4571 vel

409 4605 799 4674 uberrimum,
830 4622 1151 4678 earumque
1182 4607 1357 4662 finem
1386 4607 1694 4679 hucusque
1724 4609 2116 4663 desideratura
2150 4609 2356 4663 unicus
2406 4608 2673 4680 largitur,
2702 4609 2773 4664 ad
2806 4624 2935 4663 eam
2967 4606 3221 4678 pertinet
3265 4605 3557 4661 Vaticana:
3614 4604 3835 4661 biblio-

412 4697 555 4750 teca
586 4700 985 4767 partem,quae
1017 4695 1409 4752 Ottoboniaua
1455 4697 1812 4752 nominatur.
1855 4698 2207 4752 Chartaceus
2239 4702 2346 4765 est,
2400 4699 2595 4752 formai
2653 4702 2890 4769 quartae,
2926 4695 3362 4766 insigniturque
3408 4710 3652 4749 numero
3705 4695 3833 4749 443.

414 4782 704 4840 Ειοηῑυε
730 4800 860 4839 esse
888 4783 1116 4839 videtur
1143 4783 1381 4840 ineunte
1411 4800 1542 4839 saec.
1576 4802 1690 4854 xxv,
1737 4784 1923 4839 nitida
1952 4786 2190 4856 quidem
2239 4786 2435 4841 Graeca
2470 4802 2667 4855 manu,
2721 4785 2819 4841 sed
2866 4785 2937 4839 ob
2988 4783 3306 4839 inusitatas
3358 4782 3559 4854 siglas,
3597 4781 3817 4852 quibus

414 4871 627 4938 utitur,
658 4872 881 4944 passim
912 4872 1190 4945 ambigua
1218 4876 1275 4928 et
1302 4872 1685 4940 subobscure,
1722 4890 1825 4929 nec
1875 4874 2086 4945 ubique
2118 4874 2273 4930 facili
2304 4875 2478 4930 lectu.
2529 4874 2860 4939 Quamlibet
2890 4873 3186 4946 paginam,
3241 4872 3293 4928 si
3324 4870 3480 4927 tituli
3511 4874 3832 4928 occurrunt

416 4958 799 5027 nulli,versus
816 4959 1022 5032 viginti
1038 4965 1262 5032 septem
1282 4959 1605 5032 explent.ln
1629 4962 1816 5033 primo
1839 4962 2064 5019 Codicis
2088 4962 2222 5019 folio
2250 4964 2382 5019 albo
2407 4964 2709 5035 appositus
2733 4962 2942 5035 legitur
2966 4976 3251 5017 numerus
3274 4960 3378 5016 443
3407 4978 3419 5029 ;
3454 4960 3514 5016 in
3537 4959 3826 5031 sequenti:

876 5083 1141 5140 Clemens
1174 5084 1475 5141 Romanus
1506 5085 1577 5140 de
1608 5085 2186 5158 Peregrinationibus
2215 5088 2273 5143 S.
2307 5088 2457 5144 Petri
2490 5087 2587 5143 fol.
2618 5089 2672 5143 2.

883 5171 1160 5244 Ejusdem
1195 5172 1513 5229 Clementis
1545 5175 2087 5248 Peregrinationum
2116 5176 2379 5250 Epitome
2410 5176 2509 5239 fol,
2542 5177 2664 5232 161.

895 5261 1160 5334 Gregorii
1189 5263 1439 5335 Nysseni
1466 5264 1650 5320 oratio
1680 5264 1739 5321 in
1771 5264 1915 5321 illud
1947 5266 2106 5322 Pruli
2137 5283 2150 5323 :
2183 5269 2325 5323 Cum
2357 5266 2623 5338 subjecta
2651 5264 2893 5321 fuerint.

891 5348 983 5405 illi
1013 5349 1228 5417 omnia,
1259 5354 1398 5407 tunc
1427 5355 1485 5407 et
1513 5351 1639 5425 ipse
1669 5352 1848 5423 ﬁlius,
1879 5358 2014 5423 etc.,
2046 5354 2146 5411 fol.
2176 5355 2303 5410 235.

2092 5477 2154 5532 P.

2085 5576 2146 5636 X

2076 5663 2166 5725 19.
