4116 6224
318 346 397 404 23
1149 344 1214 402 S.
1261 343 1702 403 CLEMENTIS
1749 344 1771 402 Ι
1820 341 1943 402 ROl‘

2108 343 2286 402 ONT.
2336 345 2595 405 OPERA
2641 345 2905 405 DUBIA.
3653 349 3729 405 24

305 477 372 533 1n
404 480 653 549 utraque
682 474 898 548 pagina
927 475 1340 547 subsequentis
1373 473 1494 531 folii
1524 491 1836 531 numerum
1887 475 1910 529 Ι
1939 473 1998 530 in
2033 475 2220 531 fronte
2264 477 2502 533 ferentis
2531 480 2720 533 exstat
2773 477 3165 550 fragmentum
3220 477 3728 536 Clementinorum

306 565 600 638 prommii,
634 564 789 636 quod
822 563 1027 636 incipit
1059 580 1072 620 :
1107 561 1318 624 Αὐτοὺς
1369 563 1772 639 φρονιμώτερον
1824 560 1931 636 ἔπι]

2113 583 2193 616 σιν
2232 565 2563 637 desinitque
2614 567 2672 620 in
2705 567 2838 622 vbb.
2892 562 3051 638 ἄλλῳ
3101 563 3434 637 οὶῳδήποτε.
3469 567 3586 624 Hoc
3615 569 3731 625 fra-

310 659 617 728 gmentum
649 652 763 708 alia
793 670 994 719 manu,
1027 669 1212 724 eaque
1243 669 1371 708 sec.
1406 669 1479 707 xv
1499 658 1803 708 exaratum
1834 657 1892 709 et
1922 651 2159 708 aliunde
2188 654 2448 709 excisum
2497 663 2655 725 puto.
2701 654 2832 711 Jam
2882 655 3178 710 invenitur
3221 655 3472 711 alterum
3522 657 3734 714 folium

308 743 505 799 album
531 758 775 798 numero
790 759 1014 799 carens.
1042 743 1103 798 In
1150 742 1284 810 olio,
1333 743 1485 814 quod
1511 742 1780 814 sequitur
1810 757 2052 797 numero
2073 744 2108 795 2
2129 743 2580 812 distinctio,cam
2604 744 2814 815 praevia
2838 743 3219 817 inscriptione
3241 745 3450 816 incipit
3471 747 3736 818 Epistola

308 832 454 888 Petri
486 831 557 886 ad
587 831 867 886 Iacobum
898 832 1053 896 data,
1084 831 1175 886 cui
1209 830 1430 901 reliqua
1459 830 1822 886 Clementina
1841 832 2392 896 annectuntur.Ques
2417 837 2702 888 occurunt
2723 832 3134 904 inscriptiones
3158 832 3483 904 itidemque
3521 834 3735 891 litterae

314 919 568 976 initiales
601 919 983 974 Homiliarum
1016 919 1189 974 sicuti
1242 919 1631 991 quorumdam
1681 922 2039 974 commatum
2089 918 2268 975 minio
2317 919 2494 975 rubro
2521 920 2685 991 pictm
2733 925 2888 976 sunt.
2940 920 3318 993 Singularum
3351 921 3735 979 Homiliarum

312 1023 600 1064 numerus
630 993 1085 1064 Gracis‘litteris
1115 1009 1486 1080 exprimitur,
1516 1007 1686 1063 tertia
1713 1011 1937 1079 excepta

2088 1008 2310 1075 lecima,
2342 1008 2443 1064 ubi
2473 1012 2562 1064 est
2590 1004 2784 1079 ὁμιλία
2811 1006 2966 1081 τρίτη
3001 1013 3060 1064 ei.
3092 1006 3289 1080 ὁμιλία
3320 1005 3538 1077 δικάτη.
3574 1011 3713 1082 (Cfr.

312 1096 607 1170 specimen
642 1096 948 1167 scripturae
979 1096 1138 1169 ligno
1165 1097 1420 1153 incisum
1451 1097 1511 1151 in
1543 1095 1742 1152 tabula
1771 1095 1924 1151 infra
1951 1099 2233 1165 annexa.)
2258 1097 2342 1151 Ad
2373 1113 2534 1152 oram
2568 1097 2785 1153 codicis
2817 1097 3266 1169 quamplurimas
3297 1097 3503 1168 glossaa
3538 1099 3728 1168 prima

315 1203 492 1243 manu
526 1185 865 1256 conscriptae
897 1191 1196 1258 apparent,
1230 1186 1451 1244 nullius
1482 1186 1718 1260 quidem
1747 1185 2052 1252 momenti,
2094 1185 2142 1240 si
2174 1203 2387 1255 paucas
2434 1186 2708 1258 excipias.
2751 1186 3038 1242 Adnotavi
3071 1204 3202 1258 qua
3232 1186 3405 1243 utiles
3459 1204 3589 1243 esse
3631 1205 3732 1259 po-

313 1278 573 1332 tueruut.
610 1273 798 1330 Pluris
829 1275 1100 1330 faciendae
1133 1279 1270 1332 sunt
1301 1276 1646 1345 conjecturae
1678 1291 1856 1329 manu
1889 1274 2190 1329 recentiori
2225 1273 2473 1347 margini
2505 1274 2780 1330 distincto
2829 1275 3163 1332 charactere
3209 1275 3505 1348 appositas.
3533 1277 3723 1332 Habes

321 1379 552 1436 quoque
583 1363 654 1418 ad
686 1379 845 1418 oram
878 1362 1110 1419 notulas
1145 1364 1353 1419 rubras
1387 1381 1400 1420 :
1432 1383 1526 1416 καν
1559 1363 1603 1415 α’
1636 1379 1821 1432 usque
1851 1362 1921 1416 ad
1971 1381 2067 1414 καν
2103 1362 2191 1434 ιγ’,
2228 1379 2439 1434 easque
2474 1363 2662 1433 prima
2707 1380 2884 1419 manu
2916 1367 3040 1418 tam
3087 1364 3430 1420 indistincte
3489 1370 3733 1437 tamque

320 1453 514 1525 inepte
546 1451 928 1523 conscriptas,
965 1456 1028 1508 ut
1058 1451 1262 1508 nullibi
1303 1469 1436 1507 cum
1475 1456 1638 1506 textu
1673 1452 1983 1523 quadrent.
2036 1451 2233 1506 Prima
2278 1450 2570 1507 invenitur
2600 1452 2764 1508 initio
2797 1453 3069 1525 Epistolas
3119 1453 3435 1509 Clementis
3465 1455 3537 1510 ad
3566 1457 3729 1510 Jaco-

319 1542 463 1598 bum
493 1559 560 1597 ex
590 1543 850 1609 adverso,
886 1543 1092 1598 ultima
1119 1543 1177 1597 in
1209 1543 1472 1615 margine
1500 1543 1658 1598 hom.
1694 1544 1737 1611 Ι,
1771 1543 1824 1610 6,
1859 1541 1968 1596 sub
2003 1541 2199 1596 finem.
2231 1541 2412 1597 Nullae
2453 1543 2712 1614 capitum
2745 1544 3054 1600 sectiones.
3109 1544 3538 1616 Orthographia
3569 1544 3724 1600 haud

322 1646 451 1684 raro
484 1628 730 1684 solmca:
765 1630 1033 1702 κρίττονα,
1086 1623 1439 1703 κυϐερνύτης,
1486 1626 1920 1703 γυμνιτεῦοντες,
1969 1627 2221 1697 θεώτητι,
2276 1628 2584 1702 γνομόνως,
2626 1627 2953 1697 πείσθεσθαι,
3005 1629 3309 1700 ἐπίστηται,
3365 1630 3619 1704 ὑποργεῖν
3673 1649 3730 1703 p.

324 1719 632 1793 ὑπουργεῖν,
665 1719 830 1794 αἱρῶν
866 1739 920 1792 p.
955 1719 1111 1791 ἐρῶν,
1153 1720 1334 1774 καινόν
1371 1739 1426 1793 p.
1457 1719 1632 1789 κενόν,
1668 1717 1843 1794 ὑφὲξιν
1878 1737 1933 1790 p.
1965 1717 2189 1790 ὑφέξειν,
2223 1716 2454 1772 λοιποῢν
2489 1738 2543 1792 p.
2566 1724 2791 1791 Λυποῦν,
2816 1719 3217 1796 ηὐχαρίστησα,
3243 1741 3297 1796 ρ.
3328 1720 3736 1796 ηὐχαρίστησα,

325 1807 648 1884 φενορωϐείς
682 1826 737 1880 p.
773 1808 1084 1884 φρενωθείς,
1112 1807 1224 1863 diae:
1259 1827 1319 1882 p.
1358 1804 1474 1882 ᾅδῃ.
1513 1808 1744 1880 Multas,
1779 1825 1903 1880 quae
1935 1823 1950 1863 ε

2142 1809 2200 1863 in
2230 1809 2340 1865 hoc
2371 1809 2567 1865 codice
2597 1810 2989 1882 reperiuntur,
3037 1811 3279 1869 lacunas
3312 1812 3486 1867 uncis
3523 1809 3737 1867 criticis

328 1896 542 1954 inclusi
574 1899 1067 1970 conjectandoque
1097 1899 1340 1970 explevi.

1637 2011 1955 2067 LITTERAE
1991 2009 2420 2067 EXPLICATE.

643 2129 700 2186 Ο,
726 2127 829 2177 Ott.
861 2155 919 2163 —
955 2127 1129 2177 Codex
1159 2129 1548 2178 Ottobonianus
1577 2129 1686 2177 H3.

641 2191 696 2262 ρ,
730 2190 785 2238 Ci
815 2214 874 2262 :-
902 2190 1210 2262 Cotelerius.
1241 2191 1489 2242 Cotelerii
1520 2190 1634 2254 (Ed.
1667 2191 1782 2240 Lut.
1815 2188 1960 2239 Paris
1989 2189 2150 2253 1672.)

647 2252 709 2307 D.
740 2279 797 2287 -—
825 2253 1083 2302 Davisius.
1530 2252 1535 2254 ’

644 2314 702 2364 Cl
730 2341 790 2350 —
820 2315 1051 2364 Clericus
1080 2315 1198 2376 (Ed.
1229 2315 1622 2366 Amsteledami
1658 2317 1818 2372 Heli.)

655 2377 706 2426 8.
738 2376 790 2427 Si
819 2402 879 2414 —
911 2375 1276 2442 Schweglerus
1305 2377 1623 2442 Schwegleri
1653 2378 1769 2440 (Ed.
1802 2375 2127 2439 Stuttgartim
2159 2377 2318 2437 1847.)
