4116 6224
326 349 401 409 27
1162 351 1225 409 S.
1275 350 1716 413 CLEMENTIS
1762 352 1784 412 Ι
1833 352 2022 413 ROM.
2067 353 2296 413 PONT.
2344 352 2603 413 OPERA
2646 353 2908 414 DUBIA.
3658 354 3737 413 28

327 480 542 539 multas
564 482 619 536 in
650 481 951 554 Opiniones
974 481 1281 537 dividetur.
1301 482 1475 538 Porro
1496 482 1640 538 illud
1665 500 1779 539 non
1804 484 1969 557 quasi

2100 483 2165 552 αὴ
2215 482 2389 545 οὕτως
2436 484 2681 559 γένηται,
2735 483 2810 545 είς
2860 480 3074 546 πολλὰς
3116 485 3337 561 γνώμας
3368 485 3396 540 ὁ
3444 491 3545 555 τῆς
3595 484 3737 557 du)-

327 571 440 628 sim
466 571 746 644 propheta
770 571 910 638 scio,
931 572 1030 626 sed
1056 573 1209 643 quod
1230 574 1353 642 jam
1377 572 1608 627 initium
1637 573 1774 628 mali
1798 574 1984 647 ipsius

2100 572 2236 637 θείας
2268 574 2428 644 ἡμῶν
2461 570 2856 649 διαιρεθήσεται
2883 571 3242 648 λόγος.Τοῦτο
3276 571 3332 628 δὲ
3366 573 3472 649 οὐχ
3502 574 3576 636 ὡς
3607 595 3740 651 προ-

326 661 592 716 viderim.
626 660 926 730 Siquidem
976 660 1241 715 nonnulli
1296 678 1363 715 ex
1416 663 1688 732 gentibus
1738 662 1983 735 legalem

2100 664 2273 737 φήτης
2308 668 2351 701 η
2404 660 2475 716 ὣν
2526 662 2834 735 ἐπίσταμαι·
2876 661 3002 717 ἀλλ’
3049 660 3159 732 ἤδη
3212 662 3373 718 αὐτοῦ
3422 667 3520 718 τοῦ
3567 670 3738 719 κακοῦ

327 765 517 804 meam
570 750 895 819 rejecerunt
928 749 1419 821 priedicationem,
1456 751 1676 805 inimici
1726 751 1986 806 hominis

324 838 437 910 legi
487 839 836 893 contrariam
890 839 1207 909 quamdam
1242 843 1295 893 et
1328 857 1611 912 nugacem
1662 842 1982 895 doctrinam

329 926 601 999 amplexi.
633 929 818 996 Atque
850 926 970 981 haec
1002 928 1317 998 superstite
1349 944 1441 982 me
1477 934 1846 984 tentaverunt
1878 929 1986 984 ali.

329 1017 427 1090 qui
470 1016 645 1071 variis
688 1015 1267 1087 interpretationibus
1300 1017 1472 1071 verba
1522 1033 1651 1073 mea
1699 1019 1983 1074 transfer-

327 1123 508 1169 mare,
536 1105 607 1159 ad
638 1103 993 1158 eversionem
1053 1103 1233 1176 legis;
1285 1105 1449 1176 quasi
1512 1122 1617 1177 ego
1674 1106 1849 1161 etiam
1908 1108 1989 1163 ita

326 1196 595 1263 sentiam,
631 1211 739 1249 non
790 1194 1034 1248 audeam
1072 1198 1267 1248 tamen
1297 1193 1479 1248 libere
1511 1196 1768 1266 proﬁteri
1794 1214 1806 1253 :
1832 1198 1983 1268 quod

327 1284 508 1340 absitl
538 1284 596 1339 Id
632 1283 787 1338 enim
813 1298 1138 1354 repugnare
1169 1287 1259 1338 est
1291 1282 1383 1337 Dei
1419 1282 1552 1355 legi,
1578 1302 1609 1338 a
1631 1285 1824 1357 Moyse
1855 1303 1985 1357 pro-

327 1374 479 1440 latae,
515 1378 572 1428 et
603 1390 637 1427 a
664 1372 909 1427 Domino
950 1375 1148 1427 nostro
1195 1372 1598 1427 testimonium
1649 1373 1885 1429 habenti
1917 1376 1987 1431 de

326 1466 608 1535 perpetua
638 1478 745 1516 sua
774 1460 1078 1515 duratione
1104 1478 1117 1515 :
1144 1460 1425 1531 quoniam
1450 1462 1534 1516 sic
1562 1462 1709 1517 dixit
1734 1480 1745 1517 :
1783 1463 1986 1519 Caelum

325 1554 554 1608 alterm
604 1549 961 1604 transibunt:
994 1550 1102 1603 iota
1145 1565 1317 1604 unum
1347 1558 1453 1605 aut
1496 1567 1639 1605 unus
1685 1568 1829 1623 apex
1876 1568 1986 1607 non

327 1639 635 1713 praeteribit
652 1655 684 1694 a
707 1641 819 1709 lege
840 1638 933 1711 (a).
965 1636 1115 1692 Illud
1148 1642 1344 1693 autem
1367 1638 1532 1710 dixit,
1560 1643 1623 1694 ut
1642 1640 1839 1696 omnia
1861 1657 1986 1697 eve-

328 1729 540 1786 nirent.
560 1730 630 1782 At
659 1727 744 1782 illi
773 1728 967 1782 nescio
998 1744 1110 1798 quo
1142 1727 1313 1782 modo
1346 1744 1586 1783 sensum
1614 1745 1810 1784 meum
1834 1746 1986 1785 com-

324 1822 557 1892 pertum
588 1817 891 1887 habentes,
917 1833 1043 1887 quae
1074 1833 1141 1870 ex
1172 1832 1264 1871 me
1296 1816 1609 1872 audierunt
1638 1819 1834 1883 verba,
1870 1836 1984 1875 me-

325 1908 442 1964 lius
476 1924 567 1962 me
599 1905 695 1978 qui
727 1922 793 1961 ea
819 1905 1050 1960 locutus
1073 1922 1229 1971 sum.
1254 1906 1679 1977 aggrediuntur
1708 1907 1985 1980 interpre-

324 1997 467 2063 tari;
501 1996 757 2050 dicentes
805 1994 878 2049 iis
927 2010 1071 2064 quos
1111 1995 1449 2063 instituunt,
1478 1994 1538 2050 id
1571 2012 1701 2050 esse
1749 2002 1986 2052 senten-

325 2086 467 2141 tiam
521 2100 731 2153 meam,
758 2084 911 2153 quod
944 2099 1047 2154 ego
1098 2099 1169 2137 ne
1218 2084 1449 2153 quidem
1494 2085 1760 2155 cogitavi.
1792 2088 1851 2139 Si
1881 2103 1985 2140 au-

325 2177 446 2229 tem
480 2189 571 2229 me
600 2172 791 2227 adhuc
838 2172 965 2227 vivo
1012 2170 1152 2226 talia
1199 2171 1469 2227 ementiri
1503 2173 1737 2244 audent,
1767 2180 1985 2246 quanto

331 2262 520 2334 magis
550 2266 681 2334 post
712 2277 803 2316 me
834 2261 988 2315 idem
1019 2261 1319 2316 audebunt
1366 2261 1574 2329 facere,
1606 2262 1703 2332 qui
1733 2268 1865 2335 post
1896 2280 1985 2320 me

333 2352 546 2409 erunt?

2092 753 2192 821 τήν
2228 752 2403 827 ἀρχὴν
2449 753 2611 827 ὁρῶν,
2662 752 2808 813 Τινὲς
2852 753 2954 826 γὰρ
2999 756 3107 805 τῶν
3142 751 3246 806 ἀπὸ
3293 752 3457 807 ἐθνῶν
3498 754 3560 807 τὸ
3606 750 3739 808 δι’ἐ-

2100 846 2203 914 μοῦ
2234 840 2469 913 νόμιμον
2503 838 2902 914 ἀπεδοκίμασαν
2939 842 3199 917 κήρυγμα
3228 844 3360 914 (22),
3392 846 3488 895 τοῦ
3534 841 3739 917 ἐχθροῦ

2097 931 2382 1004 ἀνθρώπου
2432 927 2632 1001 ἄνομόν
2679 951 2799 984 τινα
2847 930 2935 984 καὶ
2986 927 3284 1007 φλυαρώδη
3330 932 3738 1006 προσηκάμενοι

2098 1016 2467 1076 διδασκαλίαν.
2503 1020 2600 1075 Καὶ
2629 1024 2795 1075 ταῦτα
2838 1016 2912 1074 ἔτι
2964 1040 3068 1092 μου
3116 1019 3398 1095 περιόντος
3448 1019 3740 1095 ἐπεχείρη-

2098 1110 2189 1164 σάν
2221 1130 2386 1177 τινες,
2420 1107 2698 1171 ποικίλαις
2744 1108 2881 1163 τισὶν
2924 1108 3237 1185 ἑρμηνείαις
3277 1110 3403 1171 τοὺς
3452 1110 3617 1182 ἐμοὺς
3651 1107 3743 1165 λό-

2094 1220 2222 1273 γους
2261 1198 2779 1274 μετασχηματίζειν,
2812 1198 2887 1259 εἷς
2917 1199 3016 1266 τήν
3064 1202 3162 1252 τοῦ
3213 1197 3387 1271 νόμου
3429 1196 3739 1253 κατάλυσιν

2096 1287 2169 1348 ὡς
2197 1286 2287 1341 καὶ
2316 1288 2453 1359 ἐμοῦ
2485 1290 2529 1345 5
2567 1286 2729 1342 αὐτοῦ
2760 1286 2903 1341 οὕτω
2929 1287 3022 1359 μὲν
3045 1291 3395 1364 φρονοῦντος,
3426 1289 3500 1360 μὴ
3526 1286 3584 1342 ἐκ
3604 1286 3741 1362 παῤ-

2098 1374 2287 1451 ῥησίας
2318 1372 2375 1429 δὲ
2404 1374 2785 1451 κηρύσσοντος·
2837 1373 2971 1451 ὅπερ
3019 1375 3204 1446 ἀπείη.
3250 1372 3328 1432 Τὸ
3377 1377 3480 1452 γὰρ
3526 1379 3743 1431 τοιοῦτο

2094 1464 2468 1540 ἀντιπράσσειν
2520 1463 2632 1519 ἐστὶ
2677 1468 2756 1536 τῷ
2801 1468 2898 1519 τοῦ
2944 1468 3077 1519 Θεοῦ
3124 1464 3280 1538 νόμῳ
3330 1468 3409 1536 τῷ
3456 1462 3544 1519 διὰ
3584 1466 3747 1521 Μωϋ·

2096 1552 2231 1615 σέως
2265 1555 2310 1591 ¹²
2352 1551 2561 1629 ῥηθέντι
2593 1552 2681 1606 καὶ
2735 1552 2837 1607 ὑπὸ
2882 1557 2979 1607 τοῦ
3033 1552 3235 1627 Κυρίου
3278 1554 3439 1626 ἡμῶν
3475 1573 3749 1630 μαρτυρη-

2095 1639 2235 1695 θὲντι
2268 1640 2390 1718 περί
2421 1648 2520 1711 τῆς
2552 1638 2729 1696 ἀϊδίου
2780 1640 2942 1696 αὐτοῦ
2978 1638 3267 1714 διαμονῆς,
3302 1640 3418 1696 ἐπεὶ
3464 1640 3636 1704 οὕτως
3669 1644 3745 1697 εἷ-

2092 1751 2206 1784 πενο
2247 1731 2306 1788 ‘O
2354 1729 2582 1807 οὐρανὸς
2630 1730 2719 1784 καὶ
2772 1732 2807 1799 ἡ
2863 1736 2935 1806 γῆ
2988 1730 3415 1805 παρελεύσονται
3452 1750 3464 1763 ⁸
3513 1730 3646 1785 ίῶτα
3689 1729 3744 1786 ἓν

2092 1821 2127 1889 ἢ
2166 1820 2263 1893 μία
2290 1819 2477 1893 κεραία
2507 1818 2569 1873 ού
2623 1820 2699 1891 μὴ
2750 1817 2994 1894 παρέλθῃ
3039 1818 3143 1874 ἀπὸ
3191 1823 3288 1874 τοῦ
3335 1814 3531 1893 νόμου.
3580 1824 3749 1875 Τοῦτο

2096 1906 2153 1963 δὲ
2183 1906 2418 1983 εἴρηκεν,
2445 1906 2536 1963 ⁹ίνα
2564 1910 2632 1963 τὰ
2662 1907 2833 1963 πάντα
2860 1908 3092 1984 γίνηται.
3126 1910 3194 1966 Οἱ
3247 1906 3303 1963 δὲ
3333 1908 3431 1963 οὐκ
3477 1906 3602 1963 οῖδα
3632 1914 3752 1971 πῶς

2092 1997 2185 2052 τὸν
2233 1996 2362 2070 ἐμὸν
2412 2001 2534 2051 νοῦν
2589 1994 3079 2073 ἐπαγγελλόμενοι,
3112 1996 3204 2059 οὓς
3246 1994 3482 2066 ἤκουσαν
3532 1995 3583 2066 ἐξ
3614 1995 3749 2069 ἐμοῦ

2098 2084 2320 2161 λόγους,
2354 2085 2491 2159 ἐμοῦ
2518 2090 2616 2139 τοῦ
2646 2084 2893 2148 εἰπόντος
2924 2084 3121 2147 αὐτοὺς
3169 2085 3603 2163 φρονιμώτερον,
3632 2083 3750 2138 ἐπι-

2095 2179 2373 2252 χειροῦσιν
2407 2172 2721 2251 ἑρμηνεύειν
2756 2177 2824 2247 ¹³,
2858 2173 3109 2252 λέγοντες
3132 2179 3249 2236 τοῖς
3280 2175 3369 2229 ὑπ’
3400 2173 3572 2229 αὐτῶν
3621 2194 3751 2229 κατ-

2094 2266 2467 2340 ηχουμένοις,
2520 2268 2682 2319 τοῦτο
2740 2265 2874 2319 εἶναι
2922 2263 2986 2319 τὸ
3044 2262 3173 2337 ἐμὸν
3223 2262 3501 2341 φρόνημα,
3560 2262 3589 2317 ὃ
3648 2262 3754 2338 ἐγὼ

2098 2351 2225 2408 οὐδὲ
2256 2356 2303 2392 ιδ
2331 2352 2686 2425 ἐνεθυμήθην.
2720 2352 2785 2407 Εἰ
2816 2352 2874 2408 δὲ
2926 2351 3062 2427 ἐμοῦ
3101 2349 3179 2408 ἔτι
3208 2352 3493 2428 περιόντος
3528 2355 3753 2407 τοιαῦτα

329 2439 585 2513 τολμῶσι
616 2435 1058 2513 καταψεύδεσθαι,
1090 2436 1244 2510 πόσῳ
1273 2457 1335 2513 γε
1367 2436 1581 2511 μᾶλλον
1620 2440 1733 2512 μετ’
1765 2438 1861 2513 ἐμὲ
1890 2445 2064 2497 ποιεῖν
2096 2443 2149 2498 οἱ
2181 2445 2225 2479 ¹⁵
2259 2443 2373 2515 μετ’
2407 2441 2503 2515 ἐμὲ
2531 2441 2908 2516 τολμήσουσιν
2940 2460 2954 2513 ;

405 2549 497 2604 ΙΙΙ.
530 2548 614 2604 Ne
643 2546 822 2621 igitur
850 2546 993 2619 quid
1027 2546 1366 2617 hujusmodi
1400 2547 1720 2619 contingat,
1746 2564 1813 2604 ea
1840 2565 1979 2620 pro-

2159 2551 2254 2606 III.
2285 2550 2399 2603 Ἵνα
2428 2545 2519 2603 οῦν
2552 2549 2628 2621 μὴ
2676 2548 2923 2605 τοιοῦτόν
2962 2570 3014 2603 τι
3066 2546 3311 2625 γένηται,
3340 2546 3538 2603 τούτου
3586 2543 3743 2603 ἕνεκα

328 2643 457 2712 pter
485 2637 643 2695 oravi
672 2642 729 2692 et
758 2637 1101 2708 deprecatus
1131 2652 1288 2703 sum,
1320 2652 1583 2691 mearum
1615 2637 1981 2708 praadicatio-

2100 2638 2297 2711 ἠξίωσα
2324 2636 2413 2693 καὶ
2462 2634 2709 2709 ἐδεήθην,
2738 2641 2846 2692 τῶν
2891 2636 3037 2709 ἐμῶν
3086 2637 3450 2713 κηρυγμάτων
3484 2634 3545 2698 ἃς
3570 2633 3744 2709 ἔπεμ-

327 2744 471 2785 num
504 2742 633 2799 quae
664 2726 735 2781 ad
764 2730 818 2781 te
846 2724 981 2779 misi
1012 2723 1308 2780 volumina
1341 2724 1559 2780 nemini
1591 2729 1724 2781 ante
1751 2726 1978 2799 pericu-

328 2816 452 2873 lum
475 2816 688 2872 factum
712 2815 931 2879 tradas,
949 2830 1138 2885 neque
1160 2812 1384 2882 tribuli,
1403 2831 1590 2886 neque
1611 2815 1979 2889 alienigenas;

2087 2725 2162 2802 ψά
2211 2748 2295 2781 σοι
2348 2721 2575 2803 βίϐλους
2628 2723 2822 2800 μηδενὶ
2876 2723 3224 2800 μεταδοῦναι,
3261 2728 3402 2799 μήτε
3451 2724 3746 2803 ὁμοφύλῳ,

2094 2818 2232 2891 μήτε
2260 2813 2589 2894 ἀλλοφύλῳ,
2622 2816 2729 2892 πρὸ
2759 2815 2971 2892 πείρας,
3008 2813 3135 2871 ἀλλ’
3168 2813 3255 2870 ἐάν
3288 2835 3370 2876 τις
3403 2811 3749 2887 δοκιμασθεὶς

332 2922 538 2963 verum
570 2904 619 2960 si
664 2904 794 2975 quis
844 2907 976 2975 post
1005 2902 1409 2974 probationem
1452 2904 1666 2976 dignus
1716 2910 1982 2977 repertus

2100 2902 2238 2976 ἱξιος
2272 2906 2487 2980 εὑρεθῇ,
2538 2903 2662 2959 τότε
2717 2903 2862 2977 αύτῷ
2904 2906 3041 2959 κατὰ
3088 2904 3186 2973 τήν
3233 2904 3503 2965 Μωυσέως
3534 2906 3579 2940 ¹⁸
3608 2902 3753 2978 ἀγω-

329 2994 525 3064 fuerit,
568 2998 706 3049 tunc
754 2993 867 3065 ipsi
900 3009 969 3048 ex
998 2991 1363 3048 institutione
1412 2993 1627 3065 Moysis
1675 2995 1983 3063 concedas,

323 3084 495 3157 juxta
524 3098 701 3155 quam
742 3082 1123 3154 Septuaginta
1156 3081 1290 3137 viris
1325 3081 1423 3153 qui
1456 3082 1791 3139 cathedram
1825 3082 1985 3141 illius

332 3176 701 3243 exceperunt,
735 3171 894 3225 dedit
924 3189 937 3226 :
972 3176 1037 3225 ut
1067 3170 1151 3225 sic
1195 3170 1371 3226 ﬁdem
1421 3177 1652 3227 servent
1680 3176 1737 3227 et
1768 3173 1986 3245 ubique

330 3261 592 3318 veritatis
640 3276 923 3315 canonem
970 3260 1223 3327 tradant,
1261 3265 1471 3315 cuncta
1518 3260 1878 3332 interpretati
1910 3264 1981 3318 ad

333 3349 708 3407 traditionem
740 3355 1097 3414 nostram,et
1120 3366 1189 3404 ne
1214 3350 1321 3421 ipsi
1346 3350 1417 3404 ab
1450 3350 1740 3421 imperitia
1771 3356 1986 3422 pertra-

337 3439 437 3505 cti,
469 3439 541 3493 ab
572 3437 751 3493 animi
783 3436 1133 3507 conjecturis
1180 3437 1239 3491 in
1283 3453 1537 3492 errorem
1571 3438 1816 3508 inducti,
1848 3438 1991 3494 alios

335 3528 395 3584 in
428 3528 693 3582 eamdem
746 3526 1084 3597 perditionis
1118 3527 1341 3581 foveam
1394 3526 1705 3581 adducant.
1749 3527 1815 3582 Et
1862 3526 1992 3597 qui-

337 3616 471 3673 dem
502 3632 632 3689 quae
662 3614 801 3671 mihi
834 3615 1199 3680 videbantur,
1222 3614 1464 3686 pulchre
1494 3614 1599 3670 tibi
1629 3615 1951 3687 signiﬁcavi
1976 3632 1987 3669 :

338 3706 493 3778 quod
526 3721 657 3760 vero
700 3704 805 3759 tibi
854 3702 1127 3777 placebit,
1166 3704 1403 3760 Domine
1452 3702 1553 3773 mi,
1583 3705 1853 3760 decenter
1896 3721 1990 3761 ex-

338 3809 601 3866 sequere.
635 3792 792 3849 Vale.

343 4007 838 4064 CONTESTATIO
864 4006 1004 4063 PRO
1035 4007 1125 4062 IIS
1151 4006 1271 4072 QUI
1297 4006 1571 4062 LIBRUM
1595 4006 1991 4064 ACCIPIUNT.

412 4115 454 4168 Ι.
495 4116 693 4185 Itaque
721 4113 995 4182 Jacobus,
1017 4112 1167 4167 lecta
1196 4111 1461 4184 epistola,
1495 4114 1829 4169 convocavit
1868 4130 1995 4185 pre-

342 4203 627 4275 sbyteros,
654 4218 905 4271 cumque
947 4200 1064 4257 illis
1115 4200 1374 4273 legisset,
1420 4201 1500 4256 ait
1532 4218 1545 4257 :
1582 4202 1909 4258 necessario
1939 4207 1998 4259 et

343 4296 733 4365 congruenter
754 4292 823 4346 de
839 4290 1079 4346 veritate
1100 4289 1452 4345 stabilienda
1477 4296 1673 4347 noster
1692 4291 1999 4347 admonuit

346 4380 573 4446 Petrus,
609 4386 673 4435 ut
706 4380 1181 4452 praedicationum
1212 4396 1454 4434 suarum
1486 4380 1655 4435 nobis
1685 4381 1899 4436 missos
1929 4381 1997 4435 li-

343 4469 480 4526 bros
514 4470 731 4526 nemini
767 4474 983 4524 temere
1005 4469 1415 4536 concedamus,
1440 4473 1671 4525 tantum
1696 4471 1813 4526 viro
1846 4470 1995 4527 bono

416 4615 492 4687 (a)
523 4614 698 4669 Marc.
736 4632 858 4685 x111,
890 4615 953 4670 31
982 4633 995 4683 ;
1032 4614 1237 4669 Matth.
1269 4630 1327 4683 v,
1362 4614 1448 4670 18.

2092 2996 2197 3070 γὴν
2256 2991 2612 3069 παραδοῦναι,
2662 2994 2780 3049 καθ’
2831 2994 2891 3063 ἣν
2948 2997 3067 3056 τοῖς
3126 2988 3541 3066 Ἑϐδομήκοντα
3590 2989 3751 3069 παρέ-

2095 3080 2237 3139 δωκε
2266 3088 2384 3145 τοῖς
2411 3083 2511 3151 τὴν
2540 3079 2799 3158 καθέδραν
2851 3081 3017 3137 αὐτοῦ
3070 3079 3493 3160 παρειληφόσιν·
3521 3078 3615 3136 ἵνα
3660 3079 3750 3136 οῦ-

2093 3193 2203 3235 τως
2236 3173 2331 3234 τὰς
2366 3171 2573 3234 πίστεις
2606 3169 2883 3249 φυλάξωσι
2913 3169 3004 3226 καὶ
3055 3178 3309 3247 πανταχῆ
3342 3168 3436 3226 τὸν
3482 3173 3581 3240 τῆς
3613 3168 3753 3241 ἀλη-

2096 3261 2242 3325 θείας
2316 3260 2513 3315 κανόνα
2588 3258 2900 3337 παραδῶσιν
2936 3308 2951 3334 ,
3013 3260 3403 3336 ἑρμηνεύοντες
3477 3258 3545 3314 τὰ
3582 3260 3753 3313 πάντα

2096 3351 2236 3427 πρὸς
2265 3352 2363 3419 τὴν
2416 3347 2710 3426 παράδοσιν
2761 3352 2946 3423 ἡμῶν,
2998 3349 3088 3404 καὶ
3142 3350 3218 3421 μὴ
3268 3347 3418 3403 αύτοῖ
3475 3346 3576 3403 ὑπὸ
3617 3346 3752 3420 ἅμα·

2101 3439 2241 3503 θείας
2276 3442 2319 3479 1⁸⁷
2348 3440 2787 3513 κατασπώμενοι,
2824 3439 2927 3494 ὑπὸ
2972 3443 3081 3494 τῶν
3112 3438 3248 3493 κατά
3284 3437 3383 3505 τήν
3414 3438 3598 3512 ψυχὴν
3628 3457 3752 3491 στο-

2101 3534 2331 3606 χασμῶν
2366 3528 2440 3591 εἲς
2484 3526 2697 3599 πλάνην
2746 3523 3060 3601 ἑλκόμενοι,
3096 3526 3298 3588 ἄλλους
3329 3526 3404 3588 εἷς
3433 3525 3523 3581 τόν
3556 3525 3749 3598 ὅμοιον

2099 3625 2199 3689 τῆς
2231 3616 2507 3680 ἀπωλείας
2541 3616 2792 3694 ἐνέγκωσι
2844 3616 3084 3694 βόθυνον.
3121 3614 3222 3673 Καὶ
3270 3614 3338 3670 τὰ
3384 3617 3432 3671 θ
3483 3614 3576 3687 μὲν
3627 3612 3752 3686 ἐμοὶ

2103 3705 2324 3778 δόξαντα
2352 3706 2536 3769 καλῶς
2585 3706 2832 3779 ἐσήμανά
2880 3726 2985 3775 σοι,
3017 3705 3079 3760 τὸ
3130 3702 3189 3760 δέ
3219 3725 3303 3758 σοι
3355 3701 3569 3774 δοκοῦν,
3601 3702 3754 3779 κύριέ

2108 3817 2234 3869 μου,
2268 3795 2583 3871 πρεπόντως
2615 3794 2874 3851 ἐπιτέλει.
2902 3792 3174 3870 Ἐῥρωσο.

2202 4010 2657 4066 ΔΙΔΜΑΡΤΥΡΙΔ
2698 4010 2811 4083 (23)
2852 4014 3007 4064 ΠΕΡΙ
3046 4012 3177 4062 ΤΩΝ
3214 4009 3345 4066 ΤΟΥ
3384 4008 3661 4065 ΒΙΒΛΙΟΥ

2620 4100 3136 4152 ΛΔΜΒΑΝΟΝΤΩΝ
3171 4098 3239 4151 ¹⁸.

2178 4209 2221 4263 Ῑ.
2258 4201 2549 4277 ’Δναγνοὺς
2580 4200 2671 4257 οῦν
2705 4204 2734 4258 ὁ
2766 4197 3021 4265 Ἰάκωϐος
3053 4205 3097 4241 ιθ
3124 4203 3225 4271 τήν
3256 4200 3577 4271 ἐπιστολὴν,
3609 4221 3761 4273 μετε-

2104 4290 2369 4347 καλέσατο
2425 4288 2551 4353 τοὺς
2605 4286 2998 4367 πρεσϐυτέρους
3032 4336 3047 4363 ,
3107 4291 3198 4345 καὶ
3262 4289 3449 4352 αὐτοῖς
3502 4287 3755 4365 ἀναγνοὺς

2106 4376 2232 4459 ἔφη·
2289 4379 2621 4457 ’Δναγκαίως
2668 4380 2758 4435 καὶ
2800 4379 3119 4457 πρεπόντως
3180 4378 3305 4455 περὶ
3352 4386 3454 4449 τῆς
3503 4376 3761 4447 ἀληθείας

2108 4467 2492 4547 ἀσφαλίζεσοαι
2525 4472 2552 4525 ὁ
2578 4468 2845 4546 ἡμέτερος
2894 4468 3171 4543 ὑπέμνησε
3224 4466 3453 4544 ΙΙέτρος,
3487 4466 3634 4529 ὅπως
3665 4466 3761 4529 τὰς

1710 4736 1951 4793 VARle
2009 4737 2428 4795 LECTIONES.

418 4854 656 4946 “.Itano
688 4872 735 4910 c.
769 4856 938 4946 Turr.
973 4853 1048 4946 (sic
1080 4854 1115 4946 Ξ
1145 4854 1431 4946 προιρθρτης
1460 4855 1520 4909 C.
1556 4854 1601 4890 ¹²
1632 4852 1892 4946 Μωυσέος
1941 4854 2005 4909 Ο.
2057 4854 2100 4946 Ῐ³
2147 4851 2841 4946 ἑρμηνεύεινῇαᾶάιιῑιξῃο
2887 4857 2943 4909 et
2989 4853 3183 4946 Tur’r”
3235 4852 3400 4946 deegt
3444 4850 3502 4946 ip
3530 4848 3765 4946 “prii-'3.-

342 4927 522 4983 tionis
568 4928 933 4998 Fragmenta.
987 4929 1030 4963 “
1080 4922 1197 4983 Pro‘
1231 4922 1358 4998 οὖδέ
1404 4926 1614 4981 lacuna
1661 4926 1721 4980 in
1769 4926 2135 4998 Fragmento.
2170 4922 2293 4998 ίδξοὶ
2325 4942 2440 4981 om.
2475 4923 3309 4998 Fragmt'l‘umftolpﬁaguaw
3342 4922 3386 4979 Ο
3426 4927 3482 4998 et

1879 4942 2135 5034 gmento.
2170 4942 2212 4961 η
2241 4942 2293 4978 οι
2325 4942 2440 4981 om.
2475 4942 2704 4998 r'ragm.
2739 4942 3309 5008 'l'um.'tOApnaouatv
3342 4942 3386 4979 υ
3426 4942 3482 5005 et
3529 4942 3760 5003 rragm.

1951 4995 2182 5068 αμαθίας
2212 4996 2255 5053 Ο
2286 5001 2344 5053 et
2376 4998 2603 5070 Fragm.
2635 4998 2679 5034 ¹⁸
2700 4996 2875 5054 Nulla
2904 5013 2963 5052 in
2993 5000 3039 5053 Ο
3068 5001 3125 5054 et
3155 4996 3386 5068 Fragm.
3428 4996 3760 5064 Inscriptio,

344 5015 394 5055 ο.
421 5000 612 5055 Tum:
646 4995 967 5067 πόιήσουσιν
1002 4999 1061 5054 C.
1099 5000 1141 5035 1⁸
1172 4995 1495 5068 ΜωϋσέοςΟ
1526 5002 1585 5053 et
1613 4998 1841 5068 Fragm.

346 5085 538 5143 neque
570 5070 732 5125 locus
758 5063 806 5125 ei
840 5069 1099 5125 relictus.
1134 5071 1177 5105 ³ο
1206 5063 1500 5129 Ἰαακῶϐος
1546 5069 1610 5125 0.

1720 5210 2106 5267 VARIORUM

420 5329 534 5402 (22)
580 5325 831 5399 Νόμιμον
878 5328 1159 5402 κηρυγμα,
1193 5331 1302 5383 etc.
1336 5326 1485 5382 Cave
1544 5326 1647 5381 tibi
1698 5326 1767 5381 ad
1825 5326 1996 5381 Ebio—

348 5401 558 5459 nismo.
595 5405 725 5455 Cor.

419 5474 532 5544 (‘23)
566 5468 934 5544 Διαμαρτυρία
966 5469 1229 5544 Redolet,
1250 5486 1376 5524 mea
1405 5467 1653 5544 quidem
1689 5467 1997 5544 sententia,

347 5540 684 5614 hujusmod‘i
728 5540 1075 5597 contestatio
1105 5540 1299 5611 κρύψιν
1332 5541 1650 5614 primorum
1702 5540 1999 5614 haeretico-

349 5609 503 5688 rum.
538 5614 846 5688 quainilli
893 5609 1239 5688 didicerant;
1263 5630 1297 5667 a
1333 5609 1604 5688 paganis,
1638 5615 1695 5666 et
1724 5629 1758 5666 a
1786 5609 2003 5688 Judaajs

349 5682 609 5746 Essenis.
641 5686 870 5744 Videsis
900 5684 1189 5758 praecipue
1218 5682 1497 5741 Irenaeum
1532 5682 1634 5740 lib.
1668 5700 1707 5755 ι,
1739 5699 1866 5755 cap.
1896 5682 2001 5752 23;

3574 4936 3761 4993 mem-

2164 5210 2399 5267 NOT/E.

2108 5324 2539 5381 Tertullianum
2579 5323 2744 5380 initio
2792 5322 2985 5395 operis
3031 5321 3291 5395 adversus
3325 5320 3767 5395 ναιᾳῃιίηἱαῃρεὶ

2109 5397 2517 5473 Porphyrium,
2549 5401 2627 5452 De
2655 5390 3020 5473 abstinentia,
3166 5410 3242 5464 IV,
3266 5409 3397 5473 cap.
3424 5392 3614 5473 1.3;_et
3645 5390 3768 5446 Vet-

2110 5455 2257 5522 tium
2298 5455 2599 5523 Valentem
2646 5468 2891 5523 citatum
2925 5484 2958 5522 a
2986 5455 3240 5522 Seldeno
3284 5455 3409 5519 tu'm
3444 5455 3765 5518 in'Marmo-

2111 5540 2265 5593 ribus
2293 5539 2723 5607 Arundellianis,
2753 5555 2809 5610 p.
2834 5540 2957 5605 151,
2980 5542 3106 5594 tum
3129 5538 3212 5610 De
3238 5534 3347 5610 dii:
3377 5534 3553 5610 Syris,
3579 5550 3633 5606 p.
3658 5534 3764 5610 _3_5;

2112 5610 2623 5739 mitiqueIJuhum
2665 5605 3005 5680 Firmicum,
3036 5610 3097 5666 in
3122 5607 3349 5666 Praefat.
3382 5605 3485 5663 lib.
3516 5605 3618 5674 vn,
3652 5605 3765 5662 Ma-

2201 5698 2226 5737 s
2258 5697 2335 5738 os.
2395 5698 2450 5739 D.

2201 5696 2335 5738 8808.
2368 5696 2450 5741 Π).
