4116 6224
350 356 422 417 3|
1178 354 1242 415 S.
1288 353 1728 416 CLEMENTIS
1773 355 1795 416 Ι
1842 356 2032 417 ROM.
2078 356 2312 418 PONT.
2358 357 2617 418 OPERA
2662 355 2925 417 DUBIA.
3677 362 3756 422 32

350 491 410 548 et
462 488 534 546 ab
590 487 799 545 iisdem
849 488 1238 561 proﬁciscenti
1295 492 1735 548 commendabo.
1767 489 1826 547 Si
1862 504 1997 545 vero

2120 485 2284 543 ιύτῶν
2344 488 2655 564 ὁρμωμένῳ
2724 488 3245 563 παρακαταθήσομαι
3300 492 3367 550 ³³.
3427 488 3492 546 Ei
3549 487 3607 546 δὲ
3665 492 3758 548 καὶ

352 578 661 651 contigerit
682 594 775 634 me
804 582 1081 651 aegrotare
1111 596 1176 636 ac
1211 582 1455 635 mortem
1478 581 1679 648 vereri,
1700 581 1747 636 si
1781 581 2003 651 absque

357 667 555 723 liberis
578 668 1047 735 fuero,similiter
1066 685 1257 740 agam.
1273 669 1383 724 Sed
1407 674 1465 725 et
1485 670 1534 725 si
1557 670 1792 739 moriar,
1813 668 2000 723 ﬁlium

350 757 575 813 habens
606 757 915 830 indignum
947 762 1047 813 aut
1080 759 1341 813 nondum
1365 775 1660 830 capacem,
1688 760 1902 830 pariter
1928 758 2003 813 fa-

353 846 523 903 ciam.
558 846 790 902 Scilicet
819 847 1181 902 committam
1211 863 1341 903 meo
1371 848 1663 920 episcopo,
1688 852 1751 904 ut
1780 847 1830 903 si
1861 864 2003 919 puer

2110 575 2273 652 τύχοι
2336 600 2405 651 με
2460 586 2681 649 νοσῆσαι
2726 580 2771 615 ³³
2826 578 2915 632 καὶ
2973 579 3064 633 τὸν
3119 580 3345 635 θάνατον
3407 582 3757 651 ὑποπτεῦσαι,

2111 664 2197 719 ἐὰν
2234 666 2449 729 ἄτεκνος
2471 668 2539 737 ὦ,
2571 669 2781 740 ὁμοίως
2813 669 3053 737 ποιήσω.
3088 665 3248 721 ’Λλλ⁹
3280 668 3325 722 εἷ
3364 668 3454 723 καὶ
3503 667 3759 739 τελευτῶ,

2106 752 2290 809 τέκνον
2320 751 2463 831 ἔχων
2496 756 2595 811 οὐκ
2643 758 2787 826 ἄξιον
2837 757 2870 823 ἣ
2924 754 3154 829 μηδέπω
3206 754 3520 831 δυνάμενον,
3553 758 3761 831 ὁμοίως

2108 845 2345 914 ποιήσω.
2395 849 2481 916 Τῷ
2536 846 2640 919 γὰρ
2702 844 2986 918 έπισκόπῳ
3049 866 3156 917 μου
3215 848 3757 922 παρακαταθήσομαι,

353 935 594 991 adultus
626 936 738 991 ﬁde
768 936 983 1007 dignus
1019 936 1209 1003 fuerit,
1242 935 1341 991 ille
1379 940 1659 1008 tanquam
1693 942 2000 1008 paternum

2120 930 2192 986 ίνα
2222 932 2267 986 εἷ
2319 933 2412 1005 μὲν
2460 934 2624 1008 τύχοι
2680 932 2762 1012 ἐφ’
2790 934 3015 1003 ἡλικίας
3077 935 3371 1010 γενόμενος
3432 935 3579 1008 ἄξιος
3626 936 3760 991 εἶναι

351 1024 682 1096 depositum
707 1023 824 1080 filio
847 1024 1069 1094 reddat,
1079 1025 1249 1095 juxta
1270 1025 1509 1079 modum
1534 1026 1998 1080 contestationis.

424 1113 517 1168 IV.
552 1113 714 1179 Quod
737 1118 937 1169 autem
961 1113 1043 1169 ita
1066 1114 1328 1169 tacturus
1350 1114 1486 1184 sim,
1508 1113 1721 1169 iterum
1745 1114 2000 1169 secundo

350 1204 645 1259 contestor
709 1201 939 1267 cmlum,
1003 1206 1259 1269 terram,
1325 1219 1563 1274 aquam,
1621 1220 1748 1273 quae
1805 1202 2003 1259 omnia

352 1290 838 1362 complectuntur,
886 1291 1244 1363 insuperque
1302 1290 1396 1347 his
1456 1292 1733 1348 omnibus
1790 1296 2004 1348 cuncta

353 1384 764 1453 pervagantem
796 1396 1009 1447 aerem,
1038 1381 1164 1436 sine
1196 1396 1311 1452 quo
1344 1396 1458 1436 non
1489 1382 1667 1458 spiro,
1693 1381 1847 1452 quod
1881 1396 2005 1453 per-

352 1474 526 1544 petuo
557 1469 968 1541 obtemperabo
1015 1469 1090 1539 ei,
1122 1469 1222 1540 qui
1253 1468 1433 1525 libros
1467 1469 1611 1525 mihi
1644 1470 2002 1542 praedicatio-

352 1575 497 1616 num
521 1558 745 1627 tribuit,
762 1563 818 1614 et
835 1559 1154 1614 observabo
1173 1559 1495 1614 secundum
1514 1559 1783 1614 universa
1805 1575 2005 1630 quem-

351 1648 671 1706 admodum
746 1651 1104 1704 conteslatus
1170 1664 1325 1714 sum,
1372 1652 1473 1703 aut
1535 1648 1726 1703 adhuc
1793 1647 1998 1720 magis.

350 1737 554 1809 Itaque
594 1736 737 1791 mihi
770 1740 941 1807 pacta
973 1736 1227 1792 servanti
1259 1753 1395 1807 pars
1427 1736 1537 1792 erit
1565 1752 1700 1792 cum
1732 1736 1951 1792 sanctis
1985 1753 1998 1792 :

2106 1028 2206 1091 τῆς
2257 1021 2511 1091 πίστεως,
2542 1024 2618 1085 ὡς
2661 1024 2916 1099 πατρῴαν
2959 1027 3415 1100 παρακαταθήκην
3463 1030 3543 1099 τῷ
3587 1026 3759 1099 τέκνῳ

2110 1108 2367 1185 ἀποδώοῃ
2398 1115 2445 1148 ³⁸
2474 1113 2610 1167 κατὰ
2636 1113 2727 1166 τὸν
2760 1120 2861 1181 τῆς
2896 1110 3292 1189 διαμαρτυρίας
3324 1117 3369 1151 ³⁸
3400 1113 3580 1192 λόγον.

2182 1202 2277 1257 IV.
2296 1202 2419 1258 Ὅτι
2439 1198 2495 1255 δὲ
2527 1200 2706 1257 οὕτωσ
2733 1201 3155 1271 ποιήσω,πάλιν
3174 1202 3237 1257 τὸ
3256 1200 3502 1277 δεύτερον
3528 1201 3758 1280 διαμαρ-

2109 1288 2341 1363 τύρομαι
2374 1289 2626 1365 οὐρανὸν,
2656 1296 2785 1365 γῆν,
2817 1286 2988 1365 ὕδωρ,
3012 1290 3064 1345 ἐν
3098 1292 3181 1353 οἷς
3211 1292 3280 1345 τὰ
3305 1292 3479 1347 πάντα
3507 1292 3760 1368 περιέχε-

2107 1378 2368 1453 ται,πρὸς
2389 1379 2434 1415 ³⁸
2454 1377 2670 1439 τούτοις
2702 1379 2867 1433 ἅπασι
2896 1378 2986 1433 καὶ
3015 1379 3107 1433 τὸν
3142 1376 3230 1433 διὰ
3259 1381 3474 1435 πάντων
3502 1377 3761 1451 διήκοντα

2109 1466 2262 1539 ἀέρα,
2288 1467 2349 1521 οὗ
2380 1468 2503 1522 ἄνευ
2537 1467 2635 1523 οὐκ
2665 1468 2933 1536 ἀναπνέω,
2965 1468 3039 1530 ὡς
3071 1467 3154 1523 ἀεὶ
3188 1468 3431 1540 ὑπήκοος
3460 1467 3656 1544 ἔσομαι
3684 1475 3763 1543 τῷ

2108 1556 2205 1617 τὰς
2231 1552 2457 1631 βίϐλους
2482 1578 2575 1629 μοι
2593 1560 2636 1593 ³⁷
2659 1561 2766 1612 τῶν
2790 1558 3161 1633 κηρυγμάτων
3180 1554 3406 1628 διδόντι,
3424 1558 3513 1614 καὶ
3539 1557 3761 1637 φυλάξω

2109 1646 2245 1699 κατὰ
2303 1646 2476 1700 πάντα
2535 1645 2611 1708 ὡς
2657 1648 2701 1683 ⁸⁸
2733 1643 3197 1721 διεμαρττράμῃν,
3228 1650 3263 1717 ἢ
3295 1648 3386 1702 καί
3435 1669 3487 1703 τι
3544 1646 3757 1703 πλεῖον.

2112 1732 2451 1789 Φυλάσσοντι
2499 1734 2589 1789 οὗν
2636 1755 2729 1809 μοι
2776 1735 2874 1798 τὰς
2920 1736 3185 1806 συνθήκας
3221 1736 3383 1812 μέρος
3431 1734 3576 1792 ἔσται
3630 1736 3764 1811 μετὰ

354 1826 547 1898 agenti
578 1842 708 1880 vero
740 1830 940 1880 contra
970 1841 1037 1880 ea
1066 1842 1190 1896 quas
1214 1828 1417 1896 pactus
1439 1841 1572 1880 sum
1596 1824 1834 1880 inimica
1856 1824 1999 1879 mihi

2120 1826 2217 1921 τῶν
2265 1822 2451 1894 ὁσίων,
2483 1826 2771 1895 ποιήσαντι
2818 1821 2877 1880 δὲ
2931 1830 3056 1898 παρ’
3105 1824 3141 1879 ἃ
3189 1824 3505 1899 συνεθέμην,
3564 1824 3760 1902 έχθρὸν

353 1915 433 1972 sit
463 1930 656 1970 rerum
698 1914 1047 1969 universitas
1095 1917 1151 1969 et
1196 1917 1405 1969 cuncta
1452 1930 1767 1986 peragrans
1824 1914 2003 1969 rethor

353 2005 569 2077 quique
604 2007 691 2058 est
718 2003 1096 2074 superomnia
1128 2008 1295 2067 Deus,
1324 2019 1439 2074 quo
1472 2002 1693 2071 melior,
1718 2020 1833 2075 quo
1879 2021 2001 2059 ma-

344 2094 445 2165 jor
474 2092 692 2147 nullus.
716 2092 776 2147 Si
797 2092 971 2147 etiam
1005 2092 1063 2146 in
1086 2091 1477 2163 cognitionem
1498 2092 1727 2147 veniam
1762 2092 2003 2149 alterius

352 2182 476 2252 Dei,
508 2181 664 2236 hunc
695 2197 927 2252 quoque
977 2198 1131 2235 nunc
1154 2182 1314 2251 juro,
1348 2197 1440 2236 me
1477 2181 1645 2236 aliter
1693 2198 1807 2237 non
1840 2187 2003 2237 actu-

354 2287 507 2338 rum,
535 2270 653 2325 sive
684 2269 780 2325 ille
810 2269 1039 2335 existat,
1066 2270 1185 2324 sive
1229 2269 1325 2325 ille
1355 2287 1469 2325 non
1502 2270 1729 2325 existat.
1754 2272 1837 2325 Ad
1882 2271 2005 2327 haec

354 2362 573 2427 omnia,
607 2358 656 2414 si
700 2358 922 2425 fallam,
954 2374 1051 2414 ero
1097 2359 1509 2424 exsecrandus,
1534 2359 1733 2414 vivens
1763 2363 1819 2413 et
1849 2376 2004 2415 mor-

353 2452 517 2516 tuus,
549 2451 723 2519 atque
770 2451 985 2503 aeterno
1032 2446 1244 2518 puniar
1288 2445 1689 2518 supplicio.Et
1716 2451 1849 2519 post
1894 2447 2004 2503 hoc

360 2552 570 2609 panem
603 2553 669 2591 ac
706 2535 790 2591 sal
824 2552 958 2591 cum
989 2534 1262 2607 largitore
1290 2540 1504 2591 sumat.

427 2628 498 2683 ν.
529 2625 659 2681 Haec
688 2625 903 2681 Jacobo
936 2624 1163 2679 dicente
1205 2623 1527 2695 presbyteri
1558 2623 1768 2680 timore
1796 2624 2004 2697 impal-

357 2714 616 2772 luerunt.
630 2713 1011 2785 Conspicatus
1033 2729 1168 2785 ergo
1189 2711 1439 2769 Jacobus
1461 2714 1615 2784 quod
1638 2714 2007 2771 vehementer

357 2807 703 2872 metuerent,
738 2802 820 2858 ait
849 2819 862 2858 :
897 2802 1107 2858 Audite
1145 2817 1260 2867 me,
1291 2802 1498 2858 fratres
1534 2807 1590 2858 et
1630 2804 1912 2861 conservi.
1946 2805 2004 2861 Si

356 2891 540 2950 libros
564 2891 881 2964 unicuique
909 2895 1125 2947 temere
1148 2892 1594 2963 praebuerimus,
1627 2892 1829 2964 illique
1860 2911 1894 2949 a
1922 2895 2005 2948 vi-

358 2981 441 3039 ris
471 2982 825 3053 quibusdam
856 2981 1178 3036 audacibus
1210 2986 1681 3053 corrumpantur,
1706 2986 1805 3037 aut
1832 2982 2008 3038 inter—

359 3070 804 3145 pretanionibus
837 3074 1258 3142 pervertantur,
1284 3071 1436 3126 sicut
1458 3072 1583 3142 jam
1615 3072 1899 3144 quosdam
1927 3074 2005 3129 fe-

360 3160 510 3218 cisse
564 3159 853 3229 audiistis,
908 3159 1149 3216 restabit
1205 3164 1270 3215 ut
1322 3161 1423 3233 qui
1482 3160 1651 3233 plane
1702 3162 2004 3218 veritatem

2113 1907 2195 1982 εἴη
2232 1931 2324 1984 μοι
2355 1911 2419 1966 τὸ
2446 1916 2549 1967 πᾶν
2594 1912 2686 1967 καὶ
2719 1913 2747 1968 ὁ
2779 1910 2869 1968 διὰ
2914 1911 3127 1968 πάντων
3189 1910 3395 1985 διήκων
3451 1912 3615 1989 αίθὴρ
3671 1912 3763 1969 καὶ

2111 2001 2139 2055 ὁ
2172 2000 2303 2076 ὑπὲρ
2332 2001 2399 2055 τὰ
2427 1999 2532 2056 ὅλα
2566 2001 2721 2070 Θεὸς,
2753 2002 2816 2057 οὗ
2845 2002 3124 2078 κρείττων,
3158 2000 3222 2057 οὗ
3256 2002 3456 2075 μείζων
3489 2000 3667 2066 οὐδείς
3695 2005 3761 2060 ⁸⁸.

2112 2086 2349 2144 ’Δλλ⁹εί
2404 2091 2494 2145 καὶ
2552 2090 2628 2153 είς
2688 2089 2873 2167 ἑτέρου
2931 2095 3066 2147 Θεοῦ
3124 2091 3440 2147 ἐπίνοιανιο
3494 2093 3763 2168 γένωμαι,

2112 2178 2355 2233 κάκεῖνον
2385 2182 2476 2232 νῦν
2509 2177 2715 2251 δμνυμι
2748 2180 2821 2241 ὡς
2856 2179 2955 2235 οὐκ
2983 2176 3171 2243 ἄλλως
3203 2182 3443 2251 ποιήσω,
3470 2179 3565 2236 εἴτ’
3597 2175 3762 2253 ἔστιν,

2116 2263 2210 2321 εἶτ’
2243 2267 2342 2322 οὐκ
2397 2266 2557 2324 ἔστιν.
2593 2269 2735 2345 Πρὸς
2792 2268 3008 2332 τούτοις
3043 2266 3089 2325 δ’
3138 2273 3183 2308 ⁴¹
3221 2270 3415 2325 ἅπασιν
3473 2269 3521 2326 εἴ
3569 2268 3764 2344 ψεύσο-

2117 2376 2235 2429 μαι,
2266 2356 2540 2430 κατάθεμα
2586 2355 2779 2430 ἔσομαι
2810 2360 2858 2415 9
2909 2362 3013 2427 ζῶν
3051 2358 3142 2413 καὶ
3191 2360 3385 2428 θανὼν,
3415 2358 3506 2414 καὶ
3553 2355 3762 2432 αἰωνίῳ

2114 2443 2523 2518 κολασθήσομαι
2579 2444 2822 2503 κολάσει.
2882 2445 2982 2502 Καὶ
3039 2445 3173 2519 μετὰ
3225 2451 3386 2503 τοῦτο
3457 2445 3622 2524 ἄρτου
3668 2444 3761 2502 καὶ

2114 2531 2313 2597 ἅλατος
2345 2537 2391 2571 ⁴²
2422 2536 2557 2607 μετὰ
2590 2539 2688 2590 τιιῦ
2716 2530 3110 2611 παραδιδόντος
3144 2531 3517 2610 μεταλαϐέτω.

2182 2624 2251 2680 ν.
2282 2625 2463 2681 Ταῦτα
2507 2628 2604 2680 τοῦ
2656 2619 2920 2680 Ἰακώϐου
2976 2624 3223 2688 είπόντος
3276 2624 3553 2701 ώχρίασαν
3614 2626 3756 2703 ἄγω·

2112 2712 2391 2787 νισάμενοι
2419 2715 2464 2750 ⁸³
2502 2713 2555 2768 οἱ
2600 2708 2976 2789 πρεσϐύτεροι.
3011 2711 3251 2770 Συνιδὼν
3293 2712 3385 2771 οὖν
3412 2716 3442 2771 ὁ
3474 2710 3755 2789 Ἰάκωϐος,

2114 2800 2197 2857 ὅτι
2251 2800 2371 2857 λίαν
2419 2799 2780 2880 πεφόϐηνται,
2831 2801 2955 2875 ἔφη·
3004 2802 3295 2861 Ἀκούσατέ
3352 2825 3480 2877 μου,
3532 2802 3759 2883 ἀδελφοὶ

2114 2888 2205 2944 καὶ
2261 2886 2549 2945 σύνδουλοι
2579 2892 2645 2947 “.
2677 2888 2796 2945 Ἐὰν
2843 2889 2939 2953 τὰς
2992 2886 3222 2966 βίϐλους
3268 2897 3427 2947 πᾶσιν
3476 2891 3553 2955 ὡς
3601 2890 3762 2969 ἔτυχε

2114 2979 2505 3054 παράσχωμεν,
2566 2977 2656 3033 καὶ
2723 2979 2877 3034 αύταὶ
2933 2982 2978 3016 ⁸⁸
3037 2979 3141 3035 ὑπὸ
3192 2978 3498 3054 τολμηρῶν
3552 2978 3761 3055 ἀνδρῶν

2113 3090 2273 3124 τινων
2319 3069 2638 3123 νοθευθῶσιν
2693 3069 2728 3137 ἢ
2782 3073 2900 3131 ταῖς
2963 3068 3281 3141 ἑρμηνείαις
3340 3067 3760 3150 διαστραφῶσιν,

2122 3158 2195 3221 ὡς
2245 3155 2353 3228 ¹ἤδη
2414 3158 2561 3220 τινὰς
2614 3155 2881 3227 ἠκούσατε
2928 3158 3321 3229 πεποιηκότας,
3373 3158 3518 3216 ἔσται
3570 3160 3760 3217 λοιπὸν

358 3253 646 3323 quaerunt,
675 3224 907 3321 semper
954 3253 1169 3306 errent.
1194 3224 1757 3322 Quocircapraastat,
1783 3256 1847 3306 ut
1877 3251 2009 3307 libri

2120 3247 2211 3304 καὶ
2238 3224 2353 3309 τοῖς
2382 3242 2552 3309 ὅντως
2580 3224 2681 3316 τήν
2710 3244 2968 3319 ἀλήθειαν
3004 3224 3255 3318 ζητοῦσιν
3308 3224 3389 3305 αεὶ
3438 3249 3760 3307 πλανᾶσθαι.

359 3340 515 3413 apud
542 3355 648 3395 nos
682 3342 977 3410 maneant,
1002 3339 1424 3411 tradamusque
1445 3355 1544 3396 eos
1574 3356 1707 3396 cum
1730 3340 1890 3396 omni
1920 3358 2013 3397 su-

361 3429 629 3502 pradicta
657 3428 926 3484 cautione
955 3428 1029 3483 iis
1056 3428 1157 3501 qui
1189 3428 1282 3500 pie
1310 3430 1500 3485 vivere
1526 3428 1790 3502 aliosque
1823 3430 2013 3487 salvos

362 3517 551 3575 facere
579 3518 843 3589 cupiunt.
878 3522 959 3573 Ac
1007 3518 1057 3573 si
1088 3517 1304 3590 aliquis
1356 3522 1487 3590 post
1542 3518 1692 3576 hanc
1722 3524 2011 3576 contesta-

359 3607 582 3664 tionem
614 3605 781 3662 aliter
818 3610 973 3680 agat,
1006 3606 1212 3662 merito
1246 3606 1302 3662 in
1335 3610 1617 3663 aeternum
1657 3608 2013 3681 supplicium

361 3696 597 3753 incidet.
631 3696 757 3761 Qua
785 3696 943 3752 enim
992 3696 1217 3752 ratione
1248 3696 1348 3769 qui
1380 3697 1629 3753 aliorum
1671 3698 2015 3770 perditionis

363 3801 542 3843 causa
571 3784 814 3853 exstitit,
846 3785 970 3858 ipse
1000 3801 1116 3841 non
1149 3785 1400 3857 peribit?
1434 3786 1581 3842 Cum
1612 3802 1746 3858 ergo
1778 3789 2015 3861 presby-

360 3872 470 3931 teri
502 3873 792 3929 sententia
810 3873 1009 3930 Jacobi
1040 3873 1310 3930 delectati
1347 3874 1597 3931 fuissent
1626 3880 1802 3947 atque
1832 3876 2015 3932 dixis-

364 3966 497 4020 sent
531 3979 545 4020 :
578 3962 925 4020 Benedictus
974 3963 1052 4018 sit
1095 3964 1195 4036 qui
1228 3968 1303 4027 te,
1328 3968 1393 4020 ut
1439 3968 1782 4021 cunctorum
1840 3983 2016 4038 praes-

364 4053 513 4122 cius,
545 4052 786 4125 pulchre
816 4052 988 4109 nobis
1019 4054 1329 4110 constituit
1356 4054 1695 4127 episcopum
1722 4073 1735 4112 :
1764 4055 1902 4127 haec,
1936 4057 2021 4112 in-

366 4157 567 4214 quam,
612 4158 747 4197 cum
807 4141 1112 4211 dixissent,
1168 4154 1476 4216 surgentes
1537 4145 1752 4216 precati
1810 4162 2018 4203 sumus

364 4230 772 4286 universorum
803 4234 1034 4287 Patrem
1067 4247 1132 4287 ac
1165 4236 1379 4300 Deum;
1426 4232 1520 4288 cui
1570 4232 1756 4305 gloria
1802 4233 1861 4290 in
1912 4252 2017 4292 sae-

367 4318 523 4376 cula.
555 4324 763 4375 Amen.

543 4460 888 4518 EPISTOLA
917 4462 1320 4521 CLEMENTIS
1362 4464 1457 4521 AD
1488 4464 1835 4524 JACOBUM.

435 4586 767 4643 CLEMENS
796 4587 1060 4645 JACOBO
1082 4589 1319 4647 domino
1343 4593 1399 4646 et
1431 4590 1841 4665 episcoporum
1868 4592 2018 4665 epis-
2049 4598 2096 4662 D

366 4676 766 4748 copo,regenti
784 4682 979 4734 autem
995 4677 1455 4752 Hierosolymam
1476 4686 1741 4738 sanctam
1761 4682 2020 4739 Hebraeo-

2120 3340 2215 3393 Διὸ
2271 3334 2490 3411 ἄμεινον
2535 3343 2659 3410 παρ’
2688 3340 2823 3412 ἡμῖν
2860 3336 3025 3400 αὐτὰς
3082 3337 3239 3407 εἶναι,
3269 3338 3359 3394 καὶ
3419 3337 3761 3412 μεταδιδόναι

2124 3427 2259 3501 μετὰ
2310 3425 2489 3496 πάσης
2536 3432 2638 3495 τῆς
2691 3425 3098 3503 προειρημένης
3158 3426 3451 3505 ἀσφαλείας
3502 3432 3622 3490 τοῖς
3675 3428 3761 3483 θέ-

2122 3513 2277 3572 λουσι
2312 3521 2407 3590 ζῇν
2441 3510 2675 3578 εὐσεϐῶς
2703 3518 2749 3553 ⁴⁶
2778 3515 2867 3571 καὶ
2923 3514 3129 3579 ἄλλους
3186 3517 3399 3586 σώζειν.
3447 3516 3514 3574 El
3566 3514 3625 3572 δέ
3676 3536 3764 3579 τις

2127 3606 2261 3681 μετὰ
2287 3606 2348 3661 τὸ
2379 3604 2551 3668 οὕτως
2594 3602 3052 3682 διαμαρτύρασθαι
3092 3602 3283 3668 ἄλλως
3333 3607 3574 3679 ποιήσει,
3606 3604 3765 3661 εύλό-

2121 3717 2232 3772 γως
2290 3694 2485 3768 αἲωνίᾳ
2540 3695 2885 3751 ὑποπεσεῖται
2936 3697 3180 3752 κοΛάσει.
3237 3693 3354 3750 Τίνι
3435 3694 3539 3772 γὰρ
3611 3692 3766 3771 λόγῳ

2124 3782 2310 3841 ἄλλων
2341 3781 2616 3846 ἀπωλείας
2646 3780 2816 3846 αἴτιος
2853 3782 3147 3859 γενόμενος
3194 3782 3353 3846 αὐτὸς
3396 3783 3495 3840 οὐκ
3542 3783 3766 3840 ἀπολεῖ-

2122 3892 2244 3944 ται;
2291 3878 2400 3929 τῶν
2475 3871 2566 3927 οὗν
2630 3867 3007 3948 πρεσϐυτέρων
3077 3872 3164 3929 έπὶ
3219 3876 3288 3948 τῇ
3352 3877 3450 3928 τοῦ
3508 3868 3770 3929 Ἰακώϐου

2121 3964 2315 4042 γνώμῃ
2362 3962 2632 4033 ἡσθέντων
2680 3961 2771 4017 καὶ
2820 3960 3098 4018 εἰπόντων*
3150 3960 3462 4039 Εύλόγηται
3511 3959 3542 4018 ὅ
3586 3982 3646 4017 σε
3692 3961 3768 4025 ὡς

2125 4055 2299 4109 πάντα
2349 4049 2618 4129 προειδὼς
2665 4049 2850 4114 καλῶς
2889 4053 3024 4125 ἡμῖν
3078 4052 3412 4123 καταστήσας
3454 4050 3767 4107 ἐπίσκοπονο

2124 4142 2213 4199 καὶ
2243 4146 2408 4197 ταῦτα
2463 4140 2722 4196 εἰπόντων
2777 4140 2951 4197 αὐτῶν
3002 4139 3305 4217 έγερθέντες
3350 4141 3771 4216 προσηυξάμεθα

2123 4237 2202 4306 τῷ
2254 4236 2363 4288 τῶν
2421 4228 2567 4286 ὅλων
2625 4229 2795 4307 Πατρὶ
2826 4232 2870 4269 ⁸⁷
2899 4230 2989 4285 καὶ
3048 4234 3183 4302 Θεῷο
3216 4230 3263 4302 ᾧ
3292 4231 3327 4300 ἠ
3362 4226 3493 4304 δόξα
3521 4228 3597 4293 εἷς
3644 4228 3773 4289 τοὺς

2126 4322 2344 4384 αἰῶνας.
2375 4326 2438 4377 ’Δ
2449 4321 2556 4394 μήν
2588 4322 2655 4378 ⁸⁸.

2252 4467 2356 4524 10
2392 4464 2742 4523 ΕΠΙΣΤΟΔΗ
2782 4465 3197 4518 ΚΛΗΜΕΝΤΟΣ
3238 4465 3416 4518 ΠΡΟΣ
3458 4466 3649 4518 ΙΑΚΩ-

2751 4556 2878 4607 BON
2918 4553 2966 4589 ιο
3005 4552 3065 4625 (2
3086 4554 3142 4625 ι).

2200 4682 2487 4736 ΚΛΗΜΗΣ
2538 4680 2808 4756 ΙΔΚΩΒῼ,
2859 4678 2940 4748 τῷ
2992 4673 3169 4752 κυρίῳ
3225 4676 3270 4713 ⁵ο
3322 4672 3413 4730 καὶ
3468 4672 3776 4731 ἐπισκόπων

1620 4806 2198 4864 INTERPRETATIO
2239 4804 2502 4862 RUFINI.

433 4888 761 4947 CLEMENS
798 4890 1066 4949 JACOBO
1098 4891 1260 4950 fratri
1292 4892 1542 4959 Domini,
1573 4899 1629 4951 et
1674 4896 1946 4970 episcopo
1993 4898 2429 4971 episcoporum,
2460 4892 2681 4966 regenti
2730 4891 3105 4949 Hebraeorum
3136 4892 3399 4948 sanctam
3432 4888 3772 4960 Ecclesiam,

1714 5021 1954 5079 VARLE
1994 5021 2299 5081 LECTION
2308 5020 2410 5077 ES.

445 5111 491 5147 ³²
517 5182 558 5187 η
575 5112 1031 5187 παρακαθήσομαι

371 5184 437 5238 0.
515 5182 559 5218 81

368 5251 460 5307 καί
528 5254 588 5310 C.

619 5115 1031 5187 αρακαθήσομαι
1110 5115 1173 5171 Ο.
1324 5116 1368 5152 ³⁸
1424 5115 1510 5172 Ita
1567 5115 1610 5172 Ο
1682 5121 1738 5173 et
1820 5134 1889 5176 ex
1970 5120 2219 5190 conject.
2300 5118 2364 5184 C,
2449 5120 2683 5189 νομῆσαι
2769 5115 2851 5170 id.
2939 5115 3000 5171 in
3082 5116 3265 5170 textu.
3377 5115 3425 5149 “
3506 5115 3780 5165 ἀποδώσει

616 5182 910 5260 μᾳρτυρίεις
969 5185 1035 5260 9-
1082 5186 1157 5260 _’°
1216 5184 1330 5260 πρό,
1380 5190 1445 5260 Ο.
1522 5187 1566 5224 ³⁷
1625 5208 1728 5259 μου
1784 5190 1844 5247 C.
1924 5192 1966 5227 ³⁸
2024 5188 2122 5260 ὅσα
2176 5192 2238 5247 C.
2295 5188 2554 5260 Subinde
2609 5183 2997 5260 scripsiﬁxat
3047 5201 3098 5241 c.
3130 5185 3195 5252 Ο,
3230 5185 3439 5260 utjam
3470 5182 3622 5260 conj.
3661 5181 3700 5238 S
3725 5178 3780 5260 εἰ

669 5202 910 5292 ιρτυριπις
970 5202 1035 5241 υ.
1112 5202 1157 5222 ου
1217 5202 1322 5260 προ
1380 5202 1445 5243 υ.
1522 5202 1564 5224 δ·
1625 5208 1728 5259 μου
1784 5202 1844 5247 U.
1924 5202 1966 5227 ³⁵
2024 5202 2122 5245 ὅσα
2176 5202 2238 5247 U.
2295 5202 2554 5245 Subinde
2609 5202 2997 5258 Βοιδιρειηκαι
3047 5202 3195 5252 c.U,
3230 5202 3276 5241 υτ

669 5258 689 5291 ³
728 5253 882 5329 Αούδ’
942 5258 1016 5317 εἷς
1068 5258 1130 5314 C.
1208 5258 1253 5292 ⁴⁰
1311 5256 1563 5312 ὑπόνοιαν
1625 5262 1685 5316 C.
1749 5259 1955 5318 Postea
2009 5259 2115 5316 εἷ’τε
2171 5262 2235 5318 Ο.
2316 5264 2359 5298 ⁴¹
2421 5256 2478 5313 δέ
2536 5260 2595 5316 C.
2654 5260 2804 5314 Tum
2852 5254 3123 5329 ψεύσομαι
3146 5260 3197 5329 ,Ο
3228 5273 3276 5329 c.

3377 5112 3425 5149 “
3506 5105 3781 5165 ἀποδώσει

3355 5300 3369 5323 ,
3390 5252 3685 5327 ψεύσωμαι
3716 5253 3775 5307 C.

366 5326 416 5414 ‘1
466 5322 656 5414 ὕδατος
713 5327 779 5414 9:
858 5328 1351 5414 tﬁ‘ﬁymvzizav'tss
1401 5334 1459 5386 ρ,
1491 5402 1501 5414 ¹
1536 5332 1582 5365 ιι
1630 5330 1784 5414 φίλοι
1810 5333 1897 5414 “0,
1952 5335 2251 5414 Deinceps“
2284 5328 2470 5414 ἔτυχεν
2511 5320 2890 5414 ,παρασγιῶμεν
2920 5320 3106 5414 (Γ...ζῆ
3133 5320 3775 5414 Ιίαὲ,ἀύτοίαῦ;ται

372 5398 436 5476 Q.
516 5399 559 5432 ⁴⁶
591 5394 821 5476 εὐσεϐῶς
852 5394 1036 5469 adjeci
1068 5417 1126 5476 c._
1155 5400 1217 5456 Ο.
1273 5403 1340 5476 ,δτ
1370 5402 1565 5476 Πατέργι
1596 5394 1654 5459 (ἒξ
1733 5404 1777 5438 ⁴⁸
1808 5405 1944 5459 Post
1974 5406 2096 5460 haec
2122 5394 2181 5459 in
2214 5405 2257 5459 Ο
2299 5394 2650 5476 subscriptio
2684 5394 2929 5476 56955“,
2991 5397 3188 5476 “jure
3228 5397 3459 5476 βρώμης
3507 5397 3551 5454 Ο
3601 5396 3776 5451 rubro

371 5468 704 5527 charactere
734 5473 791 5527 in
827 5490 1011 5545 marg.
1046 5471 1386 5529 salutationi
1417 5468 1821 5543 exadversum,
1854 5482 1910 5531 et
1938 5476 1999 5532 C.
2077 5478 2121 5512 ⁸ο
2151 5477 2322 5548 fratri
2346 5468 2559 5531 domini
2585 5468 2775 5529 versio
2809 5471 3015 5528 Latina
3046 5471 3264 5527 Ruﬁni.

441 5683 552 5756 (26)
586 5686 805 5759 Duplex
850 5692 940 5744 est
996 5688 1149 5745 circa
1203 5687 1355 5744 hanc
1406 5600 2527 5764 epistolamvggﬁii?flifte§t?:ﬁrima
2581 5689 2777 5749 Ruﬁni
2836 5684 3174 5763 prafationc
3230 5686 3303 5744 ad
3345 5683 3776 5760 Βσοοσιιίιὶοηοε,
