4116 6224
430 376 507 434 35
1254 372 1316 429 S.
1365 368 1801 428 CLEMENTIS
1846 370 1869 428 Ι
1919 367 2103 429 ROM.
2154 372 2383 432 PONT.
2431 374 2687 434 OPERA
2736 375 2997 436 DUBIA.
3750 386 3828 445 36

429 504 606 571 malo,
639 504 900 559 futurum
930 502 1152 557 bonum
1176 500 1282 556 toti
1311 500 1529 555 mundo
1560 504 1624 554 ut
1669 500 1952 555 indicaret
1976 515 2057 555 re-

2177 496 2437 573 δημοσιᾳ,
2472 501 2558 557 ἐπὶ
2586 507 2683 557 τοῦ
2724 501 3009 566 ἐνεστῶτος
3056 512 3303 581 πονηροῦ
3329 510 3394 582 ⁸⁸,
3425 510 3518 564 τὸν
3571 511 3824 585 ἆσόμενον

427 609 579 666 gem,
636 592 938 661 hucusque
996 591 1236 645 Romam
1293 589 1550 656 veniens,
1602 593 1659 643 et
1714 589 1829 643 Deo
1861 587 2072 659 placita

422 682 691 737 doctrina
721 681 953 736 salvans
983 678 1272 745 homines,
1325 678 1449 749 ipse
1503 682 1859 748 praesentem
1890 677 2068 731 vitam

424 786 527 841 per
558 770 673 826 vim
706 786 839 825 cum
873 772 1058 824 morte
1089 766 1485 823 commutavit.

496 949 564 1003 Il.
602 949 666 1003 ln
696 947 843 1019 ipsis
868 952 1059 1002 autem
1092 943 1543 1015 diebus,quibus
1570 942 1725 997 brevi
1750 942 2069 998 moriturus

425 1036 942 1109 erat,congregatis
962 1035 1261 1103 fratribus,
1283 1033 1476 1088 subito
1499 1031 1862 1103 apprehensa
1890 1048 2068 1087 manu

426 1143 557 1182 mea
591 1141 971 1197 consurgens,
1002 1139 1197 1180 coram
1226 1122 1465 1178 ecclesia
1496 1120 1676 1175 dixit:
1711 1122 1921 1176 Audite
1952 1137 2064 1190 me,

425 1217 636 1273 fratres
680 1222 738 1272 et
785 1214 1084 1271 conservi:
1135 1213 1439 1284 Quoniam,
1472 1211 1626 1268 sicut
1662 1212 1899 1268 edoctus
1931 1228 2066 1268 sum

425 1306 496 1361 ab
528 1322 615 1375 eo,
649 1304 749 1377 qui
775 1304 937 1360 misit
967 1319 1077 1368 me,
1097 1301 1339 1358 Domine
1368 1306 1424 1357 et
1448 1300 1725 1371 magistro
1745 1301 1878 1357 Jesu
1910 1300 2067 1356 Chri-

423 1400 533 1463 sto,
594 1395 716 1450 dies
765 1393 970 1449 mortis
1018 1408 1157 1447 mea:
1210 1390 1655 1463 appropinquat,
1707 1388 2063 1445 Clementem

421 1483 579 1539 hunc
603 1483 941 1555 episCOpum
974 1480 1135 1536 vobis
1163 1480 1404 1547 ordino;
1447 1478 1539 1534 cui
1588 1495 1777 1534 meam
1837 1494 2064 1534 sermo-

422 1589 554 1628 nam
588 1572 925 1627 cathedram
958 1571 1165 1637 credo;
1198 1568 1297 1639 qui
1330 1568 1473 1623 mihi
1504 1566 1573 1623 ab
1596 1566 1763 1621 initio
1784 1567 2060 1638 usquead

420 1662 595 1717 ﬁnem
630 1678 823 1716 comes
854 1659 1093 1723 exstitit,
1118 1658 1318 1728 sicque
1339 1672 1543 1711 omnes
1564 1672 1860 1711 sermones
1900 1672 2061 1712 meos

420 1750 677 1805 audivit:
711 1748 959 1805 breviter
987 1747 1199 1816 dicam,
1233 1746 1331 1817 qui
1364 1744 1424 1799 in
1464 1743 1739 1799 omnibus
1784 1744 2059 1800 tentatio-

420 1839 594 1893 nibus
625 1837 769 1893 meis
800 1837 1109 1909 particeps,
1144 1835 1201 1889 in
1232 1834 1343 1889 fide
1389 1849 1761 1905 perseverans
1792 1833 2058 1888 inventus
2087 1865 2135 1929 Β

418 1934 504 1983 est
530 1944 541 1983 :
577 1943 751 2000 quem
783 1925 916 1998 plus
946 1923 1169 1980 caeteris
1201 1926 1472 1995 expertus
1501 1938 1631 1977 sum
1692 1921 2054 1994 religiosum,

417 2012 1341 2083 humanum,castum,eruditum,
1361 2011 2052 2081 temperantem,bonum,

404 2106 658 2175 justum,
691 2101 1030 2174 patientem,
1063 2104 1119 2155 et
1148 2098 1450 2154 scientiam
1484 2098 1711 2154 fortiter
1741 2098 1886 2153 ferre
1908 2116 2054 2154 non-

411 2191 709 2247 nullorum
726 2188 1279 2246 catechumenorum
1296 2187 1587 2257 ingratum
1606 2186 2053 2252 animum.Quo-

412 2280 566 2336 circa
595 2278 708 2351 ipsi
747 2279 913 2334 trado
944 2276 1164 2349 ligandi
1195 2281 1252 2331 et
1279 2274 1537 2331 solvendi
1586 2279 1953 2346 potestatem,
1987 2280 2053 2333 ut

414 2370 824 2441 quodcumque
852 2366 913 2421 in
946 2365 1117 2420 terris
1144 2363 1514 2431 ordinaverit,
1547 2364 1624 2419 sit
1651 2365 1947 2420 decretum
1990 2365 2049 2420 in

412 2456 591 2513 cmlis.
648 2455 874 2528 Ligabit
921 2453 1072 2508 enim
1119 2452 1275 2524 quod
1309 2450 1471 2523 ligari
1506 2456 1752 2522 oportet,
1783 2457 1840 2507 et
1868 2451 2050 2508 solvet

412 2546 565 2616 quod
600 2547 826 2616 oportet
853 2541 1014 2608 solvi,
1047 2544 1327 2611 tanquam
1360 2539 1456 2609 qui
1489 2538 1753 2594 Ecclesia
1785 2540 2047 2612 regulam

412 2634 649 2690 noverit.
686 2638 885 2704 Ipsum
936 2646 1071 2701 ergo
1121 2628 1338 2695 audite,
1372 2632 1434 2682 ut
1463 2628 1712 2683 scientes
1745 2629 1920 2700 quod,
1949 2630 2047 2700 qui

412 2720 841 2779 contristaverit
897 2717 1158 2773 veritatis
1204 2715 1532 2788 praesidem,
1564 2721 1763 2788 peccat
1792 2716 1851 2771 in
1882 2717 2046 2773 Chri-

412 2817 590 2882 stum,
623 2814 679 2865 et
709 2808 1115 2863 universorum
1149 2805 1375 2860 Patrem
1409 2804 1633 2859 irritat:
1696 2810 2051 2879 quapropter

411 2917 525 2955 non
558 2898 721 2953 vivet.
758 2897 1037 2952 Caeterum
1096 2894 1291 2967 ipsum
1336 2894 1643 2964 praesidem
1675 2899 1899 2965 oportet
1928 2911 2051 2951 me-

2179 587 2371 662 ἆγαθὸν
2404 588 2521 663 ὅλῳ
2550 596 2627 663 τῷ
2671 592 2865 664 κόσμῳ
2916 598 3149 665 μηνῦσαι
3204 596 3450 669 βασιλέα,
3503 600 3700 675 μέχρις
3739 601 3821 657 έν-

2176 679 2345 731 ταῦθα
2389 682 2457 752 τῇ
2504 680 2689 753 Ῥώμῃ
2717 683 2762 717 ⁸9
2807 681 3117 756 γενόμενος,
3170 680 3526 760 θεοϐουλήτῳ
3575 687 3825 746 διδασκα-

2178 761 2275 836 λίᾳ
2302 767 2489 835 σώζων
2523 768 2854 844 ἀνθρώπους,
2887 768 3046 833 αὐτὸς
3076 776 3174 826 τοῦ
3222 770 3312 828 νῦν
3369 774 3488 848 βίου
3541 777 3730 851 βιαίως
3759 779 3823 834 τὸ

2181 856 2276 926 ζῇν
2309 852 2643 927 μετήλλαξεν

2248 945 2317 999 ΙΙ.
2346 944 2491 1017 Πρὸς
2521 944 2706 1007 αὐταῖς
2732 943 2789 1001 δὲ
2829 951 2947 1009 ταῖς
3000 947 3233 1021 ἡμέραις
3284 950 3366 1012 αῖς
3395 951 3609 1025 ἤμελλε
3636 954 3820 1010 τελευ-

2174 1035 2289 1101 τᾷν,
2314 1032 2781 1109 συνηθροισμένων
2811 1039 2917 1089 τῶν
2952 1032 3220 1115 ἀδελφῶν,
3260 1037 3546 1118 αἰφνιδίως
3578 1038 3819 1116 λαϐόμε-

2175 1118 2266 1210 νός
2297 1140 2400 1210 μου
2429 1128 2529 1210 τῆς
2557 1123 2742 1199 χειρὸς
2774 1122 3012 1198 ἐγερθεὶς
3062 1124 3149 1180 ἐπὶ
3199 1133 3299 1196 τῆς
3351 1126 3642 1201 ἐκκλησίας
3690 1131 3814 1210 ἔφη·

2177 1208 2465 1265 Ἀκούσατέ
2518 1232 2642 1284 μου,
2702 1209 2928 1290 ἀδελφοὶ
2984 1214 3073 1268 καὶ
3133 1213 3443 1272 σύνδουλοι·
3504 1220 3690 1290 Ἐπεὶ,
3730 1208 3820 1283 ήὼς

2176 1294 2468 1375 ἐδιδάχθην
2519 1299 2625 1354 ἀπὸ
2670 1305 2767 1355 τοῦ
2814 1322 2881 1373 με
2930 1302 3352 1368 ἀποστείλαντος
3405 1306 3606 1383 Κυρίου
3640 1331 3698 1364 τε
3727 1310 3817 1365 καὶ

2174 1384 2511 1442 Διδασκάλου
2555 1392 2733 1459 Ἰησοῦ
2785 1391 3040 1465 Χριστοῦ,
3072 1393 3127 1445 αἱ
3170 1398 3268 1448 τοῦ
3314 1396 3541 1458 θανάτου
3586 1418 3692 1469 μου
3720 1399 3820 1473 ἡγ-

2172 1473 2381 1550 γίκασιν
2437 1477 2684 1550 ἡμέραι,
2742 1476 3036 1551 Κλήμεντα
3092 1483 3208 1555 (29)
3276 1488 3467 1539 τοῦτον
3526 1483 3818 1542 ἐπίσκοπον

2173 1564 2300 1637 ὑμῖν
2326 1570 2628 1641 χειροτονῶ
2660 1568 2791 1639 (30),
2823 1568 2869 1639 ᾧ
2898 1568 2996 1636 τὴν
3033 1567 3171 1641 έμήν
3211 1576 3320 1625 τῶν
3347 1570 3529 1648 λόγων
3577 1575 3816 1631 πιστεύω

2168 1652 2452 1730 καθέδραν,
2482 1659 2560 1726 τῷ
2589 1654 2679 1709 ἀπ’
2711 1654 2890 1730 ἀρχῆς
2918 1677 3011 1727 μοι
3035 1656 3201 1733 μέχρι
3221 1664 3319 1713 τοῦ
3346 1660 3541 1724 τέλους
3564 1663 3815 1719 συνολεύ-

2170 1763 2315 1797 σαντι
2344 1743 2435 1797 καὶ
2467 1742 2638 1800 οὕτως
2669 1748 2853 1798 πασῶν
2887 1765 2991 1818 μου
3019 1750 3127 1801 τῶν
3157 1747 3393 1821 ὁμιλιῶν
3433 1749 3810 1808 έπακούσαντν

2169 1829 2405 1885 συνελὼν
2440 1830 2565 1905 ἐρῶ,
2596 1832 2654 1893 ὃς
2686 1831 2737 1887 ἐν
2774 1838 2903 1886 πᾶσι
2952 1841 3275 1909 πειρασμοῖς
3327 1859 3432 1910 μου
3479 1844 3812 1911 κοινωνήσας

2162 1919 2232 1994 τῇ
2264 1919 2438 1975 πίστει
2465 1926 2878 1996 προσκαρτερῶν
2911 1925 2956 1958 ⁶⁰
2981 1924 3195 1998 εὑρέθη·
3226 1926 3283 1979 ὃν
3312 1924 3502 1982 πλεῖον
3530 1931 3571 1965 ⁶¹
3595 1928 3812 1986 πάντων

2162 2008 2493 2083 πεπείραμαι
2536 2004 2782 2081 θεοσεϐῆ,
2818 2008 3223 2087 φιλάνθρωπον,
3257 2015 3434 2089 ἀγνὸν,
3483 2015 3806 2092 πολυμαθῆ,

2163 2096 2438 2173 σώφρονα,
2470 2096 2690 2170 ἀγαθὸν,
2737 2095 2965 2171 δίκαιον,
3001 2100 3376 2178 μακρόθυμον,
3408 2103 3499 2159 καῖ
3547 2107 3808 2180 γενναίως

2164 2183 2345 2240 εἰδότα
2374 2186 2551 2263 φέρειν
2578 2186 2675 2248 τὰς
2698 2185 2853 2243 ένίων
2876 2192 2981 2243 τῶν
3006 2192 3432 2266 κατηχουμένων
3461 2193 3803 2270 ἀχαριστίας.

2163 2273 2255 2328 Διὸ
2285 2273 2431 2344 αὐτῷ
2464 2271 2800 2347 μεταδίδωμι
2848 2276 2947 2344 τήν
2998 2276 3235 2347 ἐξουσίαν
3266 2284 3363 2335 τοῦ
3412 2278 3687 2354 δεσμεύειν
3716 2284 3804 2338 καὶ

2160 2360 2333 2432 λύειν,
2361 2360 2448 2417 ’ίνα
2475 2362 2596 2436 περὶ
2635 2364 2832 2426 παντὸς
2865 2364 2926 2418 οὗ
2977 2364 3035 2419 ἂν
3082 2371 3440 2443 χειροτονήσῃ
3480 2369 3566 2425 ἐπὶ
3616 2374 3711 2441 τῆς
3761 2376 3807 2410 ω

2159 2458 2262 2527 γῆς
2292 2447 2435 2506 ἔσται
2485 2448 2977 2525 δεδογματισμένον
3033 2453 3084 2509 έν
3133 2455 3405 2531 οὐρανοῖς.
3447 2461 3610 2528 Δήσει
3640 2461 3740 2535 γὰρ
3773 2462 3802 2517 ὃ

2160 2537 2242 2594 δεῖ
2272 2537 2507 2609 δεθῆναι,
2538 2538 2626 2593 καὶ
2658 2537 2809 2593 λύσει
2836 2541 2865 2594 ’ὀ
2897 2538 2978 2596 δεῖ
3028 2540 3281 2613 λυθῆναι,
3313 2545 3386 2607 ὡς
3429 2546 3521 2600 τὸν
3549 2554 3649 2616 τῆς
3679 2550 3803 2605 Ἐκ-

2158 2626 2387 2698 κλησίας
2438 2625 2594 2690 εἰδὼς
2626 2632 2726 2686 I2
2774 2629 2992 2687 κακόνα.
3041 2630 3218 2687 Αὐτοῦ
3264 2631 3353 2686 οὖν
3415 2635 3693 2707 ἀκούσατε,
3726 2638 3803 2701 ὡς

2159 2716 2377 2792 γνόντες
2418 2715 2499 2771 ὅτι
2552 2716 2579 2770 ὁ
2605 2716 2697 2770 τὸν
2723 2720 2769 2753 ⁸³
2798 2716 3057 2789 ἀληθείας
3102 2722 3569 2795 προκαθεζόμενον
3618 2724 3802 2781 λυπῶν

2161 2805 2236 2868 εἷς
2287 2804 2515 2881 Χριστὸν
2572 2805 2886 2879 ἁμαρτάνει,
2945 2805 3033 2861 καί
3090 2808 3181 2862 τὸν
3245 2810 3455 2886 Πατέρα
3512 2816 3616 2866 τῶν
3655 2811 3800 2869 ὅλων

2159 2892 2498 2970 παροργίζειυ
2532 2891 2593 2947 οὗ
2642 2891 2834 2948 ε’ίνεκεν
2888 2894 2950 2948 οὐ
2987 2896 3223 2965 ζήσεται.
3258 2898 3359 2953 Καὶ
3411 2897 3568 2954 αὒτὸν
3599 2899 3689 2956 οὖν
3721 2900 3806 2957 δεῖ

409 2989 523 3044 dici
554 2987 745 3042 locum
776 2990 991 3050 tenere,
1022 3000 1137 3039 non
1168 2986 1362 3039 autem
1395 2981 1525 3037 feraa
1566 2982 1764 3039 bestiae
1796 2985 2050 3042 furorem

2170 3003 2250 3038 εον
2281 2980 2743 3057 προκαθεζόμενον
2777 2980 2963 3058 ἰατροῦ
2990 2982 3154 3038 τόπον
3178 2983 3392 3060 ἐπέχειν
3427 2990 3491 3059 ⁸⁸,
3527 2988 3589 3043 οὐ
3611 2989 3805 3065 θηρίου

408 3077 643 3133 habere.

2170 3071 2368 3147 ἀλόγου
2399 3070 2566 3142 θυμὸν
2600 3065 2766 3145 ἔχειν.

480 3165 715 3221 IIl.Haec
735 3161 832 3218 illo
856 3161 1104 3229 dicente,
1129 3176 1232 3232 ego
1255 3158 1562 3231 procidens
1584 3161 1858 3233 rogabam
1889 3179 2045 3235 eum,

2231 3167 2329 3216 IlI.
2364 3158 2541 3215 Αὐτοῦ
2569 3163 2735 3213 ταῦτα
2766 3157 3043 3235 λέγοντος,
3088 3159 3193 3237 ἐγὼ
3223 3166 3542 3238 προσπεσὼν
3594 3163 3806 3222 ἔπεδιό-

409 3254 693 3312 cathedrae
717 3252 996 3308 honorem
1018 3252 1074 3305 et
1096 3253 1443 3321 potestatem
1484 3248 1823 3319 deprecans.
1855 3254 1921 3307 At
1952 3252 2049 3309 ille

2170 3272 2268 3325 μην
2308 3251 2352 3287 ⁸⁵
2381 3248 2566 3319 αὐτοῦ,
2600 3248 3031 3322 παραιτούμενος
3061 3251 3161 3320 τήν
3192 3257 3291 3321 τῆς
3322 3250 3585 3328 καθέδρας
3633 3258 3802 3329 τιμήν

1663 3364 2245 3424 INTERPRETATIO
2285 3365 2546 3422 RUFINI.

474 3464 539 3513 II.
576 3458 636 3532 I_n
669 3457 817 3528 ipsis
843 3459 1034 3511 autem
1069 3453 1298 3517 diebus,
1331 3452 1547 3532 quibus
1577 3452 1702 3507 vitae
1755 3455 1930 3532 finem
1977 3456 2089 3532 sibi
2138 3455 2809 3532 imminere_pr;esensi_t,
2844 3454 2903 3509 in
2935 3460 3219 3532 conventu
3253 3457 3496 3532 fratrum
3544 3462 3797 3532 positus,

403 3525 762 3607 apprehensa
793 3544 982 3607 manu.
1005 3541 1133 3607 mea
1163 3528 1396 3607 repente
1427 3540 1808 3607 consurgens,
1839 3526 1901 3607 in
1933 3528 2182 3607 auribus
2220 3526 2401 3582 totius
2446 3525 2714 3607 Ecclesiae
2763 3525 2883 3607 hag‘c
2914 3528 3156 3607 protulit
3186 3530 3398 3607 verba:
3438 3525 3645 3588 Audite
3678 3525 3791 3601 me,

401 3595 610 3657 fratres
641 3606 698 3655 et
726 3595 1129 3671 conservimei
1154 3612 1168 3650 :
1195 3595 1663 3671 QuoniamAsicut
1691 3596 1929 3671 edoctus
1961 3615 2091 3653 sum
2135 3600 2204 3652 ab
2248 3615 2314 3653 eo
2363 3595 2480 3671 qui
2510 3596 2796 3671 misit__me
2827 3595 3082 3671 Domino
3101 3604 3159 3654 et
3188 3598 3465 3671 Magistro
3495 3618 3623 3657 meo
3652 3595 3795 3660 Jesu

400 3672 648 3740 Christo,
680 3671 806 3724 dies
838 3667 1043 3722 mortis
1075 3683 1218 3741 meae
1244 3666 1447 3741 instat,
1475 3666 1827 3741 Clementem
1853 3669 2008 3741 hunc
2033 3666 2557 3741 episcopumjvobis
2586 3667 2790 3741 ordino
2817 3685 2830 3735 ;
2864 3669 2955 3722 cui
2979 3669 3086 3741 soli
3112 3686 3249 3724 mea:
3274 3666 3700 3741 praedicationis
3729 3680 3787 3731 et

401 3737 675 3799 doctrina:
707 3741 1050 3795 Cathedram
1091 3738 1300 3814 credo:
1352 3737 1451 3814 qui
1479 3738 1644 3814 .mihi
1693 3739 1778 3814 ab
1816 3739 1981 3814 initio
2028 3737 2315 3814 usque—ad
2350 3739 2522 3793 finem
2556 3739 2838 3814 comesin
2869 3739 3142 3814 omnibus
3172 3737 3301 3814 fuit,
3352 3749 3409 3797 et
3439 3760 3541 3814 per
3570 3744 3677 3801 hoc
3705 3763 3792 3802 ve-

400 3815 629 3869 ritatem
682 3814 864 3867 totius
913 3827 1051 3865 mea
1099 3807 1539 3882 praedicationis
1577 3810 1828 3879 agnovit,
1880 3811 1977 3881 qui
2025 3811 2057 3866 i1

2170 3812 2404 3882 mnibus
2452 3809 2875 3882 tentationibus
2923 3811 3066 3865 meis
3117 3807 3311 3867 socius
3353 3807 3591 3882 exstitit,
3645 3816 3787 3872 tide-

398 3887 530 3940 liter
560 3899 967 3953 perseverans;
1001 3879 1175 3950 quem
1208 3879 1575 3953 prasrczeteris
1606 3885 1876 3953 expertus
1900 3879 2039 3936 sum
2088 3887 2268 3936 Deum
2319 3880 2626 3947 colentem,
2672 3880 2938 3935 homines
2989 3882 3349 3953 diligentem,
3398 3879 3648 3953 castum,
3700 3888 3788 3943 di-

397 3950 595 4033 scendi
629 3954 841 4033 studiis
874 3952 1162 4033 deditum,
1194 3951 1478 4033 sobrium,
1514 3950 2133 4033 benignum,“justum,
2168 3952 2502 4033 patientem,
2543 3956 2610 4033 .et
2656 3952 2934 4033 scientem
2985 3950 3148 4033 ferre
3173 3950 3584 4033 nbnnullorum
3617 3950 3794 4014 etiam

397 4044 466 4100 ex
488 4028 585 4100 his
603 4026 705 4100 qui
729 4026 785 4079 in
804 4024 989 4100 verbo
1015 4021 1512 4100 Uei_instruu_ntur
1542 4021 1807 4100 injurias.
1845 4022 2083 4100 Propter
2112 4021 2265 4100 quod
2294 4022 2405 4100 ipsi
2435 4022 2599 4100 trado
2630 4039 2664 4076 a
2711 4022 2959 4100 Domino
3008 4022 3151 4100 mihi
3195 4024 3414 4100 datam”
3441 4033 3792 4100 potestatem

396 4076 589 4172 ligand
600 4076 704 4172 1‘66
732 4076 1176 4172 shlvendimtde
1198 4093 1471 4172 omnibus
1487 4076 1941 4172 quibuscunque
1956 4076 2281 4172 decreverit
2302 4076 2688 4172 in:terris,hoc
2709 4093 3011 4172 decretum
3024 4076 3193 4172 sitiet
3209 4076 3473 4172 inomni;

396 4162 480 4246 bit
526 4168 682 4224 enim
720 4167 886 4246 quod
938 4168 1163 4235 oportet
1210 4162 1399 4246 ligari,
1447 4168 1505 4216 et
1536 4162 1718 4246 solvet
1764 4162 1914 4245 quod
1965 4165 2195 4246 expedit
2238 4164 2402 4231 solvi,
2451 4163 2862 4246 tanquamhqu‘i
2893 4163 2964 4246 ad
2998 4162 3789 4246 liquidumldcclesiasvregvu-

393 4239 507 4311 lam
542 4234 779 4293 noverit.
817 4234 1010 4308 Ipsum
1044 4250 1178 4305 ergo
1210 4234 1425 4311 audite,
1477 4235 1914 4311 scie_ntes_quia
1960 4234 2300 4307 quicunque
2351 4234 2776 4311 contristaverit
2804 4234 3112 4311 doctorem
3164 4237 3441 4304 veritatis,
3498 4234 3707 4311 peccat
3729 4243 3788 4298 in

392 4310 712 4387 Christum,
745 4314 801 4363 et
831 4304 1056 4387 Patrem
1087 4304 1349 4387 omnium
1383 4305 1687 4359 exacerbat
1715 4304 1918 4387 Deum,
1952 4304 2187 4387 propter
2206 4304 2369 4387 quod
2397 4310 2454 4360 et
2485 4306 2597 4360 vita
2625 4304 2864 4360 carebit.
2891 4304 3012 4386 .(32)
3045 4307 3243 4378 Ipsum
3277 4315 3473 4365 autem
3500 4304 3604 4382 qui
3638 4329 3789 4383 prae-

391 4385 481 4437 est
511 4381 752 4445 caeteris,
780 4382 1007 4449 oportet
1046 4376 1253 4430 medici
1283 4376 1463 4449 vicem
1494 4391 1683 4449 agere,
1717 4381 1773 4430 et
1792 4393 1916 4449 non
1951 4376 2079 4432 ferae
2108 4376 2307 4432 bestia:
2336 4377 2528 4433 furore
2556 4376 2928 4431 commoveri.

464 4452 557 4507 Ill.
593 4451 722 4527 Haec
751 4446 1091 4527 codicente,
1124 4447 1575 4527 egonprocidcns‘
1597 4447 1667 4500 ad
1701 4448 1878 4527 pedes
1902 4450 2068 4527 _ejus,_
2089 4448 2389 4527 rogabam,
2419 4463 2706 4503 excusans
2739 4462 2850 4527 me,
2882 4451 2939 4527 et
2967 4446 3267 4527 declinans
3287 4449 3567 4527 honorem
3589 4452 3783 4509 cathe-

389 4523 527 4590 drae,
560 4524 647 4578 vel
695 4524 1059 4593 potestatem.
1108 4520 1181 4574 At
1204 4517 1300 4573 ille
1330 4517 1689 4588 respondens
1716 4533 1727 4574 :
1766 4518 1871 4574 Pro
1902 4517 2266 4592 hoc,inquit,
2301 4535 2373 4575 ne
2402 4536 2494 4573 me
2526 4518 2859 4590 rogaveris:
2886 4518 2995 4573 hoc
3025 4518 3181 4573 enim
3216 4521 3341 4576 ﬁeri
3372 4527 3665 4579 statutum
3697 4529 3786 4580 est

1731 4643 1973 4699 VARle
2013 4644 2425 4701 LECTIONES.

456 4737 499 4771 ⁸⁸
529 4738 777 4807 πονηροῦ
808 4733 1005 4807 αἰῶνος
1038 4732 1193 4807 Ruf._
1221 4736 1277 4786 et
1324 4732 1448 4787 cod.
1468 4803 1479 4807 _
1505 4732 1642 4807 Reg.
1693 4733 1994 4807 894.4Tum
2046 4730 2323 4807 ἐσομένου⁸
2350 4734 2550 4807 (futuri
2582 4733 2810 4807 seculi)
2841 4733 2992 4807 annj.
3128 4733 3270 4807 Dein
3303 4734 3433 4807 dedi
3468 4737 3697 4807 μηνῦσαι
3728 4752 3779 4791 ι’.

386 4808 430 4863 0
459 4812 515 4863 οι
546 4801 703 4872 Rufi.
740 4806 978 4878 μηνύσας
1008 4804 1152 4878 CL".
1177 4804 1305 4875 Les-
1331 4808 1436 4878 τῆς
1466 4801 1683 4878 Ῥάξιὶης
1714 4803 1772 4878 S-
1802 4804 1848 4878 .‘°
1877 4801 2259 4878 προηαρτέρῶν
2293 4801 2449 4878 Οέξί-
2466 4801 2643 4857 πλείω
2675 4805 2735 4878 c.
2767 4805 2812 4838 οι
2857 4801 2963 4871 τῆξ
2984 4805 3243 4878 _adjunxi
3274 4820 3324 4859 ο.
3364 4806 3429 4861 o.
3460 4801 3505 4841 ιε
3531 4801 3631 4873 τῆς
3661 4808 3719 4877 ο,
3753 4807 3782 4860 δ

382 4878 473 4932 τὸν
504 4884 604 4947 τῆς
638 4870 845 4933 maluit
870 4879 928 4934 S.
960 4882 1027 4949 Et
1056 4874 1204 4949 Epit.
1321 4875 1425 4929 145
1454 4879 1519 4929 ut
1547 4870 1611 4931 Ο.
1633 4870 1680 4909 ⁶⁴
1708 4870 1929 4949 ἀπέχειν
1960 4870 2280 4931 Οι.ὀοὶιιι·α
2307 4875 2476 4931 codd.
2511 4876 2936 4930 auctoritatem.
2982 4870 3262 4947 Deceptus
3309 4882 3398 4932 est
3446 4878 3504 4933 S.
3550 4870 3620 4933 de
3668 4870 3782 4934 lec-

382 4951 541 5006 tione
563 4943 855 5006 'Cotelerii.
888 4950 932 4985 ⁸⁵
963 4943 1192 5017 ἐδεόμην
1225 4944 1289 5001 Ο.

1752 5033 2132 5090 VARIORUM
2157 5033 2387 5090 NOTZE.

453 5135 564 5207 (28)
597 5134 772 5197 Αὐτὸς
829 5138 927 5191 τοῦ
979 5134 1114 5210 βίου
1155 5131 1349 5210 βιαίως
1414 5128 1477 5184 τὸ
1527 5133 1623 5203 ζῇν
1676 5127 2033 5210 μετήλλαξεν,
2142 5148 2270 5210 qua;
2302 5132 2519 5210 passim
2553 5149 2654 5205 per
2694 5135 2875 5210 totam
2916 5130 3220 5210 epistolam
3251 5133 3589 5205 efferuntur,
3622 5135 3694 5192 de
3722 5152 3785 5193 se

385 5203 633 5277 Secutus
688 5213 778 5264 est
824 5203 1027 5264 auctor
1076 5203 1347 5277 Epistolis
1385 5219 1652 5277 errorem
1682 5203 1906 5259 eorum
1935 5203 2035 5277 qui
2142 5203 2929 5277 nullopudore‘narrantem.
2959 5205 3132 5277 Confr.

383 5276 548 5333 Petro
578 5281 855 5335 Jacobum
905 5274 1271 5350 superfuisse
1317 5274 1753 5350 arbitrabantur
1782 5274 2035 5350 :_quales
2211 5274 2715 5350 (30);Xp_8tpgtov5)_.
2767 5274 3014 5350 Epi_t_om.
3067 5275 3209 5350 1_Al_5:
3263 5275 3783 5350 xstpo'rovc'bbﬁpe-

382 5350 675 5406 exstitisse
705 5356 935 5406 constat
963 5344 1029 5405 ex
1062 5348 1324 5404 Chronico
1362 5345 1762 5419 Alexandrino,
1804 5344 1865 5419 in
1917 5362 2033 5418 quo
2143 5344 2500 5419 ροῃνοτείοζ
2523 5346 2968 5419 Ruﬁni,_ordino
2990 5363 3009 5400 :
3040 5346 3141 5419 ubi
3173 5344 3369 5402 tamen
3409 5349 3508 5419 qui
3567 5344 3783 5403 dicitur

376 5420 773 5547 Jacobicmor.~
810 5422 1109 5479 confertur
1175 5421 1211 5474 d
1271 5433 1488 5473 annum
1530 5418 1787 5488 primum
1817 5416 2033 5488 Vespa-
2138 5416 2377 5544 Abgiag,
2407 5418 2668 5473 ordinabo
2700 5416 2925 5472 videtur
2952 5416 3183 5490 legisse,
3214 5416 3515 5491 χειροτόνῶ
3546 5420 3603 5474 in
3634 5419 3785 5475 futu-

381 5510 550 5547 siam.
610 5511 718 5547 ιον.
2141 5506 2203 5545 ro
2273 5530 2285 5542 .
2366 5506 2453 5544 o'r.

381 5495 550 5548 siani.
583 5496 718 5549 Co'r.
2141 5506 2203 5545 ro
2232 5495 2285 5543 2.
2326 5495 2453 5544 Co'r.

451 5566 564 5634 (29)
595 5562 909 5634 Κλήμεντα.
947 5562 1062 5634 Qui
1088 5558 1388 5634 modestiae
1414 5633 1419 5634 γ
1441 5575 1520 5634 ac_
1549 5559 1911 5634 verecundiae
1943 5558 2035 5634 le_-
2203 5560 2321 5634 βῆ)
2352 5560 2576 5634 Citatur
2605 5559 2665 5615 in
2696 5558 2879 5631 Epist.
2927 5554 3329 5616 Lcodiensiufn
3362 5561 3643 5618 adversus
3673 5560 3778 5619 Pa-

379 5629 479 5708 ges
513 5629 624 5690 non
659 5629 908 5708 ignorat,
946 5632 1186 5705 indigne
1210 5631 1466 5708 profecto
1497 5630 1661 5708 feret,
1692 5632 1882 5686 virum
1915 5631 2022 5708 qui
2139 5629 2408 5708 sebalem
2430 5632 2499 5685 ΙΙ.

378 5699 732 5766 Clementem
756 5699 1032 5764 inducere
1054 5699 1169 5763 non
1200 5699 1459 5773 erubuit,
1506 5699 1769 5759 subnexa
1816 5707 1873 5760 et
1903 5699 2019 5761 alia
2209 5702 2319 5778 (32)
2351 5702 2541 5762 Citant
2570 5701 2918 5763 Leodienses
2947 5699 3093 5762 ibid.
