4116 6224
358 390 434 447 3‘1
1018 384 1549 447 CLEMENTINA.
1584 417 1658 429 —
1692 385 2069 446 EPISTOLA
2117 384 2559 445 CLEMENTIS
2603 385 2704 445 AD
2750 384 3135 448 JACUBUM.
3697 390 3776 451 38

370 541 427 574 τε
458 518 548 573 καὶ
614 516 877 591 ἐξουσίαν.
912 517 972 573 Ὀ
1027 514 1071 570 δ’
1128 515 1469 591 ἀπεκρίνατο·
1532 514 1661 591 Περὶ
1714 515 1909 569 τούτου
1959 535 2025 587 με

2138 518 2435 588 respondit
2464 532 2475 571 :
2514 517 2628 571 Hac
2659 519 2729 571 de
2759 535 2818 571 re
2849 518 2965 573 noli
2999 534 3089 573 me
3122 536 3317 574 orare:
3353 520 3457 575 hoc
3481 522 3635 577 enim
3653 523 3777 578 ﬁeri

376 610 450 681 μή
484 610 527 643 ⁸⁸
558 606 735 677 ἀξίου·
794 610 956 660 τοῦτο
1014 605 1117 681 γὰρ
1172 603 1418 679 γενέσθαι
1468 601 1715 659 δέδοκταί
1770 625 1885 676 μοι,
1937 603 2027 657 καὶ

366 696 534 769 ταύτῃ
585 692 803 768 μᾶλλον
833 694 877 748 εἰ
935 697 1193 768 παραιτῇο
1229 692 1312 747 ὅτι
1344 695 1377 762 ἠ
1410 692 1632 760 τοιαύτη
1684 689 1916 768 καθέδρα
1965 692 2028 747 οὐ

364 782 905 863 φιλοκαθεδροῦντος
928 782 1219 857 τολμηροῦ
1250 782 1438 857 χρείαν
1462 778 1741 857 ἕχει,ἀλλ’
1768 776 2029 843 εύλαὸοῦς

356 877 454 930 τὸν
487 874 697 949 τρόπον
730 873 820 927 καὶ
849 871 1206 944 πολυμαθοῦς
1239 874 1281 908 ⁸⁷
1313 873 1427 945 (33)
1458 872 1549 925 τὸν
1598 868 1786 945 λόγον.
1822 871 1923 933 Δὸς
1972 868 2028 926 δὲ

354 966 456 1019 τὸν
486 962 777 1038 κρείττόνα
807 964 942 1035 (34),
975 962 1033 1023 ’ὸς
1067 960 1191 1033 ἐμοί
1224 981 1319 1015 σου
1349 958 1538 1015 πλεῖον
1588 956 1907 1031 συνώδευσε,
1938 958 2027 1013 καὶ

353 1058 473 1108 τῶν
508 1051 697 1127 λόγων
726 1051 1016 1122 ἐπήκουσε,
1034 1050 1123 1104 καὶ
1154 1051 1254 1118 τὴν
1288 1046 1555 1119 διοίκησιν
1578 1056 1677 1119 τῆς
1704 1046 2028 1119 Ἐκκλησίας

358 1141 771 1215 ἐκμεμαθηκεν,
804 1141 894 1195 καὶ
926 1139 1025 1195 ούκ
1071 1139 1357 1213 ἀναγκάσω
1408 1160 1464 1194 σε
1510 1136 1691 1200 καλῶς
1739 1144 1912 1193 ποιεῖν
1964 1138 2026 1193 ού

354 1230 617 1286 θὲλοντα’
677 1228 805 1285 ἀλλ’
836 1229 899 1284 ού
954 1226 1170 1298 δυνήσει
1217 1231 1260 1265 ⁸⁸
1318 1233 1404 1283 νῦν
1458 1227 1549 1282 τόν
1604 1249 1700 1282 σου
1748 1227 2029 1301 κρείττονα

356 1325 695 1395 παρασχεῖν·
758 1318 820 1373 σὺ
876 1318 977 1394 γὰρ
1036 1315 1106 1372 δι’
1164 1316 1300 1390 ἐμοῦ
1356 1319 1469 1390 (35)
1526 1320 1633 1371 τῶν
1703 1318 2029 1389 σωζομένων

359 1408 532 1463 ἐθνῶν
579 1412 615 1477 ἡ
667 1410 713 1444 ⁶⁹
756 1406 1017 1483 κρείττων
1080 1406 1329 1481 ἀπαρχή.
1384 1405 1537 1474 Πλὴν
1593 1406 1682 1459 καὶ
1736 1406 1799 1459 τὸ
1842 1402 2025 1481 ἕτερον

363 1497 614 1573 λόγισαι.
650 1496 734 1551 δτι
784 1495 830 1551 εἴ
877 1499 922 1533 ⁷ο
951 1496 1040 1551 τὸν
1087 1492 1334 1549 κίνδυνον
1364 1501 1465 1563 τῆς
1514 1494 1778 1569 ἁμαρτίας
1822 1489 2024 1571 φοϐού-

366 1607 537 1657 μενος
596 1585 696 1640 οὐκ
749 1582 989 1660 ἆναδέχῃ
1034 1590 1138 1653 τῆς
1196 1581 1523 1654 Ἐκκλησίας
1580 1584 1677 1652 τὴν
1735 1580 2025 1655 διοίκησιν,

361 1676 425 1729 εὖ
457 1679 500 1711 τί
552 1672 659 1728 ἴσθι
719 1673 876 1736 εῗδὼς
934 1674 1018 1728 ὅτι
1077 1672 1267 1727 πλεῖον
1331 1672 1676 1746 ἁμαρτάνεις,
1709 1672 1854 1734 ὅστις
1908 1678 2027 1734 τοῖς

363 1759 699 1833 θεοσεϐέσιν,
736 1761 918 1837 ὥσπερ
951 1760 1176 1816 πλέουσι
1231 1762 1321 1815 καὶ
1380 1758 1769 1829 κινδυνεύουσι,
1809 1761 2025 1835 βοηθεῖν

363 1850 691 1925 δυνάμενος,
713 1851 775 1906 ού
806 1850 1007 1918 θέλεις,
1031 1847 1343 1905 διασκοπῶν
1381 1844 1545 1922 μόνον
1579 1849 1641 1903 τό
1675 1847 1810 1904 ἴδιον
1842 1850 1929 1904 καὶ
1963 1850 2023 1904 ού

359 1943 425 1996 τὸ
456 1945 618 2014 κοινῇ
651 1948 780 1995 πᾶσι
813 1942 1109 2017 συμφέρον.
1140 1943 1237 1996 I3
1260 1940 1383 1996 Ὅτι
1415 1936 1472 1993 δὲ
1502 1939 1591 1993 τὸν
1620 1936 1866 1993 κίνδυνον
1903 1939 2026 1993 πάν-

361 2050 478 2091 τως
510 2026 854 2099 ἀναδέξασθαί
886 2050 942 2083 σε
972 2025 1074 2100 δεῖ,
1100 2026 1235 2100 ἐμοῦ
1264 2032 1425 2082 τοῦτο
1457 2027 1636 2098 ἀξιοῦν
1674 2028 1750 2100 μὴ
1782 2027 2022 2100 παυομέ-

364 2140 464 2173 νου
498 2118 574 2181 εἷς
607 2121 703 2187 την
736 2122 842 2172 τῶν
868 2116 1081 2171 πάντων
1125 2118 1379 2192 βοήθειαν
1413 2118 1546 2190 (36),
1582 2118 1758 2189 ὀρθῶς
1811 2114 2025 2170 ἐπίστα-

368 2228 456 2262 σαι
490 2210 558 2265 ⁷³.
596 2209 749 2279 ’Ὀσῳ
780 2207 869 2261 οὗν
910 2228 1002 2280 μοι
1032 2206 1332 2281 ταχύτερον
1373 2201 1802 2277 συνευδοκήσεις,
1833 2208 2025 2259 τοσοῦ⁹

367 2296 460 2351 τόν
500 2317 566 2368 με
593 2298 692 2364 τῆς
724 2295 953 2367 ἀθυμίας
979 2294 1275 2373 κουφίσεις.

442 2386 538 2441 IV.
572 2382 708 2442 Οἶδα
738 2382 795 2439 δὲ
825 2384 914 2439 καὶ
946 2383 1125 2453 αὐτὸς,
1158 2383 1203 2437 ὦ
1235 2382 1471 2457 Κλήμης
1495 2386 1559 2453 ⁷⁸,
1584 2382 1758 2445 λύπας
1786 2381 1874 2437 καὶ
1906 2383 2028 2437 ἀθυι

370 2471 503 2543 μίας
534 2473 623 2527 καὶ
664 2471 945 2535 κινδύνους
999 2472 1091 2527 καὶ
1147 2472 1347 2549 ψόγους
1403 2472 1530 2535 τοὺς
1584 2472 1634 2543 ἐξ
1688 2470 2023 2527 ἀπαιδεύτων

370 2556 569 2635 ὄχλων
605 2582 689 2615 σοι
723 2558 1087 2636 δωρούμενος,
1120 2561 1211 2623 οὓς
1269 2558 1469 2635 δυνήσῃ
1517 2560 1773 2637 γενναίως
1827 2562 2025 2638 φέρειν,

369 2649 575 2723 ὶνορῶν
607 2657 708 2718 τῆς
736 2650 1017 2722 ὑπομονῆς
1048 2650 1138 2704 τὸν
1173 2648 1231 2704 ἐκ
1260 2654 1394 2705 Θεοῦ
1424 2671 1507 2705 σοι
1553 2651 1720 2724 μέγαν
1766 2647 2023 2704 ἀποδιδό-

375 2758 535 2811 μενον
568 2738 781 2811 μισθόν.
818 2736 991 2795 Ἀλλᾶ
1030 2738 1120 2792 καὶ
1172 2735 1395 2799 δικαίως
1443 2738 1873 2811 συνενθυμήθητί
1910 2758 2025 2811 μοι,

370 2826 508 2882 πότε
557 2847 654 2881 σου
696 2828 794 2895 τῆς
842 2826 1162 2903 ξυμμαχίας
1218 2826 1403 2903 χρείαν
1444 2824 1559 2902 ἔχει
1601 2827 1629 2881 ὁ
1659 2828 1907 2901 Χριστὸς,
1937 2830 2025 2880 νῦν

372 2916 465 2971 ὅτι
496 2917 525 2969 ὁ
555 2916 795 2988 πονηρὸς
827 2916 962 2969 κατὰ
990 2923 1089 2985 τῆς
1119 2914 1283 2969 αὐτοῦ
1314 2914 1531 2991 νύμφης
1560 2914 1803 2987 πόλεμον
1827 2913 2025 2992 ἤρατο.

370 3007 407 3073 ἢ
446 3004 521 3065 εἷς
572 3005 661 3058 τὸν
716 3003 937 3058 ἐπιόντα
982 3004 1203 3079 χρόνον,
1236 3003 1325 3057 ὅτε
1371 3005 1593 3073 νικήσας
1648 3003 1954 3079 βασιλεύσει
1983 3007 2030 3041 7‘

383 3091 660 3168 μηδεμιᾶς
688 3098 791 3148 τοῦ
821 3092 1021 3148 λοιποῦ
1049 3092 1235 3169 χρείαν
1268 3091 1412 3168 ἔχων
1451 3092 1701 3168 βοηθείας
1725 3112 1738 3163 ;
1767 3092 1897 3169 οὐχὶ
1936 3092 2026 3148 καὶ

2138 610 2426 659 statutum
2459 610 2756 677 est,eoque
2780 606 2966 677 magis
2998 609 3151 679 quod
3184 625 3425 665 excusas
3451 636 3465 676 ;
3496 612 3635 681 quia
3658 613 3778 667 haec

2136 694 2412 750 cathedra
2443 711 2557 750 non
2588 712 2733 764 opus
2781 695 2955 750 habet
3002 698 3303 751 temerario
3355 699 3593 754 sedendi
3624 701 3683 755 in
3712 719 3779 757 ea

2136 784 2369 855 cupido,
2429 784 2530 839 sed
2586 784 2708 839 viro
2765 784 3027 839 moribus
3085 792 3283 841 sancto
3338 788 3479 843 etin
3515 790 3779 845 doctrina

2136 873 2384 927 erudito.
2437 872 2610 928 Porro
2641 873 2715 927 da
2746 872 2889 926 mibi
2922 874 3401 943 praestantiorem,
3432 877 3530 947 qui
3562 878 3692 949 plus
3725 884 3780 934 te

2137 978 2365 1017 mecum
2398 960 2799 1033 peregrinatus
2832 962 3022 1032 fuerit,
3071 968 3128 1017 et
3159 980 3459 1020 sermones
3487 982 3646 1021 meos
3678 985 3780 1022 au-

2137 1052 2327 1119 dierit,
2360 1068 2426 1106 ac
2459 1050 2721 1106 Ecclesia
2767 1052 3335 1109 administrationem
3384 1054 3690 1123 didicerit;
3724 1060 3781 1112 et

2137 1158 2252 1196 non
2277 1157 2480 1213 cogam
2512 1145 2587 1209 te,
2621 1140 2910 1195 nolentem
2942 1141 3088 1197 bene
3128 1144 3439 1214 agere.Sed
3473 1162 3585 1199 non
3621 1150 3780 1217 pote-

2136 1230 2217 1285 ris
2250 1246 2404 1285 nunc
2435 1229 2729 1285 meliorem
2764 1246 2942 1300 quam
2974 1234 3035 1285 tu
3068 1248 3129 1286 es
3159 1231 3447 1288 exhibere.
3480 1232 3562 1288 Tu
3609 1251 3777 1289 nam-

2137 1335 2249 1391 que
2280 1318 2430 1374 inter
2459 1335 2557 1374 eos
2587 1318 2686 1389 qui
2718 1335 2820 1390 per
2850 1336 2939 1375 me
2960 1336 3028 1374 ex
3072 1321 3341 1391 gentibus
3370 1324 3580 1378 servati
3611 1328 3773 1393 sunt,

2136 1408 2325 1463 locum
2358 1407 2713 1479 optimarum
2735 1408 3127 1479 primitiarum
3159 1410 3521 1467 obtines.Sed
3545 1416 3600 1468 et
3622 1412 3781 1468 aliud

2136 1500 2376 1567 reputa:
2412 1496 2567 1567 quod
2595 1496 2644 1551 si
2677 1498 2894 1567 peccati
2926 1496 3251 1567 periculum
3286 1506 3552 1556 metuens
3583 1502 3776 1557 Eccle-

2136 1584 2233 1639 sia)
2294 1585 2776 1655 gubernationem
2837 1602 2951 1640 non
3006 1587 3278 1658 suscipis,
3335 1594 3530 1645 certus
3568 1596 3778 1645 estote

2136 1675 2393 1745 amplius
2443 1689 2698 1745 peccare,
2749 1675 2866 1744 qui,
2911 1692 3043 1729 cum
3077 1677 3266 1746 possis
3298 1677 3396 1732 Dei
3429 1678 3774 1750 cultoribus,

2134 1762 2288 1816 velut
2328 1762 2735 1833 navigantibus
2792 1768 2848 1816 et
2904 1762 3385 1833 periclitantibus,
3446 1784 3774 1835 succurere,

2136 1853 2191 1907 id
2228 1854 2411 1908 facere
2442 1869 2698 1922 recusas,
2731 1854 2883 1923 quod
2934 1859 3098 1908 tuum
3142 1860 3228 1909 est
3268 1856 3549 1912 duntaxat
3580 1858 3776 1913 consi-

2136 1944 2365 2008 derans,
2399 1946 2454 1996 et
2484 1959 2597 1997 non
2629 1944 2778 2012 quod
2813 1944 2870 1997 in
2902 1959 3211 1998 commune
3233 1944 3506 2001 omnibus
3524 1948 3773 2019 expedit.

2135 2031 2295 2095 Quod
2330 2036 2521 2086 autem
2555 2030 2879 2102 periculum
2913 2032 3149 2087 omnino
3195 2036 3492 2105 suscipere
3522 2039 3576 2090 te
3606 2053 3775 2107 opor-

2135 2124 2234 2189 tet,
2268 2136 2359 2174 me
2390 2120 2446 2173 id
2482 2136 2681 2191 rogare
2714 2137 2827 2174 non
2860 2126 3124 2175 cessante
3157 2122 3214 2175 in
3255 2128 3598 2178 cunctorum
3632 2126 3775 2180 sub-

2134 2207 2373 2275 sidium,
2424 2210 2641 2279 Optime
2690 2208 2922 2263 novisti.
2970 2211 3196 2273 Quanto
3242 2226 3378 2283 ergo
3423 2211 3597 2268 citius
3629 2213 3775 2269 mihi

2135 2312 2411 2351 assensus
2445 2296 2642 2363 fueris,
2675 2300 2836 2351 tanto
2867 2313 2959 2351 me
2988 2297 3229 2353 tristitia
3259 2298 3495 2355 levabis.

2207 2384 2297 2440 IV.
2331 2384 2470 2439 Novi
2506 2389 2702 2440 autem
2734 2385 2910 2439 etiam
2935 2386 3077 2455 ipse,
3110 2402 3141 2440 ο
3172 2386 3460 2455 Clemens,
3484 2391 3637 2460 quod
3671 2390 3775 2446 tibi

2134 2472 2438 2529 conciliem
2470 2472 2768 2527 molestias
2798 2478 2856 2528 et
2877 2490 3151 2529 mcerores
3181 2479 3238 2530 et
3271 2476 3526 2546 pericula
3555 2484 3613 2533 et
3642 2496 3773 2551 pro-

2135 2564 2243 2617 bra
2298 2563 2369 2617 ab
2414 2562 2703 2616 inerudite
2751 2560 2917 2632 plebe
2948 2563 3356 2633 importanda;
3392 2584 3518 2635 qua:
3550 2568 3776 2624 fortiter

2137 2651 2352 2722 poteris
2380 2651 2546 2714 ferre,
2572 2649 2889 2721 respiciens
2913 2651 2982 2705 ad
3007 2652 3296 2722 patientia:
3319 2670 3591 2726 magnam
3628 2673 3775 2711 mer-

2136 2740 2335 2794 cedem
2366 2738 2469 2793 tibi
2504 2755 2537 2793 a
2569 2743 2679 2792 Deo
2711 2738 3086 2793 reddendam.
3147 2742 3253 2795 Sed
3287 2750 3340 2796 et
3369 2742 3511 2797 illud
3548 2761 3775 2801 mecum

2126 2830 2289 2899 juste
2318 2826 2653 2882 considera:
2689 2827 2922 2897 quando
2958 2832 3055 2882 tuo
3089 2830 3302 2885 auxilio
3324 2848 3469 2901 opus
3493 2838 3582 2889 est
3610 2834 3779 2889 Chri-

2136 2922 2247 2985 sto,
2282 2932 2437 2971 nunc
2463 2932 2595 2970 cum
2628 2914 2819 2970 malus
2849 2916 3126 2972 adversus
3159 2935 3437 2990 sponsam
3478 2922 3636 2978 illius
3659 2922 3779 2977 bel-

2137 3004 2261 3060 lum
2293 3005 2569 3075 suscepit,
2600 3021 2673 3058 an
2706 3004 2763 3057 in
2806 3008 3076 3075 sequenti
3113 3011 3392 3076 tempore,
3426 3012 3659 3080 quando
3688 3012 3777 3066 vi-

2138 3094 2318 3149 ctoria
2347 3098 2512 3165 parta
2544 3092 2827 3165 regnabit,
2860 3093 3018 3148 nullo
3046 3094 3298 3166 amplius
3338 3096 3599 3154 subsidio
3624 3099 3781 3156 indi-

1640 3200 2212 3257 INTERPRETATIO
2255 3200 2517 3254 RUFINI.

374 3289 520 3365 mihi
547 3309 564 3356 ς
598 3292 654 3344 et
682 3305 748 3345 eo
780 3290 979 3365 magis
1001 3290 1157 3361 quod
1188 3306 1464 3365 excusas:
1494 3290 1636 3365 quia
1665 3291 1786 3365 haec
1816 3290 2091 3365 cathedra
2108 3306 2244 3365 eum
2269 3288 2369 3359 qui
2392 3287 2554 3365 cupit
2570 3304 2698 3343 eam
2716 3292 2777 3365 _e_t
2806 3290 3482 3365 audacter_expetit,non
3511 3295 3778 3365 requirit,

372 3362 479 3433 sed
511 3366 780 3417 ornatum
814 3360 1078 3417 moribus
1109 3367 1166 3416 et
1197 3362 1459 3433 iniverbo
1492 3360 1588 3417 Dei
1614 3362 1931 3417 eruditum.
1965 3362 2126 3433 Quod
2159 3362 2207 3415 si
2256 3365 2411 3433 esset
2440 3360 2591 3433 alius
2623 3360 2844 3433 melior,
2877 3361 2978 3432 qui
3010 3362 3152 3433 mihi
3186 3360 3419 3433 adjutor
3449 3369 3567 3419 tam
3591 3360 3781 3421 'sedu-l

370 3432 473 3488 lus
501 3432 883 3505 astitisset,si
918 3433 1051 3505 quis
1081 3437 1201 3488 tam
1227 3432 1395 3505 plene
1426 3434 1701 3505 doctrinas
1733 3450 1872 3488 mea;
1900 3432 2591 3505 rationemgcepisset,sed
2624 3436 2680 3485 et
2710 3431 3133 3505 ecclesiasticas
3163 3431 3580 3505 dispositiones
3626 3455 3658 3492 a
3687 3456 3778 3495 me

369 3582 461 3630 est

367 3510 490 3559 tam
520 3504 685 3628 plene
705 3502 1009 3559 didicisset
1027 3502 1249 3561 habens
1276 3504 1456 3559 alium
1481 3504 1800 3573 talem,non
1826 3510 1881 3559 te
1903 3519 2165 3575 cogerem
2186 3502 2403 3557 bonum
2430 3520 2575 3573 opus
2599 3504 2893 3574 suscipere
2920 3502 3608 3576 nolentemSupertluum
3642 3524 3778 3581 ergo

369 3582 461 3628 est
492 3592 523 3628 a
557 3577 674 3628 ium
707 3592 1000 3628 quaerere:
1036 3592 1167 3628 curn
1204 3576 1491 3628 primitias
1512 3593 1737 3628 eorum.
1765 3577 1862 3628 nui
1895 3594 1958 3628 ex
1982 3577 2255 3628 gentibus
2288 3592 2388 3628 per
2420 3592 2510 3628 me
2537 3574 2857 3628 salvantur.
2891 3581 2944 3628 et
2979 3578 3264 3628 nrmcinue
3298 3578 3473 3628 huius
3506 3580 3687 3628 urbis-
3721 3588 3777 3628 ιρι

492 3574 674 3629 alium
707 3592 1001 3655 quaerere;
1036 3592 1167 3655 cum
1202 3576 1491 3655 primitias
1512 3593 1737 3655 eorum,
1765 3577 1862 3647 qui
1895 3594 1958 3630 es
1980 3574 2255 3655 gentibus
2288 3592 2388 3645 per
2414 3574 3264 3655 .me‘salvantur,etprmcipue
3298 3574 3473 3655 huius
3506 3574 3777 3655 urbisfte

415 3647 631 3722 rimum
688 3645 997 3722 obtulerim
1037 3645 1351 3722 _Deo.’Sed
1402 3653 1457 3701 et
1509 3646 1654 3702 illud
1687 3645 2154 3722 _int'uere_;_quia
2207 3646 2255 3700 si
2309 3645 2640 3722 periculum.
2687 3647 2901 3722 peccati
2952 3645 3185 3722 timens,
3222 3645 3533 3722 snscipere
3564 3645 3780 3722 refugis

415 3663 631 3700 mnum
688 3663 997 3702 ontuierim
1056 3663 1191 3701 ueo.
1242 3663 1351 3702 seu
1402 3663 1457 3701 et
1509 3663 1654 3702 uiua
1700 3663 1965 3714 intuere;
2018 3663 2154 3719 quia
2207 3663 2255 3700 si
2309 3663 2632 3717 periculurn
2687 3663 2901 3717 peccati
2952 3663 3185 3713 timens,
3237 3665 3533 3720 suscipere
3564 3663 3779 3722 refugis

368 3663 658 3791 gcclesite
693 3717 1131 3788 gubernacula;
1181 3724 1376 3791 certus
1425 3723 1551 3773 esto
1600 3720 1737 3789 quia
1768 3718 2026 3790 amplius
2059 3735 2282 3789 peccas,
2336 3719 2435 3788 qui
2470 3716 2749 3791 p0pulum
2783 3717 2903 3782 Dei,
2937 3718 3093 3791 velut
3123 3721 3181 3772 in
3214 3720 3489 3775 ﬂuctibus
3525 3724 3779 3791 positum

365 3794 431 3864 et
461 3788 914 3859 periclitantem,
948 3807 1077 3864 cum
1113 3789 1563 3864 possisjuvare,
1591 3788 1971 3864 subterfugis,
2003 3788 2089 3844 tui
2120 3791 2527 3864 tantummodo
2563 3790 2781 3843 habens
2814 3789 3357 3864 considerationem,
3392 3798 3448 3846 et
3481 3788 3592 3847 non
3627 3796 3780 3864 quod

362 3861 427 3915 in
458 3876 773 3934 commune
803 3860 1080 3934 omnibus
1110 3860 1341 3934 expedit
1372 3862 1698 3934 providens.
1731 3863 1835 3916 Sed
1867 3860 2058 3934 certus
2091 3869 2214 3915 esto
2246 3862 2398 3931 quod
2434 3876 2666 3915 necesse
2698 3866 2785 3934 est
2817 3866 2871 3914 te
2904 3860 3198 3934 suscipere
3220 3878 3398 3934 omne
3430 3860 3776 3934 periculum,

369 3932 513 4011 quia
547 3948 651 3985 nec
680 3948 785 4001 ego
804 3948 932 4011 .pro-
953 3931 1458 4011 saluteomnium,
1491 3932 1561 4011 ab
1592 3933 1949 4011 obsecrando
1980 3934 2240 3988 cessabo.
2274 3935 2499 3997 Quanto
2529 3948 2663 4003 ergo
2687 3932 2862 3987 citius
2892 3931 3034 3986 mihi
3065 3931 3459 4003 acquieveris":
3493 3940 3654 3991 tanto
3688 3931 3780 3993 me

374 4001 555 4058 citius
584 4001 852 4058 maeroris
882 4007 940 4057 et
966 4001 1210 4057 tristitiae
1242 4004 1440 4058 labore
1470 4002 1775 4059 relevabis.

448 4072 541 4145 ιν.
574 4073 710 4128 Νονὶ
746 4074 922 4128 etiam
968 4074 1097 4143 hoc,
1132 4090 1176 4145 ,ο
1224 4073 1509 4141 Clemens,
1560 4077 1711 4145 quod
1762 4074 1865 4129 tibi
1914 4075 2086 4129 taedia
2133 4078 2189 4128 et
2219 4071 2537 4145 molestias,
2574 4073 2829 4143 pericula
2861 4074 3034 4129 etiam
3066 4079 3123 4127 et
3154 4074 3467 4145 opprobria
3498 4074 3779 4130 ineruditi

374 4143 539 4215 vulgi
568 4145 955 4226 indocilisque
985 4144 1286 4226 conciliem
1318 4162 1331 4212 ;
1379 4161 1541 4226 quae”
1563 4143 1627 4200 tu
1676 4151 1873 4200 tamen
1895 4220 1904 4226 Δ
1924 4146 2042 4200 scio
2073 4145 2223 4215 quod
2258 4144 2567 4226 t'ort‘iteret
2597 4150 2933 4226 constanter
2964 4148 3130 4211 feres,
3166 4143 3484 4226 respiciens
3511 4147 3580 4200 ad
3610 4146 3775 4201 illam

372 4214 563 4297 spem,
600 4233 727 4287 qua
759 4214 876 4297 tibi
897 4218 1059 4297 apud
1081 4215 1265 4271 Deum
1299 4214 1923 4297 patientizeprieparat
1942 4231 2236 4271 coronam.
2271 4215 2376 4295 Sed
2408 4219 2464 4295 et
2493 4214 2635 4295 illud
2669 4222 2732 4297 te
2758 4217 2925 4286 cupio
2951 4214 3360 4297 mecumjusta
3382 4217 3600 4271 ratione
3627 4234 3780 4297 persf

412 4285 566 4359 icere
592 4285 878 4359 {quando
910 4285 1161 4343 maxime
1182 4285 1356 4357 opera
1378 4292 1481 4342 tua
1498 4285 1721 4359 indiget
1740 4287 2004 4343 Christus
2027 4303 2181 4342 nunc
2205 4302 2335 4359 cum
2362 4285 2637 4359 inimicus
2665 4285 2974 4341 adversum
3006 4285 3283 4359 sponsam
3306 4289 3433 4359 ejus
3457 4285 3781 4345 commovet

369 4303 605 4412 picem:
644 4303 878 4359 quando
910 4303 1161 4343 mamma
1182 4304 1356 4357 opera
1378 4303 1481 4342 tua
1498 4303 1721 4359 indiget
1740 4303 2004 4343 Christus
2027 4303 2181 4342 nunc
2205 4303 2335 4340 cum
2362 4303 2637 4339 immicus
2665 4303 2974 4341 adversum
3006 4304 3283 4359 sponsam
3306 4304 3354 4359 9,]
3368 4305 3433 4342 us
3457 4303 3778 4345 commovet

426 4358 615 4422 .llum,
635 4376 707 4413 an
731 4360 789 4413 in
815 4359 1007 4414 futuro
1029 4364 1312 4430 tempore,
1348 4360 1580 4429 quando
1604 4361 1728 4429 jam
1753 4359 2018 4415 Christus
2039 4364 2171 4431 post
2198 4356 2495 4412 victoriam
2520 4358 2926 4427 triumphabit,
2954 4377 3055 4414 nec
3089 4360 3243 4414 ultra
3275 4360 3450 4414 ullius
3484 4377 3514 4415 ο
3562 4377 3658 4415 era
3687 4362 3778 4415 in—

371 4428 638 4485 digebit?
667 4431 807 4485 Ouis
840 4447 950 4485 non
983 4432 1161 4485 etiam
1195 4429 1351 4485 narvi
1402 4447 1613 4485 sensus
1647 4430 1953 4485 intelligat.
2005 4431 2158 4485 auod
2187 4429 2342 4483 istud
2381 4432 2471 4482 est
2501 4430 2866 4485 temnoris.in
2900 4446 3015 4485 quo
3048 4448 3281 4485 oneram
3314 4436 3474 4485 tuam
3510 4378 3777 4485 ghristus

371 4428 638 4502 digebit?
667 4431 807 4493 Quis
840 4447 950 4485 non
983 4428 1172 4485 etiam
1194 4428 1379 4502 parvi’
1402 4428 1621 4486 sensus
1647 4430 1953 4501 intelligat,
2005 4428 2158 4502 quod
2187 4429 2342 4483 istud
2381 4432 2471 4482 est
2501 4430 2866 4499 temporis,in
2900 4446 3015 4502 quo
3048 4448 3281 4502 operam
3314 4436 3474 4485 tuam

3559 4433 3777 4487 hristus

370 4501 669 4572 requirit?
695 4502 839 4556 Tota
869 4502 1046 4573 igitur
1076 4506 1269 4556 mente
1299 4501 1660 4574 ingpraesenti
1688 4501 2036 4557 necessitate
2054 4502 2243 4574 praebe
2264 4516 2498 4574 operam
2524 4504 2771 4565 tuam,et
2801 4501 3081 4574 auxilium
3114 4504 3170 4555 in
3198 4502 3411 4573 prteliis
3432 4502 3637 4557 exhibe
3657 4504 3776 4574 regi

372 4570 1122 4643 0ptimo,remunerationes
1152 4570 1496 4644 magnificas
1526 4579 1659 4644 post
1688 4573 1985 4628 victoriam
2019 4570 2337 4627 reddituro.
2376 4572 2645 4626 Libenter
2675 4587 2809 4643 ergo
2838 4572 3068 4645 suscipe
3096 4570 3468 4645 episcopatus
3493 4570 3776 4643 ofﬁcium,

1720 4678 1954 4734 VARI/13
1992 4676 2407 4733 LECTIONES.

440 4765 596 4837 ξ’μή
661 4786 727 4837 iu
782 4769 843 4824 c.
919 4768 962 4803 ατ

372 4836 415 4908 ξ⁸
446 4831 676 4908 stagni
712 4839 778 4903 Ο,
839 4840 936 4908 qui

375 4907 513 4980 Dein
548 4905 767 4980 λογίσαι
801 4905 865 4965 0.

377 4977 418 5031 Ο
448 4976 804 5036 constanter.
881 4981 927 5014 ⁷⁸
951 4976 1224 5053 βασιλεύει
1248 4979 1313 5035 Ο.

1038 4764 1334 4837 ιλομαθοῦς
1392 4782 1512 4821 var.
1575 4766 1703 4822 lect.
1763 4766 2034 4823 Turriani
2091 4773 2149 4821 et
2208 4767 2359 4837 coda
2399 4767 2531 4837 Reg.
2566 4767 2667 4837 804
2727 4767 2838 4822 Cfr.
2874 4772 3038 4823 Hom.
3072 4787 3158 4837 ιιι,
3201 4772 3291 4825 65.
3328 4771 3474 4826 Tum
3508 4767 3673 4824 πλέον
3707 4774 3772 4827 Ο.

1034 4838 1126 4912 ein
1184 4837 1478 4912 xpi'r‘rova._
1536 4838 1581 4912 ff
1638 4840 1720 4893 Ita
1740 4838 1819 4912 _0
1854 4844 1933 4912 et
1988 4839 2125 4912 duo
2162 4836 2527 4912 cod._‘Regii_,
2556 4836 2601 4889 εἶ
2643 4840 2979 4912 C_ex_Turr.
3016 4847 3123 4896 Pro
3148 4836 3320 4912 Epist.
3353 4846 3549 4911 pontif.
3586 4860 3648 4907 ιι,
3684 4844 3770 4897 14.

943 4910 987 4983 7A0
1016 4906 1345 4983 εἰᾳάθ-θέι-ίῃ
1377 4909 1504 4965 cod,
1536 4909 1703 4965 Hom.
1739 4909 1918 4965 Paris.
1994 4910 2035 4944 ¹¹¹
2067 4906 2130 4961 σύ
2160 4910 2219 4964 C.
2298 4908 2343 4941 ⁷³
2374 4906 2461 4961 ita
2493 4908 2530 4962 S
2561 4924 2628 4963 ex
2686 4909 2839 4980 Ruﬁ,
2874 4908 3163 4981 ἐπίσταμαι
3196 4906 3234 4968 C
3263 4919 3319 4967 et
3348 4906 3411 4968 Ο.
3488 4906 3532 4948 ⁷7⁸
3562 4906 3770 4983 Κλήμη

1762 5068 2136 5125 VARIORUM
2180 5067 2407 5124 ΝΟΤίΕ.

406 5223 419 5237 ο
448 5154 563 5225 (33)
595 5153 956 5237 Πολυμαθοῦς
1009 5155 1100 5237 τρν
1148 5153 1350 5237 λόγους.
1389 5154 1607 5237 Eodem.
1651 5157 1822 5213 modo
1876 5158 2023 5237 Tur-

377 5227 579 5310 rianus
608 5230 888 5310 prommio
940 5229 1135 5310 Latino
1186 5229 1256 5310 alii
1310 5227 1733 5310 constitutiones
1770 5231 2025 5310 apostoli-

375 5311 481 5377 cus.
517 5303 587 5377 μ
612 5297 683 5377 in
723 5298 1158 5377 Prolegomenis
1202 5297 1416 5377 Gracia
1464 5298 1523 5352 in
1574 5297 2021 5377 easdem',_cp:)\_o-

378 5370 577 5493 510206;
632 5369 722 5423 τὸν
779 5368 966 5446 λόγόν,
1025 5370 1526 5441 quemadmodum
1596 5372 1773 5426 codex
1826 5368 2019 5444 Regis.

438 5510 565 5583 (34),
593 5510 690 5572 Δὸς
744 5509 802 5566 δὲ
850 5513 939 5566 τὸν
992 5510 1289 5583 κρείττονα.
1330 5509 1500 5583 iInfra
1548 5510 1607 5565 in
1661 5512 2024 5569 Clementina

365 5576 612 5657 homilia
643 5585 696 5657 3,
732 5601 857 5657 cap.
890 5587 999 5657 65,
1029 5576 1273 5638 'rursum
1326 5582 1525 5657 Petrus
1573 5583 1909 5657 Zaccbzeum
1937 5587 2022 5641 sic

364 5649 583 5729 alloqui
616 5649 922 5729 ﬁngitur:
970 5649 1071 5711 ’δίη
1128 5669 1253 5710 vero
1309 5669 1426 5729 non
1459 5654 1541 5707 vis
1572 5653 1740 5729 bonus
1770 5657 2020 5714 Ecclesia:

363 5724 626 5782 constitui
653 5724 849 5800 custos,
881 5729 1061 5786 alium
1086 5742 1191 5801 pro
1222 5734 1272 5783 te
1302 5724 1490 5780 indica
1519 5727 1615 5798 qui
1642 5730 1693 5783 te
1721 5729 1794 5785 sit
1812 5729 2022 5787 doctior

2134 5161 2184 5212 et
2216 5156 2465 5229 ﬁdelior;
2517 5156 2629 5229 sed,
2654 5173 2762 5213 non
2811 5158 2991 5215 dabis.
3043 5160 3123 5215 Ex
3156 5165 3395 5229 utroque
3432 5164 3619 5215 autem
3651 5158 3773 5215 loco

2132 5228 2436 5296 discimus,
2465 5244 2497 5281 a
2548 5227 2837 5299 prioribus
2870 5231 3132 5287 Ecclesiae
3182 5227 3407 5286 saeculis
3439 5231 3587 5285 hanc
3618 5231 3675 5285 in
3708 5248 3774 5286 ea

2132 5300 2457 5381 obtinuisse
2488 5299 2771 5381 regulam,
2802 5319 2927 5381 quae
2959 5303 3358 5381 dignioresac
3382 5306 3774 5381 ⁵ριἐεςιιειιιιιο-

2131 5370 2664 5445 resiecclesiasticis
2697 5370 3052 5445 ministeriis
3073 5375 3284 5445 praeﬁci
3307 5370 3477 5445 jubet
3506 5378 3676 5427 Cour.

2200 5443 2325 5517 (ξιξ),
2350 5438 2578 5517 Σὺ-γάρ,
2610 5462 2660 5496 κ.
2692 5463 2741 5499 τ.
2776 5442 2825 5498 λ.
2883 5438 3143 5517 Scriptor
3191 5438 3386 5499 noster
3416 5444 3770 5499 Clementem

2129 5529 2197 5568 ex
2229 5511 2482 5568 Hebraeis
2515 5511 2716 5569 natum
2748 5534 2861 5571 non
2890 5511 3200 5572 sentiebat.
3234 5518 3312 5570 In.

2202 5586 2319 5655 (36)
2352 5584 2520 5655 Ἐμοῦ
2550 5588 2707 5638 τοῦτο
2751 5586 2947 5657 ἄξιοῦν,
2982 5608 3032 5642 κ.
3066 5608 3114 5641 τ.
3151 5585 3203 5640 λ.
3255 5586 3484 5641 Clarum
3533 5588 3621 5639 est
3650 5583 3769 5640 bcec

2129 5656 2201 5711 ad
2234 5672 2433 5727 preces
2464 5661 2799 5713 sanctorum
2833 5656 3197 5716 mortuorum
3230 5673 3343 5712 non
3366 5660 3649 5727 spectare,
3670 5657 3771 5714 sed

2121 5728 2369 5785 Ruﬁnus
2403 5728 2584 5785 obscu
2596 5730 3036 5787 riusconvertit.
3071 5730 3202 5785 Co'r.
3762 5764 3766 5769 ι
