4116 6224
433 376 512 435 43
1011 330 1015 333 γ
1264 370 1333 430 S.
1376 368 1819 432 CLEMENTIS
1866 369 1889 430 Ι
1936 367 2125 431 ROM.
2172 369 2409 432 PONT.
2453 370 2714 432 OPEIIA
2759 369 3024 433 DUBIA.
3764 374 3845 432 44

432 504 641 579 grandi
674 502 893 571 laetitia,
927 501 1084 558 velut
1115 500 1340 557 invitati
1373 501 1444 557 ad
1476 501 1731 574 nuptias,
1774 501 2075 559 fruemini.

2201 499 2376 576 γάλης
2424 500 2735 579 εὖφρασίας,
2769 500 2843 562 ὡς
2898 498 3096 570 κλητοὶ
3146 497 3359 574 γάμων,
3398 498 3736 557 ἀπολαύσετε
3782 504 3846 559 ⁸⁹.

433 595 489 649 Si
520 609 653 649 vero
684 593 743 647 in
778 594 1010 663 peccato
1042 589 1404 662 deprehensa
1434 590 1629 659 fuerit,
1661 590 1793 662 ipsa
1850 591 2087 662 quidem

433 682 699 753 ejicietur
732 698 747 749 ;
780 697 883 736 vos
914 683 1107 735 autem
1142 696 1345 751 poenas
1394 678 1631 750 dabitis,
1691 680 1741 736 si
1790 681 1937 735 forte
1988 696 2090 752 per

435 773 694 826 vestram
725 767 1133 841 negligentiam
1154 771 1454 840 peccatum
1487 767 1871 823 commiSsum
1893 768 2086 823 tuerit.

510 858 658 914 VIII.
693 861 973 925 Quocirca
998 861 1131 912 ante
1161 856 1359 912 omnia
1389 858 1460 912 de
1516 854 1798 928 pudicitia
1852 855 2088 913 solliciti

437 951 644 1004 estote.
675 947 897 1018 Quippe
928 946 1083 1017 apud
1119 951 1297 1001 Deum
1340 946 1658 1001 admodum
1718 962 1889 1019 grave
1946 946 2087 1017 quid

439 1041 711 1093 censetur
742 1035 1061 1090 fornicatio.
1097 1034 1380 1090 Caeterum
1404 1034 1628 1107 species
1688 1033 2089 1090 fornicationis

438 1124 635 1181 multae
667 1130 825 1195 sunt,
855 1130 919 1180 ut
954 1130 1011 1180 et
1058 1124 1184 1195 ipse
1230 1124 1497 1180 Clemens
1552 1124 1719 1180 vobis
1775 1122 2086 1179 enarrabit.

436 1218 706 1269 Attamen
739 1213 992 1286 primum
1026 1213 1381 1270 adulterium
1405 1218 1513 1283 est,
1554 1212 1745 1267 virum
1804 1228 1921 1267 non
1965 1211 2092 1269 sola

437 1320 545 1358 sua
576 1302 659 1357 uti
692 1318 887 1369 uxore,
922 1304 979 1356 et
1024 1316 1263 1356 uxorem
1314 1317 1430 1356 non
1492 1299 1614 1356 solo
1671 1301 1756 1356 uti
1814 1301 1958 1357 viro.
2028 1301 2090 1357 Si

436 1391 567 1463 quis
597 1394 795 1447 castus
824 1389 1125 1459 exstiterit,
1160 1389 1454 1445 humanus
1482 1389 1656 1445 etiam
1690 1388 1811 1444 fieri
1857 1392 2086 1461 potest;

436 1483 674 1552 propter
711 1479 865 1550 quod
899 1483 1175 1533 aeternam
1196 1481 1588 1549 consequetur
1609 1476 2085 1534 misericordiam.

438 1567 941 1634 Quemadmodum
965 1570 1160 1622 autem
1185 1565 1535 1621 adulterium
1562 1582 1840 1638 magnum
1866 1565 2087 1623 malum

437 1662 548 1722 est,
591 1658 673 1712 ita
705 1657 1041 1712 humanitas
1073 1655 1394 1710 maximum
1426 1655 1667 1711 bonum.
1705 1654 1923 1711 Idcirco
1954 1654 2090 1710 dili-

437 1746 555 1817 gite
582 1762 785 1800 omncs
820 1747 1026 1800 fratres
1086 1747 1310 1800 vestros
1368 1745 1587 1801 sanctis
1645 1748 1702 1799 et
1758 1744 2086 1801 misericor-

436 1836 613 1891 dibus
645 1834 851 1905 oculis,
885 1833 1164 1906 orphanis
1204 1833 1441 1905 quidem
1497 1839 1829 1906 parentum,
1896 1834 2090 1890 viduis

437 1929 640 1979 autem
670 1923 927 1979 virorum
979 1939 1179 1978 curam
1237 1921 1574 1978 exhibentes
1629 1922 1728 1995 (α),
1761 1922 2088 1995 praebentes

434 2011 775 2067 alimoniam
808 2027 940 2066 cum
976 2010 1134 2066 omni
1192 2008 1578 2078 liberalitate;
1634 2015 1798 2067 aetate
1850 2010 2090 2083 vigenti-

429 2102 541 2156 bus
573 2100 909 2173 conjugium
941 2099 1315 2171 providentes
1347 2116 1361 2168 ;
1397 2104 1570 2170 atque
1618 2098 1771 2155 inter
1825 2099 1958 2155 illos
2013 2099 2086 2155 iis

432 2189 532 2260 qui
564 2196 748 2243 artem
784 2186 1074 2255 nesciunt,
1115 2188 1431 2244 commenti
1482 2204 1586 2260 per
1640 2187 1768 2243 vita:
1815 2187 2089 2244 instituta

433 2276 768 2332 occasiones
797 2276 869 2331 ad
902 2274 1131 2331 vivendi
1169 2274 1573 2332 necessitatem
1608 2291 1623 2330 :
1684 2275 1893 2331 artifici
1950 2293 2085 2349 ope-

432 2380 580 2433 ram,
615 2365 791 2420 debili
820 2363 1303 2420 misericordiam.

506 2454 596 2509 IX.
632 2454 761 2511 Scio
790 2457 987 2515 autem
1017 2468 1119 2509 vos
1148 2452 1270 2507 haec
1300 2452 1579 2525 facturos,
1608 2453 1781 2509 modo
1833 2452 2085 2510 charita-

437 2547 555 2599 tem
587 2549 777 2599 vestra
808 2543 866 2598 in
900 2547 1095 2598 mente
1124 2541 1489 2597 statueritis:
1549 2542 1622 2597 ad
1677 2559 1849 2614 quam
1904 2541 2085 2599 intro-

437 2633 763 2689 ducendam
785 2648 938 2687 unus
960 2632 1273 2687 estmodus
1296 2631 2015 2698 accommodatus,mensm
2029 2636 2087 2688 et

434 2721 573 2777 salis
607 2721 666 2776 in
699 2736 1011 2777 commune
1042 2719 1357 2793 perceptio.
1400 2720 1588 2785 Quare
1645 2721 1875 2777 studete
1934 2721 2087 2778 inter

428 2827 530 2865 vos
582 2809 942 2881 frequentius
1001 2807 1263 2864 convivia
1320 2808 1563 2880 agitare,
1622 2812 1907 2880 quantum
1984 2827 2084 2882 po-

430 2899 597 2955 testis
660 2916 733 2955 ne
771 2898 1114 2954 charitatem
1173 2897 1502 2954 amittatis:
1552 2914 1732 2954 causa
1783 2899 1940 2955 enim
1997 2903 2087 2955 est

430 2988 849 3059 beneficentiae,
882 2987 1265 3044 beneﬁcentia
1293 3001 1427 3042 vero
1450 2986 1676 3043 salutis.
1709 2987 1915 3043 Cuncti
1948 3005 2083 3060 ergo

433 3078 660 3134 cunctis
690 3077 751 3133 in
785 3079 896 3133 Deo
928 3076 1210 3132 fratribus
1237 3092 1610 3132 communem
1643 3082 1907 3132 vestrum
1938 3094 2085 3150 prae-

433 3167 564 3223 bete
583 3167 823 3238 victum,
855 3166 1110 3223 scientes
1140 3164 1667 3239 quod,temporalia
1688 3166 2080 3234 dando,aeter-

2196 592 2314 645 Ἐὰν
2374 588 2431 645 δὲ
2504 593 2857 667 ἡμαρτηκυῖα
2915 590 3164 666 φωραθῇ,
3216 588 3350 658 αὐτὴ
3419 589 3513 661 μὲν
3581 584 3851 661 ἕκϐλητος

2197 676 2366 752 ἔσται,
2397 682 2461 752 9“,
2498 680 2652 753 ὑμεῖς
2686 676 2743 734 δὲ
2775 676 2927 748 δίκην
2956 674 3175 749 δώσετε,
3204 680 3271 751 9³,
3303 674 3357 732 εἶ’
3390 698 3507 740 πως
3554 681 3699 754 παρὰ
3746 681 3848 750 τήν

2200 768 2458 844 ὑμετέραν
2491 768 2749 841 ἀμέλειαν
2780 766 2995 844 γὲγονεν
3030 768 3064 837 ἡ
3097 764 3357 843 ἁμαρτία.

2268 860 2370 915 16
2403 860 2539 917 VIII.
2573 856 2666 912 Διὸ
2695 858 2801 934 πρὸ
2841 855 3052 911 πάντων
3103 856 3226 932 περῖ
3280 855 3638 934 σωφροσύνης
3686 877 3848 934 φρον-

2194 945 2387 1015 τίζετε
2439 944 2558 1001 λίαν
2597 947 2698 1023 γὰρ
2746 945 2894 1017 παρᾶ
2937 948 3015 1017 τῷ
3080 949 3196 1017 Θεῷ
3262 943 3481 1020 χαλεπή
3534 943 3756 1023 ὥρισται
3808 949 3843 1016 ἡ

2196 1034 2441 1112 πορνεία.
2485 1035 2747 1111 Πορνείας
2805 1032 2862 1089 δὲ
2902 1036 2947 1071 ⁹²
2996 1030 3112 1105 εἷ’δη
3163 1031 3372 1102 πολλὰ,
3414 1033 3488 1096 ὡς
3538 1034 3627 1088 καὶ
3686 1034 3847 1097 αὐτὸς

2198 1122 2436 1196 Κλήμης
2470 1124 2595 1197 ὑμῖν
2630 1120 2969 1199 διηγήσεται.
3002 1120 3157 1191 Πλὴν
3201 1122 3393 1198 πρώτη
3447 1122 3671 1199 μοιχεία
3737 1123 3847 1179 ἐστὶ

2195 1213 2258 1268 τὸ
2289 1215 2333 1250 ⁸³
2365 1210 2532 1289 ἄνδρα
2566 1213 2640 1287 μὴ
2676 1210 2786 1283 ἰδίᾳ
2818 1212 2956 1286 μόνῃ
2986 1213 3295 1288 χρήσασθαι
3336 1212 3574 1286 γυναικὶ,
3605 1211 3695 1267 καὶ
3743 1234 3846 1288 γυ-

2195 1306 2355 1357 ναῖκα
2413 1302 2489 1376 μὴ
2538 1299 2662 1375 ἰδίῳ
2707 1301 2857 1375 μόνῳ
2905 1302 3211 1377 χρήσασθαι
3250 1298 3425 1377 ἀνδρί.
3458 1302 3578 1355 Ἐὰν
3613 1302 3843 1379 σώφρων

2197 1389 2368 1465 ᾖτιε,
2392 1390 2481 1445 καὶ
2531 1387 2916 1469 φιλάνθρωπος
2962 1388 3201 1467 γενέσθαι
3252 1386 3491 1461 δύναται,
3541 1389 3604 1445 οὗ
3652 1388 3845 1445 ε’ίνεκεν

2200 1478 2386 1542 ἐλέους
2450 1478 2672 1534 αἰωνίου
2738 1479 2995 1550 τεύξεται.
3047 1480 3137 1538 Ὠς
3201 1474 3259 1533 δὲ
3314 1479 3349 1549 ἡ
3411 1478 3637 1554 μοιχεία
3711 1480 3848 1557 μέγα

2195 1569 2359 1623 κακὸν
2418 1570 2481 1641 9‘,
2532 1567 2707 1630 οὕτως
2766 1570 2802 1638 ἡ
2859 1564 3241 1646 φιλανθρωπία
3300 1568 3551 1643 μέγιστον
3623 1568 3843 1644 ἀγαθόν.

2198 1657 2293 1713 Διὸ
2342 1657 2581 1733 ἀγαπᾶτε
2630 1656 2834 1720 πάντας
2892 1656 3045 1730 ὑμῶν
3107 1655 3237 1719 τοὺς
3302 1654 3574 1735 ἀδελφοὺς
3632 1663 3846 1731 σεμνοῖς

2196 1743 2285 1802 καὶ
2317 1745 2608 1818 ἐλεήμοσιν
2647 1743 2978 1823 ὀφθαλμοῖς,
3010 1749 3125 1807 τοῖς
3168 1744 3262 1819 μὲν
3316 1744 3570 1823 ὀρφανοῖς
3619 1751 3841 1801 ποιοῦν-

2193 1855 2282 1897 τες
2330 1834 2398 1889 τὰ
2444 1834 2670 1910 γονέων,
2718 1839 2838 1896 ταῖς
2888 1830 2946 1888 δὲ
2994 1835 3196 1911 χήραις
3264 1833 3334 1888 τὰ
3396 1830 3626 1909 ἀνδρῶν,
3676 1836 3843 1912 παρέ-

2198 1944 2391 1999 χοντες
2442 1923 2576 1997 μετᾶ
2615 1925 2794 1993 πάσης
2836 1921 3169 2001 εὐφροσύνης
3217 1924 3263 1960 9⁸
3305 1923 3404 1985 τὰς
3444 1923 3673 2000 τροφάς·
3724 1930 3844 1987 τοῖς

2198 2010 2453 2085 ἀκμαίοις
2499 2010 2625 2073 τοὺς
2670 2010 2906 2087 γάμους,
2952 2012 3043 2066 καὶ
3100 2015 3219 2073 τοῖς
3265 2009 3441 2066 αὐτῶν
3498 2009 3748 2088 ἆτέχνοις
3802 2015 3846 2051 ³⁸

2198 2097 2288 2156 διὰ
2334 2105 2439 2155 τῶν
2506 2097 2947 2174 ἐπιτηδευμάτων
3016 2099 3361 2173 ἐννοούμενοι
3403 2100 3498 2162 τὰς
3547 2100 3844 2177 προφάσεις

2194 2195 2297 2259 τῆς
2372 2189 2662 2266 ἀναγκαίας
2750 2195 2986 2268 τροφῆς·
3068 2187 3288 2264 τεχνίτῃ
3372 2184 3551 2266 ἔργον,
3627 2186 3848 2267 ἀδρανεῖ

2197 2275 2370 2341 ἔλεος.

2266 2456 2354 2513 ΙΧ.
2388 2452 2522 2510 Οἶδα
2568 2452 2627 2511 δὶ
2671 2458 2841 2511 ταῦτα
2888 2453 3135 2526 ποιήσειν
3176 2454 3338 2529 ὑμᾶς,
3372 2453 3459 2511 ἐὰν
3517 2453 3734 2532 ἀγάπην
3766 2456 3845 2521 εἰς

2192 2544 2284 2599 τὸν
2335 2543 2590 2618 ὑμέτερον
2639 2540 2898 2621 ἱδρύσητε
2942 2546 3090 2613 νοῦν,
3142 2544 3279 2620 πρὸς
3333 2540 3391 2598 δὲ
3435 2545 3536 2613 τὴν
3587 2547 3634 2582 ⁸⁷
3679 2544 3848 2615 αὐτῆς

2196 2629 2403 2689 εἶ’σοδον
2440 2631 2538 2706 μία
2563 2632 2646 2695 τίς
2678 2631 2819 2688 ἐστιν
2851 2632 3005 2702 ἱκανή
3036 2633 3326 2710 πρόφασις,
3360 2635 3395 2702 ἦ
3449 2635 3493 2671 ⁹³
3521 2635 3679 2704 κοινὴ
3736 2638 3843 2690 τῶν

2194 2719 2341 2776 ἁλῶν
2392 2719 2721 2796 μετάληψις.
2775 2721 2868 2777 Διὸ
2916 2718 3245 2790 σπουδάζετε
3299 2722 3630 2800 πυκνότερον
3692 2722 3843 2779 συνέ-

2194 2831 2336 2866 στιοι
2367 2808 2632 2882 ἀλλήλων
2663 2810 2918 2888 γίνεσθαι,
2950 2809 3025 2873 ὡς
3070 2807 3317 2883 δύνασθε,
3349 2810 3498 2874 ὅπως
3545 2812 3710 2882 αὐτὴν
3765 2814 3842 2885 μὴ

2193 2897 2646 2973 ἆπεμπολήσητε·
2692 2898 2837 2954 αἰτία
2895 2897 2997 2977 γάρ
3062 2897 3172 2954 ἐστι
3239 2906 3340 2970 τῆς
3388 2899 3645 2973 εὐποιίας,
3698 2903 3733 2971 ἡ
3789 2899 3846 2957 δὲ

2195 2987 2411 3043 εὐποιία
2484 2994 2586 3058 τῆς
2655 2986 2949 3065 σωτηρίας.
3018 2987 3246 3051 Κοινοὺς
3309 2985 3402 3044 οὖν
3463 2990 3657 3051 πάντες
3713 2996 3844 3045 πᾶσι

2194 3081 2291 3134 17
2324 3080 2441 3138 τοῖς
2477 3075 2614 3131 κατὰ
2659 3076 2788 3132 Θεὸν
2839 3074 3099 3155 ἀδελφοῖς
3143 3076 3271 3140 τοὺς
3321 3077 3521 3133 ἑαυτῶν
3578 3078 3847 3155 παρέχετε

2198 3165 2370 3241 βίους,
2430 3162 2632 3224 εἰδότες
2699 3164 2804 3239 ὅτι,
2861 3160 3167 3242 πρόσκαιρα
3232 3162 3591 3242 δωρούμενοι,
3647 3166 3843 3223 αἰώνια

435 3272 511 3312 na
540 3254 989 3328 consequimini.
1021 3254 1201 3311 Multo
1232 3253 1421 3326 magis
1460 3252 1676 3311 nutrite
1733 3254 2081 3327 esurientes,

2201 3253 2457 3329 λήψεσθε.
2518 3250 2723 3327 ΙΙολλῷ
2800 3253 3014 3328 μᾶλλον
3089 3257 3381 3318 πεινῶντας
3451 3255 3694 3335 τρέφετε,
3751 3255 3840 3311 καὶ

503 3373 579 3445 (a)
612 3370 761 3430 Eccl.
796 3388 874 3439 iv,
906 3372 994 3428 10.

1694 3485 2269 3544 INTERPRETATIO
2309 3485 2577 3543 RUFINI.

510 3603 651 3659 VIII.
680 3600 898 3657 Idcirco
928 3600 1109 3673 igitur
1136 3597 1487 3673 anteomnia
1517 3599 1846 3673 sobrietatis
1876 3605 1934 3657 et
1958 3600 2246 3673 pudicitiae
2282 3600 2732 3658 sollicitudinem
2763 3600 2962 3673 gerite.
2995 3599 3177 3673 Valde
3222 3600 3378 3673 enim
3436 3601 3592 3673 apud
3650 3601 3832 3658 Deum

442 3690 612 3745 grave
635 3674 855 3730 crimen
885 3670 1119 3745 du'citur
1147 3670 1449 3727 fornicatio
1482 3686 1503 3745 :_
1529 3671 1700 3742 cujus
1730 3670 2387 3745 Species—suntquidem
2420 3673 2638 3745 plures,
2691 3670 2844 3745 sicut
2876 3676 2957 3745 Aet
2995 3671 3132 3745 ipse
3176 3672 3339 3729 vobis
3396 3670 3663 3729 Clemens
3710 3674 3835 3729 dili-

442 3742 645 3817 genter
673 3748 939 3817 exponet.
970 3742 1387 3799 Verumtamen
1420 3742 1609 3817 prima
1638 3742 1859 3815 species
1889 3742 2300 3817 adulterii'est,
2324 3742 2519 3817 virum
2544 3742 3176 3817 prepria‘solummodo
3203 3760 3377 3799 uxore
3408 3761 3522 3817 non
3553 3760 3682 3799 esse
3703 3761 3834 3800 con-

443 3813 691 3887 tentum,
724 3813 780 3872 et
800 3815 1103 3871 mulierem
1136 3830 1249 3887 non
1285 3813 1516 3887 proprio
1536 3813 1767 3869 tantum
1798 3831 2025 3871 servare
2055 3833 2117 3887 se
2138 3813 2291 3871 viro."
2312 3816 2371 3871 Si
2402 3813 2766 3887 ergo—castus
2785 3814 2959 3870 fuerit
2980 3815 3137 3887 quis,
3162 3820 3352 3886 potest
3381 3815 3762 3887 etghumanus
3776 3822 3835 3871 et

441 3885 770 3944 misericbrs
800 3887 945 3956 fieri,
974 3902 1078 3958 per
1105 3885 1348 3958 quodet
1376 3885 1500 3956 ipse
1530 3891 1805 3940 aeternam
1828 3903 1862 3940 a
1895 3888 2003 3941 Deo
2034 3885 2493 3943 misericordiam
2525 3890 2936 3958 consequatur.
2969 3885 3118 3958 Sane
3150 3885 3301 3942 Sicut
3330 3885 3681 3942 adulterium
3745 3904 3831 3941 ve-

440 3976 658 4015 nenum
690 3959 917 4014 cunctis
936 3956 1106 4012 malis
1129 3957 1511 4029 perniciosius
1545 3962 1657 4021 est,
1691 3958 1766 4011 ita
1797 3974 1961 4012 amor
2000 3958 2292 4013 fraternus
2349 3963 2407 4014 et
2436 3958 2691 4013 charitas
2722 3956 2927 4012 totius
2977 3956 3112 4013 boni
3173 3958 3473 4029 fastigium
3534 3964 3707 4013 tenet.
3742 3963 3834 4029 flat

437 4032 567 4087 ideo
599 4031 1055 4102 diligiteromnes
1086 4028 1292 4084 fratres
1320 4032 1564 4102 vestros,
1596 4034 1653 4102 et
1682 4045 1813 4083 cum
1848 4029 2127 4102 religione
2150 4035 2208 4085 et
2238 4029 2636 4102 misericordia
2666 4029 2933 4102 respicite
2955 4029 3270 4102 adomnes.
3324 4028 3622 4102 Orphanis
3668 4028 3831 4084 exhi-

436 4103 567 4159 bete
602 4097 990 4175 vosmetipsos
1017 4105 1307 4175 parentes.
1336 4099 1563 4175 Yiduis,
1587 4099 1843 4154 virorum
1874 4097 2075 4175 curam
2113 4100 2457 4175 impendite,
2486 4116 2618 4175 cum
2678 4097 2838 4175 omni
2897 4100 3164 4175 castitate
3222 4097 3642 4175 (σωφροσύνη-ς),
3702 4118 3831 4170 quae.

435 4174 763 4255 necessaria
793 4168 1306 4255 suntpraabentes.
1333 4168 1606 4255 Juniores
1627 4176 1822 4252 tamen
1853 4168 2228 4255 ἤωδε-(ταῖς
2262 4170 2566 4255 ,ἀξιμαίαιῄ
2618 4172 2841 4253 nuptiis
2898 4170 3210 4255 copulate.‘
3231 4168 3375 4225 His"
3398 4168 3832 4255 qui'Iignor_ant

435 4245 703 4309 artificia,
734 4241 1015 4321 exquiriie
1037 4243 1312 4321 honestas
1332 4241 1562 4321 aliquas
1590 4242 2185 4321 occ_asiones,_quibus
2225 4241 2441 4298 victum
2502 4241 2897 4298 necessarium
2956 4241 3221 4314 quaerant
3250 4258 3265 4298 :
3326 4242 3649 4297 artiﬁcibus
3696 4259 3829 4297 vero

433 4331 670 4395 operam
702 4312 1027 4395 providete,‘
1046 4312 1339 4394 debilibus
1371 4312 1826 4395 misericordiam
1842 4312 2045 4395 facite.

503 4386 595 4444 IX.
638 4381 765 4441 Scio
797 4381 1135 4440 autem'haac
1155 4385 1351 4439 omnia
1377 4384 1630 4456 facturos
1660 4384 1858 4456 vos,‘si
1894 4383 2236 4439 charitatem
2295 4401 2409 4456 prae
2469 4383 2689 4456 caeteris
2746 4386 2803 4438 et
2852 4386 2986 4439 ante
3041 4381 3237 4456 omnia
3291 4381 3351 4437 in
3409 4386 3599 4456 vestro
3657 4383 3828 4438 corde

428 4458 626 4530 ﬁgatis
658 4473 671 4512 :
706 4458 877 4527 cujus
906 4456 1211 4530 cbaritatis
1238 4459 1295 4510 et
1323 4454 1665 4526 recipiendae
1695 4460 1754 4510 et
1780 4453 2402 4530 habendmmaxim'um
2436 4456 2547 4530 erit
2606 4455 2947 4524 fomentum,
3007 4454 3057 4508 si
3108 4454 3442 4530 frequenter
3497 4454 3649 4530 inter
3694 4471 3825 4509 vos-

428 4523 709 4602 metipsos
741 4523 1113 4602 communem
1145 4526 1339 4581 cibum
1366 4523 1620 4602 vestrum
1654 4543 2036 4602 mepsamque
2067 4526 2317 4602 faciatis:
2348 4527 2415 4581 Et
2439 4527 2497 4581 in
2543 4532 2847 4602 _quantum_
2900 4523 3308 4602 unusquisque
3353 4523 3645 4595 praevalet,
3702 4540 3825 4602 cre-_

426 4596 592 4657 brius
624 4617 804 4672 panes
835 4616 901 4655 ac
932 4599 1097 4672 sales
1117 4614 1253 4654 suos
1278 4614 1422 4672 cum
1444 4597 1567 4653 suis
1594 4596 1869 4672 fratribus
1900 4596 2123 4672 sumat._
2149 4601 2262 4672 Per
2295 4597 2425 4672 haec
2465 4596 2620 4652 enim
2684 4596 2967 4672 praiAcipue
3026 4596 3281 4672 charitas
3337 4602 3730 4672 comparatur,
3771 4600 3829 4651 et

427 4667 813 4728 causa-totius
835 4670 967 4725 boni
993 4670 1049 4725 in
1085 4668 1425 4739 hujusmodi
1454 4668 1865 4723 communione
1887 4669 2173 4724 consistit.
2202 4667 2307 4724 Ubi
2340 4673 2533 4739 autem
2568 4667 2765 4739 pax‘et
2794 4667 3045 4735 benitas,
3109 4667 3186 4739 ibi
3234 4671 3293 4721 et
3328 4667 3524 4739 salus.
3584 4670 3827 4739 Propter

422 4744 578 4815 quod
609 4759 952 4799 communes
977 4741 1142 4815 facite
1165 4736 1331 4815 cibos
1362 4740 1868 4815 vestros,cum_his
1889 4739 1986 4810 qui
2019 4736 2790 4815 secundum_Deum:fratres
2805 4744 2944 4794 sunt
2974 4755 3008 4815 ;_
3021 4738 3162 4815 quia
3194 4754 3297 4810 per
3326 4737 3445 4815 haec
3476 4736 3825 4815 temperalia

423 4808 635 4884 ofﬁcia,
671 4816 829 4886 pacis
859 4822 916 4869 et
947 4812 1250 4886 charitatis
1282 4810 1804 4886 fructibus,g_audia
1835 4808 2047 4866 interna
2070 4810 2645 4886 merebiniiniMulto
2677 4817 2881 4886 autem
2904 4808 3212 4866 sollicitius
3237 4808 3825 4886 esurientesreticite,

418 4891 477 4942 et
504 4880 837 4942 sitientibus
868 4891 1069 4956 potum
1104 4884 1255 4956 date,
1288 4881 1462 4956 nudis
1491 4882 1901 4956 vestimentum
1939 4900 1953 4951 ;
1986 4897 2170 4956 aegros
2200 4881 2431 4956 visitate
2465 4887 2561 4956 ;e_t
2590 4882 2844 4956 e_os,_qui
2869 4882 2926 4936 in
2956 4896 3185 4956 carcere
3215 4886 3384 4956 sunt,_
3410 4880 3819 4956 prout__possi-

416 4958 535 5013 bile
556 4949 900 5035 est,juv_até;
936 4954 1270 5035 peregrinos
1296 4954 1439 5010 satis
1466 4958 1737 5035 prompte
1765 4953 1824 5035 iu
1858 4949 2367 5035 domibushvestris
2399 4949 2777 5035 suscipiteEt
2802 4969 2873 5035 ne
2902 4952 3103 5035 omnia
3131 4968 3287 5033 nunc
3338 4949 3712 5035 singillatim.
3732 4950 3816 5035 di-

417 5045 547 5084 cam
578 5020 749 5084 omne
781 5020 1020 5095 bonum,
1054 5020 1182 5097 ipsa
1210 5042 1312 5098 per
1336 5041 1399 5080 se
1430 5020 1489 5081 si
1511 5020 1764 5098 invobis
1795 5024 1966 5080 fuerit
1985 5024 2239 5080 charitas
2267 5040 2367 5081 vos
2393 5020 2652 5080 docebit:
2684 5025 2838 5081 sicut
2867 5039 2898 5081 e
2923 5024 3213 5080 contrario
3242 5038 3363 5091 eos,
3395 5020 3497 5094 qui
3556 5036 3591 5076 a
3629 5020 3820 5077 salute

417 5100 592 5156 alieni
614 5106 966 5169 sunt,omne
998 5095 1228 5154 malum
1254 5099 1463 5165 facere,
1495 5095 1699 5152 odium
1730 5096 1917 5152 docet.

1756 5228 1997 5284 νΑΒΙιΕ
2051 5228 2464 5285 LECTIONES.

478 5350 524 5385 ⁸9
553 5350 596 5405 Ο
628 5366 678 5406 c.
712 5348 845 5405 Ruf.
876 5347 1265 5421 perfruemz’ni,
1297 5342 1662 5405 ἀπολαύοντες
1693 5345 1753 5401 C.
1785 5345 1831 5381 9°
1860 5337 2129 5413 ἔκϐλητός
2161 5341 2271 5398 ἐστι
2302 5343 2366 5400 Ο.
2400 5345 2443 5381 9⁸
2479 5344 2565 5399 Ita
2595 5343 2639 5399 Ο
2669 5350 2723 5399 et
2752 5342 2879 5399 cod.
2912 5340 3053 5414 Reg.
3087 5340 3217 5408 804,
3249 5335 3462 5409 δώσητε
3499 5340 3562 5395 C.
3603 5337 3817 5394 Subiu-

407 5421 478 5477 de
537 5419 583 5474 εἰ
638 5424 754 5481 πῶς
812 5419 857 5476 Ο
914 5425 972 5476 et
1016 5418 1299 5487 Ηυῖ,νμή
1344 5435 1461 5477 πως
1505 5418 1565 5487 C.
1640 5417 1686 5452 ⁹²
1730 5411 1787 5469 δέ
1842 5432 1978 5487 om._
2010 5414 2076 5483 Ο,
2129 5416 2186 5471 in
2236 5418 2599 5487 cuj._marg.
2656 5431 2811 5470 man.
2863 5410 3083 5487 rec._év
3133 5415 3214 5487 τιῖι
3343 5414 3460 5487 τῷν
3493 5407 3815 5487 Διατάξεων,

407 5431 478 5477 de
537 5431 583 5474 et
638 5431 754 5481 πῶς
812 5431 857 5476 υ
914 5431 972 5476 et
1016 5431 1173 5488 itur,
1226 5431 1299 5489 μή
1344 5435 1461 5477 πως
1505 5431 1565 5472 (λ.
1641 5431 1686 5452 ’⁸
1730 5431 1787 5469 οε
1842 5432 1956 5471 om.
2010 5431 2076 5483 U,
2129 5434 2186 5471 In
2236 5432 2358 5487 qu.
2415 5431 2599 5488 marg.
2656 5431 2811 5470 man.
2863 5431 2977 5470 rec.
3030 5431 3083 5465 εν
3133 5432 3214 5483 τῳ
3264 5431 3303 5474 ς
3352 5431 3460 5465 των
3493 5431 3815 5479 Διαταςεων,

404 5511 522 5569 κεφ.
554 5496 661 5561 κη’.
737 5488 901 5570 “rev
931 5492 993 5547 Ο.
1068 5486 1279 5570 “urit-va
1306 5486 1405 5570 καὶ.
1424 5486 1586 5570 κακόν
1615 5487 1681 5554 Ο,
1714 5485 2021 5570 qui‘paulo
2054 5490 2186 5570 post
2213 5504 2337 5570 ‘om.
2358 5485 2586 5570 βιγαθέν.
2637 5487 2707 5570 ,3⁵
2750 5481 3109 5570 σωφροσύνης
3161 5484 3292 5570 Ruf.
3323 5482 3505 5570 (Iidem.
3540 5501 3586 5570 ’τ’
3611 5480 3819 5570 fiupio:

401 5553 495 5619 res
525 5553 719 5619 tamen
752 5564 958 5619 viduas
989 5553 1525 5632 nuptiis'copulate,
1562 5580 1584 5607 ι
1620 5553 1787 5629 quasi
1820 5553 2025 5630 legerit
2049 5553 2168 5619 ταῖς
2201 5553 2457 5629 ἀκμαίαίς
2499 5559 2559 5614 S.
2636 5558 2681 5592 9°
2708 5553 2919 5617 τὲκνόἱς
2950 5560 2995 5612 Ο
3023 5573 3075 5612 c.
3133 5555 3262 5611 cod.
3321 5555 3426 5609 804
3457 5558 3514 5609 et
3540 5553 3815 5608 Turriani

401 5636 566 5682 lihm-
607 5636 906 5682 ana‘ntnm
964 5631 1097 5682 lect.
1122 5630 1357 5682 exhibet
1412 5634 1469 5682 et
1519 5629 1649 5682 Ruf.
1686 5629 1748 5682 In
1809 5645 1995 5682 mare.
2048 5629 2419 5682 Ottoboniani
2457 5643 2471 5682 :
2505 5625 2557 5682 ἐν
2604 5630 2685 5682 τῶ
2707 5633 2748 5680 ν’
2775 5648 2895 5682 xeo.
2932 5627 2998 5682 B'.
3076 5627 3119 5663 9"
3144 5630 3246 5682 τῆς
3278 5627 3361 5682 Cl.
3394 5640 3569 5682 quem
3598 5624 3635 5679 S
3660 5623 3815 5679 male

401 5636 566 5690 libro.
607 5636 909 5708 Vulgatam
964 5625 1097 5688 lect.
1122 5625 1357 5712 exhibet
1412 5634 1469 5684 et
1511 5625 1654 5684 Ruf:
1686 5629 1748 5713 In
1809 5625 1995 5714 marg.
2048 5625 2419 5685 Ottoboniani
2457 5643 2471 5684 :
2505 5625 2557 5714 ἐγ
2604 5630 2685 5698 τῷ
2707 5633 2748 5680 ν’
2775 5648 2895 5710 arce.
2932 5627 2998 5702 β’.
3076 5627 3119 5663 9"
3144 5630 3246 5695 τῆς
3278 5627 3361 5699 Cl,
3394 5641 3432 5698 q

399 5707 705 5768 confundit
732 5724 761 5765 c
799 5710 922 5766 Got.
995 5703 1040 5740 ⁸⁸
1067 5703 1104 5774 ἡ
1136 5704 1383 5761 accessit
1410 5716 1481 5757 ex
1507 5700 1571 5758 Ο.
1605 5700 1823 5758 Deinde
1849 5697 2001 5755 ἀλων
2034 5701 2081 5758 Ο
2107 5706 2164 5759 et
2192 5702 2322 5759 cod.
2354 5701 2482 5770 804,
2514 5696 2702 5755 ἄλλων
2730 5702 2770 5757 C
2800 5716 2860 5756 in
2892 5703 3075 5757 textu.
