4116 6224
346 395 412 453 87

1478 390 2019 453 CLEMENTINA.
2048 420 2130 438 —
2160 391 2492 454 HOMILIA
2538 393 2587 453 Ι.

3662 388 3745 449 58

358 523 3721 558 m

1652 658 2426 755 ΚΛΗΜΕΝΤΟΣ

1186 822 1325 878 ΤΩΝ
1364 825 1623 876 ΠΕΤΡΟΥ
1659 821 2044 879 ΕΠΙΔΗΜΙΩΝ
2082 822 2533 877 ΚΗΡΥΓΜΑΤΩΝ
2573 823 2895 880 EHITOMII.

1728 956 2207 1046 CLEMEN'
2223 961 2267 1042 Γ
2271 958 2371 1046 IS

751 1097 851 1157 DE
895 1097 1637 1160 PRIEDlCATIONlBUS
1682 1099 1915 1161 PETRI
1960 1100 2202 1162 INTER
2248 1099 2929 1164 PEREGRINANDUM
2975 1097 3347 1161 EPITOME.

918 1354 1015 1412 25
1048 1354 1296 1409 ὈΜΙΔΙΔ
1340 1352 1417 1409 Α’.

409 1446 452 1496 Ι.
490 1441 635 1516 Ἐγὼ
688 1438 947 1515 Κλήμης,
999 1441 1283 1515 Ῥωμαίων
1329 1441 1564 1514 πολίτης
1615 1440 1711 1513 ὥν,
1757 1444 1847 1499 καὶ
1890 1444 1999 1513 τήν,

341 1529 561 1603 πρώτην
597 1529 820 1599 ἡλικίαν
856 1530 1149 1609 σωφρόνως
1182 1536 1338 1601 ζῆσαι
1371 1529 1669 1605 δεδύνημαι
1701 1534 1885 1603 ⁸⁷,τῆς
1908 1530 1992 1587 ἒν-

340 1617 483 1680 νοῖας
518 1640 629 1691 μου
662 1618 714 1674 ἐν
746 1617 941 1683 παιδὸς
982 1618 1410 1696 ἀπασχολούσης
1440 1622 1540 1691 τὴν
1594 1621 1649 1676 ἓν
1703 1620 1827 1695 ἐμοὶ
1876 1620 1992 1677 ἐπι-

344 1705 534 1779 θυμίαν
584 1705 665 1770 εἷς
711 1729 772 1763 τε
817 1706 1049 1781 ἀθυμέας
1099 1708 1191 1764 καὶ
1234 1708 1458 1772 πόνους.
1510 1712 1685 1779 Συνῆν
1735 1709 1838 1785 γάρ
1900 1730 1994 1783 μοι

345 1794 612 1870 λογισμὸς
666 1794 764 1851 ούκ
813 1794 935 1851 οἶδα
972 1795 1133 1861 πόθεν
1162 1797 1261 1867 τήν
1296 1798 1473 1874 ἀρχὴν
1508 1793 1714 1871 λαϐὼν,
1746 1797 1870 1876 περὶ
1902 1800 1995 1854 θα-

341 1885 498 1938 νάτου
549 1885 762 1948 πυκνάς
810 1884 1139 1959 ποιούμενες
1204 1887 1562 1959 ὑπομνήσεις,
1611 1885 1694 1942 ὅτι
1740 1888 1843 1963 ἄρα
1902 1889 1996 1943 θα-

342 1973 440 2027 νὼν
494 1970 602 2029 οῧκ
656 1974 770 2048 εἶμι
802 1974 895 2030 καὶ
935 1972 1059 2030 οὐδὲ
1092 1977 1316 2049 μνήμην
1343 1996 1428 2038 τις
1456 1978 1676 2047 ποιήσει
1710 1975 1814 2049 μού
1844 1997 1997 2046 ποτε,

338 2067 431 2117 τού
480 2062 713 2139 ἀπεέρου
760 2064 967 2140 χρόνον.)
1018 2063 1231 2118 πάντων
1276 2066 1322 2102 ⁸⁸
1379 2063 1445 2119 τά
1489 2065 1663 2119 πάντα
1710 2064 1788 2127 εἷς
1823 2063 2001 2137 λήθην

343 2150 616 2227 σέροντος,
652 2148 847 2226 ἔσομαι
878 2151 936 2208 δὲ
993 2152 1092 2207 ούκ
1124 2151 1218 2221 ὥν,
1253 2152 1353 2208 ούκ
1402 2150 1555 2215 ὄντας
1603 2154 1650 2190 ⁶⁰
1698 2150 1878 2223 εἰδὼς,
1937 2153 2001 2209 ού

344 2241 654 2316 γινώσκων,
689 2241 751 2297 ού
780 2241 1199 2317 γινωσκόμενος,
1235 2240 1297 2297 ού
1344 2242 1603 2318 γεγονὼς,
1664 2241 1727 2297 ού
1772 2242 2002 2318 γινόμε-

350 2348 455 2392 νος’
488 2331 581 2385 καὶ
617 2331 721 2406 ἆρά
756 2334 802 2368 ’³ο
844 2353 977 2387 ποτε
1020 2331 1240 2407 γέγονεν
1284 2332 1312 2387 ὁ
1361 2331 1587 2404 κόσμος,
1634 2331 1723 2385 καὶ
1771 2333 1878 2407 πρὸ
1905 2335 2002 2386 τοῦ

346 2418 589 2494 γενέσθαι
636 2419 691 2473 τί
740 2420 858 2482 ἐτὸς
908 2421 1016 2490 ἧν;
1069 2421 1116 2476 εἴ
1146 2421 1249 2496 γὰρ
1286 2420 1354 2490 ἦν
1386 2418 1490 2488 ἀεὶ,
1514 2420 1604 2474 καὶ
1638 2418 1803 2475 ἔσται’
1838 2421 1884 2476 εἰ
1945 2418 2005 2476 δὲ

348 2507 561 2581 γέγονε,
621 2507 713 2563 καὶ
770 2510 1092 2579 χυθήσεται·
1150 2509 1243 2564 καὶ
1296 2509 1431 2581 μετᾶ
1484 2506 1691 2564 λύσιντί
1724 2505 1826 2585 ἄρα
1853 2508 2002 2565 ’ἐσται

2015 1357 2074 1426 Α

2632 1357 2939 1414 HOMILIA
2977 1356 3225 1413 PRIMA.

2172 1445 2215 1502 Ῑ.
2248 1446 2365 1520 Ego
2396 1445 2683 1515 Clemens,
2718 1447 2858 1503 civis
2888 1451 3207 1514 Romanus,
3240 1443 3489 1518 primam
3522 1447 3748 1501 aetatem

2102 1535 2311 1607 pudice
2339 1552 2405 1591 ac
2431 1540 2825 1608 temperanter
2845 1536 3033 1591 vivere
3064 1534 3240 1604 valui,
3273 1550 3408 1589 cum
3439 1550 3473 1587 a
3504 1533 3752 1605 pueritia

2104 1640 2272 1680 mens
2305 1640 2434 1680 mea
2476 1629 2653 1696 atque
2696 1623 2969 1697 cogitatio
3000 1624 3379 1680 inhaerentem
3413 1620 3557 1677 mihi
3589 1621 3753 1692 cupi-

2104 1713 2347 1769 ditatem
2379 1718 2644 1769 avocaret
2673 1714 2745 1769 ad
2796 1730 3071 1769 mcerores
3115 1717 3173 1768 et
3204 1711 3525 1768 molestias.
3562 1712 3754 1767 Inerat

2105 1801 2265 1859 enim
2297 1801 2707 1873 consideratio,
2733 1802 2925 1858 nescio
2953 1801 3106 1857 unde
3137 1801 3358 1869 oborta,
3392 1817 3522 1872 quae
3552 1799 3755 1856 crebro

2107 1890 2315 1947 mortis
2368 1890 2776 1946 commonebat
2828 1906 2842 1947 :
2890 1890 3045 1962 quod
3098 1889 3295 1961 utique
3344 1893 3473 1961 post
3507 1892 3755 1944 mortem

2108 1997 2223 2035 non
2256 1979 2392 2048 sim,
2416 1998 2606 2053 neque
2636 1997 2883 2052 usquam
2906 1979 3020 2035 mei
3051 1980 3407 2036 mentionem
3442 1978 3757 2050 quisquam

2110 2070 2371 2124 facturus
2402 2070 2497 2140 sit,
2529 2069 2750 2125 scilicet
2777 2070 3076 2135 immenso
3124 2073 3385 2140 tempore
3414 2071 3759 2123 cunctorum

2111 2162 2320 2213 cuncta
2359 2157 2419 2213 in
2470 2157 2819 2215 oblivionem
2867 2158 3210 2222 addueente,
3244 2156 3355 2211 sim
3400 2160 3593 2211 autem
3644 2171 3759 2210 non

2111 2246 2387 2311 existens,
2420 2261 2519 2301 eos
2553 2245 2652 2317 qui
2684 2250 2822 2300 sunt
2846 2262 2958 2300 non
2993 2260 3388 2316 cognoscens;
3423 2260 3528 2299 nec
3553 2258 3761 2314 cogno-

2111 2351 2302 2404 scens,
2327 2350 2431 2390 nec
2462 2333 2730 2406 cognitus
2754 2352 2767 2401 ;
2803 2334 3019 2406 quique
3042 2332 3353 2404 aliquando
3378 2349 3492 2387 non
3526 2332 3757 2397 fuerim,

2112 2426 2170 2479 et
2196 2426 2338 2479 tunc
2369 2440 2481 2478 non
2515 2422 2675 2479 sim?
2702 2423 2773 2478 Et
2801 2440 2875 2477 an
2909 2423 3096 2478 factus
3128 2421 3205 2477 sit
3237 2422 3533 2489 mundus;
3568 2426 3625 2475 et
3654 2437 3758 2475 an-

2111 2517 2346 2584 tequam
2397 2512 2580 2580 fieret,
2630 2512 2911 2584 quidnam
2962 2510 3190 2567 fuerit?
3235 2511 3378 2566 Nam
3427 2510 3473 2566 si
3527 2524 3760 2581 semper

354 2594 543 2665 πάλιν,
574 2595 625 2651 εἰ
660 2597 737 2670 μὴ
765 2596 911 2673 τάχα
939 2598 1065 2673 σιγή
1099 2595 1188 2652 καὶ
1219 2594 1367 2670 λήθη
1395 2623 1410 2669 ;
1438 2594 1527 2654 καί
1576 2600 1621 2638 τί
1668 2598 1813 2675 τάχα
1859 2595 2001 2656 ἔσται

2116 2602 2355 2670 exstitit,
2405 2617 2638 2675 semper
2681 2601 2836 2657 erit:
2870 2600 2919 2657 si
2968 2605 3164 2656 autem
3211 2600 3397 2655 factus
3442 2602 3552 2665 est,
3583 2598 3759 2655 etiam

356 2706 425 2744 τι.
456 2684 487 2741 δ
515 2690 612 2741 νῦν
637 2692 829 2757 νοῆσαι
855 2686 918 2744 ού
940 2683 1185 2745 δυνατόν.

423 2956 492 3012 ΙΙ.
523 2951 705 3010 Ταῦτά
745 2975 804 3010 τε
831 2953 923 3009 καὶ
971 2951 1040 3010 τᾶ
1082 2954 1299 3018 τούτοις
1346 2953 1515 3029 ὅμοια
1562 2952 1662 3011 ούκ
1693 2951 1816 3011 οἶδα
1842 2952 2002 3010 πόθεν

355 3039 643 3106 ἀπαύστως
674 3043 1094 3117 ἐνθυμούμενος,
1125 3040 1390 3119 οδυνηρᾶν
1420 3044 1569 3120 εἶχον
1603 3042 1781 3115 λύπην
1812 3047 2006 3099 τοσοῦ-

354 3152 463 3201 τον,
496 3132 575 3195 ὡς
628 3131 944 3208 ὠχριακότα
994 3154 1061 3206 με
1089 3134 1383 3205 τήκεσθαι·
1418 3133 1509 3188 καὶ
1541 3135 1642 3191 26
1670 3134 1733 3188 τὸ
1764 3129 2003 3188 δεινότα-

354 3240 460 3288 τον,
521 3219 578 3276 εἷ’
629 3243 761 3277 ποτε
800 3222 1113 3276 ἀπώσασθαι
1166 3223 1265 3291 τὴν
1326 3218 1586 3300 φροντίδα
1633 3222 1709 3284 ὡς
1746 3219 2002 3300 ἀνωφελῆ

2032 2729 2081 2794 Β

356 3303 790 3383 ἐδουλευσάμην,
822 3310 1181 3387 ἆκμαιότερόν
1242 3308 1576 3384 μοικμᾶλλον
1606 3311 1669 3365 τὸ
1699 3311 1867 3373 πάθος
1900 3308 2008 3386 ἐγί-

353 3418 492 3467 νετο,
546 3400 639 3453 καί
688 3399 946 3474 ἠχθόμην
992 3398 1077 3454 ἐπὶ
1124 3398 1321 3472 τούτῷ,
1382 3399 1480 3454 ούκ
1544 3396 1703 3461 εἰδὼς
1760 3397 2002 3454 σύνοικον

354 3485 527 3556 καλήν
559 3486 703 3563 ἔχων
736 3485 967 3555 ἔννοιαν,
993 3488 1310 3551 ἀνθανασίας
1360 3488 1565 3563 ἀγαθὴν
1598 3491 1642 3525 ⁷³
1683 3488 1856 3543 αἷτίαν
1910 3509 2003 3561 μοι

354 3578 725 3651 γενησομένην
752 3580 820 3647 ⁷³,
878 3578 952 3640 ὡς
1008 3578 1228 3653 ὓστερον
1278 3582 1347 3651 τῇ
1413 3577 1574 3653 πείρᾳ
1621 3576 1859 3654 ἐπέγνων
1913 3577 2004 3632 καὶ

355 3665 468 3737 Θεῷ
516 3671 601 3737 τῷ
638 3666 850 3721 πάντων
884 3665 1115 3742 δεσπότῃ
1146 3666 1575 3743 ηὐχαρίστησαν.
1608 3668 1737 3742 Ὑπρ
1770 3666 1873 3741 γὰρ
1901 3673 2002 3736 τῆς

352 3756 466 3808 κατ’
510 3754 691 3830 ἀρχάς
742 3750 1036 3821 θλιϐούσης
1089 3776 1155 3828 με
1203 3755 1411 3818 ἐννοίας
1462 3756 1537 3818 εἰς
1568 3757 1665 3825 τὴν
1695 3760 1802 3810 τῶν
1831 3776 2003 3833 πραγ-

357 3842 540 3915 μάτων
592 3846 814 3914 ζήτησιν
862 3844 953 3898 καὶ
1002 3843 1205 3919 εὕρεσιν
1258 3844 1597 3920 ἠναγκάσθην
1661 3842 1859 3907 ἐλθεῖνο
1911 3843 2003 3899 καὶ

350 3930 471 3986 τότε
502 3932 815 4002 ἐταλάνιζον
848 3932 943 3995 οὕς
971 3939 1070 4002 την
1102 3931 1281 4009 ἀρχὴν
1314 3930 1383 3989 δι’
1425 3930 1641 4011 ἄγνοιαν
1691 3931 2003 4011 μακαρίζειν

353 4018 708 4078 ἐκινδύνευον.

418 4204 523 4255 IIl.
569 4200 663 4254 Ἐκ
702 4196 897 4262 παιδὸς
940 4198 1031 4255 οὖν
1064 4201 1289 4271 ἡΑικίκς
1328 4199 1401 4255 ὠν
1436 4198 1487 4255 ὲν
1544 4198 1815 4261 τοιούτοις
1842 4197 2000 4275 λογι-

352 4291 537 4358 σμοῖς,
572 4287 735 4363 χάριν
765 4292 866 4343 τοῦ
901 4290 1085 4361 μαθεῖν
1116 4310 1169 4345 τι
1200 4285 1440 4366 βὲϐαιον⁶
1475 4288 1549 4350 εἷς
1578 4288 1671 4351 τὰς
1702 4291 1809 4344 τῶν
1838 4286 2001 4366 φιλο-

353 4375 535 4453 σόυξων
572 4376 801 4453 ἐφοίτων
830 4373 1125 4453 διατριϐάς
1155 4377 1245 4434 καί
1306 4377 1457 4434 ούθὲν
1497 4377 1677 4452 ἓτερον
1728 4377 1934 4453 ἑώρων,
1963 4376 2000 4446 ἢ

355 4461 651 4538 δογμάτων
705 4466 994 4529 ἀνασκενᾶς
1037 4469 1128 4522 καὶ
1183 4467 1509 4529 κατασκευάς
1558 4466 1648 4521 καὶ
1716 4461 1856 4541 ἕρεις
1911 4466 2003 4521 καὶ

356 4551 695 4628 φιλονεικίας
742 4554 832 4608 καὶ
882 4553 1272 4631 συλλογισμῶν
1321 4557 1514 4632 τέχνας
1568 4554 1658 4610 καὶ
1692 4552 2002 4627 λημμάτων

357 4640 609 4704 ἐπινοίαςο
668 4642 759 4697 καὶ
809 4644 899 4699 ὁτῖε
927 4647 974 4681 7‘
1029 4645 1124 4717 μὲν
1178 4644 1479 4721 ἐπεκράτει,
1507 4644 1634 4721 φέρε
1664 4642 1866 4719 λέγειν,
1918 4640 2001 4698 ὅτι

355 4728 616 4793 ἀθάνατος
662 4733 699 4801 ἡ
730 4734 908 4808 ψυχὴ,
950 4734 1039 4788 ὁτὲ
1070 4731 1126 4789 δὲ
1156 4732 1240 4789 ὅτι
1271 4735 1465 4804 θνητή.
1499 4731 1572 4787 Ei’
1590 4752 1722 4787 ποτε
1752 4731 1844 4787 οὖν
1878 4729 2001 4787 ἒπε-

356 4821 536 4893 κράτει
570 4817 732 4896 λόγος
758 4822 841 4877 ὅτι
862 4821 1145 4894 ἀθάνατος,
1170 4822 1413 4898 ἔχαιρον·
1436 4821 1599 4878 ὁπότε
1622 4819 1681 4876 δὲ
1701 4819 1783 4876 ὅτι
1804 4822 2002 4894 θνητὴ,

359 4907 688 4982 ὲλνπούμην·
736 4907 929 4966 πλεῖον
973 4908 1031 4967 δὲ
1059 4915 1104 4950 ’⁸⁸
1150 4911 1420 4985 ἠθύμουν,
1465 4910 1548 4966 ὅτι
1599 4907 1715 4966 οὐδ’
1744 4908 2003 4986 ὁπότερον

358 4995 433 5059 εἷς
481 4999 571 5053 τὸν
620 4996 749 5073 ἐμὸν
796 4994 1089 5076 βεϐαιῶσαι
1135 5005 1261 5056 νοῦν
1292 4990 1599 5075 ἠδυνάμην·
1633 4997 1781 5069 πλὴν
1802 5002 1847 5036 ⁷⁸
1876 5020 2003 5055 συν-

2029 4100 2074 4169 C

2116 2688 2468 2747 dissolvetur
2497 2709 2512 2748 :
2544 2694 2601 2746 et
2642 2695 2775 2762 post
2817 2688 3263 2745 dissolutionem
3312 2687 3452 2759 quid
3501 2686 3612 2743 erit
3652 2687 3759 2742 ite-

2113 2796 2267 2850 rum,
2300 2778 2413 2836 nisi
2445 2780 2589 2835 forte
2618 2778 2919 2835 silentium
2950 2783 3007 2833 et
3036 2776 3294 2834 oblivio?
3326 2777 3392 2832 Et
3422 2776 3618 2832 forsan
3649 2774 3761 2832 erit

2113 2867 2357 2940 aliquid,
2388 2868 2541 2940 quod
2577 2884 2733 2923 nunc
2762 2867 3015 2940 cogitare
3039 2872 3125 2923 est
3158 2864 3543 2939 impossibile.

2184 2958 2255 3014 II.
2289 2958 2420 3014 Haec
2458 2962 2630 3029 atque
2674 2956 2769 3014 his
2816 2956 3053 3026 similia,
3087 2956 3284 3011 nescio
3333 2955 3507 3023 unde,
3540 2951 3761 3011 indesi-

2114 3051 2322 3102 nenter
2365 3046 2648 3120 cogitans,
2682 3046 2950 3101 acerbam
2997 3045 3139 3101 adeo
3186 3043 3310 3116 cepi
3340 3043 3661 3109 tristitiam,
3696 3045 3762 3099 ut

2115 3135 2393 3209 pallorem
2424 3151 2491 3191 ac
2518 3135 2881 3191 tabescerem
2915 3150 2929 3190 :
2963 3137 3020 3189 et
3048 3133 3202 3205 quod
3253 3131 3758 3199 molestissimum,

2114 3224 2165 3282 si
2194 3225 2422 3297 quando
2445 3240 2571 3279 eam
2605 3223 3059 3279 sollicitudinem
3079 3227 3359 3294 tanquam
3378 3221 3643 3276 inutilem
3671 3237 3760 3276 re-

2113 3313 2324 3386 pellere
2368 3312 2705 3385 cogitarem,
2738 3311 3137 3368 vehementior
3166 3310 3350 3366 multo
3396 3327 3487 3365 me
3520 3310 3763 3382 urgebat

2115 3402 2357 3459 aﬂ‘ectus
2382 3419 2395 3459 :
2429 3417 2675 3473 eamque
2698 3418 2819 3456 rem
2843 3417 2992 3473 aegre
3016 3400 3293 3466 ferebam,
3314 3399 3583 3455 nesciens
3605 3399 3759 3470 quod

2114 3491 2592 3549 contubernalem
2622 3489 2959 3562 praeclaram
2992 3488 3267 3545 haberem
3297 3504 3426 3544 eam
3458 3487 3759 3560 cogitatio-

2114 3598 2270 3651 nem,
2304 3597 2433 3652 quae
2485 3579 2628 3635 mihi
2676 3580 2831 3635 bona
2876 3578 3335 3635 immortalitatis
3386 3578 3531 3632 foret
3559 3592 3757 3646 causa,

2114 3668 2611 3742 quemadmodum
2644 3674 2844 3740 postea
2891 3667 3250 3739 experientia
3298 3666 3525 3737 agnovi,
3557 3670 3614 3720 et
3644 3665 3760 3721 Deo

2113 3763 2458 3815 cunctorum
2495 3758 2736 3813 Domino
2765 3755 2984 3829 gratias
3032 3756 3143 3829 egi.
3176 3756 3321 3811 Cum
3366 3758 3522 3811 enim
3565 3770 3657 3809 me
3686 3753 3759 3808 ab

2112 3848 2279 3903 initio
2310 3846 2410 3903 illa
2438 3846 2827 3902 consideratio
2860 3850 3168 3919 premeret,
3191 3846 3261 3900 ad
3297 3860 3489 3899 rerum
3521 3841 3762 3913 inquisi-

2111 3936 2330 3993 tionem
2361 3940 2417 3991 et
2448 3935 2845 3991 inventionem
2876 3935 3069 3991 venire
3110 3938 3346 3989 coactus
3378 3948 3511 3987 sum
3540 3948 3554 3986 :
3590 3937 3760 3987 tunc-

2111 4040 2223 4095 que
2255 4024 2502 4080 miseros
2525 4023 2809 4095 judicavi,
2846 4040 2994 4095 quos
3044 4022 3331 4095 principio
3364 4037 3464 4093 per
3493 4020 3765 4093 ignoran-

2109 4114 2252 4171 tiam
2284 4114 2484 4169 beatos
2515 4112 2828 4185 praedicare
2858 4128 3039 4168 ausus
3071 4112 3319 4167 fueram.

2183 4203 2282 4258 III.
2313 4202 2496 4275 Igitur
2518 4218 2651 4257 cum
2683 4218 2713 4256 a
2735 4201 2943 4274 puerili
2975 4200 3215 4257 aetatein
3236 4196 3574 4270 hujusmodi
3596 4196 3763 4270 dege-

2112 4307 2235 4348 rem
2268 4290 2741 4363 cogitationibus,
2775 4307 2891 4362 quo
2930 4290 3155 4362 aliquid
3202 4288 3341 4345 certi
3375 4287 3760 4356 addiscerem,

2112 4380 2183 4436 ad
2227 4379 2711 4452 philosophorum
2762 4379 3147 4434 adventabam
3193 4377 3463 4445 scholas;
3497 4374 3763 4447 nihilque

2111 4468 2270 4525 aliud
2320 4468 2653 4534 cernebam,
2712 4484 2891 4539 quam
2940 4468 3282 4539 dogmatum
3332 4467 3762 4522 destructiones

2110 4562 2168 4615 et
2200 4557 2609 4625 astructiones,
2641 4556 2781 4612 item
2807 4556 2937 4612 lites
2968 4562 3025 4612 et
3054 4554 3475 4620 contentiones,
3508 4557 3565 4609 et
3593 4551 3764 4624 syllo-

2111 4647 2438 4721 gismorum
2489 4646 2756 4715 artificia,
2807 4662 3029 4701 necnon
3078 4644 3483 4716 sumptionum
3531 4641 3759 4713 excogi-

2110 4734 2361 4791 tationes
2402 4752 2416 4791 :
2466 4738 2523 4790 et
2572 4735 2867 4789 interdum
2919 4734 3151 4805 quidem
3206 4730 3569 4804 praevalebat,
3601 4728 3761 4785 verbi

2111 4823 2322 4897 gratia,
2362 4823 2621 4879 animam
2672 4839 2801 4879 esse
2849 4821 3263 4891 immortalem,
3314 4820 3608 4877 interdum
3657 4835 3761 4875 au-

2110 4916 2229 4969 tem
2260 4910 2568 4968 mortalem
2612 4927 2760 4968 esse.
2788 4910 2847 4967 Si
2882 4911 3116 4983 quando
3163 4910 3344 4982 igitur
3370 4923 3563 4965 sermo
3592 4907 3664 4962 de
3693 4905 3763 4961 il-

2108 4999 2225 5058 lius
2282 4999 2722 5058 immortalitate
2774 5000 3025 5072 obtinat,
3082 4997 3382 5068 laetabar;
3441 5011 3579 5055 cum
3630 5011 3763 5053 vero

1708 5117 1948 5175 VARUS
1988 5115 2402 5175 LECTIONES.

421 5212 468 5300 fi
494 5212 916 5300 Scripserim‘c.
937 5209 1402 5300 _O_§s8uvnu§voc.,
1433 5215 1537 5300 sed
1564 5214 1765 5300 obstat
1792 5210 2119 5300 mincopula
2146 5214 2491 5300 praecedens.
2519 5212 2936 5300 Nomina’tivusn
2958 5211 3267 5300 absolutus
3298 5209 3512 5300 prima;
3541 5205 3763 5300 periodi

355 5284 696 5367 epigraphes
728 5286 903 5341 modo
933 5287 1038 5342 toti
1072 5284 1393 5342 narrationi
1425 5286 1723 5354 eleganter
1752 5284 2165 5359 praeﬁgereturl
2240 5286 2285 5321 “
2315 5284 2527 5344 πάντως
2554 5301 2722 5357 cong.
2755 5285 2815 5341 S.
2889 5286 2937 5321 ⁸⁵
2968 5286 3234 5341 Fortasse
3265 5284 3327 5336 ού
3370 5284 3438 5334 τὰ
3484 5284 3612 5333 ὄντα
3658 5293 3763 5349 pro

358 5372 453 5407 ουκ
481 5374 638 5415 οντας
668 5356 726 5411 S.
759 5358 907 5412 Tum
957 5356 1020 5411 ού
1064 5357 1168 5424 γὰρ
1216 5356 1459 5424 γεγονώς
1514 5358 1558 5413 Ο
1607 5374 1695 5424 pr.
1746 5374 1903 5412 man.
1980 5357 2025 5392 ⁷³
2054 5356 2158 5424 ἄρα
2185 5361 2244 5411 C.
2320 5358 2365 5393 τι
2396 5353 2543 5424 καίἤ
2575 5356 2641 5413 Ο.
2717 5357 2762 5391 ⁷³
2790 5355 3000 5424 ἀγαθῆς
3030 5357 3091 5411 C.
3168 5356 3212 5391 ⁷⁸
3240 5349 3533 5424 γενομένην
3563 5349 3644 5424 C;_
3680 5350 3760 5424 τῷ

358 5374 453 5407 ουκ
481 5374 638 5415 οντας
668 5374 726 5411 δ.
759 5374 907 5412 lum
957 5374 1020 5411 ού
1064 5376 1168 5431 γαρ
1216 5374 1459 5431 γεγονως
1514 5374 1558 5413 υ
1607 5374 1695 5430 pr.
1746 5374 1903 5412 man.
1986 5374 2025 5392 "
2054 5375 2158 5431 αρα
2185 5374 2244 5411 u.
2328 5374 2365 5393 ἰ
2396 5375 2540 5425 καιη
2575 5374 2641 5413 υ.
2724 5374 2761 5391 ⁸⁸
2790 5374 3000 5429 αγαθης
3030 5374 3091 5411 υ.
3174 5374 3212 5391 ⁸ο
3240 5374 3533 5427 γενομενην
3563 5374 3623 5403 υ.
3680 5374 3759 5417 τῳ

355 5431 484 5496 apte
513 5424 722 5480 πάντων
753 5428 964 5484 excidit
992 5445 1022 5485 e
1054 5430 1392 5485 recensione
1422 5425 2165 5497 Clerico-Schwegleriana.
2241 5427 2287 5462 7‘
2313 5426 2403 5481 ὁτὲ
2443 5426 2537 5499 μὲν
2568 5458 2638 5469 -
2669 5426 2760 5482 ὁτὲ
2790 5424 2847 5483 δέ
2875 5437 2911 5483 δ
2942 5428 3005 5494 0,
3051 5424 3141 5479 ὅτε
3192 5425 3287 5497 μὲν
3344 5454 3415 5465 -
3460 5419 3547 5475 ὅτε
3594 5416 3651 5473 δέ
3698 5422 3759 5475 C.

354 5497 507 5530 7"}11
543 5498 729 5530 Lanam
781 5499 979 5530 οηηηιιῖ
1028 5517 1090 5530 Αυ
1141 5506 1186 5530 Ιὶ
1260 5506 1440 5530 Π-Ληη
1494 5499 1714 5530 ηηηηιῖἶι
1772 5499 2009 5530 Dno'lnmn
2081 5514 2254 5530 nnanm
2303 5500 2650 5530 nr'mnnnn‘n
2694 5500 2970 5530 Pn‘nlnn:n
3020 5503 3056 5530 Ω
3108 5498 3164 5530 δη
3201 5496 3478 5530 ηηνῖιῖηττὶ
3513 5490 3733 5530 υηηονίίν

375 5494 511 5571 ξιιει
542 5498 731 5571 locum
781 5499 982 5571 sanavi
1026 5517 1094 5571 ex
1141 5506 1204 5557 Ο.
1256 5506 1443 5571 Prope
1473 5499 1718 5571 _accedit
1766 5494 2029 5570 Epitbme,
2080 5514 2257 5571 quam
2301 5494 2651 5555 admonente
2694 5498 3168 5571 CoteleriogSin
3194 5494 3483 5571 auxilium
3513 5494 3756 5571 vocavit.

354 5568 617 5642 νὺὺίδτι
645 5570 838 5641 θνητὴ,
872 5568 1212 5642 ἐλυπούμην·
1246 5568 1437 5625 πλεῖον
1469 5568 1527 5625 δὲ

354 5640 758 5709 intelligebam,

354 5659 758 5767 Imel'sﬂeoam,
823 5659 931 5699 uoa
957 5659 1249 5701 scmus
1274 5659 1339 5699 ac
1357 5659 1709 5715 denmuones
1735 5666 1737 5696 ;

354 5710 458 5784 def
551 5712 757 5769 entiam
775 5659 950 5785 falsae
977 5716 1419 5787 imaginarcntur
1444 5718 1543 5771 aut
1569 5728 1737 5772 verae.

1564 5565 1817 5642 ἠθύμουν
1844 5570 2057 5625 desunt
2082 5565 2145 5625 i'n
2195 5574 2354 5627 textu
2398 5571 2479 5627 Ci.
2558 5571 2603 5608 7‘
2651 5571 2900 5627 Ruﬁnus
2955 5568 3207 5625 clarius:
3257 5566 3352 5642 sed
3398 5565 3496 5619 hoc
3531 5565 3759 5642 tantum

823 5634 931 5699 ὶιοά
957 5634 1249 5701 sententiae
1274 5659 1339 5699 ae
1357 5634 1709 5715 deﬁnitione}
1735 5657 1927 5701 rerum
1952 5656 2065 5698 non
2089 5656 2190 5714 pro
2216 5644 2423 5699 natura
2448 5643 2539 5699 sui
2567 5658 2632 5698 ac
2654 5645 2889 5701 veritate
2916 5656 3231 5709 causarum,
3262 5636 3353 5692 sed
3386 5648 3488 5711 pro
3518 5634 3759 5708 ingenii:
