4116 6224
292 348 369 408 59
1116 348 1180 409 S.
1228 348 1671 410 CLEMENTIS
1713 349 1738 409 l
1784 348 1975 410 ROM.
2018 347 2248 410 PONT.
2294 345 2556 409 OPERA
2597 345 2865 408 DUBIA.
3074 348 3077 353 ’
3613 342 3690 401 ιὈ

295 495 489 535 sermo
517 480 589 536 de
636 478 1008 552 mortalitate,
1037 480 1223 537 tristis
1269 497 1427 537 eram
1462 498 1475 537 :
1511 481 1699 555 magis
1743 489 1934 538 autem

2056 477 2237 535 ενόουν
2309 476 2391 534 ὅτι
2450 478 2505 533 αἱ
2562 475 2712 549 δόξαι
2792 480 2901 532 τῶν
2963 474 3264 532 ύποθέσεων
3340 473 3486 551 παρά
3560 474 3686 536 τοὺς

299 585 503 624 rursus
537 567 799 623 animum
833 569 1287 641 despondebam,
1322 572 1476 643 quod
1510 575 1779 627 neutrum
1810 588 1934 643 pos-

2050 565 2390 630 ἐκδικοῦντας
2480 564 2695 641 ψευδεῖς
2776 565 2810 636 ἢ
2889 564 3112 637 ἀληθεῖς
3190 558 3686 638 ὑπολαμϐάνονται,

296 675 418 713 sem
450 657 631 710 menti
657 673 793 711 mea
815 656 1299 729 inﬁgerezverum
1319 659 1657 730 reputabam
1685 676 1936 726 mecum,

295 745 621 801 sententias
666 747 1187 802 controversiarum
1223 765 1324 819 pro
1354 748 1575 804 viribus
1605 765 1938 821 propugna-

292 840 486 889 torum
521 851 682 889 veras
714 840 812 889 aut
844 835 1020 891 falsas
1049 836 1389 903 existimari,
1419 854 1534 892 non
1566 842 1761 892 autem
1793 837 1938 893 tales

292 922 494 988 videri,
526 921 729 993 quales
760 940 955 978 revera
999 929 1156 979 sunt.
1188 924 1319 979 Jam
1352 924 1530 995 igitur
1572 925 1937 980 animadver-

290 1014 417 1065 tens
449 1010 1024 1081 comprehensionem
1061 1028 1174 1066 non
1225 1011 1362 1066 oriri
1410 1029 1478 1067 ex
1509 1013 1684 1068 rebus
1715 1013 1786 1067 ad
1819 1011 1937 1084 agi-

286 1100 533 1153 tandum
574 1099 906 1170 propositis,
941 1100 1041 1154 sed
1091 1118 1193 1172 pro
1243 1100 1475 1171 ingenio
1506 1100 1935 1172 disputantium

286 1187 463 1242 statui
495 1188 793 1259 dogmata,
836 1188 1029 1244 adhuc
1077 1190 1265 1261 magis
1294 1189 1455 1245 hisce
1502 1190 1571 1244 de
1603 1190 1779 1245 rebus
1806 1206 1935 1261 per-

285 1275 487 1347 plexus
518 1276 805 1331 haarebam
843 1292 856 1330 :
890 1293 1069 1348 quare
1100 1294 1168 1332 ex
1191 1278 1403 1332 anima:
1427 1278 1716 1348 profundo
1743 1295 1936 1350 geme-

284 1366 420 1421 bam
447 1382 460 1432 ;
495 1381 682 1435 neque
703 1365 860 1419 enim
894 1370 1155 1436 poteram
1176 1365 1329 1421 firmi
1361 1365 1579 1436 aliquid
1603 1367 1931 1441 decernere,

287 1469 475 1524 neque
523 1454 592 1507 de
641 1453 769 1507 istis
819 1452 1273 1509 sollicitudinem
1321 1454 1583 1510 valebam
1624 1455 1931 1528 depellere,

285 1542 417 1611 etsi,
464 1542 961 1613 quemadmodum
1012 1541 1128 1597 dixi
1178 1548 1367 1610 antea,
1400 1543 1458 1598 id
1506 1544 1753 1613 vellem;
1788 1561 1934 1617 quo-

286 1631 466 1701 niam,
500 1647 632 1685 cum
683 1629 826 1686 mihi
878 1632 1210 1702 frequenter
1256 1631 1509 1703 quietem
1559 1632 1928 1705 imperarem,
2026 1663 2032 1669 ι

284 1719 479 1774 nescio
512 1736 626 1790 quo
651 1719 823 1774 modo
853 1717 1101 1775 latenter
1120 1719 1329 1775 horum
1361 1736 1495 1777 cum
1518 1720 1811 1793 voluptate
1837 1737 1930 1777 su-

281 1807 446 1863 bibat
475 1824 567 1863 me
592 1807 886 1879 cogitatio.

353 1900 448 1951 IV.
485 1900 553 1951 Et
582 1896 795 1952 iterum
819 1895 1095 1953 haesitans
1125 1896 1389 1954 dicebam
1421 1899 1577 1971 apud
1610 1915 1702 1955 me
1730 1917 1743 1955 :
1779 1898 1929 1964 Quid

280 1986 534 2042 inaniter
563 1985 782 2057 laboro,
816 2002 951 2041 cum
1000 1986 1312 2043 manifesta
1358 1987 1435 2043 sit
1473 1988 1619 2043 res?
1667 1989 1829 2056 Quod
1878 1988 1929 2046 si

281 2074 516 2146 quidem
550 2079 681 2145 post
711 2077 957 2130 mortem
989 2091 1102 2130 non
1147 2092 1266 2142 ero,
1298 2092 1475 2144 nunc,
1508 2077 1740 2149 quando
1771 2095 1926 2146 sum,

282 2162 614 2218 contristari
649 2178 740 2218 me
769 2179 884 2218 non
916 2167 1160 2235 oportet.
1205 2164 1484 2230 Quocirca
1524 2164 1826 2221 tristitiam
1856 2167 1928 2222 ad

280 2251 449 2307 illum
481 2250 634 2307 diem
656 2251 1052 2322 rcservabo,in
1082 2270 1214 2323 quo.
1233 2269 1367 2308 cum
1392 2252 1625 2310 futurus
1649 2271 1763 2311 non
1792 2255 1926 2325 sim,

282 2358 397 2396 non
448 2340 855 2396 contristabor.
906 2341 962 2394 Si
1013 2346 1209 2397 autem
1261 2358 1377 2410 ero,
1425 2359 1529 2398 cur
1573 2360 1729 2399 nunc
1786 2344 1930 2400 mihi

283 2428 579 2502 superﬂuo
612 2428 762 2484 inest
791 2428 1075 2485 tristitia?
1105 2429 1432 2502 Statimque
1462 2436 1663 2503 postea
1692 2432 1807 2488 alia
1838 2450 1931 2489 me

283 2518 464 2576 subiit
496 2516 789 2590 cogitatio.
814 2517 1087 2573 Dicebam
1120 2518 1591 2591 quippezAnnon
1622 2520 1741 2577 illic
1762 2523 1932 2594 pejus

284 2607 587 2681 quidpiam
619 2623 685 2663 eo
716 2607 872 2679 quod
897 2624 989 2662 me
1011 2623 1166 2663 nunc
1197 2608 1438 2680 cruciat,
1460 2627 1744 2681 passurus
1773 2628 1929 2683 sum,

283 2698 333 2753 si
363 2697 456 2769 pie
488 2712 603 2751 non
650 2696 867 2762 vixero,
899 2711 964 2751 ac
1008 2697 1333 2752 secundum
1381 2699 1770 2769 quorumdam
1805 2700 1932 2771 phi-

282 2785 663 2857 losophorum
695 2801 994 2840 sermones
1045 2783 1581 2859 Pyriphlegethonti
1612 2789 1933 2845 tradendus

284 2892 417 2931 sum
439 2878 495 2929 et
519 2874 1294 2945 Tartaro,quemadmodum
1320 2875 1603 2948 Sisyphus
1620 2876 1708 2933 vel
1729 2876 1933 2950 Tityus

282 2963 373 3020 vel
406 2964 567 3018 Ixion
598 2960 687 3017 vel
731 2962 1036 3032 Tantalus,
1070 2966 1246 3034 atque
1276 2965 1336 3019 in
1382 2963 1610 3020 inferno
1650 2970 1933 3023 aeternum

283 3050 495 3124 puniar
512 3051 539 3106 ?
568 3056 900 3123 Iterumque
924 3050 1277 3123 replicabam
1306 3052 1504 3108 dicens
1521 3071 1533 3109 :
1549 3053 1659 3110 Sed
1684 3054 1795 3111 ista
1817 3072 1933 3111 non

286 3146 444 3197 sunt.
480 3144 822 3211 Rursusque
872 3140 1097 3196 aiebam
1133 3158 1145 3196 :
1179 3143 1253 3196 At
1282 3141 1330 3197 si
1360 3147 1520 3197 sunt.
1554 3143 1697 3199 Cum
1730 3143 1930 3217 igitur,

286 3228 647 3301 inquiebam,
679 3229 900 3284 incerta
929 3246 1020 3285 res
1046 3230 1143 3295 sit,
1178 3229 1360 3285 multo
1391 3230 1579 3304 magis
1598 3215 1935 3305 extra—peri-
1964 3215 2008 3285 C

288 3318 486 3374 culum
516 3321 605 3373 est
634 3318 726 3389 pie
750 3333 842 3373 me
874 3318 1081 3373 vivere.
1114 3319 1183 3374 Et
1211 3335 1323 3389 quo
1352 3324 1518 3391 pacto
1538 3321 1785 3392 justitize
1804 3338 1936 3394 gra-

286 3407 391 3475 tia,
424 3408 493 3463 ad
527 3407 810 3464 incertam
866 3406 1182 3479 respiciens
1214 3425 1402 3479 spem,
1434 3414 1631 3481 potero
1679 3413 1937 3483 corporis

289 3496 623 3567 voluptates
654 3494 1080 3567 comprimere?
1111 3496 1219 3551 Sed
1254 3513 1357 3552 nec
1388 3497 1670 3569 quidnam
1702 3498 1779 3554 sit
1801 3502 1936 3571 jus-

291 3587 417 3639 tum
448 3583 564 3640 Deo
592 3588 916 3655 acceptum,
938 3582 1108 3655 plene
1129 3588 1403 3658 certoque
1428 3587 1581 3655 novi,
1604 3604 1707 3643 nec
1739 3593 1936 3644 utrum

293 3672 488 3730 anima
525 3671 876 3729 immortalis
905 3673 982 3728 sit
1028 3689 1335 3746 cognosco,
1370 3692 1443 3731 an
1496 3676 1800 3733 mortalis:
1834 3694 1934 3733 ne-

293 3778 406 3834 que
438 3760 557 3817 ulla
585 3766 740 3818 certa
788 3761 934 3817 ratio
980 3762 1295 3832 invenitur,
1328 3780 1519 3836 neque
1568 3764 1678 3821 hos
1724 3766 1939 3822 mentis

293 3854 489 3906 motus
519 3850 721 3905 sedare
753 3866 1014 3921 possum.

371 3939 431 3991 V.
466 3939 612 4004 Quid
653 3939 834 4012 igitur
866 3957 959 3995 me
1009 3939 1196 3995 facere
1244 3944 1489 4012 oportet,
1526 3941 1637 3997 nisi
1691 3941 1847 3999 hoc?
1875 3947 1940 3998 In

294 4028 607 4099 {Egyptum
641 4027 995 4099 proficiscar,
1020 4032 1077 4083 et
1105 4028 1411 4101 adytorum
1442 4028 1844 4103 hierophantis
1875 4048 1940 4088 ac

294 4118 596 4190 praphctis
623 4117 848 4174 amicus
896 4116 1137 4188 efﬁciar,
1170 4134 1457 4190 magoque
1487 4120 1732 4188 quaesito
1765 4124 1823 4177 et
1853 4121 1941 4177 in-

293 4213 463 4260 vento
496 4204 683 4260 multa
714 4206 960 4277 pecunia
989 4207 1369 4277 persuadebo,
1404 4212 1469 4262 ut
1498 4208 1707 4265 animae
1737 4226 1941 4266 evoca-

294 4293 535 4362 tionem,
570 4311 748 4367 quam
797 4295 1255 4352 necromantiam
1308 4301 1534 4363 vocant,
1578 4298 1772 4368 faciat,
1820 4303 1945 4356 tan-

297 4400 473 4456 quam
501 4384 767 4441 videlicet
786 4400 891 4456 ego
923 4385 992 4440 dc
1024 4384 1218 4456 aliquo
1243 4385 1477 4457 negotio
1509 4385 1774 4443 scisciter
1797 4405 1810 4444 :
1835 4389 1945 4445 erit

298 4478 490 4529 autem
546 4473 945 4545 interrogatio,
990 4478 1056 4530 ut
1103 4474 1327 4530 discam
1379 4478 1574 4531 utrum
1623 4477 1821 4534 anima
1868 4478 1946 4535 sit

2045 657 2135 712 καὶ
2176 656 2287 733 οὐχ
2316 657 2390 719 ὡς
2442 651 2660 732 ἔχουσιν
2714 654 2969 725 ἀληθείας
3018 653 3311 732 φαίνονται.
3363 654 3686 723 Ἐπιστήσας

2047 746 2138 801 οὗν
2170 743 2280 815 ἤδη
2335 744 2469 800 ποτὶ
2515 743 2598 800 ὅτι
2629 742 2692 800 οὐ
2721 743 2865 819 παρὰ
2890 744 2985 806 τὰς
3018 739 3400 815 ἐκδικουμένας
3430 745 3525 800 27
3560 740 3689 796 ὑπο-

2048 837 2216 913 θεσεις
2264 837 2299 905 ἡ
2347 832 2654 906 κατάληψις
2698 830 2926 907 γίνεται,
2969 829 3115 887 ἀλλᾶ
3172 831 3316 905 παρᾶ
3368 829 3494 893 τοὺς
3545 827 3687 885 ἐκδι-

2043 922 2269 985 κοῦντας
2298 924 2352 978 αἱ
2385 919 2531 993 δόξαι
2563 920 2923 1000 ἀποφέρονται
2954 923 3020 992 ⁷⁷,
3080 914 3156 975 ἔτι
3189 918 3401 993 μᾶλλον
3435 919 3683 996 ἰλιγγιῶν

2046 1012 2096 1067 ἐν
2160 1017 2279 1074 τοῖς
2343 1010 2676 1087 πράγμασιν.
2731 1010 2825 1066 Διὸ
2884 1009 2944 1065 ἐκ
2996 1013 3093 1064 τοῦ
3120 1015 3221 1079 τῆς
3258 1011 3443 1085 ψυχῆς
3493 1009 3686 1083 βάθους

2045 1101 2341 1170 ἐστέναζον·
2402 1099 2525 1155 οὔτε
2572 1100 2675 1175 γάρ
2723 1120 2777 1154 τι
2830 1093 3122 1175 βεϐαιῶσαι
3163 1096 3278 1159 οἷός
3310 1100 3380 1153 ’τ’
3420 1101 3463 1135 ⁷⁸
3510 1097 3686 1170 ἢμην,

2045 1188 2169 1246 οῦτε
2217 1191 2317 1260 τὴν
2361 1193 2467 1245 τῶν
2515 1188 2777 1243 τοιούτων
2825 1184 3081 1265 φροντίδα
3137 1184 3518 1242 ἆποσεῖσασθαι
3569 1186 3689 1242 ἐδυ-

2044 1278 2245 1353 νάμην,
2295 1278 2488 1349 καίπερ
2545 1276 2901 1353 βουλόμενος,
2952 1276 3027 1339 ὡς
3056 1279 3105 1314 ⁷9
3132 1274 3330 1355 φθάσας
3355 1276 3502 1331 εἶπον
3530 1294 3543 1308 ·
3604 1274 3689 1330 ὅτι

2045 1365 2263 1441 ἐμαυτῷ
2312 1364 2641 1442 πυκνότερον
2684 1365 2978 1441 ἡσυχάζειν
3012 1364 3406 1431 ἐπιτάσσοντος,
3458 1363 3556 1420 οῦκ
3587 1362 3689 1419 οἶδ’

2043 1454 2192 1517 ὅπως
2216 1456 2261 1492 ⁸ο
2309 1451 2681 1515 λανθανόντως
2733 1454 2849 1527 μεθ’
2896 1449 3098 1522 ἡδονῆς
3131 1451 3158 1506 ὁ
3189 1455 3294 1505 τῶν
3325 1450 3584 1506 τοιούτων
3623 1470 3689 1524 με

2043 1544 2333 1621 εὶσήρχετο
2365 1541 2654 1621 λογισμός.

2108 1898 2204 1956 VI.
2236 1893 2338 1952 Καὶ
2366 1892 2531 1951 πάλιν
2560 1893 2937 1968 ἀπορούμενος
2969 1891 3154 1973 ἔλεγον
3189 1892 3430 1970 ἐμαυτῷ·
3482 1892 3543 1949 Τί
3578 1914 3686 1967 μαο

2037 1989 2332 2059 ταιοπονῶ,
2386 1988 2586 2064 σαφοῦς
2636 1982 2790 2047 ὄντος
2819 1988 2917 2040 τοῦ
2947 1983 3307 2061 πράγματος;
3366 1983 3448 2038 ὅτι
3480 1981 3527 2038 εί
3587 1982 3682 2055 μὲν

2040 2075 2212 2131 θανὼν
2245 2070 2345 2130 οῦκ
2373 2072 2508 2148 εἷ’μι,
2539 2070 2626 2128 νῦν
2665 2072 2792 2129 ὄντα
2825 2094 2892 2146 με
2922 2070 3209 2128 λυπεῖσθαι
3233 2071 3296 2128 οῦ
3325 2077 3595 2146 προσῆκεν
3619 2073 3689 2128 εί.

2042 2164 2137 2220 Διὸ
2182 2166 2411 2241 τηρήσω
2455 2163 2519 2219 τὸ
2566 2160 2850 2218 λυπεῖσθαι
2901 2161 2979 2225 εἰς
3016 2162 3116 2231 τήν
3172 2161 3315 2231 τότε,
3366 2161 3456 2216 ὅτε
3486 2160 3585 2216 οὐκ
3614 2159 3687 2213 ὥν

2042 2253 2104 2310 οὐ
2148 2251 2565 2326 λυπηθήσομαι.
2619 2250 2683 2307 Εἰ
2734 2249 2779 2307 δ’
2825 2252 2927 2329 ἄρα
2976 2249 3112 2325 εἰμὶ,
3145 2249 3198 2306 τί
3227 2254 3314 2305 νῦν
3351 2249 3410 2305 ἐκ
3437 2253 3694 2325 περισσοῦ

2045 2364 2139 2417 μοι
2182 2341 2435 2419 πρόσεστι
2479 2342 2542 2397 τὸ
2585 2338 2905 2411 λυπεῖσθαι;
2956 2340 3059 2398 Καὶ
3110 2339 3309 2405 εὐθέως
3360 2338 3494 2414 μετά
3533 2342 3695 2394 τοῦτο

2037 2426 2221 2508 ’ἐτερός
2258 2451 2325 2505 με
2355 2430 2524 2505 εἰσῄει
2575 2427 2864 2507 λογισμός.
2915 2428 3143 2505 Ἔλεγον
3191 2430 3315 2506 γάρ.
3347 2429 3436 2499 Μή
3474 2426 3528 2483 τί
3558 2429 3607 2464 ⁸²
3635 2448 3696 2502 γε

2037 2525 2137 2577 τοῦ
2183 2525 2276 2575 νῦν
2326 2541 2394 2594 με
2444 2519 2745 2582 λυποῦντος
2800 2518 2912 2574 ἐκεῖ
2960 2523 3151 2595 χεῖρον
3193 2518 3380 2572 παθεῖν
3414 2514 3550 2592 ἔχω,
3612 2517 3688 2589 μή

2046 2605 2332 2688 βεϐιωκὼς
2382 2605 2636 2680 εὐσεϐῶς,
2689 2606 2778 2664 καὶ
2842 2606 3295 2685 παραδοθήσομαι
3360 2608 3477 2661 κατ’
3537 2604 3690 2659 ἐνίων

2043 2694 2356 2779 φιλοσόφων
2397 2695 2598 2773 λόγους
2654 2694 3110 2775 Πυριφλεγέθοντι
3158 2697 3249 2752 καὶ
3293 2696 3561 2772 Ταρτάρῳ
3618 2694 3692 2757 ὡς

2045 2788 2279 2867 Σίσυφος
2340 2786 2369 2840 ύ
2423 2786 2612 2850 Τίτυὸς
2643 2789 2689 2824 ⁸³
2739 2788 2775 2857 ἢ
2807 2786 2978 2860 Ἰξίων
3026 2786 3061 2856 ἢ
3094 2784 3389 2857 Τάνταλος,
3447 2785 3537 2839 καὶ
3570 2782 3689 2839 ἔσο-

2047 2898 2141 2953 μαι
2169 2876 2219 2932 ἐν
2248 2874 2377 2949 ᾅδου
2394 2875 2487 2931 τὸν
2509 2876 2679 2931 αἰῶνα
2698 2874 3105 2945 κολαζόμενος;
3132 2873 3301 2931 Πάλιν
3324 2874 3369 2911 ⁸⁸
3388 2894 3448 2928 τε
3467 2871 3695 2929 ἀνθυπὲ-

2043 2987 2226 3047 φερον.
2260 2965 2454 3043 λὲγων.
2486 2964 2647 3021 Ἀλλ’
2676 2964 2773 3019 οὐκ
2804 2959 2916 3020 ἔστι
2944 2963 3235 3020 ταῦτα.Καὶ
3265 2960 3429 3018 πάλιν
3464 2960 3651 3037 ἔλεγον
3678 2982 3692 2996 ·

2042 3055 2106 3112 Εἰ
2138 3053 2196 3110 δὲ
2225 3050 2365 3110 ἔστιν
2391 3073 2406 3124 ;
2437 3050 2681 3124 Ἀδήλου
2702 3055 2748 3090 ⁸⁸
2777 3050 2866 3109 οῦν
2900 3048 3049 3115 ὄντος
3097 3056 3195 3107 τοῦ
3221 3050 3543 3128 πράγματος
3575 3048 3698 3105 ἕλε-

2042 3165 2160 3221 γον,
2218 3140 2627 3216 ἀκινδυνότερόν
2679 3141 2788 3197 ἐστι
2841 3140 3055 3215 μᾶλλον
3106 3136 3338 3202 εὐσεϐῶς
3376 3135 3571 3195 ϐιῶσαί
3605 3160 3690 3213 με.

2046 3233 2145 3287 Καὶ
2192 3237 2310 3295 πῶς
2362 3234 2463 3291 28
2511 3229 2811 3304 δυνήσομαι
2856 3235 2954 3286 τοῦ
2996 3228 3205 3285 δικαίου
3238 3227 3420 3305 χάριν,
3454 3230 3528 3291 εὶς
3560 3225 3693 3295 ἄδη-

2048 3319 2144 3377 λον
2179 3319 2374 3377 ἐλπίδα
2402 3321 2644 3399 ἀφορῶν,
2673 3324 2779 3375 τῶν
2805 3323 2903 3375 τοῦ
2934 3320 3185 3393 σώματος
3208 3324 3422 3393 κρατεῖν
3442 3314 3654 3388 ἡδονῶν
3678 3334 3693 3387 ;

2048 3409 2208 3467 Ἀλλ’
2235 3408 2361 3466 οῦδὲ
2387 3409 2440 3465 τί
2472 3410 2603 3465 ποιέ
2636 3408 2745 3465 ἐστι
2778 3406 2982 3464 δίκαιον
3016 3406 3238 3485 ἄρεσκον
3261 3410 3305 3444 ⁸⁵
3334 3411 3450 3479 Θεῷ
3476 3404 3695 3477 πεπλη-

2050 3499 2389 3578 ροφόρημαι,
2436 3495 2561 3554 οὔτε
2609 3496 2655 3553 εί
2703 3500 2737 3568 ἡ
2789 3499 2941 3574 ψυχὴ
2977 3497 3235 3560 ἀθάνατος
3264 3497 3298 3567 ἢ
3332 3496 3502 3567 θνητή
3530 3497 3699 3572 γινώ-

2050 3607 2182 3643 σκω·
2243 3586 2369 3643 οὕτε
2416 3608 2499 3650 τις
2528 3584 2694 3663 λόγος
2740 3582 2957 3663 βέϐαιος
2988 3586 3285 3662 εὑρίσκεται
3317 3583 3440 3641 οὔτε
3464 3589 3571 3641 τῶν
3602 3606 3697 3640 το-

2054 3676 2246 3734 ιούτων
2280 3675 2566 3754 λογισμῶν
2598 3675 2891 3752 ἡσυχάζειν
2926 3673 3179 3749 δύναμαι.

2120 3946 2187 4001 ν.
2236 3943 2298 3999 Τί
2348 3944 2440 3999 οῦν
2490 3943 2602 4021 χρὴ
2653 3947 2827 3998 ποιεῖν
2877 3941 2911 4012 ἢ
2959 3946 3125 3997 τοῦτο
3156 3944 3239 4013 ⁸“²;
3300 3942 3393 4005 Εἷς
3423 3939 3700 4017 Αῗγυπτον

2049 4032 2414 4110 πορεὺσομαι,
2472 4034 2563 4088 καὶ
2618 4036 2737 4095 τοῖς
2785 4036 2890 4087 τῶν
2941 4028 3150 4086 ἀδύτων
3186 4032 3524 4109 ἱεροφάνταις
3572 4051 3630 4084 τε
3658 4033 3702 4068 ⁸⁸

2049 4122 2138 4177 καὶ
2170 4124 2479 4198 προφήταις
2530 4118 2968 4201 φιλιωθήσομαι,
3016 4120 3107 4175 καὶ
3139 4118 3309 4195 μάγον
3346 4120 3581 4190 ζητήσας
3611 4119 3703 4173 καὶ

2051 4210 2226 4286 εὑρὼν
2256 4213 2506 4287 χρήμασι
2536 4207 2776 4272 πολλοῖς
2805 4208 2976 4264 πείσω
3008 4208 3159 4270 ὅπως
3214 4210 3397 4284 ψυχῆς
3451 4208 3698 4281 ἀναπομ-

2051 4301 2183 4369 πὴν,
2233 4300 2333 4370 τήν
2385 4299 2684 4376 λεγομένην
2735 4296 3148 4373 νεκρομαντείαν
3180 4299 3226 4334 ⁸9
3272 4298 3495 4370 ποιήσῃ,
3567 4295 3702 4370 ἐμοῦ

2052 4388 2127 4452 ὡς
2157 4388 2281 4464 περὶ
2327 4388 2646 4465 πράγματός
2690 4408 2838 4450 τινος
2882 4385 3311 4460 πυνθανομένουο
3359 4386 3394 4456 ἡ
3429 4381 3487 4439 δὲ
3516 4389 3703 4447 πεῦσις

2052 4472 2200 4533 ἔσται
2228 4478 2351 4555 περὶ
2379 4482 2480 4533 τοῦ
2513 4478 2698 4551 μαθεῖν
2727 4475 2775 4532 εί
2807 4476 3065 4537 ἀθάνατος
3096 4476 3131 4545 ἡ
3163 4475 3339 4550 ψυχή.
3380 4474 3442 4529 Ἡ
3497 4470 3554 4528 δὲ
3599 4480 3700 4543 τῆς

298 4561 669 4619 immortalis.
692 4564 764 4619 At
795 4563 1100 4637 responsio
1131 4563 1341 4619 animae
1364 4563 1436 4620 de
1464 4581 1572 4621 sua
1593 4564 1934 4623 immortali-

2051 4569 2236 4644 ψυχῆς
2288 4566 2593 4644 ἀπόκρισις,
2666 4565 2748 4622 ὅτι
2808 4563 3066 4627 ἀθάνατός
3126 4562 3292 4633 ἐστιν,
3347 4561 3446 4617 οὐκ
3504 4562 3565 4652 ἐκ
3603 4566 3701 4617 τοῦ

297 4652 415 4706 tate
444 4668 559 4707 non
590 4667 659 4708 ex
688 4649 921 4724 loquela
963 4652 1151 4725 ipsius
1198 4656 1300 4708 aut
1328 4668 1459 4709 mea
1507 4654 1805 4711 auditione
1834 4656 1934 4712 erit

2053 4652 2294 4726 λαλῆσαι
2326 4656 2361 4727 ἢ
2412 4654 2501 4711 καὶ
2535 4655 2759 4711 ἀκοῦσαι
2808 4651 2953 4709 ἔσται
2984 4655 3028 4690 ⁹⁰
3087 4672 3183 4725 μοι
3212 4654 3437 4727 γνῶναι,
3468 4647 3597 4705 ἀλλ’
3643 4649 3702 4704 ἐκ

300 4736 443 4795 mihi
474 4744 790 4812 comperta,
822 4741 923 4798 sed
973 4758 1041 4799 ex
1087 4740 1213 4798 sola
1260 4740 1518 4816 visione;
1550 4746 1614 4799 ut
1660 4742 1752 4800 his
1798 4743 1934 4817 ipsis

2050 4749 2148 4801 τοῦ
2178 4744 2412 4825 ἁφθῆναι
2447 4744 2635 4820 μόνον,
2665 4743 2773 4816 ἳνα,
2802 4740 2988 4806 αὐτοῖς
3020 4740 3325 4822 ὀφθαΑμοῖς
3359 4736 3487 4795 ἰδὼν
3508 4738 3701 4810 αὐτὴν,

1656 4914 1893 4973 νΑΡιΙλΕ
1932 4914 2344 4975 LECTIONES.

366 5040 412 5125 73
441 5038 546 5096 Hic
603 5055 837 5125 quoque
870 5037 1205 5125 ,lhe’gendu’m
1229 5040 1347 5125 "est
1400 5036 1810 5125 ᾀποφαίνονται,
1874 5042 2109 5125 utMEpit.
2167 5058 2294 5125 cap.
2331 5040 2379 5125 ἓ
2568 5037 3125 5125 ’δ’τὲῃϐηευδίιιᾲο
3180 5031 3308 5091 οὐδέ
3336 5051 3439 5121 pro
3472 5030 3595 5125 alite

297 5108 446 5199 τυφὼς
476 5127 592 5166 om.
618 5106 691 5167 Ὁ.
738 5106 813 5147 ’⁸ο
837 5106 1104 5195 deorum
1135 5110 1199 5167 Ο.
1229 5109 1378 5166 Tum
1414 5111 1494 5168 id.
1525 5106 1627 5183 ’μοι
1676 5130 1735 5203 ρξ
1790 5106 1858 5186 με
1928 5113 1970 5149 δι
2006 5106 2277 5189 προσήκει
2323 5113 2464 5185 Epit.
2515 5128 2567 5168 0.
2619 5112 2674 5167 4.
2725 5111 2994 5201 qutasse
3035 5107 3111 5170 εἷς
3154 5106 3453 5199 τηνικαῦτα
3624 5106 3702 5166 εἰς

297 5201 397 5237 την
449 5179 574 5236 τότε
628 5183 741 5237 Cfr.
800 5186 945 5237 Brut.
1002 5182 1042 5237 l.
1102 5198 1151 5237 ο.
1187 5181 1248 5237 S.
1324 5182 1372 5217 ⁸³
1429 5178 1619 5237 ἔλεγον
1676 5202 1798 5237 γαρ-
1855 5181 1900 5237 εἶ
1944 5184 2020 5237 ατί
2061 5189 2121 5237 C.
2195 5184 2243 5225 ⁸³
2293 5182 2485 5237 Τίτυος
2510 5188 2569 5237 C.
2643 5183 2691 5218 ⁸⁸
2719 5202 2808 5236 και
2838 5178 3002 5236 πάλιν
3031 5199 3093 5235 τε
3120 5179 3185 5237 Ο.
3261 5181 3308 5216 ⁸³
3339 5199 3402 5233 ου
3435 5174 3500 5237 δή
3548 5197 3610 5231 ου
3639 5178 3701 5234 C.

294 5181 397 5249 τήν
449 5179 574 5236 τότε
628 5183 741 5238 Cfr.
773 5186 945 5265 ,Epit.
1002 5182 1042 5237 l.
1102 5198 1151 5237 ο.
1187 5181 1248 5237 S.
1324 5182 1372 5217 ⁸³
1429 5178 1619 5266 ἔλεγον
1676 5178 1802 5269 γὰρ,
1833 5181 1900 5267 ,εἶ
1944 5184 2020 5267 μτή
2054 5178 2121 5241 Ὀ.
2176 5178 2243 5225 ’⁸³
2293 5178 2485 5268 ’ζίέυος
2510 5188 2569 5240 C.
2643 5183 2691 5218 ⁸⁸
2719 5180 2808 5267 καὶ
2838 5178 3093 5266 πάλινοτε
3256 5181 3308 5264 ξδ
3339 5178 3402 5233 οὗ
3435 5178 3610 5305 δήλου
3639 5178 3701 5234 C.

297 5254 342 5331 δέ
381 5249 599 5331 δίκαιον
623 5251 721 5331 ’καὶ
753 5251 975 5331 ᾇιρεσκον
1007 5256 1065 5308 C.
1093 5253 1144 5331 _"'
1176 5251 1565 5331 _Scb.weglero
1594 5259 1941 5331 invitante”
1971 5257 2801 5331 interpunctionemumntavx,
2859 5270 2974 5331 non
3014 5255 3199 5331 ιῐινιιι)ἶ
3224 5250 3445 5331 _indole
3516 5266 3704 5331 ingnia

298 5326 715 5407 GraecaelEdd.’
737 5320 1145 5407 distinguunt:
1175 5323 1236 5377 Τί
1268 5320 1358 5407 οῦς,
1392 5320 1503 5407 ἱρὴ
1535 5331 1710 5407 ποιεῖν
1741 5326 1818 5407 λῆ
1848 5329 2040 5407 τοῦτο,
2069 5320 2167 5393 εἲξ,
2198 5346 2247 5407 κ.
2290 5347 2343 5384 ιι.
2376 5324 2432 5383 λ.
2507 5326 2552 5362 ⁸⁸
2582 5323 2916 5407 tt'accessit
2943 5341 3012 5407 ea
3043 5324 3110 5391 Ο,
3140 5322 3360 5407 ubi‘pr.
3392 5320 3707 5407 manserit

297 5402 495 5471 pserat
540 5396 655 5477 ἱερο
688 5397 858 5477 ἄντες.
924 5394 980 5434 ”⁸⁹
1017 5394 1505 5477 νεκυομαντίανὉε
1544 5400 1892 5477 ‘Legendum
1920 5401 1988 5471 τῇ
2022 5395 2292 5473 λεγομένῃ
2318 5394 2738 5477 νεκρομαντείαε
2772 5397 3093 5477 ανειθρὶω.
3119 5394 3379 5477 mortuos
3406 5394 3707 5477 .evocandi

296 5467 679 5551 vexpopmaga
709 5469 961 5551 dicitur;
993 5468 1108 5551 vid.
1140 5470 1369 5550 Recan.
1404 5467 1664 5549 1,5(per
1715 5488 1866 5551 eam,
1926 5467 2110 5542 quam
2158 5467 2615 5551 operemantiain
2674 5469 2898 5551 vocant)
2933 5468 3001 5524 D.
3059 5467 3177 5551 Sed
3229 5471 3286 5551 et
3341 5467 3539 5551 minus
3570 5470 3703 5536 apte

297 5538 680 5614 νεκρομαντεία
710 5540 899 5614 vocari
930 5544 1105 5612 queat
1151 5540 1374 5614 magica
1428 5538 1576 5614 ipsa'
1620 5542 1894 5614 evocatio,
1944 5538 2249 5614 quomodo
2304 5540 2508 5598 dixerit
2539 5541 2733 5597 Cicero
2766 5538 2911 5597 Tusc.
2945 5556 3000 5613 q.
3037 5556 3079 5611 ι,
3113 5538 3181 5593 16
3201 5555 3246 5614 :u
3263 5538 3396 5614 Inde
3413 5552 3508 5614 ‘eq,
3534 5552 3702 5614 quem

296 5607 695 5740 9ις(ἓξὲξιειόγιὶειιςς
723 5613 928 5685 Appius
950 5607 1320 5687 νεκρομαντία
1348 5607 1604 5683 faciebat.
1636 5607 2263 5687 Stephanus-legebat:
2294 5614 2360 5670 In
2417 5622 2462 5671 ιδ
2508 5628 2602 5680 ea.
2650 5626 2777 5685 qua:
2796 5643 2865 5656 —
2890 5607 3282 5688 νεκρομαντεῖα
3309 5607 3565 5682 faciebat}
3616 5607 3702 5662 Ci.
