4116 6224
329 380 409 439 61
1494 374 2025 437 CLEMENTINA.
2056 408 2136 422 —
2168 378 2494 443 HOMlLIA
2540 383 2588 444 Ι.
3666 389 3747 449 62

334 508 575 584 αὐτάρκη
623 506 714 562 καὶ
762 507 954 577 ἱκανὴν
1018 505 1285 585 ἀπόφασιν
1353 502 1492 582 ἔχω,
1544 506 1603 562 ἐκ
1657 510 1756 562 τοῦ
1825 505 1989 580 μόνον

2116 511 2289 567 oculis
2320 512 2480 571 illam
2494 516 3096 577 videnssufﬁcientem
3132 520 3479 578 acidoneam
3498 522 3747 580 habeam

334 601 590 675 animi,
641 595 726 651 ὅτι
776 593 947 652 ἔστιν·
1002 596 1094 651 καὶ
1146 594 1245 651 οὐκ
1300 594 1376 651 ἔτι
1423 594 1702 666 δυνήσεται
1759 598 1828 651 τὰ
1882 599 1990 651 τῶν

339 686 643 764 ὀφθαλμῶν
693 683 807 740 ἴδια
855 687 922 740 τά
962 691 1063 755 τῆς
1112 685 1284 755 ἀκοῆς
1334 685 1623 761 ἀνατρέψαι
1671 682 1850 753 ἄδηλα
1889 685 1993 761 ῥή-

340 798 501 848 ματα.
558 778 748 847 Ὅμως
805 775 894 830 καὶ
952 774 1118 843 αὐτὴν
1164 773 1366 844 ταύτην
1396 775 1493 842 τὴν
1547 773 1728 847 σκέψιν
1774 769 1995 830 ἀντέϐα-

337 864 507 921 λόνθί
563 885 676 919 τινι
726 864 946 933 συνήθει
1010 862 1322 941 φιλοσόφῳ,
1366 861 1425 926 ὅς
1475 858 1831 919 συνεϐούλευέ
1877 884 1991 937 μοι,

330 958 495 1009 τοῦτο
553 954 632 1025 μὴ
681 950 919 1024 τολμᾷν,
962 951 1099 1007 κατὰ
1146 950 1395 1014 πολλοὺς
1447 951 1704 1028 τρόπους.
1739 950 1864 1008 Εἴτε
1890 953 1993 1029 γὰρ

334 1042 436 1097 ούκ
490 1040 884 1108 εἱσακούσεται,
934 1040 1122 1119 φησὶν,
1174 1042 1210 1110 ἡ
1258 1041 1411 1117 ψυχὴ
1459 1046 1538 1113 τῷ
1571 1046 1753 1117 μάγῳ,
1787 1040 1993 1104 σὺτοῖς

334 1134 438 1189 29
470 1135 644 1184 ταῦτα
690 1135 865 1184 ποιεῖν
916 1129 1313 1205 ἀπαγορεύουσι
1343 1128 1535 1203 νόμοις
1567 1129 1643 1192 ὡς
1674 1130 1998 1205 ἀντιπράξας

334 1217 776 1288 δυσσυνειδήτως
824 1219 1060 1295 βιώσεις·
1122 1217 1168 1273 εἰ
1222 1215 1279 1272 δὲ
1330 1216 1702 1288 ἐπακούσεται,
1738 1220 1873 1291 μετὰ
1899 1222 1996 1274 τοῦ

336 1305 777 1378 δυσσυνειδτςτως
818 1328 876 1362 σε
928 1307 1101 1382 βιοῦν,
1150 1305 1304 1379 οἶμαι
1351 1309 1420 1362 τὰ
1456 1314 1555 1377 τῆς
1585 1304 1855 1370 εὐσεϐείας
1913 1328 1999 1363 σοι

341 1398 544 1471 μηκέτι
603 1402 939 1471 προχωρεῖν,
1019 1396 1080 1449 οὗ
1152 1393 1348 1450 εἶ’νεκεν
1426 1397 1515 1450 καὶ
1546 1398 1591 1433 9³
1666 1395 1996 1469 ἐτόλμησας.

334 1487 681 1562 Ἐχθραίνειν
739 1486 843 1560 γὰρ
899 1485 961 1539 τὸ
1003 1486 1145 1539 θεῖον
1181 1482 1429 1559 λέγουσιν
1464 1483 1551 1539 ἐπὶ
1600 1490 1716 1547 τοῖς
1746 1488 1814 1559 τῇ
1848 1482 1999 1539 λύσει

349 1575 627 1629 θανόντων
675 1572 948 1647 σωμάτων
997 1571 1297 1629 σκύλλουσι
1351 1574 1447 1636 τὰς
1499 1573 1703 1650 ψυχάς.
1752 1575 1890 1651 Ἐγῶ
1944 1570 2002 1630 δὲ

336 1669 517 1719 ταῦτα
565 1662 823 1729 ἀκούσας,
873 1662 1232 1739 ὀκνηρότερος
1285 1662 1380 1735 μὶν
1433 1664 1569 1740 πρὸς
1634 1664 1697 1719 τὸ
1753 1668 2001 1719 τοιοῦτον

338 1753 673 1829 ἐγχειρῆσαι
716 1750 1007 1827 ἐγενόμην,
1054 1759 1154 1821 τῆς
1203 1749 1262 1807 δὲ
1292 1752 1548 1828 ἁπαρχῆς
1584 1774 1688 1825 μου
1714 1753 1815 1808 οὐκ
1845 1752 2005 1809 ἐπαυ-

339 1845 530 1916 σάμην
577 1842 811 1919 βουλῆς,
862 1839 990 1897 ἀλλ’
1040 1841 1116 1904 ὡς
1145 1839 1492 1915 ἐμποδισθεὶς
1519 1842 1621 1912 τήν
1655 1843 1832 1920 ὁρμὴν
1862 1842 2005 1915 ἠθύ-

349 1952 492 2005 μουν
502 1974 516 1988 .

411 2129 514 2185 VI.
546 2127 648 2181 Καὶ
676 2126 768 2181 ἳνα
800 2128 877 2200 μή
911 2147 994 2182 σοι
1023 2128 1089 2181 τὰ
1115 2130 1341 2182 τοιαῦτα
1395 2125 1588 2204 μακρῷ
1645 2124 2004 2205 διηγήσωμαι

344 2214 531 2291 λόγῳ,
593 2216 645 2271 ἐν
695 2215 979 2278 τοσούτοις
1030 2216 1327 2291 λογισμοῖς
1381 2216 1470 2271 καὶ
1501 2215 1816 2293 πράγμασιν
1848 2212 2004 2281 ὄντος

344 2327 482 2378 μου,
512 2307 585 2382 φή
599 2327 674 2377 μη
705 2325 790 2367 τις
820 2305 1021 2381 ἡρέμα,
1051 2304 1139 2359 ἐπὶ
1169 2308 1269 2375 τῆς
1297 2302 1547 2379 Τιϐερίου
1578 2305 1843 2380 Καίσαρος
1904 2307 2005 2381 βα-

342 2392 579 2465 σιλείας,
626 2394 679 2464 ἐξ
728 2393 942 2468 ἐαρινῆς
986 2396 1195 2469 τροπῆς
1250 2395 1349 2463 τήν
1397 2394 1576 2471 ἀρχὴν
1629 2389 2001 2468 λαμϐάνουσα,

342 2480 581 2555 ηὔξανεν
617 2481 870 2538 ἐκάστοτε
914 2484 1003 2538 καὶ
1053 2483 1128 2545 ὡς
1173 2481 1398 2555 ἀληθῶς
1446 2483 1618 2560 ἀγαθὴ
1659 2488 1793 2539 Θεοῦ
1843 2485 2001 2560 ἄγγε-

342 2570 450 2634 λος
509 2569 831 2647 διέτρεχε9³
882 2571 975 2626 τὸν
1031 2570 1263 2644 κόσμον,
1312 2572 1377 2627 τὸ
1423 2576 1521 2626 τοῦ
1577 2575 1710 2627 Θεοῦ
1745 2570 2006 2648 βούλημα

342 2665 479 2736 σιγῇ
510 2660 787 2736 στέγεινθι
852 2662 972 2739 φμὴ
1006 2658 1298 2735 δυναμένη.
1331 2662 1619 2718 Ἐκάστοτε
1655 2660 1751 2717 οὖν
1797 2660 2001 2717 πλείων

342 2749 440 2805 καὶ
477 2748 682 2822 μείζων
716 2748 924 2825 ἐγένετο
956 2752 1019 2823 9⁸,
1053 2749 1310 2826 λέγουσα,
1344 2749 1418 2814 ὥς
1448 2750 1531 2813 τίς
1584 2772 1719 2807 ποτε
1763 2748 1816 2805 ἐν
1874 2751 2006 2806 Ἰου-

344 2836 495 2910 δαίᾳ,
533 2837 585 2911 ἐξ
616 2838 834 2912 ἐαρινῆς
865 2845 1074 2915 τροπῆς
1105 2834 1288 2895 λαϐὼν
1319 2840 1418 2908 τήν
1468 2840 1669 2916 ἀρχὴν,
1721 2835 2005 2902 Ἰουδαίοις

340 2929 449 2997 τήν
476 2932 581 2982 τοῦ
628 2925 811 2982 ἀϊδίου
840 2932 974 2983 Θεοῦ
1005 2926 1404 3005 εὐαγγελίζεται
1440 2927 1738 3005 βασιλείαν,
1770 2928 1838 2998 ἧς
1868 2929 2004 2983 ἀπο-

344 3015 541 3071 λαύειν
586 3014 736 3090 λέγει
789 3015 876 3071 ἐάν
914 3037 998 3078 τις
1030 3015 1205 3071 αὐτῶν
1244 3017 1675 3093 προκατορθώσῃ
1703 3020 1748 3055 ⁰⁶
1772 3018 1873 3087 τὴν
1904 3038 2005 3073 πο-

347 3105 578 3160 λιτεέαψ
627 3108 728 3159 τοῦ
774 3102 831 3159 δὲ
884 3105 1221 3169 πιστεύεσθαι
1263 3105 1421 3161 αύτὸν
1459 3108 1640 3183 χάριν,
1675 3106 1758 3162 ὅτι
1791 3105 2006 3177 θειότη-

342 3215 445 3256 τος
483 3195 673 3269 γέμων
724 3198 893 3249 ταῦτα
937 3196 1103 3267 πνέει,
1156 3194 1343 3251 πολλᾶ
1391 3197 1662 3269 θαυμάσια
1692 3197 1896 3269 σημεῖά
1949 3216 2008 3251 τε

344 3281 442 3337 καὶ
489 3282 688 3358 τέρατα
740 3279 1120 3359 διαπράττεται
1179 3281 1426 3339 κελεύσει
1498 3284 1654 3359 μόνῃ,
1728 3285 1803 3346 ὡς
1859 3284 2007 3360 παρὰ

346 3376 490 3427 Θεοῦ
522 3369 768 3449 εἰληφὼς
796 3373 895 3440 τὴν
926 3371 1181 3443 ἐξουσίαν·
1212 3372 1431 3449 κωφοὺς
1451 3375 1551 3450 γὰρ
1569 3378 1743 3428 ποιεῖν
1768 3372 2003 3447 ἀκούειν,

342 3460 595 3538 τυφλοὺς
644 3456 986 3534 ἀναϐλέπειν,
1036 3465 1138 3519 30
1186 3460 1426 3525 κυλλοὺς
1471 3467 1621 3517 ποιεῖ
1667 3468 2003 3540 περιπατεῖν,

348 3548 583 3625 χωλοὺς
615 3548 837 3626 ἆνορθοῖ
864 3554 927 3623 ⁹⁷,
959 3555 1129 3605 πᾶσαν
1161 3550 1315 3606 νόσον
1348 3549 1659 3625 ἀπελαύνει,
1689 3554 1863 3607 πάντα
1892 3552 2008 3606 δαί-

352 3659 501 3712 μονα
548 3636 857 3716 φυγαδεύειο
909 3637 1055 3695 ἀλλά
1098 3640 1187 3694 καὶ
1233 3638 1427 3715 λεπροὶ
1468 3641 1644 3715 ψωροὶ
1694 3641 1754 3697 ἐκ
1783 3639 2005 3713 διαστή-

354 3748 531 3801 ματος
582 3722 744 3801 μόνον
789 3726 1073 3803 ἐνορῶντες
1104 3728 1251 3802 αύτῷ
1284 3729 1513 3803 ἷὼμενοι
1543 3728 2006 3803 ἀπαλλάσσονται,

346 3817 545 3892 νεκροὶ
604 3814 662 3871 δὲ
707 3817 1136 3894 προσφερόμενοι
1181 3817 1501 3896 ἐγείρονται,
1542 3819 1632 3873 καὶ
1684 3817 1836 3874 οὐδέν
1866 3819 2005 3874 ἐστιν

349 3906 384 3959 δ
415 3902 669 3960 ἀδυνατεῖ
696 3912 893 3961 ποιεῖν.
936 3907 1039 3963 Καὶ
1071 3906 1203 3979 ὅσῳ,
1228 3929 1291 3982 γε
1326 3906 1537 3980 μᾶλλον
1569 3909 1597 3962 ὁ
1628 3908 1829 3983 χρόνος
1847 3908 2010 3982 προέ-

348 4016 576 4062 κοπτεν,
607 3992 751 4049 πολὺ
802 3994 1000 4067 μείζων
1034 3992 1122 4050 διὰ
1150 3995 1421 4052 πλειόνων
1451 4001 1559 4052 τῶν
1589 3995 2005 4070 ἐπιδημούντων

348 4084 443 4139 καὶ
474 4086 521 4120 ’⁸
571 4079 890 4159 βεϐαιοτέρα
948 4083 1170 4160 ἐγίνετο,
1212 4085 1312 4140 οὐκ
1352 4082 1429 4141 ἔτι
1463 4088 1623 4164 ιρήμη
1658 4085 1827 4162 λέγω,
1861 4086 2008 4144 ἀλλᾶ

353 4178 451 4227 τοῦ
484 4175 806 4247 πράγματος
838 4176 872 4242 ἡ
906 4174 1153 4244 ἀλήθεια.
1186 4172 1324 4245 ’Ήδη
1361 4177 1464 4251 γάρ
1496 4197 1628 4230 ποτε
1673 4176 1763 4230 καὶ
1806 4179 2005 4248 συστή-

361 4284 505 4333 ματα
533 4263 671 4316 κατᾶ
698 4262 898 4325 τόπους
931 4261 1134 4338 ἐγίνετο
1169 4263 1374 4339 βουλῆς
1418 4266 1508 4318 καὶ
1556 4264 1792 4339 σκέψεως
1822 4269 1885 4339 99,
1944 4267 2008 4322 τὸ

354 4351 432 4412 τίς
464 4352 524 4405 ἃν
558 4348 642 4422 εἷή
677 4352 705 4406 ὁ
738 4352 922 4430 φανεὶς
953 4354 1040 4407 καὶ
1071 4352 1123 4407 τί
1158 4352 1412 4429 βούλεται
1443 4352 1639 4430 λέγειν.

427 4458 551 4514 Vll.
601 4458 699 4512 Καὶ
749 4455 953 4528 δήποτέ
1008 4480 1091 4521 τις
1140 4459 1277 4533 πρὸς
1328 4458 1474 4532 αύτῷ
1525 4458 1628 4516 ἔτει
1679 4460 1730 4516 ἐν
1780 4464 1847 4500 ¹⁰⁰
1894 4464 2011 4541 φοι-

351 4550 635 4622 νοπωρινῇ
673 4552 850 4623 τροπῇ
904 4544 1141 4622 δημοσίᾳ
1194 4547 1318 4611 στὰς
1370 4546 1499 4604 ἐϐόα
1543 4549 1761 4625 λέγων⁶
1812 4549 2007 4627 ’Ἃδρες

2102 599 2552 660 declarationem
2576 606 2731 677 quod
2765 608 2991 677 existat,
3025 624 3090 664 ex
3123 626 3188 665 eo
3219 609 3341 666 solo
3372 612 3528 682 quod
3561 628 3745 684 appa-

2101 690 2437 759 ruerit;nec
2467 694 2722 767 amplius
2754 695 2973 752 incerta
2990 698 3227 753 auditus
3248 700 3420 755 verba
3442 700 3742 756 oculorum

2102 784 2374 850 poterunt
2406 781 2743 838 firmitatem
2774 790 3324 841 evertere.Attamen
3344 787 3494 843 hanc
3514 805 3745 860 quoque

2105 867 2581 926 deliberationem
2600 871 2831 927 cuidam
2859 872 3561 945 philosopho,necessario
3595 893 3745 943 meo,

2105 956 2517 1030 edisserui,qui
2548 960 2858 1016 consilium
2892 961 3036 1017 mihi
3071 962 3312 1029 dedit,id
3347 980 3417 1019 ne
3447 966 3744 1036 auderem,

2105 1045 2320 1099 multas
2350 1048 2421 1102 ob
2473 1048 2745 1104 rationes.
2778 1049 2907 1105 Sive
2955 1051 3132 1117 enim,
3166 1051 3378 1122 inquit,
3413 1069 3581 1125 mago
3612 1055 3745 1109 non

2106 1135 2531 1208 obtemperabit
2559 1138 2774 1205 anima,
2803 1145 2888 1209 tu,
2921 1143 3205 1209 tanquam
3252 1141 3352 1212 qui
3381 1140 3609 1213 legibus
3640 1144 3753 1197 ista

2107 1222 2295 1280 facere
2342 1224 2789 1295 prohibentibus
2819 1228 3252 1299 repugnaveris,
3286 1229 3438 1284 male
3476 1229 3583 1284 tibi
3616 1247 3751 1285 con-

2108 1311 2266 1368 scius
2296 1313 2451 1369 vives
2484 1331 2498 1370 :
2532 1315 2623 1370 sin
2673 1332 2805 1371 vero
2837 1317 3138 1383 obedierit,
3173 1322 3556 1389 praterquam
3599 1319 3754 1390 quod

2109 1399 2265 1455 mala
2311 1401 2370 1455 in
2424 1402 2781 1459 conscientia
2819 1406 2996 1471 vives,
3030 1423 3143 1460 non
3177 1406 3427 1477 amplius
3475 1407 3579 1461 tibi
3612 1405 3756 1463 bene

2111 1506 2350 1545 cessura
2397 1491 2667 1547 existimo
2696 1509 2762 1548 ea
2810 1509 2937 1564 quas
2988 1494 3057 1548 ad
3112 1494 3386 1566 pietatem
3437 1496 3753 1567 pertinent,

2112 1593 2283 1647 cujus
2313 1595 2450 1652 ergo
2480 1579 2594 1635 ista
2624 1598 2805 1637 ausus
2830 1582 3063 1637 es.Nam
3088 1583 3271 1638 Deum
3307 1585 3472 1639 aiunt
3503 1585 3635 1639 odio
3657 1601 3755 1641 eos

2111 1669 2404 1739 prosequi,
2436 1668 2537 1740 qui
2566 1669 2794 1725 animas
2826 1674 3193 1727 mortuorum
3224 1688 3257 1727 a
3287 1672 3628 1744 corporibus
3661 1689 3757 1728 se-

2112 1760 2346 1829 paratas
2395 1758 2687 1814 divexant.
2719 1759 2835 1830 Ego
2884 1764 3079 1815 autem
3112 1759 3203 1815 his
3252 1761 3471 1816 auditis
3525 1761 3759 1833 segnior

2114 1846 2351 1917 quidem
2380 1847 2450 1901 ad
2476 1845 2623 1901 illud
2655 1847 3114 1919 aggrediendum
3141 1850 3379 1905 effectus
3410 1866 3605 1919 sum,a
3625 1866 3759 1904 con-

2116 1933 2246 1990 silio
2274 1937 2472 1989 tamen
2521 1936 2673 2005 quod
2708 1936 2873 1991 initio
2926 1953 3191 2009 ceperam
3244 1955 3358 1994 non
3407 1937 3623 2009 destiti,
3657 1939 3758 1994 sed

2113 2022 2271 2079 velut
2300 2024 2373 2079 ab
2400 2023 2622 2097 impetu
2656 2024 2927 2080 desiderii
2958 2027 3291 2083 retardatus
3322 2027 3612 2083 dolebam.

2183 2130 2277 2187 VI.
2298 2135 2377 2186 Ac
2406 2147 2477 2186 ne
2507 2131 2620 2187 ista
2648 2131 2753 2187 tibi
2784 2131 2957 2207 longo
2989 2148 3257 2188 sermone
3287 2132 3589 2204 explicem,
3624 2150 3757 2188 cum

2114 2218 2174 2276 in
2204 2220 2421 2275 talibus
2473 2220 2926 2291 cogitationibus
2956 2226 3012 2277 et
3062 2221 3307 2293 negotiis
3339 2238 3444 2291 ego
3473 2238 3755 2292 versarer,

2114 2309 2227 2364 sub
2257 2309 2500 2380 imperio
2529 2310 2738 2365 Tiberii
2765 2311 3003 2366 Caesaris
3036 2312 3190 2366 fama
3219 2312 3486 2382 quaedam
3514 2311 3759 2377 sensim,

2114 2414 2149 2453 a
2177 2414 2355 2453 verna
2374 2403 2724 2470 tempestate
2752 2399 2915 2456 initio
2947 2406 3181 2472 sumpto
3200 2401 3535 2473 passimque
3562 2400 3760 2472 crevit,

2114 2490 2170 2541 et
2201 2502 2397 2542 revera
2426 2487 2617 2543 bonus
2666 2488 2767 2544 Dei
2799 2488 3045 2544 nuntius
3073 2490 3361 2543 mundum
3412 2489 3762 2561 peragravit,

2117 2575 2213 2629 Dei
2244 2573 2602 2632 voluntatem
2653 2577 2883 2633 silentio
2912 2582 3102 2650 tegere
3134 2595 3248 2633 non
3288 2576 3506 2633 valens.
3542 2578 3764 2651 Ubique

2113 2663 2296 2736 igitur
2325 2663 2577 2736 amplior
2602 2669 2660 2720 et
2691 2667 2877 2736 major
2908 2666 3102 2735 fiebat,
3138 2667 3390 2721 referens
3422 2666 3576 2738 quod
3627 2666 3761 2738 qui-

2114 2752 2250 2807 dam
2282 2752 2340 2807 in
2371 2753 2597 2820 Judaea,
2627 2754 2910 2827 principio
2942 2758 3177 2827 sumpto
3207 2773 3240 2810 a
3271 2773 3444 2810 verno
3476 2759 3759 2827 tempore,

2115 2844 2315 2898 mterni
2344 2843 2442 2898 Dei
2485 2860 2730 2915 regnum
2763 2844 2982 2899 Judaeis
3030 2845 3356 2911 annuntiet,
3390 2861 3504 2916 quo
3550 2845 3762 2900 fruitu-

2116 2947 2247 2986 rum
2279 2947 2407 2987 esse
2437 2948 2505 2987 ex
2537 2931 2653 2988 illis
2685 2931 3098 3004 diciteum,qui
3120 2933 3297 2988 vitam
3330 2937 3545 2989 rectam
3570 2950 3763 2989 emen-

2117 3020 2435 3091 datamque
2468 3021 2646 3076 ducat
2678 3036 2692 3075 :
2729 3038 2842 3093 quo
2874 3026 3068 3077 autem
3099 3023 3370 3077 credatur
3398 3022 3590 3094 ipsum
3624 3022 3768 3077 divi-

2116 3109 2321 3164 nitatis
2350 3108 2587 3180 plenum
2620 3108 2741 3164 haac
2774 3109 2933 3182 loqui
2959 3126 3024 3165 ac
3052 3110 3555 3183 inspirare,multa
3587 3110 3763 3165 mira-

2116 3196 2277 3266 bilia,
2327 3197 2496 3268 signa
2533 3202 2591 3252 et
2643 3198 2907 3270 prodigia
2937 3198 3056 3253 edit
3104 3199 3228 3254 sola
3269 3199 3559 3269 jussione,
3595 3200 3765 3271 quasi

2118 3287 2219 3359 qui
2254 3302 2287 3341 a
2316 3286 2431 3343 Deo
2460 3288 2748 3359 acceperit
2780 3292 3169 3360 potestatem;
3199 3288 3410 3343 surdos
3441 3288 3594 3343 enim
3628 3288 3767 3345 facit

2116 3376 2340 3442 audire,
2392 3392 2571 3433 caecos
2618 3376 2833 3448 videre,
2882 3377 3128 3448 pedibus
3176 3376 3397 3432 debiles
3437 3376 3758 3450 ambulare,

2116 3464 2357 3521 claudos
2389 3470 2547 3520 recta
2578 3465 2843 3520 incedere
2872 3481 2885 3520 :
2925 3483 3157 3522 omnem
3191 3467 3461 3522 morbum
3501 3466 3761 3539 depellit,

2117 3570 2350 3610 omnem
2381 3555 2703 3610 daemonem
2738 3554 2938 3627 fugat;
2972 3556 3070 3611 sed
3098 3561 3155 3611 et
3201 3554 3411 3628 leprosi
3448 3556 3659 3624 scabri,
3694 3571 3763 3610 eo

2115 3644 2349 3700 eminus
2395 3647 2625 3699 tantum
2655 3643 2799 3712 viso,
2846 3644 3035 3700 sanati
3083 3644 3316 3716 abeunt,
3368 3644 3583 3700 mortui
3628 3661 3767 3701 vero

2117 3728 2975 3806 oblati'suscitantur,nihilque
2996 3737 3084 3789 est
3104 3736 3259 3805 quod
3285 3735 3471 3789 facere
3491 3740 3762 3806 nequeat.

2115 3823 2303 3894 Atque
2334 3838 2449 3893 quo
2479 3820 2613 3894 plus
2642 3821 2925 3894 temporis
2956 3822 3305 3894 praeteribat,
3340 3839 3405 3878 eo
3450 3824 3636 3894 major
3666 3822 3765 3878 fir-

2117 3911 2385 3983 miorque
2413 3928 2516 3983 per
2545 3910 2873 3983 complures
2909 3910 3282 3966 advenientes
3312 3910 3614 3977 existebat,
3648 3928 3764 3967 non

2116 4000 2393 4072 amplius,
2425 4000 2691 4071 inquam,
2725 4002 2901 4066 fama,
2933 4000 3032 4056 sed
3084 3999 3163 4055 rei
3194 4000 3425 4054 veritas.
3457 4000 3586 4055 Jam
3630 4016 3763 4054 vero

2115 4094 2171 4145 et
2196 4093 2377 4145 cmtus
2410 4105 2511 4161 per
2540 4088 2665 4145 loca
2697 4090 2913 4145 fiebant
2941 4089 3386 4145 consultationis
3403 4092 3460 4143 et
3476 4087 3758 4144 delibera-

2116 4176 2294 4233 tionis
2326 4179 2804 4251 causa,quisnam
2835 4183 2988 4235 esset
3011 4178 3109 4250 qui
3141 4177 3587 4250 apparuisset,et
3619 4178 3760 4249 quid

2119 4266 2288 4323 vellet
2319 4268 2531 4323 dicere.

2188 4463 2307 4519 VII.
2362 4463 2647 4519 Caeterum
2700 4464 2903 4519 eodem
2953 4480 3127 4531 anno,
3186 4462 3454 4519 autumni
3507 4465 3767 4536 tempore

2119 4553 2358 4624 quidam
2409 4551 2641 4624 publice
2670 4556 2834 4608 stans
2877 4551 3168 4621 clamavit,
3202 4552 3399 4607 dicens
3433 4569 3446 4607 :
3482 4551 3605 4605 Viri
3651 4553 3763 4607 Ro-

351 4636 646 4707 Ῥωμαῖοι,
710 4635 1013 4691 ἀκούσατε·
1076 4637 1105 4691 ὁ
1159 4642 1257 4692 τοῦ
1317 4643 1450 4694 Θεοῦ
1509 4640 1632 4701 Υἱὸς
1682 4639 1733 4695 ἐν
1776 4638 2002 4698 Ἰουδαία

2119 4618 2303 4710 mani,
2352 4618 2587 4709 audite;
2623 4642 2717 4697 Dei
2750 4640 2929 4697 Filius
2978 4644 3037 4697 in
3064 4618 3267 4698 Judasa
3314 4641 3501 4710 adest,
3536 4639 3762 4697 cunctis

354 4726 636 4799 πάρεστιν,
700 4724 1169 4801 ἐπαγγελλόμενος
1246 4733 1375 4781 πᾶσι
1449 4734 1564 4791 τοῖς
1647 4726 2009 4803 βουλομένοις

356 4814 503 4880 ζωήν
554 4813 799 4884 αἰώνιον,
849 4814 938 4868 ἐὰν
983 4815 1049 4871 τὰ
1083 4820 1097 4854 ί
1148 4815 1283 4871 κατᾶ
1311 4817 1537 4891 γνώμην
1568 4822 1665 4872 τοῦ
1694 4819 2008 4894 πέμψαντος

352 4899 515 4955 αίῖιτὸν
578 4902 788 4979 Πατρὸς
843 4903 1135 4977 βιώσωσιν.
1183 4905 1281 4959 Διὸ
1316 4900 1721 4977 μεταϐάλλεσθε
1749 4905 1839 4962 τὸν
1879 4907 2006 4981 τρό-

349 5010 454 5045 πον
506 4992 612 5046 ἀπὸ
656 4996 763 5047 τῶν
812 4991 1080 5070 χειρόνων
1127 4991 1217 5049 ἐπὶ
1272 4994 1341 5050 τὰ
1386 4994 1689 5070 κρείττονα,
1736 4995 1842 5051 ἀπὸ
1896 5000 2004 5052 τῶν

2117 4730 2445 4787 volentibus
2478 4729 2826 4801 promittens
2853 4730 3029 4786 vilam
3063 4731 3415 4798 aeternam,si
3450 4731 3625 4786 vitam
3659 4731 3762 4785 du-

2115 4819 2306 4876 xerint
2336 4836 2404 4875 ex
2434 4818 2731 4875 voluntate
2753 4819 2939 4875 Patris
2972 4819 3071 4891 qui
3092 4819 3252 4875 misit
3280 4818 3761 4884 illum.Quocirca

2117 4925 2311 4965 mores
2343 4913 2621 4976 mutate,a
2650 4908 3033 4964 deterioribus
3056 4908 3125 4962 ad
3150 4906 3391 4963 meliora
3437 4910 3703 4978 transite,
3728 4923 3761 4962 a

2114 4996 2538 5071 temporalibus
2560 4996 2632 5055 ad
2653 4997 3188 5070 aaternamgnoscite
3202 5013 3386 5054 unum
3407 5013 3535 5055 esse
3551 4997 3758 5055 Deum.

1711 5106 1954 5207 νΑῐιῐιε
1990 5148 2401 5206 LECTIONES.

423 5271 465 5359 ’ἐ
498 5263 829 5359 ἀξὲϐαλλόν
901 5274 990 5359 C.‘
1036 5273 1111 5356 ⁸³.
1138 5271 1227 5359 καί
1278 5274 1680 5359 ’τηυὶειρᾶρῐϊιί
1722 5273 1783 5329 in
1825 5273 1975 5328 ταῦτ’
1999 5274 2146 5359 __vel
2206 5271 2385 5359 ἐκεῖν’.
2416 5274 2508 5359 ‘S.
2551 5271 2635 5359 ,οὗ
2668 5269 2864 5359 -ἓνεκεν
2923 5272 2991 5329 τὰ
3039 5277 3275 5359 τριαῦτα
3313 5271 3548 5359 ἐτόλμας
3607 5276 3754 5359 Ερξι.

343 5360 401 5436 c.
432 5344 492 5429 5;
550 5341 690 5430 Quae
742 5343 1154 5430 sequpnturin
1184 5346 1328 5433 Epit.
1368 5363 1422 5403 c.
1453 5346 1639 5436 ,5,'ita
1666 5344 1973 5436 leguntur:
1999 5350 2055 5401 Ἐ

342 5413 533 5488 ψυχας
566 5414 699 5483 μετᾶ
726 5413 840 5488 τὴν
875 5413 981 5488 ἀπὸ
1018 5418 1115 5468 τοῦ
1165 5413 1417 5487 σώματος
1450 5415 1665 5471 ἐκείνων
1719 5413 1987 5488 διάλυσιν.

341 5492 408 5541 C.
470 5490 621 5555 σιγᾷν

2059 5344 2336 5453 ἒθραίνειν
2368 5345 2472 5419 γὰρ
2514 5344 2574 5398 τὸ
2608 5350 2753 5407 θεῖον
2788 5342 3037 5420 λέγουσιν
3072 5344 3159 5400 ἐπὶ
3187 5350 3303 5407 τοῖς
3337 5341 3753 5406 σκύλλουσίτάς

2163 5415 2493 5453 adﬁrmo.
2596 5418 2642 5453 ss
2692 5418 2771 5453 ιιι,
2817 5418 2861 5453 n
2909 5435 2939 5453 η
2999 5419 3117 5453 νων
3170 5435 3198 5453 η
3252 5419 3286 5453 Α
3343 5420 3493 5453 κωκυ
3554 5415 3751 5453 ηρέυςη.

2163 5415 2521 5492 διῄρχετοῸ.
2596 5418 2642 5453 ⁹⁴
2691 5418 2776 5492 Ita
2909 5435 2958 5474 ο.
2992 5419 3134 5490 Epit.
3170 5435 3218 5474 c.
3252 5419 3306 5492 ὃς
3343 5415 3751 5492 σιγᾷν-,στέγειν

674 5485 764 5539 καὶ
793 5483 1038 5572 κστέγειν,
1076 5483 1438 5572 ξ.ηαυ’(Ξξοι“θ,
1466 5489 1816 5572 Gallanio._
1872 5491 1916 5525 ³⁸
1946 5487 2147 5564 ἐγίνετο
2200 5483 2270 5545 0.
2291 5483 2386 5572 :93
2438 5488 2917 5572 amoena-Eppflcbost
3072 5494 3216 5572 Τμῐη
3269 5483 3456 5572 deest
3484 5486 3541 5542 δέ
3568 5483 3749 5572 ini-0.

392 5506 521 5540 .σι

342 5560 389 5636 ξτ
421 5555 668 5636 κυλλούς
701 5555 929 5636 χωλοὺέ
956 5556 1109 5636 ὀρυοῖ
1137 5558 1208 5636 Ο..
1235 5560 1319 5636 --9⁸
1350 5558 1438 5636 καί
1471 5562 1685 5636 om.A_O_.
1720 5562 1819 5636 qui
1849 5555 2019 5636 antea
2047 5578 2159 5636 scr.
2210 5558 2396 5636 μείζον
2432 5555 2602 5636 (sic)._
2660 5555 2729 5595 θίν’
2751 5562 2927 5636 [.ocus
2976 5560 3131 5636 haud
3186 5560 3363 5636 dubie
3414 5563 3750 5636 corruptus.

343 5633 490 5685 Post
524 5627 763 5700 σκέψεως
791 5631 941 5701 Epit.
971 5627 1021 5686 ό.
1053 5630 1107 5697 6,
1142 5631 1321 5687 addit.
1355 5627 1527 5687 ἕνεκα.
1573 5632 1686 5689 Sed
1738 5627 1990 5690 maxime
2037 5627 2277 5689 offendit
2302 5629 2365 5683 τό
2400 5627 2658 5687 {scribe
2690 5631 2896 5688 saltem
2928 5634 3024 5683 τοῦ
3056 5633 3118 5688 S.

344 5707 487 5757 runt
519 5701 605 5758 Cl.
638 5705 696 5757 et
720 5704 777 5755 8.

3194 5632 3261 5667 ¹⁰⁰
3290 5628 3340 5684 ἐν
3376 5628 3750 5700 praetermise-

856 5704 871 5735 ¹
905 5701 1037 5758 Dele
1064 5701 1149 5770 τά,
1186 5718 1319 5758 nam
1352 5720 1593 5775 prorsus
1626 5705 1917 5763 redundat
1944 5705 2012 5761 D.
2044 5701 2133 5759 ἐὰν
2159 5703 2227 5757 τὰ
2252 5700 2388 5756 κατᾶ
2417 5702 2647 5777 γνώμην
2681 5733 2728 5746 -
2777 5702 3048 5777 πράξωσιν
3080 5704 3235 5773 Epit.
3267 5719 3316 5758 c.
3348 5702 3403 5755 7.
3436 5702 3495 5758 S.
