  <div class='ocr_page' id='page_1' title='image "/cluster/home/n/w/nwhite01/storage/ocr_20150623/2/hvd.32044073501397/037.png"; bbox 0 0 4116 6224; ppageno 0'>
   <div class='ocr_carea' id='block_1_1' title="bbox 314 304 3715 372">
    <p class='ocr_par' dir='ltr' id='par_1_1' title="bbox 314 304 3715 372">
     <span class='ocr_line' id='line_1_1' title="bbox 314 304 3715 372; baseline -0.002 -2"><span class='ocrx_word' id='word_1_1' title='bbox 314 310 391 372; x_wconf 86' lang='grc'>63</span> <span class='ocrx_word' id='word_1_2' title='bbox 1136 308 1203 370; x_wconf 90' lang='lat' dir='ltr'>S.</span> <span class='ocrx_word' id='word_1_3' title='bbox 1249 306 1695 371; x_wconf 80' lang='lat' dir='ltr'>CLEMENTIS</span> <span class='ocrx_word' id='word_1_4' title='bbox 1738 306 1763 368; x_wconf 87' lang='grc' dir='ltr'><strong>Ι</strong></span> <span class='ocrx_word' id='word_1_5' title='bbox 1808 306 2002 370; x_wconf 83' lang='lat' dir='ltr'>ROM.</span> <span class='ocrx_word' id='word_1_6' title='bbox 2044 306 2276 370; x_wconf 81' lang='lat' dir='ltr'>PONT.</span> <span class='ocrx_word' id='word_1_7' title='bbox 2321 306 2587 370; x_wconf 80' lang='lat' dir='ltr'>OPERA</span> <span class='ocrx_word' id='word_1_8' title='bbox 2626 306 2892 370; x_wconf 85' lang='lat' dir='ltr'>DUBIA.</span> <span class='ocrx_word' id='word_1_9' title='bbox 3637 304 3715 365; x_wconf 69' lang='lat'><strong>64</strong></span> 
     </span>
    </p>
   </div>
   <div class='ocr_carea' id='block_1_2' title="bbox 317 432 1969 517">
    <p class='ocr_par' dir='ltr' id='par_1_2' title="bbox 317 440 1957 517">
     <span class='ocr_line' id='line_1_2' title="bbox 317 440 1957 517; baseline -0.002 -16"><span class='ocrx_word' id='word_1_10' title='bbox 317 444 419 517; x_wconf 86' lang='lat' dir='ltr'>qui</span> <span class='ocrx_word' id='word_1_11' title='bbox 450 443 511 500; x_wconf 90' lang='lat' dir='ltr'>in</span> <span class='ocrx_word' id='word_1_12' title='bbox 539 441 697 500; x_wconf 84' lang='lat' dir='ltr'>coelis</span> <span class='ocrx_word' id='word_1_13' title='bbox 728 445 837 514; x_wconf 88' lang='lat' dir='ltr'>est,</span> <span class='ocrx_word' id='word_1_14' title='bbox 872 442 1043 513; x_wconf 83' lang='lat' dir='ltr'>cujus</span> <span class='ocrx_word' id='word_1_15' title='bbox 1092 441 1382 497; x_wconf 89' lang='lat' dir='ltr'>mundum</span> <span class='ocrx_word' id='word_1_16' title='bbox 1413 441 1631 512; x_wconf 84' lang='lat' dir='ltr'>injuste</span> <span class='ocrx_word' id='word_1_17' title='bbox 1679 440 1957 497; x_wconf 79' lang='lat' dir='ltr'>habitatis</span> 
     </span>
    </p>
   </div>
   <div class='ocr_carea' id='block_1_3' title="bbox 2081 432 3712 517">
    <p class='ocr_par' dir='ltr' id='par_1_3' title="bbox 2081 432 3712 515">
     <span class='ocr_line' id='line_1_3' title="bbox 2081 432 3712 515; baseline -0.001 -21"><span class='ocrx_word' id='word_1_18' title='bbox 2081 437 2416 515; x_wconf 75' lang='grc' dir='ltr'>προσκαίρων</span> <span class='ocrx_word' id='word_1_19' title='bbox 2469 436 2555 494; x_wconf 74' lang='grc' dir='ltr'>ἐπὶ</span> <span class='ocrx_word' id='word_1_20' title='bbox 2604 436 2672 492; x_wconf 80' lang='grc' dir='ltr'>τὰ</span> <span class='ocrx_word' id='word_1_21' title='bbox 2717 436 2929 494; x_wconf 74' lang='grc' dir='ltr'>αἳώνιαο</span> <span class='ocrx_word' id='word_1_22' title='bbox 2989 439 3209 512; x_wconf 70' lang='grc' dir='ltr'>γνῶτεί</span> <span class='ocrx_word' id='word_1_23' title='bbox 3265 432 3356 492; x_wconf 77' lang='grc' dir='ltr'>ἕνα</span> <span class='ocrx_word' id='word_1_24' title='bbox 3398 435 3527 493; x_wconf 82' lang='grc' dir='ltr'>Θεὸν</span> <span class='ocrx_word' id='word_1_25' title='bbox 3579 435 3712 493; x_wconf 74' lang='grc' dir='ltr'>εἶναι</span> 
     </span>
    </p>
   </div>
   <div class='ocr_carea' id='block_1_4' title="bbox 320 528 1963 603">
    <p class='ocr_par' dir='ltr' id='par_1_4' title="bbox 320 528 1963 603">
     <span class='ocr_line' id='line_1_4' title="bbox 320 528 1963 603; baseline -0.001 -15"><span class='ocrx_word' id='word_1_26' title='bbox 320 538 453 589; x_wconf 88' lang='lat' dir='ltr'>ante</span> <span class='ocrx_word' id='word_1_27' title='bbox 474 533 671 603; x_wconf 88' lang='lat' dir='ltr'>justos</span> <span class='ocrx_word' id='word_1_28' title='bbox 700 530 858 587; x_wconf 88' lang='lat' dir='ltr'>illius</span> <span class='ocrx_word' id='word_1_29' title='bbox 888 530 1089 587; x_wconf 90' lang='lat' dir='ltr'>oculos</span> <span class='ocrx_word' id='word_1_30' title='bbox 1111 546 1125 586; x_wconf 85' lang='lat'><strong>:</strong></span> <span class='ocrx_word' id='word_1_31' title='bbox 1150 547 1349 586; x_wconf 90' lang='lat' dir='ltr'>verum</span> <span class='ocrx_word' id='word_1_32' title='bbox 1382 530 1433 586; x_wconf 90' lang='lat' dir='ltr'>si</span> <span class='ocrx_word' id='word_1_33' title='bbox 1455 528 1874 586; x_wconf 83' lang='lat' dir='ltr'>convertamini</span> <span class='ocrx_word' id='word_1_34' title='bbox 1906 535 1963 586; x_wconf 89' lang='lat' dir='ltr'>et</span> 
     </span>
    </p>
   </div>
   <div class='ocr_carea' id='block_1_5' title="bbox 312 618 1960 693">
    <p class='ocr_par' dir='ltr' id='par_1_5' title="bbox 312 618 1960 693">
     <span class='ocr_line' id='line_1_5' title="bbox 312 618 1960 693; baseline -0.002 -16"><span class='ocrx_word' id='word_1_35' title='bbox 312 623 483 693; x_wconf 82' lang='lat' dir='ltr'>juxta</span> <span class='ocrx_word' id='word_1_36' title='bbox 510 619 868 675; x_wconf 83' lang='lat' dir='ltr'>voluntatem</span> <span class='ocrx_word' id='word_1_37' title='bbox 919 620 1046 690; x_wconf 83' lang='lat' dir='ltr'>ejus</span> <span class='ocrx_word' id='word_1_38' title='bbox 1089 618 1321 684; x_wconf 82' lang='lat' dir='ltr'>vivatis,</span> <span class='ocrx_word' id='word_1_39' title='bbox 1353 619 1413 673; x_wconf 92' lang='lat' dir='ltr'>in</span> <span class='ocrx_word' id='word_1_40' title='bbox 1463 618 1622 674; x_wconf 84' lang='lat' dir='ltr'>aliud</span> <span class='ocrx_word' id='word_1_41' title='bbox 1680 618 1960 675; x_wconf 61' lang='lat' dir='ltr'>eis-culum</span> 
     </span>
    </p>
   </div>
   <div class='ocr_carea' id='block_1_6' title="bbox 320 706 1961 779">
    <p class='ocr_par' dir='ltr' id='par_1_6' title="bbox 320 706 1961 779">
     <span class='ocr_line' id='line_1_6' title="bbox 320 706 1961 779; baseline -0.001 -14"><span class='ocrx_word' id='word_1_42' title='bbox 320 708 533 765; x_wconf 81' lang='lat' dir='ltr'>sublati</span> <span class='ocrx_word' id='word_1_43' title='bbox 566 708 880 779; x_wconf 64' lang='lat' dir='ltr'>aeternique</span> <span class='ocrx_word' id='word_1_44' title='bbox 909 707 1093 763; x_wconf 78' lang='lat' dir='ltr'>eﬁ‘ecti</span> <span class='ocrx_word' id='word_1_45' title='bbox 1134 706 1527 763; x_wconf 74' lang='lat' dir='ltr'>ineffabilibus</span> <span class='ocrx_word' id='word_1_46' title='bbox 1557 706 1745 779; x_wconf 82' lang='lat' dir='ltr'>ipsius</span> <span class='ocrx_word' id='word_1_47' title='bbox 1791 707 1961 764; x_wconf 90' lang='lat' dir='ltr'>bonis</span> 
     </span>
    </p>
   </div>
   <div class='ocr_carea' id='block_1_7' title="bbox 320 796 1961 871">
    <p class='ocr_par' dir='ltr' id='par_1_7' title="bbox 320 796 1961 871">
     <span class='ocr_line' id='line_1_7' title="bbox 320 796 1961 871; baseline -0.001 -18"><span class='ocrx_word' id='word_1_48' title='bbox 320 796 834 871; x_wconf 81' lang='lat' dir='ltr'>perfruemini;sin</span> <span class='ocrx_word' id='word_1_49' title='bbox 866 812 996 851; x_wconf 88' lang='lat' dir='ltr'>vero</span> <span class='ocrx_word' id='word_1_50' title='bbox 1029 812 1248 851; x_wconf 90' lang='lat' dir='ltr'>morem</span> <span class='ocrx_word' id='word_1_51' title='bbox 1281 812 1393 851; x_wconf 93' lang='lat' dir='ltr'>non</span> <span class='ocrx_word' id='word_1_52' title='bbox 1427 796 1961 864; x_wconf 73' lang='lat' dir='ltr'>gesseritis,animaa</span> 
     </span>
    </p>
   </div>
   <div class='ocr_carea' id='block_1_8' title="bbox 310 883 1961 957">
    <p class='ocr_par' dir='ltr' id='par_1_8' title="bbox 310 883 1961 957">
     <span class='ocr_line' id='line_1_8' title="bbox 310 883 1961 957; baseline 0 -16"><span class='ocrx_word' id='word_1_53' title='bbox 310 891 515 941; x_wconf 61' lang='lat' dir='ltr'>vestra</span> <span class='ocrx_word' id='word_1_54' title='bbox 540 889 672 957; x_wconf 89' lang='lat' dir='ltr'>post</span> <span class='ocrx_word' id='word_1_55' title='bbox 697 883 1139 940; x_wconf 83' lang='lat' dir='ltr'>dissolutionem</span> <span class='ocrx_word' id='word_1_56' title='bbox 1161 901 1195 939; x_wconf 92' lang='lat' dir='ltr'>a</span> <span class='ocrx_word' id='word_1_57' title='bbox 1224 901 1463 957; x_wconf 90' lang='lat' dir='ltr'>corpore</span> <span class='ocrx_word' id='word_1_58' title='bbox 1492 886 1551 939; x_wconf 92' lang='lat' dir='ltr'>in</span> <span class='ocrx_word' id='word_1_59' title='bbox 1585 884 1739 957; x_wconf 87' lang='lat' dir='ltr'>ignis</span> <span class='ocrx_word' id='word_1_60' title='bbox 1768 885 1961 941; x_wconf 91' lang='lat' dir='ltr'>locum</span> 
     </span>
    </p>
   </div>
   <div class='ocr_carea' id='block_1_9' title="bbox 315 971 1964 1045">
    <p class='ocr_par' dir='ltr' id='par_1_9' title="bbox 315 971 1964 1045">
     <span class='ocr_line' id='line_1_9' title="bbox 315 971 1964 1045; baseline 0.001 -16"><span class='ocrx_word' id='word_1_61' title='bbox 315 973 721 1043; x_wconf 87' lang='lat' dir='ltr'>conjicientur,</span> <span class='ocrx_word' id='word_1_62' title='bbox 757 971 856 1026; x_wconf 89' lang='lat' dir='ltr'>ubi</span> <span class='ocrx_word' id='word_1_63' title='bbox 886 977 1165 1027; x_wconf 64' lang='lat' dir='ltr'>aeternum</span> <span class='ocrx_word' id='word_1_64' title='bbox 1199 973 1415 1045; x_wconf 64' lang='lat' dir='ltr'>punita;</span> <span class='ocrx_word' id='word_1_65' title='bbox 1447 972 1641 1029; x_wconf 88' lang='lat' dir='ltr'>inutili</span> <span class='ocrx_word' id='word_1_66' title='bbox 1674 974 1964 1030; x_wconf 83' lang='lat' dir='ltr'>ducentur</span> 
     </span>
    </p>
   </div>
   <div class='ocr_carea' id='block_1_10' title="bbox 313 1062 1962 1134">
    <p class='ocr_par' dir='ltr' id='par_1_10' title="bbox 313 1062 1962 1134">
     <span class='ocr_line' id='line_1_10' title="bbox 313 1062 1962 1134; baseline 0.001 -17"><span class='ocrx_word' id='word_1_67' title='bbox 313 1062 677 1134; x_wconf 78' lang='lat' dir='ltr'>poenitentia.</span> <span class='ocrx_word' id='word_1_68' title='bbox 725 1064 874 1116; x_wconf 88' lang='lat' dir='ltr'>Nam</span> <span class='ocrx_word' id='word_1_69' title='bbox 903 1063 1137 1132; x_wconf 87' lang='lat' dir='ltr'>tempus</span> <span class='ocrx_word' id='word_1_70' title='bbox 1187 1062 1539 1133; x_wconf 75' lang='lat' dir='ltr'>pcsnitentias</span> <span class='ocrx_word' id='word_1_71' title='bbox 1579 1079 1836 1133; x_wconf 70' lang='lat' dir='ltr'>prmsens</span> <span class='ocrx_word' id='word_1_72' title='bbox 1869 1067 1962 1118; x_wconf 90' lang='lat' dir='ltr'>est</span> 
     </span>
    </p>
   </div>
   <div class='ocr_carea' id='block_1_11' title="bbox 310 1149 1962 1223">
    <p class='ocr_par' dir='ltr' id='par_1_11' title="bbox 310 1149 1962 1223">
     <span class='ocr_line' id='line_1_11' title="bbox 310 1149 1962 1223; baseline -0.001 -17"><span class='ocrx_word' id='word_1_73' title='bbox 310 1151 426 1207; x_wconf 86' lang='lat' dir='ltr'>ista</span> <span class='ocrx_word' id='word_1_74' title='bbox 455 1149 824 1222; x_wconf 85' lang='lat' dir='ltr'>singulorum</span> <span class='ocrx_word' id='word_1_75' title='bbox 858 1149 1179 1206; x_wconf 91' lang='lat' dir='ltr'>vita.Porro</span> <span class='ocrx_word' id='word_1_76' title='bbox 1212 1150 1303 1206; x_wconf 89' lang='lat' dir='ltr'>his</span> <span class='ocrx_word' id='word_1_77' title='bbox 1332 1167 1437 1223; x_wconf 85' lang='lat' dir='ltr'>ego</span> <span class='ocrx_word' id='word_1_78' title='bbox 1470 1151 1688 1206; x_wconf 87' lang='lat' dir='ltr'>auditis</span> <span class='ocrx_word' id='word_1_79' title='bbox 1719 1150 1962 1207; x_wconf 88' lang='lat' dir='ltr'>moleste</span> 
     </span>
    </p>
   </div>
   <div class='ocr_carea' id='block_1_12' title="bbox 313 1238 1958 1310">
    <p class='ocr_par' dir='ltr' id='par_1_12' title="bbox 313 1238 1958 1310">
     <span class='ocr_line' id='line_1_12' title="bbox 313 1238 1958 1310; baseline 0.001 -16"><span class='ocrx_word' id='word_1_80' title='bbox 313 1240 591 1308; x_wconf 84' lang='lat' dir='ltr'>ferebam,</span> <span class='ocrx_word' id='word_1_81' title='bbox 625 1238 854 1293; x_wconf 90' lang='lat' dir='ltr'>nullum</span> <span class='ocrx_word' id='word_1_82' title='bbox 906 1256 975 1293; x_wconf 85' lang='lat' dir='ltr'>ex</span> <span class='ocrx_word' id='word_1_83' title='bbox 1005 1242 1168 1294; x_wconf 87' lang='lat' dir='ltr'>tanta</span> <span class='ocrx_word' id='word_1_84' title='bbox 1198 1238 1505 1295; x_wconf 90' lang='lat' dir='ltr'>hominum</span> <span class='ocrx_word' id='word_1_85' title='bbox 1556 1238 1958 1310; x_wconf 86' lang='lat' dir='ltr'>multitudine,</span> 
     </span>
    </p>
   </div>
   <div class='ocr_carea' id='block_1_13' title="bbox 313 1326 1961 1399">
    <p class='ocr_par' dir='ltr' id='par_1_13' title="bbox 313 1326 1961 1399">
     <span class='ocr_line' id='line_1_13' title="bbox 313 1326 1961 1399; baseline 0.002 -17"><span class='ocrx_word' id='word_1_86' title='bbox 313 1332 436 1384; x_wconf 88' lang='lat' dir='ltr'>tam</span> <span class='ocrx_word' id='word_1_87' title='bbox 469 1343 681 1399; x_wconf 89' lang='lat' dir='ltr'>magno</span> <span class='ocrx_word' id='word_1_88' title='bbox 732 1332 966 1399; x_wconf 90' lang='lat' dir='ltr'>accepto</span> <span class='ocrx_word' id='word_1_89' title='bbox 1018 1326 1247 1395; x_wconf 90' lang='lat' dir='ltr'>nuntio,</span> <span class='ocrx_word' id='word_1_90' title='bbox 1273 1327 1540 1385; x_wconf 86' lang='lat' dir='ltr'>dixisse:</span> <span class='ocrx_word' id='word_1_91' title='bbox 1585 1330 1646 1383; x_wconf 93' lang='lat' dir='ltr'>In</span> <span class='ocrx_word' id='word_1_92' title='bbox 1694 1328 1961 1385; x_wconf 73' lang='lat' dir='ltr'>Judzeam</span> 
     </span>
    </p>
   </div>
   <div class='ocr_carea' id='block_1_14' title="bbox 316 1416 1963 1489">
    <p class='ocr_par' dir='ltr' id='par_1_14' title="bbox 316 1416 1963 1489">
     <span class='ocr_line' id='line_1_14' title="bbox 316 1416 1963 1489; baseline 0.002 -19"><span class='ocrx_word' id='word_1_93' title='bbox 316 1416 654 1489; x_wconf 84' lang='lat' dir='ltr'>proficiscar</span> <span class='ocrx_word' id='word_1_94' title='bbox 686 1420 748 1470; x_wconf 89' lang='lat' dir='ltr'>ut</span> <span class='ocrx_word' id='word_1_95' title='bbox 777 1431 1124 1486; x_wconf 79' lang='lat' dir='ltr'>cognoscam</span> <span class='ocrx_word' id='word_1_96' title='bbox 1145 1420 1343 1471; x_wconf 88' lang='lat' dir='ltr'>utrum</span> <span class='ocrx_word' id='word_1_97' title='bbox 1377 1416 1489 1472; x_wconf 91' lang='lat' dir='ltr'>iste</span> <span class='ocrx_word' id='word_1_98' title='bbox 1519 1416 1640 1472; x_wconf 61' lang='lat' dir='ltr'>haec</span> <span class='ocrx_word' id='word_1_99' title='bbox 1664 1416 1963 1488; x_wconf 87' lang='lat' dir='ltr'>proferens</span> 
     </span>
    </p>
   </div>
   <div class='ocr_carea' id='block_1_15' title="bbox 316 1502 1965 1577">
    <p class='ocr_par' dir='ltr' id='par_1_15' title="bbox 316 1502 1965 1577">
     <span class='ocr_line' id='line_1_15' title="bbox 316 1502 1965 1577; baseline 0.002 -18"><span class='ocrx_word' id='word_1_100' title='bbox 316 1521 451 1559; x_wconf 86' lang='lat' dir='ltr'>vera</span> <span class='ocrx_word' id='word_1_101' title='bbox 478 1502 771 1575; x_wconf 87' lang='lat' dir='ltr'>loquatur,</span> <span class='ocrx_word' id='word_1_102' title='bbox 805 1520 1014 1577; x_wconf 88' lang='lat' dir='ltr'>nempe</span> <span class='ocrx_word' id='word_1_103' title='bbox 1039 1503 1140 1559; x_wconf 90' lang='lat' dir='ltr'>Dei</span> <span class='ocrx_word' id='word_1_104' title='bbox 1172 1504 1382 1560; x_wconf 91' lang='lat' dir='ltr'>Filium</span> <span class='ocrx_word' id='word_1_105' title='bbox 1413 1506 1473 1560; x_wconf 93' lang='lat' dir='ltr'>in</span> <span class='ocrx_word' id='word_1_106' title='bbox 1502 1504 1764 1562; x_wconf 71' lang='lat' dir='ltr'>Judaeam</span> <span class='ocrx_word' id='word_1_107' title='bbox 1795 1506 1965 1562; x_wconf 89' lang='lat' dir='ltr'>adve-</span> 
     </span>
    </p>
   </div>
   <div class='ocr_carea' id='block_1_16' title="bbox 317 1592 1964 1667">
    <p class='ocr_par' dir='ltr' id='par_1_16' title="bbox 317 1592 1964 1667">
     <span class='ocr_line' id='line_1_16' title="bbox 317 1592 1964 1667; baseline 0.001 -19"><span class='ocrx_word' id='word_1_108' title='bbox 317 1593 742 1664; x_wconf 90' lang='lat' dir='ltr'>nisse,propter</span> <span class='ocrx_word' id='word_1_109' title='bbox 770 1592 984 1648; x_wconf 88' lang='lat' dir='ltr'>bonam</span> <span class='ocrx_word' id='word_1_110' title='bbox 1016 1598 1408 1667; x_wconf 68' lang='lat' dir='ltr'>saternamque</span> <span class='ocrx_word' id='word_1_111' title='bbox 1438 1594 1733 1667; x_wconf 90' lang='lat' dir='ltr'>spem,qui</span> <span class='ocrx_word' id='word_1_112' title='bbox 1760 1593 1964 1650; x_wconf 85' lang='lat' dir='ltr'>volun-</span> 
     </span>
    </p>
   </div>
   <div class='ocr_carea' id='block_1_17' title="bbox 316 1680 1963 1755">
    <p class='ocr_par' dir='ltr' id='par_1_17' title="bbox 316 1680 1963 1755">
     <span class='ocr_line' id='line_1_17' title="bbox 316 1680 1963 1755; baseline 0.001 -18"><span class='ocrx_word' id='word_1_113' title='bbox 316 1686 496 1737; x_wconf 88' lang='lat' dir='ltr'>tatem</span> <span class='ocrx_word' id='word_1_114' title='bbox 527 1680 715 1736; x_wconf 88' lang='lat' dir='ltr'>Patris</span> <span class='ocrx_word' id='word_1_115' title='bbox 747 1698 781 1736; x_wconf 90' lang='lat' dir='ltr'>a</span> <span class='ocrx_word' id='word_1_116' title='bbox 810 1697 924 1753; x_wconf 88' lang='lat' dir='ltr'>quo</span> <span class='ocrx_word' id='word_1_117' title='bbox 956 1681 1177 1737; x_wconf 90' lang='lat' dir='ltr'>missus</span> <span class='ocrx_word' id='word_1_118' title='bbox 1206 1686 1297 1738; x_wconf 91' lang='lat' dir='ltr'>est</span> <span class='ocrx_word' id='word_1_119' title='bbox 1328 1682 1963 1755; x_wconf 78' lang='lat' dir='ltr'>manifestetmamque</span> 
     </span>
    </p>
   </div>
   <div class='ocr_carea' id='block_1_18' title="bbox 319 1769 1962 1845">
    <p class='ocr_par' dir='ltr' id='par_1_18' title="bbox 319 1769 1962 1845">
     <span class='ocr_line' id='line_1_18' title="bbox 319 1769 1962 1845; baseline 0.002 -19"><span class='ocrx_word' id='word_1_120' title='bbox 319 1770 475 1843; x_wconf 92' lang='lat' dir='ltr'>quod</span> <span class='ocrx_word' id='word_1_121' title='bbox 506 1786 641 1825; x_wconf 91' lang='lat' dir='ltr'>eum</span> <span class='ocrx_word' id='word_1_122' title='bbox 673 1769 838 1825; x_wconf 90' lang='lat' dir='ltr'>aiunt</span> <span class='ocrx_word' id='word_1_123' title='bbox 868 1769 1322 1842; x_wconf 66' lang='lat' dir='ltr'>praedicaremon</span> <span class='ocrx_word' id='word_1_124' title='bbox 1350 1776 1441 1828; x_wconf 92' lang='lat' dir='ltr'>est</span> <span class='ocrx_word' id='word_1_125' title='bbox 1470 1772 1782 1845; x_wconf 86' lang='lat' dir='ltr'>exiguum:</span> <span class='ocrx_word' id='word_1_126' title='bbox 1817 1789 1962 1844; x_wconf 87' lang='lat' dir='ltr'>quo-</span> 
     </span>
    </p>
   </div>
   <div class='ocr_carea' id='block_1_19' title="bbox 322 1858 1961 1933">
    <p class='ocr_par' dir='ltr' id='par_1_19' title="bbox 322 1858 1961 1933">
     <span class='ocr_line' id='line_1_19' title="bbox 322 1858 1961 1933; baseline 0.002 -18"><span class='ocrx_word' id='word_1_127' title='bbox 322 1860 593 1915; x_wconf 90' lang='lat' dir='ltr'>rumdam</span> <span class='ocrx_word' id='word_1_128' title='bbox 626 1858 782 1914; x_wconf 90' lang='lat' dir='ltr'>enim</span> <span class='ocrx_word' id='word_1_129' title='bbox 816 1859 1044 1915; x_wconf 88' lang='lat' dir='ltr'>animas</span> <span class='ocrx_word' id='word_1_130' title='bbox 1065 1859 1547 1933; x_wconf 80' lang='lat' dir='ltr'>afﬁrmat,utpote</span> <span class='ocrx_word' id='word_1_131' title='bbox 1576 1861 1961 1929; x_wconf 86' lang='lat' dir='ltr'>immortales,</span> 
     </span>
    </p>
   </div>
   <div class='ocr_carea' id='block_1_20' title="bbox 322 1947 1963 2022">
    <p class='ocr_par' dir='ltr' id='par_1_20' title="bbox 322 1947 1963 2022">
     <span class='ocr_line' id='line_1_20' title="bbox 322 1947 1963 2022; baseline 0.001 -18"><span class='ocrx_word' id='word_1_132' title='bbox 322 1947 758 2004; x_wconf 88' lang='lat' dir='ltr'>immortalibus</span> <span class='ocrx_word' id='word_1_133' title='bbox 808 1947 979 2004; x_wconf 91' lang='lat' dir='ltr'>bonis</span> <span class='ocrx_word' id='word_1_134' title='bbox 1026 1948 1352 2018; x_wconf 77' lang='lat' dir='ltr'>fruiturus;</span> <span class='ocrx_word' id='word_1_135' title='bbox 1400 1949 1651 2006; x_wconf 92' lang='lat' dir='ltr'>aliorum</span> <span class='ocrx_word' id='word_1_136' title='bbox 1696 1967 1854 2022; x_wconf 87' lang='lat' dir='ltr'>vero,</span> <span class='ocrx_word' id='word_1_137' title='bbox 1904 1951 1963 2006; x_wconf 91' lang='lat' dir='ltr'>in</span> 
     </span>
    </p>
   </div>
   <div class='ocr_carea' id='block_1_21' title="bbox 320 2036 1964 2111">
    <p class='ocr_par' dir='ltr' id='par_1_21' title="bbox 320 2036 1964 2111">
     <span class='ocr_line' id='line_1_21' title="bbox 320 2036 1964 2111; baseline 0.002 -18"><span class='ocrx_word' id='word_1_138' title='bbox 320 2037 517 2110; x_wconf 87' lang='lat' dir='ltr'>ignem</span> <span class='ocrx_word' id='word_1_139' title='bbox 546 2036 961 2093; x_wconf 85' lang='lat' dir='ltr'>inexstinctum</span> <span class='ocrx_word' id='word_1_140' title='bbox 993 2038 1604 2110; x_wconf 76' lang='lat' dir='ltr'>projectas,aeternum</span> <span class='ocrx_word' id='word_1_141' title='bbox 1634 2038 1964 2111; x_wconf 88' lang='lat' dir='ltr'>puniendas</span> 
     </span>
    </p>
   </div>
   <div class='ocr_carea' id='block_1_22' title="bbox 320 2142 472 2183">
    <p class='ocr_par' dir='ltr' id='par_1_22' title="bbox 320 2142 472 2183">
     <span class='ocr_line' id='line_1_22' title="bbox 320 2142 472 2183; baseline -0.02 0"><span class='ocrx_word' id='word_1_142' title='bbox 320 2142 472 2183; x_wconf 79' lang='lat'><strong>6886.</strong></span> 
     </span>
    </p>
   </div>
   <div class='ocr_carea' id='block_1_23' title="bbox 391 2214 1965 2286">
    <p class='ocr_par' dir='ltr' id='par_1_23' title="bbox 391 2214 1965 2286">
     <span class='ocr_line' id='line_1_23' title="bbox 391 2214 1965 2286; baseline 0.003 -17"><span class='ocrx_word' id='word_1_143' title='bbox 391 2215 673 2271; x_wconf 74' lang='lat' dir='ltr'>VIII.Ha:c</span> <span class='ocrx_word' id='word_1_144' title='bbox 701 2215 772 2271; x_wconf 90' lang='lat' dir='ltr'>de</span> <span class='ocrx_word' id='word_1_145' title='bbox 802 2214 931 2271; x_wconf 89' lang='lat' dir='ltr'>aliis</span> <span class='ocrx_word' id='word_1_146' title='bbox 962 2231 1096 2271; x_wconf 89' lang='lat' dir='ltr'>cum</span> <span class='ocrx_word' id='word_1_147' title='bbox 1128 2215 1586 2286; x_wconf 88' lang='lat' dir='ltr'>dicerem,etiam</span> <span class='ocrx_word' id='word_1_148' title='bbox 1612 2233 1839 2273; x_wconf 88' lang='lat' dir='ltr'>mecum</span> <span class='ocrx_word' id='word_1_149' title='bbox 1871 2216 1965 2273; x_wconf 90' lang='lat' dir='ltr'>his</span> 
     </span>
    </p>
   </div>
   <div class='ocr_carea' id='block_1_24' title="bbox 319 2302 1967 2380">
    <p class='ocr_par' dir='ltr' id='par_1_24' title="bbox 319 2302 1967 2380">
     <span class='ocr_line' id='line_1_24' title="bbox 319 2302 1967 2380; baseline 0.002 -20"><span class='ocrx_word' id='word_1_150' title='bbox 319 2302 511 2361; x_wconf 82' lang='lat' dir='ltr'>verbis</span> <span class='ocrx_word' id='word_1_151' title='bbox 538 2304 768 2361; x_wconf 90' lang='lat' dir='ltr'>locutus</span> <span class='ocrx_word' id='word_1_152' title='bbox 806 2320 939 2360; x_wconf 90' lang='lat' dir='ltr'>sum</span> <span class='ocrx_word' id='word_1_153' title='bbox 965 2322 977 2360; x_wconf 92' lang='lat'>:</span> <span class='ocrx_word' id='word_1_154' title='bbox 1005 2306 1191 2369; x_wconf 88' lang='lat' dir='ltr'>Quare</span> <span class='ocrx_word' id='word_1_155' title='bbox 1207 2305 1353 2362; x_wconf 89' lang='lat' dir='ltr'>alios</span> <span class='ocrx_word' id='word_1_156' title='bbox 1369 2306 1761 2380; x_wconf 88' lang='lat' dir='ltr'>vitupero,qui</span> <span class='ocrx_word' id='word_1_157' title='bbox 1791 2307 1851 2362; x_wconf 92' lang='lat' dir='ltr'>in</span> <span class='ocrx_word' id='word_1_158' title='bbox 1874 2323 1967 2363; x_wconf 89' lang='lat' dir='ltr'>eo-</span> 
     </span>
    </p>
   </div>
   <div class='ocr_carea' id='block_1_25' title="bbox 321 2390 1962 2465">
    <p class='ocr_par' dir='ltr' id='par_1_25' title="bbox 321 2390 1962 2465">
     <span class='ocr_line' id='line_1_25' title="bbox 321 2390 1962 2465; baseline 0.002 -18"><span class='ocrx_word' id='word_1_159' title='bbox 321 2393 454 2448; x_wconf 88' lang='lat' dir='ltr'>dem</span> <span class='ocrx_word' id='word_1_160' title='bbox 488 2390 732 2449; x_wconf 88' lang='lat' dir='ltr'>crimine</span> <span class='ocrx_word' id='word_1_161' title='bbox 754 2392 1119 2465; x_wconf 74' lang='lat' dir='ltr'>negligentiae</span> <span class='ocrx_word' id='word_1_162' title='bbox 1142 2395 1584 2451; x_wconf 89' lang='lat' dir='ltr'>versor?Verum</span> <span class='ocrx_word' id='word_1_163' title='bbox 1607 2397 1679 2451; x_wconf 93' lang='lat' dir='ltr'>ad</span> <span class='ocrx_word' id='word_1_164' title='bbox 1699 2396 1962 2451; x_wconf 66' lang='lat' dir='ltr'>Judaeum</span> 
     </span>
    </p>
   </div>
   <div class='ocr_carea' id='block_1_26' title="bbox 320 2482 1965 2557">
    <p class='ocr_par' dir='ltr' id='par_1_26' title="bbox 320 2482 1965 2557">
     <span class='ocr_line' id='line_1_26' title="bbox 320 2482 1965 2557; baseline 0.002 -20"><span class='ocrx_word' id='word_1_165' title='bbox 320 2482 662 2555; x_wconf 87' lang='lat' dir='ltr'>properabo,</span> <span class='ocrx_word' id='word_1_166' title='bbox 715 2487 1027 2555; x_wconf 88' lang='lat' dir='ltr'>postquam</span> <span class='ocrx_word' id='word_1_167' title='bbox 1076 2499 1170 2539; x_wconf 93' lang='lat' dir='ltr'>res</span> <span class='ocrx_word' id='word_1_168' title='bbox 1212 2500 1376 2541; x_wconf 90' lang='lat' dir='ltr'>meas</span> <span class='ocrx_word' id='word_1_169' title='bbox 1423 2501 1825 2557; x_wconf 88' lang='lat' dir='ltr'>composuero.</span> <span class='ocrx_word' id='word_1_170' title='bbox 1879 2484 1965 2541; x_wconf 84' lang='lat' dir='ltr'>Ita</span> 
     </span>
    </p>
   </div>
   <div class='ocr_carea' id='block_1_27' title="bbox 320 2571 1965 2646">
    <p class='ocr_par' dir='ltr' id='par_1_27' title="bbox 320 2571 1965 2646">
     <span class='ocr_line' id='line_1_27' title="bbox 320 2571 1965 2646; baseline 0.002 -19"><span class='ocrx_word' id='word_1_171' title='bbox 320 2588 455 2627; x_wconf 89' lang='lat' dir='ltr'>vero</span> <span class='ocrx_word' id='word_1_172' title='bbox 486 2588 618 2627; x_wconf 92' lang='lat' dir='ltr'>cum</span> <span class='ocrx_word' id='word_1_173' title='bbox 650 2571 1014 2641; x_wconf 87' lang='lat' dir='ltr'>statuissem,</span> <span class='ocrx_word' id='word_1_174' title='bbox 1048 2571 1300 2628; x_wconf 92' lang='lat' dir='ltr'>multum</span> <span class='ocrx_word' id='word_1_175' title='bbox 1331 2573 1391 2628; x_wconf 92' lang='lat' dir='ltr'>in</span> <span class='ocrx_word' id='word_1_176' title='bbox 1422 2573 1701 2630; x_wconf 92' lang='lat' dir='ltr'>dilatione</span> <span class='ocrx_word' id='word_1_177' title='bbox 1728 2578 1965 2646; x_wconf 88' lang='lat' dir='ltr'>tempus</span> 
     </span>
    </p>
   </div>
   <div class='ocr_carea' id='block_1_28' title="bbox 324 2659 1966 2736">
    <p class='ocr_par' dir='ltr' id='par_1_28' title="bbox 324 2659 1966 2736">
     <span class='ocr_line' id='line_1_28' title="bbox 324 2659 1966 2736; baseline 0.004 -22"><span class='ocrx_word' id='word_1_178' title='bbox 324 2659 881 2732; x_wconf 80' lang='lat' dir='ltr'>praeteriit,hujusce</span> <span class='ocrx_word' id='word_1_179' title='bbox 908 2660 1036 2716; x_wconf 67' lang='lat' dir='ltr'>vita:</span> <span class='ocrx_word' id='word_1_180' title='bbox 1068 2662 1317 2734; x_wconf 89' lang='lat' dir='ltr'>negotiis</span> <span class='ocrx_word' id='word_1_181' title='bbox 1346 2662 1440 2718; x_wconf 80' lang='lat' dir='ltr'>vix</span> <span class='ocrx_word' id='word_1_182' title='bbox 1466 2662 1738 2736; x_wconf 84' lang='lat' dir='ltr'>explicari</span> <span class='ocrx_word' id='word_1_183' title='bbox 1768 2663 1966 2720; x_wconf 84' lang='lat' dir='ltr'>valen-</span> 
     </span>
    </p>
   </div>
   <div class='ocr_carea' id='block_1_29' title="bbox 321 2748 1966 2825">
    <p class='ocr_par' dir='ltr' id='par_1_29' title="bbox 321 2748 1966 2825">
     <span class='ocr_line' id='line_1_29' title="bbox 321 2748 1966 2825; baseline 0.002 -20"><span class='ocrx_word' id='word_1_184' title='bbox 321 2749 771 2805; x_wconf 90' lang='lat' dir='ltr'>tibus.Tandem</span> <span class='ocrx_word' id='word_1_185' title='bbox 804 2748 1000 2821; x_wconf 87' lang='lat' dir='ltr'>itaque</span> <span class='ocrx_word' id='word_1_186' title='bbox 1028 2751 1398 2807; x_wconf 84' lang='lat' dir='ltr'>considerata</span> <span class='ocrx_word' id='word_1_187' title='bbox 1414 2752 1544 2807; x_wconf 67' lang='lat' dir='ltr'>vita</span> <span class='ocrx_word' id='word_1_188' title='bbox 1572 2752 1966 2825; x_wconf 90' lang='lat' dir='ltr'>natura,quod</span> 
     </span>
    </p>
   </div>
   <div class='ocr_carea' id='block_1_30' title="bbox 322 2836 1967 2914">
    <p class='ocr_par' dir='ltr' id='par_1_30' title="bbox 322 2836 1967 2914">
     <span class='ocr_line' id='line_1_30' title="bbox 322 2836 1967 2914; baseline 0.002 -19"><span class='ocrx_word' id='word_1_189' title='bbox 322 2853 427 2910; x_wconf 90' lang='lat' dir='ltr'>spe</span> <span class='ocrx_word' id='word_1_190' title='bbox 456 2836 768 2910; x_wconf 89' lang='lat' dir='ltr'>implicans</span> <span class='ocrx_word' id='word_1_191' title='bbox 797 2838 1210 2897; x_wconf 87' lang='lat' dir='ltr'>festinantibus</span> <span class='ocrx_word' id='word_1_192' title='bbox 1241 2840 1573 2913; x_wconf 84' lang='lat' dir='ltr'>insidietur,</span> <span class='ocrx_word' id='word_1_193' title='bbox 1605 2841 1749 2914; x_wconf 91' lang='lat' dir='ltr'>quin</span> <span class='ocrx_word' id='word_1_194' title='bbox 1787 2842 1967 2898; x_wconf 88' lang='lat' dir='ltr'>etiam</span> 
     </span>
    </p>
   </div>
   <div class='ocr_carea' id='block_1_31' title="bbox 324 2927 1969 3002">
    <p class='ocr_par' dir='ltr' id='par_1_31' title="bbox 324 2927 1969 3002">
     <span class='ocr_line' id='line_1_31' title="bbox 324 2927 1969 3002; baseline 0.003 -21"><span class='ocrx_word' id='word_1_195' title='bbox 324 2930 613 2999; x_wconf 90' lang='lat' dir='ltr'>quantum</span> <span class='ocrx_word' id='word_1_196' title='bbox 644 2927 922 2999; x_wconf 90' lang='lat' dir='ltr'>temporis</span> <span class='ocrx_word' id='word_1_197' title='bbox 954 2928 1260 3001; x_wconf 85' lang='lat' dir='ltr'>abreptum</span> <span class='ocrx_word' id='word_1_198' title='bbox 1279 2929 1613 2987; x_wconf 88' lang='lat' dir='ltr'>fueritmihi</span> <span class='ocrx_word' id='word_1_199' title='bbox 1642 2931 1858 3002; x_wconf 85' lang='lat' dir='ltr'>spebus</span> <span class='ocrx_word' id='word_1_200' title='bbox 1876 2931 1969 3002; x_wconf 85' lang='lat' dir='ltr'>ja-</span> 
     </span>
    </p>
   </div>
   <div class='ocr_carea' id='block_1_32' title="bbox 326 3016 1969 3091">
    <p class='ocr_par' dir='ltr' id='par_1_32' title="bbox 326 3016 1969 3091">
     <span class='ocr_line' id='line_1_32' title="bbox 326 3016 1969 3091; baseline 0.001 -19"><span class='ocrx_word' id='word_1_201' title='bbox 326 3018 500 3086; x_wconf 88' lang='lat' dir='ltr'>ctato,</span> <span class='ocrx_word' id='word_1_202' title='bbox 551 3016 824 3088; x_wconf 90' lang='lat' dir='ltr'>quodque</span> <span class='ocrx_word' id='word_1_203' title='bbox 886 3016 969 3073; x_wconf 91' lang='lat' dir='ltr'>sic</span> <span class='ocrx_word' id='word_1_204' title='bbox 1016 3019 1282 3091; x_wconf 89' lang='lat' dir='ltr'>occupati</span> <span class='ocrx_word' id='word_1_205' title='bbox 1327 3018 1596 3077; x_wconf 86' lang='lat' dir='ltr'>homines</span> <span class='ocrx_word' id='word_1_206' title='bbox 1661 3020 1969 3087; x_wconf 88' lang='lat' dir='ltr'>morimur,</span> 
     </span>
    </p>
   </div>
   <div class='ocr_carea' id='block_1_33' title="bbox 2066 522 3711 603">
    <p class='ocr_par' dir='ltr' id='par_1_33' title="bbox 2066 522 3711 603">
     <span class='ocr_line' id='line_1_33' title="bbox 2066 522 3711 603; baseline -0.002 -20"><span class='ocrx_word' id='word_1_207' title='bbox 2066 528 2157 583; x_wconf 87' lang='grc' dir='ltr'>τὸν</span> <span class='ocrx_word' id='word_1_208' title='bbox 2191 527 2529 603; x_wconf 78' lang='grc' dir='ltr'>ἐπουράνιον,</span> <span class='ocrx_word' id='word_1_209' title='bbox 2563 524 2625 582; x_wconf 79' lang='grc' dir='ltr'>οὗ</span> <span class='ocrx_word' id='word_1_210' title='bbox 2657 526 2748 582; x_wconf 80' lang='grc' dir='ltr'>τὸν</span> <span class='ocrx_word' id='word_1_211' title='bbox 2780 526 2985 600; x_wconf 80' lang='grc' dir='ltr'>κόσμον</span> <span class='ocrx_word' id='word_1_212' title='bbox 3018 522 3220 588; x_wconf 77' lang='grc' dir='ltr'>ἀδίκως</span> <span class='ocrx_word' id='word_1_213' title='bbox 3261 524 3460 581; x_wconf 78' lang='grc' dir='ltr'>οἰκεῖτε</span> <span class='ocrx_word' id='word_1_214' title='bbox 3507 523 3711 601; x_wconf 77' lang='grc' dir='ltr'>ἔμπρο-</span> 
     </span>
    </p>
   </div>
   <div class='ocr_carea' id='block_1_34' title="bbox 2070 609 3712 689">
    <p class='ocr_par' dir='ltr' id='par_1_34' title="bbox 2070 609 3712 689">
     <span class='ocr_line' id='line_1_34' title="bbox 2070 609 3712 689; baseline -0.001 -18"><span class='ocrx_word' id='word_1_215' title='bbox 2070 618 2190 672; x_wconf 87' lang='grc' dir='ltr'>σθεν</span> <span class='ocrx_word' id='word_1_216' title='bbox 2216 620 2324 672; x_wconf 90' lang='grc' dir='ltr'>τῶν</span> <span class='ocrx_word' id='word_1_217' title='bbox 2355 615 2519 672; x_wconf 80' lang='grc' dir='ltr'>αὐτοῦ</span> <span class='ocrx_word' id='word_1_218' title='bbox 2550 613 2773 672; x_wconf 85' lang='grc' dir='ltr'>δικαίων</span> <span class='ocrx_word' id='word_1_219' title='bbox 2809 614 3123 689; x_wconf 73' lang='grc' dir='ltr'>όφθαλμῶψ</span> <span class='ocrx_word' id='word_1_220' title='bbox 3150 612 3276 670; x_wconf 87' lang='grc' dir='ltr'>ἀλλ’</span> <span class='ocrx_word' id='word_1_221' title='bbox 3314 613 3401 669; x_wconf 72' lang='grc' dir='ltr'>ἐὰν</span> <span class='ocrx_word' id='word_1_222' title='bbox 3439 609 3712 687; x_wconf 74' lang='grc' dir='ltr'>μεταϐάλ-</span> 
     </span>
    </p>
   </div>
   <div class='ocr_carea' id='block_1_35' title="bbox 2070 699 3710 779">
    <p class='ocr_par' dir='ltr' id='par_1_35' title="bbox 2070 699 3710 779">
     <span class='ocr_line' id='line_1_35' title="bbox 2070 699 3710 779; baseline -0.002 -18"><span class='ocrx_word' id='word_1_223' title='bbox 2070 701 2239 777; x_wconf 83' lang='grc' dir='ltr'>λησθε</span> <span class='ocrx_word' id='word_1_224' title='bbox 2266 704 2355 760; x_wconf 84' lang='grc' dir='ltr'>καὶ</span> <span class='ocrx_word' id='word_1_225' title='bbox 2384 704 2519 760; x_wconf 84' lang='grc' dir='ltr'>κατὰ</span> <span class='ocrx_word' id='word_1_226' title='bbox 2546 705 2644 774; x_wconf 77' lang='grc' dir='ltr'>τήν</span> <span class='ocrx_word' id='word_1_227' title='bbox 2676 703 2841 760; x_wconf 79' lang='grc' dir='ltr'>αύτοῦ</span> <span class='ocrx_word' id='word_1_228' title='bbox 2876 702 3139 779; x_wconf 87' lang='grc' dir='ltr'>βούλησιν</span> <span class='ocrx_word' id='word_1_229' title='bbox 3172 703 3430 779; x_wconf 82' lang='grc' dir='ltr'>βιώσητε,</span> <span class='ocrx_word' id='word_1_230' title='bbox 3472 702 3549 766; x_wconf 82' lang='grc' dir='ltr'>είς</span> <span class='ocrx_word' id='word_1_231' title='bbox 3600 699 3710 758; x_wconf 83' lang='grc' dir='ltr'>ἔτε-</span> 
     </span>
    </p>
   </div>
   <div class='ocr_carea' id='block_1_36' title="bbox 2071 790 3714 872">
    <p class='ocr_par' dir='ltr' id='par_1_36' title="bbox 2071 790 3714 872">
     <span class='ocr_line' id='line_1_36' title="bbox 2071 790 3714 872; baseline -0.001 -23"><span class='ocrx_word' id='word_1_232' title='bbox 2071 814 2162 872; x_wconf 92' lang='grc' dir='ltr'>ρον</span> <span class='ocrx_word' id='word_1_233' title='bbox 2209 793 2371 850; x_wconf 87' lang='grc' dir='ltr'>είῶνα</span> <span class='ocrx_word' id='word_1_234' title='bbox 2418 792 2721 870; x_wconf 70' lang='grc' dir='ltr'>ἐνεχθέντες</span> <span class='ocrx_word' id='word_1_235' title='bbox 2768 793 2857 850; x_wconf 85' lang='grc' dir='ltr'>καὶ</span> <span class='ocrx_word' id='word_1_236' title='bbox 2886 790 3053 848; x_wconf 71' lang='grc' dir='ltr'>ἀῗδιοι</span> <span class='ocrx_word' id='word_1_237' title='bbox 3082 792 3379 869; x_wconf 80' lang='grc' dir='ltr'>γινόμενοι,</span> <span class='ocrx_word' id='word_1_238' title='bbox 3406 795 3516 848; x_wconf 87' lang='grc' dir='ltr'>τῶν</span> <span class='ocrx_word' id='word_1_239' title='bbox 3544 791 3714 867; x_wconf 62' lang='grc' dir='ltr'>ἀποβ-</span> 
     </span>
    </p>
   </div>
   <div class='ocr_carea' id='block_1_37' title="bbox 2071 878 3719 960">
    <p class='ocr_par' dir='ltr' id='par_1_37' title="bbox 2071 878 3719 960">
     <span class='ocr_line' id='line_1_37' title="bbox 2071 878 3719 960; baseline -0.001 -23"><span class='ocrx_word' id='word_1_240' title='bbox 2071 883 2251 960; x_wconf 79' lang='grc' dir='ltr'>ῥήτων</span> <span class='ocrx_word' id='word_1_241' title='bbox 2311 882 2476 939; x_wconf 84' lang='grc' dir='ltr'>αὐτοῦ</span> <span class='ocrx_word' id='word_1_242' title='bbox 2529 882 2746 959; x_wconf 81' lang='grc' dir='ltr'>ἀγαθῶν</span> <span class='ocrx_word' id='word_1_243' title='bbox 2802 880 3139 938; x_wconf 76' lang='grc' dir='ltr'>ἀπολαύσετε</span> <span class='ocrx_word' id='word_1_244' title='bbox 3164 884 3187 920; x_wconf 81' lang='grc'>³</span> <span class='ocrx_word' id='word_1_245' title='bbox 3244 880 3332 937; x_wconf 76' lang='grc' dir='ltr'>ἐὰν</span> <span class='ocrx_word' id='word_1_246' title='bbox 3392 878 3451 937; x_wconf 73' lang='grc' dir='ltr'>δὲ</span> <span class='ocrx_word' id='word_1_247' title='bbox 3496 881 3719 952; x_wconf 80' lang='grc' dir='ltr'>ἀπειθή-</span> 
     </span>
    </p>
   </div>
   <div class='ocr_carea' id='block_1_38' title="bbox 2071 967 3715 1048">
    <p class='ocr_par' dir='ltr' id='par_1_38' title="bbox 2071 967 3715 1048">
     <span class='ocr_line' id='line_1_38' title="bbox 2071 967 3715 1048; baseline -0.002 -21"><span class='ocrx_word' id='word_1_248' title='bbox 2071 993 2221 1043; x_wconf 88' lang='grc' dir='ltr'>σητε,</span> <span class='ocrx_word' id='word_1_249' title='bbox 2271 972 2325 1027; x_wconf 71' lang='grc' dir='ltr'>αἱ</span> <span class='ocrx_word' id='word_1_250' title='bbox 2382 971 2556 1048; x_wconf 79' lang='grc' dir='ltr'>ψυχαὶ</span> <span class='ocrx_word' id='word_1_251' title='bbox 2609 971 2760 1045; x_wconf 80' lang='grc' dir='ltr'>ὑμῶν</span> <span class='ocrx_word' id='word_1_252' title='bbox 2814 972 2949 1045; x_wconf 85' lang='grc' dir='ltr'>μετά</span> <span class='ocrx_word' id='word_1_253' title='bbox 2995 970 3093 1040; x_wconf 82' lang='grc' dir='ltr'>τὴν</span> <span class='ocrx_word' id='word_1_254' title='bbox 3123 974 3222 1025; x_wconf 86' lang='grc' dir='ltr'>τοῦ</span> <span class='ocrx_word' id='word_1_255' title='bbox 3250 970 3505 1044; x_wconf 86' lang='grc' dir='ltr'>σώματος</span> <span class='ocrx_word' id='word_1_256' title='bbox 3563 967 3715 1025; x_wconf 91' lang='grc' dir='ltr'>λύσιν</span> 
     </span>
    </p>
   </div>
   <div class='ocr_carea' id='block_1_39' title="bbox 2072 1054 3721 1136">
    <p class='ocr_par' dir='ltr' id='par_1_39' title="bbox 2072 1054 3721 1136">
     <span class='ocr_line' id='line_1_39' title="bbox 2072 1054 3721 1136; baseline -0.002 -20"><span class='ocrx_word' id='word_1_257' title='bbox 2072 1061 2147 1124; x_wconf 86' lang='grc' dir='ltr'>είς</span> <span class='ocrx_word' id='word_1_258' title='bbox 2176 1061 2269 1116; x_wconf 86' lang='grc' dir='ltr'>τὸν</span> <span class='ocrx_word' id='word_1_259' title='bbox 2310 1060 2478 1117; x_wconf 86' lang='grc' dir='ltr'>τόπον</span> <span class='ocrx_word' id='word_1_260' title='bbox 2534 1064 2631 1116; x_wconf 93' lang='grc' dir='ltr'>τοῦ</span> <span class='ocrx_word' id='word_1_261' title='bbox 2680 1060 2852 1135; x_wconf 87' lang='grc' dir='ltr'>πυρὸς</span> <span class='ocrx_word' id='word_1_262' title='bbox 2905 1057 3299 1136; x_wconf 85' lang='grc' dir='ltr'>βληθήσονται,</span> <span class='ocrx_word' id='word_1_263' title='bbox 3348 1059 3487 1115; x_wconf 72' lang='grc' dir='ltr'>’ὀπου</span> <span class='ocrx_word' id='word_1_264' title='bbox 3526 1054 3721 1121; x_wconf 81' lang='grc' dir='ltr'>ἀίδίως</span> 
     </span>
    </p>
   </div>
   <div class='ocr_carea' id='block_1_40' title="bbox 2069 1147 3719 1227">
    <p class='ocr_par' dir='ltr' id='par_1_40' title="bbox 2069 1147 3719 1227">
     <span class='ocr_line' id='line_1_40' title="bbox 2069 1147 3719 1227; baseline -0.002 -21"><span class='ocrx_word' id='word_1_265' title='bbox 2069 1149 2434 1224; x_wconf 79' lang='grc' dir='ltr'>κολαζόμεναι</span> <span class='ocrx_word' id='word_1_266' title='bbox 2464 1147 2789 1227; x_wconf 85' lang='grc' dir='ltr'>ἀνωφέλητα</span> <span class='ocrx_word' id='word_1_267' title='bbox 2817 1153 2910 1208; x_wconf 76' lang='lat'>8|</span> <span class='ocrx_word' id='word_1_268' title='bbox 2945 1150 3389 1222; x_wconf 80' lang='grc' dir='ltr'>μετανοήσουσιν.</span> <span class='ocrx_word' id='word_1_269' title='bbox 3412 1153 3466 1202; x_wconf 81' lang='grc'>⁸0</span> <span class='ocrx_word' id='word_1_270' title='bbox 3485 1149 3587 1224; x_wconf 77' lang='grc' dir='ltr'>γὰρ</span> <span class='ocrx_word' id='word_1_271' title='bbox 3616 1153 3719 1217; x_wconf 75' lang='grc' dir='ltr'>τῆς</span> 
     </span>
    </p>
   </div>
   <div class='ocr_carea' id='block_1_41' title="bbox 2075 1236 3720 1316">
    <p class='ocr_par' dir='ltr' id='par_1_41' title="bbox 2075 1236 3720 1316">
     <span class='ocr_line' id='line_1_41' title="bbox 2075 1236 3720 1316; baseline -0.003 -21"><span class='ocrx_word' id='word_1_272' title='bbox 2075 1238 2357 1314; x_wconf 83' lang='grc' dir='ltr'>μετανοίας</span> <span class='ocrx_word' id='word_1_273' title='bbox 2402 1238 2591 1316; x_wconf 87' lang='grc' dir='ltr'>καιρὸς</span> <span class='ocrx_word' id='word_1_274' title='bbox 2639 1240 2675 1310; x_wconf 78' lang='grc' dir='ltr'>ἡ</span> <span class='ocrx_word' id='word_1_275' title='bbox 2722 1242 2814 1294; x_wconf 89' lang='grc' dir='ltr'>νῦν</span> <span class='ocrx_word' id='word_1_276' title='bbox 2864 1237 3089 1294; x_wconf 87' lang='grc' dir='ltr'>ἐκάστου</span> <span class='ocrx_word' id='word_1_277' title='bbox 3122 1237 3236 1307; x_wconf 74' lang='grc' dir='ltr'>ζωὴ</span> <span class='ocrx_word' id='word_1_278' title='bbox 3265 1236 3545 1313; x_wconf 82' lang='grc' dir='ltr'>τυγχάνει.</span> <span class='ocrx_word' id='word_1_279' title='bbox 3578 1237 3720 1311; x_wconf 84' lang='grc' dir='ltr'>Ἐγὼ</span> 
     </span>
    </p>
   </div>
   <div class='ocr_carea' id='block_1_42' title="bbox 2075 1323 3721 1405">
    <p class='ocr_par' dir='ltr' id='par_1_42' title="bbox 2075 1323 3721 1405">
     <span class='ocr_line' id='line_1_42' title="bbox 2075 1323 3721 1405; baseline -0.003 -21"><span class='ocrx_word' id='word_1_280' title='bbox 2075 1329 2171 1402; x_wconf 70' lang='grc' dir='ltr'>μὲν</span> <span class='ocrx_word' id='word_1_281' title='bbox 2204 1326 2296 1384; x_wconf 80' lang='grc' dir='ltr'>οὖν</span> <span class='ocrx_word' id='word_1_282' title='bbox 2324 1332 2493 1384; x_wconf 88' lang='grc' dir='ltr'>ταῦτα</span> <span class='ocrx_word' id='word_1_283' title='bbox 2521 1327 2733 1384; x_wconf 87' lang='grc' dir='ltr'>ἀκούων</span> <span class='ocrx_word' id='word_1_284' title='bbox 2766 1328 3053 1405; x_wconf 77' lang='grc' dir='ltr'>ἠχθόμην,</span> <span class='ocrx_word' id='word_1_285' title='bbox 3110 1327 3193 1383; x_wconf 78' lang='grc' dir='ltr'>ὅτι</span> <span class='ocrx_word' id='word_1_286' title='bbox 3226 1323 3404 1389; x_wconf 77' lang='grc' dir='ltr'>οόδείς</span> <span class='ocrx_word' id='word_1_287' title='bbox 3437 1325 3496 1381; x_wconf 80' lang='grc' dir='ltr'>ἐκ</span> <span class='ocrx_word' id='word_1_288' title='bbox 3522 1324 3721 1381; x_wconf 88' lang='grc' dir='ltr'>τοσού-</span> 
     </span>
    </p>
   </div>
   <div class='ocr_carea' id='block_1_43' title="bbox 2068 1412 3715 1493">
    <p class='ocr_par' dir='ltr' id='par_1_43' title="bbox 2068 1412 3715 1493">
     <span class='ocr_line' id='line_1_43' title="bbox 2068 1412 3715 1493; baseline -0.002 -21"><span class='ocrx_word' id='word_1_289' title='bbox 2068 1437 2177 1472; x_wconf 88' lang='grc' dir='ltr'>των</span> <span class='ocrx_word' id='word_1_290' title='bbox 2229 1412 2443 1493; x_wconf 76' lang='grc' dir='ltr'>ὄχλων,</span> <span class='ocrx_word' id='word_1_291' title='bbox 2482 1415 2821 1488; x_wconf 79' lang='grc' dir='ltr'>τηλικαύτην</span> <span class='ocrx_word' id='word_1_292' title='bbox 2873 1415 3122 1493; x_wconf 75' lang='grc' dir='ltr'>ἀγγελίαν</span> <span class='ocrx_word' id='word_1_293' title='bbox 3172 1415 3427 1485; x_wconf 87' lang='grc' dir='ltr'>ἀκούσας,</span> <span class='ocrx_word' id='word_1_294' title='bbox 3460 1413 3672 1491; x_wconf 73' lang='grc' dir='ltr'>εἴρηκεν</span> <span class='ocrx_word' id='word_1_295' title='bbox 3700 1430 3715 1446; x_wconf 83' lang='grc'><em>’</em></span> 
     </span>
    </p>
   </div>
   <div class='ocr_carea' id='block_1_44' title="bbox 2068 1501 3719 1583">
    <p class='ocr_par' dir='ltr' id='par_1_44' title="bbox 2068 1501 3719 1583">
     <span class='ocr_line' id='line_1_44' title="bbox 2068 1501 3719 1583; baseline -0.004 -20"><span class='ocrx_word' id='word_1_296' title='bbox 2068 1506 2167 1569; x_wconf 83' lang='grc' dir='ltr'>Εἷς</span> <span class='ocrx_word' id='word_1_297' title='bbox 2198 1503 2459 1563; x_wconf 72' lang='grc' dir='ltr'>Ἰουδαίαν</span> <span class='ocrx_word' id='word_1_298' title='bbox 2503 1506 2864 1583; x_wconf 69' lang='grc' dir='ltr'>πορεύσομαι,</span> <span class='ocrx_word' id='word_1_299' title='bbox 2922 1502 3009 1561; x_wconf 71' lang='grc' dir='ltr'>ἵνα</span> <span class='ocrx_word' id='word_1_300' title='bbox 3050 1503 3152 1561; x_wconf 71' lang='grc' dir='ltr'>ἴδω</span> <span class='ocrx_word' id='word_1_301' title='bbox 3182 1503 3227 1560; x_wconf 78' lang='grc' dir='ltr'>εί</span> <span class='ocrx_word' id='word_1_302' title='bbox 3256 1506 3405 1560; x_wconf 88' lang='grc' dir='ltr'>ταῦθ’</span> <span class='ocrx_word' id='word_1_303' title='bbox 3434 1504 3591 1566; x_wconf 80' lang='grc' dir='ltr'>οὗτος</span> <span class='ocrx_word' id='word_1_304' title='bbox 3624 1501 3719 1559; x_wconf 81' lang='grc' dir='ltr'>λέ-</span> 
     </span>
    </p>
   </div>
   <div class='ocr_carea' id='block_1_45' title="bbox 2069 1590 3721 1671">
    <p class='ocr_par' dir='ltr' id='par_1_45' title="bbox 2069 1590 3721 1671">
     <span class='ocr_line' id='line_1_45' title="bbox 2069 1590 3721 1671; baseline -0.002 -22"><span class='ocrx_word' id='word_1_305' title='bbox 2069 1615 2179 1671; x_wconf 87' lang='grc' dir='ltr'>γων</span> <span class='ocrx_word' id='word_1_306' title='bbox 2210 1592 2490 1664; x_wconf 88' lang='grc' dir='ltr'>ἀληθεύει,</span> <span class='ocrx_word' id='word_1_307' title='bbox 2556 1594 2630 1657; x_wconf 82' lang='grc' dir='ltr'>ὡς</span> <span class='ocrx_word' id='word_1_308' title='bbox 2660 1595 2744 1650; x_wconf 82' lang='grc' dir='ltr'>ὃτι</span> <span class='ocrx_word' id='word_1_309' title='bbox 2774 1595 2896 1657; x_wconf 68' lang='grc' dir='ltr'>Υἱὸς</span> <span class='ocrx_word' id='word_1_310' title='bbox 2927 1597 3060 1650; x_wconf 88' lang='grc' dir='ltr'>Θεοῦ</span> <span class='ocrx_word' id='word_1_311' title='bbox 3092 1590 3464 1665; x_wconf 82' lang='grc' dir='ltr'>ἐπιδεδήμηκε</span> <span class='ocrx_word' id='word_1_312' title='bbox 3490 1594 3558 1665; x_wconf 78' lang='grc' dir='ltr'>τῇ</span> <span class='ocrx_word' id='word_1_313' title='bbox 3588 1597 3721 1646; x_wconf 80' lang='grc' dir='ltr'>ἰου-</span> 
     </span>
    </p>
   </div>
   <div class='ocr_carea' id='block_1_46' title="bbox 2073 1679 3721 1761">
    <p class='ocr_par' dir='ltr' id='par_1_46' title="bbox 2073 1679 3721 1761">
     <span class='ocr_line' id='line_1_46' title="bbox 2073 1679 3721 1761; baseline -0.002 -22"><span class='ocrx_word' id='word_1_314' title='bbox 2073 1681 2216 1757; x_wconf 81' lang='grc' dir='ltr'>δαίᾳ,</span> <span class='ocrx_word' id='word_1_315' title='bbox 2274 1682 2479 1761; x_wconf 79' lang='grc' dir='ltr'>ἀγαθῆς</span> <span class='ocrx_word' id='word_1_316' title='bbox 2526 1682 2617 1739; x_wconf 84' lang='grc' dir='ltr'>καὶ</span> <span class='ocrx_word' id='word_1_317' title='bbox 2684 1682 2905 1745; x_wconf 77' lang='grc' dir='ltr'>αἰωνίας</span> <span class='ocrx_word' id='word_1_318' title='bbox 2958 1679 3182 1745; x_wconf 78' lang='grc' dir='ltr'>ἐλπίδος</span> <span class='ocrx_word' id='word_1_319' title='bbox 3230 1681 3415 1757; x_wconf 81' lang='grc' dir='ltr'>χάριν,</span> <span class='ocrx_word' id='word_1_320' title='bbox 3468 1682 3568 1750; x_wconf 81' lang='grc' dir='ltr'>τήν</span> <span class='ocrx_word' id='word_1_321' title='bbox 3620 1684 3721 1736; x_wconf 87' lang='grc' dir='ltr'>τοῦ</span> 
     </span>
    </p>
   </div>
   <div class='ocr_carea' id='block_1_47' title="bbox 2072 1768 3722 1849">
    <p class='ocr_par' dir='ltr' id='par_1_47' title="bbox 2072 1768 3722 1849">
     <span class='ocr_line' id='line_1_47' title="bbox 2072 1768 3722 1849; baseline -0.003 -21"><span class='ocrx_word' id='word_1_322' title='bbox 2072 1770 2493 1835; x_wconf 80' lang='grc' dir='ltr'>ἀποστείλαντος</span> <span class='ocrx_word' id='word_1_323' title='bbox 2522 1772 2732 1849; x_wconf 87' lang='grc' dir='ltr'>Πατρὸς</span> <span class='ocrx_word' id='word_1_324' title='bbox 2767 1770 3033 1849; x_wconf 88' lang='grc' dir='ltr'>βούλησιν</span> <span class='ocrx_word' id='word_1_325' title='bbox 3082 1769 3371 1849; x_wconf 73' lang='grc' dir='ltr'>ἐκφαίνωνο</span> <span class='ocrx_word' id='word_1_326' title='bbox 3423 1768 3539 1826; x_wconf 74' lang='grc' dir='ltr'>ἐπεὶ</span> <span class='ocrx_word' id='word_1_327' title='bbox 3565 1772 3588 1808; x_wconf 74' lang='grc'><strong>⁸</strong></span> <span class='ocrx_word' id='word_1_328' title='bbox 3630 1769 3722 1824; x_wconf 87' lang='grc' dir='ltr'>καὶ</span> 
     </span>
    </p>
   </div>
   <div class='ocr_carea' id='block_1_48' title="bbox 2073 1857 3718 1939">
    <p class='ocr_par' dir='ltr' id='par_1_48' title="bbox 2073 1857 3718 1939">
     <span class='ocr_line' id='line_1_48' title="bbox 2073 1857 3718 1939; baseline -0.004 -21"><span class='ocrx_word' id='word_1_329' title='bbox 2073 1860 2205 1936; x_wconf 79' lang='grc' dir='ltr'>ὅπερ</span> <span class='ocrx_word' id='word_1_330' title='bbox 2233 1860 2480 1939; x_wconf 85' lang='grc' dir='ltr'>λέγουσιν</span> <span class='ocrx_word' id='word_1_331' title='bbox 2512 1861 2671 1917; x_wconf 83' lang='grc' dir='ltr'>αὐτὸν</span> <span class='ocrx_word' id='word_1_332' title='bbox 2692 1859 3005 1937; x_wconf 86' lang='grc' dir='ltr'>κηρύσσειν,</span> <span class='ocrx_word' id='word_1_333' title='bbox 3048 1859 3149 1915; x_wconf 81' lang='grc' dir='ltr'>οὐκ</span> <span class='ocrx_word' id='word_1_334' title='bbox 3190 1857 3302 1915; x_wconf 80' lang='grc' dir='ltr'>ἔστι</span> <span class='ocrx_word' id='word_1_335' title='bbox 3355 1857 3546 1935; x_wconf 86' lang='grc' dir='ltr'>μικρόν</span> <span class='ocrx_word' id='word_1_336' title='bbox 3578 1900 3593 1915; x_wconf 91' lang='grc'><strong>.</strong></span> <span class='ocrx_word' id='word_1_337' title='bbox 3643 1859 3718 1912; x_wconf 84' lang='grc' dir='ltr'>ὧν</span> 
     </span>
    </p>
   </div>
   <div class='ocr_carea' id='block_1_49' title="bbox 2076 1943 3725 2027">
    <p class='ocr_par' dir='ltr' id='par_1_49' title="bbox 2076 1943 3725 2027">
     <span class='ocr_line' id='line_1_49' title="bbox 2076 1943 3725 2027; baseline -0.004 -21"><span class='ocrx_word' id='word_1_338' title='bbox 2076 1951 2171 2025; x_wconf 73' lang='grc' dir='ltr'>μὲν</span> <span class='ocrx_word' id='word_1_339' title='bbox 2202 1951 2307 2027; x_wconf 84' lang='grc' dir='ltr'>γάρ</span> <span class='ocrx_word' id='word_1_340' title='bbox 2334 1950 2432 2013; x_wconf 84' lang='grc' dir='ltr'>τάς</span> <span class='ocrx_word' id='word_1_341' title='bbox 2462 1949 2642 2027; x_wconf 77' lang='grc' dir='ltr'>ψυχὰς</span> <span class='ocrx_word' id='word_1_342' title='bbox 2678 1944 3083 2005; x_wconf 77' lang='grc' dir='ltr'>διαϐεϐαιοῦται</span> <span class='ocrx_word' id='word_1_343' title='bbox 3111 1947 3365 2011; x_wconf 78' lang='grc' dir='ltr'>αἶ’ωνίους</span> <span class='ocrx_word' id='word_1_344' title='bbox 3399 1943 3560 2009; x_wconf 71' lang='grc' dir='ltr'>οὔσας</span> <span class='ocrx_word' id='word_1_345' title='bbox 3591 1945 3725 2002; x_wconf 81' lang='grc' dir='ltr'>αἰω-</span> 
     </span>
    </p>
   </div>
   <div class='ocr_carea' id='block_1_50' title="bbox 2070 2030 3724 2115">
    <p class='ocr_par' dir='ltr' id='par_1_50' title="bbox 2070 2030 3724 2115">
     <span class='ocr_line' id='line_1_50' title="bbox 2070 2030 3724 2115; baseline -0.003 -21"><span class='ocrx_word' id='word_1_346' title='bbox 2070 2038 2200 2095; x_wconf 89' lang='grc' dir='ltr'>νίων</span> <span class='ocrx_word' id='word_1_347' title='bbox 2231 2038 2559 2095; x_wconf 83' lang='grc' dir='ltr'>ἀπολαύσειν</span> <span class='ocrx_word' id='word_1_348' title='bbox 2593 2039 2831 2115; x_wconf 82' lang='grc' dir='ltr'>ἀγαθῶν,</span> <span class='ocrx_word' id='word_1_349' title='bbox 2863 2039 2938 2093; x_wconf 86' lang='grc' dir='ltr'>ὦν</span> <span class='ocrx_word' id='word_1_350' title='bbox 2972 2034 3029 2093; x_wconf 79' lang='grc' dir='ltr'>δὶ</span> <span class='ocrx_word' id='word_1_351' title='bbox 3058 2037 3109 2093; x_wconf 86' lang='grc' dir='ltr'>ἐν</span> <span class='ocrx_word' id='word_1_352' title='bbox 3139 2036 3269 2115; x_wconf 81' lang='grc' dir='ltr'>πυρὶ</span> <span class='ocrx_word' id='word_1_353' title='bbox 3302 2030 3543 2110; x_wconf 72' lang='grc' dir='ltr'>ἀσϐέστῳ</span> <span class='ocrx_word' id='word_1_354' title='bbox 3573 2033 3724 2113; x_wconf 76' lang='grc' dir='ltr'>ῥιφθ-</span> 
     </span>
    </p>
   </div>
   <div class='ocr_carea' id='block_1_51' title="bbox 2076 2125 3083 2199">
    <p class='ocr_par' dir='ltr' id='par_1_51' title="bbox 2076 2125 3083 2199">
     <span class='ocr_line' id='line_1_51' title="bbox 2076 2125 3083 2199; baseline -0.001 -15"><span class='ocrx_word' id='word_1_355' title='bbox 2076 2127 2220 2191; x_wconf 90' lang='grc' dir='ltr'>είσας</span> <span class='ocrx_word' id='word_1_356' title='bbox 2256 2130 2278 2166; x_wconf 82' lang='grc'><strong><em>⁵</em></strong></span> <span class='ocrx_word' id='word_1_357' title='bbox 2305 2127 2397 2184; x_wconf 82' lang='grc' dir='ltr'>τὸν</span> <span class='ocrx_word' id='word_1_358' title='bbox 2429 2128 2603 2184; x_wconf 88' lang='grc' dir='ltr'>αίῶνα</span> <span class='ocrx_word' id='word_1_359' title='bbox 2630 2125 3083 2199; x_wconf 73' lang='grc' dir='ltr'>κολασθήσεσθαι.</span> 
     </span>
    </p>
   </div>
   <div class='ocr_carea' id='block_1_52' title="bbox 2144 2211 3721 2292">
    <p class='ocr_par' dir='ltr' id='par_1_52' title="bbox 2144 2211 3721 2292">
     <span class='ocr_line' id='line_1_52' title="bbox 2144 2211 3721 2292; baseline -0.006 -17"><span class='ocrx_word' id='word_1_360' title='bbox 2144 2223 2296 2275; x_wconf 82' lang='lat' dir='ltr'>VIII.</span> <span class='ocrx_word' id='word_1_361' title='bbox 2344 2221 2521 2273; x_wconf 88' lang='grc' dir='ltr'>Ταῦτα</span> <span class='ocrx_word' id='word_1_362' title='bbox 2567 2216 2676 2292; x_wconf 88' lang='grc' dir='ltr'>ἐγὼ</span> <span class='ocrx_word' id='word_1_363' title='bbox 2725 2215 2898 2291; x_wconf 81' lang='grc' dir='ltr'>λέγων</span> <span class='ocrx_word' id='word_1_364' title='bbox 2948 2214 3072 2292; x_wconf 82' lang='grc' dir='ltr'>περῖ</span> <span class='ocrx_word' id='word_1_365' title='bbox 3122 2212 3309 2271; x_wconf 82' lang='grc' dir='ltr'>ἄλλων</span> <span class='ocrx_word' id='word_1_366' title='bbox 3365 2211 3458 2269; x_wconf 83' lang='grc' dir='ltr'>καὶ</span> <span class='ocrx_word' id='word_1_367' title='bbox 3502 2212 3721 2287; x_wconf 80' lang='grc' dir='ltr'>ἐμαυτῷ</span> 
     </span>
    </p>
   </div>
   <div class='ocr_carea' id='block_1_53' title="bbox 2073 2301 3720 2383">
    <p class='ocr_par' dir='ltr' id='par_1_53' title="bbox 2073 2301 3720 2383">
     <span class='ocr_line' id='line_1_53' title="bbox 2073 2301 3720 2383; baseline -0.005 -20"><span class='ocrx_word' id='word_1_368' title='bbox 2073 2305 2337 2380; x_wconf 77' lang='grc' dir='ltr'>ὡμίλησα</span> <span class='ocrx_word' id='word_1_369' title='bbox 2384 2306 2597 2383; x_wconf 82' lang='grc' dir='ltr'>λέγων·</span> <span class='ocrx_word' id='word_1_370' title='bbox 2644 2304 2706 2361; x_wconf 84' lang='grc' dir='ltr'>Τί</span> <span class='ocrx_word' id='word_1_371' title='bbox 2755 2303 2960 2368; x_wconf 82' lang='grc' dir='ltr'>ἄλλους</span> <span class='ocrx_word' id='word_1_372' title='bbox 3016 2304 3325 2382; x_wconf 85' lang='grc' dir='ltr'>μέμφομαι,</span> <span class='ocrx_word' id='word_1_373' title='bbox 3380 2302 3432 2358; x_wconf 86' lang='grc' dir='ltr'>ἐν</span> <span class='ocrx_word' id='word_1_374' title='bbox 3460 2306 3542 2375; x_wconf 82' lang='grc' dir='ltr'>τῷ</span> <span class='ocrx_word' id='word_1_375' title='bbox 3572 2301 3720 2374; x_wconf 77' lang='grc' dir='ltr'>αὐτῷ</span> 
     </span>
    </p>
   </div>
   <div class='ocr_carea' id='block_1_54' title="bbox 2070 2389 3714 2471">
    <p class='ocr_par' dir='ltr' id='par_1_54' title="bbox 2070 2389 3714 2471">
     <span class='ocr_line' id='line_1_54' title="bbox 2070 2389 3714 2471; baseline -0.005 -19"><span class='ocrx_word' id='word_1_376' title='bbox 2070 2402 2171 2465; x_wconf 80' lang='grc' dir='ltr'>τῆς</span> <span class='ocrx_word' id='word_1_377' title='bbox 2218 2394 2476 2470; x_wconf 88' lang='grc' dir='ltr'>ἀμελείας</span> <span class='ocrx_word' id='word_1_378' title='bbox 2526 2393 2787 2471; x_wconf 79' lang='grc' dir='ltr'>ὑπάρχων</span> <span class='ocrx_word' id='word_1_379' title='bbox 2848 2392 3197 2470; x_wconf 83' lang='grc' dir='ltr'>ἐγκλήματι;</span> <span class='ocrx_word' id='word_1_380' title='bbox 3247 2389 3388 2447; x_wconf 85' lang='grc' dir='ltr'>Δλλ’</span> <span class='ocrx_word' id='word_1_381' title='bbox 3437 2389 3513 2454; x_wconf 74' lang='grc' dir='ltr'>είς</span> <span class='ocrx_word' id='word_1_382' title='bbox 3576 2391 3714 2448; x_wconf 88' lang='grc' dir='ltr'>Ἰου-</span> 
     </span>
    </p>
   </div>
   <div class='ocr_carea' id='block_1_55' title="bbox 2073 2478 3715 2561">
    <p class='ocr_par' dir='ltr' id='par_1_55' title="bbox 2073 2478 3715 2561">
     <span class='ocr_line' id='line_1_55' title="bbox 2073 2478 3715 2561; baseline -0.004 -20"><span class='ocrx_word' id='word_1_383' title='bbox 2073 2482 2223 2541; x_wconf 85' lang='grc' dir='ltr'>δαίαν</span> <span class='ocrx_word' id='word_1_384' title='bbox 2277 2485 2531 2561; x_wconf 82' lang='grc' dir='ltr'>ὁρμήσω,</span> <span class='ocrx_word' id='word_1_385' title='bbox 2579 2483 2843 2559; x_wconf 86' lang='grc' dir='ltr'>πρότερον</span> <span class='ocrx_word' id='word_1_386' title='bbox 2888 2483 2981 2539; x_wconf 81' lang='grc' dir='ltr'>τὸν</span> <span class='ocrx_word' id='word_1_387' title='bbox 3027 2482 3156 2557; x_wconf 82' lang='grc' dir='ltr'>ἐμὸν</span> <span class='ocrx_word' id='word_1_388' title='bbox 3190 2479 3392 2546; x_wconf 83' lang='grc' dir='ltr'>διαθεὶς</span> <span class='ocrx_word' id='word_1_389' title='bbox 3441 2479 3581 2558; x_wconf 87' lang='grc' dir='ltr'>βίον.</span> <span class='ocrx_word' id='word_1_390' title='bbox 3615 2478 3715 2534; x_wconf 82' lang='grc' dir='ltr'>Καὶ</span> 
     </span>
    </p>
   </div>
   <div class='ocr_carea' id='block_1_56' title="bbox 2074 2566 3712 2650">
    <p class='ocr_par' dir='ltr' id='par_1_56' title="bbox 2074 2566 3712 2650">
     <span class='ocr_line' id='line_1_56' title="bbox 2074 2566 3712 2650; baseline -0.004 -20"><span class='ocrx_word' id='word_1_391' title='bbox 2074 2571 2142 2643; x_wconf 84' lang='grc' dir='ltr'>δὴ</span> <span class='ocrx_word' id='word_1_392' title='bbox 2186 2572 2329 2629; x_wconf 69' lang='grc' dir='ltr'>οὕτω</span> <span class='ocrx_word' id='word_1_393' title='bbox 2358 2576 2381 2612; x_wconf 76' lang='grc'>⁸</span> <span class='ocrx_word' id='word_1_394' title='bbox 2431 2572 2831 2650; x_wconf 79' lang='grc' dir='ltr'>βουλευσμένου</span> <span class='ocrx_word' id='word_1_395' title='bbox 2880 2594 3012 2648; x_wconf 85' lang='grc' dir='ltr'>μου,</span> <span class='ocrx_word' id='word_1_396' title='bbox 3061 2569 3239 2635; x_wconf 83' lang='grc' dir='ltr'>πολὺς</span> <span class='ocrx_word' id='word_1_397' title='bbox 3277 2572 3307 2627; x_wconf 81' lang='grc' dir='ltr'>ὁ</span> <span class='ocrx_word' id='word_1_398' title='bbox 3361 2577 3463 2642; x_wconf 81' lang='grc' dir='ltr'>τῆς</span> <span class='ocrx_word' id='word_1_399' title='bbox 3500 2566 3712 2645; x_wconf 88' lang='grc' dir='ltr'>παρολ-</span> 
     </span>
    </p>
   </div>
   <div class='ocr_carea' id='block_1_57' title="bbox 2071 2655 3718 2739">
    <p class='ocr_par' dir='ltr' id='par_1_57' title="bbox 2071 2655 3718 2739">
     <span class='ocr_line' id='line_1_57' title="bbox 2071 2655 3718 2739; baseline -0.003 -21"><span class='ocrx_word' id='word_1_400' title='bbox 2071 2669 2174 2733; x_wconf 78' lang='grc' dir='ltr'>κῆς</span> <span class='ocrx_word' id='word_1_401' title='bbox 2222 2661 2449 2739; x_wconf 80' lang='grc' dir='ltr'>ἐγενήθη</span> <span class='ocrx_word' id='word_1_402' title='bbox 2498 2661 2719 2738; x_wconf 85' lang='grc' dir='ltr'>χρόνος,</span> <span class='ocrx_word' id='word_1_403' title='bbox 2770 2666 2877 2717; x_wconf 88' lang='grc' dir='ltr'>τῶν</span> <span class='ocrx_word' id='word_1_404' title='bbox 2918 2662 3187 2738; x_wconf 90' lang='grc' dir='ltr'>βιωτικῶν</span> <span class='ocrx_word' id='word_1_405' title='bbox 3232 2660 3564 2737; x_wconf 81' lang='grc' dir='ltr'>πραγμάτων</span> <span class='ocrx_word' id='word_1_406' title='bbox 3596 2655 3718 2714; x_wconf 82' lang='grc' dir='ltr'>δυσ-</span> 
     </span>
    </p>
   </div>
   <div class='ocr_carea' id='block_1_58' title="bbox 2075 2745 3721 2829">
    <p class='ocr_par' dir='ltr' id='par_1_58' title="bbox 2075 2745 3721 2829">
     <span class='ocr_line' id='line_1_58' title="bbox 2075 2745 3721 2829; baseline -0.002 -23"><span class='ocrx_word' id='word_1_407' title='bbox 2075 2750 2315 2808; x_wconf 86' lang='grc' dir='ltr'>εκλύτων</span> <span class='ocrx_word' id='word_1_408' title='bbox 2374 2750 2533 2809; x_wconf 79' lang='grc' dir='ltr'>δτων.</span> <span class='ocrx_word' id='word_1_409' title='bbox 2584 2751 2757 2829; x_wconf 70' lang='grc' dir='ltr'>Πέρας</span> <span class='ocrx_word' id='word_1_410' title='bbox 2813 2754 2946 2826; x_wconf 92' lang='grc' dir='ltr'>γοῦν</span> <span class='ocrx_word' id='word_1_411' title='bbox 3005 2751 3304 2820; x_wconf 76' lang='grc' dir='ltr'>συννοήσας</span> <span class='ocrx_word' id='word_1_412' title='bbox 3361 2745 3468 2804; x_wconf 84' lang='grc' dir='ltr'>ὧδέ</span> <span class='ocrx_word' id='word_1_413' title='bbox 3496 2751 3518 2785; x_wconf 78' lang='grc'><strong>⁷</strong></span> <span class='ocrx_word' id='word_1_414' title='bbox 3586 2767 3721 2803; x_wconf 88' lang='grc' dir='ltr'>ποτε</span> 
     </span>
    </p>
   </div>
   <div class='ocr_carea' id='block_1_59' title="bbox 2073 2834 3722 2919">
    <p class='ocr_par' dir='ltr' id='par_1_59' title="bbox 2073 2834 3722 2919">
     <span class='ocr_line' id='line_1_59' title="bbox 2073 2834 3722 2919; baseline -0.004 -24"><span class='ocrx_word' id='word_1_415' title='bbox 2073 2842 2173 2910; x_wconf 78' lang='grc' dir='ltr'>τήν</span> <span class='ocrx_word' id='word_1_416' title='bbox 2212 2844 2310 2895; x_wconf 87' lang='grc' dir='ltr'>τοῦ</span> <span class='ocrx_word' id='word_1_417' title='bbox 2351 2839 2474 2917; x_wconf 83' lang='grc' dir='ltr'>βίου</span> <span class='ocrx_word' id='word_1_418' title='bbox 2522 2838 2702 2919; x_wconf 86' lang='grc' dir='ltr'>φύσιν,</span> <span class='ocrx_word' id='word_1_419' title='bbox 2756 2837 2839 2895; x_wconf 79' lang='grc' dir='ltr'>ὅτι</span> <span class='ocrx_word' id='word_1_420' title='bbox 2872 2835 3052 2895; x_wconf 87' lang='grc' dir='ltr'>ἐλπίδι</span> <span class='ocrx_word' id='word_1_421' title='bbox 3086 2837 3367 2894; x_wconf 88' lang='grc' dir='ltr'>ἐκπλοκῶν</span> <span class='ocrx_word' id='word_1_422' title='bbox 3397 2836 3525 2899; x_wconf 79' lang='grc' dir='ltr'>τοὺς</span> <span class='ocrx_word' id='word_1_423' title='bbox 3557 2834 3722 2890; x_wconf 82' lang='grc' dir='ltr'>σπεύ-</span> 
     </span>
    </p>
   </div>
   <div class='ocr_carea' id='block_1_60' title="bbox 2078 2921 3725 3005">
    <p class='ocr_par' dir='ltr' id='par_1_60' title="bbox 2078 2921 3725 3005">
     <span class='ocr_line' id='line_1_60' title="bbox 2078 2921 3725 3005; baseline -0.005 -20"><span class='ocrx_word' id='word_1_424' title='bbox 2078 2926 2267 2992; x_wconf 88' lang='grc' dir='ltr'>δοντας</span> <span class='ocrx_word' id='word_1_425' title='bbox 2294 2925 2574 3005; x_wconf 79' lang='grc' dir='ltr'>ἐνεδρεύει,</span> <span class='ocrx_word' id='word_1_426' title='bbox 2606 2928 2667 2985; x_wconf 84' lang='grc' dir='ltr'>οὐ</span> <span class='ocrx_word' id='word_1_427' title='bbox 2701 2929 2841 3002; x_wconf 77' lang='grc' dir='ltr'>μὴνν</span> <span class='ocrx_word' id='word_1_428' title='bbox 2882 2926 3029 2984; x_wconf 86' lang='grc' dir='ltr'>ἀλλά</span> <span class='ocrx_word' id='word_1_429' title='bbox 3056 2927 3147 2983; x_wconf 80' lang='grc' dir='ltr'>καὶ</span> <span class='ocrx_word' id='word_1_430' title='bbox 3190 2926 3248 2982; x_wconf 79' lang='grc' dir='ltr'>ὅν</span> <span class='ocrx_word' id='word_1_431' title='bbox 3305 2946 3438 2981; x_wconf 90' lang='grc' dir='ltr'>ποτε</span> <span class='ocrx_word' id='word_1_432' title='bbox 3484 2921 3725 2979; x_wconf 76' lang='grc' dir='ltr'>εἰσεκλά-</span> 
     </span>
    </p>
   </div>
   <div class='ocr_carea' id='block_1_61' title="bbox 2076 3012 3724 3095">
    <p class='ocr_par' dir='ltr' id='par_1_61' title="bbox 2076 3012 3724 3095">
     <span class='ocr_line' id='line_1_61' title="bbox 2076 3012 3724 3095; baseline -0.005 -20"><span class='ocrx_word' id='word_1_433' title='bbox 2076 3021 2180 3075; x_wconf 90' lang='grc' dir='ltr'>πθν</span> <span class='ocrx_word' id='word_1_434' title='bbox 2222 3016 2419 3095; x_wconf 89' lang='grc' dir='ltr'>χρόνον</span> <span class='ocrx_word' id='word_1_435' title='bbox 2464 3016 2646 3074; x_wconf 78' lang='grc' dir='ltr'>ἐλπίσι</span> <span class='ocrx_word' id='word_1_436' title='bbox 2696 3014 3046 3091; x_wconf 83' lang='grc' dir='ltr'>δονούμενος,</span> <span class='ocrx_word' id='word_1_437' title='bbox 3104 3015 3193 3072; x_wconf 89' lang='grc' dir='ltr'>καὶ</span> <span class='ocrx_word' id='word_1_438' title='bbox 3226 3014 3308 3071; x_wconf 77' lang='grc' dir='ltr'>ὅτι</span> <span class='ocrx_word' id='word_1_439' title='bbox 3350 3014 3525 3077; x_wconf 79' lang='grc' dir='ltr'>οὓτως</span> <span class='ocrx_word' id='word_1_440' title='bbox 3555 3012 3724 3088; x_wconf 86' lang='grc' dir='ltr'>ἀσχο-</span> 
     </span>
    </p>
   </div>
   <div class='ocr_carea' id='block_1_62' title="bbox 327 3102 1969 3182">
    <p class='ocr_par' dir='ltr' id='par_1_62' title="bbox 327 3107 1969 3182">
     <span class='ocr_line' id='line_1_62' title="bbox 327 3107 1969 3182; baseline 0.004 -22"><span class='ocrx_word' id='word_1_441' title='bbox 327 3108 539 3160; x_wconf 90' lang='lat' dir='ltr'>cuncta</span> <span class='ocrx_word' id='word_1_442' title='bbox 588 3121 739 3172; x_wconf 88' lang='lat' dir='ltr'>mea,</span> <span class='ocrx_word' id='word_1_443' title='bbox 780 3110 953 3177; x_wconf 91' lang='lat' dir='ltr'>prout</span> <span class='ocrx_word' id='word_1_444' title='bbox 1002 3112 1189 3176; x_wconf 91' lang='lat' dir='ltr'>erant,</span> <span class='ocrx_word' id='word_1_445' title='bbox 1222 3107 1559 3182; x_wconf 91' lang='lat' dir='ltr'>relinquens</span> <span class='ocrx_word' id='word_1_446' title='bbox 1611 3109 1684 3165; x_wconf 86' lang='lat' dir='ltr'>ad</span> <span class='ocrx_word' id='word_1_447' title='bbox 1732 3115 1969 3181; x_wconf 90' lang='lat' dir='ltr'>portum</span> 
     </span>
    </p>
   </div>
   <div class='ocr_carea' id='block_1_63' title="bbox 2081 3102 3723 3182">
    <p class='ocr_par' dir='ltr' id='par_1_63' title="bbox 2082 3102 3723 3182">
     <span class='ocr_line' id='line_1_63' title="bbox 2082 3102 3723 3182; baseline -0.004 -20"><span class='ocrx_word' id='word_1_448' title='bbox 2082 3105 2345 3181; x_wconf 88' lang='grc' dir='ltr'>λούμενοι</span> <span class='ocrx_word' id='word_1_449' title='bbox 2375 3106 2427 3162; x_wconf 76' lang='grc' dir='ltr'>οἱ</span> <span class='ocrx_word' id='word_1_450' title='bbox 2457 3103 2734 3182; x_wconf 80' lang='grc' dir='ltr'>ἄνθρωπκι</span> <span class='ocrx_word' id='word_1_451' title='bbox 2761 3106 3175 3178; x_wconf 83' lang='grc' dir='ltr'>ἀποθνήσκομεν</span> <span class='ocrx_word' id='word_1_452' title='bbox 3207 3106 3252 3172; x_wconf 77' lang='grc'>⁸,</span> <span class='ocrx_word' id='word_1_453' title='bbox 3287 3105 3357 3160; x_wconf 81' lang='grc' dir='ltr'>τὰ</span> <span class='ocrx_word' id='word_1_454' title='bbox 3392 3102 3565 3158; x_wconf 72' lang='grc' dir='ltr'>πάντα</span> <span class='ocrx_word' id='word_1_455' title='bbox 3598 3122 3723 3175; x_wconf 90' lang='grc' dir='ltr'>μου,</span> 
     </span>
    </p>
   </div>
   <div class='ocr_carea' id='block_1_64' title="bbox 328 3178 1969 3273">
    <p class='ocr_par' dir='ltr' id='par_1_64' title="bbox 328 3178 1968 3270">
     <span class='ocr_line' id='line_1_64' title="bbox 328 3178 1968 3270; baseline 0.003 -21"><span class='ocrx_word' id='word_1_456' title='bbox 328 3192 715 3267; x_wconf 79' lang='lat' dir='ltr'>properavi,et</span> <span class='ocrx_word' id='word_1_457' title='bbox 743 3194 800 3249; x_wconf 92' lang='lat' dir='ltr'>in</span> <span class='ocrx_word' id='word_1_458' title='bbox 832 3199 1064 3266; x_wconf 89' lang='lat' dir='ltr'>portum</span> <span class='ocrx_word' id='word_1_459' title='bbox 1093 3196 1330 3254; x_wconf 90' lang='lat' dir='ltr'>veniens</span> <span class='ocrx_word' id='word_1_460' title='bbox 1362 3178 1611 3270; x_wconf 83' lang='lat' dir='ltr'>atquein</span> <span class='ocrx_word' id='word_1_461' title='bbox 1630 3178 1815 3255; x_wconf 77' lang='lat' dir='ltr'>altum</span> <span class='ocrx_word' id='word_1_462' title='bbox 1829 3200 1968 3254; x_wconf 90' lang='lat' dir='ltr'>sub-</span> 
     </span>
    </p>
   </div>
   <div class='ocr_carea' id='block_1_65' title="bbox 2081 3178 3728 3273">
    <p class='ocr_par' dir='ltr' id='par_1_65' title="bbox 2084 3178 3728 3273">
     <span class='ocr_line' id='line_1_65' title="bbox 2084 3178 3728 3273; baseline -0.005 -22"><span class='ocrx_word' id='word_1_463' title='bbox 2084 3196 2158 3259; x_wconf 83' lang='grc' dir='ltr'>ὡς</span> <span class='ocrx_word' id='word_1_464' title='bbox 2194 3178 2432 3271; x_wconf 18' lang='grc' dir='ltr'>Ἵέτυχεν,</span> <span class='ocrx_word' id='word_1_465' title='bbox 2474 3178 2627 3273; x_wconf 78' lang='grc' dir='ltr'>ἀφεὶς</span> <span class='ocrx_word' id='word_1_466' title='bbox 2673 3194 2747 3257; x_wconf 82' lang='grc' dir='ltr'>εἷς</span> <span class='ocrx_word' id='word_1_467' title='bbox 2791 3194 2996 3270; x_wconf 83' lang='grc' dir='ltr'>Πόρτον</span> <span class='ocrx_word' id='word_1_468' title='bbox 3027 3197 3049 3231; x_wconf 73' lang='grc'><strong>⁸</strong></span> <span class='ocrx_word' id='word_1_469' title='bbox 3104 3192 3358 3269; x_wconf 83' lang='grc' dir='ltr'>ὥρμησα,</span> <span class='ocrx_word' id='word_1_470' title='bbox 3406 3192 3496 3246; x_wconf 87' lang='grc' dir='ltr'>καὶ</span> <span class='ocrx_word' id='word_1_471' title='bbox 3528 3191 3603 3253; x_wconf 85' lang='grc' dir='ltr'>είς</span> <span class='ocrx_word' id='word_1_472' title='bbox 3635 3188 3728 3246; x_wconf 86' lang='grc' dir='ltr'>λι-</span> 
     </span>
    </p>
   </div>
   <div class='ocr_carea' id='block_1_66' title="bbox 325 3281 1973 3359">
    <p class='ocr_par' dir='ltr' id='par_1_66' title="bbox 325 3281 1973 3359">
     <span class='ocr_line' id='line_1_66' title="bbox 325 3281 1973 3359; baseline 0.003 -22"><span class='ocrx_word' id='word_1_473' title='bbox 325 3286 527 3337; x_wconf 88' lang='lat' dir='ltr'>vectus</span> <span class='ocrx_word' id='word_1_474' title='bbox 573 3281 761 3338; x_wconf 90' lang='lat' dir='ltr'>ventis</span> <span class='ocrx_word' id='word_1_475' title='bbox 808 3283 1275 3353; x_wconf 89' lang='lat' dir='ltr'>adversantibus,</span> <span class='ocrx_word' id='word_1_476' title='bbox 1328 3303 1431 3359; x_wconf 89' lang='lat' dir='ltr'>pro</span> <span class='ocrx_word' id='word_1_477' title='bbox 1480 3286 1684 3344; x_wconf 73' lang='lat' dir='ltr'>Judzsa</span> <span class='ocrx_word' id='word_1_478' title='bbox 1729 3286 1973 3343; x_wconf 81' lang='lat' dir='ltr'>Alexan-</span> 
     </span>
    </p>
   </div>
   <div class='ocr_carea' id='block_1_67' title="bbox 330 3370 1973 3447">
    <p class='ocr_par' dir='ltr' id='par_1_67' title="bbox 330 3370 1973 3447">
     <span class='ocr_line' id='line_1_67' title="bbox 330 3370 1973 3447; baseline 0.004 -22"><span class='ocrx_word' id='word_1_479' title='bbox 330 3370 517 3426; x_wconf 90' lang='lat' dir='ltr'>driam</span> <span class='ocrx_word' id='word_1_480' title='bbox 551 3370 877 3442; x_wconf 89' lang='lat' dir='ltr'>appuli,ubi</span> <span class='ocrx_word' id='word_1_481' title='bbox 893 3377 1200 3428; x_wconf 90' lang='lat' dir='ltr'>ventorum</span> <span class='ocrx_word' id='word_1_482' title='bbox 1232 3373 1673 3447; x_wconf 88' lang='lat' dir='ltr'>importunitate</span> <span class='ocrx_word' id='word_1_483' title='bbox 1703 3376 1973 3432; x_wconf 89' lang='lat' dir='ltr'>detentus</span> 
     </span>
    </p>
   </div>
   <div class='ocr_carea' id='block_1_68' title="bbox 333 3459 1975 3535">
    <p class='ocr_par' dir='ltr' id='par_1_68' title="bbox 333 3459 1975 3535">
     <span class='ocr_line' id='line_1_68' title="bbox 333 3459 1975 3535; baseline 0.003 -19"><span class='ocrx_word' id='word_1_484' title='bbox 333 3460 407 3516; x_wconf 89' lang='lat' dir='ltr'>ad</span> <span class='ocrx_word' id='word_1_485' title='bbox 454 3459 836 3532; x_wconf 90' lang='lat' dir='ltr'>philosophos</span> <span class='ocrx_word' id='word_1_486' title='bbox 884 3462 1259 3528; x_wconf 71' lang='lat' dir='ltr'>ventitabam,</span> <span class='ocrx_word' id='word_1_487' title='bbox 1292 3469 1465 3535; x_wconf 89' lang='lat' dir='ltr'>atque</span> <span class='ocrx_word' id='word_1_488' title='bbox 1494 3479 1630 3521; x_wconf 92' lang='lat' dir='ltr'>eum</span> <span class='ocrx_word' id='word_1_489' title='bbox 1678 3480 1975 3521; x_wconf 88' lang='lat' dir='ltr'>rumorem</span> 
     </span>
    </p>
   </div>
   <div class='ocr_carea' id='block_1_69' title="bbox 331 3548 1977 3622">
    <p class='ocr_par' dir='ltr' id='par_1_69' title="bbox 331 3548 1977 3622">
     <span class='ocr_line' id='line_1_69' title="bbox 331 3548 1977 3622; baseline 0.004 -19"><span class='ocrx_word' id='word_1_490' title='bbox 331 3564 750 3621; x_wconf 84' lang='lat' dir='ltr'>sermonesque</span> <span class='ocrx_word' id='word_1_491' title='bbox 774 3548 935 3606; x_wconf 91' lang='lat' dir='ltr'>illius</span> <span class='ocrx_word' id='word_1_492' title='bbox 963 3550 1064 3622; x_wconf 90' lang='lat' dir='ltr'>qui</span> <span class='ocrx_word' id='word_1_493' title='bbox 1114 3551 1308 3607; x_wconf 65' lang='lat' dir='ltr'>Roma:</span> <span class='ocrx_word' id='word_1_494' title='bbox 1338 3552 1499 3609; x_wconf 90' lang='lat' dir='ltr'>visus</span> <span class='ocrx_word' id='word_1_495' title='bbox 1528 3553 1719 3609; x_wconf 82' lang='lat' dir='ltr'>fuerat</span> <span class='ocrx_word' id='word_1_496' title='bbox 1764 3552 1977 3609; x_wconf 83' lang='lat' dir='ltr'>refere-</span> 
     </span>
    </p>
   </div>
   <div class='ocr_carea' id='block_1_70' title="bbox 333 3636 1976 3714">
    <p class='ocr_par' dir='ltr' id='par_1_70' title="bbox 333 3636 1976 3714">
     <span class='ocr_line' id='line_1_70' title="bbox 333 3636 1976 3714; baseline 0.003 -21"><span class='ocrx_word' id='word_1_497' title='bbox 333 3638 567 3693; x_wconf 88' lang='lat' dir='ltr'>bam.At</span> <span class='ocrx_word' id='word_1_498' title='bbox 599 3636 681 3691; x_wconf 93' lang='lat' dir='ltr'>illi</span> <span class='ocrx_word' id='word_1_499' title='bbox 714 3640 1173 3710; x_wconf 88' lang='lat' dir='ltr'>responderunt:</span> <span class='ocrx_word' id='word_1_500' title='bbox 1208 3642 1352 3696; x_wconf 87' lang='lat' dir='ltr'>Eum</span> <span class='ocrx_word' id='word_1_501' title='bbox 1384 3641 1750 3714; x_wconf 90' lang='lat' dir='ltr'>quidem,qui</span> <span class='ocrx_word' id='word_1_502' title='bbox 1782 3642 1976 3697; x_wconf 56' lang='lat' dir='ltr'>Romae</span> 
     </span>
    </p>
   </div>
   <div class='ocr_carea' id='block_1_71' title="bbox 334 3725 1979 3804">
    <p class='ocr_par' dir='ltr' id='par_1_71' title="bbox 334 3725 1979 3804">
     <span class='ocr_line' id='line_1_71' title="bbox 334 3725 1979 3804; baseline 0.003 -22"><span class='ocrx_word' id='word_1_503' title='bbox 334 3725 625 3799; x_wconf 88' lang='lat' dir='ltr'>apparuit,</span> <span class='ocrx_word' id='word_1_504' title='bbox 679 3727 998 3797; x_wconf 86' lang='lat' dir='ltr'>nescimus,</span> <span class='ocrx_word' id='word_1_505' title='bbox 1028 3729 1100 3785; x_wconf 90' lang='lat' dir='ltr'>de</span> <span class='ocrx_word' id='word_1_506' title='bbox 1150 3728 1248 3785; x_wconf 92' lang='lat' dir='ltr'>illo</span> <span class='ocrx_word' id='word_1_507' title='bbox 1297 3734 1495 3786; x_wconf 90' lang='lat' dir='ltr'>autem</span> <span class='ocrx_word' id='word_1_508' title='bbox 1540 3730 1640 3804; x_wconf 91' lang='lat' dir='ltr'>qui</span> <span class='ocrx_word' id='word_1_509' title='bbox 1669 3730 1729 3786; x_wconf 92' lang='lat' dir='ltr'>in</span> <span class='ocrx_word' id='word_1_510' title='bbox 1776 3731 1979 3787; x_wconf 68' lang='lat' dir='ltr'>Judaea</span> 
     </span>
    </p>
   </div>
   <div class='ocr_carea' id='block_1_72' title="bbox 336 3815 1981 3889">
    <p class='ocr_par' dir='ltr' id='par_1_72' title="bbox 336 3815 1981 3889">
     <span class='ocr_line' id='line_1_72' title="bbox 336 3815 1981 3889; baseline 0.002 -17"><span class='ocrx_word' id='word_1_511' title='bbox 336 3817 495 3889; x_wconf 87' lang='lat' dir='ltr'>degit</span> <span class='ocrx_word' id='word_1_512' title='bbox 524 3832 589 3871; x_wconf 91' lang='lat' dir='ltr'>ac</span> <span class='ocrx_word' id='word_1_513' title='bbox 622 3815 802 3872; x_wconf 88' lang='lat' dir='ltr'>Filius</span> <span class='ocrx_word' id='word_1_514' title='bbox 833 3817 935 3873; x_wconf 85' lang='lat' dir='ltr'>Dei</span> <span class='ocrx_word' id='word_1_515' title='bbox 966 3835 1001 3874; x_wconf 90' lang='lat' dir='ltr'>a</span> <span class='ocrx_word' id='word_1_516' title='bbox 1030 3818 1185 3875; x_wconf 86' lang='lat' dir='ltr'>fama</span> <span class='ocrx_word' id='word_1_517' title='bbox 1213 3819 1447 3884; x_wconf 87' lang='lat' dir='ltr'>dicitur,</span> <span class='ocrx_word' id='word_1_518' title='bbox 1480 3824 1538 3877; x_wconf 91' lang='lat' dir='ltr'>et</span> <span class='ocrx_word' id='word_1_519' title='bbox 1581 3820 1916 3877; x_wconf 90' lang='lat' dir='ltr'>audivimus</span> <span class='ocrx_word' id='word_1_520' title='bbox 1946 3836 1981 3875; x_wconf 91' lang='lat' dir='ltr'>a</span> 
     </span>
    </p>
   </div>
   <div class='ocr_carea' id='block_1_73' title="bbox 336 3905 1981 3980">
    <p class='ocr_par' dir='ltr' id='par_1_73' title="bbox 336 3905 1981 3980">
     <span class='ocr_line' id='line_1_73' title="bbox 336 3905 1981 3980; baseline 0.002 -19"><span class='ocrx_word' id='word_1_521' title='bbox 336 3905 540 3961; x_wconf 91' lang='lat' dir='ltr'>multis</span> <span class='ocrx_word' id='word_1_522' title='bbox 572 3906 670 3977; x_wconf 91' lang='lat' dir='ltr'>qui</span> <span class='ocrx_word' id='word_1_523' title='bbox 706 3905 868 3962; x_wconf 90' lang='lat' dir='ltr'>illinc</span> <span class='ocrx_word' id='word_1_524' title='bbox 898 3906 1159 3980; x_wconf 91' lang='lat' dir='ltr'>veniunt,</span> <span class='ocrx_word' id='word_1_525' title='bbox 1190 3913 1247 3965; x_wconf 92' lang='lat' dir='ltr'>et</span> <span class='ocrx_word' id='word_1_526' title='bbox 1272 3909 1345 3965; x_wconf 90' lang='lat' dir='ltr'>de</span> <span class='ocrx_word' id='word_1_527' title='bbox 1375 3909 1649 3967; x_wconf 91' lang='lat' dir='ltr'>omnibus</span> <span class='ocrx_word' id='word_1_528' title='bbox 1680 3908 1981 3967; x_wconf 90' lang='lat' dir='ltr'>miraculis</span> 
     </span>
    </p>
   </div>
   <div class='ocr_carea' id='block_1_74' title="bbox 338 3994 1339 4070">
    <p class='ocr_par' dir='ltr' id='par_1_74' title="bbox 338 3994 1339 4070">
     <span class='ocr_line' id='line_1_74' title="bbox 338 3994 1339 4070; baseline 0.005 -20"><span class='ocrx_word' id='word_1_529' title='bbox 338 4010 465 4068; x_wconf 77' lang='lat' dir='ltr'>qua:</span> <span class='ocrx_word' id='word_1_530' title='bbox 497 3994 788 4068; x_wconf 86' lang='lat' dir='ltr'>loquendo</span> <span class='ocrx_word' id='word_1_531' title='bbox 821 3995 958 4052; x_wconf 85' lang='lat' dir='ltr'>facit</span> <span class='ocrx_word' id='word_1_532' title='bbox 986 3997 1339 4070; x_wconf 84' lang='lat' dir='ltr'>accepimus.</span> 
     </span>
    </p>
   </div>
   <div class='ocr_carea' id='block_1_75' title="bbox 414 4173 1982 4249">
    <p class='ocr_par' dir='ltr' id='par_1_75' title="bbox 414 4173 1982 4249">
     <span class='ocr_line' id='line_1_75' title="bbox 414 4173 1982 4249; baseline 0.001 -19"><span class='ocrx_word' id='word_1_533' title='bbox 414 4173 507 4230; x_wconf 87' lang='lat' dir='ltr'>1X.</span> <span class='ocrx_word' id='word_1_534' title='bbox 540 4174 800 4246; x_wconf 88' lang='lat' dir='ltr'>Cumque</span> <span class='ocrx_word' id='word_1_535' title='bbox 838 4173 1089 4231; x_wconf 90' lang='lat' dir='ltr'>dicerem</span> <span class='ocrx_word' id='word_1_536' title='bbox 1125 4192 1137 4232; x_wconf 91' lang='lat'>:</span> <span class='ocrx_word' id='word_1_537' title='bbox 1171 4180 1451 4249; x_wconf 91' lang='lat' dir='ltr'>Cuperem</span> <span class='ocrx_word' id='word_1_538' title='bbox 1499 4177 1755 4235; x_wconf 91' lang='lat' dir='ltr'>incidere</span> <span class='ocrx_word' id='word_1_539' title='bbox 1784 4178 1845 4233; x_wconf 90' lang='lat' dir='ltr'>in</span> <span class='ocrx_word' id='word_1_540' title='bbox 1876 4176 1982 4234; x_wconf 88' lang='lat' dir='ltr'>ali-</span> 
     </span>
    </p>
   </div>
   <div class='ocr_carea' id='block_1_76' title="bbox 344 4262 1984 4336">
    <p class='ocr_par' dir='ltr' id='par_1_76' title="bbox 344 4262 1984 4336">
     <span class='ocr_line' id='line_1_76' title="bbox 344 4262 1984 4336; baseline 0.002 -18"><span class='ocrx_word' id='word_1_541' title='bbox 344 4278 519 4336; x_wconf 88' lang='lat' dir='ltr'>quem</span> <span class='ocrx_word' id='word_1_542' title='bbox 550 4262 650 4335; x_wconf 90' lang='lat' dir='ltr'>qui</span> <span class='ocrx_word' id='word_1_543' title='bbox 681 4279 815 4318; x_wconf 90' lang='lat' dir='ltr'>eum</span> <span class='ocrx_word' id='word_1_544' title='bbox 843 4263 1104 4333; x_wconf 87' lang='lat' dir='ltr'>vidisset,</span> <span class='ocrx_word' id='word_1_545' title='bbox 1134 4265 1329 4322; x_wconf 87' lang='lat' dir='ltr'>statim</span> <span class='ocrx_word' id='word_1_546' title='bbox 1359 4266 1651 4323; x_wconf 87' lang='lat' dir='ltr'>duxerunt</span> <span class='ocrx_word' id='word_1_547' title='bbox 1679 4284 1794 4335; x_wconf 91' lang='lat' dir='ltr'>me,</span> <span class='ocrx_word' id='word_1_548' title='bbox 1825 4266 1984 4323; x_wconf 88' lang='lat' dir='ltr'>aien-</span> 
     </span>
    </p>
   </div>
   <div class='ocr_carea' id='block_1_77' title="bbox 345 4351 1989 4426">
    <p class='ocr_par' dir='ltr' id='par_1_77' title="bbox 345 4351 1989 4426">
     <span class='ocr_line' id='line_1_77' title="bbox 345 4351 1989 4426; baseline 0.002 -17"><span class='ocrx_word' id='word_1_549' title='bbox 345 4357 433 4409; x_wconf 85' lang='lat' dir='ltr'>tes</span> <span class='ocrx_word' id='word_1_550' title='bbox 464 4368 478 4407; x_wconf 88' lang='lat'><strong>:</strong></span> <span class='ocrx_word' id='word_1_551' title='bbox 514 4353 614 4408; x_wconf 87' lang='lat' dir='ltr'>Est</span> <span class='ocrx_word' id='word_1_552' title='bbox 643 4351 737 4408; x_wconf 90' lang='lat' dir='ltr'>hic</span> <span class='ocrx_word' id='word_1_553' title='bbox 765 4352 1136 4425; x_wconf 77' lang='lat' dir='ltr'>quidem,qui</span> <span class='ocrx_word' id='word_1_554' title='bbox 1169 4369 1284 4412; x_wconf 92' lang='lat' dir='ltr'>non</span> <span class='ocrx_word' id='word_1_555' title='bbox 1315 4354 1508 4411; x_wconf 91' lang='lat' dir='ltr'>solum</span> <span class='ocrx_word' id='word_1_556' title='bbox 1537 4356 1683 4412; x_wconf 90' lang='lat' dir='ltr'>vidit</span> <span class='ocrx_word' id='word_1_557' title='bbox 1708 4372 1865 4426; x_wconf 90' lang='lat' dir='ltr'>eum,</span> <span class='ocrx_word' id='word_1_558' title='bbox 1885 4354 1989 4412; x_wconf 89' lang='lat' dir='ltr'>sed</span> 
     </span>
    </p>
   </div>
   <div class='ocr_carea' id='block_1_78' title="bbox 346 4440 1987 4515">
    <p class='ocr_par' dir='ltr' id='par_1_78' title="bbox 346 4440 1987 4515">
     <span class='ocr_line' id='line_1_78' title="bbox 346 4440 1987 4515; baseline 0.002 -17"><span class='ocrx_word' id='word_1_559' title='bbox 346 4446 403 4498; x_wconf 91' lang='lat' dir='ltr'>et</span> <span class='ocrx_word' id='word_1_560' title='bbox 431 4458 499 4497; x_wconf 89' lang='lat' dir='ltr'>ea</span> <span class='ocrx_word' id='word_1_561' title='bbox 540 4457 610 4497; x_wconf 85' lang='lat' dir='ltr'>ex</span> <span class='ocrx_word' id='word_1_562' title='bbox 656 4440 892 4514; x_wconf 82' lang='lat' dir='ltr'>regione</span> <span class='ocrx_word' id='word_1_563' title='bbox 937 4443 1221 4500; x_wconf 89' lang='lat' dir='ltr'>oriundus</span> <span class='ocrx_word' id='word_1_564' title='bbox 1275 4448 1383 4515; x_wconf 87' lang='lat' dir='ltr'>est,</span> <span class='ocrx_word' id='word_1_565' title='bbox 1415 4444 1503 4500; x_wconf 89' lang='lat' dir='ltr'>vir</span> <span class='ocrx_word' id='word_1_566' title='bbox 1556 4445 1848 4513; x_wconf 67' lang='lat' dir='ltr'>Hebraeus,</span> <span class='ocrx_word' id='word_1_567' title='bbox 1878 4462 1987 4501; x_wconf 91' lang='lat' dir='ltr'>no—</span> 
     </span>
    </p>
   </div>
   <div class='ocr_carea' id='block_1_79' title="bbox 2086 3277 3726 3359">
    <p class='ocr_par' dir='ltr' id='par_1_79' title="bbox 2086 3277 3726 3359">
     <span class='ocr_line' id='line_1_79' title="bbox 2086 3277 3726 3359; baseline -0.004 -20"><span class='ocrx_word' id='word_1_568' title='bbox 2086 3286 2217 3358; x_wconf 85' lang='grc' dir='ltr'>μένα</span> <span class='ocrx_word' id='word_1_569' title='bbox 2248 3281 2419 3339; x_wconf 85' lang='grc' dir='ltr'>ἐλθών</span> <span class='ocrx_word' id='word_1_570' title='bbox 2439 3303 2495 3339; x_wconf 82' lang='grc' dir='ltr'>τε</span> <span class='ocrx_word' id='word_1_571' title='bbox 2518 3286 2562 3322; x_wconf 85' lang='grc'>¹⁰</span> <span class='ocrx_word' id='word_1_572' title='bbox 2589 3284 2679 3339; x_wconf 85' lang='grc' dir='ltr'>καὶ</span> <span class='ocrx_word' id='word_1_573' title='bbox 2702 3282 2957 3359; x_wconf 73' lang='grc' dir='ltr'>ἀναχθεὶς</span> <span class='ocrx_word' id='word_1_574' title='bbox 2988 3280 3201 3356; x_wconf 86' lang='grc' dir='ltr'>ἀνέμων</span> <span class='ocrx_word' id='word_1_575' title='bbox 3224 3285 3326 3341; x_wconf 70' lang='grc'>³2</span> <span class='ocrx_word' id='word_1_576' title='bbox 3357 3278 3577 3357; x_wconf 80' lang='grc' dir='ltr'>ἔχθραις</span> <span class='ocrx_word' id='word_1_577' title='bbox 3608 3277 3726 3333; x_wconf 85' lang='grc' dir='ltr'>ἀντὶ</span> 
     </span>
    </p>
   </div>
   <div class='ocr_carea' id='block_1_80' title="bbox 2081 3366 3727 3447">
    <p class='ocr_par' dir='ltr' id='par_1_80' title="bbox 2081 3366 3727 3447">
     <span class='ocr_line' id='line_1_80' title="bbox 2081 3366 3727 3447; baseline -0.003 -20"><span class='ocrx_word' id='word_1_578' title='bbox 2081 3376 2178 3427; x_wconf 87' lang='grc' dir='ltr'>τοῦ</span> <span class='ocrx_word' id='word_1_579' title='bbox 2209 3371 2285 3434; x_wconf 82' lang='grc' dir='ltr'>είς</span> <span class='ocrx_word' id='word_1_580' title='bbox 2314 3368 2574 3430; x_wconf 83' lang='grc' dir='ltr'>Ἰουδαίαν</span> <span class='ocrx_word' id='word_1_581' title='bbox 2604 3369 2680 3433; x_wconf 85' lang='grc' dir='ltr'>εἷς</span> <span class='ocrx_word' id='word_1_582' title='bbox 2714 3367 3115 3447; x_wconf 82' lang='grc' dir='ltr'>Ἀλεξάνδρειαν</span> <span class='ocrx_word' id='word_1_583' title='bbox 3148 3370 3389 3445; x_wconf 77' lang='grc' dir='ltr'>ἠνέχθην</span> <span class='ocrx_word' id='word_1_584' title='bbox 3424 3390 3438 3405; x_wconf 89' lang='grc'><strong>·</strong></span> <span class='ocrx_word' id='word_1_585' title='bbox 3487 3368 3577 3422; x_wconf 83' lang='grc' dir='ltr'>καὶ</span> <span class='ocrx_word' id='word_1_586' title='bbox 3606 3366 3727 3422; x_wconf 72' lang='grc' dir='ltr'>ἀνέο</span> 
     </span>
    </p>
   </div>
   <div class='ocr_carea' id='block_1_81' title="bbox 2088 3455 3727 3537">
    <p class='ocr_par' dir='ltr' id='par_1_81' title="bbox 2088 3455 3727 3537">
     <span class='ocr_line' id='line_1_81' title="bbox 2088 3455 3727 3537; baseline -0.004 -21"><span class='ocrx_word' id='word_1_587' title='bbox 2088 3481 2205 3535; x_wconf 91' lang='grc' dir='ltr'>μων</span> <span class='ocrx_word' id='word_1_588' title='bbox 2234 3460 2436 3537; x_wconf 79' lang='grc' dir='ltr'>ἀπορίᾳ</span> <span class='ocrx_word' id='word_1_589' title='bbox 2458 3458 2762 3536; x_wconf 81' lang='grc' dir='ltr'>ἐπισχεθεὶς</span> <span class='ocrx_word' id='word_1_590' title='bbox 2787 3458 2897 3514; x_wconf 87' lang='grc' dir='ltr'>ἐκεῖ</span> <span class='ocrx_word' id='word_1_591' title='bbox 2917 3457 3241 3537; x_wconf 87' lang='grc' dir='ltr'>συνεφοίτων</span> <span class='ocrx_word' id='word_1_592' title='bbox 3262 3463 3379 3521; x_wconf 84' lang='grc' dir='ltr'>τοῖς</span> <span class='ocrx_word' id='word_1_593' title='bbox 3403 3455 3727 3536; x_wconf 76' lang='grc' dir='ltr'>φιλοσόφοις</span> 
     </span>
    </p>
   </div>
   <div class='ocr_carea' id='block_1_82' title="bbox 2084 3542 3727 3627">
    <p class='ocr_par' dir='ltr' id='par_1_82' title="bbox 2084 3542 3727 3627">
     <span class='ocr_line' id='line_1_82' title="bbox 2084 3542 3727 3627; baseline -0.004 -22"><span class='ocrx_word' id='word_1_594' title='bbox 2084 3548 2176 3605; x_wconf 58' lang='grc' dir='ltr'>κεί</span> <span class='ocrx_word' id='word_1_595' title='bbox 2218 3550 2287 3605; x_wconf 85' lang='grc' dir='ltr'>τά</span> <span class='ocrx_word' id='word_1_596' title='bbox 2317 3555 2419 3620; x_wconf 85' lang='grc' dir='ltr'>τῆς</span> <span class='ocrx_word' id='word_1_597' title='bbox 2467 3550 2661 3627; x_wconf 85' lang='grc' dir='ltr'>φήμης</span> <span class='ocrx_word' id='word_1_598' title='bbox 2708 3548 2798 3603; x_wconf 86' lang='grc' dir='ltr'>καὶ</span> <span class='ocrx_word' id='word_1_599' title='bbox 2828 3552 2925 3602; x_wconf 89' lang='grc' dir='ltr'>τοῦ</span> <span class='ocrx_word' id='word_1_600' title='bbox 2958 3550 2999 3586; x_wconf 81' lang='grc'>¹¹</span> <span class='ocrx_word' id='word_1_601' title='bbox 3031 3546 3083 3602; x_wconf 86' lang='grc' dir='ltr'>ἐν</span> <span class='ocrx_word' id='word_1_602' title='bbox 3110 3547 3297 3622; x_wconf 80' lang='grc' dir='ltr'>Ῥώμῃ</span> <span class='ocrx_word' id='word_1_603' title='bbox 3325 3544 3576 3625; x_wconf 87' lang='grc' dir='ltr'>φανέντος</span> <span class='ocrx_word' id='word_1_604' title='bbox 3608 3542 3727 3600; x_wconf 81' lang='grc' dir='ltr'>ἔλε-</span> 
     </span>
    </p>
   </div>
   <div class='ocr_carea' id='block_1_83' title="bbox 2085 3633 3729 3716">
    <p class='ocr_par' dir='ltr' id='par_1_83' title="bbox 2085 3633 3729 3716">
     <span class='ocr_line' id='line_1_83' title="bbox 2085 3633 3729 3716; baseline -0.004 -22"><span class='ocrx_word' id='word_1_605' title='bbox 2085 3660 2180 3716; x_wconf 91' lang='grc' dir='ltr'>γον</span> <span class='ocrx_word' id='word_1_606' title='bbox 2230 3637 2360 3701; x_wconf 79' lang='grc' dir='ltr'>τοὺς</span> <span class='ocrx_word' id='word_1_607' title='bbox 2407 3635 2623 3714; x_wconf 68' lang='grc' dir='ltr'>λόγουςο</span> <span class='ocrx_word' id='word_1_608' title='bbox 2675 3637 2739 3691; x_wconf 77' lang='grc' dir='ltr'>Οἱ</span> <span class='ocrx_word' id='word_1_609' title='bbox 2781 3633 2839 3691; x_wconf 75' lang='grc' dir='ltr'>δὲ</span> <span class='ocrx_word' id='word_1_610' title='bbox 2870 3639 2912 3674; x_wconf 82' lang='grc'>¹²</span> <span class='ocrx_word' id='word_1_611' title='bbox 2957 3635 3332 3711; x_wconf 83' lang='grc' dir='ltr'>ἀπεκρίναντο,</span> <span class='ocrx_word' id='word_1_612' title='bbox 3364 3633 3467 3691; x_wconf 62' lang='grc' dir='ltr'>δυ’</span> <span class='ocrx_word' id='word_1_613' title='bbox 3498 3634 3599 3689; x_wconf 87' lang='grc' dir='ltr'>Τὸν</span> <span class='ocrx_word' id='word_1_614' title='bbox 3635 3634 3729 3708; x_wconf 76' lang='grc' dir='ltr'>μὶν</span> 
     </span>
    </p>
   </div>
   <div class='ocr_carea' id='block_1_84' title="bbox 2088 3721 3731 3805">
    <p class='ocr_par' dir='ltr' id='par_1_84' title="bbox 2088 3721 3731 3805">
     <span class='ocr_line' id='line_1_84' title="bbox 2088 3721 3731 3805; baseline -0.004 -21"><span class='ocrx_word' id='word_1_615' title='bbox 2088 3726 2139 3785; x_wconf 86' lang='grc' dir='ltr'>ἐν</span> <span class='ocrx_word' id='word_1_616' title='bbox 2187 3729 2371 3803; x_wconf 70' lang='grc' dir='ltr'>Ῥώμῃ</span> <span class='ocrx_word' id='word_1_617' title='bbox 2420 3726 2651 3805; x_wconf 82' lang='grc' dir='ltr'>φανέντα</span> <span class='ocrx_word' id='word_1_618' title='bbox 2698 3724 2797 3781; x_wconf 84' lang='grc' dir='ltr'>οὐκ</span> <span class='ocrx_word' id='word_1_619' title='bbox 2845 3722 3021 3799; x_wconf 66' lang='grc' dir='ltr'>ἴσμεν,</span> <span class='ocrx_word' id='word_1_620' title='bbox 3076 3724 3198 3800; x_wconf 89' lang='grc' dir='ltr'>περὶ</span> <span class='ocrx_word' id='word_1_621' title='bbox 3250 3721 3309 3779; x_wconf 72' lang='grc' dir='ltr'>δὲ</span> <span class='ocrx_word' id='word_1_622' title='bbox 3349 3726 3449 3779; x_wconf 91' lang='grc' dir='ltr'>τοῦ</span> <span class='ocrx_word' id='word_1_623' title='bbox 3497 3722 3548 3778; x_wconf 89' lang='grc' dir='ltr'>ἐν</span> <span class='ocrx_word' id='word_1_624' title='bbox 3595 3723 3731 3780; x_wconf 82' lang='grc' dir='ltr'>ἰου-</span> 
     </span>
    </p>
   </div>
   <div class='ocr_carea' id='block_1_85' title="bbox 2089 3809 3735 3894">
    <p class='ocr_par' dir='ltr' id='par_1_85' title="bbox 2089 3809 3735 3894">
     <span class='ocr_line' id='line_1_85' title="bbox 2089 3809 3735 3894; baseline -0.004 -21"><span class='ocrx_word' id='word_1_625' title='bbox 2089 3814 2214 3890; x_wconf 75' lang='grc' dir='ltr'>δαίᾳ</span> <span class='ocrx_word' id='word_1_626' title='bbox 2255 3816 2550 3894; x_wconf 82' lang='grc' dir='ltr'>γενομένου</span> <span class='ocrx_word' id='word_1_627' title='bbox 2596 3814 2700 3871; x_wconf 65' lang='grc' dir='ltr'>καὶε</span> <span class='ocrx_word' id='word_1_628' title='bbox 2742 3816 2871 3870; x_wconf 76' lang='grc' dir='ltr'>Υἱοῦ</span> <span class='ocrx_word' id='word_1_629' title='bbox 2913 3819 3050 3871; x_wconf 89' lang='grc' dir='ltr'>Θεοῦ</span> <span class='ocrx_word' id='word_1_630' title='bbox 3096 3814 3197 3869; x_wconf 87' lang='grc' dir='ltr'>ὑπὸ</span> <span class='ocrx_word' id='word_1_631' title='bbox 3224 3820 3323 3884; x_wconf 85' lang='grc' dir='ltr'>τῆς</span> <span class='ocrx_word' id='word_1_632' title='bbox 3353 3814 3546 3892; x_wconf 84' lang='grc' dir='ltr'>φήμης</span> <span class='ocrx_word' id='word_1_633' title='bbox 3577 3809 3735 3887; x_wconf 77' lang='grc' dir='ltr'>λεγο⁴</span> 
     </span>
    </p>
   </div>
   <div class='ocr_carea' id='block_1_86' title="bbox 2093 3899 3730 3982">
    <p class='ocr_par' dir='ltr' id='par_1_86' title="bbox 2093 3899 3730 3982">
     <span class='ocr_line' id='line_1_86' title="bbox 2093 3899 3730 3982; baseline -0.004 -20"><span class='ocrx_word' id='word_1_634' title='bbox 2093 3905 2256 3982; x_wconf 84' lang='grc' dir='ltr'>μένου</span> <span class='ocrx_word' id='word_1_635' title='bbox 2307 3905 2397 3961; x_wconf 84' lang='grc' dir='ltr'>καὶ</span> <span class='ocrx_word' id='word_1_636' title='bbox 2445 3906 2592 3979; x_wconf 88' lang='grc' dir='ltr'>παρά</span> <span class='ocrx_word' id='word_1_637' title='bbox 2634 3902 2859 3961; x_wconf 86' lang='grc' dir='ltr'>πολλῶν</span> <span class='ocrx_word' id='word_1_638' title='bbox 2908 3908 3016 3958; x_wconf 88' lang='grc' dir='ltr'>τῶν</span> <span class='ocrx_word' id='word_1_639' title='bbox 3078 3904 3317 3959; x_wconf 85' lang='grc' dir='ltr'>κάκεῖθεν</span> <span class='ocrx_word' id='word_1_640' title='bbox 3383 3899 3730 3971; x_wconf 79' lang='grc' dir='ltr'>ἐληλυθότων</span> 
     </span>
    </p>
   </div>
   <div class='ocr_carea' id='block_1_87' title="bbox 2089 3990 3733 4069">
    <p class='ocr_par' dir='ltr' id='par_1_87' title="bbox 2089 3990 3733 4069">
     <span class='ocr_line' id='line_1_87' title="bbox 2089 3990 3733 4069; baseline -0.004 -18"><span class='ocrx_word' id='word_1_641' title='bbox 2089 3994 2422 4069; x_wconf 80' lang='grc' dir='ltr'>ἠκούσαμεν,</span> <span class='ocrx_word' id='word_1_642' title='bbox 2469 3993 2559 4050; x_wconf 82' lang='grc' dir='ltr'>καὶ</span> <span class='ocrx_word' id='word_1_643' title='bbox 2598 3994 2723 4069; x_wconf 81' lang='grc' dir='ltr'>περί</span> <span class='ocrx_word' id='word_1_644' title='bbox 2752 3994 2966 4049; x_wconf 78' lang='grc' dir='ltr'>πάντων</span> <span class='ocrx_word' id='word_1_645' title='bbox 3000 3994 3073 4049; x_wconf 86' lang='grc' dir='ltr'>ῶν</span> <span class='ocrx_word' id='word_1_646' title='bbox 3105 3990 3291 4049; x_wconf 89' lang='grc' dir='ltr'>λαλῶν</span> <span class='ocrx_word' id='word_1_647' title='bbox 3324 3990 3493 4047; x_wconf 86' lang='grc' dir='ltr'>ἐποίει</span> <span class='ocrx_word' id='word_1_648' title='bbox 3527 4002 3733 4063; x_wconf 86' lang='grc' dir='ltr'>θαυμα-</span> 
     </span>
    </p>
   </div>
   <div class='ocr_carea' id='block_1_88' title="bbox 2090 4084 2547 4159">
    <p class='ocr_par' dir='ltr' id='par_1_88' title="bbox 2090 4084 2547 4159">
     <span class='ocr_line' id='line_1_88' title="bbox 2090 4084 2547 4159; baseline 0.004 -18"><span class='ocrx_word' id='word_1_649' title='bbox 2090 4084 2219 4141; x_wconf 85' lang='grc' dir='ltr'>σίων</span> <span class='ocrx_word' id='word_1_650' title='bbox 2252 4084 2547 4159; x_wconf 77' lang='grc' dir='ltr'>ἐμάθομεν.</span> 
     </span>
    </p>
   </div>
   <div class='ocr_carea' id='block_1_89' title="bbox 2164 4169 3734 4247">
    <p class='ocr_par' dir='ltr' id='par_1_89' title="bbox 2164 4169 3734 4247">
     <span class='ocr_line' id='line_1_89' title="bbox 2164 4169 3734 4247; baseline -0.006 -17"><span class='ocrx_word' id='word_1_651' title='bbox 2164 4175 2252 4231; x_wconf 89' lang='grc' dir='ltr'>ΙΧ.</span> <span class='ocrx_word' id='word_1_652' title='bbox 2301 4174 2473 4247; x_wconf 83' lang='grc' dir='ltr'>Ἐμοῦ</span> <span class='ocrx_word' id='word_1_653' title='bbox 2524 4170 2581 4228; x_wconf 81' lang='grc' dir='ltr'>δὶ</span> <span class='ocrx_word' id='word_1_654' title='bbox 2625 4170 2890 4244; x_wconf 80' lang='grc' dir='ltr'>εἰπόντος,</span> <span class='ocrx_word' id='word_1_655' title='bbox 2924 4169 3151 4227; x_wconf 85' lang='grc' dir='ltr'>Ἥθελόν</span> <span class='ocrx_word' id='word_1_656' title='bbox 3180 4191 3287 4225; x_wconf 89' lang='grc' dir='ltr'>τινι</span> <span class='ocrx_word' id='word_1_657' title='bbox 3318 4173 3599 4244; x_wconf 85' lang='grc' dir='ltr'>σῦντυχεῖν</span> <span class='ocrx_word' id='word_1_658' title='bbox 3626 4171 3734 4223; x_wconf 86' lang='grc' dir='ltr'>τῶν</span> 
     </span>
    </p>
   </div>
   <div class='ocr_carea' id='block_1_90' title="bbox 2094 4256 3738 4338">
    <p class='ocr_par' dir='ltr' id='par_1_90' title="bbox 2094 4256 3738 4338">
     <span class='ocr_line' id='line_1_90' title="bbox 2094 4256 3738 4338; baseline -0.005 -19"><span class='ocrx_word' id='word_1_659' title='bbox 2094 4261 2412 4338; x_wconf 72' lang='grc' dir='ltr'>ὶωρακότων</span> <span class='ocrx_word' id='word_1_660' title='bbox 2468 4260 2653 4332; x_wconf 81' lang='grc' dir='ltr'>αὐτὸν,</span> <span class='ocrx_word' id='word_1_661' title='bbox 2704 4260 2856 4324; x_wconf 73' lang='grc' dir='ltr'>εὐθὺς</span> <span class='ocrx_word' id='word_1_662' title='bbox 2902 4259 3033 4337; x_wconf 76' lang='grc' dir='ltr'>ἦγόν</span> <span class='ocrx_word' id='word_1_663' title='bbox 3086 4280 3153 4334; x_wconf 91' lang='grc' dir='ltr'>με</span> <span class='ocrx_word' id='word_1_664' title='bbox 3197 4258 3470 4334; x_wconf 82' lang='grc' dir='ltr'>λέγοντες,</span> <span class='ocrx_word' id='word_1_665' title='bbox 3515 4256 3624 4312; x_wconf 81' lang='grc' dir='ltr'>ἔστι</span> <span class='ocrx_word' id='word_1_666' title='bbox 3652 4277 3738 4319; x_wconf 87' lang='grc' dir='ltr'>τις</span> 
     </span>
    </p>
   </div>
   <div class='ocr_carea' id='block_1_91' title="bbox 2097 4344 3739 4425">
    <p class='ocr_par' dir='ltr' id='par_1_91' title="bbox 2097 4344 3739 4425">
     <span class='ocr_line' id='line_1_91' title="bbox 2097 4344 3739 4425; baseline -0.004 -17"><span class='ocrx_word' id='word_1_667' title='bbox 2097 4351 2337 4425; x_wconf 85' lang='grc' dir='ltr'>ἐνταῦθα,</span> <span class='ocrx_word' id='word_1_668' title='bbox 2386 4348 2450 4407; x_wconf 84' lang='grc' dir='ltr'>ού</span> <span class='ocrx_word' id='word_1_669' title='bbox 2501 4349 2663 4424; x_wconf 87' lang='grc' dir='ltr'>μόνον</span> <span class='ocrx_word' id='word_1_670' title='bbox 2712 4348 3002 4425; x_wconf 75' lang='grc' dir='ltr'>ἱστορήσας</span> <span class='ocrx_word' id='word_1_671' title='bbox 3050 4347 3228 4418; x_wconf 81' lang='grc' dir='ltr'>αὐτὸν,</span> <span class='ocrx_word' id='word_1_672' title='bbox 3292 4346 3438 4403; x_wconf 83' lang='grc' dir='ltr'>ἀλλά</span> <span class='ocrx_word' id='word_1_673' title='bbox 3502 4344 3591 4401; x_wconf 82' lang='grc' dir='ltr'>καὶ</span> <span class='ocrx_word' id='word_1_674' title='bbox 3636 4351 3739 4414; x_wconf 81' lang='grc' dir='ltr'>τῆς</span> 
     </span>
    </p>
   </div>
   <div class='ocr_carea' id='block_1_92' title="bbox 2097 4431 3739 4516">
    <p class='ocr_par' dir='ltr' id='par_1_92' title="bbox 2097 4431 3739 4516">
     <span class='ocr_line' id='line_1_92' title="bbox 2097 4431 3739 4516; baseline -0.005 -19"><span class='ocrx_word' id='word_1_675' title='bbox 2097 4441 2296 4506; x_wconf 79' lang='grc' dir='ltr'>ἐκεῖθεν</span> <span class='ocrx_word' id='word_1_676' title='bbox 2336 4446 2441 4516; x_wconf 85' lang='grc' dir='ltr'>γῆς</span> <span class='ocrx_word' id='word_1_677' title='bbox 2482 4438 2767 4516; x_wconf 80' lang='grc' dir='ltr'>ὑπάρχων,</span> <span class='ocrx_word' id='word_1_678' title='bbox 2799 4437 2937 4515; x_wconf 77' lang='grc' dir='ltr'>ἀνὴρ</span> <span class='ocrx_word' id='word_1_679' title='bbox 2969 4431 3237 4514; x_wconf 78' lang='grc' dir='ltr'>Ἐϐραῖος,</span> <span class='ocrx_word' id='word_1_680' title='bbox 3275 4435 3502 4510; x_wconf 82' lang='grc' dir='ltr'>ὀνόματι</span> <span class='ocrx_word' id='word_1_681' title='bbox 3530 4437 3739 4512; x_wconf 79' lang='grc' dir='ltr'>Βαρνα-</span> 
     </span>
    </p>
   </div>
   <div class='ocr_carea' id='block_1_93' title="bbox 346 4521 1969 4609">
    <p class='ocr_par' dir='ltr' id='par_1_93' title="bbox 346 4530 1969 4607">
     <span class='ocr_line' id='line_1_93' title="bbox 346 4530 1969 4607; baseline 0.002 -21"><span class='ocrx_word' id='word_1_682' title='bbox 346 4531 505 4587; x_wconf 91' lang='lat' dir='ltr'>mine</span> <span class='ocrx_word' id='word_1_683' title='bbox 558 4530 875 4599; x_wconf 86' lang='lat' dir='ltr'>Barnabas,</span> <span class='ocrx_word' id='word_1_684' title='bbox 908 4532 1008 4605; x_wconf 90' lang='lat' dir='ltr'>qui</span> <span class='ocrx_word' id='word_1_685' title='bbox 1059 4547 1122 4588; x_wconf 90' lang='lat' dir='ltr'>se</span> <span class='ocrx_word' id='word_1_686' title='bbox 1152 4549 1387 4607; x_wconf 90' lang='lat' dir='ltr'>quoque</span> <span class='ocrx_word' id='word_1_687' title='bbox 1415 4533 1497 4590; x_wconf 88' lang='lat' dir='ltr'>ait</span> <span class='ocrx_word' id='word_1_688' title='bbox 1527 4552 1713 4591; x_wconf 92' lang='lat' dir='ltr'>unum</span> <span class='ocrx_word' id='word_1_689' title='bbox 1763 4550 1892 4592; x_wconf 88' lang='lat' dir='ltr'>esse</span> <span class='ocrx_word' id='word_1_690' title='bbox 1922 4550 1969 4590; x_wconf 72' lang='lat' dir='ltr'>e1</span> 
     </span>
    </p>
   </div>
   <div class='ocr_carea' id='block_1_94' title="bbox 2081 4521 3742 4609">
    <p class='ocr_par' dir='ltr' id='par_1_94' title="bbox 2098 4521 3742 4605">
     <span class='ocr_line' id='line_1_94' title="bbox 2098 4521 3742 4605; baseline -0.005 -18"><span class='ocrx_word' id='word_1_691' title='bbox 2098 4525 2218 4605; x_wconf 78' lang='grc' dir='ltr'>ϐας,</span> <span class='ocrx_word' id='word_1_692' title='bbox 2268 4528 2329 4593; x_wconf 79' lang='grc' dir='ltr'>ὅς</span> <span class='ocrx_word' id='word_1_693' title='bbox 2373 4527 2463 4585; x_wconf 80' lang='grc' dir='ltr'>καὶ</span> <span class='ocrx_word' id='word_1_694' title='bbox 2513 4525 2608 4585; x_wconf 73' lang='grc' dir='ltr'>ἕνα</span> <span class='ocrx_word' id='word_1_695' title='bbox 2634 4532 2740 4584; x_wconf 88' lang='grc' dir='ltr'>τῶν</span> <span class='ocrx_word' id='word_1_696' title='bbox 2771 4526 2937 4584; x_wconf 76' lang='grc' dir='ltr'>αὐτοῦ</span> <span class='ocrx_word' id='word_1_697' title='bbox 2971 4530 3225 4599; x_wconf 88' lang='grc' dir='ltr'>μαθητῶν</span> <span class='ocrx_word' id='word_1_698' title='bbox 3258 4525 3444 4581; x_wconf 68' lang='grc' dir='ltr'>ἑαυτὸν</span> <span class='ocrx_word' id='word_1_699' title='bbox 3478 4524 3611 4579; x_wconf 74' lang='grc' dir='ltr'>εἶναι</span> <span class='ocrx_word' id='word_1_700' title='bbox 3645 4521 3742 4579; x_wconf 81' lang='grc' dir='ltr'>λέ-</span> 
     </span>
    </p>
   </div>
   <div class='ocr_carea' id='block_1_95' title="bbox 345 4619 1989 4697">
    <p class='ocr_par' dir='ltr' id='par_1_95' title="bbox 345 4619 1989 4697">
     <span class='ocr_line' id='line_1_95' title="bbox 345 4619 1989 4697; baseline 0.002 -22"><span class='ocrx_word' id='word_1_701' title='bbox 345 4619 506 4676; x_wconf 88' lang='lat' dir='ltr'>illius</span> <span class='ocrx_word' id='word_1_702' title='bbox 539 4619 866 4692; x_wconf 90' lang='lat' dir='ltr'>discipulis,</span> <span class='ocrx_word' id='word_1_703' title='bbox 898 4625 956 4677; x_wconf 91' lang='lat' dir='ltr'>et</span> <span class='ocrx_word' id='word_1_704' title='bbox 991 4621 1086 4677; x_wconf 88' lang='lat' dir='ltr'>hic</span> <span class='ocrx_word' id='word_1_705' title='bbox 1117 4622 1326 4679; x_wconf 88' lang='lat' dir='ltr'>sedens</span> <span class='ocrx_word' id='word_1_706' title='bbox 1357 4640 1553 4680; x_wconf 91' lang='lat' dir='ltr'>rerum</span> <span class='ocrx_word' id='word_1_707' title='bbox 1580 4624 1651 4679; x_wconf 90' lang='lat' dir='ltr'>ab</span> <span class='ocrx_word' id='word_1_708' title='bbox 1695 4623 1823 4697; x_wconf 91' lang='lat' dir='ltr'>ipso</span> <span class='ocrx_word' id='word_1_709' title='bbox 1856 4639 1989 4695; x_wconf 89' lang='lat' dir='ltr'>pro-</span> 
     </span>
    </p>
   </div>
   <div class='ocr_carea' id='block_1_96' title="bbox 346 4708 1992 4785">
    <p class='ocr_par' dir='ltr' id='par_1_96' title="bbox 346 4708 1992 4785">
     <span class='ocr_line' id='line_1_96' title="bbox 346 4708 1992 4785; baseline 0.002 -20"><span class='ocrx_word' id='word_1_710' title='bbox 346 4708 664 4765; x_wconf 76' lang='lat' dir='ltr'>missurum</span> <span class='ocrx_word' id='word_1_711' title='bbox 695 4725 996 4766; x_wconf 89' lang='lat' dir='ltr'>sermones</span> <span class='ocrx_word' id='word_1_712' title='bbox 1024 4709 1355 4768; x_wconf 90' lang='lat' dir='ltr'>volentibus</span> <span class='ocrx_word' id='word_1_713' title='bbox 1386 4712 1538 4770; x_wconf 92' lang='lat' dir='ltr'>ultro</span> <span class='ocrx_word' id='word_1_714' title='bbox 1569 4712 1837 4770; x_wconf 83' lang='lat' dir='ltr'>refert.Et</span> <span class='ocrx_word' id='word_1_715' title='bbox 1866 4712 1992 4785; x_wconf 90' lang='lat' dir='ltr'>qui-</span> 
     </span>
    </p>
   </div>
   <div class='ocr_carea' id='block_1_97' title="bbox 2097 4613 3747 4700">
    <p class='ocr_par' dir='ltr' id='par_1_97' title="bbox 2097 4613 3747 4700">
     <span class='ocr_line' id='line_1_97' title="bbox 2097 4613 3747 4700; baseline -0.005 -24"><span class='ocrx_word' id='word_1_716' title='bbox 2097 4641 2204 4700; x_wconf 86' lang='grc' dir='ltr'>γει,</span> <span class='ocrx_word' id='word_1_717' title='bbox 2248 4618 2339 4676; x_wconf 82' lang='grc' dir='ltr'>καὶ</span> <span class='ocrx_word' id='word_1_718' title='bbox 2388 4617 2608 4674; x_wconf 78' lang='grc' dir='ltr'>ἐνταῦθά</span> <span class='ocrx_word' id='word_1_719' title='bbox 2651 4639 2758 4674; x_wconf 89' lang='grc' dir='ltr'>που</span> <span class='ocrx_word' id='word_1_720' title='bbox 2812 4616 3165 4691; x_wconf 80' lang='grc' dir='ltr'>καθεζόμενος</span> <span class='ocrx_word' id='word_1_721' title='bbox 3212 4617 3310 4685; x_wconf 79' lang='grc' dir='ltr'>τῆς</span> <span class='ocrx_word' id='word_1_722' title='bbox 3358 4614 3563 4671; x_wconf 85' lang='grc' dir='ltr'>ἐκείνου</span> <span class='ocrx_word' id='word_1_723' title='bbox 3610 4613 3747 4669; x_wconf 81' lang='grc' dir='ltr'>ὑπο-</span> 
     </span>
    </p>
   </div>
   <div class='ocr_carea' id='block_1_98' title="bbox 2101 4702 3743 4786">
    <p class='ocr_par' dir='ltr' id='par_1_98' title="bbox 2101 4702 3743 4786">
     <span class='ocr_line' id='line_1_98' title="bbox 2101 4702 3743 4786; baseline -0.004 -21"><span class='ocrx_word' id='word_1_724' title='bbox 2101 4708 2339 4786; x_wconf 81' lang='grc' dir='ltr'>σχέσεως</span> <span class='ocrx_word' id='word_1_725' title='bbox 2369 4708 2498 4771; x_wconf 77' lang='grc' dir='ltr'>τοὺς</span> <span class='ocrx_word' id='word_1_726' title='bbox 2527 4706 2728 4785; x_wconf 88' lang='grc' dir='ltr'>λόγους</span> <span class='ocrx_word' id='word_1_727' title='bbox 2756 4711 2873 4770; x_wconf 86' lang='grc' dir='ltr'>τοῖς</span> <span class='ocrx_word' id='word_1_728' title='bbox 2910 4702 3270 4783; x_wconf 76' lang='grc' dir='ltr'>βουλομένοις</span> <span class='ocrx_word' id='word_1_729' title='bbox 3298 4702 3535 4778; x_wconf 74' lang='grc' dir='ltr'>ἑτοίμως</span> <span class='ocrx_word' id='word_1_730' title='bbox 3575 4702 3743 4780; x_wconf 78' lang='grc' dir='ltr'>λέγει.</span> 
     </span>
    </p>
   </div>
   <div class='ocr_carea' id='block_1_99' title="bbox 346 4793 1969 4873">
    <p class='ocr_par' dir='ltr' id='par_1_99' title="bbox 346 4797 1969 4873">
     <span class='ocr_line' id='line_1_99' title="bbox 346 4797 1969 4873; baseline 0.003 -19"><span class='ocrx_word' id='word_1_731' title='bbox 346 4797 479 4855; x_wconf 88' lang='lat' dir='ltr'>dem</span> <span class='ocrx_word' id='word_1_732' title='bbox 521 4814 656 4855; x_wconf 89' lang='lat' dir='ltr'>cum</span> <span class='ocrx_word' id='word_1_733' title='bbox 706 4798 780 4855; x_wconf 90' lang='lat' dir='ltr'>iis</span> <span class='ocrx_word' id='word_1_734' title='bbox 826 4814 1173 4873; x_wconf 88' lang='lat' dir='ltr'>progressus</span> <span class='ocrx_word' id='word_1_735' title='bbox 1233 4817 1386 4859; x_wconf 90' lang='lat' dir='ltr'>sum.</span> <span class='ocrx_word' id='word_1_736' title='bbox 1435 4802 1517 4860; x_wconf 84' lang='lat' dir='ltr'>Ac</span> <span class='ocrx_word' id='word_1_737' title='bbox 1564 4802 1805 4861; x_wconf 90' lang='lat' dir='ltr'>veniens</span> <span class='ocrx_word' id='word_1_738' title='bbox 1852 4818 1969 4859; x_wconf 85' lang='lat' dir='ltr'>cun</span> 
     </span>
    </p>
   </div>
   <div class='ocr_carea' id='block_1_100' title="bbox 2081 4793 3742 4873">
    <p class='ocr_par' dir='ltr' id='par_1_100' title="bbox 2100 4793 3742 4871">
     <span class='ocr_line' id='line_1_100' title="bbox 2100 4793 3742 4871; baseline -0.005 -12"><span class='ocrx_word' id='word_1_739' title='bbox 2100 4800 2204 4859; x_wconf 84' lang='grc' dir='ltr'>Καὶ</span> <span class='ocrx_word' id='word_1_740' title='bbox 2256 4795 2323 4870; x_wconf 74' lang='grc' dir='ltr'>δὴ</span> <span class='ocrx_word' id='word_1_741' title='bbox 2366 4796 2632 4871; x_wconf 83' lang='grc' dir='ltr'>συνῆλθον</span> <span class='ocrx_word' id='word_1_742' title='bbox 2682 4796 2888 4862; x_wconf 78' lang='grc' dir='ltr'>αὐτοῖς.</span> <span class='ocrx_word' id='word_1_743' title='bbox 2930 4795 3029 4853; x_wconf 80' lang='grc' dir='ltr'>Καὶ</span> <span class='ocrx_word' id='word_1_744' title='bbox 3075 4793 3273 4871; x_wconf 78' lang='grc' dir='ltr'>ἐλθὼν,</span> <span class='ocrx_word' id='word_1_745' title='bbox 3324 4793 3418 4852; x_wconf 75' lang='grc' dir='ltr'>σὺν</span> <span class='ocrx_word' id='word_1_746' title='bbox 3471 4799 3551 4869; x_wconf 79' lang='grc' dir='ltr'>σῷ</span> <span class='ocrx_word' id='word_1_747' title='bbox 3578 4814 3742 4870; x_wconf 73' lang='grc' dir='ltr'>παρεο</span> 
     </span>
    </p>
   </div>
   <div class='ocr_carea' id='block_1_101' title="bbox 1700 4994 2395 5056">
    <p class='ocr_par' dir='ltr' id='par_1_101' title="bbox 1700 4994 2395 5056">
     <span class='ocr_line' id='line_1_101' title="bbox 1700 4994 2395 5056; baseline 0 -2"><span class='ocrx_word' id='word_1_748' title='bbox 1700 4997 1941 5056; x_wconf 66' lang='grc' dir='ltr'>νΑΒΙΛΕ</span> <span class='ocrx_word' id='word_1_749' title='bbox 1980 4994 2395 5056; x_wconf 83' lang='lat' dir='ltr'>LECTIONES.</span> 
     </span>
    </p>
   </div>
   <div class='ocr_carea' id='block_1_102' title="bbox 418 5141 3759 5226">
    <p class='ocr_par' dir='ltr' id='par_1_102' title="bbox 418 5141 3759 5226">
     <span class='ocr_line' id='line_1_102' title="bbox 418 5141 3759 5226; baseline -0.002 -22"><span class='ocrx_word' id='word_1_750' title='bbox 418 5153 441 5189; x_wconf 79' lang='grc'>³</span> <span class='ocrx_word' id='word_1_751' title='bbox 472 5149 775 5226; x_wconf 13' lang='grc' dir='ltr'>γλνῶτεςῄο.</span> <span class='ocrx_word' id='word_1_752' title='bbox 796 5220 810 5226; x_wconf 19' lang='grc' dir='ltr'><strong>ἑ</strong></span> <span class='ocrx_word' id='word_1_753' title='bbox 851 5149 875 5187; x_wconf 86' lang='grc'><em>³</em></span> <span class='ocrx_word' id='word_1_754' title='bbox 907 5150 992 5226; x_wconf 81' lang='lat' dir='ltr'>lta</span> <span class='ocrx_word' id='word_1_755' title='bbox 1018 5151 1064 5209; x_wconf 91' lang='grc' dir='ltr'>Ο</span> <span class='ocrx_word' id='word_1_756' title='bbox 1092 5151 1344 5226; x_wconf 65' lang='lat' dir='ltr'>c&#39;_Epit.,</span> <span class='ocrx_word' id='word_1_757' title='bbox 1393 5145 1744 5219; x_wconf 83' lang='grc' dir='ltr'>ἀπολαύσητε</span> <span class='ocrx_word' id='word_1_758' title='bbox 1798 5154 1879 5226; x_wconf 31' lang='lat' dir='ltr'>C.‘</span> <span class='ocrx_word' id='word_1_759' title='bbox 1910 5147 2048 5203; x_wconf 84' lang='grc' dir='ltr'>κατά</span> <span class='ocrx_word' id='word_1_760' title='bbox 2101 5149 2211 5226; x_wconf 63' lang='grc' dir='ltr'>τὴν⁸</span> <span class='ocrx_word' id='word_1_761' title='bbox 2236 5168 2290 5204; x_wconf 86' lang='grc' dir='ltr'>τ.</span> <span class='ocrx_word' id='word_1_762' title='bbox 2324 5168 2375 5204; x_wconf 90' lang='grc' dir='ltr'>σ.</span> <span class='ocrx_word' id='word_1_763' title='bbox 2409 5164 2469 5222; x_wconf 88' lang='lat' dir='ltr'>p.</span> <span class='ocrx_word' id='word_1_764' title='bbox 2507 5142 2642 5226; x_wconf 73' lang='grc' dir='ltr'>μετά</span> <span class='ocrx_word' id='word_1_765' title='bbox 2666 5145 2849 5226; x_wconf 44' lang='grc' dir='ltr'>τὴν-τ.</span> <span class='ocrx_word' id='word_1_766' title='bbox 2882 5143 3140 5226; x_wconf 49' lang='lat' dir='ltr'>atmiis</span> <span class='ocrx_word' id='word_1_767' title='bbox 3169 5141 3482 5226; x_wconf 54' lang='lat' dir='ltr'>edidit_Cl._</span> <span class='ocrx_word' id='word_1_768' title='bbox 3498 5141 3759 5226; x_wconf 67' lang='lat' dir='ltr'>repetiit-</span> 
     </span>
    </p>
   </div>
   <div class='ocr_carea' id='block_1_103' title="bbox 391 5211 3757 5295">
    <p class='ocr_par' dir='ltr' id='par_1_103' title="bbox 391 5211 3757 5295">
     <span class='ocr_line' id='line_1_103' title="bbox 391 5211 3757 5295; baseline -0.001 -15"><span class='ocrx_word' id='word_1_769' title='bbox 391 5239 462 5280; x_wconf 91' lang='lat' dir='ltr'>ue</span> <span class='ocrx_word' id='word_1_770' title='bbox 484 5211 552 5290; x_wconf 68' lang='lat' dir='ltr'>&#39;S,</span> <span class='ocrx_word' id='word_1_771' title='bbox 584 5222 759 5278; x_wconf 86' lang='lat' dir='ltr'>Codd.</span> <span class='ocrx_word' id='word_1_772' title='bbox 796 5220 1101 5279; x_wconf 76' lang='lat' dir='ltr'>lectionem</span> <span class='ocrx_word' id='word_1_773' title='bbox 1156 5211 1229 5279; x_wconf 51' lang='lat' dir='ltr'>in.</span> <span class='ocrx_word' id='word_1_774' title='bbox 1259 5211 1471 5278; x_wconf 79' lang='lat' dir='ltr'>Annot-</span> <span class='ocrx_word' id='word_1_775' title='bbox 1505 5239 1586 5279; x_wconf 90' lang='lat' dir='ltr'>cr.</span> <span class='ocrx_word' id='word_1_776' title='bbox 1620 5211 1724 5295; x_wconf 73' lang='lat' dir='ltr'>pro</span> <span class='ocrx_word' id='word_1_777' title='bbox 1751 5222 2089 5293; x_wconf 74' lang='lat' dir='ltr'>conjectura</span> <span class='ocrx_word' id='word_1_778' title='bbox 2142 5211 2452 5295; x_wconf 64' lang='lat' dir='ltr'>adnotans.</span> <span class='ocrx_word' id='word_1_779' title='bbox 2502 5211 2549 5295; x_wconf 54' lang='grc' dir='ltr'>ξ’</span> <span class='ocrx_word' id='word_1_780' title='bbox 2579 5217 2693 5295; x_wconf 56' lang='grc' dir='ltr'>ἐπεί</span> <span class='ocrx_word' id='word_1_781' title='bbox 2725 5211 2980 5295; x_wconf 72' lang='lat' dir='ltr'>adjunxi~</span> <span class='ocrx_word' id='word_1_782' title='bbox 2995 5234 3046 5295; x_wconf 59' lang='lat'><strong><em>9:</em></strong></span> <span class='ocrx_word' id='word_1_783' title='bbox 3077 5215 3125 5295; x_wconf 77' lang='grc' dir='ltr'><strong>ρ</strong></span> <span class='ocrx_word' id='word_1_784' title='bbox 3154 5219 3211 5295; x_wconf 71' lang='lat' dir='ltr'>et</span> <span class='ocrx_word' id='word_1_785' title='bbox 3237 5217 3386 5295; x_wconf 60' lang='grc' dir='ltr'>ξρίξ.</span> <span class='ocrx_word' id='word_1_786' title='bbox 3461 5215 3485 5251; x_wconf 81' lang='grc'>⁸</span> <span class='ocrx_word' id='word_1_787' title='bbox 3514 5211 3757 5295; x_wconf 49' lang='lat' dir='ltr'>magica:</span> 
     </span>
    </p>
   </div>
   <div class='ocr_carea' id='block_1_104' title="bbox 402 5282 3757 5368">
    <p class='ocr_par' dir='ltr' id='par_1_104' title="bbox 402 5282 3757 5368">
     <span class='ocr_line' id='line_1_104' title="bbox 402 5282 3757 5368; baseline -0.002 -20"><span class='ocrx_word' id='word_1_788' title='bbox 402 5338 416 5363; x_wconf 86' lang='lat'>,</span> <span class='ocrx_word' id='word_1_789' title='bbox 448 5282 550 5368; x_wconf 78' lang='lat' dir='ltr'>qui</span> <span class='ocrx_word' id='word_1_790' title='bbox 579 5295 714 5350; x_wconf 90' lang='lat' dir='ltr'>dein</span> <span class='ocrx_word' id='word_1_791' title='bbox 738 5296 1155 5368; x_wconf 72' lang='grc' dir='ltr'>κολασθήσεται,</span> <span class='ocrx_word' id='word_1_792' title='bbox 1196 5298 1372 5368; x_wconf 66' lang='lat' dir='ltr'>nota</span> <span class='ocrx_word' id='word_1_793' title='bbox 1409 5282 1719 5368; x_wconf 74' lang='lat' dir='ltr'>marginali</span> <span class='ocrx_word' id='word_1_794' title='bbox 1744 5282 2104 5368; x_wconf 58' lang='lat' dir='ltr'>correctum</span> <span class='ocrx_word' id='word_1_795' title='bbox 2165 5294 2225 5349; x_wconf 93' lang='lat' dir='ltr'>in</span> <span class='ocrx_word' id='word_1_796' title='bbox 2265 5291 2422 5368; x_wconf 72' lang='lat' dir='ltr'>vulg.</span> <span class='ocrx_word' id='word_1_797' title='bbox 2467 5291 2521 5368; x_wconf 72' lang='lat'>_‘</span> <span class='ocrx_word' id='word_1_798' title='bbox 2548 5288 2724 5368; x_wconf 55' lang='lat' dir='ltr'>961w;</span> <span class='ocrx_word' id='word_1_799' title='bbox 2753 5282 2817 5368; x_wconf 69' lang='grc' dir='ltr'>(ξῖ</span> <span class='ocrx_word' id='word_1_800' title='bbox 2940 5283 3143 5368; x_wconf 69' lang='grc' dir='ltr'>ὦδέρ,</span> <span class='ocrx_word' id='word_1_801' title='bbox 3173 5286 3202 5341; x_wconf 88' lang='grc' dir='ltr'>ὁ</span> <span class='ocrx_word' id='word_1_802' title='bbox 3235 5282 3301 5357; x_wconf 80' lang='grc' dir='ltr'>δή</span> <span class='ocrx_word' id='word_1_803' title='bbox 3335 5286 3399 5356; x_wconf 88' lang='grc' dir='ltr'>Ο,</span> <span class='ocrx_word' id='word_1_804' title='bbox 3432 5302 3484 5343; x_wconf 87' lang='lat' dir='ltr'>c.</span> <span class='ocrx_word' id='word_1_805' title='bbox 3515 5282 3757 5368; x_wconf 40' lang='lat' dir='ltr'>C_.I&#39;_ljum</span> 
     </span>
    </p>
   </div>
   <div class='ocr_carea' id='block_1_105' title="bbox 352 5356 3760 5437">
    <p class='ocr_par' dir='ltr' id='par_1_105' title="bbox 352 5356 3760 5437">
     <span class='ocr_line' id='line_1_105' title="bbox 352 5356 3760 5437; baseline -0.003 -13"><span class='ocrx_word' id='word_1_806' title='bbox 352 5356 632 5424; x_wconf 67' lang='grc' dir='ltr'>ἐκπλέκων</span> <span class='ocrx_word' id='word_1_807' title='bbox 664 5368 723 5435; x_wconf 91' lang='lat' dir='ltr'>C,</span> <span class='ocrx_word' id='word_1_808' title='bbox 784 5366 881 5436; x_wconf 92' lang='lat' dir='ltr'>qui</span> <span class='ocrx_word' id='word_1_809' title='bbox 940 5356 1153 5423; x_wconf 60' lang='lat' dir='ltr'>tamen&#39;</span> <span class='ocrx_word' id='word_1_810' title='bbox 1193 5362 1482 5437; x_wconf 79' lang='grc' dir='ltr'>ἐμπλέκων</span> <span class='ocrx_word' id='word_1_811' title='bbox 1515 5356 1665 5437; x_wconf 66' lang='lat' dir='ltr'>conj.</span> <span class='ocrx_word' id='word_1_812' title='bbox 1740 5366 1763 5401; x_wconf 80' lang='grc'>⁸</span> <span class='ocrx_word' id='word_1_813' title='bbox 1818 5367 1985 5437; x_wconf 77' lang='lat' dir='ltr'>Errat</span> <span class='ocrx_word' id='word_1_814' title='bbox 2015 5356 2425 5437; x_wconf 69' lang='lat' dir='ltr'>Schvveglerus</span> <span class='ocrx_word' id='word_1_815' title='bbox 2451 5362 2522 5437; x_wconf 75' lang='lat' dir='ltr'>de</span> <span class='ocrx_word' id='word_1_816' title='bbox 2550 5360 2829 5437; x_wconf 80' lang='lat' dir='ltr'>Cotelerio</span> <span class='ocrx_word' id='word_1_817' title='bbox 2862 5356 3276 5437; x_wconf 57' lang='lat' dir='ltr'>ﬁuoovtgxopcv</span> <span class='ocrx_word' id='word_1_818' title='bbox 3313 5373 3464 5437; x_wconf 38' lang='lat' dir='ltr'>leum</span> <span class='ocrx_word' id='word_1_819' title='bbox 3502 5357 3760 5437; x_wconf 79' lang='lat' dir='ltr'>edidisse</span> 
     </span>
    </p>
   </div>
   <div class='ocr_carea' id='block_1_106' title="bbox 355 5382 3756 5510">
    <p class='ocr_par' dir='ltr' id='par_1_106' title="bbox 355 5382 3756 5510">
     <span class='ocr_line' id='line_1_106' title="bbox 355 5382 3756 5437; baseline -0.003 -13"><span class='ocrx_word' id='word_1_820' title='bbox 355 5382 632 5424; x_wconf 80' lang='grc' dir='ltr'>εκπΛεκων</span> <span class='ocrx_word' id='word_1_821' title='bbox 664 5382 723 5435; x_wconf 77' lang='lat' dir='ltr'>U,</span> <span class='ocrx_word' id='word_1_822' title='bbox 784 5382 881 5436; x_wconf 77' lang='lat' dir='ltr'>qui</span> <span class='ocrx_word' id='word_1_823' title='bbox 940 5382 1136 5423; x_wconf 85' lang='lat' dir='ltr'>tamen</span> <span class='ocrx_word' id='word_1_824' title='bbox 1193 5382 1482 5437; x_wconf 71' lang='grc' dir='ltr'>εμπλεκων</span> <span class='ocrx_word' id='word_1_825' title='bbox 1515 5383 1618 5421; x_wconf 91' lang='lat' dir='ltr'>con</span> <span class='ocrx_word' id='word_1_826' title='bbox 1652 5408 1665 5421; x_wconf 90' lang='lat'>.</span> <span class='ocrx_word' id='word_1_827' title='bbox 1741 5382 1763 5401; x_wconf 88' lang='lat'><strong>&#39;</strong></span> <span class='ocrx_word' id='word_1_828' title='bbox 1818 5382 1985 5422; x_wconf 71' lang='lat' dir='ltr'>:‘rrat</span> <span class='ocrx_word' id='word_1_829' title='bbox 2015 5382 2425 5435; x_wconf 70' lang='lat' dir='ltr'>bcnweglerus</span> <span class='ocrx_word' id='word_1_830' title='bbox 2451 5382 2522 5419; x_wconf 84' lang='lat' dir='ltr'>ae</span> <span class='ocrx_word' id='word_1_831' title='bbox 2550 5382 2829 5418; x_wconf 75' lang='lat' dir='ltr'>uowleno</span> <span class='ocrx_word' id='word_1_832' title='bbox 2878 5382 3276 5429; x_wconf 82' lang='grc' dir='ltr'>απουνισκομεν</span> <span class='ocrx_word' id='word_1_833' title='bbox 3329 5382 3464 5414; x_wconf 77' lang='lat' dir='ltr'>eum</span> <span class='ocrx_word' id='word_1_834' title='bbox 3502 5382 3756 5413; x_wconf 68' lang='lat' dir='ltr'>ualuisse</span> 
     </span>
     <span class='ocr_line' id='line_1_107' title="bbox 355 5382 3756 5510; baseline -0.005 -11"><span class='ocrx_word' id='word_1_835' title='bbox 355 5454 629 5500; x_wconf 88' lang='lat' dir='ltr'>asserens</span> <span class='ocrx_word' id='word_1_836' title='bbox 655 5454 669 5494; x_wconf 92' lang='lat'><strong>:</strong></span> <span class='ocrx_word' id='word_1_837' title='bbox 732 5441 797 5493; x_wconf 89' lang='lat' dir='ltr'>tu</span> <span class='ocrx_word' id='word_1_838' title='bbox 850 5438 1138 5495; x_wconf 81' lang='lat' dir='ltr'>Clericum</span> <span class='ocrx_word' id='word_1_839' title='bbox 1168 5438 1469 5510; x_wconf 65' lang='lat' dir='ltr'>(edu1624)</span> <span class='ocrx_word' id='word_1_840' title='bbox 1501 5382 1759 5509; x_wconf 77' lang='lat' dir='ltr'>intelligs</span> <span class='ocrx_word' id='word_1_841' title='bbox 1831 5441 1853 5476; x_wconf 75' lang='grc' dir='ltr'><strong>ο</strong></span> <span class='ocrx_word' id='word_1_842' title='bbox 1910 5434 2109 5510; x_wconf 80' lang='grc' dir='ltr'>πόρτον</span> <span class='ocrx_word' id='word_1_843' title='bbox 2138 5436 2203 5508; x_wconf 93' lang='lat'>0,</span> <span class='ocrx_word' id='word_1_844' title='bbox 2227 5430 2430 5510; x_wconf 52' lang='grc' dir='ltr'>πόνεον</span> <span class='ocrx_word' id='word_1_845' title='bbox 2457 5434 2518 5490; x_wconf 87' lang='lat' dir='ltr'>C.</span> <span class='ocrx_word' id='word_1_846' title='bbox 2548 5437 2679 5510; x_wconf 62' lang='grc' dir='ltr'>ᾄσαι</span> <span class='ocrx_word' id='word_1_847' title='bbox 2731 5432 3025 5510; x_wconf 51' lang='lat' dir='ltr'>(glorians;</span> <span class='ocrx_word' id='word_1_848' title='bbox 3059 5427 3482 5510; x_wconf 51' lang='lat' dir='ltr'>Fortendptol,</span> <span class='ocrx_word' id='word_1_849' title='bbox 3511 5433 3756 5510; x_wconf 51' lang='lat' dir='ltr'>portum,</span> 
     </span>
    </p>
   </div>
   <div class='ocr_carea' id='block_1_107' title="bbox 357 5497 3758 5581">
    <p class='ocr_par' dir='ltr' id='par_1_107' title="bbox 357 5497 3758 5581">
     <span class='ocr_line' id='line_1_108' title="bbox 357 5497 3758 5581; baseline -0.004 -11"><span class='ocrx_word' id='word_1_850' title='bbox 357 5497 568 5581; x_wconf 79' lang='lat' dir='ltr'>nempe</span> <span class='ocrx_word' id='word_1_851' title='bbox 598 5510 966 5566; x_wconf 82' lang='lat' dir='ltr'>Romanum:</span> <span class='ocrx_word' id='word_1_852' title='bbox 999 5511 1132 5567; x_wconf 89' lang='lat' dir='ltr'>vide</span> <span class='ocrx_word' id='word_1_853' title='bbox 1173 5497 1418 5581; x_wconf 9' lang='lat' dir='ltr'>‘Marrtyr.</span> <span class='ocrx_word' id='word_1_854' title='bbox 1454 5497 1583 5581; x_wconf 62' lang='lat' dir='ltr'>&#39;lgn.</span> <span class='ocrx_word' id='word_1_855' title='bbox 1635 5497 1790 5581; x_wconf 52' lang='grc' dir='ltr'>οξὸ,</span> <span class='ocrx_word' id='word_1_856' title='bbox 1838 5513 1896 5564; x_wconf 88' lang='lat' dir='ltr'>et</span> <span class='ocrx_word' id='word_1_857' title='bbox 1940 5497 2081 5579; x_wconf 69' lang='lat' dir='ltr'>sim.</span> <span class='ocrx_word' id='word_1_858' title='bbox 2134 5497 2310 5581; x_wconf 50' lang='grc' dir='ltr'>οί78ἵ</span> <span class='ocrx_word' id='word_1_859' title='bbox 2337 5508 2491 5581; x_wconf 63' lang='lat' dir='ltr'>Tum</span> <span class='ocrx_word' id='word_1_860' title='bbox 2522 5502 2598 5567; x_wconf 75' lang='grc' dir='ltr'>εἷς</span> <span class='ocrx_word' id='word_1_861' title='bbox 2627 5504 2721 5581; x_wconf 82' lang='grc' dir='ltr'>τὸν</span> <span class='ocrx_word' id='word_1_862' title='bbox 2752 5497 2951 5581; x_wconf 66' lang='grc' dir='ltr'>λίμὲνα</span> <span class='ocrx_word' id='word_1_863' title='bbox 2979 5507 3039 5581; x_wconf 59' lang='grc' dir='ltr'>(Ξ.</span> <span class='ocrx_word' id='word_1_864' title='bbox 3187 5497 3390 5581; x_wconf 46' lang='lat' dir='ltr'>«eam.</span> <span class='ocrx_word' id='word_1_865' title='bbox 3512 5497 3524 5502; x_wconf 67' lang='grc'>⁷</span> <span class='ocrx_word' id='word_1_866' title='bbox 3568 5500 3613 5537; x_wconf 79' lang='grc'>¹¹</span> <span class='ocrx_word' id='word_1_867' title='bbox 3666 5500 3758 5554; x_wconf 80' lang='grc' dir='ltr'>καὶ</span> 
     </span>
    </p>
   </div>
   <div class='ocr_carea' id='block_1_108' title="bbox 352 5571 3759 5709">
    <p class='ocr_par' dir='ltr' id='par_1_108' title="bbox 352 5571 3759 5709">
     <span class='ocr_line' id='line_1_109' title="bbox 352 5571 3759 5709; baseline -0.003 -69"><span class='ocrx_word' id='word_1_868' title='bbox 352 5571 548 5709; x_wconf 55' lang='grc' dir='ltr'>τοῦιὲ),</span> <span class='ocrx_word' id='word_1_869' title='bbox 577 5586 640 5709; x_wconf 60' lang='lat' dir='ltr'>ﬁt</span> <span class='ocrx_word' id='word_1_870' title='bbox 666 5599 737 5638; x_wconf 83' lang='lat' dir='ltr'>ex</span> <span class='ocrx_word' id='word_1_871' title='bbox 766 5584 1012 5709; x_wconf 59' lang='lat' dir='ltr'>ctogject.</span> <span class='ocrx_word' id='word_1_872' title='bbox 1061 5582 1130 5652; x_wconf 92' lang='lat' dir='ltr'>D,</span> <span class='ocrx_word' id='word_1_873' title='bbox 1163 5580 1298 5655; x_wconf 87' lang='grc' dir='ltr'>μετά</span> <span class='ocrx_word' id='word_1_874' title='bbox 1324 5571 1421 5635; x_wconf 67' lang='grc' dir='ltr'>τοῦ</span> <span class='ocrx_word' id='word_1_875' title='bbox 1451 5571 1511 5638; x_wconf 71' lang='grc' dir='ltr'>οἵ</span> <span class='ocrx_word' id='word_1_876' title='bbox 1589 5582 1632 5616; x_wconf 77' lang='grc'>¹²</span> <span class='ocrx_word' id='word_1_877' title='bbox 1665 5571 1812 5635; x_wconf 61' lang='grc' dir='ltr'>οἷ’τδ·</span> <span class='ocrx_word' id='word_1_878' title='bbox 1850 5581 1916 5638; x_wconf 91' lang='grc' dir='ltr'>Ο.</span> <span class='ocrx_word' id='word_1_879' title='bbox 1974 5571 2121 5638; x_wconf 76' lang='lat' dir='ltr'>Tum</span> <span class='ocrx_word' id='word_1_880' title='bbox 2178 5578 2379 5637; x_wconf 86' lang='lat' dir='ltr'>addidi</span> <span class='ocrx_word' id='word_1_881' title='bbox 2431 5575 2525 5633; x_wconf 82' lang='grc' dir='ltr'>τόν</span> <span class='ocrx_word' id='word_1_882' title='bbox 2584 5580 2720 5635; x_wconf 87' lang='lat' dir='ltr'>ante</span> <span class='ocrx_word' id='word_1_883' title='bbox 2754 5571 2849 5650; x_wconf 73' lang='grc' dir='ltr'>μὲν</span> <span class='ocrx_word' id='word_1_884' title='bbox 2882 5593 2933 5633; x_wconf 90' lang='lat' dir='ltr'>c.</span> <span class='ocrx_word' id='word_1_885' title='bbox 2991 5574 3061 5632; x_wconf 91' lang='grc' dir='ltr'>Ο.</span> <span class='ocrx_word' id='word_1_886' title='bbox 3120 5573 3207 5630; x_wconf 86' lang='lat' dir='ltr'>Ita</span> <span class='ocrx_word' id='word_1_887' title='bbox 3258 5571 3572 5646; x_wconf 87' lang='lat' dir='ltr'>legendum</span> <span class='ocrx_word' id='word_1_888' title='bbox 3627 5587 3759 5631; x_wconf 86' lang='lat' dir='ltr'>esse</span> 
     </span>
     <span class='ocr_line' id='line_1_110' title="bbox 356 5670 901 5709; baseline 0 0"><span class='ocrx_word' id='word_1_889' title='bbox 356 5672 452 5709; x_wconf 77' lang='lat'><strong>1‘60</strong></span> <span class='ocrx_word' id='word_1_890' title='bbox 542 5671 574 5709; x_wconf 87' lang='grc' dir='ltr'><strong>Ο</strong></span> <span class='ocrx_word' id='word_1_891' title='bbox 618 5670 787 5709; x_wconf 78' lang='lat' dir='ltr'>serva</span> <span class='ocrx_word' id='word_1_892' title='bbox 887 5696 901 5709; x_wconf 86' lang='lat'><strong><em>.</em></strong></span> 
     </span>
    </p>
   </div>
   <div class='ocr_carea' id='block_1_109' title="bbox 356 5655 901 5714">
    <p class='ocr_par' dir='ltr' id='par_1_109' title="bbox 356 5655 901 5714">
     <span class='ocr_line' id='line_1_111' title="bbox 356 5655 901 5714; baseline -0.007 0"><span class='ocrx_word' id='word_1_893' title='bbox 356 5660 511 5714; x_wconf 87' lang='lat' dir='ltr'>recte</span> <span class='ocrx_word' id='word_1_894' title='bbox 542 5655 812 5713; x_wconf 86' lang='lat' dir='ltr'>observat</span> <span class='ocrx_word' id='word_1_895' title='bbox 840 5655 901 5713; x_wconf 88' lang='lat' dir='ltr'>S.</span> 
     </span>
    </p>
   </div>
  </div>
