  <div class='ocr_page' id='page_1' title='image "/cluster/home/n/w/nwhite01/storage/ocr_20150623/2/hvd.32044073501397/039.png"; bbox 0 0 4116 6224; ppageno 0'>
   <div class='ocr_carea' id='block_1_1' title="bbox 372 387 3779 465">
    <p class='ocr_par' dir='ltr' id='par_1_1' title="bbox 372 387 3779 465">
     <span class='ocr_line' id='line_1_1' title="bbox 372 387 3779 465; baseline -0.003 -1"><span class='ocrx_word' id='word_1_1' title='bbox 372 405 447 465; x_wconf 84' lang='grc'>67</span> <span class='ocrx_word' id='word_1_2' title='bbox 1201 400 1267 457; x_wconf 88' lang='lat' dir='ltr'>S.</span> <span class='ocrx_word' id='word_1_3' title='bbox 1315 393 1757 457; x_wconf 77' lang='lat' dir='ltr'>CLEMENTIS</span> <span class='ocrx_word' id='word_1_4' title='bbox 1801 391 1826 452; x_wconf 89' lang='grc' dir='ltr'>Ι</span> <span class='ocrx_word' id='word_1_5' title='bbox 1872 390 2061 454; x_wconf 77' lang='lat' dir='ltr'>HOM.</span> <span class='ocrx_word' id='word_1_6' title='bbox 2108 389 2337 451; x_wconf 85' lang='lat' dir='ltr'>PONT.</span> <span class='ocrx_word' id='word_1_7' title='bbox 2383 387 2643 451; x_wconf 79' lang='lat' dir='ltr'>OPERA</span> <span class='ocrx_word' id='word_1_8' title='bbox 2692 389 2954 454; x_wconf 83' lang='lat' dir='ltr'>DUBIA.</span> <span class='ocrx_word' id='word_1_9' title='bbox 3698 394 3779 455; x_wconf 86' lang='lat'>68</span> 
     </span>
    </p>
   </div>
   <div class='ocr_carea' id='block_1_2' title="bbox 376 516 2000 608">
    <p class='ocr_par' dir='ltr' id='par_1_2' title="bbox 376 524 2000 608">
     <span class='ocr_line' id='line_1_2' title="bbox 376 524 2000 608; baseline -0.009 -18"><span class='ocrx_word' id='word_1_10' title='bbox 376 550 670 608; x_wconf 77' lang='lat' dir='ltr'>praecones</span> <span class='ocrx_word' id='word_1_11' title='bbox 700 529 864 589; x_wconf 91' lang='lat' dir='ltr'>missi</span> <span class='ocrx_word' id='word_1_12' title='bbox 899 533 1058 597; x_wconf 87' lang='lat' dir='ltr'>sunt,</span> <span class='ocrx_word' id='word_1_13' title='bbox 1103 546 1217 585; x_wconf 92' lang='lat' dir='ltr'>non</span> <span class='ocrx_word' id='word_1_14' title='bbox 1266 525 1705 601; x_wconf 78' lang='lat' dir='ltr'>grammaticam</span> <span class='ocrx_word' id='word_1_15' title='bbox 1736 524 2000 596; x_wconf 80' lang='lat' dir='ltr'>proﬁten-</span> 
     </span>
    </p>
   </div>
   <div class='ocr_carea' id='block_1_3' title="bbox 2112 516 3778 608">
    <p class='ocr_par' dir='ltr' id='par_1_3' title="bbox 2130 516 3778 608">
     <span class='ocr_line' id='line_1_3' title="bbox 2130 516 3778 608; baseline 0.005 -35"><span class='ocrx_word' id='word_1_16' title='bbox 2130 516 2840 608; x_wconf 78' lang='grc' dir='ltr'>ἐπαγγελλόμενοιτὲχνην,</span> <span class='ocrx_word' id='word_1_17' title='bbox 2874 516 3002 575; x_wconf 88' lang='grc' dir='ltr'>ἀλλ’</span> <span class='ocrx_word' id='word_1_18' title='bbox 3031 518 3230 583; x_wconf 81' lang='grc' dir='ltr'>ἁπλοῖς</span> <span class='ocrx_word' id='word_1_19' title='bbox 3268 523 3357 576; x_wconf 82' lang='grc' dir='ltr'>καὶ</span> <span class='ocrx_word' id='word_1_20' title='bbox 3416 523 3778 601; x_wconf 73' lang='grc' dir='ltr'>ἀπανούργοις</span> 
     </span>
    </p>
   </div>
   <div class='ocr_carea' id='block_1_4' title="bbox 374 611 2016 693">
    <p class='ocr_par' dir='ltr' id='par_1_4' title="bbox 374 611 2016 693">
     <span class='ocr_line' id='line_1_4' title="bbox 374 611 2016 693; baseline -0.009 -13"><span class='ocrx_word' id='word_1_21' title='bbox 374 630 463 680; x_wconf 87' lang='lat' dir='ltr'>tes</span> <span class='ocrx_word' id='word_1_22' title='bbox 495 630 698 690; x_wconf 82' lang='lat' dir='ltr'>artem,</span> <span class='ocrx_word' id='word_1_23' title='bbox 735 621 835 678; x_wconf 88' lang='lat' dir='ltr'>sed</span> <span class='ocrx_word' id='word_1_24' title='bbox 858 618 1226 693; x_wconf 84' lang='lat' dir='ltr'>simplicibus</span> <span class='ocrx_word' id='word_1_25' title='bbox 1257 623 1313 673; x_wconf 89' lang='lat' dir='ltr'>et</span> <span class='ocrx_word' id='word_1_26' title='bbox 1334 615 1574 673; x_wconf 83' lang='lat' dir='ltr'>sinceris</span> <span class='ocrx_word' id='word_1_27' title='bbox 1602 612 1793 668; x_wconf 84' lang='lat' dir='ltr'>verbis</span> <span class='ocrx_word' id='word_1_28' title='bbox 1824 611 2016 669; x_wconf 84' lang='lat' dir='ltr'>consi-</span> 
     </span>
    </p>
   </div>
   <div class='ocr_carea' id='block_1_5' title="bbox 373 699 2019 785">
    <p class='ocr_par' dir='ltr' id='par_1_5' title="bbox 373 699 2019 785">
     <span class='ocr_line' id='line_1_5' title="bbox 373 699 2019 785; baseline -0.007 -19"><span class='ocrx_word' id='word_1_29' title='bbox 373 711 520 767; x_wconf 85' lang='lat' dir='ltr'>lium</span> <span class='ocrx_word' id='word_1_30' title='bbox 551 711 739 785; x_wconf 87' lang='lat' dir='ltr'>ipsius</span> <span class='ocrx_word' id='word_1_31' title='bbox 760 711 1228 767; x_wconf 81' lang='lat' dir='ltr'>demonstrantes</span> <span class='ocrx_word' id='word_1_32' title='bbox 1249 707 1412 776; x_wconf 90' lang='lat' dir='ltr'>(adeo</span> <span class='ocrx_word' id='word_1_33' title='bbox 1435 708 1500 759; x_wconf 91' lang='lat' dir='ltr'>ut</span> <span class='ocrx_word' id='word_1_34' title='bbox 1529 701 1772 775; x_wconf 86' lang='lat' dir='ltr'>quilibet</span> <span class='ocrx_word' id='word_1_35' title='bbox 1798 699 1899 775; x_wconf 90' lang='lat' dir='ltr'>qui</span> <span class='ocrx_word' id='word_1_36' title='bbox 1922 716 2019 756; x_wconf 88' lang='lat' dir='ltr'>au-</span> 
     </span>
    </p>
   </div>
   <div class='ocr_carea' id='block_1_6' title="bbox 368 788 2015 870">
    <p class='ocr_par' dir='ltr' id='par_1_6' title="bbox 368 788 2015 870">
     <span class='ocr_line' id='line_1_6' title="bbox 368 788 2015 870; baseline -0.007 -16"><span class='ocrx_word' id='word_1_37' title='bbox 368 799 562 869; x_wconf 89' lang='lat' dir='ltr'>dierit,</span> <span class='ocrx_word' id='word_1_38' title='bbox 595 797 887 869; x_wconf 82' lang='lat' dir='ltr'>intelligat</span> <span class='ocrx_word' id='word_1_39' title='bbox 917 813 1044 870; x_wconf 58' lang='lat' dir='ltr'>quae</span> <span class='ocrx_word' id='word_1_40' title='bbox 1076 794 1370 861; x_wconf 89' lang='lat' dir='ltr'>dicuntur)</span> <span class='ocrx_word' id='word_1_41' title='bbox 1424 807 1611 863; x_wconf 90' lang='lat' dir='ltr'>neque</span> <span class='ocrx_word' id='word_1_42' title='bbox 1642 804 1774 845; x_wconf 88' lang='lat' dir='ltr'>cum</span> <span class='ocrx_word' id='word_1_43' title='bbox 1805 788 2015 843; x_wconf 81' lang='lat' dir='ltr'>affectu</span> 
     </span>
    </p>
   </div>
   <div class='ocr_carea' id='block_1_7' title="bbox 369 877 2010 960">
    <p class='ocr_par' dir='ltr' id='par_1_7' title="bbox 369 877 2010 960">
     <span class='ocr_line' id='line_1_7' title="bbox 369 877 2010 960; baseline -0.007 -18"><span class='ocrx_word' id='word_1_44' title='bbox 369 889 624 960; x_wconf 84' lang='lat' dir='ltr'>quodam</span> <span class='ocrx_word' id='word_1_45' title='bbox 654 887 870 952; x_wconf 90' lang='lat' dir='ltr'>invido,</span> <span class='ocrx_word' id='word_1_46' title='bbox 902 902 964 941; x_wconf 88' lang='lat' dir='ltr'>se</span> <span class='ocrx_word' id='word_1_47' title='bbox 994 886 1188 957; x_wconf 89' lang='lat' dir='ltr'>ipsum</span> <span class='ocrx_word' id='word_1_48' title='bbox 1222 881 1447 938; x_wconf 91' lang='lat' dir='ltr'>cunctis</span> <span class='ocrx_word' id='word_1_49' title='bbox 1476 880 1729 953; x_wconf 71' lang='lat' dir='ltr'>praebere</span> <span class='ocrx_word' id='word_1_50' title='bbox 1759 877 2010 949; x_wconf 82' lang='lat' dir='ltr'>nolente,</span> 
     </span>
    </p>
   </div>
   <div class='ocr_carea' id='block_1_8' title="bbox 364 964 2012 1047">
    <p class='ocr_par' dir='ltr' id='par_1_8' title="bbox 364 964 2012 1047">
     <span class='ocr_line' id='line_1_8' title="bbox 364 964 2012 1047; baseline -0.007 -15"><span class='ocrx_word' id='word_1_51' title='bbox 364 977 584 1032; x_wconf 83' lang='lat' dir='ltr'>adestis</span> <span class='ocrx_word' id='word_1_52' title='bbox 616 992 738 1043; x_wconf 87' lang='lat' dir='ltr'>vos,</span> <span class='ocrx_word' id='word_1_53' title='bbox 774 979 856 1041; x_wconf 92' lang='lat' dir='ltr'>ut,</span> <span class='ocrx_word' id='word_1_54' title='bbox 911 981 1299 1047; x_wconf 70' lang='lat' dir='ltr'>praeterquam</span> <span class='ocrx_word' id='word_1_55' title='bbox 1338 969 1489 1043; x_wconf 89' lang='lat' dir='ltr'>quod</span> <span class='ocrx_word' id='word_1_56' title='bbox 1542 985 1654 1024; x_wconf 89' lang='lat' dir='ltr'>non</span> <span class='ocrx_word' id='word_1_57' title='bbox 1689 964 2012 1037; x_wconf 86' lang='lat' dir='ltr'>intelligitis</span> 
     </span>
    </p>
   </div>
   <div class='ocr_carea' id='block_1_9' title="bbox 364 1054 2010 1138">
    <p class='ocr_par' dir='ltr' id='par_1_9' title="bbox 364 1054 2010 1138">
     <span class='ocr_line' id='line_1_9' title="bbox 364 1054 2010 1138; baseline -0.009 -17"><span class='ocrx_word' id='word_1_58' title='bbox 364 1066 518 1138; x_wconf 91' lang='lat' dir='ltr'>quod</span> <span class='ocrx_word' id='word_1_59' title='bbox 545 1065 710 1120; x_wconf 85' lang='lat' dir='ltr'>vobis</span> <span class='ocrx_word' id='word_1_60' title='bbox 739 1063 993 1135; x_wconf 88' lang='lat' dir='ltr'>expedit,</span> <span class='ocrx_word' id='word_1_61' title='bbox 1020 1062 1235 1117; x_wconf 85' lang='lat' dir='ltr'>damno</span> <span class='ocrx_word' id='word_1_62' title='bbox 1268 1065 1458 1115; x_wconf 89' lang='lat' dir='ltr'>vestro</span> <span class='ocrx_word' id='word_1_63' title='bbox 1488 1056 1790 1112; x_wconf 82' lang='lat' dir='ltr'>veritatem</span> <span class='ocrx_word' id='word_1_64' title='bbox 1822 1054 2010 1109; x_wconf 88' lang='lat' dir='ltr'>ridea-</span> 
     </span>
    </p>
   </div>
   <div class='ocr_carea' id='block_1_10' title="bbox 361 1143 2008 1226">
    <p class='ocr_par' dir='ltr' id='par_1_10' title="bbox 361 1143 2008 1226">
     <span class='ocr_line' id='line_1_10' title="bbox 361 1143 2008 1226; baseline -0.009 -16"><span class='ocrx_word' id='word_1_65' title='bbox 361 1154 453 1224; x_wconf 88' lang='lat' dir='ltr'>tis,</span> <span class='ocrx_word' id='word_1_66' title='bbox 470 1170 601 1226; x_wconf 60' lang='lat' dir='ltr'>quae.</span> <span class='ocrx_word' id='word_1_67' title='bbox 620 1152 773 1225; x_wconf 90' lang='lat' dir='ltr'>apud</span> <span class='ocrx_word' id='word_1_68' title='bbox 796 1152 1076 1207; x_wconf 89' lang='lat' dir='ltr'>barbaros</span> <span class='ocrx_word' id='word_1_69' title='bbox 1093 1149 1163 1205; x_wconf 87' lang='lat' dir='ltr'>ad</span> <span class='ocrx_word' id='word_1_70' title='bbox 1191 1153 1443 1205; x_wconf 85' lang='lat' dir='ltr'>vestram</span> <span class='ocrx_word' id='word_1_71' title='bbox 1463 1143 2008 1202; x_wconf 76' lang='lat' dir='ltr'>condemnationem</span> 
     </span>
    </p>
   </div>
   <div class='ocr_carea' id='block_1_11' title="bbox 357 1230 2009 1313">
    <p class='ocr_par' dir='ltr' id='par_1_11' title="bbox 357 1230 2009 1313">
     <span class='ocr_line' id='line_1_11' title="bbox 357 1230 2009 1313; baseline -0.007 -16"><span class='ocrx_word' id='word_1_72' title='bbox 357 1246 646 1312; x_wconf 87' lang='lat' dir='ltr'>versatur,</span> <span class='ocrx_word' id='word_1_73' title='bbox 678 1256 975 1313; x_wconf 90' lang='lat' dir='ltr'>quamque</span> <span class='ocrx_word' id='word_1_74' title='bbox 1006 1240 1075 1295; x_wconf 86' lang='lat' dir='ltr'>ad</span> <span class='ocrx_word' id='word_1_75' title='bbox 1110 1255 1210 1293; x_wconf 89' lang='lat' dir='ltr'>vos</span> <span class='ocrx_word' id='word_1_76' title='bbox 1240 1236 1644 1293; x_wconf 86' lang='lat' dir='ltr'>advenientem</span> <span class='ocrx_word' id='word_1_77' title='bbox 1684 1250 1799 1289; x_wconf 92' lang='lat' dir='ltr'>non</span> <span class='ocrx_word' id='word_1_78' title='bbox 1830 1230 2009 1287; x_wconf 85' lang='lat' dir='ltr'>vultis</span> 
     </span>
    </p>
   </div>
   <div class='ocr_carea' id='block_1_12' title="bbox 361 1324 2008 1403">
    <p class='ocr_par' dir='ltr' id='par_1_12' title="bbox 361 1324 2008 1403">
     <span class='ocr_line' id='line_1_12' title="bbox 361 1324 2008 1403; baseline -0.008 -16"><span class='ocrx_word' id='word_1_79' title='bbox 361 1330 618 1403; x_wconf 86' lang='lat' dir='ltr'>hospitio</span> <span class='ocrx_word' id='word_1_80' title='bbox 650 1330 902 1402; x_wconf 79' lang='lat' dir='ltr'>recipere</span> <span class='ocrx_word' id='word_1_81' title='bbox 934 1331 1170 1400; x_wconf 88' lang='lat' dir='ltr'>propter</span> <span class='ocrx_word' id='word_1_82' title='bbox 1199 1325 1472 1382; x_wconf 86' lang='lat' dir='ltr'>libidines</span> <span class='ocrx_word' id='word_1_83' title='bbox 1504 1328 1746 1390; x_wconf 87' lang='lat' dir='ltr'>vestras,</span> <span class='ocrx_word' id='word_1_84' title='bbox 1781 1324 1838 1377; x_wconf 91' lang='lat' dir='ltr'>et</span> <span class='ocrx_word' id='word_1_85' title='bbox 1874 1336 2008 1375; x_wconf 88' lang='lat' dir='ltr'>ver-</span> 
     </span>
    </p>
   </div>
   <div class='ocr_carea' id='block_1_13' title="bbox 359 1411 2008 1487">
    <p class='ocr_par' dir='ltr' id='par_1_13' title="bbox 359 1411 2008 1487">
     <span class='ocr_line' id='line_1_13' title="bbox 359 1411 2008 1487; baseline -0.007 -11"><span class='ocrx_word' id='word_1_86' title='bbox 359 1421 568 1476; x_wconf 88' lang='lat' dir='ltr'>borum</span> <span class='ocrx_word' id='word_1_87' title='bbox 600 1419 758 1474; x_wconf 90' lang='lat' dir='ltr'>illius</span> <span class='ocrx_word' id='word_1_88' title='bbox 784 1418 1087 1485; x_wconf 85' lang='lat' dir='ltr'>vilitatem,</span> <span class='ocrx_word' id='word_1_89' title='bbox 1122 1432 1193 1470; x_wconf 92' lang='lat' dir='ltr'>ne</span> <span class='ocrx_word' id='word_1_90' title='bbox 1225 1413 1572 1487; x_wconf 83' lang='lat' dir='ltr'>arguamini,</span> <span class='ocrx_word' id='word_1_91' title='bbox 1606 1411 1761 1484; x_wconf 91' lang='lat' dir='ltr'>quod</span> <span class='ocrx_word' id='word_1_92' title='bbox 1793 1414 2008 1465; x_wconf 88' lang='lat' dir='ltr'>temere</span> 
     </span>
    </p>
   </div>
   <div class='ocr_carea' id='block_1_14' title="bbox 361 1503 2004 1581">
    <p class='ocr_par' dir='ltr' id='par_1_14' title="bbox 361 1503 2004 1581">
     <span class='ocr_line' id='line_1_14' title="bbox 361 1503 2004 1581; baseline -0.006 -18"><span class='ocrx_word' id='word_1_93' title='bbox 361 1509 637 1581; x_wconf 90' lang='lat' dir='ltr'>philologi</span> <span class='ocrx_word' id='word_1_94' title='bbox 671 1506 811 1564; x_wconf 89' lang='lat' dir='ltr'>estis</span> <span class='ocrx_word' id='word_1_95' title='bbox 840 1524 941 1563; x_wconf 91' lang='lat' dir='ltr'>seu</span> <span class='ocrx_word' id='word_1_96' title='bbox 975 1510 1265 1561; x_wconf 81' lang='lat' dir='ltr'>amatores</span> <span class='ocrx_word' id='word_1_97' title='bbox 1296 1515 1786 1568; x_wconf 90' lang='lat' dir='ltr'>sermonum,non</span> <span class='ocrx_word' id='word_1_98' title='bbox 1811 1503 2004 1555; x_wconf 87' lang='lat' dir='ltr'>autem</span> 
     </span>
    </p>
   </div>
   <div class='ocr_carea' id='block_1_15' title="bbox 357 1587 2003 1667">
    <p class='ocr_par' dir='ltr' id='par_1_15' title="bbox 357 1587 2003 1667">
     <span class='ocr_line' id='line_1_15' title="bbox 357 1587 2003 1667; baseline -0.008 -14"><span class='ocrx_word' id='word_1_99' title='bbox 357 1598 621 1654; x_wconf 79' lang='lat' dir='ltr'>veritatis</span> <span class='ocrx_word' id='word_1_100' title='bbox 648 1601 940 1652; x_wconf 86' lang='lat' dir='ltr'>amatores</span> <span class='ocrx_word' id='word_1_101' title='bbox 964 1593 1314 1667; x_wconf 83' lang='lat' dir='ltr'>philosophi.</span> <span class='ocrx_word' id='word_1_102' title='bbox 1334 1594 1649 1663; x_wconf 88' lang='lat' dir='ltr'>Quousque</span> <span class='ocrx_word' id='word_1_103' title='bbox 1670 1605 1806 1661; x_wconf 89' lang='lat' dir='ltr'>ergo</span> <span class='ocrx_word' id='word_1_104' title='bbox 1827 1587 2003 1644; x_wconf 91' lang='lat' dir='ltr'>disci-</span> 
     </span>
    </p>
   </div>
   <div class='ocr_carea' id='block_1_16' title="bbox 358 1676 2004 1758">
    <p class='ocr_par' dir='ltr' id='par_1_16' title="bbox 358 1676 2004 1758">
     <span class='ocr_line' id='line_1_16' title="bbox 358 1676 2004 1758; baseline -0.007 -17"><span class='ocrx_word' id='word_1_105' title='bbox 358 1687 433 1741; x_wconf 92' lang='lat' dir='ltr'>tis</span> <span class='ocrx_word' id='word_1_106' title='bbox 466 1686 644 1758; x_wconf 89' lang='lat' dir='ltr'>loqui,</span> <span class='ocrx_word' id='word_1_107' title='bbox 677 1687 773 1757; x_wconf 90' lang='lat' dir='ltr'>qui</span> <span class='ocrx_word' id='word_1_108' title='bbox 810 1683 1050 1757; x_wconf 90' lang='lat' dir='ltr'>pulchre</span> <span class='ocrx_word' id='word_1_109' title='bbox 1070 1681 1233 1754; x_wconf 90' lang='lat' dir='ltr'>loqui</span> <span class='ocrx_word' id='word_1_110' title='bbox 1264 1678 1550 1737; x_wconf 83' lang='lat' dir='ltr'>nescitis?</span> <span class='ocrx_word' id='word_1_111' title='bbox 1576 1676 1755 1735; x_wconf 84' lang='lat' dir='ltr'>Multa</span> <span class='ocrx_word' id='word_1_112' title='bbox 1786 1682 2004 1749; x_wconf 90' lang='lat' dir='ltr'>quippe</span> 
     </span>
    </p>
   </div>
   <div class='ocr_carea' id='block_1_17' title="bbox 356 1764 2000 1842">
    <p class='ocr_par' dir='ltr' id='par_1_17' title="bbox 356 1764 2000 1842">
     <span class='ocr_line' id='line_1_17' title="bbox 356 1764 2000 1842; baseline -0.005 -16"><span class='ocrx_word' id='word_1_113' title='bbox 356 1774 532 1828; x_wconf 89' lang='lat' dir='ltr'>verba</span> <span class='ocrx_word' id='word_1_114' title='bbox 548 1776 738 1827; x_wconf 85' lang='lat' dir='ltr'>vestra</span> <span class='ocrx_word' id='word_1_115' title='bbox 761 1771 937 1826; x_wconf 90' lang='lat' dir='ltr'>unius</span> <span class='ocrx_word' id='word_1_116' title='bbox 956 1769 1113 1826; x_wconf 90' lang='lat' dir='ltr'>verbi</span> <span class='ocrx_word' id='word_1_117' title='bbox 1135 1769 1318 1842; x_wconf 86' lang='lat' dir='ltr'>pretio</span> <span class='ocrx_word' id='word_1_118' title='bbox 1342 1784 1455 1823; x_wconf 92' lang='lat' dir='ltr'>non</span> <span class='ocrx_word' id='word_1_119' title='bbox 1479 1771 1616 1822; x_wconf 91' lang='lat' dir='ltr'>sunt</span> <span class='ocrx_word' id='word_1_120' title='bbox 1638 1764 2000 1820; x_wconf 66' lang='lat' dir='ltr'>aestimanda.</span> 
     </span>
    </p>
   </div>
   <div class='ocr_carea' id='block_1_18' title="bbox 359 1852 2003 1925">
    <p class='ocr_par' dir='ltr' id='par_1_18' title="bbox 359 1852 2003 1925">
     <span class='ocr_line' id='line_1_18' title="bbox 359 1852 2003 1925; baseline -0.005 -8"><span class='ocrx_word' id='word_1_121' title='bbox 359 1862 507 1925; x_wconf 88' lang='lat' dir='ltr'>Quid</span> <span class='ocrx_word' id='word_1_122' title='bbox 539 1865 731 1917; x_wconf 88' lang='lat' dir='ltr'>autem</span> <span class='ocrx_word' id='word_1_123' title='bbox 759 1859 1118 1915; x_wconf 67' lang='lat' dir='ltr'>dicetGrazca</span> <span class='ocrx_word' id='word_1_124' title='bbox 1136 1861 1327 1913; x_wconf 90' lang='lat' dir='ltr'>vestra</span> <span class='ocrx_word' id='word_1_125' title='bbox 1349 1855 1681 1925; x_wconf 90' lang='lat' dir='ltr'>multitudo,</span> <span class='ocrx_word' id='word_1_126' title='bbox 1704 1852 2003 1908; x_wconf 88' lang='lat' dir='ltr'>unanimis</span> 
     </span>
    </p>
   </div>
   <div class='ocr_carea' id='block_1_19' title="bbox 360 1911 2081 2020">
    <p class='ocr_par' dir='ltr' id='par_1_19' title="bbox 360 1911 2081 2020">
     <span class='ocr_line' id='line_1_19' title="bbox 360 1911 2081 2020; baseline -0.006 -15"><span class='ocrx_word' id='word_1_127' title='bbox 1266 1948 1373 2013; x_wconf 88' lang='lat' dir='ltr'>est,</span> <span class='ocrx_word' id='word_1_128' title='bbox 1406 1948 1470 1999; x_wconf 89' lang='lat' dir='ltr'>ut</span> <span class='ocrx_word' id='word_1_129' title='bbox 1498 1943 1606 1999; x_wconf 89' lang='lat' dir='ltr'>iste</span> <span class='ocrx_word' id='word_1_130' title='bbox 1637 1911 1764 1997; x_wconf 82' lang='lat' dir='ltr'>ait?</span> <span class='ocrx_word' id='word_1_131' title='bbox 1794 1941 2001 2008; x_wconf 86' lang='lat' dir='ltr'>Quare,</span> <span class='ocrx_word' id='word_1_132' title='bbox 2034 1911 2081 1976; x_wconf 75' lang='grc' dir='ltr'><strong>Β</strong></span> 
     </span>
    </p>
   </div>
   <div class='ocr_carea' id='block_1_20' title="bbox 364 2030 2005 2106">
    <p class='ocr_par' dir='ltr' id='par_1_20' title="bbox 364 2030 2005 2106">
     <span class='ocr_line' id='line_1_20' title="bbox 364 2030 2005 2106; baseline -0.007 -12"><span class='ocrx_word' id='word_1_133' title='bbox 364 2039 539 2106; x_wconf 88' lang='lat' dir='ltr'>Deus,</span> <span class='ocrx_word' id='word_1_134' title='bbox 554 2037 909 2093; x_wconf 82' lang='lat' dir='ltr'>voluntatem</span> <span class='ocrx_word' id='word_1_135' title='bbox 926 2040 1085 2091; x_wconf 88' lang='lat' dir='ltr'>tuam</span> <span class='ocrx_word' id='word_1_136' title='bbox 1102 2052 1215 2089; x_wconf 93' lang='lat' dir='ltr'>non</span> <span class='ocrx_word' id='word_1_137' title='bbox 1232 2032 1558 2106; x_wconf 72' lang='lat' dir='ltr'>praedicasti</span> <span class='ocrx_word' id='word_1_138' title='bbox 1576 2030 1781 2086; x_wconf 88' lang='lat' dir='ltr'>nobis?</span> <span class='ocrx_word' id='word_1_139' title='bbox 1802 2030 2005 2088; x_wconf 86' lang='lat' dir='ltr'>Nonne</span> 
     </span>
    </p>
   </div>
   <div class='ocr_carea' id='block_1_21' title="bbox 364 2118 1999 2196">
    <p class='ocr_par' dir='ltr' id='par_1_21' title="bbox 364 2118 1999 2196">
     <span class='ocr_line' id='line_1_21' title="bbox 364 2118 1999 2196; baseline -0.006 -15"><span class='ocrx_word' id='word_1_140' title='bbox 364 2128 632 2194; x_wconf 86' lang='lat' dir='ltr'>audietis,</span> <span class='ocrx_word' id='word_1_141' title='bbox 667 2127 715 2181; x_wconf 89' lang='lat' dir='ltr'>si</span> <span class='ocrx_word' id='word_1_142' title='bbox 746 2126 984 2181; x_wconf 89' lang='lat' dir='ltr'>omnino</span> <span class='ocrx_word' id='word_1_143' title='bbox 1018 2122 1454 2196; x_wconf 89' lang='lat' dir='ltr'>responsionem</span> <span class='ocrx_word' id='word_1_144' title='bbox 1488 2119 1808 2192; x_wconf 88' lang='lat' dir='ltr'>accipietis,</span> <span class='ocrx_word' id='word_1_145' title='bbox 1840 2118 1999 2173; x_wconf 66' lang='lat' dir='ltr'>haec:</span> 
     </span>
    </p>
   </div>
   <div class='ocr_carea' id='block_1_22' title="bbox 361 2207 2003 2289">
    <p class='ocr_par' dir='ltr' id='par_1_22' title="bbox 361 2207 2003 2289">
     <span class='ocr_line' id='line_1_22' title="bbox 361 2207 2003 2289; baseline -0.007 -17"><span class='ocrx_word' id='word_1_146' title='bbox 361 2219 501 2289; x_wconf 82' lang='lat' dir='ltr'>Ego,</span> <span class='ocrx_word' id='word_1_147' title='bbox 536 2232 668 2271; x_wconf 92' lang='lat' dir='ltr'>cum</span> <span class='ocrx_word' id='word_1_148' title='bbox 702 2231 906 2271; x_wconf 91' lang='lat' dir='ltr'>omnes</span> <span class='ocrx_word' id='word_1_149' title='bbox 936 2213 1164 2269; x_wconf 83' lang='lat' dir='ltr'>futuras</span> <span class='ocrx_word' id='word_1_150' title='bbox 1193 2211 1525 2267; x_wconf 87' lang='lat' dir='ltr'>voluntates</span> <span class='ocrx_word' id='word_1_151' title='bbox 1557 2212 1689 2265; x_wconf 86' lang='lat' dir='ltr'>ante</span> <span class='ocrx_word' id='word_1_152' title='bbox 1718 2207 2003 2263; x_wconf 90' lang='lat' dir='ltr'>constitu-</span> 
     </span>
    </p>
   </div>
   <div class='ocr_carea' id='block_1_23' title="bbox 356 2296 2001 2375">
    <p class='ocr_par' dir='ltr' id='par_1_23' title="bbox 356 2296 2001 2375">
     <span class='ocr_line' id='line_1_23' title="bbox 356 2296 2001 2375; baseline -0.005 -16"><span class='ocrx_word' id='word_1_153' title='bbox 356 2307 577 2360; x_wconf 87' lang='lat' dir='ltr'>tionem</span> <span class='ocrx_word' id='word_1_154' title='bbox 610 2304 813 2358; x_wconf 90' lang='lat' dir='ltr'>mundi</span> <span class='ocrx_word' id='word_1_155' title='bbox 846 2316 1273 2375; x_wconf 85' lang='lat' dir='ltr'>cognoscerem,</span> <span class='ocrx_word' id='word_1_156' title='bbox 1318 2298 1632 2370; x_wconf 90' lang='lat' dir='ltr'>unicuique</span> <span class='ocrx_word' id='word_1_157' title='bbox 1662 2314 1765 2369; x_wconf 91' lang='lat' dir='ltr'>pro</span> <span class='ocrx_word' id='word_1_158' title='bbox 1798 2296 2001 2351; x_wconf 89' lang='lat' dir='ltr'>merito</span> 
     </span>
    </p>
   </div>
   <div class='ocr_carea' id='block_1_24' title="bbox 360 2386 2000 2463">
    <p class='ocr_par' dir='ltr' id='par_1_24' title="bbox 360 2386 2000 2463">
     <span class='ocr_line' id='line_1_24' title="bbox 360 2386 2000 2463; baseline -0.005 -15"><span class='ocrx_word' id='word_1_159' title='bbox 360 2410 466 2448; x_wconf 92' lang='lat' dir='ltr'>suo</span> <span class='ocrx_word' id='word_1_160' title='bbox 500 2393 744 2447; x_wconf 88' lang='lat' dir='ltr'>latenter</span> <span class='ocrx_word' id='word_1_161' title='bbox 770 2392 1017 2463; x_wconf 84' lang='lat' dir='ltr'>praevius</span> <span class='ocrx_word' id='word_1_162' title='bbox 1040 2388 1262 2444; x_wconf 91' lang='lat' dir='ltr'>occurri</span> <span class='ocrx_word' id='word_1_163' title='bbox 1291 2405 1305 2456; x_wconf 86' lang='lat'><strong>;</strong></span> <span class='ocrx_word' id='word_1_164' title='bbox 1330 2388 1484 2459; x_wconf 93' lang='lat' dir='ltr'>quod</span> <span class='ocrx_word' id='word_1_165' title='bbox 1507 2392 1700 2442; x_wconf 89' lang='lat' dir='ltr'>autem</span> <span class='ocrx_word' id='word_1_166' title='bbox 1725 2386 1781 2440; x_wconf 94' lang='lat' dir='ltr'>id</span> <span class='ocrx_word' id='word_1_167' title='bbox 1806 2386 2000 2457; x_wconf 89' lang='lat' dir='ltr'>ipsum</span> 
     </span>
    </p>
   </div>
   <div class='ocr_carea' id='block_1_25' title="bbox 358 2475 1999 2549">
    <p class='ocr_par' dir='ltr' id='par_1_25' title="bbox 358 2475 1999 2549">
     <span class='ocr_line' id='line_1_25' title="bbox 358 2475 1999 2549; baseline -0.004 -13"><span class='ocrx_word' id='word_1_168' title='bbox 358 2482 438 2537; x_wconf 89' lang='lat' dir='ltr'>ita</span> <span class='ocrx_word' id='word_1_169' title='bbox 469 2498 531 2537; x_wconf 88' lang='lat' dir='ltr'>se</span> <span class='ocrx_word' id='word_1_170' title='bbox 588 2481 799 2536; x_wconf 88' lang='lat' dir='ltr'>habeat</span> <span class='ocrx_word' id='word_1_171' title='bbox 828 2478 1024 2534; x_wconf 90' lang='lat' dir='ltr'>volens</span> <span class='ocrx_word' id='word_1_172' title='bbox 1075 2478 1149 2532; x_wconf 90' lang='lat' dir='ltr'>iis</span> <span class='ocrx_word' id='word_1_173' title='bbox 1194 2477 1293 2549; x_wconf 88' lang='lat' dir='ltr'>qui</span> <span class='ocrx_word' id='word_1_174' title='bbox 1343 2477 1410 2531; x_wconf 91' lang='lat' dir='ltr'>ad</span> <span class='ocrx_word' id='word_1_175' title='bbox 1457 2491 1549 2530; x_wconf 90' lang='lat' dir='ltr'>me</span> <span class='ocrx_word' id='word_1_176' title='bbox 1591 2475 1999 2547; x_wconf 80' lang='lat' dir='ltr'>confugerunt,</span> 
     </span>
    </p>
   </div>
   <div class='ocr_carea' id='block_1_26' title="bbox 361 2562 1999 2642">
    <p class='ocr_par' dir='ltr' id='par_1_26' title="bbox 361 2562 1999 2642">
     <span class='ocr_line' id='line_1_26' title="bbox 361 2562 1999 2642; baseline -0.005 -18"><span class='ocrx_word' id='word_1_177' title='bbox 361 2569 526 2642; x_wconf 86' lang='lat' dir='ltr'>plene</span> <span class='ocrx_word' id='word_1_178' title='bbox 559 2568 953 2637; x_wconf 77' lang='lat' dir='ltr'>manifestare,</span> <span class='ocrx_word' id='word_1_179' title='bbox 984 2583 1089 2621; x_wconf 93' lang='lat' dir='ltr'>cur</span> <span class='ocrx_word' id='word_1_180' title='bbox 1117 2566 1189 2620; x_wconf 86' lang='lat' dir='ltr'>ab</span> <span class='ocrx_word' id='word_1_181' title='bbox 1228 2564 1414 2635; x_wconf 87' lang='lat' dir='ltr'>initio,</span> <span class='ocrx_word' id='word_1_182' title='bbox 1461 2580 1493 2618; x_wconf 90' lang='lat' dir='ltr'>a</span> <span class='ocrx_word' id='word_1_183' title='bbox 1524 2562 1729 2635; x_wconf 91' lang='lat' dir='ltr'>primis</span> <span class='ocrx_word' id='word_1_184' title='bbox 1761 2578 1999 2635; x_wconf 83' lang='lat' dir='ltr'>genera-</span> 
     </span>
    </p>
   </div>
   <div class='ocr_carea' id='block_1_27' title="bbox 356 2651 2000 2725">
    <p class='ocr_par' dir='ltr' id='par_1_27' title="bbox 356 2651 2000 2725">
     <span class='ocr_line' id='line_1_27' title="bbox 356 2651 2000 2725; baseline -0.006 -10"><span class='ocrx_word' id='word_1_185' title='bbox 356 2659 618 2715; x_wconf 84' lang='lat' dir='ltr'>tionibus</span> <span class='ocrx_word' id='word_1_186' title='bbox 649 2656 1006 2714; x_wconf 87' lang='lat' dir='ltr'>voluntatem</span> <span class='ocrx_word' id='word_1_187' title='bbox 1031 2670 1219 2709; x_wconf 91' lang='lat' dir='ltr'>meam</span> <span class='ocrx_word' id='word_1_188' title='bbox 1248 2652 1441 2725; x_wconf 88' lang='lat' dir='ltr'>palam</span> <span class='ocrx_word' id='word_1_189' title='bbox 1460 2669 1577 2707; x_wconf 91' lang='lat' dir='ltr'>non</span> <span class='ocrx_word' id='word_1_190' title='bbox 1599 2651 1828 2707; x_wconf 89' lang='lat' dir='ltr'>siverim</span> <span class='ocrx_word' id='word_1_191' title='bbox 1856 2668 2000 2723; x_wconf 87' lang='lat' dir='ltr'>prae-</span> 
     </span>
    </p>
   </div>
   <div class='ocr_carea' id='block_1_28' title="bbox 360 2740 1994 2814">
    <p class='ocr_par' dir='ltr' id='par_1_28' title="bbox 360 2740 1994 2814">
     <span class='ocr_line' id='line_1_28' title="bbox 360 2740 1994 2814; baseline -0.004 -13"><span class='ocrx_word' id='word_1_192' title='bbox 360 2747 562 2805; x_wconf 88' lang='lat' dir='ltr'>dicari.</span> <span class='ocrx_word' id='word_1_193' title='bbox 596 2763 749 2801; x_wconf 90' lang='lat' dir='ltr'>nunc</span> <span class='ocrx_word' id='word_1_194' title='bbox 781 2745 935 2800; x_wconf 89' lang='lat' dir='ltr'>circa</span> <span class='ocrx_word' id='word_1_195' title='bbox 963 2743 1160 2800; x_wconf 63' lang='lat' dir='ltr'>saeculi</span> <span class='ocrx_word' id='word_1_196' title='bbox 1192 2743 1368 2798; x_wconf 90' lang='lat' dir='ltr'>linem</span> <span class='ocrx_word' id='word_1_197' title='bbox 1400 2757 1693 2814; x_wconf 64' lang='lat' dir='ltr'>praecones</span> <span class='ocrx_word' id='word_1_198' title='bbox 1726 2740 1837 2795; x_wconf 91' lang='lat' dir='ltr'>mei</span> <span class='ocrx_word' id='word_1_199' title='bbox 1861 2756 1994 2795; x_wconf 92' lang='lat' dir='ltr'>con-</span> 
     </span>
    </p>
   </div>
   <div class='ocr_carea' id='block_1_29' title="bbox 357 2826 1999 2906">
    <p class='ocr_par' dir='ltr' id='par_1_29' title="bbox 357 2826 1999 2906">
     <span class='ocr_line' id='line_1_29' title="bbox 357 2826 1999 2906; baseline -0.004 -17"><span class='ocrx_word' id='word_1_200' title='bbox 357 2834 477 2889; x_wconf 91' lang='lat' dir='ltr'>silii</span> <span class='ocrx_word' id='word_1_201' title='bbox 509 2834 664 2903; x_wconf 90' lang='lat' dir='ltr'>misi,</span> <span class='ocrx_word' id='word_1_202' title='bbox 697 2832 796 2906; x_wconf 90' lang='lat' dir='ltr'>qui</span> <span class='ocrx_word' id='word_1_203' title='bbox 828 2837 885 2888; x_wconf 88' lang='lat' dir='ltr'>et</span> <span class='ocrx_word' id='word_1_204' title='bbox 930 2832 1269 2899; x_wconf 87' lang='lat' dir='ltr'>irridentur,</span> <span class='ocrx_word' id='word_1_205' title='bbox 1309 2834 1367 2885; x_wconf 87' lang='lat' dir='ltr'>et</span> <span class='ocrx_word' id='word_1_206' title='bbox 1408 2828 1777 2886; x_wconf 87' lang='lat' dir='ltr'>contumeliis</span> <span class='ocrx_word' id='word_1_207' title='bbox 1809 2826 1999 2884; x_wconf 74' lang='lat' dir='ltr'>affecti</span> 
     </span>
    </p>
   </div>
   <div class='ocr_carea' id='block_1_30' title="bbox 355 2918 1998 2992">
    <p class='ocr_par' dir='ltr' id='par_1_30' title="bbox 355 2918 1998 2992">
     <span class='ocr_line' id='line_1_30' title="bbox 355 2918 1998 2992; baseline -0.003 -15"><span class='ocrx_word' id='word_1_208' title='bbox 355 2923 716 2978; x_wconf 90' lang='lat' dir='ltr'>deluduntur</span> <span class='ocrx_word' id='word_1_209' title='bbox 747 2922 817 2978; x_wconf 90' lang='lat' dir='ltr'>ab</span> <span class='ocrx_word' id='word_1_210' title='bbox 849 2921 922 2977; x_wconf 91' lang='lat' dir='ltr'>iis</span> <span class='ocrx_word' id='word_1_211' title='bbox 955 2920 1053 2992; x_wconf 92' lang='lat' dir='ltr'>qui</span> <span class='ocrx_word' id='word_1_212' title='bbox 1082 2936 1447 2992; x_wconf 81' lang='lat' dir='ltr'>nequaquam</span> <span class='ocrx_word' id='word_1_213' title='bbox 1480 2918 1683 2974; x_wconf 90' lang='lat' dir='ltr'>volunt</span> <span class='ocrx_word' id='word_1_214' title='bbox 1713 2918 1998 2988; x_wconf 84' lang='lat' dir='ltr'>adjuvari,</span> 
     </span>
    </p>
   </div>
   <div class='ocr_carea' id='block_1_31' title="bbox 357 3007 1998 3084">
    <p class='ocr_par' dir='ltr' id='par_1_31' title="bbox 357 3007 1998 3084">
     <span class='ocr_line' id='line_1_31' title="bbox 357 3007 1998 3084; baseline -0.003 -17"><span class='ocrx_word' id='word_1_215' title='bbox 357 3012 570 3084; x_wconf 90' lang='lat' dir='ltr'>quippe</span> <span class='ocrx_word' id='word_1_216' title='bbox 604 3027 794 3066; x_wconf 88' lang='lat' dir='ltr'>meam</span> <span class='ocrx_word' id='word_1_217' title='bbox 825 3009 1142 3066; x_wconf 88' lang='lat' dir='ltr'>amicitiam</span> <span class='ocrx_word' id='word_1_218' title='bbox 1192 3008 1565 3065; x_wconf 90' lang='lat' dir='ltr'>vehementer</span> <span class='ocrx_word' id='word_1_219' title='bbox 1594 3007 1998 3079; x_wconf 85' lang='lat' dir='ltr'>repudiarunt.</span> 
     </span>
    </p>
   </div>
   <div class='ocr_carea' id='block_1_32' title="bbox 357 3095 2001 3173">
    <p class='ocr_par' dir='ltr' id='par_1_32' title="bbox 357 3095 2001 3173">
     <span class='ocr_line' id='line_1_32' title="bbox 357 3095 2001 3173; baseline -0.003 -16"><span class='ocrx_word' id='word_1_220' title='bbox 357 3101 401 3157; x_wconf 91' lang='grc' dir='ltr'><strong>Ο</strong></span> <span class='ocrx_word' id='word_1_221' title='bbox 434 3116 705 3173; x_wconf 87' lang='lat' dir='ltr'>magnam</span> <span class='ocrx_word' id='word_1_222' title='bbox 740 3098 1015 3171; x_wconf 87' lang='lat' dir='ltr'>injuriam</span> <span class='ocrx_word' id='word_1_223' title='bbox 1043 3099 1055 3155; x_wconf 85' lang='lat' dir='ltr'>l</span> <span class='ocrx_word' id='word_1_224' title='bbox 1091 3098 1294 3154; x_wconf 83' lang='lat' dir='ltr'>mortis</span> <span class='ocrx_word' id='word_1_225' title='bbox 1325 3098 1480 3153; x_wconf 88' lang='lat' dir='ltr'>enim</span> <span class='ocrx_word' id='word_1_226' title='bbox 1505 3095 1829 3170; x_wconf 88' lang='lat' dir='ltr'>periculum</span> <span class='ocrx_word' id='word_1_227' title='bbox 1863 3097 2001 3152; x_wconf 90' lang='lat' dir='ltr'>sub-</span> 
     </span>
    </p>
   </div>
   <div class='ocr_carea' id='block_1_33' title="bbox 354 3184 1997 3261">
    <p class='ocr_par' dir='ltr' id='par_1_33' title="bbox 354 3184 1997 3261">
     <span class='ocr_line' id='line_1_33' title="bbox 354 3184 1997 3261; baseline -0.004 -15"><span class='ocrx_word' id='word_1_228' title='bbox 354 3193 498 3246; x_wconf 91' lang='lat' dir='ltr'>eunt</span> <span class='ocrx_word' id='word_1_229' title='bbox 527 3189 969 3261; x_wconf 81' lang='lat' dir='ltr'>praedicatores;</span> <span class='ocrx_word' id='word_1_230' title='bbox 1004 3187 1178 3259; x_wconf 87' lang='lat' dir='ltr'>idque</span> <span class='ocrx_word' id='word_1_231' title='bbox 1228 3203 1331 3259; x_wconf 89' lang='lat' dir='ltr'>per</span> <span class='ocrx_word' id='word_1_232' title='bbox 1356 3202 1455 3242; x_wconf 90' lang='lat' dir='ltr'>eos</span> <span class='ocrx_word' id='word_1_233' title='bbox 1499 3185 1766 3241; x_wconf 89' lang='lat' dir='ltr'>homines</span> <span class='ocrx_word' id='word_1_234' title='bbox 1795 3184 1894 3257; x_wconf 91' lang='lat' dir='ltr'>qui</span> <span class='ocrx_word' id='word_1_235' title='bbox 1925 3184 1997 3240; x_wconf 88' lang='lat' dir='ltr'>ad</span> 
     </span>
    </p>
   </div>
   <div class='ocr_carea' id='block_1_34' title="bbox 356 3277 937 3334">
    <p class='ocr_par' dir='ltr' id='par_1_34' title="bbox 356 3277 937 3334">
     <span class='ocr_line' id='line_1_34' title="bbox 356 3277 937 3334; baseline -0.005 0"><span class='ocrx_word' id='word_1_236' title='bbox 356 3277 607 3334; x_wconf 86' lang='lat' dir='ltr'>salutem</span> <span class='ocrx_word' id='word_1_237' title='bbox 640 3282 937 3333; x_wconf 89' lang='lat' dir='ltr'>vocantur.</span> 
     </span>
    </p>
   </div>
   <div class='ocr_carea' id='block_1_35' title="bbox 427 3382 1995 3455">
    <p class='ocr_par' dir='ltr' id='par_1_35' title="bbox 427 3382 1995 3455">
     <span class='ocr_line' id='line_1_35' title="bbox 427 3382 1995 3455; baseline -0.003 -14"><span class='ocrx_word' id='word_1_238' title='bbox 427 3385 600 3441; x_wconf 82' lang='lat' dir='ltr'><strong>XXII.</strong></span> <span class='ocrx_word' id='word_1_239' title='bbox 634 3389 808 3441; x_wconf 88' lang='lat' dir='ltr'>Porro</span> <span class='ocrx_word' id='word_1_240' title='bbox 832 3383 971 3439; x_wconf 90' lang='lat' dir='ltr'>illud</span> <span class='ocrx_word' id='word_1_241' title='bbox 1001 3383 1216 3455; x_wconf 86' lang='lat' dir='ltr'>injuste</span> <span class='ocrx_word' id='word_1_242' title='bbox 1242 3382 1457 3437; x_wconf 82' lang='lat' dir='ltr'>factum</span> <span class='ocrx_word' id='word_1_243' title='bbox 1481 3382 1761 3438; x_wconf 89' lang='lat' dir='ltr'>adversus</span> <span class='ocrx_word' id='word_1_244' title='bbox 1784 3397 1995 3453; x_wconf 78' lang='lat' dir='ltr'>praeco-</span> 
     </span>
    </p>
   </div>
   <div class='ocr_carea' id='block_1_36' title="bbox 356 3470 1997 3545">
    <p class='ocr_par' dir='ltr' id='par_1_36' title="bbox 356 3470 1997 3545">
     <span class='ocr_line' id='line_1_36' title="bbox 356 3470 1997 3545; baseline -0.003 -15"><span class='ocrx_word' id='word_1_245' title='bbox 356 3491 462 3531; x_wconf 87' lang='lat' dir='ltr'>nes</span> <span class='ocrx_word' id='word_1_246' title='bbox 486 3491 645 3530; x_wconf 88' lang='lat' dir='ltr'>meos</span> <span class='ocrx_word' id='word_1_247' title='bbox 675 3492 709 3528; x_wconf 59' lang='lat'>.1</span> <span class='ocrx_word' id='word_1_248' title='bbox 738 3472 1022 3545; x_wconf 91' lang='lat' dir='ltr'>principio</span> <span class='ocrx_word' id='word_1_249' title='bbox 1053 3472 1207 3543; x_wconf 89' lang='lat' dir='ltr'>apud</span> <span class='ocrx_word' id='word_1_250' title='bbox 1239 3488 1442 3527; x_wconf 89' lang='lat' dir='ltr'>omnes</span> <span class='ocrx_word' id='word_1_251' title='bbox 1473 3471 1738 3526; x_wconf 85' lang='lat' dir='ltr'>futurum</span> <span class='ocrx_word' id='word_1_252' title='bbox 1768 3474 1911 3541; x_wconf 88' lang='lat' dir='ltr'>erat,</span> <span class='ocrx_word' id='word_1_253' title='bbox 1946 3470 1997 3525; x_wconf 89' lang='lat' dir='ltr'>si</span> 
     </span>
    </p>
   </div>
   <div class='ocr_carea' id='block_1_37' title="bbox 353 3556 1994 3634">
    <p class='ocr_par' dir='ltr' id='par_1_37' title="bbox 353 3556 1994 3634">
     <span class='ocr_line' id='line_1_37' title="bbox 353 3556 1994 3634; baseline -0.004 -16"><span class='ocrx_word' id='word_1_254' title='bbox 353 3581 387 3619; x_wconf 88' lang='lat' dir='ltr'>a</span> <span class='ocrx_word' id='word_1_255' title='bbox 416 3562 699 3634; x_wconf 86' lang='lat' dir='ltr'>principio</span> <span class='ocrx_word' id='word_1_256' title='bbox 731 3562 801 3617; x_wconf 89' lang='lat' dir='ltr'>ad</span> <span class='ocrx_word' id='word_1_257' title='bbox 834 3561 1082 3616; x_wconf 83' lang='lat' dir='ltr'>salutem</span> <span class='ocrx_word' id='word_1_258' title='bbox 1127 3560 1307 3616; x_wconf 88' lang='lat' dir='ltr'>vocati</span> <span class='ocrx_word' id='word_1_259' title='bbox 1358 3559 1608 3616; x_wconf 86' lang='lat' dir='ltr'>fuissent</span> <span class='ocrx_word' id='word_1_260' title='bbox 1637 3560 1735 3632; x_wconf 91' lang='lat' dir='ltr'>qui</span> <span class='ocrx_word' id='word_1_261' title='bbox 1770 3556 1994 3632; x_wconf 87' lang='lat' dir='ltr'>indigni</span> 
     </span>
    </p>
   </div>
   <div class='ocr_carea' id='block_1_38' title="bbox 350 3649 1993 3720">
    <p class='ocr_par' dir='ltr' id='par_1_38' title="bbox 350 3649 1993 3720">
     <span class='ocr_line' id='line_1_38' title="bbox 350 3649 1993 3720; baseline -0.002 -13"><span class='ocrx_word' id='word_1_262' title='bbox 350 3656 506 3708; x_wconf 87' lang='lat' dir='ltr'>sunt.</span> <span class='ocrx_word' id='word_1_263' title='bbox 541 3650 700 3717; x_wconf 92' lang='lat' dir='ltr'>Quod</span> <span class='ocrx_word' id='word_1_264' title='bbox 733 3651 889 3706; x_wconf 87' lang='lat' dir='ltr'>enim</span> <span class='ocrx_word' id='word_1_265' title='bbox 939 3667 1095 3705; x_wconf 90' lang='lat' dir='ltr'>nunc</span> <span class='ocrx_word' id='word_1_266' title='bbox 1142 3651 1214 3705; x_wconf 89' lang='lat' dir='ltr'>ab</span> <span class='ocrx_word' id='word_1_267' title='bbox 1246 3649 1316 3704; x_wconf 88' lang='lat' dir='ltr'>iis</span> <span class='ocrx_word' id='word_1_268' title='bbox 1359 3650 1640 3720; x_wconf 86' lang='lat' dir='ltr'>injuriose</span> <span class='ocrx_word' id='word_1_269' title='bbox 1680 3651 1763 3718; x_wconf 76' lang='lat' dir='ltr'>fit,</span> <span class='ocrx_word' id='word_1_270' title='bbox 1796 3649 1856 3703; x_wconf 90' lang='lat' dir='ltr'>in</span> <span class='ocrx_word' id='word_1_271' title='bbox 1888 3650 1993 3704; x_wconf 91' lang='lat' dir='ltr'>de-</span> 
     </span>
    </p>
   </div>
   <div class='ocr_carea' id='block_1_39' title="bbox 348 3738 1991 3811">
    <p class='ocr_par' dir='ltr' id='par_1_39' title="bbox 348 3738 1991 3811">
     <span class='ocr_line' id='line_1_39' title="bbox 348 3738 1991 3811; baseline -0.001 -16"><span class='ocrx_word' id='word_1_272' title='bbox 348 3740 671 3796; x_wconf 81' lang='lat' dir='ltr'>fensionem</span> <span class='ocrx_word' id='word_1_273' title='bbox 703 3740 965 3811; x_wconf 72' lang='lat' dir='ltr'>ﬁtjustaa</span> <span class='ocrx_word' id='word_1_274' title='bbox 1011 3756 1150 3794; x_wconf 79' lang='lat' dir='ltr'>meae</span> <span class='ocrx_word' id='word_1_275' title='bbox 1209 3738 1602 3810; x_wconf 82' lang='lat' dir='ltr'>providentiae,</span> <span class='ocrx_word' id='word_1_276' title='bbox 1637 3738 1790 3809; x_wconf 90' lang='lat' dir='ltr'>quod</span> <span class='ocrx_word' id='word_1_277' title='bbox 1847 3755 1991 3810; x_wconf 64' lang='lat' dir='ltr'>pra:-</span> 
     </span>
    </p>
   </div>
   <div class='ocr_carea' id='block_1_40' title="bbox 347 3826 1991 3900">
    <p class='ocr_par' dir='ltr' id='par_1_40' title="bbox 347 3826 1991 3900">
     <span class='ocr_line' id='line_1_40' title="bbox 347 3826 1991 3900; baseline -0.002 -16"><span class='ocrx_word' id='word_1_278' title='bbox 347 3828 498 3885; x_wconf 87' lang='lat' dir='ltr'>clare</span> <span class='ocrx_word' id='word_1_279' title='bbox 531 3828 854 3884; x_wconf 86' lang='lat' dir='ltr'>doctrinam</span> <span class='ocrx_word' id='word_1_280' title='bbox 888 3828 1102 3884; x_wconf 87' lang='lat' dir='ltr'>honore</span> <span class='ocrx_word' id='word_1_281' title='bbox 1135 3828 1373 3900; x_wconf 88' lang='lat' dir='ltr'>dignam</span> <span class='ocrx_word' id='word_1_282' title='bbox 1408 3826 1567 3883; x_wconf 88' lang='lat' dir='ltr'>nolui</span> <span class='ocrx_word' id='word_1_283' title='bbox 1602 3826 1892 3883; x_wconf 88' lang='lat' dir='ltr'>inutiliter</span> <span class='ocrx_word' id='word_1_284' title='bbox 1920 3827 1991 3882; x_wconf 87' lang='lat' dir='ltr'>ab</span> 
     </span>
    </p>
   </div>
   <div class='ocr_carea' id='block_1_41' title="bbox 350 3916 1991 3988">
    <p class='ocr_par' dir='ltr' id='par_1_41' title="bbox 350 3916 1991 3988">
     <span class='ocr_line' id='line_1_41' title="bbox 350 3916 1991 3988; baseline -0.001 -15"><span class='ocrx_word' id='word_1_285' title='bbox 350 3917 514 3973; x_wconf 89' lang='lat' dir='ltr'>initio</span> <span class='ocrx_word' id='word_1_286' title='bbox 545 3918 617 3973; x_wconf 90' lang='lat' dir='ltr'>ad</span> <span class='ocrx_word' id='word_1_287' title='bbox 647 3916 1063 3973; x_wconf 89' lang='lat' dir='ltr'>contumeliam</span> <span class='ocrx_word' id='word_1_288' title='bbox 1113 3916 1343 3988; x_wconf 86' lang='lat' dir='ltr'>publice</span> <span class='ocrx_word' id='word_1_289' title='bbox 1392 3933 1695 3988; x_wconf 84' lang='lat' dir='ltr'>exponere,</span> <span class='ocrx_word' id='word_1_290' title='bbox 1730 3917 1829 3971; x_wconf 89' lang='lat' dir='ltr'>sed</span> <span class='ocrx_word' id='word_1_291' title='bbox 1863 3932 1991 3971; x_wconf 88' lang='lat' dir='ltr'>eam</span> 
     </span>
    </p>
   </div>
   <div class='ocr_carea' id='block_1_42' title="bbox 348 4004 1991 4077">
    <p class='ocr_par' dir='ltr' id='par_1_42' title="bbox 348 4004 1991 4077">
     <span class='ocr_line' id='line_1_42' title="bbox 348 4004 1991 4077; baseline -0.001 -16"><span class='ocrx_word' id='word_1_292' title='bbox 348 4006 549 4077; x_wconf 84' lang='lat' dir='ltr'>statui,</span> <span class='ocrx_word' id='word_1_293' title='bbox 584 4010 647 4061; x_wconf 91' lang='lat' dir='ltr'>ut</span> <span class='ocrx_word' id='word_1_294' title='bbox 675 4007 1086 4074; x_wconf 88' lang='lat' dir='ltr'>venerandam,</span> <span class='ocrx_word' id='word_1_295' title='bbox 1133 4004 1364 4061; x_wconf 87' lang='lat' dir='ltr'>silentio</span> <span class='ocrx_word' id='word_1_296' title='bbox 1416 4005 1571 4077; x_wconf 87' lang='lat' dir='ltr'>tegi;</span> <span class='ocrx_word' id='word_1_297' title='bbox 1609 4022 1721 4060; x_wconf 92' lang='lat' dir='ltr'>non</span> <span class='ocrx_word' id='word_1_298' title='bbox 1754 4005 1991 4077; x_wconf 89' lang='lat' dir='ltr'>quidem</span> 
     </span>
    </p>
   </div>
   <div class='ocr_carea' id='block_1_43' title="bbox 346 4094 1990 4167">
    <p class='ocr_par' dir='ltr' id='par_1_43' title="bbox 346 4094 1990 4167">
     <span class='ocr_line' id='line_1_43' title="bbox 346 4094 1990 4167; baseline -0.001 -17"><span class='ocrx_word' id='word_1_299' title='bbox 346 4096 502 4166; x_wconf 88' lang='lat' dir='ltr'>apud</span> <span class='ocrx_word' id='word_1_300' title='bbox 528 4112 627 4151; x_wconf 87' lang='lat' dir='ltr'>eos</span> <span class='ocrx_word' id='word_1_301' title='bbox 658 4096 757 4167; x_wconf 89' lang='lat' dir='ltr'>qui</span> <span class='ocrx_word' id='word_1_302' title='bbox 788 4094 1074 4167; x_wconf 88' lang='lat' dir='ltr'>principio</span> <span class='ocrx_word' id='word_1_303' title='bbox 1118 4094 1280 4167; x_wconf 85' lang='lat' dir='ltr'>digni</span> <span class='ocrx_word' id='word_1_304' title='bbox 1321 4100 1505 4165; x_wconf 86' lang='lat' dir='ltr'>erant,</span> <span class='ocrx_word' id='word_1_305' title='bbox 1541 4094 1755 4166; x_wconf 88' lang='lat' dir='ltr'>quibus</span> <span class='ocrx_word' id='word_1_306' title='bbox 1786 4099 1842 4149; x_wconf 89' lang='lat' dir='ltr'>et</span> <span class='ocrx_word' id='word_1_307' title='bbox 1875 4099 1990 4149; x_wconf 89' lang='lat' dir='ltr'>tra-</span> 
     </span>
    </p>
   </div>
   <div class='ocr_carea' id='block_1_44' title="bbox 347 4181 1993 4256">
    <p class='ocr_par' dir='ltr' id='par_1_44' title="bbox 347 4181 1993 4256">
     <span class='ocr_line' id='line_1_44' title="bbox 347 4181 1993 4256; baseline -0.002 -17"><span class='ocrx_word' id='word_1_308' title='bbox 347 4184 489 4252; x_wconf 82' lang='lat' dir='ltr'>didi,</span> <span class='ocrx_word' id='word_1_309' title='bbox 521 4184 622 4239; x_wconf 88' lang='lat' dir='ltr'>sed</span> <span class='ocrx_word' id='word_1_310' title='bbox 645 4185 799 4256; x_wconf 85' lang='lat' dir='ltr'>apud</span> <span class='ocrx_word' id='word_1_311' title='bbox 831 4183 975 4239; x_wconf 88' lang='lat' dir='ltr'>istos</span> <span class='ocrx_word' id='word_1_312' title='bbox 998 4187 1056 4240; x_wconf 90' lang='lat' dir='ltr'>et</span> <span class='ocrx_word' id='word_1_313' title='bbox 1085 4181 1440 4250; x_wconf 87' lang='lat' dir='ltr'>consimiles,</span> <span class='ocrx_word' id='word_1_314' title='bbox 1467 4186 1531 4237; x_wconf 92' lang='lat' dir='ltr'>ut</span> <span class='ocrx_word' id='word_1_315' title='bbox 1555 4182 1813 4247; x_wconf 89' lang='lat' dir='ltr'>cernitis,</span> <span class='ocrx_word' id='word_1_316' title='bbox 1848 4181 1993 4237; x_wconf 90' lang='lat' dir='ltr'>indi-</span> 
     </span>
    </p>
   </div>
   <div class='ocr_carea' id='block_1_45' title="bbox 345 4269 1990 4344">
    <p class='ocr_par' dir='ltr' id='par_1_45' title="bbox 345 4269 1990 4344">
     <span class='ocr_line' id='line_1_45' title="bbox 345 4269 1990 4344; baseline -0.001 -17"><span class='ocrx_word' id='word_1_317' title='bbox 345 4288 511 4344; x_wconf 87' lang='lat' dir='ltr'>gnos,</span> <span class='ocrx_word' id='word_1_318' title='bbox 545 4272 677 4327; x_wconf 91' lang='lat' dir='ltr'>odio</span> <span class='ocrx_word' id='word_1_319' title='bbox 709 4287 801 4326; x_wconf 90' lang='lat' dir='ltr'>me</span> <span class='ocrx_word' id='word_1_320' title='bbox 850 4277 1289 4342; x_wconf 84' lang='lat' dir='ltr'>prosequentes,</span> <span class='ocrx_word' id='word_1_321' title='bbox 1337 4287 1517 4342; x_wconf 91' lang='lat' dir='ltr'>seque</span> <span class='ocrx_word' id='word_1_322' title='bbox 1564 4269 1827 4326; x_wconf 87' lang='lat' dir='ltr'>nolentes</span> <span class='ocrx_word' id='word_1_323' title='bbox 1857 4270 1990 4326; x_wconf 86' lang='lat' dir='ltr'>dili-</span> 
     </span>
    </p>
   </div>
   <div class='ocr_carea' id='block_1_46' title="bbox 343 4357 1989 4433">
    <p class='ocr_par' dir='ltr' id='par_1_46' title="bbox 343 4357 1989 4433">
     <span class='ocr_line' id='line_1_46' title="bbox 343 4357 1989 4433; baseline -0.002 -17"><span class='ocrx_word' id='word_1_324' title='bbox 343 4376 497 4433; x_wconf 87' lang='lat' dir='ltr'>gere.</span> <span class='ocrx_word' id='word_1_325' title='bbox 531 4361 599 4415; x_wconf 91' lang='lat' dir='ltr'>Et</span> <span class='ocrx_word' id='word_1_326' title='bbox 628 4376 758 4416; x_wconf 90' lang='lat' dir='ltr'>vero</span> <span class='ocrx_word' id='word_1_327' title='bbox 783 4376 957 4431; x_wconf 90' lang='lat' dir='ltr'>nunc,</span> <span class='ocrx_word' id='word_1_328' title='bbox 982 4360 1315 4415; x_wconf 87' lang='lat' dir='ltr'>omittentes</span> <span class='ocrx_word' id='word_1_329' title='bbox 1345 4359 1500 4414; x_wconf 91' lang='lat' dir='ltr'>hunc</span> <span class='ocrx_word' id='word_1_330' title='bbox 1530 4359 1824 4415; x_wconf 87' lang='lat' dir='ltr'>hominem</span> <span class='ocrx_word' id='word_1_331' title='bbox 1861 4357 1989 4414; x_wconf 89' lang='lat' dir='ltr'>irri-</span> 
     </span>
    </p>
   </div>
   <div class='ocr_carea' id='block_1_47' title="bbox 344 4447 1989 4521">
    <p class='ocr_par' dir='ltr' id='par_1_47' title="bbox 344 4447 1989 4521">
     <span class='ocr_line' id='line_1_47' title="bbox 344 4447 1989 4521; baseline -0.001 -16"><span class='ocrx_word' id='word_1_332' title='bbox 344 4450 499 4517; x_wconf 89' lang='lat' dir='ltr'>dere,</span> <span class='ocrx_word' id='word_1_333' title='bbox 534 4466 567 4504; x_wconf 91' lang='lat' dir='ltr'>a</span> <span class='ocrx_word' id='word_1_334' title='bbox 597 4464 689 4504; x_wconf 91' lang='lat' dir='ltr'>me</span> <span class='ocrx_word' id='word_1_335' title='bbox 720 4448 907 4521; x_wconf 90' lang='lat' dir='ltr'>ipsius</span> <span class='ocrx_word' id='word_1_336' title='bbox 957 4448 1470 4520; x_wconf 90' lang='lat' dir='ltr'>repromissionem</span> <span class='ocrx_word' id='word_1_337' title='bbox 1520 4448 1739 4518; x_wconf 86' lang='lat' dir='ltr'>audite,</span> <span class='ocrx_word' id='word_1_338' title='bbox 1770 4447 1857 4503; x_wconf 91' lang='lat' dir='ltr'>vel</span> <span class='ocrx_word' id='word_1_339' title='bbox 1892 4448 1989 4520; x_wconf 93' lang='lat' dir='ltr'>qui</span> 
     </span>
    </p>
   </div>
   <div class='ocr_carea' id='block_1_48' title="bbox 343 4535 1987 4610">
    <p class='ocr_par' dir='ltr' id='par_1_48' title="bbox 343 4535 1987 4610">
     <span class='ocr_line' id='line_1_48' title="bbox 343 4535 1987 4610; baseline -0.001 -16"><span class='ocrx_word' id='word_1_340' title='bbox 343 4536 495 4595; x_wconf 88' lang='lat' dir='ltr'>volet</span> <span class='ocrx_word' id='word_1_341' title='bbox 523 4537 668 4593; x_wconf 89' lang='lat' dir='ltr'>mihi</span> <span class='ocrx_word' id='word_1_342' title='bbox 700 4538 1061 4609; x_wconf 87' lang='lat' dir='ltr'>percontanti</span> <span class='ocrx_word' id='word_1_343' title='bbox 1093 4537 1463 4610; x_wconf 86' lang='lat' dir='ltr'>respondeat.</span> <span class='ocrx_word' id='word_1_344' title='bbox 1497 4539 1571 4593; x_wconf 84' lang='lat' dir='ltr'>Ac</span> <span class='ocrx_word' id='word_1_345' title='bbox 1600 4553 1673 4593; x_wconf 91' lang='lat' dir='ltr'>ne</span> <span class='ocrx_word' id='word_1_346' title='bbox 1705 4535 1859 4593; x_wconf 83' lang='lat' dir='ltr'>velut</span> <span class='ocrx_word' id='word_1_347' title='bbox 1886 4554 1987 4609; x_wconf 88' lang='lat' dir='ltr'>pe-</span> 
     </span>
    </p>
   </div>
   <div class='ocr_carea' id='block_1_49' title="bbox 2129 606 3779 687">
    <p class='ocr_par' dir='ltr' id='par_1_49' title="bbox 2129 606 3779 687">
     <span class='ocr_line' id='line_1_49' title="bbox 2129 606 3779 687; baseline 0.005 -27"><span class='ocrx_word' id='word_1_348' title='bbox 2129 606 2317 683; x_wconf 87' lang='grc' dir='ltr'>λόγοις</span> <span class='ocrx_word' id='word_1_349' title='bbox 2347 610 2391 644; x_wconf 72' lang='grc'>³⁸</span> <span class='ocrx_word' id='word_1_350' title='bbox 2419 609 2518 677; x_wconf 74' lang='grc' dir='ltr'>τὴν</span> <span class='ocrx_word' id='word_1_351' title='bbox 2564 607 2728 662; x_wconf 72' lang='grc' dir='ltr'>αὐτοῦ</span> <span class='ocrx_word' id='word_1_352' title='bbox 2782 608 3045 684; x_wconf 76' lang='grc' dir='ltr'>βούλησιν</span> <span class='ocrx_word' id='word_1_353' title='bbox 3096 608 3453 687; x_wconf 65' lang='grc' dir='ltr'>ἐκφαίνοντες,</span> <span class='ocrx_word' id='word_1_354' title='bbox 3496 613 3570 675; x_wconf 88' lang='grc' dir='ltr'>ὡς</span> <span class='ocrx_word' id='word_1_355' title='bbox 3621 616 3779 680; x_wconf 84' lang='grc' dir='ltr'>πάνθ’</span> 
     </span>
    </p>
   </div>
   <div class='ocr_carea' id='block_1_50' title="bbox 2126 695 3777 776">
    <p class='ocr_par' dir='ltr' id='par_1_50' title="bbox 2126 695 3777 776">
     <span class='ocr_line' id='line_1_50' title="bbox 2126 695 3777 776; baseline 0.006 -26"><span class='ocrx_word' id='word_1_356' title='bbox 2126 696 2398 752; x_wconf 75' lang='grc' dir='ltr'>ὁντιναοῦν</span> <span class='ocrx_word' id='word_1_357' title='bbox 2427 695 2725 752; x_wconf 71' lang='grc' dir='ltr'>ἀκούσαντα</span> <span class='ocrx_word' id='word_1_358' title='bbox 2768 702 2910 751; x_wconf 88' lang='grc' dir='ltr'>νοεῖν</span> <span class='ocrx_word' id='word_1_359' title='bbox 2960 696 3027 752; x_wconf 82' lang='grc' dir='ltr'>τὰ</span> <span class='ocrx_word' id='word_1_360' title='bbox 3065 695 3358 773; x_wconf 82' lang='grc' dir='ltr'>λεγόμενα,</span> <span class='ocrx_word' id='word_1_361' title='bbox 3391 701 3481 755; x_wconf 84' lang='grc' dir='ltr'>καὶ</span> <span class='ocrx_word' id='word_1_362' title='bbox 3531 701 3593 757; x_wconf 79' lang='grc' dir='ltr'>οὗ</span> <span class='ocrx_word' id='word_1_363' title='bbox 3642 705 3777 776; x_wconf 81' lang='grc' dir='ltr'>μετᾶ</span> 
     </span>
    </p>
   </div>
   <div class='ocr_carea' id='block_1_51' title="bbox 2121 782 3771 868">
    <p class='ocr_par' dir='ltr' id='par_1_51' title="bbox 2121 782 3771 868">
     <span class='ocr_line' id='line_1_51' title="bbox 2121 782 3771 868; baseline 0.005 -28"><span class='ocrx_word' id='word_1_364' title='bbox 2121 782 2284 857; x_wconf 73' lang='grc' dir='ltr'>ἕξεώς</span> <span class='ocrx_word' id='word_1_365' title='bbox 2311 806 2459 848; x_wconf 87' lang='grc' dir='ltr'>τινος</span> <span class='ocrx_word' id='word_1_366' title='bbox 2491 787 2771 865; x_wconf 79' lang='grc' dir='ltr'>φθονερᾶς,</span> <span class='ocrx_word' id='word_1_367' title='bbox 2801 786 3061 862; x_wconf 87' lang='grc' dir='ltr'>παρέχειν</span> <span class='ocrx_word' id='word_1_368' title='bbox 3093 794 3253 842; x_wconf 78' lang='grc' dir='ltr'>πᾶσιν</span> <span class='ocrx_word' id='word_1_369' title='bbox 3285 788 3477 859; x_wconf 71' lang='grc' dir='ltr'>ἑαυτὴν</span> <span class='ocrx_word' id='word_1_370' title='bbox 3530 792 3604 864; x_wconf 80' lang='grc' dir='ltr'>μή</span> <span class='ocrx_word' id='word_1_371' title='bbox 3643 793 3771 868; x_wconf 81' lang='grc' dir='ltr'>βουο</span> 
     </span>
    </p>
   </div>
   <div class='ocr_carea' id='block_1_52' title="bbox 2123 871 3768 954">
    <p class='ocr_par' dir='ltr' id='par_1_52' title="bbox 2123 871 3768 954">
     <span class='ocr_line' id='line_1_52' title="bbox 2123 871 3768 954; baseline 0.005 -26"><span class='ocrx_word' id='word_1_372' title='bbox 2123 871 2362 947; x_wconf 88' lang='grc' dir='ltr'>λομένης</span> <span class='ocrx_word' id='word_1_373' title='bbox 2394 876 2440 911; x_wconf 69' lang='grc'>³9</span> <span class='ocrx_word' id='word_1_374' title='bbox 2469 875 2697 951; x_wconf 79' lang='grc' dir='ltr'>πάρεστε</span> <span class='ocrx_word' id='word_1_375' title='bbox 2728 874 2903 949; x_wconf 81' lang='grc' dir='ltr'>ὑμεῖς,</span> <span class='ocrx_word' id='word_1_376' title='bbox 2936 875 3073 948; x_wconf 85' lang='grc' dir='ltr'>πρὸς</span> <span class='ocrx_word' id='word_1_377' title='bbox 3100 879 3181 948; x_wconf 83' lang='grc' dir='ltr'>τῷ</span> <span class='ocrx_word' id='word_1_378' title='bbox 3213 878 3288 949; x_wconf 83' lang='grc' dir='ltr'>μή</span> <span class='ocrx_word' id='word_1_379' title='bbox 3333 883 3476 932; x_wconf 79' lang='grc' dir='ltr'>νοεῖν</span> <span class='ocrx_word' id='word_1_380' title='bbox 3520 880 3585 934; x_wconf 90' lang='grc' dir='ltr'>τὸ</span> <span class='ocrx_word' id='word_1_381' title='bbox 3641 881 3768 954; x_wconf 85' lang='grc' dir='ltr'>ὑμῖν</span> 
     </span>
    </p>
   </div>
   <div class='ocr_carea' id='block_1_53' title="bbox 2120 959 3769 1041">
    <p class='ocr_par' dir='ltr' id='par_1_53' title="bbox 2120 959 3769 1041">
     <span class='ocr_line' id='line_1_53' title="bbox 2120 959 3769 1041; baseline 0.005 -25"><span class='ocrx_word' id='word_1_382' title='bbox 2120 962 2416 1041; x_wconf 73' lang='grc' dir='ltr'>συμφέρον,</span> <span class='ocrx_word' id='word_1_383' title='bbox 2449 962 2536 1017; x_wconf 72' lang='grc' dir='ltr'>ἐπὶ</span> <span class='ocrx_word' id='word_1_384' title='bbox 2588 967 2655 1037; x_wconf 85' lang='grc' dir='ltr'>τῇ</span> <span class='ocrx_word' id='word_1_385' title='bbox 2708 961 2941 1039; x_wconf 81' lang='grc' dir='ltr'>ὑμετέρᾳ</span> <span class='ocrx_word' id='word_1_386' title='bbox 2991 959 3170 1039; x_wconf 76' lang='grc' dir='ltr'>βλάϐη</span> <span class='ocrx_word' id='word_1_387' title='bbox 3214 962 3375 1041; x_wconf 80' lang='grc' dir='ltr'>γελᾷν</span> <span class='ocrx_word' id='word_1_388' title='bbox 3405 967 3505 1037; x_wconf 69' lang='grc' dir='ltr'>τὴν</span> <span class='ocrx_word' id='word_1_389' title='bbox 3548 968 3622 1030; x_wconf 81' lang='grc' dir='ltr'>εἷς</span> <span class='ocrx_word' id='word_1_390' title='bbox 3668 971 3769 1039; x_wconf 69' lang='grc' dir='ltr'>τὴν</span> 
     </span>
    </p>
   </div>
   <div class='ocr_carea' id='block_1_54' title="bbox 2122 1047 3766 1129">
    <p class='ocr_par' dir='ltr' id='par_1_54' title="bbox 2122 1047 3766 1129">
     <span class='ocr_line' id='line_1_54' title="bbox 2122 1047 3766 1129; baseline 0.004 -23"><span class='ocrx_word' id='word_1_391' title='bbox 2122 1050 2380 1127; x_wconf 78' lang='grc' dir='ltr'>ὑμετέραν</span> <span class='ocrx_word' id='word_1_392' title='bbox 2455 1048 2749 1122; x_wconf 75' lang='grc' dir='ltr'>καταδίκην</span> <span class='ocrx_word' id='word_1_393' title='bbox 2823 1051 2874 1105; x_wconf 88' lang='grc' dir='ltr'>ἐν</span> <span class='ocrx_word' id='word_1_394' title='bbox 2944 1047 3239 1128; x_wconf 74' lang='grc' dir='ltr'>βαρϐάροις</span> <span class='ocrx_word' id='word_1_395' title='bbox 3297 1052 3766 1129; x_wconf 84' lang='grc' dir='ltr'>πολιτευσαμένην</span> 
     </span>
    </p>
   </div>
   <div class='ocr_carea' id='block_1_55' title="bbox 2118 1138 3769 1221">
    <p class='ocr_par' dir='ltr' id='par_1_55' title="bbox 2118 1138 3769 1221">
     <span class='ocr_line' id='line_1_55' title="bbox 2118 1138 3769 1221; baseline 0.005 -28"><span class='ocrx_word' id='word_1_396' title='bbox 2118 1138 2397 1211; x_wconf 71' lang='grc' dir='ltr'>ἀλήθειαν,</span> <span class='ocrx_word' id='word_1_397' title='bbox 2430 1140 2492 1209; x_wconf 79' lang='grc' dir='ltr'>ἦν</span> <span class='ocrx_word' id='word_1_398' title='bbox 2522 1140 2611 1195; x_wconf 78' lang='grc' dir='ltr'>καὶ</span> <span class='ocrx_word' id='word_1_399' title='bbox 2652 1140 2778 1214; x_wconf 82' lang='grc' dir='ltr'>ὑμῖν</span> <span class='ocrx_word' id='word_1_400' title='bbox 2825 1138 3237 1214; x_wconf 70' lang='grc' dir='ltr'>ἐπιδημήσασαν</span> <span class='ocrx_word' id='word_1_401' title='bbox 3287 1142 3480 1214; x_wconf 81' lang='grc' dir='ltr'>ξενίσαι</span> <span class='ocrx_word' id='word_1_402' title='bbox 3524 1146 3581 1201; x_wconf 72' lang='grc' dir='ltr'>οἰ</span> <span class='ocrx_word' id='word_1_403' title='bbox 3641 1148 3769 1221; x_wconf 74' lang='grc' dir='ltr'>βού-</span> 
     </span>
    </p>
   </div>
   <div class='ocr_carea' id='block_1_56' title="bbox 2118 1226 3769 1305">
    <p class='ocr_par' dir='ltr' id='par_1_56' title="bbox 2118 1226 3769 1305">
     <span class='ocr_line' id='line_1_56' title="bbox 2118 1226 3769 1305; baseline 0.005 -22"><span class='ocrx_word' id='word_1_404' title='bbox 2118 1226 2295 1299; x_wconf 85' lang='grc' dir='ltr'>λεσθε,</span> <span class='ocrx_word' id='word_1_405' title='bbox 2331 1226 2420 1284; x_wconf 73' lang='grc' dir='ltr'>διὰ</span> <span class='ocrx_word' id='word_1_406' title='bbox 2446 1230 2542 1291; x_wconf 73' lang='grc' dir='ltr'>τὰς</span> <span class='ocrx_word' id='word_1_407' title='bbox 2572 1228 2849 1305; x_wconf 74' lang='grc' dir='ltr'>ἀσελγείας</span> <span class='ocrx_word' id='word_1_408' title='bbox 2884 1229 3059 1302; x_wconf 86' lang='grc' dir='ltr'>ὑμῶν,</span> <span class='ocrx_word' id='word_1_409' title='bbox 3091 1232 3180 1285; x_wconf 82' lang='grc' dir='ltr'>καὶ</span> <span class='ocrx_word' id='word_1_410' title='bbox 3209 1232 3272 1287; x_wconf 85' lang='grc' dir='ltr'>τὸ</span> <span class='ocrx_word' id='word_1_411' title='bbox 3324 1230 3472 1287; x_wconf 84' lang='grc' dir='ltr'>λιτὸν</span> <span class='ocrx_word' id='word_1_412' title='bbox 3524 1239 3631 1289; x_wconf 90' lang='grc' dir='ltr'>τῶν</span> <span class='ocrx_word' id='word_1_413' title='bbox 3671 1233 3769 1291; x_wconf 88' lang='grc' dir='ltr'>λό-</span> 
     </span>
    </p>
   </div>
   <div class='ocr_carea' id='block_1_57' title="bbox 2114 1316 3769 1397">
    <p class='ocr_par' dir='ltr' id='par_1_57' title="bbox 2114 1316 3769 1397">
     <span class='ocr_line' id='line_1_57' title="bbox 2114 1316 3769 1397; baseline 0.004 -25"><span class='ocrx_word' id='word_1_414' title='bbox 2114 1338 2227 1394; x_wconf 85' lang='grc' dir='ltr'>γων</span> <span class='ocrx_word' id='word_1_415' title='bbox 2276 1318 2465 1389; x_wconf 67' lang='grc' dir='ltr'>αὐτῆς,</span> <span class='ocrx_word' id='word_1_416' title='bbox 2493 1316 2585 1373; x_wconf 54' lang='grc' dir='ltr'>τίνα</span> <span class='ocrx_word' id='word_1_417' title='bbox 2638 1320 2713 1392; x_wconf 84' lang='grc' dir='ltr'>μή</span> <span class='ocrx_word' id='word_1_418' title='bbox 2763 1318 3081 1395; x_wconf 81' lang='grc' dir='ltr'>ἐλεγχθῆτε,</span> <span class='ocrx_word' id='word_1_419' title='bbox 3112 1322 3209 1379; x_wconf 73' lang='lat'>35</span> <span class='ocrx_word' id='word_1_420' title='bbox 3245 1319 3326 1375; x_wconf 80' lang='grc' dir='ltr'>ὅτι</span> <span class='ocrx_word' id='word_1_421' title='bbox 3378 1322 3497 1397; x_wconf 82' lang='grc' dir='ltr'>εἰκῇ</span> <span class='ocrx_word' id='word_1_422' title='bbox 3530 1326 3576 1361; x_wconf 82' lang='grc' dir='ltr'><strong>³ο</strong></span> <span class='ocrx_word' id='word_1_423' title='bbox 3604 1322 3769 1397; x_wconf 77' lang='grc' dir='ltr'>φιλό-</span> 
     </span>
    </p>
   </div>
   <div class='ocr_carea' id='block_1_58' title="bbox 2117 1392 3763 1488">
    <p class='ocr_par' dir='ltr' id='par_1_58' title="bbox 2117 1392 3763 1488">
     <span class='ocr_line' id='line_1_58' title="bbox 2117 1392 3763 1488; baseline 0.004 -26"><span class='ocrx_word' id='word_1_424' title='bbox 2117 1392 2271 1484; x_wconf 86' lang='grc' dir='ltr'>λογοί</span> <span class='ocrx_word' id='word_1_425' title='bbox 2319 1407 2455 1479; x_wconf 87' lang='grc' dir='ltr'>ἐστε,</span> <span class='ocrx_word' id='word_1_426' title='bbox 2486 1404 2575 1462; x_wconf 77' lang='grc' dir='ltr'>καί</span> <span class='ocrx_word' id='word_1_427' title='bbox 2625 1407 2687 1463; x_wconf 77' lang='grc' dir='ltr'>οὐ</span> <span class='ocrx_word' id='word_1_428' title='bbox 2736 1392 3062 1485; x_wconf 66' lang='grc' dir='ltr'>φιλαληθεις</span> <span class='ocrx_word' id='word_1_429' title='bbox 3102 1406 3415 1488; x_wconf 76' lang='grc' dir='ltr'>φιλόσοφοι·</span> <span class='ocrx_word' id='word_1_430' title='bbox 3452 1392 3626 1488; x_wconf 76' lang='grc' dir='ltr'>μέχρι⁶</span> <span class='ocrx_word' id='word_1_431' title='bbox 3668 1414 3763 1484; x_wconf 73' lang='grc' dir='ltr'>μὲν</span> 
     </span>
    </p>
   </div>
   <div class='ocr_carea' id='block_1_59' title="bbox 2115 1493 3766 1571">
    <p class='ocr_par' dir='ltr' id='par_1_59' title="bbox 2115 1493 3766 1571">
     <span class='ocr_line' id='line_1_59' title="bbox 2115 1493 3766 1571; baseline 0.005 -22"><span class='ocrx_word' id='word_1_432' title='bbox 2115 1493 2206 1550; x_wconf 79' lang='grc' dir='ltr'>οὖν</span> <span class='ocrx_word' id='word_1_433' title='bbox 2238 1496 2372 1552; x_wconf 88' lang='grc' dir='ltr'>πότε</span> <span class='ocrx_word' id='word_1_434' title='bbox 2400 1494 2586 1552; x_wconf 83' lang='grc' dir='ltr'>λαλεῖν</span> <span class='ocrx_word' id='word_1_435' title='bbox 2622 1498 2929 1571; x_wconf 73' lang='grc' dir='ltr'>μανθάνετε,</span> <span class='ocrx_word' id='word_1_436' title='bbox 2963 1498 3015 1553; x_wconf 73' lang='grc' dir='ltr'>οἱ</span> <span class='ocrx_word' id='word_1_437' title='bbox 3046 1499 3107 1553; x_wconf 86' lang='grc' dir='ltr'>τὸ</span> <span class='ocrx_word' id='word_1_438' title='bbox 3136 1498 3321 1561; x_wconf 86' lang='grc' dir='ltr'>καλῶς</span> <span class='ocrx_word' id='word_1_439' title='bbox 3350 1502 3395 1537; x_wconf 81' lang='grc' dir='ltr'>³ί</span> <span class='ocrx_word' id='word_1_440' title='bbox 3424 1498 3613 1556; x_wconf 79' lang='grc' dir='ltr'>λαλεῖν</span> <span class='ocrx_word' id='word_1_441' title='bbox 3667 1501 3766 1556; x_wconf 78' lang='grc' dir='ltr'>οὐκ</span> 
     </span>
    </p>
   </div>
   <div class='ocr_carea' id='block_1_60' title="bbox 2113 1581 3761 1663">
    <p class='ocr_par' dir='ltr' id='par_1_60' title="bbox 2113 1581 3761 1663">
     <span class='ocr_line' id='line_1_60' title="bbox 2113 1581 3761 1663; baseline 0.002 -22"><span class='ocrx_word' id='word_1_442' title='bbox 2113 1581 2369 1661; x_wconf 77' lang='grc' dir='ltr'>ἕχοντες;</span> <span class='ocrx_word' id='word_1_443' title='bbox 2404 1584 2594 1641; x_wconf 86' lang='grc' dir='ltr'>Πολλά</span> <span class='ocrx_word' id='word_1_444' title='bbox 2620 1585 2721 1663; x_wconf 77' lang='grc' dir='ltr'>γὰρ</span> <span class='ocrx_word' id='word_1_445' title='bbox 2754 1586 2906 1659; x_wconf 81' lang='grc' dir='ltr'>ὑμῶν</span> <span class='ocrx_word' id='word_1_446' title='bbox 2940 1584 3160 1662; x_wconf 77' lang='grc' dir='ltr'>ῥήματα</span> <span class='ocrx_word' id='word_1_447' title='bbox 3189 1586 3310 1649; x_wconf 83' lang='grc' dir='ltr'>ένὸς</span> <span class='ocrx_word' id='word_1_448' title='bbox 3350 1587 3450 1645; x_wconf 82' lang='grc' dir='ltr'>οὐκ</span> <span class='ocrx_word' id='word_1_449' title='bbox 3494 1586 3612 1661; x_wconf 80' lang='grc' dir='ltr'>ἄξια</span> <span class='ocrx_word' id='word_1_450' title='bbox 3661 1589 3761 1647; x_wconf 84' lang='grc' dir='ltr'>λό-</span> 
     </span>
    </p>
   </div>
   <div class='ocr_carea' id='block_1_61' title="bbox 2111 1673 3761 1755">
    <p class='ocr_par' dir='ltr' id='par_1_61' title="bbox 2111 1673 3761 1755">
     <span class='ocr_line' id='line_1_61' title="bbox 2111 1673 3761 1755; baseline 0.004 -27"><span class='ocrx_word' id='word_1_451' title='bbox 2111 1695 2232 1749; x_wconf 89' lang='grc' dir='ltr'>γου.</span> <span class='ocrx_word' id='word_1_452' title='bbox 2285 1674 2354 1732; x_wconf 86' lang='grc' dir='ltr'>Τί</span> <span class='ocrx_word' id='word_1_453' title='bbox 2405 1673 2507 1751; x_wconf 75' lang='grc' dir='ltr'>ἄρα</span> <span class='ocrx_word' id='word_1_454' title='bbox 2558 1674 2669 1751; x_wconf 77' lang='grc' dir='ltr'>ἐρεῖ</span> <span class='ocrx_word' id='word_1_455' title='bbox 2716 1675 2868 1749; x_wconf 76' lang='grc' dir='ltr'>ὑμῶν</span> <span class='ocrx_word' id='word_1_456' title='bbox 2916 1675 2979 1730; x_wconf 87' lang='grc' dir='ltr'>τὸ</span> <span class='ocrx_word' id='word_1_457' title='bbox 3027 1674 3350 1746; x_wconf 83' lang='grc' dir='ltr'>Ἑλληνικὸν</span> <span class='ocrx_word' id='word_1_458' title='bbox 3399 1678 3612 1749; x_wconf 84' lang='grc' dir='ltr'>πλῆθος</span> <span class='ocrx_word' id='word_1_459' title='bbox 3664 1680 3761 1755; x_wconf 93' lang='grc' dir='ltr'>μία</span> 
     </span>
    </p>
   </div>
   <div class='ocr_carea' id='block_1_62' title="bbox 2110 1760 3762 1841">
    <p class='ocr_par' dir='ltr' id='par_1_62' title="bbox 2110 1760 3762 1841">
     <span class='ocr_line' id='line_1_62' title="bbox 2110 1760 3762 1841; baseline 0.005 -25"><span class='ocrx_word' id='word_1_460' title='bbox 2110 1764 2264 1839; x_wconf 77' lang='grc' dir='ltr'>ψυχὴ</span> <span class='ocrx_word' id='word_1_461' title='bbox 2297 1763 2612 1839; x_wconf 81' lang='grc' dir='ltr'>γενόμενον,</span> <span class='ocrx_word' id='word_1_462' title='bbox 2645 1762 2792 1840; x_wconf 73' lang='grc' dir='ltr'>ε²¹περ</span> <span class='ocrx_word' id='word_1_463' title='bbox 2839 1760 2984 1820; x_wconf 77' lang='grc' dir='ltr'>ἔσται</span> <span class='ocrx_word' id='word_1_464' title='bbox 3023 1766 3070 1801; x_wconf 81' lang='grc'>³²</span> <span class='ocrx_word' id='word_1_465' title='bbox 3116 1764 3313 1841; x_wconf 89' lang='grc' dir='ltr'>κρίσις,</span> <span class='ocrx_word' id='word_1_466' title='bbox 3343 1766 3416 1828; x_wconf 85' lang='grc' dir='ltr'>ὡς</span> <span class='ocrx_word' id='word_1_467' title='bbox 3463 1768 3625 1831; x_wconf 79' lang='grc' dir='ltr'>οὗτος</span> <span class='ocrx_word' id='word_1_468' title='bbox 3674 1770 3762 1824; x_wconf 80' lang='grc' dir='ltr'>Λέ-</span> 
     </span>
    </p>
   </div>
   <div class='ocr_carea' id='block_1_63' title="bbox 2110 1851 3759 1933">
    <p class='ocr_par' dir='ltr' id='par_1_63' title="bbox 2110 1851 3759 1933">
     <span class='ocr_line' id='line_1_63' title="bbox 2110 1851 3759 1933; baseline 0.004 -27"><span class='ocrx_word' id='word_1_469' title='bbox 2110 1870 2233 1927; x_wconf 85' lang='grc' dir='ltr'>γει;</span> <span class='ocrx_word' id='word_1_470' title='bbox 2268 1854 2365 1907; x_wconf 81' lang='grc' dir='ltr'>Διά</span> <span class='ocrx_word' id='word_1_471' title='bbox 2386 1851 2458 1925; x_wconf 84' lang='grc' dir='ltr'>τί,</span> <span class='ocrx_word' id='word_1_472' title='bbox 2493 1854 2538 1908; x_wconf 82' lang='grc' dir='ltr'><strong>ὧ</strong></span> <span class='ocrx_word' id='word_1_473' title='bbox 2587 1853 2701 1925; x_wconf 74' lang='grc' dir='ltr'>Θεὲ,</span> <span class='ocrx_word' id='word_1_474' title='bbox 2732 1854 2832 1922; x_wconf 76' lang='grc' dir='ltr'>τὴν</span> <span class='ocrx_word' id='word_1_475' title='bbox 2884 1854 2982 1922; x_wconf 79' lang='grc' dir='ltr'>σῆν</span> <span class='ocrx_word' id='word_1_476' title='bbox 3036 1852 3298 1929; x_wconf 69' lang='grc' dir='ltr'>βούλησιν</span> <span class='ocrx_word' id='word_1_477' title='bbox 3347 1853 3449 1910; x_wconf 79' lang='grc' dir='ltr'>οὐκ</span> <span class='ocrx_word' id='word_1_478' title='bbox 3498 1854 3759 1933; x_wconf 70' lang='grc' dir='ltr'>ἐκήρυξας</span> 
     </span>
    </p>
   </div>
   <div class='ocr_carea' id='block_1_64' title="bbox 2113 1939 3758 2019">
    <p class='ocr_par' dir='ltr' id='par_1_64' title="bbox 2113 1939 3758 2019">
     <span class='ocr_line' id='line_1_64' title="bbox 2113 1939 3758 2019; baseline 0.004 -24"><span class='ocrx_word' id='word_1_479' title='bbox 2113 1943 2285 2015; x_wconf 55' lang='lat' dir='ltr'>mihi;</span> <span class='ocrx_word' id='word_1_480' title='bbox 2317 1941 2389 1996; x_wconf 82' lang='grc' dir='ltr'>Οὐ</span> <span class='ocrx_word' id='word_1_481' title='bbox 2420 1942 2633 2004; x_wconf 88' lang='grc' dir='ltr'>πάντως</span> <span class='ocrx_word' id='word_1_482' title='bbox 2675 1941 2982 2011; x_wconf 74' lang='grc' dir='ltr'>ἀκούσεσθε,</span> <span class='ocrx_word' id='word_1_483' title='bbox 3017 1939 3165 2019; x_wconf 73' lang='grc' dir='ltr'>εἶ’περ</span> <span class='ocrx_word' id='word_1_484' title='bbox 3215 1942 3551 2019; x_wconf 75' lang='grc' dir='ltr'>ἀποκρίσεως</span> <span class='ocrx_word' id='word_1_485' title='bbox 3597 1967 3758 2002; x_wconf 86' lang='grc' dir='ltr'>κατα-</span> 
     </span>
    </p>
   </div>
   <div class='ocr_carea' id='block_1_65' title="bbox 2114 2027 3759 2111">
    <p class='ocr_par' dir='ltr' id='par_1_65' title="bbox 2114 2027 3759 2111">
     <span class='ocr_line' id='line_1_65' title="bbox 2114 2027 3759 2111; baseline 0.005 -29"><span class='ocrx_word' id='word_1_486' title='bbox 2114 2029 2456 2101; x_wconf 74' lang='grc' dir='ltr'>ξιωθήσεσθε,</span> <span class='ocrx_word' id='word_1_487' title='bbox 2484 2027 2612 2085; x_wconf 85' lang='grc' dir='ltr'>τάδε</span> <span class='ocrx_word' id='word_1_488' title='bbox 2659 2032 2725 2086; x_wconf 80' lang='grc'>³³.</span> <span class='ocrx_word' id='word_1_489' title='bbox 2770 2030 2933 2105; x_wconf 86' lang='grc' dir='ltr'>Ἐγὼ,</span> <span class='ocrx_word' id='word_1_490' title='bbox 2978 2031 3152 2093; x_wconf 85' lang='grc' dir='ltr'>πάσας</span> <span class='ocrx_word' id='word_1_491' title='bbox 3197 2032 3296 2094; x_wconf 75' lang='grc' dir='ltr'>τὰς</span> <span class='ocrx_word' id='word_1_492' title='bbox 3345 2032 3605 2106; x_wconf 74' lang='grc' dir='ltr'>ἐσομένας</span> <span class='ocrx_word' id='word_1_493' title='bbox 3653 2036 3759 2111; x_wconf 82' lang='grc' dir='ltr'>πρὸ</span> 
     </span>
    </p>
   </div>
   <div class='ocr_carea' id='block_1_66' title="bbox 2111 2114 3760 2195">
    <p class='ocr_par' dir='ltr' id='par_1_66' title="bbox 2111 2114 3760 2195">
     <span class='ocr_line' id='line_1_66' title="bbox 2111 2114 3760 2195; baseline -0.002 -22"><span class='ocrx_word' id='word_1_494' title='bbox 2111 2114 2423 2188; x_wconf 78' lang='grc' dir='ltr'>καταϐολῆς</span> <span class='ocrx_word' id='word_1_495' title='bbox 2469 2114 2678 2191; x_wconf 77' lang='grc' dir='ltr'>κόσμου</span> <span class='ocrx_word' id='word_1_496' title='bbox 2727 2115 2885 2181; x_wconf 79' lang='grc' dir='ltr'>εἰδὼς</span> <span class='ocrx_word' id='word_1_497' title='bbox 2931 2120 3294 2195; x_wconf 75' lang='grc' dir='ltr'>προαιρέσεις,</span> <span class='ocrx_word' id='word_1_498' title='bbox 3345 2119 3497 2185; x_wconf 80' lang='grc' dir='ltr'>ἰδίως</span> <span class='ocrx_word' id='word_1_499' title='bbox 3545 2125 3591 2160; x_wconf 78' lang='grc'><strong>³⁴</strong></span> <span class='ocrx_word' id='word_1_500' title='bbox 3637 2124 3760 2179; x_wconf 73' lang='grc' dir='ltr'>ἑκά.</span> 
     </span>
    </p>
   </div>
   <div class='ocr_carea' id='block_1_67' title="bbox 2113 2205 3757 2287">
    <p class='ocr_par' dir='ltr' id='par_1_67' title="bbox 2113 2205 3757 2287">
     <span class='ocr_line' id='line_1_67' title="bbox 2113 2205 3757 2287; baseline 0.004 -26"><span class='ocrx_word' id='word_1_501' title='bbox 2113 2228 2223 2280; x_wconf 86' lang='grc' dir='ltr'>στῳ</span> <span class='ocrx_word' id='word_1_502' title='bbox 2254 2207 2388 2283; x_wconf 82' lang='grc' dir='ltr'>πρὸς</span> <span class='ocrx_word' id='word_1_503' title='bbox 2416 2206 2479 2262; x_wconf 76' lang='grc' dir='ltr'>τὸ</span> <span class='ocrx_word' id='word_1_504' title='bbox 2508 2207 2673 2262; x_wconf 80' lang='grc' dir='ltr'>αὐτοῦ</span> <span class='ocrx_word' id='word_1_505' title='bbox 2722 2205 2867 2280; x_wconf 73' lang='grc' dir='ltr'>ἄξιον</span> <span class='ocrx_word' id='word_1_506' title='bbox 2918 2206 3291 2272; x_wconf 80' lang='grc' dir='ltr'>λανθανόντως</span> <span class='ocrx_word' id='word_1_507' title='bbox 3341 2212 3757 2287; x_wconf 75' lang='grc' dir='ltr'>προαπήντησα·</span> 
     </span>
    </p>
   </div>
   <div class='ocr_carea' id='block_1_68' title="bbox 2110 2294 3763 2377">
    <p class='ocr_par' dir='ltr' id='par_1_68' title="bbox 2110 2294 3763 2377">
     <span class='ocr_line' id='line_1_68' title="bbox 2110 2294 3763 2377; baseline 0.003 -26"><span class='ocrx_word' id='word_1_508' title='bbox 2110 2301 2270 2351; x_wconf 90' lang='grc' dir='ltr'>τοῦτο</span> <span class='ocrx_word' id='word_1_509' title='bbox 2315 2295 2373 2352; x_wconf 75' lang='grc' dir='ltr'>δὲ</span> <span class='ocrx_word' id='word_1_510' title='bbox 2416 2295 2544 2352; x_wconf 80' lang='grc' dir='ltr'>αὐτὸ</span> <span class='ocrx_word' id='word_1_511' title='bbox 2594 2296 2677 2351; x_wconf 82' lang='grc' dir='ltr'>δτι</span> <span class='ocrx_word' id='word_1_512' title='bbox 2724 2296 2902 2358; x_wconf 74' lang='grc' dir='ltr'>οὕτως</span> <span class='ocrx_word' id='word_1_513' title='bbox 2950 2294 3088 2372; x_wconf 80' lang='grc' dir='ltr'>ἔχει,</span> <span class='ocrx_word' id='word_1_514' title='bbox 3126 2297 3415 2371; x_wconf 81' lang='grc' dir='ltr'>βουληθεὶς</span> <span class='ocrx_word' id='word_1_515' title='bbox 3440 2300 3569 2363; x_wconf 80' lang='grc' dir='ltr'>τοὺς</span> <span class='ocrx_word' id='word_1_516' title='bbox 3598 2322 3763 2377; x_wconf 88' lang='grc' dir='ltr'>προσ-</span> 
     </span>
    </p>
   </div>
   <div class='ocr_carea' id='block_1_69' title="bbox 2110 2383 3759 2465">
    <p class='ocr_par' dir='ltr' id='par_1_69' title="bbox 2110 2383 3759 2465">
     <span class='ocr_line' id='line_1_69' title="bbox 2110 2383 3759 2465; baseline 0.003 -25"><span class='ocrx_word' id='word_1_517' title='bbox 2110 2385 2445 2464; x_wconf 73' lang='grc' dir='ltr'>πεφευγότας</span> <span class='ocrx_word' id='word_1_518' title='bbox 2518 2407 2610 2459; x_wconf 90' lang='grc' dir='ltr'>μοι</span> <span class='ocrx_word' id='word_1_519' title='bbox 2671 2383 3119 2462; x_wconf 69' lang='grc' dir='ltr'>πληροφορῆσαι,</span> <span class='ocrx_word' id='word_1_520' title='bbox 3170 2383 3258 2441; x_wconf 74' lang='grc' dir='ltr'>διὰ</span> <span class='ocrx_word' id='word_1_521' title='bbox 3302 2387 3355 2442; x_wconf 90' lang='grc' dir='ltr'>τί</span> <span class='ocrx_word' id='word_1_522' title='bbox 3403 2388 3658 2465; x_wconf 74' lang='grc' dir='ltr'>ἀπαρχῆς</span> <span class='ocrx_word' id='word_1_523' title='bbox 3702 2390 3759 2446; x_wconf 83' lang='grc' dir='ltr'>ἐκ</span> 
     </span>
    </p>
   </div>
   <div class='ocr_carea' id='block_1_70' title="bbox 2109 2472 3757 2551">
    <p class='ocr_par' dir='ltr' id='par_1_70' title="bbox 2109 2472 3757 2551">
     <span class='ocr_line' id='line_1_70' title="bbox 2109 2472 3757 2551; baseline 0.002 -21"><span class='ocrx_word' id='word_1_524' title='bbox 2109 2474 2385 2551; x_wconf 77' lang='grc' dir='ltr'>προτέρων</span> <span class='ocrx_word' id='word_1_525' title='bbox 2431 2478 2629 2550; x_wconf 90' lang='grc' dir='ltr'>γενεῶν</span> <span class='ocrx_word' id='word_1_526' title='bbox 2675 2475 2773 2544; x_wconf 77' lang='grc' dir='ltr'>τὴν</span> <span class='ocrx_word' id='word_1_527' title='bbox 2819 2475 2955 2548; x_wconf 77' lang='grc' dir='ltr'>ἐμὴν</span> <span class='ocrx_word' id='word_1_528' title='bbox 3030 2472 3290 2548; x_wconf 77' lang='grc' dir='ltr'>βούλησιν</span> <span class='ocrx_word' id='word_1_529' title='bbox 3363 2474 3602 2550; x_wconf 76' lang='grc' dir='ltr'>δημοσίᾳ</span> <span class='ocrx_word' id='word_1_530' title='bbox 3659 2478 3757 2535; x_wconf 79' lang='grc' dir='ltr'>οὐκ</span> 
     </span>
    </p>
   </div>
   <div class='ocr_carea' id='block_1_71' title="bbox 2111 2561 3752 2641">
    <p class='ocr_par' dir='ltr' id='par_1_71' title="bbox 2111 2561 3752 2641">
     <span class='ocr_line' id='line_1_71' title="bbox 2111 2561 3752 2641; baseline 0.002 -24"><span class='ocrx_word' id='word_1_531' title='bbox 2111 2561 2261 2619; x_wconf 74' lang='grc' dir='ltr'>εἶάσα</span> <span class='ocrx_word' id='word_1_532' title='bbox 2290 2566 2655 2640; x_wconf 80' lang='grc' dir='ltr'>κηρυχθῆναι,</span> <span class='ocrx_word' id='word_1_533' title='bbox 2686 2568 2776 2618; x_wconf 92' lang='grc' dir='ltr'>νῦν</span> <span class='ocrx_word' id='word_1_534' title='bbox 2815 2564 2951 2639; x_wconf 86' lang='grc' dir='ltr'>πρὸς</span> <span class='ocrx_word' id='word_1_535' title='bbox 2981 2568 3060 2635; x_wconf 78' lang='grc' dir='ltr'>τῷ</span> <span class='ocrx_word' id='word_1_536' title='bbox 3090 2563 3234 2617; x_wconf 84' lang='grc' dir='ltr'>τέλει</span> <span class='ocrx_word' id='word_1_537' title='bbox 3280 2569 3377 2619; x_wconf 90' lang='grc' dir='ltr'>τοῦ</span> <span class='ocrx_word' id='word_1_538' title='bbox 3427 2566 3546 2641; x_wconf 86' lang='grc' dir='ltr'>βίου</span> <span class='ocrx_word' id='word_1_539' title='bbox 3578 2570 3623 2604; x_wconf 81' lang='grc'><strong>³⁵</strong></span> <span class='ocrx_word' id='word_1_540' title='bbox 3651 2569 3752 2637; x_wconf 81' lang='grc' dir='ltr'>κή-</span> 
     </span>
    </p>
   </div>
   <div class='ocr_carea' id='block_1_72' title="bbox 2111 2649 3751 2729">
    <p class='ocr_par' dir='ltr' id='par_1_72' title="bbox 2111 2649 3751 2729">
     <span class='ocr_line' id='line_1_72' title="bbox 2111 2649 3751 2729; baseline 0.002 -23"><span class='ocrx_word' id='word_1_541' title='bbox 2111 2672 2272 2726; x_wconf 90' lang='grc' dir='ltr'>ρυκας</span> <span class='ocrx_word' id='word_1_542' title='bbox 2308 2652 2444 2726; x_wconf 84' lang='grc' dir='ltr'>ἐμῆς</span> <span class='ocrx_word' id='word_1_543' title='bbox 2479 2651 2684 2728; x_wconf 78' lang='grc' dir='ltr'>βουλῆς</span> <span class='ocrx_word' id='word_1_544' title='bbox 2712 2649 3024 2721; x_wconf 84' lang='grc' dir='ltr'>ἀπέστειλα,</span> <span class='ocrx_word' id='word_1_545' title='bbox 3057 2651 3108 2706; x_wconf 84' lang='grc' dir='ltr'>οἳ</span> <span class='ocrx_word' id='word_1_546' title='bbox 3136 2654 3181 2689; x_wconf 76' lang='grc'>³⁵</span> <span class='ocrx_word' id='word_1_547' title='bbox 3218 2653 3307 2706; x_wconf 79' lang='grc' dir='ltr'>καὶ</span> <span class='ocrx_word' id='word_1_548' title='bbox 3351 2652 3616 2729; x_wconf 75' lang='grc' dir='ltr'>γελῶν-ται</span> <span class='ocrx_word' id='word_1_549' title='bbox 3661 2655 3751 2710; x_wconf 66' lang='grc' dir='ltr'>καὶ</span> 
     </span>
    </p>
   </div>
   <div class='ocr_carea' id='block_1_73' title="bbox 2111 2736 3750 2822">
    <p class='ocr_par' dir='ltr' id='par_1_73' title="bbox 2111 2736 3750 2822">
     <span class='ocr_line' id='line_1_73' title="bbox 2111 2736 3750 2822; baseline 0.002 -26"><span class='ocrx_word' id='word_1_550' title='bbox 2111 2736 2457 2817; x_wconf 73' lang='grc' dir='ltr'>ὑϐριζόμενοι</span> <span class='ocrx_word' id='word_1_551' title='bbox 2498 2740 2854 2818; x_wconf 81' lang='grc' dir='ltr'>χλευάζονται</span> <span class='ocrx_word' id='word_1_552' title='bbox 2897 2741 2997 2795; x_wconf 85' lang='grc' dir='ltr'>ὑπὸ</span> <span class='ocrx_word' id='word_1_553' title='bbox 3043 2745 3151 2795; x_wconf 90' lang='grc' dir='ltr'>τῶν</span> <span class='ocrx_word' id='word_1_554' title='bbox 3204 2738 3373 2815; x_wconf 76' lang='grc' dir='ltr'>μηδὲν</span> <span class='ocrx_word' id='word_1_555' title='bbox 3424 2741 3750 2822; x_wconf 73' lang='grc' dir='ltr'>ὠφελεῖσθαι</span> 
     </span>
    </p>
   </div>
   <div class='ocr_carea' id='block_1_74' title="bbox 2110 2830 3748 2911">
    <p class='ocr_par' dir='ltr' id='par_1_74' title="bbox 2110 2830 3748 2911">
     <span class='ocr_line' id='line_1_74' title="bbox 2110 2830 3748 2911; baseline 0.001 -25"><span class='ocrx_word' id='word_1_556' title='bbox 2110 2830 2378 2896; x_wconf 85' lang='grc' dir='ltr'>θελόντων</span> <span class='ocrx_word' id='word_1_557' title='bbox 2409 2832 2498 2888; x_wconf 86' lang='grc' dir='ltr'>καὶ</span> <span class='ocrx_word' id='word_1_558' title='bbox 2544 2832 2937 2907; x_wconf 67' lang='grc' dir='ltr'>ἐπιτεταμένως</span> <span class='ocrx_word' id='word_1_559' title='bbox 2988 2833 3087 2902; x_wconf 77' lang='grc' dir='ltr'>τὴν</span> <span class='ocrx_word' id='word_1_560' title='bbox 3132 2832 3270 2908; x_wconf 76' lang='grc' dir='ltr'>ἐμὴν</span> <span class='ocrx_word' id='word_1_561' title='bbox 3321 2831 3507 2911; x_wconf 78' lang='grc' dir='ltr'>φιλίαν</span> <span class='ocrx_word' id='word_1_562' title='bbox 3554 2854 3748 2909; x_wconf 86' lang='grc' dir='ltr'>παραι-</span> 
     </span>
    </p>
   </div>
   <div class='ocr_carea' id='block_1_75' title="bbox 2107 2919 3749 2999">
    <p class='ocr_par' dir='ltr' id='par_1_75' title="bbox 2107 2919 3749 2999">
     <span class='ocr_line' id='line_1_75' title="bbox 2107 2919 3749 2999; baseline 0.001 -24"><span class='ocrx_word' id='word_1_563' title='bbox 2107 2921 2446 2994; x_wconf 81' lang='grc' dir='ltr'>τησαμένων.</span> <span class='ocrx_word' id='word_1_564' title='bbox 2478 2924 2544 2977; x_wconf 89' lang='grc' dir='ltr'>Ὢ</span> <span class='ocrx_word' id='word_1_565' title='bbox 2581 2922 2829 2998; x_wconf 82' lang='grc' dir='ltr'>μεγάλης</span> <span class='ocrx_word' id='word_1_566' title='bbox 2876 2919 3117 2985; x_wconf 70' lang='grc' dir='ltr'>ἀδικίαςί</span> <span class='ocrx_word' id='word_1_567' title='bbox 3155 2923 3318 2999; x_wconf 80' lang='grc' dir='ltr'>μέχρι</span> <span class='ocrx_word' id='word_1_568' title='bbox 3363 2922 3532 2978; x_wconf 90' lang='grc' dir='ltr'>πόνου</span> <span class='ocrx_word' id='word_1_569' title='bbox 3562 2925 3606 2959; x_wconf 77' lang='grc'>⁸⁷</span> <span class='ocrx_word' id='word_1_570' title='bbox 3633 2944 3749 2978; x_wconf 84' lang='grc' dir='ltr'>κιν-</span> 
     </span>
    </p>
   </div>
   <div class='ocr_carea' id='block_1_76' title="bbox 2110 3004 3750 3088">
    <p class='ocr_par' dir='ltr' id='par_1_76' title="bbox 2110 3004 3750 3088">
     <span class='ocr_line' id='line_1_76' title="bbox 2110 3004 3750 3088; baseline 0.003 -26"><span class='ocrx_word' id='word_1_571' title='bbox 2110 3004 2382 3063; x_wconf 78' lang='grc' dir='ltr'>δυνεύουσι</span> <span class='ocrx_word' id='word_1_572' title='bbox 2415 3011 2669 3086; x_wconf 77' lang='grc' dir='ltr'>κήρυκες,</span> <span class='ocrx_word' id='word_1_573' title='bbox 2700 3011 2790 3065; x_wconf 82' lang='grc' dir='ltr'>καὶ</span> <span class='ocrx_word' id='word_1_574' title='bbox 2839 3015 3005 3066; x_wconf 74' lang='grc' dir='ltr'>ταῦτα</span> <span class='ocrx_word' id='word_1_575' title='bbox 3053 3011 3157 3067; x_wconf 86' lang='grc' dir='ltr'>ὑπὸ</span> <span class='ocrx_word' id='word_1_576' title='bbox 3201 3016 3306 3066; x_wconf 85' lang='grc' dir='ltr'>τῶν</span> <span class='ocrx_word' id='word_1_577' title='bbox 3356 3011 3431 3074; x_wconf 80' lang='grc' dir='ltr'>εἷς</span> <span class='ocrx_word' id='word_1_578' title='bbox 3477 3012 3750 3088; x_wconf 84' lang='grc' dir='ltr'>σωτηρίαν</span> 
     </span>
    </p>
   </div>
   <div class='ocr_carea' id='block_1_77' title="bbox 2106 3094 2720 3175">
    <p class='ocr_par' dir='ltr' id='par_1_77' title="bbox 2106 3094 2720 3175">
     <span class='ocr_line' id='line_1_77' title="bbox 2106 3094 2720 3175; baseline 0.008 -23"><span class='ocrx_word' id='word_1_579' title='bbox 2106 3094 2277 3153; x_wconf 88' lang='grc' dir='ltr'>καλου</span> <span class='ocrx_word' id='word_1_580' title='bbox 2286 3098 2379 3172; x_wconf 88' lang='grc' dir='ltr'>μέν</span> <span class='ocrx_word' id='word_1_581' title='bbox 2388 3119 2459 3154; x_wconf 91' lang='grc' dir='ltr'>ων</span> <span class='ocrx_word' id='word_1_582' title='bbox 2495 3095 2720 3175; x_wconf 85' lang='grc' dir='ltr'>ἀνδρῶν.</span> 
     </span>
    </p>
   </div>
   <div class='ocr_carea' id='block_1_78' title="bbox 2178 3380 3748 3459">
    <p class='ocr_par' dir='ltr' id='par_1_78' title="bbox 2178 3380 3748 3459">
     <span class='ocr_line' id='line_1_78' title="bbox 2178 3380 3748 3459; baseline 0.001 -22"><span class='ocrx_word' id='word_1_583' title='bbox 2178 3387 2294 3439; x_wconf 84' lang='lat' dir='ltr'>XII.</span> <span class='ocrx_word' id='word_1_584' title='bbox 2326 3387 2497 3437; x_wconf 89' lang='grc' dir='ltr'>Τοῦτο</span> <span class='ocrx_word' id='word_1_585' title='bbox 2529 3380 2586 3438; x_wconf 72' lang='grc' dir='ltr'>δὲ</span> <span class='ocrx_word' id='word_1_586' title='bbox 2613 3384 2675 3438; x_wconf 87' lang='grc' dir='ltr'>τὸ</span> <span class='ocrx_word' id='word_1_587' title='bbox 2705 3381 2903 3446; x_wconf 80' lang='grc' dir='ltr'>ἀδίκως</span> <span class='ocrx_word' id='word_1_588' title='bbox 2936 3382 3219 3459; x_wconf 85' lang='grc' dir='ltr'>γινόμενον</span> <span class='ocrx_word' id='word_1_589' title='bbox 3270 3383 3406 3440; x_wconf 82' lang='grc' dir='ltr'>κατᾶ</span> <span class='ocrx_word' id='word_1_590' title='bbox 3449 3388 3557 3439; x_wconf 89' lang='grc' dir='ltr'>τῶν</span> <span class='ocrx_word' id='word_1_591' title='bbox 3603 3383 3748 3457; x_wconf 87' lang='grc' dir='ltr'>ἐμῶν</span> 
     </span>
    </p>
   </div>
   <div class='ocr_carea' id='block_1_79' title="bbox 2105 3469 3749 3548">
    <p class='ocr_par' dir='ltr' id='par_1_79' title="bbox 2105 3469 3749 3548">
     <span class='ocr_line' id='line_1_79' title="bbox 2105 3469 3749 3548; baseline 0.001 -22"><span class='ocrx_word' id='word_1_592' title='bbox 2105 3469 2352 3547; x_wconf 70' lang='grc' dir='ltr'>κηρύκων</span> <span class='ocrx_word' id='word_1_593' title='bbox 2387 3473 2477 3527; x_wconf 89' lang='grc' dir='ltr'>ἀπ’</span> <span class='ocrx_word' id='word_1_594' title='bbox 2505 3472 2684 3548; x_wconf 80' lang='grc' dir='ltr'>ἀρχῆς</span> <span class='ocrx_word' id='word_1_595' title='bbox 2716 3476 2817 3530; x_wconf 75' lang='lat'>86</span> <span class='ocrx_word' id='word_1_596' title='bbox 2866 3472 2924 3528; x_wconf 76' lang='grc' dir='ltr'>ἂν</span> <span class='ocrx_word' id='word_1_597' title='bbox 2975 3473 3050 3535; x_wconf 79' lang='grc' dir='ltr'>εἰς</span> <span class='ocrx_word' id='word_1_598' title='bbox 3100 3472 3299 3535; x_wconf 82' lang='grc' dir='ltr'>πάντας</span> <span class='ocrx_word' id='word_1_599' title='bbox 3343 3473 3566 3547; x_wconf 81' lang='grc' dir='ltr'>ἐγίνετο⁹</span> <span class='ocrx_word' id='word_1_600' title='bbox 3600 3470 3749 3548; x_wconf 76' lang='grc' dir='ltr'>εἷ’περ</span> 
     </span>
    </p>
   </div>
   <div class='ocr_carea' id='block_1_80' title="bbox 2108 3560 3747 3638">
    <p class='ocr_par' dir='ltr' id='par_1_80' title="bbox 2108 3560 3747 3638">
     <span class='ocr_line' id='line_1_80' title="bbox 2108 3560 3747 3638; baseline 0.001 -24"><span class='ocrx_word' id='word_1_601' title='bbox 2108 3560 2195 3615; x_wconf 84' lang='grc' dir='ltr'>ἀπ’</span> <span class='ocrx_word' id='word_1_602' title='bbox 2225 3560 2404 3637; x_wconf 77' lang='grc' dir='ltr'>ἀρχῆς</span> <span class='ocrx_word' id='word_1_603' title='bbox 2438 3561 2512 3623; x_wconf 85' lang='grc' dir='ltr'>εἷς</span> <span class='ocrx_word' id='word_1_604' title='bbox 2546 3561 2816 3638; x_wconf 86' lang='grc' dir='ltr'>σωτηρίαν</span> <span class='ocrx_word' id='word_1_605' title='bbox 2851 3560 3147 3617; x_wconf 77' lang='grc' dir='ltr'>ἐκαλοῦντο</span> <span class='ocrx_word' id='word_1_606' title='bbox 3181 3562 3231 3616; x_wconf 70' lang='grc' dir='ltr'>οἳ</span> <span class='ocrx_word' id='word_1_607' title='bbox 3262 3560 3488 3632; x_wconf 80' lang='grc' dir='ltr'>ἀνάξιοι.</span> <span class='ocrx_word' id='word_1_608' title='bbox 3521 3562 3592 3616; x_wconf 85' lang='grc' dir='ltr'>Τὸ</span> <span class='ocrx_word' id='word_1_609' title='bbox 3646 3562 3747 3638; x_wconf 80' lang='grc' dir='ltr'>γὰρ</span> 
     </span>
    </p>
   </div>
   <div class='ocr_carea' id='block_1_81' title="bbox 2105 3646 3747 3725">
    <p class='ocr_par' dir='ltr' id='par_1_81' title="bbox 2105 3646 3747 3725">
     <span class='ocr_line' id='line_1_81' title="bbox 2105 3646 3747 3725; baseline 0.001 -22"><span class='ocrx_word' id='word_1_610' title='bbox 2105 3653 2196 3703; x_wconf 87' lang='grc' dir='ltr'>νῦν</span> <span class='ocrx_word' id='word_1_611' title='bbox 2238 3649 2525 3724; x_wconf 83' lang='grc' dir='ltr'>γινόμενον</span> <span class='ocrx_word' id='word_1_612' title='bbox 2569 3650 2655 3704; x_wconf 82' lang='grc' dir='ltr'>ὑπ’</span> <span class='ocrx_word' id='word_1_613' title='bbox 2703 3649 2875 3704; x_wconf 81' lang='grc' dir='ltr'>αὐτῶν</span> <span class='ocrx_word' id='word_1_614' title='bbox 2928 3646 3129 3713; x_wconf 74' lang='grc' dir='ltr'>ἀδίκως</span> <span class='ocrx_word' id='word_1_615' title='bbox 3176 3649 3251 3713; x_wconf 71' lang='grc' dir='ltr'>εἷς</span> <span class='ocrx_word' id='word_1_616' title='bbox 3300 3649 3602 3725; x_wconf 85' lang='grc' dir='ltr'>ἀπολογίαν</span> <span class='ocrx_word' id='word_1_617' title='bbox 3647 3657 3747 3720; x_wconf 80' lang='grc' dir='ltr'>τῆς</span> 
     </span>
    </p>
   </div>
   <div class='ocr_carea' id='block_1_82' title="bbox 2106 3736 3751 3813">
    <p class='ocr_par' dir='ltr' id='par_1_82' title="bbox 2106 3736 3751 3813">
     <span class='ocr_line' id='line_1_82' title="bbox 2106 3736 3751 3813; baseline 0.001 -22"><span class='ocrx_word' id='word_1_618' title='bbox 2106 3736 2242 3811; x_wconf 78' lang='grc' dir='ltr'>ἐμῆς</span> <span class='ocrx_word' id='word_1_619' title='bbox 2276 3736 2480 3800; x_wconf 72' lang='grc' dir='ltr'>δικαίας</span> <span class='ocrx_word' id='word_1_620' title='bbox 2526 3736 2731 3813; x_wconf 83' lang='grc' dir='ltr'>γίνεται</span> <span class='ocrx_word' id='word_1_621' title='bbox 2777 3738 3055 3813; x_wconf 79' lang='grc' dir='ltr'>προνοίας,</span> <span class='ocrx_word' id='word_1_622' title='bbox 3088 3738 3169 3793; x_wconf 78' lang='grc' dir='ltr'>ὅτι</span> <span class='ocrx_word' id='word_1_623' title='bbox 3213 3737 3395 3802; x_wconf 85' lang='grc' dir='ltr'>καλῶς</span> <span class='ocrx_word' id='word_1_624' title='bbox 3441 3738 3532 3793; x_wconf 86' lang='grc' dir='ltr'>τὸν</span> <span class='ocrx_word' id='word_1_625' title='bbox 3583 3747 3751 3813; x_wconf 78' lang='grc' dir='ltr'>τιμῆς</span> 
     </span>
    </p>
   </div>
   <div class='ocr_carea' id='block_1_83' title="bbox 2104 3821 3751 3903">
    <p class='ocr_par' dir='ltr' id='par_1_83' title="bbox 2104 3821 3751 3903">
     <span class='ocr_line' id='line_1_83' title="bbox 2104 3821 3751 3903; baseline 0.002 -23"><span class='ocrx_word' id='word_1_626' title='bbox 2104 3826 2248 3896; x_wconf 81' lang='grc' dir='ltr'>ἄξιον</span> <span class='ocrx_word' id='word_1_627' title='bbox 2285 3821 2450 3901; x_wconf 84' lang='grc' dir='ltr'>λόγον</span> <span class='ocrx_word' id='word_1_628' title='bbox 2486 3827 2575 3880; x_wconf 81' lang='grc' dir='ltr'>ἀπ’</span> <span class='ocrx_word' id='word_1_629' title='bbox 2604 3826 2781 3902; x_wconf 80' lang='grc' dir='ltr'>ἀρχῆς</span> <span class='ocrx_word' id='word_1_630' title='bbox 2812 3824 3053 3899; x_wconf 80' lang='grc' dir='ltr'>δημοσίᾳ</span> <span class='ocrx_word' id='word_1_631' title='bbox 3108 3827 3182 3889; x_wconf 84' lang='grc' dir='ltr'>εἷς</span> <span class='ocrx_word' id='word_1_632' title='bbox 3232 3823 3383 3903; x_wconf 76' lang='grc' dir='ltr'>ὕϐριν</span> <span class='ocrx_word' id='word_1_633' title='bbox 3433 3830 3597 3883; x_wconf 84' lang='grc' dir='ltr'>θεῖναι</span> <span class='ocrx_word' id='word_1_634' title='bbox 3652 3828 3751 3883; x_wconf 76' lang='grc' dir='ltr'>οὐκ</span> 
     </span>
    </p>
   </div>
   <div class='ocr_carea' id='block_1_84' title="bbox 2102 3909 3753 3992">
    <p class='ocr_par' dir='ltr' id='par_1_84' title="bbox 2102 3909 3753 3992">
     <span class='ocr_line' id='line_1_84' title="bbox 2102 3909 3753 3992; baseline 0.002 -24"><span class='ocrx_word' id='word_1_635' title='bbox 2102 3909 2420 3985; x_wconf 67' lang='grc' dir='ltr'>ἠϐουλήθην</span> <span class='ocrx_word' id='word_1_636' title='bbox 2448 3916 2493 3951; x_wconf 78' lang='grc'>³⁸</span> <span class='ocrx_word' id='word_1_637' title='bbox 2517 3913 2831 3992; x_wconf 71' lang='grc' dir='ltr'>ἀνωφελῶς,</span> <span class='ocrx_word' id='word_1_638' title='bbox 2875 3913 3020 3971; x_wconf 87' lang='grc' dir='ltr'>ἀλλά</span> <span class='ocrx_word' id='word_1_639' title='bbox 3051 3919 3297 3991; x_wconf 77' lang='grc' dir='ltr'>σιγᾶσθαι</span> <span class='ocrx_word' id='word_1_640' title='bbox 3356 3916 3515 3972; x_wconf 75' lang='grc' dir='ltr'>αὐτὸν</span> <span class='ocrx_word' id='word_1_641' title='bbox 3557 3917 3633 3979; x_wconf 84' lang='grc' dir='ltr'>ὡς</span> <span class='ocrx_word' id='word_1_642' title='bbox 3674 3915 3753 3971; x_wconf 88' lang='grc' dir='ltr'>τί-</span> 
     </span>
    </p>
   </div>
   <div class='ocr_carea' id='block_1_85' title="bbox 2106 3998 3749 4081">
    <p class='ocr_par' dir='ltr' id='par_1_85' title="bbox 2106 3998 3749 4081">
     <span class='ocr_line' id='line_1_85' title="bbox 2106 3998 3749 4081; baseline 0.002 -24"><span class='ocrx_word' id='word_1_643' title='bbox 2106 4024 2227 4076; x_wconf 90' lang='grc' dir='ltr'>μιον</span> <span class='ocrx_word' id='word_1_644' title='bbox 2280 3998 2709 4076; x_wconf 75' lang='grc' dir='ltr'>ἐϐουλευσάμην,</span> <span class='ocrx_word' id='word_1_645' title='bbox 2740 4003 2839 4058; x_wconf 76' lang='grc' dir='ltr'>οὐκ</span> <span class='ocrx_word' id='word_1_646' title='bbox 2887 4004 2994 4059; x_wconf 83' lang='grc' dir='ltr'>ἀπὸ</span> <span class='ocrx_word' id='word_1_647' title='bbox 3039 4009 3146 4059; x_wconf 88' lang='grc' dir='ltr'>τῶν</span> <span class='ocrx_word' id='word_1_648' title='bbox 3200 4006 3287 4059; x_wconf 84' lang='grc' dir='ltr'>ἀπ’</span> <span class='ocrx_word' id='word_1_649' title='bbox 3338 4006 3515 4081; x_wconf 78' lang='grc' dir='ltr'>ἀρχῆς</span> <span class='ocrx_word' id='word_1_650' title='bbox 3564 4006 3749 4076; x_wconf 81' lang='grc' dir='ltr'>ἀξίων,</span> 
     </span>
    </p>
   </div>
   <div class='ocr_carea' id='block_1_86' title="bbox 2101 4090 3748 4166">
    <p class='ocr_par' dir='ltr' id='par_1_86' title="bbox 2101 4090 3748 4166">
     <span class='ocr_line' id='line_1_86' title="bbox 2101 4090 3748 4166; baseline 0.002 -20"><span class='ocrx_word' id='word_1_651' title='bbox 2101 4092 2183 4154; x_wconf 81' lang='grc' dir='ltr'>οἷς</span> <span class='ocrx_word' id='word_1_652' title='bbox 2214 4092 2301 4147; x_wconf 82' lang='grc' dir='ltr'>καὶ</span> <span class='ocrx_word' id='word_1_653' title='bbox 2338 4090 2632 4166; x_wconf 78' lang='grc' dir='ltr'>μετέδωκα,</span> <span class='ocrx_word' id='word_1_654' title='bbox 2666 4091 2791 4147; x_wconf 80' lang='grc' dir='ltr'>ἀλλ’</span> <span class='ocrx_word' id='word_1_655' title='bbox 2820 4092 2926 4147; x_wconf 88' lang='grc' dir='ltr'>ἀπὸ</span> <span class='ocrx_word' id='word_1_656' title='bbox 2955 4093 3161 4148; x_wconf 72' lang='grc' dir='ltr'>τούτων</span> <span class='ocrx_word' id='word_1_657' title='bbox 3191 4094 3280 4148; x_wconf 85' lang='grc' dir='ltr'>καὶ</span> <span class='ocrx_word' id='word_1_658' title='bbox 3309 4099 3414 4149; x_wconf 89' lang='grc' dir='ltr'>τῶν</span> <span class='ocrx_word' id='word_1_659' title='bbox 3462 4095 3748 4165; x_wconf 76' lang='grc' dir='ltr'>τοιούτων,</span> 
     </span>
    </p>
   </div>
   <div class='ocr_carea' id='block_1_87' title="bbox 2100 4179 3752 4258">
    <p class='ocr_par' dir='ltr' id='par_1_87' title="bbox 2100 4179 3752 4258">
     <span class='ocr_line' id='line_1_87' title="bbox 2100 4179 3752 4258; baseline 0.001 -23"><span class='ocrx_word' id='word_1_660' title='bbox 2100 4179 2175 4243; x_wconf 84' lang='grc' dir='ltr'>ὡς</span> <span class='ocrx_word' id='word_1_661' title='bbox 2220 4187 2398 4258; x_wconf 79' lang='grc' dir='ltr'>ὁρᾶτε,</span> <span class='ocrx_word' id='word_1_662' title='bbox 2445 4180 2695 4255; x_wconf 82' lang='grc' dir='ltr'>ἀναξίων,</span> <span class='ocrx_word' id='word_1_663' title='bbox 2744 4185 2853 4236; x_wconf 88' lang='grc' dir='ltr'>τῶν</span> <span class='ocrx_word' id='word_1_664' title='bbox 2891 4180 2987 4255; x_wconf 73' lang='grc' dir='ltr'>ἐμὲ</span> <span class='ocrx_word' id='word_1_665' title='bbox 3041 4181 3343 4255; x_wconf 77' lang='grc' dir='ltr'>μισούντων</span> <span class='ocrx_word' id='word_1_666' title='bbox 3390 4183 3479 4238; x_wconf 85' lang='grc' dir='ltr'>καὶ</span> <span class='ocrx_word' id='word_1_667' title='bbox 3532 4183 3752 4246; x_wconf 71' lang='grc' dir='ltr'>ἑαυτοὺς</span> 
     </span>
    </p>
   </div>
   <div class='ocr_carea' id='block_1_88' title="bbox 2099 4267 3748 4348">
    <p class='ocr_par' dir='ltr' id='par_1_88' title="bbox 2099 4267 3748 4348">
     <span class='ocr_line' id='line_1_88' title="bbox 2099 4267 3748 4348; baseline 0.004 -26"><span class='ocrx_word' id='word_1_668' title='bbox 2099 4270 2277 4347; x_wconf 78' lang='grc' dir='ltr'>φιλεῖν</span> <span class='ocrx_word' id='word_1_669' title='bbox 2333 4271 2409 4342; x_wconf 78' lang='grc' dir='ltr'>μὴ</span> <span class='ocrx_word' id='word_1_670' title='bbox 2460 4267 2839 4344; x_wconf 76' lang='grc' dir='ltr'>βουλομένων.</span> <span class='ocrx_word' id='word_1_671' title='bbox 2877 4270 2975 4325; x_wconf 85' lang='grc' dir='ltr'>Καὶ</span> <span class='ocrx_word' id='word_1_672' title='bbox 3024 4275 3114 4325; x_wconf 88' lang='grc' dir='ltr'>νῦν</span> <span class='ocrx_word' id='word_1_673' title='bbox 3165 4292 3228 4346; x_wconf 90' lang='grc' dir='ltr'>γε</span> <span class='ocrx_word' id='word_1_674' title='bbox 3284 4270 3540 4345; x_wconf 68' lang='grc' dir='ltr'>παρέντες</span> <span class='ocrx_word' id='word_1_675' title='bbox 3587 4271 3748 4348; x_wconf 77' lang='grc' dir='ltr'>γελᾷν</span> 
     </span>
    </p>
   </div>
   <div class='ocr_carea' id='block_1_89' title="bbox 2098 4355 3752 4437">
    <p class='ocr_par' dir='ltr' id='par_1_89' title="bbox 2098 4355 3752 4437">
     <span class='ocr_line' id='line_1_89' title="bbox 2098 4355 3752 4437; baseline 0.001 -24"><span class='ocrx_word' id='word_1_676' title='bbox 2098 4360 2186 4413; x_wconf 86' lang='grc' dir='ltr'>τὸν</span> <span class='ocrx_word' id='word_1_677' title='bbox 2238 4355 2405 4435; x_wconf 79' lang='grc' dir='ltr'>ἄνδρα</span> <span class='ocrx_word' id='word_1_678' title='bbox 2449 4363 2660 4429; x_wconf 88' lang='grc' dir='ltr'>τοῦτον,</span> <span class='ocrx_word' id='word_1_679' title='bbox 2717 4357 2852 4432; x_wconf 87' lang='grc' dir='ltr'>ἐμοῦ</span> <span class='ocrx_word' id='word_1_680' title='bbox 2899 4359 3035 4434; x_wconf 88' lang='grc' dir='ltr'>πρὸς</span> <span class='ocrx_word' id='word_1_681' title='bbox 3081 4359 3145 4415; x_wconf 86' lang='grc' dir='ltr'>τὸ</span> <span class='ocrx_word' id='word_1_682' title='bbox 3190 4358 3388 4414; x_wconf 80' lang='grc' dir='ltr'>τούτου</span> <span class='ocrx_word' id='word_1_683' title='bbox 3437 4359 3752 4437; x_wconf 83' lang='grc' dir='ltr'>ἐπάγγελμα</span> 
     </span>
    </p>
   </div>
   <div class='ocr_carea' id='block_1_90' title="bbox 2096 4446 3748 4523">
    <p class='ocr_par' dir='ltr' id='par_1_90' title="bbox 2096 4446 3748 4523">
     <span class='ocr_line' id='line_1_90' title="bbox 2096 4446 3748 4523; baseline 0.001 -20"><span class='ocrx_word' id='word_1_684' title='bbox 2096 4447 2441 4520; x_wconf 78' lang='grc' dir='ltr'>πυνθάνεσθε,</span> <span class='ocrx_word' id='word_1_685' title='bbox 2474 4448 2508 4516; x_wconf 72' lang='grc' dir='ltr'>ἢ</span> <span class='ocrx_word' id='word_1_686' title='bbox 2542 4448 2933 4521; x_wconf 65' lang='grc' dir='ltr'>πυνθανομένῳ</span> <span class='ocrx_word' id='word_1_687' title='bbox 2969 4469 3062 4521; x_wconf 92' lang='grc' dir='ltr'>μοι</span> <span class='ocrx_word' id='word_1_688' title='bbox 3094 4452 3138 4486; x_wconf 74' lang='grc'>³9</span> <span class='ocrx_word' id='word_1_689' title='bbox 3167 4452 3194 4502; x_wconf 75' lang='grc' dir='ltr'><strong>ὁ</strong></span> <span class='ocrx_word' id='word_1_690' title='bbox 3231 4446 3566 4523; x_wconf 83' lang='grc' dir='ltr'>βουλόμενος</span> <span class='ocrx_word' id='word_1_691' title='bbox 3614 4450 3748 4504; x_wconf 85' lang='grc' dir='ltr'>ἀπο-</span> 
     </span>
    </p>
   </div>
   <div class='ocr_carea' id='block_1_91' title="bbox 2098 4535 3752 4616">
    <p class='ocr_par' dir='ltr' id='par_1_91' title="bbox 2098 4535 3752 4616">
     <span class='ocr_line' id='line_1_91' title="bbox 2098 4535 3752 4616; baseline 0.001 -24"><span class='ocrx_word' id='word_1_692' title='bbox 2098 4535 2386 4612; x_wconf 84' lang='grc' dir='ltr'>κρινάσθω.</span> <span class='ocrx_word' id='word_1_693' title='bbox 2416 4537 2511 4592; x_wconf 83' lang='grc' dir='ltr'>Καὶ</span> <span class='ocrx_word' id='word_1_694' title='bbox 2537 4538 2612 4611; x_wconf 80' lang='grc' dir='ltr'>μὴ</span> <span class='ocrx_word' id='word_1_695' title='bbox 2648 4539 2694 4575; x_wconf 75' lang='grc' dir='ltr'>⁸ο</span> <span class='ocrx_word' id='word_1_696' title='bbox 2726 4536 2800 4600; x_wconf 85' lang='grc' dir='ltr'>ὡς</span> <span class='ocrx_word' id='word_1_697' title='bbox 2832 4535 3081 4614; x_wconf 84' lang='grc' dir='ltr'>ἀσελγεῖς</span> <span class='ocrx_word' id='word_1_698' title='bbox 3111 4537 3265 4601; x_wconf 57' lang='grc' dir='ltr'>κύνες</span> <span class='ocrx_word' id='word_1_699' title='bbox 3296 4536 3573 4609; x_wconf 80' lang='grc' dir='ltr'>ὑλάσσετε,</span> <span class='ocrx_word' id='word_1_700' title='bbox 3592 4536 3752 4616; x_wconf 80' lang='grc' dir='ltr'>ψόφῳ</span> 
     </span>
    </p>
   </div>
   <div class='ocr_carea' id='block_1_92' title="bbox 1701 4761 2387 4821">
    <p class='ocr_par' dir='ltr' id='par_1_92' title="bbox 1701 4761 2387 4821">
     <span class='ocr_line' id='line_1_92' title="bbox 1701 4761 2387 4821; baseline 0.001 -4"><span class='ocrx_word' id='word_1_701' title='bbox 1701 4761 1941 4821; x_wconf 69' lang='grc' dir='ltr'>νΑΒιΑι</span> <span class='ocrx_word' id='word_1_702' title='bbox 1978 4761 2387 4820; x_wconf 83' lang='lat' dir='ltr'>LECTIONES.</span> 
     </span>
    </p>
   </div>
   <div class='ocr_carea' id='block_1_93' title="bbox 415 4934 1311 5011">
    <p class='ocr_par' dir='ltr' id='par_1_93' title="bbox 415 4934 1311 5011">
     <span class='ocr_line' id='line_1_93' title="bbox 415 4934 1311 5011; baseline 0.007 -21"><span class='ocrx_word' id='word_1_703' title='bbox 415 4936 460 4973; x_wconf 64' lang='grc'>³⁸</span> <span class='ocrx_word' id='word_1_704' title='bbox 492 4934 679 5011; x_wconf 81' lang='grc' dir='ltr'>λόγοις</span> <span class='ocrx_word' id='word_1_705' title='bbox 735 4938 1077 5011; x_wconf 83' lang='lat' dir='ltr'>transcripsi</span> <span class='ocrx_word' id='word_1_706' title='bbox 1133 4956 1202 4995; x_wconf 89' lang='lat' dir='ltr'>ex</span> <span class='ocrx_word' id='word_1_707' title='bbox 1246 4942 1311 5011; x_wconf 87' lang='grc' dir='ltr'>Ο,</span> 
     </span>
    </p>
   </div>
   <div class='ocr_carea' id='block_1_94' title="bbox 344 5009 1747 5079">
    <p class='ocr_par' dir='ltr' id='par_1_94' title="bbox 344 5009 1747 5079">
     <span class='ocr_line' id='line_1_94' title="bbox 344 5009 1747 5079; baseline 0.001 -15"><span class='ocrx_word' id='word_1_708' title='bbox 344 5010 493 5065; x_wconf 89' lang='lat' dir='ltr'>Tum</span> <span class='ocrx_word' id='word_1_709' title='bbox 524 5009 1027 5079; x_wconf 15' lang='grc' dir='ltr'>πάνταίὸντινανοῦν</span> <span class='ocrx_word' id='word_1_710' title='bbox 1069 5017 1127 5079; x_wconf 69' lang='grc'>(3,</span> <span class='ocrx_word' id='word_1_711' title='bbox 1186 5010 1357 5064; x_wconf 76' lang='grc' dir='ltr'>πάντα</span> <span class='ocrx_word' id='word_1_712' title='bbox 1388 5009 1661 5065; x_wconf 72' lang='grc' dir='ltr'>ὁντιναοῦν</span> <span class='ocrx_word' id='word_1_713' title='bbox 1694 5010 1747 5065; x_wconf 92' lang='lat' dir='ltr'>S.</span> 
     </span>
    </p>
   </div>
   <div class='ocr_carea' id='block_1_95' title="bbox 1414 4935 3748 5022">
    <p class='ocr_par' dir='ltr' id='par_1_95' title="bbox 1414 4935 3748 5022">
     <span class='ocr_line' id='line_1_95' title="bbox 1414 4935 3748 5022; baseline -0.001 -28"><span class='ocrx_word' id='word_1_714' title='bbox 1414 4955 1486 4994; x_wconf 91' lang='lat' dir='ltr'>uo</span> <span class='ocrx_word' id='word_1_715' title='bbox 1518 4937 1577 4993; x_wconf 92' lang='lat' dir='ltr'>Si</span> <span class='ocrx_word' id='word_1_716' title='bbox 1604 4940 1973 5022; x_wconf 57' lang='lat' dir='ltr'>_copjectu§a</span> <span class='ocrx_word' id='word_1_717' title='bbox 2004 4935 2200 5022; x_wconf 43' lang='lat' dir='ltr'>eam;</span> <span class='ocrx_word' id='word_1_718' title='bbox 2226 4935 2318 4992; x_wconf 78' lang='grc' dir='ltr'>καὶ</span> <span class='ocrx_word' id='word_1_719' title='bbox 2344 4935 2697 5022; x_wconf 72' lang='grc' dir='ltr'>ἀπανούργως</span> <span class='ocrx_word' id='word_1_720' title='bbox 2728 4938 3319 5022; x_wconf 61' lang='lat' dir='ltr'>superﬂuaredditur</span> <span class='ocrx_word' id='word_1_721' title='bbox 3346 4937 3429 5022; x_wconf 65' lang='lat' dir='ltr'>Cf.</span> <span class='ocrx_word' id='word_1_722' title='bbox 3465 4938 3585 5022; x_wconf 45' lang='lat' dir='ltr'>RAec.</span> <span class='ocrx_word' id='word_1_723' title='bbox 3623 4955 3671 5021; x_wconf 40' lang='grc' dir='ltr'>τε</span> <span class='ocrx_word' id='word_1_724' title='bbox 3691 4937 3748 4992; x_wconf 86' lang='grc'>9.</span> 
     </span>
    </p>
   </div>
   <div class='ocr_carea' id='block_1_96' title="bbox 1824 5006 3751 5082">
    <p class='ocr_par' dir='ltr' id='par_1_96' title="bbox 1824 5006 3751 5082">
     <span class='ocr_line' id='line_1_96' title="bbox 1824 5006 3751 5082; baseline 0 -19"><span class='ocrx_word' id='word_1_725' title='bbox 1824 5012 1868 5045; x_wconf 74' lang='grc' dir='ltr'>³ο</span> <span class='ocrx_word' id='word_1_726' title='bbox 1902 5006 2231 5082; x_wconf 87' lang='grc' dir='ltr'>βουλόμενοι</span> <span class='ocrx_word' id='word_1_727' title='bbox 2260 5010 2511 5082; x_wconf 82' lang='lat' dir='ltr'>conjecit</span> <span class='ocrx_word' id='word_1_728' title='bbox 2556 5006 2939 5082; x_wconf 78' lang='lat' dir='ltr'>amanuensis</span> <span class='ocrx_word' id='word_1_729' title='bbox 2986 5011 3057 5066; x_wconf 91' lang='lat' dir='ltr'>ad</span> <span class='ocrx_word' id='word_1_730' title='bbox 3091 5027 3250 5065; x_wconf 91' lang='lat' dir='ltr'>oram</span> <span class='ocrx_word' id='word_1_731' title='bbox 3311 5011 3437 5082; x_wconf 85' lang='lat' dir='ltr'>cod.</span> <span class='ocrx_word' id='word_1_732' title='bbox 3481 5015 3545 5082; x_wconf 92' lang='lat' dir='ltr'>O_,</span> <span class='ocrx_word' id='word_1_733' title='bbox 3581 5011 3751 5082; x_wconf 83' lang='lat' dir='ltr'>cujus</span> 
     </span>
    </p>
   </div>
   <div class='ocr_carea' id='block_1_97' title="bbox 343 5078 3749 5154">
    <p class='ocr_par' dir='ltr' id='par_1_97' title="bbox 343 5078 3749 5154">
     <span class='ocr_line' id='line_1_97' title="bbox 343 5078 3749 5154; baseline -0.001 -19"><span class='ocrx_word' id='word_1_734' title='bbox 343 5084 535 5154; x_wconf 64' lang='lat' dir='ltr'>textus</span> <span class='ocrx_word' id='word_1_735' title='bbox 599 5078 984 5154; x_wconf 55' lang='lat' dir='ltr'>Boolouévn&lt;,_</span> <span class='ocrx_word' id='word_1_736' title='bbox 1021 5086 1084 5137; x_wconf 92' lang='lat' dir='ltr'>ut</span> <span class='ocrx_word' id='word_1_737' title='bbox 1115 5078 1197 5137; x_wconf 28' lang='lat' dir='ltr'>&#39;C.</span> <span class='ocrx_word' id='word_1_738' title='bbox 1257 5082 1481 5138; x_wconf 87' lang='lat' dir='ltr'>Ibidem</span> <span class='ocrx_word' id='word_1_739' title='bbox 1537 5079 1675 5153; x_wconf 80' lang='grc' dir='ltr'>πρὸς</span> <span class='ocrx_word' id='word_1_740' title='bbox 1725 5082 1805 5154; x_wconf 70' lang='grc' dir='ltr'>τῷ</span> <span class='ocrx_word' id='word_1_741' title='bbox 1859 5078 1911 5137; x_wconf 81' lang='grc' dir='ltr'>Ο’</span> <span class='ocrx_word' id='word_1_742' title='bbox 1961 5085 2017 5154; x_wconf 74' lang='lat' dir='ltr'>et</span> <span class='ocrx_word' id='word_1_743' title='bbox 2062 5078 2102 5154; x_wconf 90' lang='lat' dir='ltr'>S</span> <span class='ocrx_word' id='word_1_744' title='bbox 2134 5098 2181 5136; x_wconf 83' lang='grc' dir='ltr'>ο.</span> <span class='ocrx_word' id='word_1_745' title='bbox 2216 5078 2387 5154; x_wconf 60' lang='grc' dir='ltr'>Ερῖζ.,</span> <span class='ocrx_word' id='word_1_746' title='bbox 2419 5080 2555 5154; x_wconf 84' lang='grc' dir='ltr'>πρὸς</span> <span class='ocrx_word' id='word_1_747' title='bbox 2585 5079 2648 5135; x_wconf 81' lang='grc' dir='ltr'>τό</span> <span class='ocrx_word' id='word_1_748' title='bbox 2676 5086 2739 5154; x_wconf 53' lang='lat' dir='ltr'>t3,</span> <span class='ocrx_word' id='word_1_749' title='bbox 2814 5082 2860 5117; x_wconf 81' lang='grc' dir='ltr'>³ο</span> <span class='ocrx_word' id='word_1_750' title='bbox 2889 5083 2973 5137; x_wconf 88' lang='lat' dir='ltr'>Ita</span> <span class='ocrx_word' id='word_1_751' title='bbox 3001 5082 3328 5154; x_wconf 27' lang='lat' dir='ltr'>0c._‘Epit.,</span> <span class='ocrx_word' id='word_1_752' title='bbox 3362 5079 3526 5154; x_wconf 13' lang='grc' dir='ltr'>εἷῗκαί</span> <span class='ocrx_word' id='word_1_753' title='bbox 3557 5086 3615 5147; x_wconf 85' lang='lat' dir='ltr'>C,</span> <span class='ocrx_word' id='word_1_754' title='bbox 3648 5079 3749 5151; x_wconf 89' lang='lat' dir='ltr'>qui</span> 
     </span>
    </p>
   </div>
   <div class='ocr_carea' id='block_1_98' title="bbox 348 5149 3753 5227">
    <p class='ocr_par' dir='ltr' id='par_1_98' title="bbox 348 5149 3753 5227">
     <span class='ocr_line' id='line_1_98' title="bbox 348 5149 3753 5227; baseline 0.001 -23"><span class='ocrx_word' id='word_1_755' title='bbox 348 5149 542 5204; x_wconf 78' lang='grc' dir='ltr'>εἶκαῖοι</span> <span class='ocrx_word' id='word_1_756' title='bbox 569 5149 719 5227; x_wconf 51' lang='lat' dir='ltr'>coni.</span> <span class='ocrx_word' id='word_1_757' title='bbox 777 5149 838 5227; x_wconf 51' lang='grc' dir='ltr'>ἐξ</span> <span class='ocrx_word' id='word_1_758' title='bbox 875 5149 1387 5227; x_wconf 37' lang='lat' dir='ltr'>falibchaccessit</span> <span class='ocrx_word' id='word_1_759' title='bbox 1441 5169 1510 5207; x_wconf 81' lang='lat' dir='ltr'>ex</span> <span class='ocrx_word' id='word_1_760' title='bbox 1556 5149 1600 5207; x_wconf 89' lang='grc' dir='ltr'>Ο</span> <span class='ocrx_word' id='word_1_761' title='bbox 1631 5155 1714 5227; x_wconf 86' lang='lat' dir='ltr'>_et</span> <span class='ocrx_word' id='word_1_762' title='bbox 1763 5149 1913 5227; x_wconf 55' lang='lat' dir='ltr'>Epit.</span> <span class='ocrx_word' id='word_1_763' title='bbox 1969 5152 2190 5227; x_wconf 77' lang='lat' dir='ltr'>Deinde</span> <span class='ocrx_word' id='word_1_764' title='bbox 2217 5149 2402 5227; x_wconf 74' lang='grc' dir='ltr'>πολλὰ</span> <span class='ocrx_word' id='word_1_765' title='bbox 2429 5149 2529 5227; x_wconf 63' lang='grc' dir='ltr'>γάρ</span> <span class='ocrx_word' id='word_1_766' title='bbox 2558 5152 2685 5227; x_wconf 77' lang='grc' dir='ltr'>παρ’</span> <span class='ocrx_word' id='word_1_767' title='bbox 2719 5151 2868 5222; x_wconf 89' lang='grc' dir='ltr'>ὑμῶν</span> <span class='ocrx_word' id='word_1_768' title='bbox 3044 5153 3090 5186; x_wconf 79' lang='grc'>³³</span> <span class='ocrx_word' id='word_1_769' title='bbox 3121 5149 3229 5227; x_wconf 70' lang='grc' dir='ltr'>ἔστι</span> <span class='ocrx_word' id='word_1_770' title='bbox 3261 5158 3328 5209; x_wconf 88' lang='grc'>0.</span> <span class='ocrx_word' id='word_1_771' title='bbox 3405 5153 3451 5186; x_wconf 79' lang='grc'>³³</span> <span class='ocrx_word' id='word_1_772' title='bbox 3483 5153 3565 5207; x_wconf 86' lang='lat' dir='ltr'>lta</span> <span class='ocrx_word' id='word_1_773' title='bbox 3594 5149 3753 5227; x_wconf 38' lang='lat' dir='ltr'>0__et</span> 
     </span>
    </p>
   </div>
   <div class='ocr_carea' id='block_1_99' title="bbox 346 5218 3746 5295">
    <p class='ocr_par' dir='ltr' id='par_1_99' title="bbox 346 5218 3746 5295">
     <span class='ocr_line' id='line_1_99' title="bbox 346 5218 3746 5295; baseline 0 -18"><span class='ocrx_word' id='word_1_774' title='bbox 346 5227 381 5277; x_wconf 89' lang='lat' dir='ltr'>S</span> <span class='ocrx_word' id='word_1_775' title='bbox 412 5218 745 5295; x_wconf 69' lang='lat' dir='ltr'>auctoreD,</span> <span class='ocrx_word' id='word_1_776' title='bbox 773 5223 839 5295; x_wconf 52' lang='lat' dir='ltr'>ei</span> <span class='ocrx_word' id='word_1_777' title='bbox 871 5218 927 5295; x_wconf 78' lang='grc' dir='ltr'>δέ</span> <span class='ocrx_word' id='word_1_778' title='bbox 959 5229 1017 5278; x_wconf 76' lang='grc'>0.</span> <span class='ocrx_word' id='word_1_779' title='bbox 1093 5224 1138 5259; x_wconf 75' lang='grc'>⁸⁴</span> <span class='ocrx_word' id='word_1_780' title='bbox 1172 5226 1253 5280; x_wconf 86' lang='lat' dir='ltr'>Ita</span> <span class='ocrx_word' id='word_1_781' title='bbox 1282 5225 1319 5279; x_wconf 91' lang='lat' dir='ltr'><strong>S</strong></span> <span class='ocrx_word' id='word_1_782' title='bbox 1367 5229 1599 5279; x_wconf 90' lang='lat' dir='ltr'>auctore</span> <span class='ocrx_word' id='word_1_783' title='bbox 1630 5218 1891 5295; x_wconf 38' lang='grc' dir='ltr'>Βηεῗδὼς</span> <span class='ocrx_word' id='word_1_784' title='bbox 1939 5228 1999 5295; x_wconf 80' lang='lat' dir='ltr'>C,</span> <span class='ocrx_word' id='word_1_785' title='bbox 2030 5224 2225 5295; x_wconf 87' lang='lat' dir='ltr'>deest</span> <span class='ocrx_word' id='word_1_786' title='bbox 2250 5292 2258 5295; x_wconf 79' lang='lat'><strong><em>_</em></strong></span> <span class='ocrx_word' id='word_1_787' title='bbox 2280 5224 2340 5280; x_wconf 90' lang='lat' dir='ltr'>in</span> <span class='ocrx_word' id='word_1_788' title='bbox 2398 5218 2464 5295; x_wconf 65' lang='lat'>0&#39;,</span> <span class='ocrx_word' id='word_1_789' title='bbox 2500 5218 2581 5295; x_wconf 77' lang='lat' dir='ltr'>et</span> <span class='ocrx_word' id='word_1_790' title='bbox 2628 5218 2854 5295; x_wconf 77' lang='lat' dir='ltr'>absque</span> <span class='ocrx_word' id='word_1_791' title='bbox 2884 5224 3098 5295; x_wconf 86' lang='lat' dir='ltr'>damno</span> <span class='ocrx_word' id='word_1_792' title='bbox 3129 5225 3334 5295; x_wconf 80' lang='lat' dir='ltr'>deesse</span> <span class='ocrx_word' id='word_1_793' title='bbox 3365 5229 3572 5295; x_wconf 85' lang='lat' dir='ltr'>potest.</span> <span class='ocrx_word' id='word_1_794' title='bbox 3608 5223 3704 5295; x_wconf 69' lang='lat' dir='ltr'>Ep.</span> <span class='ocrx_word' id='word_1_795' title='bbox 3732 5237 3746 5278; x_wconf 86' lang='lat'><strong>:</strong></span> 
     </span>
    </p>
   </div>
   <div class='ocr_carea' id='block_1_100' title="bbox 345 5290 3749 5369">
    <p class='ocr_par' dir='ltr' id='par_1_100' title="bbox 345 5290 3749 5369">
     <span class='ocr_line' id='line_1_100' title="bbox 345 5290 3749 5369; baseline 0 -23"><span class='ocrx_word' id='word_1_796' title='bbox 345 5313 397 5348; x_wconf 89' lang='grc' dir='ltr'>κ.</span> <span class='ocrx_word' id='word_1_797' title='bbox 430 5313 523 5367; x_wconf 87' lang='grc' dir='ltr'>πρ.</span> <span class='ocrx_word' id='word_1_798' title='bbox 559 5290 749 5369; x_wconf 67' lang='grc' dir='ltr'>Δεἰδὼς</span> <span class='ocrx_word' id='word_1_799' title='bbox 801 5293 1031 5369; x_wconf 57' lang='grc' dir='ltr'>ἑκάστῳἶ</span> <span class='ocrx_word' id='word_1_800' title='bbox 1089 5296 1175 5350; x_wconf 86' lang='lat' dir='ltr'>Ad</span> <span class='ocrx_word' id='word_1_801' title='bbox 1226 5312 1402 5369; x_wconf 60' lang='grc' dir='ltr'>οῐςδπῐιΔ</span> <span class='ocrx_word' id='word_1_802' title='bbox 1434 5295 1560 5369; x_wconf 85' lang='lat' dir='ltr'>cod.</span> <span class='ocrx_word' id='word_1_803' title='bbox 1595 5292 1831 5369; x_wconf 48' lang='lat' dir='ltr'>“haec</span> <span class='ocrx_word' id='word_1_804' title='bbox 1870 5290 2141 5369; x_wconf 43' lang='lat' dir='ltr'>_sch:0lia:</span> <span class='ocrx_word' id='word_1_805' title='bbox 2190 5292 2360 5355; x_wconf 85' lang='grc' dir='ltr'>πάσας</span> <span class='ocrx_word' id='word_1_806' title='bbox 2403 5290 2514 5369; x_wconf 20' lang='grc' dir='ltr'>τὰς*</span> <span class='ocrx_word' id='word_1_807' title='bbox 2551 5290 2835 5369; x_wconf 34' lang='grc' dir='ltr'>ἐσομένας*</span> <span class='ocrx_word' id='word_1_808' title='bbox 2860 5294 2967 5369; x_wconf 87' lang='grc' dir='ltr'>πρὸ</span> <span class='ocrx_word' id='word_1_809' title='bbox 2997 5291 3313 5369; x_wconf 80' lang='grc' dir='ltr'>καταοολῆς</span> <span class='ocrx_word' id='word_1_810' title='bbox 3341 5290 3749 5369; x_wconf 35' lang='grc' dir='ltr'>κόσμου-εἰδὼς</span> 
     </span>
    </p>
   </div>
   <div class='ocr_carea' id='block_1_101' title="bbox 348 5359 3754 5441">
    <p class='ocr_par' dir='ltr' id='par_1_101' title="bbox 348 5359 3754 5441">
     <span class='ocr_line' id='line_1_101' title="bbox 348 5359 3754 5441; baseline -0 -24"><span class='ocrx_word' id='word_1_811' title='bbox 348 5359 690 5441; x_wconf 69' lang='grc' dir='ltr'>προαιρέσεις</span> <span class='ocrx_word' id='word_1_812' title='bbox 730 5364 913 5441; x_wconf 34' lang='grc' dir='ltr'>ῥΘιεὸς</span> <span class='ocrx_word' id='word_1_813' title='bbox 945 5359 1152 5441; x_wconf 64' lang='grc' dir='ltr'>ἑκάστω</span> <span class='ocrx_word' id='word_1_814' title='bbox 1189 5363 1325 5441; x_wconf 82' lang='grc' dir='ltr'>πρὸς</span> <span class='ocrx_word' id='word_1_815' title='bbox 1353 5364 1415 5441; x_wconf 60' lang='grc' dir='ltr'>τό</span> <span class='ocrx_word' id='word_1_816' title='bbox 1459 5362 1623 5441; x_wconf 76' lang='grc' dir='ltr'>αὐτοῦ</span> <span class='ocrx_word' id='word_1_817' title='bbox 1655 5359 1817 5441; x_wconf 41' lang='grc' dir='ltr'>,ἄξιον</span> <span class='ocrx_word' id='word_1_818' title='bbox 1869 5361 2252 5441; x_wconf 25' lang='grc' dir='ltr'>λανθανόντωᾳς-</span> <span class='ocrx_word' id='word_1_819' title='bbox 2297 5359 2737 5441; x_wconf 70' lang='grc' dir='ltr'>προαπήντησεν.</span> <span class='ocrx_word' id='word_1_820' title='bbox 2797 5367 2863 5441; x_wconf 79' lang='lat' dir='ltr'>Et.</span> <span class='ocrx_word' id='word_1_821' title='bbox 2905 5359 2977 5441; x_wconf 69' lang='lat' dir='ltr'>&#39;ex_</span> <span class='ocrx_word' id='word_1_822' title='bbox 3021 5359 3302 5441; x_wconf 62' lang='lat' dir='ltr'>adverse:</span> <span class='ocrx_word' id='word_1_823' title='bbox 3361 5359 3491 5426; x_wconf 75' lang='grc' dir='ltr'>Θεὸς</span> <span class='ocrx_word' id='word_1_824' title='bbox 3547 5361 3754 5441; x_wconf 71' lang='grc' dir='ltr'>ἀπολο-</span> 
     </span>
    </p>
   </div>
   <div class='ocr_carea' id='block_1_102' title="bbox 344 5433 3749 5543">
    <p class='ocr_par' dir='ltr' id='par_1_102' title="bbox 344 5433 3749 5543">
     <span class='ocr_line' id='line_1_102' title="bbox 344 5433 3749 5543; baseline -0 -55"><span class='ocrx_word' id='word_1_825' title='bbox 344 5433 612 5511; x_wconf 67' lang='grc' dir='ltr'>γούμενος</span> <span class='ocrx_word' id='word_1_826' title='bbox 644 5434 694 5488; x_wconf 83' lang='grc' dir='ltr'>ἐν</span> <span class='ocrx_word' id='word_1_827' title='bbox 727 5434 907 5517; x_wconf 71' lang='grc' dir='ltr'>ᾑμέρᾳ</span> <span class='ocrx_word' id='word_1_828' title='bbox 933 5442 1034 5504; x_wconf 81' lang='grc' dir='ltr'>τῆς</span> <span class='ocrx_word' id='word_1_829' title='bbox 1063 5433 1289 5510; x_wconf 73' lang='grc' dir='ltr'>κρίσεως</span> <span class='ocrx_word' id='word_1_830' title='bbox 1319 5435 1455 5508; x_wconf 85' lang='grc' dir='ltr'>πρὸς</span> <span class='ocrx_word' id='word_1_831' title='bbox 1484 5433 1613 5496; x_wconf 77' lang='grc' dir='ltr'>τοὺς</span> <span class='ocrx_word' id='word_1_832' title='bbox 1644 5433 1917 5497; x_wconf 81' lang='grc' dir='ltr'>ἀπίστους.</span> <span class='ocrx_word' id='word_1_833' title='bbox 1994 5437 2039 5473; x_wconf 74' lang='grc'>⁸⁵</span> <span class='ocrx_word' id='word_1_834' title='bbox 2068 5440 2165 5490; x_wconf 89' lang='grc' dir='ltr'>τοῦ</span> <span class='ocrx_word' id='word_1_835' title='bbox 2199 5436 2320 5511; x_wconf 89' lang='grc' dir='ltr'>βίου</span> <span class='ocrx_word' id='word_1_836' title='bbox 2342 5433 2527 5493; x_wconf 69' lang='lat' dir='ltr'>&#39;vertit</span> <span class='ocrx_word' id='word_1_837' title='bbox 2556 5433 2616 5503; x_wconf 76' lang='lat' dir='ltr'>C,</span> <span class='ocrx_word' id='word_1_838' title='bbox 2641 5438 2810 5543; x_wconf 62' lang='lat' dir='ltr'>quasi</span> <span class='ocrx_word' id='word_1_839' title='bbox 2862 5437 3100 5508; x_wconf 80' lang='lat' dir='ltr'>perinde</span> <span class='ocrx_word' id='word_1_840' title='bbox 3149 5446 3299 5494; x_wconf 83' lang='lat' dir='ltr'>esset</span> <span class='ocrx_word' id='word_1_841' title='bbox 3348 5454 3414 5493; x_wconf 88' lang='lat' dir='ltr'>ac</span> <span class='ocrx_word' id='word_1_842' title='bbox 3462 5440 3559 5490; x_wconf 85' lang='grc' dir='ltr'>τοῦ</span> <span class='ocrx_word' id='word_1_843' title='bbox 3616 5434 3749 5489; x_wconf 81' lang='grc' dir='ltr'>αἰῶ-</span> 
     </span>
     <span class='ocr_line' id='line_1_103' title="bbox 344 5506 3746 5543; baseline 0 0"><span class='ocrx_word' id='word_1_844' title='bbox 344 5528 434 5543; x_wconf 69' lang='grc' dir='ltr'>..ηρ</span> <span class='ocrx_word' id='word_1_845' title='bbox 491 5512 775 5543; x_wconf 60' lang='grc' dir='ltr'>αοηιοηιιει</span> <span class='ocrx_word' id='word_1_846' title='bbox 812 5509 1139 5543; x_wconf 64' lang='grc' dir='ltr'>ηηριιιιηηιο</span> <span class='ocrx_word' id='word_1_847' title='bbox 1199 5511 1295 5543; x_wconf 65' lang='lat' dir='ltr'>una</span> <span class='ocrx_word' id='word_1_848' title='bbox 1332 5509 1455 5543; x_wconf 70' lang='grc' dir='ltr'>αςηο</span> <span class='ocrx_word' id='word_1_849' title='bbox 1488 5506 1750 5543; x_wconf 72' lang='grc' dir='ltr'>ονοτηηιη</span> <span class='ocrx_word' id='word_1_850' title='bbox 1806 5508 1956 5543; x_wconf 71' lang='grc' dir='ltr'>ηηΛΑ</span> <span class='ocrx_word' id='word_1_851' title='bbox 1992 5508 2225 5543; x_wconf 68' lang='grc' dir='ltr'>ηηςμιονη</span> <span class='ocrx_word' id='word_1_852' title='bbox 2263 5508 2439 5543; x_wconf 57' lang='lat' dir='ltr'>gntum</span> <span class='ocrx_word' id='word_1_853' title='bbox 2474 5508 2529 5543; x_wconf 76' lang='lat' dir='ltr'>nl</span> <span class='ocrx_word' id='word_1_854' title='bbox 2634 5509 2654 5543; x_wconf 88' lang='lat'><strong>3</strong></span> <span class='ocrx_word' id='word_1_855' title='bbox 2728 5506 2774 5543; x_wconf 61' lang='lat' dir='ltr'>nt</span> <span class='ocrx_word' id='word_1_856' title='bbox 2829 5513 2868 5543; x_wconf 71' lang='grc' dir='ltr'>ρ</span> <span class='ocrx_word' id='word_1_857' title='bbox 2940 5510 3089 5543; x_wconf 66' lang='grc' dir='ltr'>ηιππι</span> <span class='ocrx_word' id='word_1_858' title='bbox 3137 5510 3175 5543; x_wconf 76' lang='lat' dir='ltr'><strong>Q</strong></span> <span class='ocrx_word' id='word_1_859' title='bbox 3230 5514 3380 5543; x_wconf 66' lang='lat' dir='ltr'>nor-In</span> <span class='ocrx_word' id='word_1_860' title='bbox 3413 5507 3659 5543; x_wconf 53' lang='lat' dir='ltr'>mutauit</span> <span class='ocrx_word' id='word_1_861' title='bbox 3692 5508 3746 5543; x_wconf 78' lang='lat' dir='ltr'>in</span> 
     </span>
    </p>
   </div>
   <div class='ocr_carea' id='block_1_103' title="bbox 342 5506 2555 5580">
    <p class='ocr_par' dir='ltr' id='par_1_103' title="bbox 342 5506 2555 5580">
     <span class='ocr_line' id='line_1_104' title="bbox 342 5506 2555 5580; baseline 0 -18"><span class='ocrx_word' id='word_1_862' title='bbox 342 5506 459 5580; x_wconf 69' lang='grc' dir='ltr'>νος,</span> <span class='ocrx_word' id='word_1_863' title='bbox 491 5507 780 5563; x_wconf 83' lang='lat' dir='ltr'>sententia</span> <span class='ocrx_word' id='word_1_864' title='bbox 812 5506 1160 5578; x_wconf 77' lang='lat' dir='ltr'>postulante,</span> <span class='ocrx_word' id='word_1_865' title='bbox 1199 5511 1298 5563; x_wconf 86' lang='lat' dir='ltr'>sed</span> <span class='ocrx_word' id='word_1_866' title='bbox 1331 5506 1772 5580; x_wconf 32' lang='lat' dir='ltr'>sine-exemplo,</span> <span class='ocrx_word' id='word_1_867' title='bbox 1806 5508 1960 5579; x_wconf 92' lang='lat' dir='ltr'>quod</span> <span class='ocrx_word' id='word_1_868' title='bbox 1992 5506 2228 5580; x_wconf 85' lang='lat' dir='ltr'>quidem</span> <span class='ocrx_word' id='word_1_869' title='bbox 2262 5508 2443 5580; x_wconf 87' lang='lat' dir='ltr'>sciam</span> <span class='ocrx_word' id='word_1_870' title='bbox 2474 5508 2555 5563; x_wconf 91' lang='lat' dir='ltr'>Cl.</span> 
     </span>
    </p>
   </div>
   <div class='ocr_carea' id='block_1_104' title="bbox 2727 5506 3749 5579">
    <p class='ocr_par' dir='ltr' id='par_1_104' title="bbox 2727 5506 3749 5579">
     <span class='ocr_line' id='line_1_105' title="bbox 2727 5506 3749 5579; baseline 0 -19"><span class='ocrx_word' id='word_1_871' title='bbox 2727 5506 2779 5560; x_wconf 78' lang='lat' dir='ltr'>oi</span> <span class='ocrx_word' id='word_1_872' title='bbox 2829 5506 2887 5578; x_wconf 52' lang='grc' dir='ltr'>Ο,</span> <span class='ocrx_word' id='word_1_873' title='bbox 2940 5510 3092 5579; x_wconf 91' lang='lat' dir='ltr'>quod</span> <span class='ocrx_word' id='word_1_874' title='bbox 3137 5510 3195 5565; x_wconf 92' lang='lat' dir='ltr'>S.</span> <span class='ocrx_word' id='word_1_875' title='bbox 3221 5514 3381 5579; x_wconf 81' lang='lat' dir='ltr'>recte</span> <span class='ocrx_word' id='word_1_876' title='bbox 3413 5507 3663 5579; x_wconf 77' lang='lat' dir='ltr'>mutavit</span> <span class='ocrx_word' id='word_1_877' title='bbox 3692 5508 3749 5579; x_wconf 78' lang='lat' dir='ltr'>in</span> 
     </span>
    </p>
   </div>
   <div class='ocr_carea' id='block_1_105' title="bbox 340 5575 3749 5653">
    <p class='ocr_par' dir='ltr' id='par_1_105' title="bbox 340 5575 3749 5653">
     <span class='ocr_line' id='line_1_106' title="bbox 340 5575 3749 5653; baseline 0 -22"><span class='ocrx_word' id='word_1_878' title='bbox 340 5578 671 5653; x_wconf 32' lang='lat' dir='ltr'>yoﬁi.At‘n_o_n</span> <span class='ocrx_word' id='word_1_879' title='bbox 705 5575 970 5653; x_wconf 76' lang='lat' dir='ltr'>omittere</span> <span class='ocrx_word' id='word_1_880' title='bbox 1003 5580 1248 5634; x_wconf 83' lang='lat' dir='ltr'>debebat</span> <span class='ocrx_word' id='word_1_881' title='bbox 1276 5575 1693 5653; x_wconf 37' lang='grc' dir='ltr'>καὶ-γελῶντειῇ</span> <span class='ocrx_word' id='word_1_882' title='bbox 1729 5580 1789 5653; x_wconf 86' lang='lat' dir='ltr'>In</span> <span class='ocrx_word' id='word_1_883' title='bbox 1823 5575 2164 5653; x_wconf 49' lang='lat' dir='ltr'>marg-cod,</span> <span class='ocrx_word' id='word_1_884' title='bbox 2189 5585 2234 5636; x_wconf 88' lang='lat'>0</span> <span class='ocrx_word' id='word_1_885' title='bbox 2265 5579 2380 5653; x_wconf 78' lang='lat' dir='ltr'>alia</span> <span class='ocrx_word' id='word_1_886' title='bbox 2413 5575 2989 5653; x_wconf 53' lang='lat' dir='ltr'>manusadnotavit&#39;:</span> <span class='ocrx_word' id='word_1_887' title='bbox 3044 5578 3143 5653; x_wconf 74' lang='grc' dir='ltr'>οὐκ</span> <span class='ocrx_word' id='word_1_888' title='bbox 3190 5578 3293 5653; x_wconf 80' lang='grc' dir='ltr'>εἶσὶ</span> <span class='ocrx_word' id='word_1_889' title='bbox 3346 5582 3515 5653; x_wconf 71' lang='grc' dir='ltr'>ταῦτα</span> <span class='ocrx_word' id='word_1_890' title='bbox 3572 5576 3642 5653; x_wconf 37' lang='grc' dir='ltr'>ἐν.</span> <span class='ocrx_word' id='word_1_891' title='bbox 3676 5577 3749 5649; x_wconf 80' lang='grc' dir='ltr'>τῇ</span> 
     </span>
    </p>
   </div>
   <div class='ocr_carea' id='block_1_106' title="bbox 339 5644 3747 5728">
    <p class='ocr_par' dir='ltr' id='par_1_106' title="bbox 339 5644 3747 5728">
     <span class='ocr_line' id='line_1_107' title="bbox 339 5644 3747 5728; baseline 0 -25"><span class='ocrx_word' id='word_1_892' title='bbox 339 5648 501 5728; x_wconf 64' lang='grc' dir='ltr'>ἐτέρσι</span> <span class='ocrx_word' id='word_1_893' title='bbox 522 5645 752 5728; x_wconf 51' lang='grc' dir='ltr'>ἐκδόσειἶ</span> <span class='ocrx_word' id='word_1_894' title='bbox 824 5650 867 5685; x_wconf 79' lang='grc'>³⁷</span> <span class='ocrx_word' id='word_1_895' title='bbox 901 5652 1059 5728; x_wconf 39' lang='grc' dir='ltr'>[ιαιυ</span> <span class='ocrx_word' id='word_1_896' title='bbox 1087 5655 1145 5705; x_wconf 87' lang='lat' dir='ltr'>et</span> <span class='ocrx_word' id='word_1_897' title='bbox 1169 5644 1620 5728; x_wconf 21' lang='lat' dir='ltr'>‘no_nnuli:codd.</span> <span class='ocrx_word' id='word_1_898' title='bbox 1652 5644 2175 5728; x_wconf 35' lang='grc' dir='ltr'>Ερίιογηεδξφθόηνου</span> <span class='ocrx_word' id='word_1_899' title='bbox 2206 5655 2263 5707; x_wconf 89' lang='lat' dir='ltr'>C.</span> <span class='ocrx_word' id='word_1_900' title='bbox 2341 5651 2395 5728; x_wconf 53' lang='grc' dir='ltr'>δῖ</span> <span class='ocrx_word' id='word_1_901' title='bbox 2418 5644 2726 5728; x_wconf 73' lang='grc' dir='ltr'>ἐϐουλήθην</span> <span class='ocrx_word' id='word_1_902' title='bbox 2756 5654 2817 5707; x_wconf 81' lang='lat' dir='ltr'>Cl.</span> <span class='ocrx_word' id='word_1_903' title='bbox 2891 5652 2938 5688; x_wconf 70' lang='grc' dir='ltr'>⁸ο</span> <span class='ocrx_word' id='word_1_904' title='bbox 2964 5650 3381 5725; x_wconf 74' lang='grc' dir='ltr'>πυνθανομένων</span> <span class='ocrx_word' id='word_1_905' title='bbox 3414 5650 3442 5706; x_wconf 90' lang='grc' dir='ltr'>ὁ</span> <span class='ocrx_word' id='word_1_906' title='bbox 3476 5644 3747 5727; x_wconf 60' lang='grc' dir='ltr'>βουλόμέἑ</span> 
     </span>
    </p>
   </div>
   <div class='ocr_carea' id='block_1_107' title="bbox 339 5718 2689 5802">
    <p class='ocr_par' dir='ltr' id='par_1_107' title="bbox 339 5718 2689 5802">
     <span class='ocr_line' id='line_1_108' title="bbox 339 5718 2689 5802; baseline 0.001 -25"><span class='ocrx_word' id='word_1_907' title='bbox 339 5718 434 5783; x_wconf 77' lang='grc' dir='ltr'>νος</span> <span class='ocrx_word' id='word_1_908' title='bbox 463 5724 524 5777; x_wconf 89' lang='lat' dir='ltr'>C.</span> <span class='ocrx_word' id='word_1_909' title='bbox 600 5722 646 5757; x_wconf 76' lang='lat'>‘0</span> <span class='ocrx_word' id='word_1_910' title='bbox 676 5719 752 5796; x_wconf 72' lang='grc' dir='ltr'>μή</span> <span class='ocrx_word' id='word_1_911' title='bbox 787 5719 1032 5779; x_wconf 84' lang='lat' dir='ltr'>accessit</span> <span class='ocrx_word' id='word_1_912' title='bbox 1059 5737 1126 5778; x_wconf 80' lang='lat' dir='ltr'>ex</span> <span class='ocrx_word' id='word_1_913' title='bbox 1155 5726 1201 5779; x_wconf 87' lang='grc' dir='ltr'><strong>Ο</strong></span> <span class='ocrx_word' id='word_1_914' title='bbox 1231 5722 1383 5780; x_wconf 88' lang='lat' dir='ltr'>Tum</span> <span class='ocrx_word' id='word_1_915' title='bbox 1414 5718 1670 5777; x_wconf 79' lang='grc' dir='ltr'>ὑλάκτετε</span> <span class='ocrx_word' id='word_1_916' title='bbox 1693 5718 1759 5791; x_wconf 79' lang='lat' dir='ltr'>C,</span> <span class='ocrx_word' id='word_1_917' title='bbox 1792 5734 1895 5794; x_wconf 75' lang='lat' dir='ltr'>qut</span> <span class='ocrx_word' id='word_1_918' title='bbox 1923 5718 2242 5797; x_wconf 63' lang='grc' dir='ltr'>οϊμύοντες</span> <span class='ocrx_word' id='word_1_919' title='bbox 2273 5738 2332 5798; x_wconf 87' lang='lat' dir='ltr'>p.</span> <span class='ocrx_word' id='word_1_920' title='bbox 2369 5718 2619 5802; x_wconf 64' lang='grc' dir='ltr'>βύοντεςζ</span> <span class='ocrx_word' id='word_1_921' title='bbox 2683 5718 2689 5785; x_wconf 70' lang='grc' dir='ltr'>ί</span> 
     </span>
    </p>
   </div>
  </div>
