4116 6224
342 388 426 449 69
1516 380 2022 445 CLEMENTINA

2136 414 2164 425 -
2195 380 2526 445 nomen
2571 383 2623 445 1.
2670 452 2689 462 ‘
3692 393 3774 455 7o

350 516 569 589 ἆτὶκτῳ
624 515 845 591 βύοντες
892 512 999 569 τῶν
1053 514 1311 583 σῶζεσθαι
1361 510 1631 568 θελόντων
1684 513 1779 573 τὰς
1822 510 2013 579 ἆκοας,

2136 512 2383 570 tulantes
2413 531 2585 570 canes
2618 466 2862 587 lairetis,
2895 516 3281 591 incomposito
3307 522 3577 595 strepitu,
3601 539 3771 581 aures

353 605 537 660 ἄδικοι
564 606 657 660 καὶ
688 607 986 681 θεστυγεῖς,
1034 602 1123 659 καὶ
1172 603 1266 658 τὸν
1318 604 1562 671 σώζοντα
1610 597 1874 677 λογισμὸν
1937 600 2013 663 είς

354 694 606 749 ἀπιστίαν
660 691 1119 769 ἀπασχολοῦντες.
1168 696 1293 754 Πῶς
1341 691 1668 767 συγγνώμης
1712 695 1899 765 τυχεῖν
1932 686 2017 744 δυ-

351 785 598 856 νήσεσθε,
647 782 742 838 τὸν
784 784 883 851 τὴν
943 781 1195 850 θειότητα
1227 785 1269 819 ⁸¹
1303 784 1398 834 τοῦ
1429 783 1562 836 Θεοῦ
1592 776 2017 854 ἐπαγγελλόμε-

352 894 444 927 νον
500 872 632 945 ὑμῖν
683 870 853 927 εἴπεῑν
902 867 1233 946 ὑϐρίζοντες,
1280 868 1369 924 καὶ
1423 874 1589 923 ταῦτα
1615 866 1903 946 ἄνφρωπον
1955 865 2012 922 ὅν

356 962 559 1037 ἐχρῆν,
617 959 664 1015 εἶ
713 959 805 1015 καὶ
861 956 1030 1033 μηδὲν
1080 956 1417 1029 ἀληθεόοντα
1445 960 1511 1029 ⁸⁸,
1554 955 1643 1011 διὰ
1670 957 1767 1025 τὴν
1809 956 2012 1031 ἀγαθὴν

354 1050 528 1105 αὐτου
557 1050 698 1125 πρὸς
730 1049 869 1122 ὑμᾶς
895 1045 1250 1121 ἀποδέξασθαι
1286 1045 1599 1123 προαίρεσιν
1626 1062 1641 1116 ;

426 1233 579 1285 XIII.
608 1226 786 1282 Ταῦτά
820 1248 927 1300 μου
957 1224 1212 1303 λέγοντος
1245 1224 1333 1279 καὶ
1361 1223 1428 1279 τὰ
1457 1223 1673 1285 τούτοις
1720 1222 2014 1292 ἀκόλουθα,

352 1315 534 1376 πολὺς
564 1319 674 1369 τῶν
717 1312 907 1389 ὄχλων
939 1312 1144 1389 ἐγίνετο
1175 1312 1432 1389 θρύλλοςο
1465 1311 1555 1367 καὶ
1587 1313 1639 1367 οἱ
1674 1313 1767 1383 μὶν
1800 1311 1874 1373 ὡς
1918 1312 2010 1366 τὸν

354 1397 641 1477 Βαρνάϐαν
694 1402 968 1465 ἐλεοῦντες
1015 1401 1319 1478 συνήραντό
1361 1423 1453 1475 μοι
1476 1418 1489 1432 ·
1520 1401 1573 1456 οἱ
1603 1398 1662 1455 δὲ
1684 1398 1894 1471 ἠλίθιοι
1926 1395 2015 1454 ὄν-

354 1513 448 1553 τες
481 1489 673 1554 δεινῶς
702 1493 821 1547 κατ’
852 1490 988 1565 ἐμοῦ
1018 1486 1255 1566 ἔϐρυχον
1286 1489 1411 1554 τοὺς
1458 1488 1703 1552 ὀδόντας.
1761 1489 1910 1544 Ἐπεὶ
1958 1486 2017 1544 δὲ

354 1578 473 1651 ἤδη
522 1581 657 1636 ποτὶ
706 1580 901 1656 ἑσπέρα
946 1580 1289 1655 κατειλήφει,
1330 1586 1432 1649 τῆς
1480 1579 1668 1655 χειρὸς
1710 1573 1893 1634 λαϐὼν
1923 1578 2014 1634 τὸν

358 1665 667 1745 Βαρνάϐαν,
703 1671 779 1743 μή
810 1668 1037 1725 θέλοντα
1059 1672 1184 1738 87,
1219 1668 1311 1744 βίᾳ
1340 1669 1415 1731 εἷς
1445 1670 1544 1737 τὴν
1570 1668 1708 1741 ἐμήν
1750 1669 1883 1744 ἦγον
1935 1666 2017 1721 οὶ-

357 1759 507 1829 κίαν,
540 1756 663 1813 ἔνθα
691 1759 779 1813 καὶ
816 1758 989 1832 μένειν
1024 1757 1183 1834 αὐτον
1215 1757 1468 1828 ἐποίησα,
1509 1754 1605 1812 ἵνα
1653 1758 1727 1830 μή
1776 1776 1860 1819 τις
1918 1754 2014 1810 αύ-

356 1853 442 1919 τῷ
489 1854 684 1924 χεῖρας
732 1843 989 1948 ἐπιϐαλῃ.
1039 1848 1140 1903 Καὶ
1182 1849 1404 1925 ἡμερῶν
1454 1845 1660 1921 ὀλίγων
1711 1842 2015 1958 διατρίψας,
2048 1893 2095 1958 Β

356 1938 451 1993 καὶ
476 1942 578 1991 τοῦ
607 1936 847 2006 ἀληθοῦς
880 1934 1052 2011 λόγου
1088 1937 1298 2012 βραχέα
1328 1937 1651 2012 κατηχήσας
1682 1955 1749 2008 με
1806 1933 2017 2011 ὀλίγον,

357 2027 508 2089 ὡς⁸³
556 2025 610 2080 ὲν
669 2024 887 2101 ὀλίγαις
934 2022 1194 2102 ἡμέραις,
1253 2022 1498 2080 σπεύδειν
1544 2020 1723 2101 ἔλεγεν
1755 2023 1833 2087 είς
1890 2024 2022 2079 Ἰου-

358 2113 519 2171 δαίαν
580 2122 681 2186 τῆς
726 2116 863 2170 κατᾶ
906 2115 1004 2183 τὴν
1038 2113 1326 2188 θρησκείαν
1360 2114 1553 2190 ἑορτῆς
1584 2112 1770 2189 χάριν,
1800 2112 1889 2167 καὶ
1922 2115 2019 2167 τοῦ

358 2204 570 2259 λοιποῦ
594 2209 710 2265 τοῖς
740 2205 929 2259 ἑαυτοῦ
959 2202 1240 2276 ὁμοεθνέσι
1271 2208 1506 2257 συνεῖναι
1538 2199 1731 2265 θέλων.

438 2298 583 2350 XIV.
642 2292 879 2368 Φανερὸς
930 2289 978 2346 δ’
1021 2292 1090 2361 ἦν
1144 2312 1236 2364 μοι
1267 2290 1670 2366 ἀποναρκησας.
1716 2291 1885 2362 Ἐμοῦ
1915 2289 2018 2365 γὰρ

360 2381 636 2444 εἰπόντος.
678 2380 748 2435 Σύ
785 2401 878 2454 μοι
914 2379 1076 2453 μόνον
1107 2379 1237 2443 τοὺς
1283 2384 1382 2435 τοῦ
1411 2379 1670 2454 φανέντος
1698 2376 1893 2455 ἀνδρὸς
1926 2378 2019 2441 οὕς

356 2468 607 2539 ἤκουσας
632 2472 681 2507 ⁸⁸
729 2468 938 2524 έκτίθου
988 2468 1213 2544 λόγους,
1267 2468 1417 2546 κάγὼ
1464 2473 1543 2541 τῷ
1591 2467 1709 2542 ἐμῷ
1737 2470 2019 2542 κοσμήσας

356 2559 521 2633 λόγῳ
547 2563 647 2613 τοῦ
676 2563 810 2613 Θεοῦ
840 2556 1060 2634 κηρύξω
1082 2559 1181 2628 τήν
1220 2557 1507 2633 βούλησιν,
1552 2559 1642 2613 καὶ
1692 2558 1791 2622 εἶθ’
1845 2557 2019 2619 οὕτως

370 2646 529 2708 ἐντὸς
563 2645 769 2721 ὀλίγων
800 2649 1025 2723 ἡμερῶν
1059 2647 1391 2720 συμπλεύσω
1422 2650 1469 2685 ⁸⁸
1498 2664 1603 2702 σοι’
1637 2646 1758 2702 Λίαν
1784 2647 1887 2723 γὰρ
1917 2667 2021 2700 πο-

362 2738 450 2790 θῶ
496 2735 586 2790 ἐπὶ
626 2736 719 2790 τὸν
746 2743 846 2805 τῆς
882 2733 1147 2797 Ἰουδαίας
1176 2735 1414 2813 γενέσθαι
1444 2735 1633 2809 τόπον,
1664 2735 1808 2812 τάχα
1846 2732 1903 2791 δὲ
1931 2732 2021 2790 καί

364 2826 683 2894 συνοικήσω
715 2825 842 2897 ὑμῖν
874 2824 965 2880 τὸν
998 2823 1170 2879 πάντα
1205 2847 1309 2898 μου
1333 2832 1435 2895 τῆ)
1469 2830 1613 2895 ζωῆς
1660 2824 1775 2901 βίον
1805 2827 1869 2861 ⁸⁸·
1904 2826 1932 2879 ὁ
1966 2821 2024 2879 δὲ

360 2919 539 2969 ταῦτα
588 2912 819 2975 ἀκούσας
863 2913 1201 2990 ἀπεκρίνατο·
1264 2912 1340 2967 Σὺ
1392 2913 1438 2968 εί
1491 2914 1584 2986 μὲν
1625 2914 1908 2989 ἱστορῆσαι
1957 2912 2024 2966 τὰ

362 3004 617 3078 ἡμέτερα
661 3002 749 3057 καὶ
806 3007 991 3075 μαθεῖν
1050 3003 1113 3057 τὸ
1157 3003 1431 3079 συμφέρον
1476 3000 1673 3070 θέλεις,
1742 3001 1795 3072 ἐξ
1854 3001 2023 3071 αὐτῆς

372 3113 470 3164 μοι
522 3090 887 3164 σύμπλευσον’
939 3090 987 3145 εἴ
1034 3088 1091 3146 δὲ
1124 3092 1198 3164 μὴ
1236 3091 1446 3167 βούλει,
1475 3092 1544 3146 τὰ
1574 3088 1720 3147 ἄλλα
1747 3093 1791 3129 ⁸⁷
1821 3095 2025 3163 σημεῖα

367 3188 473 3249 τῆς
524 3179 791 3250 οἰκήσεώς
844 3201 948 3254 μου
995 3179 1085 3235 καί
1139 3181 1212 3235 ὧν
1261 3180 1437 3243 θέλεις
1488 3180 1599 3255 ἐγώ
1648 3200 1731 3235 σοι
1783 3181 2024 3255 σήμερον

2127 601 2336 658 salvari
2386 603 2847 661 desiderantium
2888 606 3262 665 obstruentes
3312 609 3516 680 injusti
3562 629 3628 667 ac
3660 619 3771 669 Deo

2124 692 2304 758 exosi,
2338 696 2395 747 et
2423 695 2795 750 servatricem
2821 695 3229 767 cogitationem
3257 705 3565 755 avocantes
3595 703 3667 757 ad
3691 702 3778 758 in-

2124 780 2551 837 credulitatem.
2585 782 2707 846 Quo
2731 788 2896 855 pacto
2926 784 3152 840 veniam
3178 790 3453 859 consequi
3488 790 3772 860 poteritis,

2124 884 2260 926 eum
2292 870 2391 942 qui
2414 871 2577 928 vobis
2596 876 2865 927 naturam
2890 873 2989 929 Dei
3015 875 3226 929 referre
3253 878 3773 947 promittit,contu-

2125 959 2299 1015 melis
2318 959 2635 1017 efﬁcientes
2651 982 2664 1031 ς
2680 961 2854 1033 idque
2871 962 3191 1029 hominem,
3215 980 3391 1036 quem
3414 972 3771 1039 oportuerat,

2125 1047 2233 1103 etsi
2257 1047 2402 1103 nihil
2425 1065 2557 1105 vere
2578 1048 3175 1124 loquentem,pr0pter
3194 1053 3406 1110 bonam
3426 1055 3612 1128 ipsius
3632 1073 3771 1130 erga

2123 1153 2224 1192 vos
2254 1136 2635 1209 voluntatem,
2668 1144 2831 1211 grate
2861 1140 3157 1214 suscipere
3178 1140 3206 1196 ?

2196 1224 2338 1281 Xlll.
2373 1226 2507 1290 Ουω
2529 1244 2661 1282 cum
2686 1228 2961 1297 dicerem,
2988 1228 3217 1300 aliaque
3244 1230 3334 1286 his
3358 1238 3767 1303 consentanea,

2126 1313 2379 1370 multum
2411 1316 2470 1370 in
2503 1315 2668 1387 plebe
2717 1324 2909 1372 ortum
2958 1324 3046 1373 est
3092 1336 3403 1378 murmur:
3454 1327 3629 1394 atque
3670 1323 3771 1379 alii

2126 1402 2363 1473 quidem
2395 1408 2676 1475 tanquam
2705 1406 3027 1461 Barnabam
3063 1407 3410 1465 miserantes
3436 1410 3580 1465 mihi
3612 1413 3773 1468 fave—

2125 1491 2301 1547 bant:
2338 1492 2434 1547 alii
2465 1509 2598 1548 vero
2621 1494 2720 1566 qui
2750 1500 2918 1550 erant
2938 1494 3414 1567 stolidi,graviter
3433 1499 3491 1554 in
3521 1517 3611 1556 me
3634 1502 3767 1558 stri-

2126 1580 2345 1636 debant
2373 1581 2667 1639 dentibus.
2701 1584 2964 1655 Cumque
2986 1585 3111 1655 jam
3141 1602 3381 1658 vespera
3419 1588 3768 1661 advenisset,

2125 1670 2402 1725 Barnabas
2435 1686 2613 1727 manu
2662 1672 3044 1743 apprehensa,
3095 1691 3228 1730 eum
3278 1676 3570 1732 nolentem
3609 1678 3663 1733 vi
3697 1679 3766 1734 ad

2126 1775 2318 1815 meam
2351 1759 2487 1814 duxi
2515 1761 2755 1815 domum
2785 1786 2799 1829 ;
2832 1762 2930 1817 ubi
2961 1768 3020 1818 et
3047 1764 3153 1818 feci
3187 1781 3438 1832 manere,
3464 1767 3689 1839 nequis
3719 1768 3771 1823 ei

2128 1864 2338 1903 manus
2370 1847 2647 1919 injiceret.
2679 1850 3012 1921 Paucosque
3042 1852 3167 1907 dies
3189 1862 3604 1921 commoratus,
3632 1872 3774 1911 non-

2127 1935 2293 1991 nulla
2322 1952 2465 1991 verm
2497 1936 2793 2008 religionis
2818 1938 2956 1993 mihi
2980 1940 3221 1995 tradidit
3244 1943 3596 2011 rudimenta,
3615 1945 3770 2016 quod

2128 2024 2331 2096 paucis
2362 2030 2493 2095 post
2515 2025 2719 2081 diebus
2742 2043 3051 2098 properare
3078 2045 3139 2083 se
3160 2030 3378 2085 diceret
3406 2032 3475 2085 ad
3507 2033 3767 2088 Judaeum

2128 2117 2363 2183 propter
2393 2114 2627 2181 festum,
2662 2113 2944 2186 velletque
2973 2116 3244 2188 deinceps
3274 2134 3407 2173 cum
3432 2119 3555 2175 suis
3587 2137 3772 2193 pOpu-

2128 2200 2351 2256 laribus
2383 2202 2609 2273 degere.

2199 2290 2341 2345 XIV.
2369 2290 2690 2346 Videbatur
2714 2297 2907 2348 autem
2933 2291 3074 2347 mihi
3102 2309 3231 2349 esse
3255 2294 3423 2366 plane
3446 2296 3767 2368 perculsus.

2128 2382 2269 2434 Cum
2302 2380 2457 2435 enim
2489 2396 2594 2451 ego
2627 2380 2875 2436 dicerem
2904 2398 2916 2437 :
2950 2383 3036 2437 Tu
3071 2383 3213 2438 mihi
3245 2388 3473 2440 tantum
3516 2386 3772 2443 hominis

2127 2468 2286 2524 illius
2316 2469 2416 2540 qui
2448 2470 2739 2542 apparuit,
2772 2487 2921 2542 quos
2944 2472 3181 2526 audiisti
3207 2488 3429 2545 expone
3450 2491 3768 2543 sermones,

2129 2564 2188 2614 et
2216 2574 2320 2630 ego
2352 2558 2613 2613 oratione
2644 2575 2773 2614 mea
2801 2559 2932 2615 illos
2971 2576 3279 2627 exornans,
3332 2563 3424 2616 Dei
3458 2564 3769 2620 consilium

2130 2647 2478 2719 praedicabo,
2546 2647 2745 2718 sicque
2811 2653 3013 2719 postea
3085 2666 3203 2704 una
3281 2651 3563 2723 navigabo
3620 2652 3774 2708 intra

2131 2752 2350 2809 paucos
2406 2736 2570 2791 dies:
2615 2736 2933 2792 admodum
2991 2738 3147 2793 enim
3205 2739 3375 2810 cupio
3433 2740 3503 2795 ad
3557 2741 3772 2797 Judteaa

2132 2826 2427 2897 regionem
2459 2825 2793 2897 pervenire:
2826 2841 2891 2880 ac
2933 2826 3077 2881 forte
3123 2827 3423 2881 vobiscum
3459 2845 3559 2900 per
3588 2834 3773 2886 totam

2131 2914 2310 2968 vitam
2344 2914 2640 2970 habitabo.
2676 2914 2775 2969 llle
2807 2914 2897 2969 his
2928 2915 3146 2970 auditis
3189 2917 3489 2987 respondit
3517 2934 3530 2972 :
3581 2918 3689 2987 Tu,
3724 2920 3775 2974 si

2132 3002 2370 3074 quidem
2401 3002 2594 3058 videre
2623 3007 2843 3066 nostra,
2868 3008 2925 3058 et
2954 3004 3108 3075 quod
3140 3005 3369 3075 expedit
3412 3005 3499 3061 vis
3529 3007 3771 3075 discere,

2131 3106 2363 3147 mecum
2392 3091 2589 3147 statim
2620 3093 2890 3164 navigato
2915 3109 2928 3159 ;
2961 3091 3010 3147 si
3034 3091 3201 3163 nolis,
3235 3093 3453 3164 reliqua
3474 3094 3644 3166 signa
3671 3097 3776 3151 do-

2133 3179 2335 3235 micilii
2367 3179 2481 3235 mei
2510 3184 2568 3235 et
2597 3197 2846 3253 quorum
2876 3180 3128 3236 volueris
3147 3180 3251 3235 tibi
3277 3182 3445 3237 hodie
3475 3183 3686 3252 dicam,
3711 3189 3777 3240 ut

373 3269 483 3344 ἐρῶ
512 3270 579 3341 ⁸⁸,
630 3268 713 3323 ἱνα
752 3268 841 3324 ὅτε
892 3268 1079 3345 βούλει
1128 3268 1298 3325 ἐλθὼν
1338 3267 1561 3343 έπιστῇς
1592 3270 1754 3341 ἡμῖν·
1784 3267 1893 3343 ἐγὼ
1918 3268 2020 3345 γὰρ

2136 3270 2368 3341 quando
2397 3268 2647 3325 volueris
2677 3270 2893 3334 venire,
2926 3270 3095 3325 nobis
3125 3286 3431 3326 occurras:
3464 3288 3569 3343 ego
3618 3275 3776 3329 enim

371 3355 565 3434 αὔριον
613 3357 949 3433 πορεύσομαι
994 3357 1081 3413 ἐπὶ
1126 3358 1193 3413 τὰ
1237 3356 1495 3432 ἐμαυτοῦ,
1545 3358 1648 3416 Καὶ
1696 3355 1762 3427 δὴ
1813 3354 2026 3412 ἀδυσώ-

372 3468 555 3517 πητον
607 3445 735 3501 ἰδὼν
786 3446 1053 3515 συνῆλθον
1102 3446 1249 3519 αὺτῷ
1298 3446 1467 3523 μέχρι
1506 3451 1604 3502 τοῦ
1634 3445 1880 3520 λιμένος³
1937 3447 2026 3501 καὶ

384 3538 570 3608 μαθὼν
621 3536 747 3611 παρ’
793 3534 959 3591 αὐτοῦ
1002 3537 1135 3609 ἅπερ
1187 3534 1344 3610 ἔλεγε
1370 3540 1572 3609 σημεῖα
1597 3539 1707 3590 τῶν
1737 3534 2026 3605 οἰκήσεων,

384 3621 521 3699 ἔφην
569 3622 739 3694 αύτῷ·
783 3623 847 3678 Et
892 3624 968 3697 μὴ
1020 3624 1101 3679 ὅτι
1131 3621 1316 3697 αὔριόν
1346 3642 1401 3678 τι
1431 3624 1643 3678 ἀπαιτῶ
1675 3617 2030 3702 ὀφειλόμενόν

386 3734 509 3785 μοι,
540 3712 591 3783 ἐξ
638 3712 804 3781 αὐτῆς
854 3710 914 3767 ἂν
972 3734 1054 3767 σοι
1104 3711 1388 3768 συὲπλεονο
1429 3710 1577 3781 πλὴν
1626 3711 1818 3788 τάχιόν
1851 3732 1909 3768 σε
1937 3732 2029 3767 κα-

377 3800 729 3874 ταλήψομαι.
789 3800 885 3855 Καὶ
924 3805 1091 3856 ταῦτα
1120 3801 1311 3870 εἰπὼν,
1340 3802 1431 3857 καὶ
1461 3804 1506 3840 ⁸⁹
1533 3802 1900 3877 παραθέμενος
1932 3802 2027 3856 αύ-

376 3890 471 3945 τὸν
503 3896 619 3951 “rei;
646 3894 744 3944 τοῦ
790 3888 993 3944 πλοίου
1041 3890 1367 3966 ἡγουμένοις
1398 3891 1723 3969 ὑπέστρεφον
1757 3890 2031 3964 Λυπούμε-

375 4001 493 4045 νος,
525 3979 871 4051 μεμνημένος
903 3983 1001 4033 τοῦ
1030 3980 1201 4035 καλοῦ
1232 3980 1320 4034 καὶ
1349 3982 1612 4051 συνήθους
1645 3979 1830 4059 φίλου.

453 4071 558 4125 ιθ
587 4068 696 4125 XV.
745 4069 991 4140 Ἠμερῶν
1042 4066 1100 4123 δὲ
1148 4066 1451 4143 διατρίψας,
1497 4068 1589 4124 καὶ
1637 4070 1699 4124 τὸ
1730 4068 1894 4145 χρέος
1924 4068 2029 4144 οὐχ

378 4156 514 4211 ὅλον
564 4152 752 4211 λαϐεῖν
790 4154 1055 4224 δυνηθεὶς,
1083 4158 1287 4233 τάχους
1318 4155 1473 4213 ἓνεκα
1497 4155 1780 4231 ἀμελήσας
1804 4161 1902 4212 τοῦ
1930 4178 2027 4212 πε-

380 4246 773 4322 ριλειφθὲν-τος,
826 4245 903 4307 ὡς
953 4242 1220 4318 ἐμποδίου
1268 4241 1446 4314 ὄντος,
1477 4246 1567 4301 καὶ
1597 4246 1758 4307 αὐτὸς
1789 4244 1866 4309 είς
1899 4247 2031 4302 Ἰου-

383 4332 540 4389 δαίαν
599 4333 933 4401 ἀπέπλευσα,
962 4334 1052 4388 καὶ
1106 4331 1393 4389 δεκαπέντε
1418 4337 1463 4372 ⁶⁰
1498 4337 1723 4410 ἡμερῶν
1772 4333 1848 4395 εἷς
1904 4340 2032 4389 Και-

378 4424 596 4497 σάρειαν
663 4425 976 4493 κατήντησα
1020 4424 1118 4491 τὴν
1177 4422 1514 4497 Στράτωνος,
1584 4418 1897 4485 Ἐπιϐάνοος
1972 4419 2030 4478 δέ

383 4533 493 4584 μου
539 4518 641 4580 τῆς
687 4519 791 4587 γῆς
839 4512 927 4566 καὶ
973 4510 1142 4582 ξενίαν
1187 4510 1532 4587 θηρωμένου,
1582 4508 1780 4584 ἔμαθον
1809 4510 1893 4566 δτὶ
1926 4510 2029 4568 Πέ-

2136 3374 2265 3414 cras
2295 3358 2367 3413 ad
2395 3373 2526 3413 mea
2556 3374 2648 3413 me
2678 3358 3205 3431 recipiam.Videns
3236 3359 3433 3431 itaque
3454 3360 3777 3417 inexorabi-

2135 3446 2250 3502 lem
2282 3463 2432 3519 esse,
2461 3446 2771 3503 comitatus
2818 3464 2950 3503 sum
2998 3463 3132 3502 eum
3165 3464 3354 3520 usque
3400 3449 3468 3505 ad
3504 3456 3775 3521 portum;

2136 3535 2506 3608 acceptisque
2534 3536 2605 3591 ab
2636 3552 2701 3591 eo
2724 3535 2909 3607 signis
2932 3553 3061 3608 quae
3082 3536 3305 3593 dixerat
3324 3538 3774 3609 domiciliorum,

2137 3625 2255 3679 dixi
2287 3624 2408 3679 illi:
2440 3624 2562 3679 Nisi
2594 3641 2722 3679 cras
2744 3624 2957 3695 aliquid
2992 3626 3146 3696 quod
3178 3626 3319 3680 mihi
3344 3627 3585 3682 debetur
3614 3644 3777 3700 repe~

2136 3715 2353 3770 titurus
2384 3729 2594 3769 essem.
2619 3713 2867 3784 jamjam
2899 3717 3094 3769 tecum
3139 3715 3468 3786 navigarem
3497 3733 3511 3783 ;
3544 3717 3659 3771 cito
3691 3722 3778 3772 ta-

2138 3820 2272 3860 men
2302 3807 2356 3857 te
2388 3818 2687 3873 assequar.
2726 3803 2811 3867 Et,
2835 3802 2927 3857 his
2957 3802 3148 3869 dictis,
3170 3805 3692 3876 commendatoque
3713 3822 3779 3861 eo

2138 3892 2304 3949 navis
2336 3891 2698 3957 ductoribus,
2723 3906 2989 3947 reversus
3007 3908 3136 3947 sum
3166 3890 3372 3957 tristis,
3396 3910 3620 3949 memor
3639 3893 3779 3949 boni

2136 3986 2194 4037 et
2222 3979 2525 4035 concordis
2556 3979 2747 4033 amici.

2207 4070 2322 4126 XV.
2355 4070 2590 4140 Aliquot
2620 4073 2814 4123 autem
2848 4069 2971 4123 dies
3004 4072 3287 4135 moratus,
3310 4086 3375 4123 ac
3406 4074 3593 4125 totum
3623 4069 3783 4125 debi-

2136 4161 2264 4213 tum
2295 4158 2549 4228 recipere
2580 4174 2693 4211 non
2723 4155 2944 4223 valens,
2974 4163 3208 4229 propter
3230 4158 3658 4214 festinationem
3690 4175 3783 4215 re-

2139 4246 2301 4317 liquo
2331 4244 2611 4316 neglecto,
2639 4245 2791 4315 quod
2827 4244 3245 4316 impedimento
3275 4252 3447 4316 esset,
3480 4246 3605 4319 ipse
3634 4264 3784 4319 quo-

2139 4350 2253 4406 que
2282 4334 2342 4388 in
2373 4333 2638 4389 Judaram
2669 4333 2989 4405 enavigavi,
3013 4338 3069 4389 et
3089 4334 3522 4405 quintodecimo
3543 4337 3636 4391 die
3661 4336 3786 4392 Cae-

2140 4439 2367 4479 saream
2400 4421 2688 4478 Stratonis
2732 4422 2956 4477 adveni.
3004 4422 3265 4494 Cumque
3313 4428 3528 4480 terram
3560 4424 3785 4496 tetigis-

2139 4528 2286 4577 sem,
2317 4515 2375 4566 et
2403 4510 2723 4582 hospitium
2763 4509 3195 4582 investigarem,
3240 4513 3435 4583 accepi
3467 4513 3782 4584 quemdam

378 4620 509 4675 τρος
558 4621 642 4661 τις
694 4598 1011 4676 λεγόμενος,
1059 4604 1158 4655 τοῦ
1202 4599 1255 4656 ἐν
1308 4597 1550 4671 Ἰουδαίᾳ
1580 4599 1916 4678 εἷσφανέντος
1945 4599 2022 4655 ἀν-

2141 4598 2374 4656 nomine
2410 4598 2660 4662 Petrum,
2684 4598 2791 4653 viri
2816 4598 2973 4654 illius
3004 4600 3101 4670 qui
3123 4599 3180 4654 in
3210 4600 3415 4655 Judaea
3435 4605 3786 4671 conspectus

384 4686 515 4759 δρὸς
562 4694 659 4743 τοῦ
690 4694 893 4761 σημεῖα
919 4689 1007 4743 καὶ
1044 4690 1239 4765 τέρατα
1270 4688 1635 4760 πεποιηκότος
1667 4690 1694 4744 ὀ
1726 4685 2031 4761 δοκιμώτα-

383 4797 483 4839 τος
514 4777 777 4852 ὖπὰρχων
822 4778 1092 4850 μαθητὴς,
1124 4775 1310 4851 αὔριον
1344 4778 1551 4851 Σίμωνι
1579 4782 1660 4849 τῷ
1690 4777 1795 4832 ἀπὸ
1825 4781 2026 4841 Paean

384 4871 635 4941 Σαμαρεῖ
714 4868 938 4936 ζήτησιν
1003 4872 1238 4922 ποιεῖται
1303 4866 1500 4942 λόγων.
1563 4868 1708 4941 Ἐγὼ
1758 4863 1817 4921 δὲ
1861 4869 2029 4922 ταῦτα

382 4954 616 5017 ἀκούσας
665 4952 890 5025 ἐδεήθην
938 4956 1037 5024 τὴν
1089 4954 1286 5011 τούτου
1338 4976 1431 5028 μοι
1484 4957 1789 5029 μηνυθῆναι
1834 4956 2024 5028 μονήν.

380 5044 473 5097 καὶ
522 5043 677 5117 ὁμῶς
724 5041 925 5115 ἔμαθον
972 5044 1062 5098 καὶ
1111 5048 1192 5116 τῷ
1223 5041 1438 5098 πυλῶνι
1468 5042 1718 5113 ἐπέστην.
1753 5042 2028 5117 Θεασάμε-

381 5152 467 5185 νοι
498 5129 556 5186 δὲ
586 5132 641 5186 οἱ
682 5130 734 5186 έν
765 5136 844 5204 τῷ
874 5128 1008 5205 οἴκῳ
1044 5126 1340 5188 ἀντέϐαλον
1369 5133 1412 5170 ⁶¹
1443 5129 1527 5195 τίς
1555 5152 1615 5188 τε
1640 5131 1713 5187 ὣν
1743 5133 1833 5187 καὶ
1862 5131 2026 5186 πόθεν

2139 4693 2249 4759 est,
2283 4688 2497 4760 quippe
2524 4687 2695 4758 signa
2718 4691 2777 4741 et
2808 4688 3071 4759 prodigia
3099 4688 3253 4755 fecit,
3301 4688 3784 4759 probatissimum

2137 4775 2518 4848 discipulum,
2549 4774 2802 4829 crastino
2824 4775 2917 4829 die
2947 4792 3080 4831 cum
3104 4776 3339 4831 Simone
3360 4794 3427 4832 ex
3448 4776 3662 4834 Gitthis
3679 4777 3787 4833 Sa-

2141 4864 2428 4921 maritano
2450 4879 2577 4918 esse
2604 4862 3061 4933 disputaturum.
3088 4864 3311 4930 Quibus
3329 4865 3565 4930 auditis,
3586 4864 3785 4937 rogavi

2137 4953 2299 5009 illius
2329 4952 2694 5007 mansionem
2727 4951 2871 5006 mihi
2893 4950 3136 5007 indicari
3161 4970 3175 5009 :
3209 4958 3263 5009 et
3290 4952 3467 5009 simul
3497 4958 3673 5026 atque
3701 4953 3789 5009 di-

2138 5043 2274 5113 dici,
2307 5047 2518 5114 praesto
2548 5041 2632 5096 fui
2663 5041 2733 5096 ad
2768 5041 2938 5096 fores.
2970 5044 3043 5098 At
3087 5042 3171 5098 illi
3202 5044 3259 5098 in
3292 5044 3487 5110 domo,
3522 5060 3654 5100 cum
3691 5058 3785 5098 me

2137 5134 2422 5197 viderent,
2452 5130 2603 5185 inter
2632 5145 2693 5185 se
2732 5130 3126 5199 conferebant,
3174 5132 3446 5204 quisnam
3477 5149 3687 5202 essem,
3720 5148 3786 5188 ac

1732 5248 1977 5304 νΑΗΙίΕ
2026 5246 2438 5305 LECTIONES.

458 5350 501 5385 “
537 5346 768 5415 θεότητα
795 5347 856 5404 C.
936 5348 981 5384 ⁸³
1010 5344 1213 5416 ἀληθὲς
1243 5340 1469 5418 λέγοντα
1497 5350 1561 5404 Ο.
1596 5347 1974 5418 Subsequens
2006 5342 2093 5399 8ιά
2124 5346 2346 5418 addidit
2368 5349 2426 5414 S,
2460 5346 2694 5418 auctore
2722 5343 2951 5418 Rufino,
2983 5344 3101 5418 Rev.
3137 5361 3176 5415 ι,
3210 5348 3270 5418 9,
3336 5346 3380 5418 ⁸³
3410 5344 3563 5399 ὃσοον
3616 5343 3787 5418 Liber

384 5419 602 5490 Regius
628 5421 756 5486 804,
788 5421 938 5490 quod
971 5425 1221 5490 prazstat.

380 5484 565 5565 σοιῖυτ
643 5492 687 5525 ιε
719 5484 858 5565 Leg.
891 5484 1091 5565 χρόνον
1124 5492 1364 5565 ex_I-'fpjt_.
1398 5507 1448 5565 (ξ.
1482 5484 2029 5565 43._Vid.uogn._n,
2061 5490 2131 5565 28
2179 5489 2272 5565 1).,
2320 5489 2363 5565 ξπ
2388 5484 2501 5565 ἐπεί

1300 5414 1346 5454 ⁵⁸
1375 5419 1513 5476 Vbb.
1567 5417 1658 5478 οὕς
1706 5414 1943 5486 ἤκούσας
1992 5434 2112 5473 om.
2165 5423 2228 5473 Ο.
2281 5417 2439 5486 Idem
2492 5414 2631 5486 κατά

2680 5430 2734 5490 ρ.
2772 5414 2946 5490 ὶιοὶγιύΔ
3007 5416 3051 5451 ⁸⁵
3102 5414 3506 5490 συμπλεύσωσέ,
3565 5415 3784 5490 omisso

2549 5505 2610 5560 γε
2653 5481 2719 5537 τά
2866 5481 2876 5490 ’
2905 5486 2948 5521 ⁸⁸
2996 5481 3216 5560 γνωριῶ
3344 5493 3411 5560 εξ
3607 5486 3664 5560 “9
3692 5481 3784 5537 καί

376 5562 594 5633 excidit
648 5579 743 5633 ap.
780 5554 1123 5633 ,élfmetJS.‘
1191 5562 1236 5596 5°
1261 5554 1374 5633 ⁵διᾲ
1412 5558 1698 5633 δεκαπέντε
1742 5562 1896 5633 conj.
1945 5554 2139 5633 C,'_ut_
2194 5563 2284 5633 est
2321 5558 2378 5633 in
2410 5554 2711 5633 c_o_d._'Re_g.
2880 5554 3193 5633 θῖι-ΕρὶιίοΪ
3336 5628 3349 5633 _
3392 5558 3435 5592 ⁸1
3464 5554 3784 5633 θεασᾴμενον

463 5632 519 5686 οἱ
552 5629 612 5716 ἐγ.
638 5626 715 5725 n?
745 5631 881 5705 οἴκῳ
912 5626 1205 5717 ἀπέβαλον
1237 5636 1301 5699 0,
1335 5626 1668 5720 ἀντέξαλλον
1719 5626 1885 5759 Γθίὶᾇξ

376 5718 405 5759 ο
456 5702 511 5759 ἐν
544 5724 626 5759 τω
656 5723 812 5759 οικω.
848 5711 909 5759 In
942 5707 1082 5759 Emt.
1115 5720 1165 5759 c.
1196 5704 1303 5759 I4:
1334 5704 1654 5759 θεασαμενυι
1685 5699 1743 5757 δὲ
1774 5701 1827 5757 οἱ
1884 5724 1885 5727 η

376 5700 423 5759 δ’
456 5702 511 5759 ἐν
544 5706 626 5777 τῷ
656 5699 812 5777 οἴκῳ.
848 5699 909 5761 in
942 5707 1082 5779 Epit.
1115 5720 1165 5760 c.
1196 5704 1303 5761 ηε
1334 5704 1654 5779 θεασάμενυι
1685 5699 1743 5757 δὲ
1774 5701 1827 5757 οἱ

1938 5604 2177 5719 ὄᾲιίεὲἶε
2195 5604 2283 5703 Ἐξ
2321 5604 2382 5683 ’ὁὶ
2412 5604 3377 5701 *ἐπιδειξάτωεει-εδδ.ξω,
3410 5604 3713 5701 gargani
3729 5604 3782 5683 ὀὶ

1884 5721 1910 5755 ν
1939 5721 2021 5777 τῳ
2051 5721 2209 5778 οικῳ.
