4116 6224
350 368 422 429 7i
1178 363 1241 425 S.
1288 359 1728 425 CLEMENTIS
1774 359 1795 421 Ι
1843 357 2033 423 ROM.
2080 356 2313 421 PONT.
2357 358 2617 421 OPERA
2663 356 2924 420 DUBIA.
3677 368 3755 428 72

351 503 507 559 unde
525 499 802 556 venirem.
837 498 905 557 Et
928 516 1059 557 ecce
1111 498 1405 557 Barnabas
1458 478 1752 570 egressus,
1793 493 1991 551 statim

2106 488 2247 559 ἥκω.
2299 487 2397 546 Καὶ
2448 486 2566 546 ἰδοὺ
2615 489 2896 566 Βαιρνάοας
2946 484 3105 553 ἰκϐἀς
3151 492 3264 564 ἅμα
3293 498 3373 567 τῷ
3405 491 3537 551 ἰδεῖν
3569 498 3618 540 δι
3662 519 3756 553 πε-

350 594 415 646 ut
442 589 604 657 vidit,
637 588 974 662 complexus
994 593 1085 647 est
1114 604 1228 658 me,
1255 588 1511 644 multum
1542 588 1804 661 gaudens
1824 601 1892 641 ac
1916 584 1993 640 la-

348 694 653 751 crymans;
686 677 1165 751 apprehensaque
1196 694 1374 733 manu
1407 693 1555 744 mea,
1590 673 1913 732 introduxit
1931 672 1991 729 in

346 766 541 822 locum
575 766 671 822 ubi
704 770 826 822 erat
856 767 1085 834 Petrus,
1119 766 1381 838 dixitque
1422 765 1605 822 mihi:
1640 764 1743 820 Hic
1768 767 1858 820 est
1888 762 1991 819 Pe-

344 857 494 924 trus,
514 870 689 928 quem
711 855 1033 911 maximum
1057 855 1115 912 in
1138 855 1540 927 Delsapientia
1560 855 1665 910 tibi
1688 852 1995 910 denuntia-

346 944 505 1011 bam,
537 944 630 1000 cui
661 944 899 1000 assiduo
929 945 1000 1001 de
1025 947 1081 1001 te
1109 943 1575 1016 loquebar.Ultro
1598 942 1991 1015 igituringre-

344 1033 480 1090 dere
505 1051 519 1102 ;
545 1032 824 1105 quoniam
851 1048 982 1105 quae
1012 1034 1071 1089 in
1101 1037 1158 1089 te
1186 1034 1339 1090 bona
1367 1037 1527 1102 sunt,
1547 1049 1677 1089 vere
1709 1031 1791 1088 illi
1821 1048 1991 1087 enar-

344 1122 492 1192 ravi,
523 1121 817 1193 simulque
848 1123 1225 1179 manifestum
1267 1123 1372 1179 feci
1400 1122 1765 1195 propositum
1797 1124 1990 1187 tuum,

343 1210 428 1267 ita
458 1214 522 1267 ut
549 1211 673 1283 ipse
703 1210 881 1267 etiam
912 1216 968 1267 te
995 1212 1192 1267 videre
1230 1216 1415 1268 aveat.
1458 1215 1733 1284 Magnum
1763 1225 1899 1282 ergo
1938 1207 1990 1265 ei

346 1316 557 1356 manus
588 1304 644 1357 te
675 1300 950 1356 manibus
971 1302 1118 1356 meis
1138 1301 1337 1357 oii'ero.
1369 1300 1534 1365 Quod
1558 1316 1694 1356 cum
1726 1298 1989 1367 dixisset,

344 1389 537 1446 oblato
570 1405 681 1457 me,
714 1390 831 1445 ait:
865 1389 968 1445 Hic
997 1394 1087 1446 est
1116 1389 1405 1462 Clemens,
1438 1390 1622 1445 Petre.

320 1552 321 1557 η
416 1478 561 1534 XVI.
593 1480 665 1534 At
692 1478 883 1534 bonus
912 1482 1138 1545 Petrus,
1171 1477 1348 1535 simul
1392 1494 1457 1533 ac
1487 1493 1701 1533 nomen
1746 1474 1988 1548 audivit,

346 1567 598 1642 prosiliit
625 1573 683 1624 et
712 1567 1009 1625 osculatus
1057 1571 1166 1638 est,
1197 1585 1265 1625 ac
1308 1568 1508 1625 sedere
1558 1583 1653 1622 me
1682 1565 1836 1637 fecit,
1866 1570 1992 1621 sta-

343 1658 568 1730 timque
593 1655 737 1713 dixit
761 1674 774 1714 :
804 1658 978 1714 Recte
1001 1656 1205 1726 iecisti,
1228 1672 1550 1729 praeconem
1575 1655 1836 1712 veritatis
1856 1656 1990 1711 Bar-

344 1747 558 1803 nabam
582 1745 874 1819 hospitem
904 1746 1265 1819 excipiendo,
1299 1762 1511 1818 magno
1555 1746 1751 1802 animo
1780 1743 1841 1800 in
1870 1743 1991 1799 veri

2103 577 2374 653 ριεπλάκη
2411 599 2527 652 μοι,
2559 578 2704 635 πολὺ
2734 579 2942 654 χαίρων
2974 580 3063 635 καὶ
3091 577 3355 658 δακρύων·
3392 584 3480 639 καὶ
3512 580 3755 660 λαϐόμε-

2100 666 2191 730 νός
2247 687 2352 741 μου
2397 674 2499 738 τῆς
2538 668 2724 744 χειρὸς
2772 666 3037 746 εἰσέφερεν
3092 667 3214 725 ἔνθα
3242 672 3309 741 ἧν
3353 673 3381 727 6
3413 674 3639 747 Πέτρος,
3670 674 3757 731 λέ-

2098 775 2209 831 γων
2241 776 2356 829 μοι.
2385 754 2557 819 Οὗτός
2589 755 2698 812 ἐστι
2730 757 2956 830 Πέτρος,
2990 756 3045 812 ὅν
3084 757 3331 835 μέγιστον
3387 760 3473 817 ἐπὶ
3523 767 3591 837 τῇ
3655 768 3754 819 τοῦ

2100 848 2235 900 Θεοῦ
2277 844 2440 924 σοφίᾳ
2487 843 2893 921 ἐπηγγειλάμην
2928 848 2972 883 ⁵⁸
3018 866 3125 919 σοι,
3175 849 3221 921 ᾧ
3264 850 3550 914 ἀπαύστως
3579 873 3636 908 σε
3665 852 3755 908 ἀν-

2098 928 2389 991 τέϐαλλον.
2440 936 2528 997 Ὡς
2575 934 2733 989 εἷ’σιθι
2786 935 2846 990 ἐκ
2889 937 3255 1009 ταυτομάτου,
3312 938 3395 995 ὅτι
3433 942 3502 995 τὰ
3530 941 3664 997 κατά
3694 942 3752 997 σε

2098 1022 2242 1079 καλά
2270 1022 2397 1079 ὅντα
2428 1020 2674 1099 ἀψευδῶς
2704 1020 3061 1093 ἀντέϐαλλον,
3094 1028 3157 1098 ⁸⁸,
3191 1026 3306 1099 ἃμα
3329 1029 3418 1083 καὶ
3438 1030 3538 1099 τήν
3559 1031 3751 1106 προαί-

2100 1130 2243 1185 ρεσιν
2293 1110 2517 1187 ἐξέφηνοι
2546 1115 2609 1170 ⁵⁵.
2662 1113 2736 1175 ὡς
2783 1112 2942 1168 αὐτὸν
2991 1111 3278 1191 γλίχεσθαι
3331 1114 3421 1172 καί
3469 1115 3600 1175 ἰδεῖν
3668 1142 3747 1180 σε.

2098 1202 2251 1276 Μέγα
2283 1198 2374 1256 οὖν
2403 1201 2549 1274 αὐτῷ
2578 1199 2749 1277 δῶρόν
2785 1222 2842 1257 σε
2873 1199 2962 1257 διὰ
2980 1206 3090 1258 τῶν
3126 1202 3272 1277 ἐμῶν
3304 1202 3596 1286 προσφέρω
3635 1228 3750 1285 χει-

2100 1294 2231 1365 ρῶν.
2279 1289 2382 1348 Καὶ
2432 1295 2594 1347 τοῦτο
2646 1290 2836 1363 εἰπὼν,
2867 1291 3252 1369 προσενέγκας
3286 1292 3409 1373 ἔφη’
3439 1294 3608 1362 Οὗτός
3637 1298 3750 1357 ἐστι

2098 1376 2358 1453 Κλήμης,
2382 1380 2570 1456 Πέτρε.

2171 1471 2271 1525 39
2299 1470 2440 1527 XVI.
2472 1475 2527 1524 ’0
2550 1466 2609 1524 δὲ
2629 1468 2849 1546 ἀγαθὸς,
2873 1468 3269 1547 προσπηδήσας
3289 1472 3401 1547 ἅμα
3421 1478 3499 1548 τῷ
3519 1473 3747 1533 ἀκοῦσαι

2100 1555 2163 1613 τὸ
2196 1552 2390 1632 ὄνομα,
2421 1558 2797 1638 κατεφίλησεν,
2829 1560 2921 1615 καὶ
2955 1559 3384 1638 ἐγκαθιστῆναίδδ
3416 1584 3483 1638 με
3511 1568 3749 1638 ποιήσας

2099 1645 2322 1717 ἐξαυτῆς
2370 1642 2494 1726 ἔφη·
2546 1647 2745 1711 Καλῶς
2793 1648 3057 1720 ἐποίησας
3108 1650 3200 1705 τὸν
3249 1657 3350 1722 τῆς
3378 1652 3610 1725 ἀληθεία
3645 1658 3747 1728 κή-

2100 1756 2235 1812 ρυκα
2263 1734 2467 1807 ξενίσας
2500 1731 2804 1812 Βαρνάϐαν,
2837 1738 2915 1801 εἰς
2943 1738 3113 1812 τιμὴν
3156 1743 3252 1794 τοῦ
3296 1735 3465 1805 ὅντως
3495 1745 3539 1780 ⁵⁷
3584 1749 3743 1816 Θεοῦ,

349 1837 443 1892 Dei
476 1835 778 1906 honorem,
807 1835 1065 1891 furorem
1114 1834 1401 1907 imperitas
1447 1832 1846 1890 multitudinis
1872 1848 1988 1888 non

2102 1823 2549 1902 μεγαλοφρόνως,
2594 1824 2693 1880 οὐκ
2740 1823 3025 1896 αἰδεσθεὶς,
3073 1826 3136 1883 ού
3187 1822 3443 1906 φοϐηθεὶς
3495 1829 3587 1887 τὸν
3634 1837 3744 1888 τῶν

344 1925 585 1980 veritus.
619 1927 831 1979 Beatus
859 1923 995 1979 eris.
1029 1922 1532 1987 Quemadmodum
1564 1922 1723 1978 enim
1751 1924 1814 1977 tu
1844 1919 1992 1976 veri-

350 2013 488 2069 tatis
516 2012 773 2085 legatum
805 2011 889 2067 ita
917 2028 1051 2068 cum
1091 2012 1250 2068 omni
1282 2011 1500 2066 honore
1547 2009 1824 2082 excepisti
1854 2008 1995 2064 hos-

354 2100 519 2173 pitio,
546 2099 677 2172 ipsa
708 2116 940 2173 quoque
968 2103 1025 2155 te
1071 2099 1286 2156 veritas
1333 2100 1645 2171 hospitem,
1678 2114 1801 2154 suae
1831 2095 1995 2153 urbis

352 2191 536 2247 civem
568 2189 915 2245 constituet:
969 2191 1228 2261 tuncque
1287 2203 1637 2260 magnopere
1682 2185 1992 2254 laetaberis,

350 2278 491 2351 quia
538 2293 693 2333 nunc
740 2293 975 2349 parvam
1027 2276 1343 2332 fmneratus
1390 2276 1660 2349 gratiam,
1704 2274 1993 2331 bonorum

350 2369 479 2423 dico
510 2384 848 2423 sermonum
879 2364 1258 2434 voluntatem,
1290 2366 1577 2420 bonorum
1622 2367 1992 2429 aeternorum,

352 2471 593 2529 quaeque
626 2453 837 2511 auferri
863 2458 1181 2526 nequeunt,
1208 2454 1390 2508 haeres
1413 2452 1700 2508 efficieris.
1724 2456 1839 2509 Nec
1861 2466 1994 2507 vero

350 2543 609 2599 laborem
642 2544 853 2599 subeas
884 2541 1166 2597 referendi
1197 2541 1341 2596 mihi
1385 2557 1576 2596 mores
1605 2544 1777 2597 tuos:
1813 2539 1992 2611 siqui-

352 2631 484 2687 dem
517 2631 831 2688 omniatua
852 2629 1020 2686 nobis
1046 2630 1379 2695 edisseruit,
1409 2629 1505 2700 qui
1532 2628 1762 2684 mentiri
1788 2628 1990 2698 nescit,

352 2721 669 2785 Barnabas,
703 2720 819 2775 fere
849 2717 1109 2791 quotidie
1136 2719 1350 2774 bonam
1383 2719 1465 2773 tui
1513 2718 1870 2773 mentionem
1904 2718 1993 2772 fa-

352 2807 533 2864 ciens.
564 2807 753 2879 thue
785 2807 913 2876 tibi,
944 2811 1224 2878 tanquam
1256 2807 1484 2862 sincero
1514 2806 1723 2877 amico,
1748 2806 1805 2862 id
1836 2805 1992 2878 quod

354 2912 446 2953 res
474 2900 582 2966 est,
615 2895 865 2952 breviter
911 2896 1140 2953 dicam:
1177 2895 1291 2951 nisi
1342 2895 1446 2951 tibi
1493 2895 1713 2968 aliquid
1747 2895 1991 2968 impedi-

352 2988 551 3041 mento
580 2988 688 3051 est,
721 2984 832 3040 iter
861 2984 1166 3040 nobiscum
1198 2984 1366 3051 habe,
1420 3000 1485 3040 ac
1517 2984 1743 3057 percipe
1771 3001 1991 3041 sermo-

351 3088 455 3129 nes
484 3072 764 3141 veritatis,
797 3087 946 3144 quos
969 3089 1075 3144 per
1093 3072 1359 3145 singulas
1379 3072 1664 3142 civitates,
1688 3073 1877 3146 ipsam
1898 3090 1994 3131 us-

349 3178 464 3235 que
494 3162 760 3228 Romam,
800 3161 1110 3219 habiturus
1142 3178 1297 3218 sum.
1346 3162 1433 3219 'I‘u
1466 3178 1655 3235 porro,
1688 3162 1738 3220 si
1769 3162 1991 3235 aliquid

346 3251 534 3323 cupis,
567 3251 762 3307 ei‘i‘are.

416 3338 559 3397 XVI.
592 3340 662 3396 Et
714 3355 819 3412 ego
849 3337 989 3411 quid
1049 3340 1120 3396 ab
1150 3339 1314 3396 initio
1372 3340 1652 3413 propositi
1708 3340 1991 3413 gesserim

348 3426 610 3500 exposui,
642 3430 700 3489 et
723 3444 835 3499 quo
858 3427 1030 3483 modo
1047 3428 1468 3499 questionibus
1485 3429 1989 3501 inexplicabilibus

348 3516 670 3572 exhaustus
702 3516 934 3587 fuerim,
992 3522 1316 3588 caateraque
1372 3534 1498 3589 quae
1540 3517 1644 3573 tibi
1703 3518 1990 3591 principio

346 3609 518 3661 antea
545 3603 850 3673 declaravi,
884 3604 966 3659 uti
1000 3622 1070 3660 ne
1090 3606 1292 3661 eadem
1318 3604 1530 3661 iterum
1557 3606 1829 3661 scribam.
1862 3607 1989 3663 Dixi

346 3697 580 3751 autem:
616 3697 862 3749 Paratus
883 3694 1120 3765 quidem
1151 3711 1282 3749 sum
1305 3699 1497 3750 tecum
1528 3695 1816 3767 proﬁcisci
1840 3684 1988 3765 ;hoc

343 3783 501 3839 enim
533 3782 730 3839 nescio
779 3783 1069 3854 quomodo
1118 3783 1288 3855 cupio
1336 3783 1543 3839 laetus:
1591 3800 1791 3839 verum
1825 3784 1988 3857 prius

342 3871 470 3928 volo
501 3872 713 3928 certior
742 3871 812 3927 de
832 3872 1071 3929 veritate
1096 3871 1242 3941 ﬁeri,
1274 3877 1340 3928 ut
1369 3874 1549 3928 sciam
1569 3878 1765 3928 utrum
1792 3875 1991 3930 anima

347 3959 613 4017 mortalis
644 3959 741 4027 sit,
760 3977 833 4016 an
854 3959 1204 4016 immortalis
1228 3978 1242 4030 ;
1269 3965 1326 4016 et
1354 3960 1403 4017 si
1426 3961 1781 4034 sempiterna
1802 3961 1897 4031 sit,
1913 3979 1987 4019 an

344 4050 417 4105 ob
447 4065 516 4105 ea
545 4065 671 4121 quae
701 4049 795 4105 hic
826 4048 1029 4122 gessit,
1080 4049 1327 4121 iudicari
1360 4050 1604 4106 debeat:
1650 4050 1791 4125 item
1829 4068 1903 4107 an
1932 4056 1990 4108 et

343 4138 481 4207 quid
513 4136 563 4193 si
583 4137 817 4209 justum
846 4153 914 4193 ac
942 4137 1059 4193 Deo
1088 4142 1321 4210 gratum
1349 4155 1362 4194 :
1414 4143 1694 4210 praeterea
1723 4140 1990 4197 iactusne

343 4225 423 4282 sit
453 4226 732 4294 mundus,
765 4229 823 4281 et
850 4241 1031 4296 quare
1061 4226 1284 4282 factus:
1316 4230 1374 4283 et
1405 4230 1604 4282 utrum
1636 4244 1752 4283 non
1782 4228 1991 4285 dissol-

341 4317 528 4382 vetur,
561 4331 635 4370 an
667 4313 1039 4381 dissolvetur,
1071 4319 1129 4371 et
1158 4332 1229 4371 an
1264 4313 1469 4371 melior
1501 4316 1756 4383 futurus,
1788 4334 1855 4373 ac
1886 4336 1990 4377 nec

342 4403 579 4460 futurus
610 4402 851 4458 omnino
877 4420 891 4458 :
924 4420 990 4458 ac
1021 4419 1093 4460 ne
1124 4403 1358 4477 singula
1383 4420 1724 4478 prosequar,
1755 4406 1879 4463 haec
1908 4412 1991 4464 at-

345 4507 458 4565 que
487 4490 899 4562 consequentia
928 4490 1045 4546 dixi
1069 4508 1160 4548 me
1189 4491 1333 4548 velle
1354 4492 1599 4549 edoceri.
1622 4496 1695 4550 At
1714 4493 1810 4551 ille
1830 4497 1898 4552 ad
1922 4512 1991 4553 ea

2100 1910 2435 1969 ἀπαιδεύτων
2467 1908 2656 1990 ὄχλων
2687 1914 2879 1987 θυμόν.
2899 1916 3177 1993 Μακάριος
3206 1913 3413 1992 ἔσῃ.⁹Ως
3435 1919 3577 1997 γᾶηρ
3609 1921 3672 1977 σὺ
3702 1925 3747 1960 58

2097 2002 2189 2057 τὸν
2232 2008 2335 2072 τῆς
2376 2000 2639 2071 ἀληθείας
2683 1997 3022 2079 πρεσϐευτὴν
3073 2004 3247 2067 οὕτως
3308 2006 3538 2077 ἐξένισας
3602 2008 3746 2084 πάσῃ

2104 2092 2261 2164 τιμῆ,
2311 2090 2401 2146 καὶ
2450 2091 2584 2163 αὐτή
2618 2112 2676 2147 σε
2725 2089 2953 2163 ἀλήθεια
2992 2092 3137 2163 ξενον
3170 2089 3297 2149 ὅντα
3320 2102 3422 2167 τῆς
3457 2094 3593 2160 ἰδίας
3648 2099 3748 2155 πό-

2103 2178 2240 2243 λεως
2264 2181 2587 2251 καταστήσει
2616 2177 2871 2251 πολίτην’
2902 2181 2993 2237 καὶ
3028 2181 3152 2237 τότε
3196 2186 3414 2260 χαρήσῃ
3466 2185 3741 2262 μεγάλως,

2102 2269 2187 2324 ὅτι
2219 2271 2477 2347 βραχεῖαν
2501 2274 2593 2326 νῦν
2626 2268 2898 2334 ἐδάνεισας
2926 2275 2971 2310 ⁵⁸
3008 2273 3188 2349 χάριν,
3220 2274 3531 2352 προαίρεσιν
3558 2275 3736 2355 λόγων

2104 2358 2287 2415 καλῶν
2340 2357 2510 2435 λέγω,
2565 2359 2655 2415 καὶ
2708 2358 2897 2415 ἀϊδίων
2955 2361 3045 2416 καὶ
3110 2362 3474 2441 ἀναφαιρέτων
3533 2365 3747 2443 ἀγαθῶν

2103 2446 2196 2523 ἔσῃ
2223 2447 2588 2522 κληρονόμος.
2626 2448 2725 2504 Καὶ
2759 2450 2835 2522 μή
2868 2451 3040 2522 κάμνε
3068 2446 3414 2507 ἀντιϐάλλειν
3438 2475 3532 2526 μοι
3559 2456 3622 2510 τὸ
3655 2457 3744 2511 σὸν

2101 2537 2254 2606 ἦθος·
2287 2539 2459 2593 πάντα
2490 2536 2593 2614 λάρ
2622 2538 2689 2593 τὰ
2716 2540 2852 2593 κατά
2892 2540 2949 2594 σὲ
2980 2541 3008 2595 ὁ
3057 2537 3293 2615 ἀψευδὴς
3325 2544 3371 2580 ⁶⁰
3409 2544 3544 2615 ἡμῖν
3592 2543 3742 2600 ἀντέ-

2103 2624 2240 2682 λαλε
2264 2622 2559 2700 Βαρνάϐας,
2586 2625 2778 2703 σχεδὸν
2805 2629 2922 2683 καθ’
2950 2627 3157 2704 ἡμέραν
3186 2631 3285 2699 τήν
3332 2631 3533 2706 ἀγαθήν
3572 2654 3667 2688 σου
3697 2637 3740 2674 δι

2100 2716 2430 2788 πνιούμενος
2466 2718 2710 2789 μνήμην.
2743 2716 2840 2771 Καὶ
2865 2714 2957 2772 ’ίνα
2986 2738 3071 2772 σοι
3102 2716 3153 2772 ἐν
3188 2717 3447 2793 ἐπιτομῇ,
3480 2721 3555 2783 ὡς
3603 2744 3741 2798 γνη-

2102 2802 2204 2876 σίῳ
2230 2804 2375 2881 φίλω
2397 2805 2545 2876 ⁸⁸,τὸ
2564 2804 2922 2881 προκείμενον
2943 2804 3070 2881 ἐρῶ,
3094 2805 3138 2861 εἰ
3166 2806 3336 2879 μήσοί
3364 2828 3414 2861 τι
3437 2807 3740 2884 ἐμποδίζει,

2106 2890 2422 2948 συνόδευσον
2470 2896 2627 2967 ἡμῖν,
2665 2889 3097 2968 μεταλαμϐάνων
3144 2899 3253 2949 τῶν
3324 2903 3428 2966 τῆς
3483 2897 3741 2969 ἀληθείας

2102 2979 2303 3058 λόγων,
2333 2983 2407 3037 ὧν
2432 2984 2479 3019 ⁸³
2515 2982 2650 3037 κατά
2678 2981 2839 3038 πόλιν
2866 2984 3134 3038 ποιεῖσθαι
3168 2981 3382 3057 μέλλω,
3418 2987 3586 3063 μέχρι
3609 2988 3742 3043 Ῥώ-

2103 3091 2212 3145 μης
2243 3070 2433 3143 αὐτῆς.
2466 3071 2567 3127 Καὶ
2596 3069 2658 3126 σὺ
2690 3067 2748 3126 δὲ
2776 3066 2831 3127 εἷ’
2849 3092 2902 3127 τι
2938 3069 3124 3148 βούλει
3157 3071 3303 3150 λέγε.

2171 3341 2339 3397 XVII.
2390 3336 2553 3414 Κάγὼ
2590 3340 2637 3375 ⁸⁸
2679 3336 2935 3411 ἐξεθὲμην
2988 3339 3088 3408 τὴν
3134 3338 3184 3412 ἐξ
3216 3338 3397 3417 ἀρχῆς
3431 3361 3526 3414 μοι
3553 3342 3744 3419 προαί-

2102 3448 2265 3506 ρεσιν,
2314 3426 2404 3483 καὶ
2444 3427 2523 3489 ὡςσ
2567 3425 2644 3488 εἷς
2695 3428 2949 3497 ζητήσεις
2998 3427 3236 3503 ἀπόρους
3299 3428 3585 3499 ἐκενώθην,
3650 3430 3741 3486 καὶ

2098 3518 2271 3574 πάντα
2300 3516 2399 3572 ὅσα
2416 3536 2499 3571 σοι
2520 3516 2618 3584 τήν
2640 3512 3211 3592 ἀρχὴνπροεδήλωσα,
3244 3517 3318 3580 ὡς
3348 3521 3450 3576 40
3465 3516 3557 3574 ’ίνα
3578 3520 3654 3591 μὴ
3676 3518 3741 3574 τὰ

2097 3606 2233 3662 αύτά
2260 3603 2425 3660 πάλιν
2474 3607 2687 3681 γράφω.
2727 3602 2957 3679 Ἔλεγον
2992 3600 3068 3659 δέ·
3104 3605 3200 3659 Σοὶ
3235 3605 3329 3679 μὲν
3364 3606 3603 3680 ἑτοίμως
3625 3602 3739 3682 ἔχω

2098 3692 2420 3750 συνοδεύειν*
2454 3697 2613 3748 τοῦτο
2641 3691 2764 3768 γὰρ,
2799 3692 2897 3746 οὐκ
2921 3690 3041 3747 οἶδα
3068 3696 3113 3732 ⁸⁵
3142 3693 3313 3764 ὅπως,
3343 3694 3551 3770 χαίρων
3570 3693 3655 3750 θέλ
3669 3714 3733 3750 ω’

2093 3783 2242 3853 πλὴν
2274 3781 2394 3856 περὶ
2421 3779 2679 3851 ἀληθείας
2708 3785 2924 3854 πρῶτον
2955 3778 3447 3859 πληροφορηθῆναι
3471 3782 3737 3855 θέλω,ἳνα

2092 3877 2223 3950 γνῶ,
2267 3870 2311 3925 εἰ
2341 3873 2376 3939 ἡ
2408 3873 2452 3907 ⁸⁸
2498 3870 2650 3945 ψυχὴ
2700 3870 2865 3940 θνητὴ
2896 3870 3170 3946 τυγχάνει,
3213 3871 3248 3940 ἢ
3280 3871 3537 3934 ἀθάνατός
3570 3872 3733 3930 ἐστιν.

2093 3961 2184 4016 καὶ
2215 3960 2261 4016 εἰ
2288 3962 2332 3996 ⁸⁷
2378 3955 2553 4020 ἀίδιος
2608 3955 2761 4026 οὖσα,
2810 3958 2936 4035 περὶ
2987 3959 3061 4013 ὧν
3103 3957 3322 4037 ἔπραξεν
3369 3959 3592 4016 ἐνταῦθα
3618 3957 3735 4036 ἔχει

2095 4050 2365 4127 κριθῆναι·
2416 4048 2506 4102 κάὶ
2552 4045 2599 4101 εἷ’
2626 4048 2670 4084 ⁸⁸
2711 4046 2765 4102 τί
2813 4047 2944 4103 ποτὲ
2992 4045 3101 4103 ἐστι
3171 4045 3375 4103 δίκαιον
3423 4048 3459 4117 ἦ
3513 4047 3735 4125 ἄρεσκον

2097 4141 2230 4209 Θεῷ·
2264 4134 2357 4191 καὶ
2406 4134 2453 4191 εἰ
2503 4134 2693 4211 γέγονε
2735 4134 2962 4208 κόσμος,
3010 4135 3099 4191 καὶ
3132 4133 3221 4191 διὰ
3247 4135 3299 4191 τί
3332 4135 3540 4213 γέγονε,
3571 4136 3661 4192 καὶ
3694 4136 3741 4191 εἰ

2097 4223 2162 4282 οὒ
2218 4223 2531 4295 λυθήσεται,
2597 4222 2689 4279 καὶ
2736 4222 2785 4279 εἷ’
2839 4223 3151 4295 λυθήσεται·
3210 4226 3300 4281 καὶ
3364 4225 3411 4281 εί
3485 4225 3745 4300 κρείττων

2098 4313 2266 4387 ἔσται,
2309 4314 2344 4383 ἢ
2396 4308 2522 4367 οὐδὲ
2568 4309 2734 4367 ἔσται’
2784 4312 2872 4367 καὶ
2912 4310 3003 4367 ’ίνα
3050 4314 3125 4386 μὴ
3164 4313 3227 4369 τὸ
3254 4314 3369 4369 κατ’
3400 4310 3541 4376 εἶδος
3576 4312 3741 4389 λέγω,

2096 4402 2263 4460 ταῦτά
2307 4422 2366 4457 τε
2391 4404 2437 4439 ⁶⁹
2482 4399 2572 4455 καὶ
2618 4400 2687 4456 τὰ
2713 4399 2928 4463 τούτοις
2958 4400 3194 4475 ἑπόμενα
3249 4404 3434 4477 μαθεῖν
3471 4401 3621 4457 εἶπον
3653 4401 3743 4467 θὲ-

2098 4492 2236 4551 λειν.
2267 4492 2330 4549 Ὀ
2388 4487 2447 4546 δὲ
2492 4489 2628 4564 πρὸς
2675 4493 2844 4544 ταῦτα
2888 4488 3236 4565 ἀπεκρίνατοο
3293 4489 3586 4565 Συντόμως
3635 4510 3743 4559 σοι,

346 4579 684 4652 respondit:
719 4579 974 4635 Breviter
995 4579 1119 4647 tibi,
1169 4597 1203 4637 o
1244 4579 1529 4651 Clemens,
1581 4598 1775 4638 rerum
1806 4583 1991 4642 scien-

2104 4582 2177 4638 ὧν
2209 4578 2476 4653 Κλήμης,
2505 4579 2605 4648 τὴν
2634 4580 2742 4634 τῶν
2774 4572 2939 4635 ὄντων
2972 4583 3171 4656 γνῶσιν
3203 4580 3523 4657 παρέξομαι·
3563 4578 3654 4635 καὶ
3679 4578 3749 4634 τὰ

344 4667 490 4724 tiam
518 4666 840 4736 exhibebo;
872 4671 930 4724 et
953 4668 1079 4741 jam
1110 4684 1267 4725 nunc
1301 4668 1462 4726 audi.

2103 4674 2195 4727 νῦν
2228 4668 2450 4745 ἐξαυτῆς
2482 4665 2733 4727 ἄκουσον.

1691 4848 1939 4907 VARIE
1977 4848 2390 4909 LECTIONES.

415 4967 639 5046 ".ItaS
670 4970 911 5046 etAEpi't.
942 4966 1118 5046 Αεῗδεῖν
1164 4973 1315 5046 (ἓηΟ.
1347 4970 1437 5046 -.⁸³
1493 4968 1924 5046 ,ἐπηγγελλόμην
1956 4975 2018 5033 C.
2094 4976 2142 5013 δι
2199 4975 2264 5032 In
2316 4988 2433 5046 ius.
2501 4969 2966 5046 Clementinorum
3018 4972 3304 5046 scriptum
3362 4967 3743 5046 habeturAé):

345 5038 543 5117 ciente
570 5057 687 5117 quo
718 5038 952 5098 formari
986 5042 1294 5117 potestdq
1319 5038 1445 5117 εἷ’σει
1478 5038 1966 5117 ingi-éderejbit'ur
2019 5050 2086 5103 ut
2113 5046 2283 5117 vertit
2314 5043 2560 5117 Ruﬁnus
2588 5058 2602 5098 :
2635 5038 2762 5117 εἴσει
2795 5059 2850 5117 p.
2885 5043 3074 5117 εισισθι
3107 5038 3250 5117 [imo
3276 5044 3475 5117 potius
3520 5039 3697 5117 εἴσιθι]
3730 5057 3744 5096 :

345 5112 437 5168 vel
467 5111 542 5174 ὡς
575 5110 716 5183 εἷ’ση,
743 5122 804 5168 ut
829 5110 1137 5184 cognoscas.
1178 5116 1218 5171 Ο
1266 5113 1342 5175 ὡς
1386 5110 1559 5186 (θεῷ’
1623 5110 1835 5172 δι’νυιᾱ
1874 5116 2105 5191 lacuna)
2154 5116 2214 5171 ἐκ
2258 5114 2599 5187 ταυτομάτου
2646 5110 2729 5167 ὅτι
2759 5110 2932 5168 πάντα
2985 5115 3053 5167 τά
3083 5110 3217 5169 κατα
3245 5110 3322 5184 σέ,
3353 5134 3405 5168 κ’
3436 5132 3485 5167 τ.
3520 5111 3575 5171 λ.
3625 5111 3746 5165 ἀντ-

350 5178 547 5238 ἐϐαλον
579 5187 644 5239 Ο.
721 5185 765 5218 ⁸⁸
796 5185 878 5240 lia
906 5187 963 5241 S.
994 5184 1211 5241 ἐξέφανά
1239 5191 1297 5241 C.
1330 5188 1396 5241 0.
1430 5133 1649 5241 Deinde
1677 5186 1790 5241 lea.
1836 5186 1913 5241 ὡς
1960 5186 2251 5241 γλίγεσθαι
2296 5184 2386 5240 καὶ
2433 5182 2591 5239 αὐτόν
2651 5184 2709 5240 S.
2787 5184 2830 5221 ⁵⁸
2883 5184 3260 5241 ἐγκαθεσθῇαι
3309 5190 3374 5241 Ο.
3422 5185 3745 5241 καθεσθῆναι

350 5178 547 5238 ἐϐαλον
579 5187 644 5239 0.

347 5260 407 5323 Ο,
440 5255 757 5324 καθισθῆναι
817 5258 874 5312 S.
952 5258 994 5292 ⁵⁷
1032 5252 1205 5317 Ἵὸντος

422 5326 576 5400 Vb_b._
599 5324 673 5386 ὡς
702 5325 803 5400 γὰρ
837 5325 899 5400 σύ
930 5345 1046 5400 om.
1077 5333 1122 5385 Ο
1150 5346 1163 5396 ;
1196 5348 1253 5383 σε

721 5185 765 5218 ⁸⁸
796 5185 878 5274 lri‘a
906 5184 1211 5274 SL‘éiéfpavz
1239 5191 1305 5274 CA
1330 5184 1410 5274 0,;
1430 5184 1570 5274 Dein

1265 5182 1401 5313 ἕο,
1430 5182 1649 5269 Deinde
1677 5186 1913 5269 leg._d)c
1960 5182 2251 5273 vl‘iieaﬁat
2296 5184 2386 5240 καὶ
2428 5182 2591 5269 eam
2651 5184 2709 5240 S.

1313 5298 1325 5311 .
1388 5257 1580 5313 Lectio
1636 5266 1817 5313 nostri
1869 5262 2079 5313 codicis
2129 5263 2248 5313 iam
2295 5257 2513 5313 placuit
2561 5255 2709 5311 Schv

1313 5298 1325 5311 .
1388 5257 1580 5333 Lectio
1636 5255 1817 5313 nostri
1869 5255 2248 5333 codicis'jam
2295 5257 2536 5333 placuit_
2561 5255 2932 5333 Sphvyeglero
2977 5258 3099 5333 Cir.
3146 5260 3311 5333 ilom.
3341 5255 3403 5324 ιι,
3435 5258 3659 5333 28;_m,
3689 5255 3743 5333 3τ

1280 5326 1431 5404 Quod
1462 5328 1565 5404 91.,
1600 5346 1713 5384 non
1741 5335 1799 5398 C,
1833 5337 1899 5386 ut
1929 5298 2232 5404 perpoliam
2264 5298 2472 5404 a's'serit
2486 5328 2563 5404 §.
2592 5332 2657 5382 In
2686 5332 2732 5382 Ο
2759 5298 2973 5404 deinde
2998 5328 3207 5404 ξενίσας·
3239 5299 3403 5404 mium,
3427 5298 3586 5404 yzp'ﬁ,
3622 5298 3746 5404 ,ἀν-θ’

2787 5184 2830 5260 δὴ
2883 5184 3260 5260 ἐγκαθεσθῆναι
3309 5190 3374 5256 0,
3422 5185 3745 5260 θεαθεσθῆνὲί

348 5398 430 5484 ὧν⁸
454 5395 588 5489 αύξὴ
620 5394 725 5449 καί
865 5394 1219 5489 ᾑμάλήθειοι...
1266 5394 1575 5489 “fallaciae;
1683 5394 1947 5489 θυαε).ῐὲ
1969 5394 2133 5489 ρλψ
2162 5404 2285 5489 Ερξι
2314 5418 2361 5457 c.
2394 5399 2635 5489 153‘qu
2667 5399 2875 5489 stI‘Jip‘si
2948 5394 3090 5489 όγρυν
3121 5398 3304 5489 καλιξέν
3336 5394 3447 5471 (καὶ
3577 5437 3587 5449 .
3615 5394 3745 5489 ἐγω,

345 5468 434 5522 καὶ
465 5464 553 5522 arca
583 5488 656 5521 ων
683 5485 733 5523 c.
766 5474 831 5536 0,
865 5464 1046 5544 λόγων
1077 5468 1260 5524 καλῶν
1398 5466 1585 5545 λέγω).
1619 5467 1808 5525 ἀϊδίων
1838 5477 1897 5528 C.
1974 5464 2030 5510 ⁸⁰7
2046 5464 2298 5546 ἀψευδεῖς
2328 5478 2392 5528 Ο.
2466 5472 2510 5506 δί
2545 5488 2639 5521 σου
2672 5464 2871 5526 addidi
2927 5464 3072 5528 c.'O.
3107 5475 3151 5517 ⁶²

346 5542 384 5596 8
414 5557 465 5596 c.
497 5539 576 5595 Ci.
613 5540 659 5576 ⁸³
713 5539 803 5593 τὸν
848 5546 950 5597 τῆς
997 5538 1256 5597 ἀληθείας
1345 5540 1493 5597 όγον.
1544 5539 1602 5595 6'v
1650 5546 1709 5597 Ο.
1786 5545 1832 5580 ⁸⁸
1890 5545 2033 5597 Ἐγώ
2088 5551 2149 5597 C.
2184 5547 2339 5597 Idem
2385 5560 2490 5597 μου
2525 5557 2578 5597 D.
2617 5559 2708 5597 μοι
2784 5542 2828 5576 ⁸⁸
2880 5538 2981 5595 οἷδ’
3011 5548 3069 5597 C.
3145 5548 3151 5577 ⁴

346 5542 384 5596 8
414 5557 465 5596 c.
497 5540 576 5595 Cl.
613 5540 659 5576 ⁸³
713 5540 803 5593 τὸν
848 5540 957 5609 τῆς
997 5540 1256 5611 ἀληθείας
1306 5540 1493 5615 λόγον,
1544 5540 1602 5595 6'v
1650 5546 1709 5599 Ο.
1786 5545 1832 5580 ⁸⁸
1890 5545 2033 5620 Ἐγώ
2088 5540 2149 5603 C.
2184 5547 2339 5601 Idem
2385 5560 2490 5613 μου

343 5614 386 5648 ³⁷
440 5616 525 5667 Ita
553 5614 598 5667 Ο
628 5628 676 5667 c.
710 5611 862 5683 Epit.
909 5629 956 5669 ο.
1010 5615 1078 5669 16
1120 5611 1167 5683 εί
1216 5612 1472 5675 ἀθάνατός
1520 5610 1656 5681 ἐστι,
1699 5611 1789 5667 καί
1836 5614 1900 5673 C.
1974 5618 2019 5655 ⁸⁸
2048 5615 2217 5675 καίει
2248 5646 2316 5659 -
2368 5630 2451 5670 sc.

346 5542 384 5596 8
414 5557 465 5596 c.
497 5539 576 5595 Ci.
613 5540 659 5576 ⁸³
713 5539 803 5593 τὸν
848 5538 958 5609 τῆς
997 5538 1256 5611 ἀληθείας

345 5688 634 5743 commate
663 5682 933 5743 distinxit
960 5689 1092 5761 post
1121 5682 1167 5739 ei
1241 5683 1287 5722 ⁶⁰
1312 5702 1372 5740 τι
1399 5683 1679 5758 subjunxi
1706 5700 1759 5743 ο.
1788 5688 1855 5744 Ο.

3194 5470 3338 5547 φίλῳ
3379 5470 3751 5547 praetermisit

2566 5582 2578 5594 .
2616 5559 2708 5612 μοι
2784 5542 2828 5576 ⁸⁸
2880 5538 2981 5595 οἷδ’
3011 5548 3069 5598 C.
3145 5538 3216 5579 ω’
3243 5544 3278 5610 ἡ
3310 5538 3556 5597 accessit
3583 5556 3651 5594 ex
3679 5546 3744 5597 Ο.

2504 5557 2683 5665 ἀίδιος
2732 5607 2866 5665 οὖσα
2915 5608 3033 5665 ἔγει
3076 5614 3684 5665 xomivm.Pronterea
3713 5611 3744 5665 3

2536 5606 2683 5674 ἴδιος
2732 5607 2866 5667 οὖσα
2915 5608 3033 5689 ἔχει
3076 5606 3352 5690 κριθῆναι.
3372 5614 3684 5685 Propterea
3713 5611 3749 5668 3
