4116 6224
268 390 352 446 73
1433 387 1921 450 CLEMENTINA

2034 422 2075 431 —
2108 388 2442 449 HOMILIA
2485 391 2534 450 Ι.
3610 403 3687 459 ’74

342 518 540 573 XVIII.
573 518 640 573 Ἡ
693 521 795 571 τοῦ
852 522 987 573 Θεοῦ
1040 516 1214 593 βουλή
1265 517 1318 573 ἐν
1352 516 1548 590 ἀδήλῳ
1573 518 1762 593 γέγονε
1790 516 1921 573 κατᾶ

2112 518 2309 575 XVIII.
2340 518 2442 575 Dei
2470 519 2738 576 voluntas
2787 523 3007 579 multas
3039 526 3111 581 ob
3160 526 3414 584 rationes
3463 530 3689 587 occulta

269 605 522 667 πολλοὺς
585 605 847 681 τρόπους.
909 611 983 660 Τά
1040 608 1136 678 μὲν
1196 612 1387 683 πρῶτα
1446 608 1717 683 εἰσαγωγὴ
1762 607 1926 677 κακή,

270 695 569 771 συντροφία
618 694 854 770 πονηρὰ,
915 697 1168 765 συνήθεια
1212 693 1362 763 δεινή
1422 694 1620 768 ὁμιλία
1669 695 1729 751 οὐ
1760 692 1925 766 καλὴ,

264 783 558 856 πρόληψις
590 782 689 837 οῦκ
722 783 855 859 ὀρθή
889 786 952 820 ’⁷ο-
988 780 1074 837 διά
1099 787 1266 838 ταῦτα
1294 781 1499 854 πλάνη,
1556 784 1668 839 εἶτα
1705 778 1928 861 ἀφοϐία,

262 870 515 939 ἀπιστία,
572 871 815 944 πορνεία,
876 869 1229 948 φιλαργυρία,
1286 870 1589 942 κενοδοξία,
1639 871 1731 927 καὶ
1783 869 1929 926 ἄλλα

257 965 493 1014 τοιαῦτα
557 960 725 1035 μυρία
779 961 937 1031 κακὰ,
997 960 1180 1036 ὥσπερ
1238 965 1445 1016 καπνοῦ
1502 960 1739 1031 πλῆθος,
1772 961 1848 1022 εἱς
1880 962 1924 998 τί

258 1046 355 1103 ἕνα
386 1050 543 1104 οἷκον
568 1049 823 1104 οἰκοῦντα
849 1048 942 1103 τὸν
972 1048 1203 1121 κόσμον,
1234 1054 1343 1104 τῶν
1371 1045 1583 1113 ἔνδοθεν
1628 1048 1922 1104 οἰκούντων

261 1136 474 1212 ἀνδρῶν
510 1136 858 1203 ἐπεθὸλωσαν
892 1140 939 1175 ⁷²
970 1137 1063 1200 τὰς
1094 1139 1326 1211 ὁράσεις,
1366 1138 1455 1193 καὶ
1504 1141 1549 1175 ⁷³
1594 1137 1695 1193 οὐκ
1744 1135 1922 1193 ε’ίασαν

258 1222 673 1300 ἀναϐλέψαντας
703 1225 763 1281 ἐκ
790 1233 889 1296 τῆς
937 1223 1241 1303 διαγραφῆς
1287 1227 1379 1282 τὸν
1440 1223 1926 1303 δημιουργήσαντα

252 1322 457 1383 νοῆσαι
513 1316 670 1385 Θεὸν,
718 1314 809 1370 καὶ
858 1313 921 1370 τό
965 1315 1144 1389 τούτῳ
1184 1312 1479 1374 δοκοῦνιιι
1510 1316 1795 1391 γνωρίσαι.
1827 1316 1922 1372 Διὸ

254 1406 384 1467 τοὺς
417 1404 751 1479 φιλαλήθεις
782 1407 829 1449 τι
856 1402 1053 1460 ἔσωθεν
1090 1405 1202 1479 χρὴ
1238 1403 1298 1460 ἐκ
1326 1403 1558 1481 στέρνων
1619 1405 1923 1478 βοήσαντας

255 1494 581 1567 ἐπικουρίαν
614 1492 1100 1569 προσκαλέσασθαι,
1128 1492 1424 1571 φιλαλήθει
1454 1496 1499 1530 7⁸
1529 1491 1807 1569 λογισμῷ,
1832 1490 1923 1549 ἵνα

251 1604 364 1653 τις,
396 1582 556 1646 ἐντὸς
582 1580 655 1637 ὥν
676 1587 775 1637 τοῦ
804 1580 957 1637 οἷ’κου
972 1586 1069 1637 τοῦ
1090 1577 1480 1655 πεπλησμένου
1504 1586 1733 1651 καπνοῦ,
1756 1601 1923 1658 προσ-

252 1673 353 1725 ιὼν
416 1671 613 1746 ἀνοίξῃ
657 1671 843 1749 θύραν,
897 1670 1044 1733 ὅπως
1091 1667 1298 1744 δυνηθῇ
1345 1671 1409 1726 τὸ
1471 1670 1563 1744 μὲν
1625 1669 1776 1733 ἐκτὸς
1821 1673 1920 1725 τοῦ

250 1758 425 1829 ἡλίου
460 1766 581 1837 φῶς
615 1760 946 1836 εἰσκριθῆναι
976 1764 1055 1832 τῷ
1085 1757 1241 1833 οἵκῳ,
1274 1761 1302 1815 ὁ
1333 1756 1390 1815 δὲ
1420 1760 1569 1823 ἐντος
1605 1763 1703 1814 τοῦ
1747 1759 1919 1837 πυρὸς

254 1848 330 1902 ὧν
360 1845 544 1920 ἐκϐλη
556 1855 716 1919 θῆναι
748 1849 974 1912 καπνός.

324 2033 471 2083 XIX.
520 2027 622 2082 Τὸν
660 2027 752 2100 μὲν
788 2026 880 2081 οῦν
916 2025 1113 2103 βοηθὸν
1145 2022 1313 2099 ἄνδρα
1342 2026 1433 2081 τὸν
1466 2023 1649 2097 ἀληθῆ
1696 2027 1919 2104 προφή-

246 2137 351 2186 την
387 2115 568 2190 λέγω,
602 2117 662 2177 ’ὸς
694 2115 859 2188 μόνος
892 2115 1121 2193 φωτίσαι
1152 2116 1331 2191 ψυχᾶς
1354 2114 1653 2192 ἀνθρώπων
1679 2112 1917 2188 δύναται,

415 2203 480 2257 ἃν
532 2203 718 2265 αὐτοῖς
770 2202 1079 2280 ὀφθαλμοῖς
1127 2200 1426 2273 δυνηθῆναι
1470 2204 1618 2276 ἡμᾶς
1652 2199 1843 2258 ἐνιδεῖν
1875 2204 1920 2239 ⁷⁸

249 2301 351 2361 τῆς
387 2292 624 2347 αῗωνίου
654 2291 927 2364 σωτηρίας
956 2293 1054 2360 τῆν
1088 2290 1235 2348 ὁδόν.
1270 2289 1497 2353 Ἀλλως
1529 2288 1586 2346 δὲ
1632 2288 1916 2364 ἀδύνατον,

250 2382 329 2443 ὡς
381 2381 543 2435 οἶσθα
590 2380 680 2435 καὶ
729 2380 792 2434 σὺ
828 2385 1006 2457 μικρῷ
1035 2379 1224 2457 τάχιον
1259 2379 1445 2452 εἰπὼν,
1479 2380 1556 2443 ὡς
1606 2385 1753 2435 πᾶσα
1806 2382 1841 2450 ἡ
1874 2382 1918 2416 ’³⁷

251 2469 515 2532 ὑπόθεσις
600 2470 1008 2540 ἀνασκευάζεται
1084 2470 1174 2525 καὶ
1255 2470 1725 2541 κατασκευάζεται,
1826 2468 1917 2524 καὶ

250 2561 392 2632 πρὸς
424 2560 526 2627 τήν
560 2563 659 2613 τοῦ
691 2556 1031 2621 ἐκδικοῦντος
1068 2556 1293 2632 δύναμιν
1334 2561 1371 2628 ἡ
1398 2558 1532 2628 αὐτή
1565 2557 1781 2629 ἀληθὴς
1827 2559 1919 2614 καὶ

255 2646 467 2722 ςνενδδης
496 2647 800 2721 νομίζεταν
835 2649 910 2710 ὡς
946 2647 1139 2720 μηκέτι
1177 2649 1270 2709 τὰς
1318 2648 1596 2710 ὑποθέσεις
1647 2646 1919 2725 φαίνεσθαι

259 2736 285 2790 8
347 2735 510 2807 εἶσιν,
576 2735 715 2791 ἀλλὸ
738 2737 885 2811 παρά
910 2735 1037 2798 τοὺς
1070 2733 1408 2798 ἐκδικοῦντας
1438 2735 1723 2814 φαντασίαν
1774 2733 1919 2809 λαμ-

266 2820 452 2879 Ξάνειν
485 2829 585 2879 τοῦ
615 2825 749 2879 εἶναι
778 2822 813 2893 ἤ
852 2825 927 2897 μὴ
954 2824 1089 2879 εἶναι
1119 2823 1342 2895 ἀληθεῖς
1374 2822 1410 2893 ἤ
1442 2822 1675 2898 ψευδεῖς.
1716 2823 1920 2880 Τούτου

260 2912 443 2968 ’ἕνεκεν
477 2916 521 2950 τε
581 2916 867 2991 προφήτου
914 2911 1153 2984 ἀληθοῦς
1203 2912 1333 2968 ’ὀλον
1380 2914 1443 2968 τὸ
1500 2916 1597 2983 τῆς
1648 2908 1919 2977 εὐσεϐείας

261 3000 467 3072 ἐδεήθη
524 3008 773 3076 πρᾶγμα,
814 3002 906 3056 ’ἱνα
952 3004 1087 3075 ἡμῖν
1140 3001 1237 3077 ἐρῇ
1270 3006 1315 3045 ⁷9
1359 3002 1427 3057 τὰ
1478 2997 1605 3058 ὄντα
1647 3002 1722 3065 ὥς
1754 3002 1920 3075 ἐστιν,

261 3092 353 3145 καὶ
386 3092 463 3152 ὡς
498 3088 580 3145 δεῖ
608 3092 731 3166 περί
762 3092 974 3145 πάντων
1014 3090 1307 3149 πίστεύειν.
1339 3093 1499 3147 Ὥστε
1537 3096 1753 3167 πρῶτον
1804 3092 1918 3167 χρὴ

260 3181 357 3235 τὸν
416 3183 703 3257 προφήτην
753 3179 895 3254 πάσῃ
937 3182 1007 3253 τῇ
1052 3184 1367 3257 προφητικῇ
1417 3179 1644 3251 ἐξετάσει
1687 3177 1916 3254 δοκιμά-

1950 1882 2000 1947 Β

2039 607 2169 662 fuit.
2204 608 2465 664 Primum
2520 609 2756 680 quidem
2794 627 2975 683 prava
3030 613 3342 683 institutio,
3390 618 3690 675 convictus

2039 694 2304 764 vitiosus,
2326 698 2689 754 consuetudo
2716 699 3063 772 perniciosa,
3085 702 3240 758 mala
3260 703 3691 776 colloquia,non

2040 788 2195 838 recta
2244 785 2587 856 opinionum
2640 787 3000 859 anticipatio,
3039 792 3094 845 et
3144 797 3447 864 eapropter
3487 810 3688 863 error;

2038 870 2172 926 dein
2201 878 2596 946 contemptus,
2630 874 3031 945 incredulitas,
3060 877 3385 947 fornicatio,
3420 882 3686 953 avaritia,

2036 958 2228 1016 inanis
2258 961 2461 1033 gloria,
2492 962 2723 1035 aliaque
2753 964 2973 1019 similia
2994 966 3303 1023 innumera
3327 970 3502 1040 mala,
3530 970 3689 1027 velut

2034 1047 2241 1120 ingens
2262 1050 2462 1106 fumus
2484 1068 2663 1107 unam
2685 1053 2927 1109 domum
2950 1055 3239 1111 mundum
3263 1056 3576 1115 incolentia
3597 1060 3688 1115 in-

2034 1141 2132 1194 tus
2162 1138 2554 1195 habitantium
2588 1140 2892 1197 hominum
2940 1144 3129 1199 visum
3162 1145 3542 1216 oﬂ'uscarunt,
3578 1164 3685 1205 nec

2032 1226 2296 1283 siverunt
2324 1228 2602 1300 aspicere,
2627 1234 2800 1302 atque
2816 1231 3022 1287 mundi
3040 1240 3358 1291 creatorem
3390 1239 3572 1292 Deum
3592 1235 3684 1294 in-

2029 1314 2288 1388 telligere
2315 1333 2383 1373 ex
2412 1318 2487 1374 iis
2514 1317 2576 1373 in
2601 1318 2817 1391 quibus
2849 1318 2974 1391 ipse
3006 1337 3069 1377 se
3117 1321 3328 1394 pinxit,
3362 1340 3553 1397 neque
3582 1341 3685 1382 co-

2029 1420 2308 1477 gnoscere
2337 1407 2494 1478 quod
2525 1406 2576 1463 ei
2608 1407 2814 1480 placet.
2848 1409 3129 1475 Quocirca
3169 1415 3399 1483 oportet
3430 1419 3495 1469 ut
3520 1414 3680 1471 veri-

2030 1494 2170 1551 tatis
2199 1495 2447 1552 studiosi
2479 1495 2642 1553 intus
2686 1512 2753 1552 ex
2782 1502 3015 1570 pectore
3048 1498 3323 1568 clament,
3364 1501 3684 1561 auxilium-

2029 1598 2144 1654 que
2192 1585 2491 1657 advocent,
2524 1585 2746 1642 ratione
2794 1588 3060 1644 studium
3109 1589 3368 1647 veritatis
3398 1592 3687 1649 decente8

2030 1688 2144 1744 quo
2175 1672 2387 1744 aliquis
2417 1674 2574 1730 intra
2602 1674 2845 1731 domum
2891 1675 3053 1732 fumo
3088 1676 3321 1748 plenam
3354 1681 3655 1738 consisten

2030 1763 2267 1817 accedat
2297 1761 2565 1834 foresque
2596 1764 2837 1835 aperiat,
2871 1769 2938 1820 ut
2985 1764 3185 1822 lumen
3217 1768 3360 1825 solis
3391 1774 3553 1827 extra
3582 1788 3685 1844 po-

2030 1850 2209 1905 situm
2242 1850 2301 1905 in
2343 1852 2584 1907 domum
2634 1854 2822 1923 possit
2851 1853 3185 1923 intromitti,
3216 1855 3373 1928 ignis
3422 1874 3557 1916 vero
3588 1860 3681 1916 fu-

2030 1957 2185 2008 mus,
2218 1940 2317 2010 qui
2343 1939 2499 1996 intro
2530 1944 2641 2009 est,
2673 1941 2827 2012 ejicl.

2100 2028 2238 2083 XIX.
2261 2028 2426 2083 Hunc
2441 2028 2622 2101 igitur
2637 2029 2967 2100 adjutorem
2987 2031 3307 2103 hominem,
3322 2050 3521 2092 verum
3547 2052 3679 2109 pro-

2029 2116 2264 2188 phetam
2288 2115 2543 2188 dico,qui
2564 2117 2726 2173 solus
2748 2118 2975 2175 animas
2997 2120 3305 2177 hominum
3329 2128 3518 2195 potest
3544 2124 3679 2182 illu-

2029 2205 2398 2277 minare,quo
2411 2204 2556 2277 ipsis
2570 2204 2753 2262 oculis
2766 2206 2918 2262 viam
2930 2211 3154 2264 aeternae
3168 2210 3375 2267 salutis
3388 2211 3678 2284 inspicere

2028 2292 2345 2366 possimus.
2378 2292 2559 2349 Aliter
2586 2293 2743 2349 enim
2782 2294 2907 2350 ﬁeri
2940 2297 3158 2367 nequit,
3193 2301 3259 2353 ut
3287 2299 3462 2369 nosti,
3494 2304 3678 2373 tuque

2028 2379 2200 2452 paulo
2223 2385 2356 2436 ante
2377 2380 2630 2449 dicebas,
2651 2383 2806 2453 quod
2830 2399 3040 2456 nempe
3062 2401 3235 2441 omne
3260 2393 3676 2459 argumentum

2027 2470 2349 2525 destruitur
2369 2474 2426 2525 et
2454 2470 2758 2542 astruitur,
2783 2474 2955 2543 atque
2987 2473 3142 2528 idem
3152 2475 3323 2544 juxta
3352 2492 3679 2549 propugna-

2027 2558 2171 2613 toris
2202 2557 2539 2614 facultatem
2564 2575 2763 2615 verum
2788 2565 2846 2615 et
2876 2560 3092 2617 falsum
3109 2562 3509 2629 existimatur;
3534 2566 3678 2621 adeo

2030 2649 2095 2700 ut
2125 2646 2449 2713 sententiae,
2480 2645 2686 2717 quales
2715 2647 2854 2715 sint,
2888 2664 3004 2703 non
3042 2650 3168 2719 jam
3203 2656 3542 2722 appareant,
3576 2653 3678 2709 sed

2029 2750 2132 2806 per
2161 2734 2554 2806 disputatores
2577 2735 2830 2808 speciem
2855 2736 3143 2809 accipiant
3165 2739 3428 2796 veritatis
3446 2745 3547 2796 aut
3578 2740 3682 2797 fal-

2029 2824 2240 2879 sitatis.
2275 2823 2555 2888 Quocirca
2584 2827 2774 2879 totum
2796 2824 3029 2896 pietatis
3052 2827 3351 2899 negotium
3382 2845 3514 2885 vero
3546 2845 3680 2903 pro-

2027 2912 2205 2985 pheta
2230 2911 2501 2985 indiguit,
2534 2916 2599 2968 ut
2627 2912 2797 2969 nobis
2837 2931 2963 2986 quae
2991 2919 3131 2971 sunt
3178 2917 3677 2988 quemadmodum

2028 3005 2167 3058 sunt
2196 3001 2431 3071 diceret,
2456 3018 2523 3058 ac
2544 3018 2660 3073 quo
2690 3002 2862 3058 modo
2885 3003 2956 3059 de
2980 3003 3255 3060 omnibus
3278 3010 3542 3077 oporteat
3558 3023 3679 3064 cre-

2026 3091 2183 3146 dere.
2216 3090 2402 3154 Quare
2434 3094 2659 3162 Oportet
2699 3089 2980 3162 primum,
3013 3093 3385 3164 comprobato
3414 3112 3518 3167 per
3545 3112 3676 3153 om-

2028 3195 2163 3235 nem
2194 3178 2599 3251 propheticam
2619 3178 3064 3250 inquisitionem
3084 3180 3389 3253 propheta,
3414 3200 3549 3239 cum
3576 3201 3673 3241 co-

260 3289 431 3324 σαντα
467 3269 558 3323 καὶ
590 3268 879 3343 ἐπιγνόντα
904 3269 971 3323 τὰ
997 3270 1044 3305 ⁸ο
1068 3268 1275 3339 ἀληθῆ,
1297 3273 1393 3324 τοῦ
1424 3267 1627 3325 λοιποῦ
1656 3269 1721 3325 τά
1750 3268 1920 3325 πάντα

2034 3267 2261 3341 gnitum
2291 3265 2401 3322 erit
2446 3283 2645 3322 verum
2694 3283 2843 3337 esse,
2876 3268 2947 3323 de
2992 3273 3196 3324 caetero
3242 3270 3514 3327 universa
3558 3272 3674 3343 ipsi

258 3360 415 3428 αὐτῷ
461 3357 754 3427 πιστεύειν,
803 3357 893 3412 καὶ
947 3356 1137 3430 μηκέτι
1184 3359 1248 3413 τὸ
1285 3359 1405 3422 καθ’
1433 3355 1486 3413 ἕν
1516 3355 1740 3413 ἕκαστον
1806 3362 1915 3414 τῶν

261 3447 354 3501 ὑπ’
408 3447 575 3502 αὐτοῦ
642 3445 954 3521 λεγομένων
1022 3446 1349 3520 ἀνακηίνειν,
1414 3445 1561 3503 ἀλλά
1624 3441 1916 3521 λαμϐάνειν

262 3536 403 3591 αὗτά
463 3530 658 3612 βέϐαια
706 3532 852 3608 ὄντα,
895 3533 1127 3610 δοκούσῃ
1179 3536 1273 3609 μὲν
1300 3536 1497 3608 πίστει,
1531 3535 1808 3614 ληφθέντα
1863 3534 1921 3592 δὲ

260 3624 503 3701 ἀπταλεῖ
534 3625 728 3698 κρίσει·
764 3621 1029 3698 ἀποδείξει
1059 3626 1160 3702 γὰρ
1195 3624 1291 3698 μίᾷ
1434 3626 1691 3701 ἀπαρχῆς
1737 3626 1827 3680 καὶ
1874 3628 1918 3664 εί

266 3708 486 3789 ἀκριϐεῖ
511 3716 613 3771 42
648 3712 877 3783 ἐξετάσει
904 3717 972 3787 τῇ
1002 3713 1337 3790 πανταχόθεν
1378 3715 1445 3769 τὰ
1491 3713 1595 3769 ὅλα
1646 3714 1796 3789 ἀρθῷ
1844 3710 1919 3769 εἶ’-

264 3802 477 3873 ληπται
514 3800 792 3878 λογισμῷ,
825 3804 917 3857 Διὸ
943 3802 1051 3880 πρὸ
1074 3804 1289 3857 πάντων
1317 3803 1408 3858 τὸν
1428 3802 1607 3873 ἀληθῆ
1631 3804 1919 3879 προφήτην

268 3898 451 3962 ζητεῖν
516 3889 619 3961 δεῖ,
670 3890 752 3946 ὅτι
802 3889 923 3947 ἄνευ
964 3892 1159 3948 τούτου
1194 3888 1410 3968 βέϐαιόν
1442 3913 1495 3948 τι
1523 3897 1803 3969 προσεῖναι
1834 3892 1925 3948 ἀν·-

266 3985 463 4058 θρώπο
474 4003 521 4044 ις
551 3978 837 4040 ἀδύνατον.

338 4073 461 4129 XX.
496 4071 597 4126 Καί
631 4071 779 4143 ὁμῶς
814 4068 1075 4125 ἀνέπαυσέ
1107 4091 1194 4143 με,
1228 4069 1513 4145 ἐκθέμενός
1548 4091 1643 4144 μοι
1688 4069 1769 4132 τίς
1812 4068 1922 4125 ἐστι

266 4160 359 4215 καὶ
386 4166 511 4221 πῶς
542 4159 861 4234 εὑρίσκεται,
889 4160 978 4215 καὶ
1010 4158 1226 4231 ἀληθῶς
1254 4159 1468 4235 εὑρετόν
1500 4181 1593 4233 μοι
1624 4160 1923 4237 παρασχὼν

270 4249 449 4320 αὐτὸν,
486 4253 594 4303 τῶν
624 4248 769 4323 παρά
814 4247 1129 4321 ὀωθαλμοῖς
1181 4247 1473 4323 ὁρωμένων
1530 4248 1923 4327 ἐμφανεστέραν

266 4338 335 4412 τῇ
366 4342 467 4393 τοῦ
499 4340 785 4415 προφήτου
818 4336 1013 4409 ὁμιλίᾳ
1037 4342 1155 4399 τοῖς
1187 4337 1287 4391 ὠσὶ
1319 4335 1491 4409 δείξας
1512 4338 1611 4407 τὴν
1645 4336 1943 4409 ἀλήθειαν,

270 4428 344 4489 ὡς
390 4425 735 4501 ὲκπλάγέντα
783 4445 851 4499 με
899 4426 1214 4499 θαυμάζειν,
1256 4430 1374 4488 πῶς
1420 4429 1528 4481 τῶν
1562 4431 1693 4481 πᾶσι
1737 4430 1929 4496 ζητου-

274 4516 449 4589 μένων
522 4514 829 4591 ’ἔμπροσθεν
918 4515 1179 4587 κειμένων
1264 4512 1442 4576 οὐδεὶς
1516 4513 1694 4589 ἐνορᾷ·
1770 4512 1925 4583 Πλὴν

273 4606 486 4681 γράψας
507 4604 599 4660 τόν
622 4605 744 4681 περὶ
769 4606 1057 4683 προφήτου
1079 4601 1269 4679 λόγον,
1303 4602 1467 4659 αὐτοῦ
1487 4601 1841 4666 κελεύσαντος
1858 4605 1925 4675 ⁸³,

278 4695 380 4748 ἀπὸ
436 4701 540 4763 τῆς
602 4692 926 4767 Καισαρείας
979 4699 1082 4762 τῆς
1139 4695 1459 4768 Στράτωνος
1518 4690 1924 4769 διαπεμφθῆναί

279 4783 361 4837 σοί
391 4783 624 4854 σποίησε
650 4784 698 4820 ⁸³
722 4783 816 4839 τὸν
855 4780 1046 4856 τόμον,
1075 4783 1221 4858 παρά
1250 4786 1346 4837 σοῦ
1377 4778 1602 4850 ἐντνλήν
1649 4778 1794 4858 ἔχειν
1844 4779 1926 4836 εἰ-

2026 3356 2391 3425 credere,nec
2405 3354 2659 3427 amplius
2679 3355 3021 3429 singulatim
3038 3357 3165 3427 ejus
3192 3357 3344 3414 dicta
3360 3359 3671 3431 discutere,

2028 3444 2129 3501 sed
2162 3461 2230 3500 ea
2260 3445 2429 3500 ﬁrma
2459 3450 2733 3516 certaque
2780 3462 3131 3516 prwsumere
3156 3465 3169 3515 ;
3204 3464 3307 3519 per
3334 3448 3509 3503 ﬁdem
3540 3450 3671 3521 qui-

2028 3534 2184 3602 dem,
2216 3538 2281 3588 ut
2308 3533 2559 3601 videtur,
2589 3549 2692 3604 per
2722 3533 3124 3590 indubitatum
3156 3539 3350 3591 tamen
3374 3537 3669 3607 judicium

2030 3627 2331 3694 suscepta:
2350 3638 2451 3693 per
2467 3638 2645 3677 unam
2667 3622 2823 3677 enim
2847 3622 2919 3677 ab
2936 3622 3103 3678 initio
3116 3624 3675 3682 demonstrationem

2030 3715 2207 3783 atque
2235 3714 2496 3766 exactam
2528 3709 3025 3781 disquisitionem,
3060 3711 3319 3784 undique
3348 3712 3678 3780 collectam,

2032 3804 2246 3857 cuncta
2284 3798 2507 3855 ratione
2559 3804 2717 3855 recta
2765 3803 3071 3871 assumpta
3121 3804 3278 3855 sunt.
3312 3802 3501 3867 Quare
3547 3806 3682 3858 ante

2034 3888 2235 3945 omnia
2263 3904 2434 3944 verus
2456 3887 2737 3959 propheta
2760 3888 3107 3959 quaerendus
3129 3893 3219 3945 est
3241 3906 3254 3958 ;
3290 3890 3569 3960 quoniam
3600 3890 3682 3946 si-

2034 3995 2108 4035 ne
2127 3981 2254 4050 ipso
2289 3976 2443 4031 firmi
2473 3974 2615 4047 quid
2647 3977 2803 4047 apud
2826 3975 3095 4032 homines
3119 3979 3322 4049 nequit
3341 3978 3678 4035 consistere.

2104 4066 2216 4122 ΧΧ.
2248 4063 2551 4135 Simulque
2580 4062 2861 4120 satisfecit
2889 4064 3056 4133 mihi,
3080 4081 3395 4138 exponens,
3417 4066 3552 4138 quis
3579 4067 3679 4138 sit,

2034 4160 2091 4212 et
2121 4171 2235 4229 quo
2268 4157 2435 4226 pacto
2484 4151 2849 4220 inveniatur;
2882 4169 3130 4225 vereque
3177 4155 3416 4210 inventu
3449 4153 3679 4211 facilem

2034 4260 2169 4301 eum
2218 4241 2363 4298 mihi
2412 4241 2696 4313 praebuit;
2751 4244 2927 4314 atque
2955 4258 3058 4314 per
3105 4258 3406 4300 sermones
3448 4244 3520 4299 de
3549 4260 3684 4316 pro-

2035 4333 2211 4406 pheta
2232 4330 2472 4386 auribus
2494 4330 2643 4385 meis
2659 4330 2960 4386 veritatem
2983 4330 3289 4388 clariorem
3317 4331 3412 4400 iis,
3435 4349 3561 4405 qua
3583 4349 3688 4405 per

2036 4420 2236 4477 oculos
2267 4421 2605 4489 cernuntur,
2638 4418 2892 4475 reddidit
2920 4436 2934 4487 ;
2968 4420 3111 4476 adeo
3152 4425 3217 4476 ut
3245 4420 3687 4492 obstupefactus

2037 4509 2303 4579 mirarer,
2335 4522 2449 4577 quo
2497 4506 2670 4562 modo
2723 4522 2792 4562 ea
2836 4522 2961 4578 quae
3006 4522 3210 4565 omnes
3258 4513 3547 4581 quaerunt,
3592 4525 3688 4566 co-

2037 4615 2163 4655 ram
2196 4597 2386 4670 posita
2405 4611 2576 4652 nemo
2595 4595 2811 4651 videat.
2836 4595 3038 4668 Itaque
3051 4598 3227 4668 jussu
3250 4597 3439 4669 ipsius
3463 4599 3535 4655 de
3555 4614 3688 4656 vero

2035 4687 2318 4761 propheta
2347 4683 2667 4756 conscripsi
2697 4682 2938 4753 librum,
2960 4701 3136 4757 quem
3161 4686 3231 4743 de
3256 4686 3517 4744 Caesarea
3537 4686 3693 4744 Stra-

2033 4776 2213 4834 tionis
2242 4775 2315 4832 ad
2344 4777 2402 4830 te
2430 4772 2584 4829 mitti
2631 4771 2836 4843 voluit,
2871 4774 3074 4832 dicens
3123 4791 3187 4832 se
3217 4791 3251 4832 a
3279 4779 3335 4832 te
3382 4774 3599 4833 habere
3628 4775 3690 4833 in

1643 4942 1881 5001 VARUE
1922 4936 2334 4998 LECTIONES.

350 5063 396 5097 το
426 5060 703 5134 εἷσαγωγῇ
730 5063 869 5132 κακῇ
903 5057 1220 5137 συντροφίας
1250 5062 1517 5134 πονηρᾷς,
1550 5056 1804 5129 συνηθείᾳ
1834 5054 2004 5131 δεινῇ,
2037 5051 2233 5127 ὁμιλίᾷ
2264 5046 2326 5104 οὗ
2354 5044 2522 5133 καλῇ,
2562 5045 2839 5173 πῇολήφει
2889 5046 2989 5103 οὐκ
3037 5046 3172 5122 ὀρθῇ
3231 5050 3295 5106 0.
3370 5050 3416 5087 τί
3475 5050 3561 5108 Ita
3618 5050 3685 5125 Ο,

383 5137 423 5173 r‘.
478 5132 550 5173 εἶν
580 5130 671 5173 ’.ἔ-ιη
704 5131 851 5173 ἠγνηυ
886 5128 1106 5173 sla/wn
1158 5131 1251 5173 ιτλν
1300 5151 1505 5173 νῆηηηυ
1574 5135 1681 5173 τπιυ
1726 5127 1953 5173 ﬂexam»,
2008 5147 2061 5173 κ,
2100 5147 2150 5173 τ-
2202 5120 2258 5173 λ.
2308 5125 2553 5173 conlect.
2662 5160 2674 5173 .
2727 5139 2752 5173 ε
2781 5140 2804 5173 ς
2845 5114 2939 5173 ἕνα
2986 5119 3132 5173 οἶκον
3166 5118 3543 5173 ἐπεισελθόντα
3592 5122 3684 5173 τὸν

281 5132 351 5192 ὡς
383 5137 443 5198 C,
478 5120 1128 5203 εἷς”ἐινα’”οἷκον’έλθόνταξ
1158 5120 1251 5186 τὸν
1300 5120 1527 5203 κοὰξιὸν,
1574 5120 1681 5185 τῶν
1726 5120 1981 5199 ἔνδοθενξ
2008 5120 2159 5203 κ.’τΣ
2202 5120 2258 5180 λ.
2308 5120 2553 5203 οορᾱεςι,

2781 5140 2804 5180 ς
2845 5114 2939 5173 ἕνα
2986 5114 3543 5177 οἶκόνέπεισελθόντα
3592 5114 3684 5177 τὸν

276 5188 507 5275 κόσμον,
538 5188 591 5259 κ.
616 5224 668 5258 τ.
703 5201 759 5258 λ.
792 5205 936 5274 Epit.
970 5220 1016 5258 ο.
1053 5188 1136 5258 17’.
1172 5203 1367 5260 Ruﬁn.
1402 5188 1527 5260 hec:
1560 5206 1607 5270 Ι,
1642 5205 1742 5259 15:
1781 5188 2096 5260 Universam
2125 5198 2345 5253 domum
2375 5188 2536 5319 ὴξέιίαε
2566 5191 2767 5280 ιηιιῃάί
2802 5192 3054 5263 replevit.
3104 5196 3194 5247 An
3246 5188 3337 5247 ἕνα
3396 5191 3541 5247 οἶκον
3576 5192 3685 5247 εἱσ-

278 5280 530 5319 (νγηῗὲντα
558 5278 582 5313 9
651 5275 697 5309 τε
756 5272 1093 5319 ἐπιρηλῶσαν
1154 5275 1215 5319 Π
1293 5276 1341 5310 78
1393 5273 1482 5319 καί
1539 5291 1630 5319 nm
1714 5274 1776 5319 ni
1842 5274 1939 5319 nni
2000 5270 2130 5319 exh.
2178 5264 2373 5319 εἴασεν.
2477 5279 2572 5318 um
2626 5281 2718 5316 τον
2769 5256 3102 5319 δημιουργὸν
3163 5270 3595 5319 συγκατανοαῖωαι
3625 5268 3685 5319 C.

278 5264 582 5345 οεκόῦν-ξαῗ
651 5275 697 5309 ⁷³
756 5264 1093 5345 ἐπίθολῷσαν
1154 5275 1217 5331 Ο.
1293 5276 1341 5310 ⁷⁸
1393 5273 1482 5327 καί
1539 5264 1654 5331 om.
1714 5274 1779 5341 0,
1842 5274 1943 5345 qui
1996 5270 2130 5345 exh.
2178 5264 2373 5345 εἴασεν.

275 5348 318 5379 ⁵⁸
346 5344 679 5413 σιλαληθεῖς
709 5350 769 5401 C.
845 5333 892 5381 ⁷-⁵
920 5342 1220 5450 φιλαληθεῖ
1268 5345 1330 5401 C.
1382 5347 1533 5401 Tum
1588 5350 1624 5400 S
1672 5333 1946 5418 proponit
1994 5339 2145 5402 ἐκτός
2206 5356 2262 5410 p.
2309 5333 2476 5395 ἐντός.
2552 5335 2597 5369 ’⁸⁵
2645 5339 2735 5389 Ita
2762 5337 2818 5388 S-
2853 5333 3211 5423 SUEfdg§Dt6

275 5421 314 5450 π
343 5410 372 5450 3
416 5419 659 5450 manu":
694 5435 721 5450 ρ.
778 5417 821 5450 n
946 5418 967 5450 ε
998 5411 1189 5450 eam“...
1224 5417 1263 5450 ρ
1363 5418 1407 5450 7o
1438 5414 1548 5450 1...:
1577 5417 1621 5450 n
1719 5418 1765 5450 so
1792 5415 1856 5450 ρης
1890 5413 2083 5450 nam.“
2120 5429 2148 5450 η
2212 5409 2256 5450 n
2354 5409 2398 5443 81
2432 5402 2523 5450 καί
2569 5421 2683 5450 nm.
2719 5405 2785 5450 ﬂ-
2860 5404 2907 5441 8³
2955 5402 3208 5450 κελευσαν

946 5418 967 5451 ⁸
997 5409 1189 5499 εἷκεκεν
1224 5417 1293 5499 (ξζ
1327 5418 1407 5499 λθ
1438 5414 1548 5499 ἐρεῖ
1673 5409 1691 5418 ’
1719 5409 2092 5499 “Piri-addidi.
2120 5429 2172 5468 c.

274 5421 314 5453 7'-
415 5410 661 5487 adjunxi
693 5435 739 5472 c.
778 5417 841 5472 Ο.

2477 5279 2572 5318 um
2626 5260 2718 5316 τὸν
2769 5256 3102 5337 δημιουργὸν
3163 5282 3226 5316 συ
3268 5268 3686 5331 κατανοῆσαιο.

2552 5335 2597 5369 ’³⁵
2645 5339 2735 5389 Ita
2762 5337 2818 5388 S.
2853 5334 3211 5391 suffragante
3339 5331 3556 5388 ἐνειδεῖν
3624 5334 3686 5390 G.

3290 5378 3304 5403 ,
3339 5331 3556 5388 ἐνειδεῖν
3624 5334 3687 5390 C.

2354 5409 2398 5443 ⁸¹
2432 5402 2523 5458 καί
2569 5421 2685 5460 om.
2719 5405 2785 5461 0.
2860 5404 2907 5476 9³
2955 5402 3296 5459 κελεύσαντα
3325 5406 3391 5476 Ο,
3450 5422 3519 5461 ex
3545 5421 3691 5476 quo

274 5475 525 5547 accessit
569 5495 667 5556 τῆς
696 5494 831 5562 ante
888 5486 1227 5562 Στράτωνος.
1249 5475 1632 5562 8"Manifesta
1661 5492 1750 5543 est
1777 5487 1956 5562 hujus
1983 5484 2094 5562 loci
2144 5477 2504 5562 corruptela.
2554 5476 2832 5562 Rufinus.
2856 5475 2939 5562 ita
2977 5475 3434 5562 interpretatur}
3469 5498 3498 5562 ε(
3531 5475 3692 5531 Unde

270 5563 510 5634 jnbente
544 5547 711 5634 eo'_—-
748 5547 976 5616 librum'
998 5591 1065 5601 —
1097 5547 1438 5634 conscripsi,
1487 5575 1738 5634 eumque
1779 5547 1946 5634 ad'te
1972 5558 2109 5634 _ips_o
2133 5547 2380 5632 jubente
2408 5547 2734 5634 transmisi.
2770 5547 3008 5634 Qicebat
3038 5547 3215 5634 enim,
3245 5548 3595 5634 'mandart‘um
3629 5562 3692 5634 se

275 5614 713 5707 agilia—378138
1047 5614 1492 5707 transmitteret.
1521 5653 1552 5681 »ι
1582 5614 1746 5707 Οὖρθ
1796 5614 2155 5707 οιξθάὶᾀέςίαῐ
2192 5620 2604 5707 corrjgendum
2642 5634 2772 5676 esse
2798 5616 3030 5690 ἐποίησα
3056 5623 3113 5676 et
3141 5614 3429 5678 ειπόντος..
3462 5617 3523 5676 Si
3552 5633 3694 5675 ana-

276 5694 539 5764 colnihia
585 5694 946 5773 conceditur,
976 5702 1358 5761 inserendum
1388 5700 1598 5760 saltem
1638 5700 1700 5755 οὗ
1731 5704 1866 5773 post
1895 5694 2270 5757 κελεύσαντος.
2303 5696 2361 5748 8.
3676 5712 3679 5715 »

564 5831 835 5895 Paeon.
880 5829 992 5894 Gn.
1036 5828 1118 5893 II.

3372 5817 3411 5879 3
