4116 6224
446 452 522 510 ’75
1269 449 1333 507 S.
1380 445 1821 507 CLEMENTIS
1866 446 1891 505 Ῑ
1938 444 2126 505 ROM.
2171 445 2403 506 PONT.
2450 444 2713 505 OPERA
2758 443 3021 506 DUBIA.
3775 442 3858 502 '76

449 580 761 648 mandatis,
794 577 1157 650 singulorum
1185 592 1471 633 annorum
1502 577 1882 633 allocutiones
1914 583 1967 632 et
1997 592 2093 630 ac-

2207 574 2342 646 πὼν,
2392 576 2486 635 τὰς
2540 574 2656 628 καθ’
2705 571 2922 628 ἕκαστον
2974 570 3211 627 ἐνιαυτὸν
3262 570 3485 645 ὁμιλίας
3516 593 3575 627 τε
3606 573 3695 627 καὶ
3726 575 3862 648 πράο

447 668 634 723 tiones
664 667 986 738 desoriptas
1018 667 1087 720 ad
1124 669 1175 719 te
1222 666 1531 721 destinare.
1568 666 1848 721 Caeterum
1881 679 1998 719 uno
2029 679 2095 719 ac

447 756 635 828 primo
684 755 796 820 die,
830 754 1195 810 solummodo
1222 754 1346 823 jam
1392 753 1677 825 incipiens
1709 753 1780 808 de
1828 750 2095 808 veritatis

448 843 750 916 propheta,
777 843 837 897 in
865 843 1138 898 omnibus
1161 847 1384 897 certum
1420 858 1512 897 me
1543 841 1834 909 reddidit;
1866 843 2095 912 postea-

449 949 563 1005 que
606 933 686 986 ita
716 931 845 986 inﬁt
877 948 889 987 :
925 931 1238 987 Considera
1286 930 1560 1001 deinceps
1591 947 1739 1001 quas
1768 933 1971 985 contra
1999 928 2096 983 ad-

445 1020 733 1076 versarios
766 1019 1078 1075 habiturus
1109 1034 1242 1074 sum
1273 1018 1737 1089 disputationes;
1772 1022 1828 1073 et
1855 1016 2097 1072 inferior

450 1110 498 1165 si
532 1124 843 1173 recessero,
878 1124 993 1163 non
1024 1123 1224 1163 vereor
1252 1124 1325 1163 ne
1355 1108 1501 1163 forte
1548 1112 1613 1163 tu
1644 1108 1715 1162 de
1743 1106 1962 1161 tradita
1990 1102 2096 1160 tibi

444 1197 689 1254 veritate
718 1195 982 1269 ambigas
1007 1214 1019 1265 ;
1054 1200 1118 1251 ut
1146 1195 1247 1267 qui
1278 1195 1449 1264 scias,
1474 1211 1567 1251 me
1588 1196 1827 1267 quidem
1859 1210 2098 1266 supera-

444 1288 574 1341 tum
602 1285 803 1356 videri,
836 1301 951 1340 non
992 1288 1188 1339 autem
1220 1284 1387 1339 nobis
1437 1301 1471 1340 a
1501 1283 1786 1356 propheta
1816 1283 2093 1338 traditam

447 1373 794 1430 doctrinam.
826 1373 1006 1445 Spero
1036 1376 1231 1427 tamen
1264 1387 1453 1443 neque
1503 1371 1562 1426 in
1614 1370 2093 1444 disquisitionum

447 1460 819 1517 sermonibus
847 1460 1121 1516 inferiora
1148 1459 1468 1516 relaturum
1501 1476 1616 1527 me,
1640 1460 1794 1531 apud
1827 1459 2094 1515 homines

445 1554 640 1606 mente
688 1550 981 1621 praeditos,
1027 1553 1338 1615 amatores,
1372 1548 1640 1621 inquam,
1673 1548 1959 1616 veritatis,
1993 1548 2094 1615 qui

443 1637 771 1695 discernere
799 1637 1030 1693 valeant
1077 1637 1320 1708 quinam
1354 1653 1693 1716 sermonum
1739 1635 2094 1708 persuasorii

444 1726 909 1793 sunt,artiliciosi
940 1725 1530 1797 etjucundi,quinam
1561 1741 1698 1780 vero
1729 1724 1932 1779 inculti
1957 1724 2094 1779 sim-

443 1814 761 1887 plicesque,
792 1815 850 1868 in
898 1813 1025 1870 sola
1056 1829 1233 1884 quam
1284 1814 1588 1884 proferunt
1632 1813 1879 1869 veritate
1909 1815 2087 1868 conﬁ-

447 1905 672 1959 dentes.

511 1993 652 2047 XXI.
690 1993 1005 2063 Postquam
1038 1990 1158 2046 haec
1189 1990 1733 2062 dixisset,respondi
1763 1990 1928 2045 :Jam
1960 2006 2087 2062 gra-

443 2081 554 2136 tias
584 2080 699 2135 Deo
740 2079 1015 2152 ago,quia
1045 2079 1198 2135 sicut
1222 2079 1378 2134 volui
1409 2078 1835 2150 plenitudinem
1863 2080 2109 2135 certitu-

447 2169 600 2226 dinis
633 2168 911 2240 accipere,
944 2168 1025 2223 ita
1074 2173 1133 2223 et
1162 2168 1309 2223 mihi
1358 2167 1588 2223 tribuit.
1623 2171 1906 2223 Caeterum
1955 2168 2102 2237 quod

461 2259 533 2313 ad
566 2274 658 2313 me
689 2257 1045 2324 attinet,noli
1066 2256 1323 2329 amplius
1352 2272 1480 2312 esse
1510 2256 2105 2328 sollicitus,quoniam

456 2345 733 2402 dubitabo
764 2363 1067 2417 nunquam
1093 2362 1107 2413 ;
1133 2347 1193 2399 in
1226 2349 1475 2410 tantum,
1509 2350 1567 2400 et
1596 2346 1772 2400 etiam
1803 2344 1851 2399 si
1883 2349 1945 2399 tu
1979 2344 2104 2416 ipse

452 2433 597 2489 velis
621 2433 936 2507 aliquando
968 2451 1061 2489 me
1092 2450 1127 2488 a
1172 2433 1288 2488 ﬁde
1320 2433 1619 2504 prophetae
1670 2438 1945 2503 avertere,
1979 2450 2101 2489 rem

452 2523 877 2596 impossibilem
910 2523 1186 2595 perficere
1216 2538 1332 2577 non
1365 2521 1605 2593 poteris,
1642 2522 1785 2577 adeo
1819 2522 1972 2593 quod
2005 2538 2101 2577 ac-

453 2612 597 2684 cepi,
634 2618 826 2667 mente
857 2617 1045 2667 teneo.
1072 2610 1272 2681 Neque
1299 2626 1432 2665 vero
1463 2610 1782 2678 existimes,
1817 2626 2099 2681 magnum

453 2717 487 2755 a
516 2717 610 2756 me
641 2699 922 2771 promitti,
953 2699 1063 2754 hoc
1093 2698 1475 2771 ipsum,quod
1503 2715 1803 2768 nunquam
1834 2699 1947 2755 sim
1979 2698 2098 2754 hai-

439 2788 737 2845 ‘sitaturus
769 2803 783 2842 :
818 2787 920 2843 sed
942 2802 1128 2858 neque
1154 2786 1280 2859 ipse
1310 2803 1435 2859 ego,
1472 2803 1574 2842 nec
1602 2786 1758 2842 ullus
1788 2786 2095 2843 hominum

453 2876 673 2931 auditis
706 2875 1077 2932 sermonibus
1104 2875 1175 2930 de
1205 2874 1490 2947 propheta
1520 2875 1818 2946 ambigere
1834 2892 2095 2945 unquam

454 2965 526 3020 de
551 2980 686 3019 vera
716 2963 979 3020 doctrina
1007 2963 1237 3035 poterit,
1270 2980 1402 3018 cum
1433 2963 1596 3036 prius
1642 2964 1893 3018 audierit
1922 2963 2094 3019 intel-

450 3051 769 3123 lexeritque
798 3052 940 3123 quid
972 3051 1049 3107 sit
1074 3051 1421 3124 prophetica:
1451 3052 1922 3124 repromissionis
1952 3052 2095 3108 veri-

450 3144 758 3208 tas.Quare
787 3141 1014 3196 conﬁde
1044 3141 1116 3196 de
1146 3141 1260 3196 Deo
1292 3140 1515 3211 placitae
1547 3140 1866 3195 sententiae.
1888 3141 2091 3198 Omnis

451 3230 667 3301 quippe
696 3230 916 3286 devicta
946 3233 1036 3284 est
1065 3246 1160 3284 ars
1192 3228 1450 3284 malitiae.
1479 3229 1624 3284 Nam
1656 3229 1934 3286 adversus
1966 3246 2092 3301 pro-

2210 663 2314 732 Εεις
2347 663 2627 737 γράφοντα
2656 658 2979 733 διαπέμπειν
3012 681 3117 718 σοι.
3151 664 3338 733 Ὅμως
3371 659 3422 715 ἐν
3463 664 3561 733 μιᾷ
3587 665 3657 735 τῇ
3705 662 3858 738 πρώ-

2205 770 2270 823 τῃ
2301 750 2483 823 ἡμέρᾳ
2534 749 2714 824 ἀρχὴν
2771 746 2881 818 ἤδη
2919 748 3082 821 μόνον
3128 748 3454 821 ποιούμενος
3486 749 3732 824 περὶτοῦ
3760 756 3862 818 τῆς

2207 836 2462 906 ἀληθείας
2516 840 2823 914 προφήτου,
2873 837 2997 914 περὶ
3038 839 3247 892 πάντων
3286 857 3352 911 με
3382 836 3857 916 ἐπληροφόρησεν·

2204 924 2293 979 καὶ
2325 926 2418 981 εἷθ’
2450 927 2623 988 οὑτως
2654 922 2777 1004 ἔφη’
2809 925 3001 1003 Ἐνόρα
3028 930 3126 981 τοῦ
3158 924 3359 982 λοιποῦ
3386 931 3484 981 τοῦ
3514 928 3608 988 τὰς
3640 926 3691 997 ἐξ
3724 926 3861 999 ἐμοῦ

2203 1013 2341 1086 πρὸς
2384 1013 2511 1075 τοὺς
2551 1013 2602 1085 ἐξ
2651 1013 2891 1075 ἐναντίας
2933 1012 3223 1090 γινομένας
3274 1016 3544 1086 ζητήσεις·
3601 1015 3691 1071 καὶ
3724 1016 3860 1070 εἰτὸ

2202 1103 2366 1172 ἧττον
2417 1102 2825 1178 ἆπενέγκωμαι,
2874 1101 2936 1157 οὗ
2987 1099 3138 1158 δέδια
3194 1104 3270 1177 μή
3326 1124 3446 1165 πως
3494 1102 3557 1158 σὺ
3583 1104 3709 1180 περὶ
3762 1110 3865 1173 τῆς

2204 1189 2605 1267 πιραδοθείσης
2634 1213 2719 1246 σοι
2751 1190 3031 1262 ἀληθείας
3068 1188 3376 1267 διακριθῇς,
3409 1190 3466 1247 εὖ
3496 1194 3543 1229 ⁸⁸
3571 1190 3731 1254 εἰδὼς
3779 1191 3864 1248 ὅτι

2205 1277 2314 1354 ἐγὼ
2354 1281 2612 1349 ἡττᾶσθαι
2645 1276 2823 1350 ἔδοξα,
2858 1278 2966 1354 οὐχ
2996 1281 3040 1316 ⁸⁵
3069 1281 3104 1349 ἡ
3140 1278 3390 1343 ὑπόθεσις
3420 1282 3455 1349 ἡ
3490 1277 3578 1334 διὰ
3617 1285 3715 1336 τοῦ
3736 1301 3869 1357 προ-

2204 1370 2379 1445 φήτου
2410 1366 2777 1444 παραδοθεῖσα
2816 1369 2974 1441 ἡμῖν.
3008 1367 3165 1438 Πλὴν
3196 1367 3403 1438 ἐλπίζω
3438 1366 3579 1442 μηδὲ
3610 1372 3655 1407 ⁸⁸
3685 1369 3735 1424 ἐν
3790 1373 3872 1442 τῷ

2205 1456 2521 1529 ἐξεταστικῷ
2573 1455 2723 1533 λόγῳ
2769 1456 2833 1511 τὸ
2882 1459 3045 1525 ἧττον
3114 1455 3497 1534 ἀπενέγκασθαι
3555 1458 3692 1533 πρὸς
3739 1457 3868 1521 τοὺς

2201 1549 2325 1601 νοῦν
2359 1543 2611 1621 ἔχοντας,
2643 1544 2973 1623 φιλαλήθεις
3002 1547 3104 1603 43
3141 1544 3311 1621 λέγω,
3359 1542 3558 1608 οἵτινες
3612 1544 3866 1601 δύνανται

2199 1633 2479 1711 γνωρίζειν
2524 1638 2632 1689 τῶν
2683 1632 2860 1709 Λόγων
2908 1632 3048 1696 τίνες
3091 1633 3195 1689 εἶσὶ
3225 1633 3470 1703 πιθανοὶ,
3497 1632 3741 1711 ἔντε’χνοί
3800 1655 3867 1691 το

2201 1723 2289 1776 καὶ
2321 1721 2650 1799 ἐπιτερπεῖς,
2680 1720 2821 1784 τίνες
2851 1742 2911 1777 τε
2937 1725 2982 1760 ⁸⁷
3033 1721 3180 1779 λιτοὶ
3226 1721 3317 1778 καὶ
3364 1722 3554 1797 ἁπλοῖ,
3609 1721 3748 1798 μόνῃ
3796 1725 3865 1797 τῇ

2202 1807 2272 1865 δι’
2301 1810 2474 1867 αὐτῶν
2508 1809 2742 1884 ἀληθείᾳ
2770 1810 3116 1875 πεποιθότες.

2291 1992 2426 2042 XXI.
2478 1991 2653 2042 Ταῦτα
2715 1986 2880 2043 αὐτοῦ
2938 1987 3204 2058 εἰπόντος,
3273 1988 3671 2065 ἀπεκρινάμην.
3720 1986 3864 2060 ’Ἠδη

2219 2074 2525 2152 εὐχαριστῶ
2553 2081 2779 2150 τῷΘεῷο
2804 2077 2880 2140 ὡς
2900 2078 3003 2153 γὰρ
3036 2072 3350 2151 ἐϐουλόμην
3370 2075 3869 2155 πληροφορηθῆναι

2217 2162 2390 2227 οὓτως
2444 2186 2539 2237 μοι
2586 2165 2676 2220 καὶ
2722 2166 3019 2242 παρέσχεν.
3067 2163 3221 2235 Πλὴν
3264 2166 3331 2221 τὰ
3377 2166 3501 2241 περὶ
3541 2166 3677 2240 ἐμοῦ
3706 2170 3870 2222 τοσοῦ

2213 2273 2306 2308 τον
2341 2252 2642 2329 ἄμέριμνος
2673 2256 2717 2293 ⁸⁸
2748 2249 2881 2321 ἷίσθι,
2915 2252 2999 2309 ὅτι
3030 2253 3091 2309 οὗ
3122 2254 3347 2310 πώποτε
3377 2251 3658 2323 ἐνδοιάσω,
3704 2258 3872 2310 τοσοῦ

2211 2360 2303 2394 τον
2336 2343 2402 2409 ⁸9,
2425 2341 2548 2396 ’ὀσον
2582 2341 2628 2396 εί
2656 2342 2745 2396 καὶ
2776 2341 2939 2404 αὐτὸς
2970 2341 3033 2397 σὺ
3066 2340 3403 2414 βουληθείης
3432 2342 3566 2399 ποτὶ
3597 2345 3696 2411 τῆς
3734 2363 3872 2417 προ-

2213 2436 2450 2506 φητικῆς
2501 2429 2807 2495 ὑποθέσεως
2856 2430 3116 2507 ἐβστῆσαί
3169 2452 3256 2506 με,
3306 2428 3585 2488 ἀδυνατῶν
3628 2431 3691 2488 οὺ
3731 2429 3871 2503 δυνή

2211 2538 2276 2591 σῃ
2321 2520 2385 2588 θθ,
2432 2522 2693 2574 τασοῦτον
2752 2520 2870 2576 οῖνα
2918 2518 2949 2575 6'
2993 2519 3324 2599 παρείληφα·
3389 2521 3488 2577 Καὶ
3554 2523 3629 2595 μή
3679 2541 3764 2577 τοι
3818 2523 3864 2560 οι

2206 2604 2398 2678 νόμιζέ
2451 2605 2517 2679 μέ
2566 2628 2650 2662 σοι
2704 2608 2843 2683 μέγα
2904 2608 3364 2685 ἐπαγγέλλεσθαι,
3412 2610 3561 2665 τοῦτ’
3610 2610 3742 2665 αὐτὸ
3798 2609 3865 2666 τὸ

2212 2695 2288 2767 μὴ
2322 2691 2590 2749 ἐνδοιάσαι
2644 2697 2812 2751 ποτέ·
2865 2696 2994 2753 ἀλλ’
3040 2697 3151 2753 οῧτ’
3204 2697 3364 2761 αὐτὸς
3392 2701 3438 2735 ⁰²
3471 2696 3577 2775 ἐγὼ
3633 2699 3756 2754 οὕνε
3783 2720 3867 2762 τις

2205 2781 2500 2858 ἀνθρώπων
2553 2788 2661 2839 τῶν
2696 2788 2740 2823 9³
2795 2785 2918 2862 περὶ
2972 2788 3257 2865 προφήτου
3323 2784 3510 2863 λόγῶν
3566 2787 3860 2856 ἐπακούσα,

2205 2868 2472 2927 ἐνδοιάσαι
2518 2874 2649 2928 ποτὶ
2701 2871 2989 2945 δυνήσεται
3036 2875 3160 2951 περὶ
3217 2881 3320 2946 τῆς
3366 2873 3610 2946 ἀληθοῦς
3640 2880 3686 2915 9‘
3730 2877 3860 2931 ὑπο-

2206 2960 2424 3030 θέσεως,
2489 2963 2751 3039 πρότερον
2812 2962 3111 3026 ἐπακούσας
3178 2963 3269 3019 καὶ
3335 2967 3557 3036 νοήσας,
3624 2965 3678 3020 τί
3744 2964 3855 3021 ἐστι

2201 3057 2546 3127 προφητικῆς
2596 3050 2923 3127 ἐπαγγελίας
2967 3051 3215 3123 ἀλήθεια.
3268 3053 3361 3107 Διὸ
3393 3053 3579 3130 θάρρει
3626 3058 3705 3125 τῷ
3735 3066 3855 3118 θεο-

2201 3132 2461 3211 ϐουλήτῳ
2494 3136 2747 3214 δόγματι.
2783 3140 2933 3195 Πᾶσα
2961 3142 3064 3217 γὰρ
3113 3140 3281 3217 τέχνη
3313 3141 3504 3205 κακίας
3548 3142 3853 3213 νεκίκηται.

2200 3228 2344 3301 Πρὸς
2374 3226 2478 3301 γὰρ
2510 3228 2841 3305 προφητείαν
2873 3227 3026 3284 οὐδὲν
3057 3227 3303 3286 δύνανται
3338 3230 3460 3286 οὕτε
3505 3232 3695 3306 τέχναι
3752 3231 3851 3287 λό-

451 3318 710 3390 phetiam
761 3317 906 3373 nihil
934 3321 1184 3389 possunt
1230 3334 1420 3389 neque
1461 3319 1775 3373 verborum
1824 3318 2091 3391 artiﬁcia,

2207 3335 2335 3390 γωε,
2366 3315 2489 3371 οὕτε
2518 3318 2869 3395 σάφισμάτων
2900 3317 3160 3393 ἐπίνοιαι,
3212 3318 3275 3375 οὐ
3322 3318 3707 3397 συλλογισμοὶ,
3762 3320 3863 3376 οὐκ

449 3424 638 3478 neque
668 3407 1101 3480 sophismatum
1132 3406 1729 3479 excogitationes,non
1746 3406 2093 3479 syllogismi,

446 3513 562 3552 non
594 3496 707 3552 alia
731 3496 1020 3568 quaepiam
1044 3494 1429 3563 machinatio;
1458 3494 1507 3550 si
1537 3495 1655 3550 veri
1677 3495 1970 3567 prophetae
1996 3514 2097 3552 au-

449 3585 602 3640 ditor
628 3586 929 3641 veritatem
950 3585 1188 3640 omnino
1206 3584 1577 3656 appetit,non
1607 3589 1801 3640 autem
1835 3585 2094 3642 veritatis

451 3678 731 3745 praetextu
762 3672 999 3743 respicit
1028 3672 1185 3727 aliud
1229 3671 1553 3744 quidpiam.
1604 3672 1829 3743 Itaque,
1861 3674 2095 3731 domine

454 3762 535 3818 mi
566 3762 964 3829 Petre,anxius
995 3778 1066 3816 ne
1082 3761 1187 3827 sis,
1210 3760 1378 3831 quasi
1412 3761 1733 3816 maximum
1752 3761 1971 3817 donum
1995 3762 2095 3819 ho-

454 3850 600 3906 mini
632 3868 808 3907 sensu
840 3850 1055 3905 carenti
1083 3848 1412 3905 tradideris.
1445 3848 1726 3905 Sentienti
1774 3851 1928 3905 enim
1960 3868 2092 3923 gra-

451 3940 594 3995 tiam
626 3940 857 4008 dedisti,
884 3940 1051 4010 eique
1084 3936 1184 4010 qui
1215 3937 1368 3993 circa
1415 3937 1694 3993 traditum
1727 3956 1926 3995 verum
1976 3958 2091 3997 non

450 4029 664 4100 poterit
692 4027 1048 4100 decipi.Novi
1079 4027 1292 4098 quippe
1324 4026 1379 4081 id
1416 4043 1596 4082 unum
1629 4043 1757 4082 esse
1778 4028 2090 4099 exiis,quae

450 4117 661 4188 aliquis
693 4117 939 4190 cupierit
968 4116 1081 4172 cito
1109 4116 1513 4187 accipere,non
1538 4122 1731 4170 autem
1762 4118 1930 4172 tarde
1963 4134 2090 4174 con-

448 4205 636 4276 sequi.
670 4206 798 4262 Scio
837 4205 1017 4278 igitur
1045 4221 1159 4259 non
1192 4205 1684 4259 contemnendum
1717 4220 1843 4260 esse
1897 4207 1967 4261 ob
1999 4224 2087 4263 ce-

443 4293 754 4364 leritatem,
787 4295 938 4363 quod
986 4293 1189 4348 datum
1223 4291 1363 4346 mihi
1414 4296 1521 4359 est,
1549 4293 1823 4364 quodque
1863 4299 1952 4350 est
1999 4295 2087 4351 in-

444 4382 838 4454 comparabile
867 4399 933 4438 ac
964 4381 1155 4437 solum
1185 4385 1399 4435 tutum.

512 4471 837 4526 XXII.Haec
868 4476 1177 4543 postquam
1208 4468 1437 4523 locutus
1470 4484 1628 4537 sum,
1663 4468 1867 4525 Petrus
1899 4471 2081 4529 dixit:

441 4559 694 4616 Gratiam
723 4560 838 4616 Deo
871 4560 1076 4626 habeo,
1111 4562 1167 4614 et
1199 4574 1300 4629 pro
1332 4555 1518 4612 salute
1557 4561 1679 4624 tua,
1713 4562 1771 4613 et
1804 4576 1907 4630 pro
1958 4577 2083 4617 meo

2205 3401 2349 3475 ἄλλη
2380 3426 2462 3467 τις
2502 3408 2725 3480 μηχανή
2754 3425 2768 3439 ’
2804 3406 2890 3461 ἐάν
2917 3428 2977 3484 γε
3006 3408 3034 3462 ὁ
3066 3406 3370 3471 ἐπακούσας
3399 3411 3683 3487 προφήτου
3716 3408 3859 3480 ἀλη-

2203 3492 2329 3555 θοῦς
2375 3492 2631 3564 ἀληθείνς
2684 3494 2855 3558 ὅντως
2902 3495 3170 3573 ὀρέγεται,
3204 3497 3294 3552 καὶ
3329 3496 3392 3553 οὗ
3422 3499 3686 3577 προφάσει
3717 3496 3856 3570 ἀλη-

2202 3581 2346 3644 θείας
2399 3578 2580 3659 ἓτερόν
2630 3605 2686 3638 τι
2740 3579 3149 3661 περιϐλέπεται.
3202 3586 3360 3642 Ὠστε
3418 3590 3482 3659 ⁸⁵,
3532 3586 3684 3661 κόριέ
3750 3608 3855 3660 μου

2203 3665 2390 3745 Πέτρε,
2446 3673 2521 3744 μὴ
2573 3672 2795 3745 ἄθύμει,
2844 3674 2919 3736 ὡς
2967 3674 3279 3748 ἀναισθήτῳ
3324 3676 3386 3730 τὸ
3436 3681 3541 3733 44
3598 3676 3849 3752 μέγιστον

2202 3756 2582 3835 δωρησάμενος
2632 3761 2848 3837 ἀγαθόν.
2898 3762 3218 3837 Αίσθομένῳ
3268 3763 3372 3841 γὰρ
3425 3765 3652 3840 χάριτος
3721 3762 3854 3821 ἐδωο

2201 3850 2352 3922 ρήσω
2382 3851 2445 3922 9⁸,
2495 3850 2583 3905 καὶ
2632 3852 2707 3923 μὴ
2758 3849 3036 3925 δυναμένῳ
3085 3852 3424 3923 ἀπατηθῆνοι
3476 3854 3582 3909 ἀπὸ
3629 3858 3727 3910 τοῦ
3756 3851 3848 3909 δο-

2200 3937 2382 4000 θέντος
2401 3936 2666 4008 ἀληθοῦς.
2702 3937 2834 3994 Οἶδα
2862 3942 2965 4017 γὰρ
2991 3940 3074 3995 ὅτι
3102 3940 3157 3996 ἓν
3207 3940 3342 3996 ἐσνιν
3368 3946 3411 3979 9⁷
3461 3943 3535 3997 ὦν
3591 3942 3848 4018 βούλεταί

2198 4045 2281 4088 τις
2329 4027 2419 4082 καὶ
2459 4027 2675 4102 ταχέως
2726 4023 2912 4085 λαϐεῖν
2959 4029 3049 4085 καὶ
3103 4027 3344 4106 βραδέως
3396 4032 3472 4105 μή
3538 4036 3727 4107 τυχεῖν
3801 4034 3845 4069 ⁸⁸

2200 4112 2329 4169 Οἶδα
2385 4113 2475 4170 οὗν
2531 4118 2605 4189 μὴ
2655 4124 3008 4194 καταφρονεῖν
3054 4123 3151 4174 τοῦ
3197 4117 3446 4182 δοθέντος
3488 4141 3605 4194 μοι,
3664 4117 3752 4175 διὰ
3780 4120 3845 4176 τὸ

2196 4204 2389 4280 τάχος,
2422 4204 2747 4282 ἀσυγκρίτου
2776 4207 2865 4261 καὶ
2900 4207 3068 4280 μόνου
3099 4206 3394 4288 ἀσφαλοῦς’

2267 4473 2431 4527 XXII.
2469 4474 2651 4527 Ταῦτα
2695 4476 2793 4528 τοῦ
2843 4473 3108 4546 εἰπόντος,
3156 4476 3185 4531 6
3234 4476 3439 4553 Πέτρος
3467 4473 3570 4554 ἔφη
3598 4495 3611 4508 '
3670 4477 3843 4552 Χάριν

2195 4556 2457 4635 ὁμολογῶ
2484 4564 2563 4631 τῷ
2593 4558 2709 4633 Θεῷ
2730 4561 2818 4616 καὶ
2849 4563 2973 4637 περὶ
3001 4571 3100 4633 τῆς
3130 4570 3230 4635 σῆς
3262 4563 3536 4641 σωτηρίας
3577 4563 3665 4619 καὶ
3713 4564 3841 4640 περὶ

438 4649 745 4704 commodo
771 4653 946 4720 atque
975 4646 1417 4703 oblectamento.
1451 4645 1592 4701 Vere
1623 4645 1912 4717 siquidem
1939 4664 2081 4719 gau-

2207 4654 2289 4736 τῆς
2321 4648 2457 4736 ἐμῆς
2491 4650 2535 4685 99
2563 4648 2935 4713 ἀπολαύσεως.
2969 4651 3224 4724 Ἀληθῶς
3268 4654 3371 4731 γὰρ
3422 4651 3629 4727 ἥδομαι
3678 4650 3839 4715 εἰδὼς

435 4737 765 4804 deo,sciens
793 4742 849 4793 te
880 4752 1142 4808 quaenam
1164 4734 1241 4789 sit
1272 4732 1583 4805 pr0phetiae
1611 4735 1950 4806 magnitudo
1983 4753 2077 4793 co-

433 4826 725 4896 gnovisse.
758 4824 1043 4890 Quoniam
1083 4839 1239 4895 ergo,
1274 4827 1338 4876 ut
1385 4820 1605 4890 dixisti,
1640 4838 1827 4894 neque
1852 4823 1901 4878 si
1952 4824 2077 4896 ipse

2189 4734 2270 4790 ὅτι
2326 4735 2565 4811 ἐπέγνως
2604 4736 2658 4792 τί
2718 4740 2839 4793 ποτ’
2914 4739 3023 4795 ἐστὶ
3092 4741 3425 4819 προφητείας
3460 4744 3527 4780 ¹⁰⁰
3593 4740 3838 4817 μέγεθος.

2186 4825 2335 4880 Ἐπεὶ
2385 4823 2498 4896 οῦν,
2549 4826 2623 4888 ὡς
2656 4822 2788 4904 ἔφης
2824 4832 2864 4895 ¹,
2897 4826 3007 4883 οὐδ’
3038 4828 3098 4885 ἂν
3126 4830 3287 4892 αὐτὸς
3319 4830 3425 4907 ἐγὼ
3456 4829 3673 4900 θελήσω
3704 4832 3840 4885 ποτὲ

432 4928 537 4985 ego
568 4914 901 4986 aliquando,
957 4912 1112 4985 quod
1144 4907 1334 4967 absit!
1368 4908 1651 4965 voluerim
1700 4916 1757 4967 te
1796 4912 1868 4967 ad
1917 4914 2076 4970 aliud

2207 4911 2317 4986 ἔπερ
2365 4913 2552 4985 ἀπείη,
2605 4914 2679 4976 εἷς
2730 4914 2909 4991 ἔτερόν
2958 4939 3014 4972 σε
3072 4921 3397 4991 μεταστῆσαι
3457 4915 3657 4993 δόγμα,
3704 4918 3834 4994 οὐχ·

430 5003 639 5075 dogma
668 5002 1256 5072 transferre,idoneus
1288 4998 1359 5055 ad
1389 5001 1445 5055 te
1474 5000 1950 5070 persuadendum
1984 5004 2075 5059 fu-

2184 5001 2366 5064 ἱκανὸς
2410 4998 2604 5075 ἔσομαι
2647 5004 2827 5059 πεῖσαί
2876 5026 2953 5078 σε,
3001 5003 3150 5083 ἄρξαι
3203 5011 3302 5063 τοῦ
3350 5005 3549 5063 λοιποῦ
3596 5006 3702 5061 ἀπὸ
3731 5009 3834 5076 τῆς

1776 5142 2018 5199 νΑΒΙλΕ
2057 5145 2361 5202 LECTION
2368 5145 2469 5200 ES.

499 5250 544 5327 ξε
577 5246 631 5327 εὖ
664 5252 751 5317 Ε.,
812 5250 942 5327 ἧ-Ο,
1115 5246 1318 5327 81’.οὐχί
1349 5246 1412 5302 C.
1490 5246 1533 5284 ⁸⁸
1561 5248 1730 5327 Ita_S,
1767 5248 2013 5327 μήητε-ῼ,
2046 5250 2317 5327 Ο.ΑΤιξω
2378 5248 2666 5327 ἐξετᾶσται,
2728 5254 2794 5324 Ο,
2855 5257 3132 5313 mendose
3157 5325 3168 5327 _
3204 5257 3248 5293 ⁸⁷
3276 5276 3336 5311 τε
3395 5256 3460 5326 0,
3494 5272 3545 5312 ο.
3579 5256 3639 5323 S,
3666 5273 3735 5327 χε
3765 5254 3829 5310 C.

421 5320 465 5355 ⁸⁸
496 5319 797 5397 ἀμέριμνον
831 5323 894 5397 β..
970 5323 1014 5357 ⁸⁸
1041 5319 1296 5397 τοσοῦτον
1328 5320 1806 5397 expungendum.
1932 5322 2084 5397 'llum
2127 5319 2422 5397 βουληθείς
2448 5341 2579 5375 ποτε
2763 5319 2808 5361 ⁹’⁰
2860 5327 2944 5383 lta
2992 5329 3058 5397 X,

3109 5325 3355 5398 ἠδυνήση
3404 5321 3465 5395 Ο,
3517 5346 3574 5380 σε
3624 5321 3825 5381 ἆδύνα-

418 5389 583 5459 τῆσαι
607 5389 700 5464 vel
736 5393 794 5464 ἂν
825 5389 1184 5464 ἆδυνατήσαις
1212 5389 1517 5464 proposuit
1642 5391 1724 5464 “9‘
1757 5392 1902 5464 “:10.
1935 5394 2095 5464 iTum
2127 5389 2194 5464 μέ
2225 5413 2307 5447 σοι
2342 5394 2408 5461 D,
2445 5412 2538 5464 μοι
2570 5391 2633 5447 σύ
2665 5395 2726 5451 C.
2762 5396 3011 5455 Ruﬁnus
3088 5389 3192 5457 tibi
3239 5389 3355 5455 ήιϐί
3390 5389 3608 5454 Deinde
3664 5400 3829 5451 τοῦτο

419 5456 485 5539 0,(
557 5465 601 5539 ξ’
632 5462 761 5539 αὐτό
792 5464 853 5521 Ο·
901 5465 976 5539 __”
1004 5456 1093 5539 τδγ
1123 5456 1389 5539 -τῖλόγὲν
1422 5462 1504 5539 C;_
1558 5456 1985 5539 ῗζδξληθείαςρ,
2040 5464 2100 5539 in
2127 5456 2343 5539 '“marg.
2375 5456 2623 5539 geadem‘
2667 5483 2831 5527 man.
2871 5476 3196 5527 correctum
3240 5471 3301 5526 in
3357 5467 3621 5539 ἀληθοῦς.
3680 5468 3828 5524 Dein

416 5531 501 5614 τίς
531 5611 537 5614 _
564 5533 703 5614 ἐστίν
761 5540 833 5614 C_._
896 5537 940 5614 °_5
993 5533 1082 5588 καὶ
1141 5531 1263 5614 οἱξτε
1421 5600 1436 5614 τ
1463 5531 1507 5566 ⁸⁸
1562 5525 1843 5605 ἐδώρησας
1898 5525 1982 5614 ος
2037 5536 2079 5571 ⁸⁷
2136 5525 2332 5614 ἔνεστιν
2366 5535 2462 5614 Ο..
2506 5536 2550 5571 ⁰⁸
2598 5525 2828 5614 ἀτυχεῖν
2860 5525 3325 5614 (ρθιέάέιέέ)ῒόρῃιὶ,
3385 5525 3550 5614 1)_;ut
3577 5525 3828 5614 évi‘tetur

418 5606 740 5684 tautologia
797 5605 1264 5684 Fortasse_ve_rba
1286 5601 1394 5684 illa
1421 5600 1547 5684 loco
1576 5600 1685 5684 suo
1715 5600 2213 5684 movend_a_sunt,A
2222 5612 2287 5663 ut
2315 5600 2747 5684 lega_tui:vers'i:1
2778 5600 3232 5684 insequenti'Sta‘t
3256 5600 3320 5667 τ”ὁ
3341 5600 3538 5684 ,τάχος
3588 5609 3679 5666 καὶ
3741 5610 3822 5684 μὴ

422 5630 740 5679 tuuwlugla
797 5630 1060 5662 roum-sse
1091 5630 1264 5661 verba
1294 5630 1394 5657 ιιια
1422 5630 1547 5657 ιυυυ
1576 5630 1685 5659 auo
1715 5630 2000 5661 muvuuuu
2029 5630 2190 5676 sunt,
2222 5630 2287 5663 ut.
2315 5630 2547 5679 legatur
2574 5630 2747 5665 versu
2778 5630 3111 5684 insequenti
3142 5630 3232 5668 οια
3256 5630 3320 5667 τσ
3366 5630 3432 5665 τα
3479 5632 3538 5674 ος
3588 5630 3679 5666 και
3741 5630 3813 5682 μη

419 5673 663 5806 finita);
680 5682 1019 5806 goéeizhfh
1059 5678 1104 5715 9°
1151 5677 1237 5737 Ita
1282 5673 1349 5733 Ο.
1397 5687 1449 5731 0.
1499 5673 1559 5744 S,
1586 5677 1689 5743 τῆς
1727 5674 1818 5729 καὶ
1847 5675 1970 5752 περὶ
2004 5675 2144 5750 ἐμῆς
2174 5679 2234 5735 C.
2314 5679 2379 5715 ¹⁰⁰
2411 5682 2496 5735 Ita
2524 5678 2591 5751 0,
2623 5695 2673 5737 ο.
2708 5681 2766 5753 S,
2801 5682 3107 5762 προφητίας
3136 5685 3197 5743 G.
3273 5686 3293 5721 ¹
3323 5682 3398 5747 ὡς
3426 5630 3559 5763 ἔφης
3588 5699 3707 5740 om.
3743 5682 3813 5739 0.

469 5746 557 5807 Ita
586 5748 649 5806 0.
680 5765 731 5806 ο.
760 5746 818 5821 Β,
851 5746 951 5805 οὐκ.
976 5748 1038 5808 0.
