  <div class='ocr_page' id='page_1' title='image "/cluster/home/n/w/nwhite01/storage/ocr_20150623/2/hvd.32044073501397/045.png"; bbox 0 0 4116 6224; ppageno 0'>
   <div class='ocr_carea' id='block_1_1' title="bbox 398 460 2038 527">
    <p class='ocr_par' dir='ltr' id='par_1_1' title="bbox 398 463 2038 527">
     <span class='ocr_line' id='line_1_1' title="bbox 398 463 2038 527; baseline 0.001 -6"><span class='ocrx_word' id='word_1_1' title='bbox 398 465 476 522; x_wconf 88' lang='grc'><strong>79</strong></span> <span class='ocrx_word' id='word_1_2' title='bbox 1215 465 1277 524; x_wconf 92' lang='lat' dir='ltr'><strong>S.</strong></span> <span class='ocrx_word' id='word_1_3' title='bbox 1327 466 1770 527; x_wconf 72' lang='lat' dir='ltr'><strong>CLEMENTIS</strong></span> <span class='ocrx_word' id='word_1_4' title='bbox 1816 466 1838 525; x_wconf 95' lang='grc' dir='ltr'>Ι</span> <span class='ocrx_word' id='word_1_5' title='bbox 1889 463 2038 524; x_wconf 76' lang='grc' dir='ltr'>ιιυΜ</span> 
     </span>
    </p>
   </div>
   <div class='ocr_carea' id='block_1_2' title="bbox 2153 460 3813 527">
    <p class='ocr_par' dir='ltr' id='par_1_2' title="bbox 2153 460 3813 524">
     <span class='ocr_line' id='line_1_2' title="bbox 2153 460 3813 524; baseline -0.002 -2"><span class='ocrx_word' id='word_1_6' title='bbox 2153 464 2355 523; x_wconf 75' lang='grc' dir='ltr'><strong>⁵οΝΤ.</strong></span> <span class='ocrx_word' id='word_1_7' title='bbox 2404 461 2667 524; x_wconf 69' lang='grc' dir='ltr'><strong>ΟΙ³ΕΒΑ</strong></span> <span class='ocrx_word' id='word_1_8' title='bbox 2712 462 2985 522; x_wconf 89' lang='lat' dir='ltr'><strong>DUBIA.</strong></span> <span class='ocrx_word' id='word_1_9' title='bbox 3733 460 3813 522; x_wconf 88' lang='lat'><strong>80</strong></span> 
     </span>
    </p>
   </div>
   <div class='ocr_carea' id='block_1_3' title="bbox 397 588 2038 670">
    <p class='ocr_par' dir='ltr' id='par_1_3' title="bbox 397 593 2038 669">
     <span class='ocr_line' id='line_1_3' title="bbox 397 593 2038 669; baseline 0 -20"><span class='ocrx_word' id='word_1_10' title='bbox 397 593 711 649; x_wconf 90' lang='lat' dir='ltr'><strong>solationes</strong></span> <span class='ocrx_word' id='word_1_11' title='bbox 738 597 794 649; x_wconf 86' lang='lat' dir='ltr'><strong>et</strong></span> <span class='ocrx_word' id='word_1_12' title='bbox 822 594 1250 650; x_wconf 74' lang='lat' dir='ltr'><strong>admonitiones</strong></span> <span class='ocrx_word' id='word_1_13' title='bbox 1280 595 1352 651; x_wconf 89' lang='lat' dir='ltr'><strong>iis</strong></span> <span class='ocrx_word' id='word_1_14' title='bbox 1384 597 1710 663; x_wconf 82' lang='lat' dir='ltr'><strong>admovere,</strong></span> <span class='ocrx_word' id='word_1_15' title='bbox 1744 597 1843 669; x_wconf 87' lang='lat' dir='ltr'><strong>qui</strong></span> <span class='ocrx_word' id='word_1_16' title='bbox 1903 593 2038 651; x_wconf 89' lang='lat' dir='ltr'><strong>mali</strong></span> 
     </span>
    </p>
   </div>
   <div class='ocr_carea' id='block_1_4' title="bbox 2153 588 3810 670">
    <p class='ocr_par' dir='ltr' id='par_1_4' title="bbox 2155 588 3810 670">
     <span class='ocr_line' id='line_1_4' title="bbox 2155 588 3810 670; baseline 0.002 -24"><span class='ocrx_word' id='word_1_17' title='bbox 2155 594 2245 647; x_wconf 85' lang='grc' dir='ltr'><strong>καὶ</strong></span> <span class='ocrx_word' id='word_1_18' title='bbox 2274 591 2549 655; x_wconf 75' lang='grc' dir='ltr'>νουθεσίας</span> <span class='ocrx_word' id='word_1_19' title='bbox 2582 592 2902 670; x_wconf 68' lang='grc' dir='ltr'><strong>προσφέρειν</strong></span> <span class='ocrx_word' id='word_1_20' title='bbox 2936 595 3055 652; x_wconf 90' lang='grc' dir='ltr'>τοῖς</span> <span class='ocrx_word' id='word_1_21' title='bbox 3087 588 3294 669; x_wconf 81' lang='grc' dir='ltr'>φαῦλόν</span> <span class='ocrx_word' id='word_1_22' title='bbox 3350 610 3403 644; x_wconf 89' lang='grc' dir='ltr'><strong>τι</strong></span> <span class='ocrx_word' id='word_1_23' title='bbox 3462 590 3810 666; x_wconf 84' lang='grc' dir='ltr'>πράττουσιν.</span> 
     </span>
    </p>
   </div>
   <div class='ocr_carea' id='block_1_5' title="bbox 397 681 2043 758">
    <p class='ocr_par' dir='ltr' id='par_1_5' title="bbox 397 681 2043 758">
     <span class='ocr_line' id='line_1_5' title="bbox 397 681 2043 758; baseline 0.001 -22"><span class='ocrx_word' id='word_1_24' title='bbox 397 681 618 753; x_wconf 90' lang='lat' dir='ltr'><strong>aliquid</strong></span> <span class='ocrx_word' id='word_1_25' title='bbox 651 682 869 737; x_wconf 82' lang='lat' dir='ltr'><strong>habent</strong></span> <span class='ocrx_word' id='word_1_26' title='bbox 899 700 964 738; x_wconf 91' lang='lat' dir='ltr'><strong>ac</strong></span> <span class='ocrx_word' id='word_1_27' title='bbox 995 688 1221 755; x_wconf 79' lang='lat' dir='ltr'><strong>gerunt.</strong></span> <span class='ocrx_word' id='word_1_28' title='bbox 1256 686 1546 757; x_wconf 86' lang='lat' dir='ltr'><strong>Aio,quod</strong></span> <span class='ocrx_word' id='word_1_29' title='bbox 1578 686 1628 741; x_wconf 90' lang='lat' dir='ltr'><strong>si</strong></span> <span class='ocrx_word' id='word_1_30' title='bbox 1664 686 1903 758; x_wconf 88' lang='lat' dir='ltr'>quidem</span> <span class='ocrx_word' id='word_1_31' title='bbox 1931 684 2043 739; x_wconf 91' lang='lat' dir='ltr'><strong>ali-</strong></span> 
     </span>
    </p>
   </div>
   <div class='ocr_carea' id='block_1_6' title="bbox 397 769 2040 847">
    <p class='ocr_par' dir='ltr' id='par_1_6' title="bbox 397 769 2040 847">
     <span class='ocr_line' id='line_1_6' title="bbox 397 769 2040 847; baseline 0.002 -22"><span class='ocrx_word' id='word_1_32' title='bbox 397 769 529 842; x_wconf 88' lang='lat' dir='ltr'><strong>quis</strong></span> <span class='ocrx_word' id='word_1_33' title='bbox 562 770 810 842; x_wconf 79' lang='lat' dir='ltr'><strong>proiicit,</strong></span> <span class='ocrx_word' id='word_1_34' title='bbox 844 773 1152 841; x_wconf 82' lang='lat' dir='ltr'><strong>adhibeat;</strong></span> <span class='ocrx_word' id='word_1_35' title='bbox 1188 773 1278 828; x_wconf 90' lang='lat' dir='ltr'><strong>sin</strong></span> <span class='ocrx_word' id='word_1_36' title='bbox 1329 774 1548 843; x_wconf 90' lang='lat' dir='ltr'><strong>minus,</strong></span> <span class='ocrx_word' id='word_1_37' title='bbox 1600 775 1847 847; x_wconf 86' lang='lat' dir='ltr'><strong>tempori</strong></span> <span class='ocrx_word' id='word_1_38' title='bbox 1905 790 2040 829; x_wconf 91' lang='lat' dir='ltr'><strong>con-</strong></span> 
     </span>
    </p>
   </div>
   <div class='ocr_carea' id='block_1_7' title="bbox 394 858 2037 935">
    <p class='ocr_par' dir='ltr' id='par_1_7' title="bbox 394 858 2037 935">
     <span class='ocr_line' id='line_1_7' title="bbox 394 858 2037 935; baseline 0.002 -21"><span class='ocrx_word' id='word_1_39' title='bbox 394 858 582 915; x_wconf 82' lang='lat' dir='ltr'><strong>cedat.</strong></span> <span class='ocrx_word' id='word_1_40' title='bbox 616 859 744 916; x_wconf 90' lang='lat' dir='ltr'><strong>Scio</strong></span> <span class='ocrx_word' id='word_1_41' title='bbox 778 862 1015 929; x_wconf 88' lang='lat' dir='ltr'><strong>etenim,</strong></span> <span class='ocrx_word' id='word_1_42' title='bbox 1041 865 1250 917; x_wconf 89' lang='lat' dir='ltr'><strong>cuncta</strong></span> <span class='ocrx_word' id='word_1_43' title='bbox 1279 862 1491 919; x_wconf 90' lang='lat' dir='ltr'><strong>habere</strong></span> <span class='ocrx_word' id='word_1_44' title='bbox 1550 880 1725 919; x_wconf 92' lang='lat' dir='ltr'><strong>suum</strong></span> <span class='ocrx_word' id='word_1_45' title='bbox 1785 869 2037 935; x_wconf 82' lang='lat' dir='ltr'><strong>tempus.</strong></span> 
     </span>
    </p>
   </div>
   <div class='ocr_carea' id='block_1_8' title="bbox 395 948 2043 1023">
    <p class='ocr_par' dir='ltr' id='par_1_8' title="bbox 395 948 2043 1023">
     <span class='ocr_line' id='line_1_8' title="bbox 395 948 2043 1023; baseline 0.002 -20"><span class='ocrx_word' id='word_1_46' title='bbox 395 948 582 1014; x_wconf 81' lang='lat' dir='ltr'><strong>Quare</strong></span> <span class='ocrx_word' id='word_1_47' title='bbox 612 952 837 1022; x_wconf 85' lang='lat' dir='ltr'><strong>oportet</strong></span> <span class='ocrx_word' id='word_1_48' title='bbox 866 965 1169 1006; x_wconf 81' lang='lat' dir='ltr'><strong>sermones</strong></span> <span class='ocrx_word' id='word_1_49' title='bbox 1198 950 1298 1023; x_wconf 88' lang='lat' dir='ltr'>qui</span> <span class='ocrx_word' id='word_1_50' title='bbox 1320 950 1585 1007; x_wconf 90' lang='lat' dir='ltr'><strong>animum</strong></span> <span class='ocrx_word' id='word_1_51' title='bbox 1619 952 1895 1008; x_wconf 87' lang='lat' dir='ltr'><strong>roborant</strong></span> <span class='ocrx_word' id='word_1_52' title='bbox 1938 951 2043 1007; x_wconf 91' lang='lat' dir='ltr'><strong>ho-</strong></span> 
     </span>
    </p>
   </div>
   <div class='ocr_carea' id='block_1_9' title="bbox 397 1035 2044 1112">
    <p class='ocr_par' dir='ltr' id='par_1_9' title="bbox 397 1035 2044 1112">
     <span class='ocr_line' id='line_1_9' title="bbox 397 1035 2044 1112; baseline 0.003 -22"><span class='ocrx_word' id='word_1_53' title='bbox 397 1035 657 1093; x_wconf 90' lang='lat' dir='ltr'><strong>minibus</strong></span> <span class='ocrx_word' id='word_1_54' title='bbox 689 1043 823 1093; x_wconf 80' lang='lat' dir='ltr'><strong>ante</strong></span> <span class='ocrx_word' id='word_1_55' title='bbox 852 1039 1219 1095; x_wconf 80' lang='lat' dir='ltr'><strong>vexationem</strong></span> <span class='ocrx_word' id='word_1_56' title='bbox 1247 1041 1515 1109; x_wconf 82' lang='lat' dir='ltr'><strong>tradere;</strong></span> <span class='ocrx_word' id='word_1_57' title='bbox 1548 1044 1614 1096; x_wconf 90' lang='lat' dir='ltr'><strong>ut</strong></span> <span class='ocrx_word' id='word_1_58' title='bbox 1643 1040 1691 1096; x_wconf 92' lang='lat' dir='ltr'><strong>si</strong></span> <span class='ocrx_word' id='word_1_59' title='bbox 1725 1040 1864 1112; x_wconf 92' lang='lat' dir='ltr'><strong>quid</strong></span> <span class='ocrx_word' id='word_1_60' title='bbox 1898 1040 2044 1096; x_wconf 82' lang='lat' dir='ltr'><strong>forte</strong></span> 
     </span>
    </p>
   </div>
   <div class='ocr_carea' id='block_1_10' title="bbox 393 1124 2045 1201">
    <p class='ocr_par' dir='ltr' id='par_1_10' title="bbox 393 1124 2045 1201">
     <span class='ocr_line' id='line_1_10' title="bbox 393 1124 2045 1201; baseline 0.004 -22"><span class='ocrx_word' id='word_1_61' title='bbox 393 1124 555 1197; x_wconf 92' lang='lat' dir='ltr'><strong>pravi</strong></span> <span class='ocrx_word' id='word_1_62' title='bbox 587 1126 884 1193; x_wconf 88' lang='lat' dir='ltr'><strong>acciderit,</strong></span> <span class='ocrx_word' id='word_1_63' title='bbox 919 1144 1085 1184; x_wconf 90' lang='lat' dir='ltr'><strong>mens</strong></span> <span class='ocrx_word' id='word_1_64' title='bbox 1116 1128 1279 1201; x_wconf 92' lang='lat' dir='ltr'><strong>prius</strong></span> <span class='ocrx_word' id='word_1_65' title='bbox 1334 1134 1559 1185; x_wconf 88' lang='lat' dir='ltr'><strong>armata</strong></span> <span class='ocrx_word' id='word_1_66' title='bbox 1611 1133 1767 1185; x_wconf 88' lang='lat' dir='ltr'><strong>recta</strong></span> <span class='ocrx_word' id='word_1_67' title='bbox 1822 1129 2045 1185; x_wconf 86' lang='lat' dir='ltr'><strong>ratione</strong></span> 
     </span>
    </p>
   </div>
   <div class='ocr_carea' id='block_1_11' title="bbox 394 1214 2043 1290">
    <p class='ocr_par' dir='ltr' id='par_1_11' title="bbox 394 1214 2043 1290">
     <span class='ocr_line' id='line_1_11' title="bbox 394 1214 2043 1290; baseline 0.001 -21"><span class='ocrx_word' id='word_1_68' title='bbox 394 1214 579 1287; x_wconf 84' lang='lat' dir='ltr'><strong>possit</strong></span> <span class='ocrx_word' id='word_1_69' title='bbox 607 1215 663 1269; x_wconf 91' lang='lat' dir='ltr'><strong>id</strong></span> <span class='ocrx_word' id='word_1_70' title='bbox 697 1215 853 1287; x_wconf 90' lang='lat' dir='ltr'><strong>quod</strong></span> <span class='ocrx_word' id='word_1_71' title='bbox 885 1215 1116 1272; x_wconf 89' lang='lat' dir='ltr'><strong>illatum</strong></span> <span class='ocrx_word' id='word_1_72' title='bbox 1150 1221 1239 1274; x_wconf 90' lang='lat' dir='ltr'><strong>est</strong></span> <span class='ocrx_word' id='word_1_73' title='bbox 1261 1219 1534 1289; x_wconf 77' lang='lat' dir='ltr'><strong>perferre.</strong></span> <span class='ocrx_word' id='word_1_74' title='bbox 1554 1218 1721 1273; x_wconf 87' lang='lat' dir='ltr'><strong>Tunc</strong></span> <span class='ocrx_word' id='word_1_75' title='bbox 1744 1217 1961 1290; x_wconf 87' lang='lat' dir='ltr'><strong>quippe</strong></span> <span class='ocrx_word' id='word_1_76' title='bbox 1992 1217 2043 1273; x_wconf 90' lang='lat' dir='ltr'><strong>ei</strong></span> 
     </span>
    </p>
   </div>
   <div class='ocr_carea' id='block_1_12' title="bbox 393 1303 2044 1379">
    <p class='ocr_par' dir='ltr' id='par_1_12' title="bbox 393 1303 2044 1379">
     <span class='ocr_line' id='line_1_12' title="bbox 393 1303 2044 1379; baseline 0.002 -21"><span class='ocrx_word' id='word_1_77' title='bbox 393 1303 494 1375; x_wconf 92' lang='lat' dir='ltr'><strong>qui</strong></span> <span class='ocrx_word' id='word_1_78' title='bbox 524 1319 628 1376; x_wconf 90' lang='lat' dir='ltr'><strong>per</strong></span> <span class='ocrx_word' id='word_1_79' title='bbox 655 1304 876 1360; x_wconf 90' lang='lat' dir='ltr'><strong>bonum</strong></span> <span class='ocrx_word' id='word_1_80' title='bbox 909 1306 1223 1362; x_wconf 86' lang='lat' dir='ltr'><strong>consilium</strong></span> <span class='ocrx_word' id='word_1_81' title='bbox 1262 1306 1586 1379; x_wconf 90' lang='lat' dir='ltr'><strong>opitulatus</strong></span> <span class='ocrx_word' id='word_1_82' title='bbox 1618 1312 1729 1373; x_wconf 90' lang='lat' dir='ltr'><strong>est,</strong></span> <span class='ocrx_word' id='word_1_83' title='bbox 1786 1323 1954 1363; x_wconf 91' lang='lat' dir='ltr'><strong>mens</strong></span> <span class='ocrx_word' id='word_1_84' title='bbox 1984 1307 2044 1361; x_wconf 92' lang='lat' dir='ltr'><strong>in</strong></span> 
     </span>
    </p>
   </div>
   <div class='ocr_carea' id='block_1_13' title="bbox 392 1392 1846 1464">
    <p class='ocr_par' dir='ltr' id='par_1_13' title="bbox 392 1392 1846 1464">
     <span class='ocr_line' id='line_1_13' title="bbox 392 1392 1846 1464; baseline 0.003 -17"><span class='ocrx_word' id='word_1_85' title='bbox 392 1392 521 1464; x_wconf 91' lang='lat' dir='ltr'><strong>ipso</strong></span> <span class='ocrx_word' id='word_1_86' title='bbox 543 1392 991 1451; x_wconf 88' lang='lat' dir='ltr'><strong>conﬂictationis</strong></span> <span class='ocrx_word' id='word_1_87' title='bbox 1020 1394 1267 1451; x_wconf 89' lang='lat' dir='ltr'><strong>articulo</strong></span> <span class='ocrx_word' id='word_1_88' title='bbox 1302 1394 1451 1452; x_wconf 87' lang='lat' dir='ltr'><strong>solet</strong></span> <span class='ocrx_word' id='word_1_89' title='bbox 1480 1411 1846 1452; x_wconf 88' lang='lat' dir='ltr'><strong>concurrere.</strong></span> 
     </span>
    </p>
   </div>
   <div class='ocr_carea' id='block_1_14' title="bbox 465 1497 2045 1571">
    <p class='ocr_par' dir='ltr' id='par_1_14' title="bbox 465 1497 2045 1571">
     <span class='ocr_line' id='line_1_14' title="bbox 465 1497 2045 1571; baseline 0.003 -18"><span class='ocrx_word' id='word_1_90' title='bbox 465 1497 558 1554; x_wconf 90' lang='lat' dir='ltr'><strong>IV.</strong></span> <span class='ocrx_word' id='word_1_91' title='bbox 610 1499 895 1557; x_wconf 72' lang='lat' dir='ltr'><strong>Caeterum</strong></span> <span class='ocrx_word' id='word_1_92' title='bbox 944 1501 1165 1570; x_wconf 85' lang='lat' dir='ltr'><strong>audivi,</strong></span> <span class='ocrx_word' id='word_1_93' title='bbox 1218 1501 1508 1571; x_wconf 84' lang='lat' dir='ltr'><strong>Clemens,</strong></span> <span class='ocrx_word' id='word_1_94' title='bbox 1560 1503 1888 1559; x_wconf 87' lang='lat' dir='ltr'><strong>Barnabam</strong></span> <span class='ocrx_word' id='word_1_95' title='bbox 1939 1501 2045 1558; x_wconf 87' lang='lat' dir='ltr'><strong>tibi</strong></span> 
     </span>
    </p>
   </div>
   <div class='ocr_carea' id='block_1_15' title="bbox 393 1586 2044 1663">
    <p class='ocr_par' dir='ltr' id='par_1_15' title="bbox 393 1586 2044 1663">
     <span class='ocr_line' id='line_1_15' title="bbox 393 1586 2044 1663; baseline 0.002 -20"><span class='ocrx_word' id='word_1_96' title='bbox 393 1586 753 1644; x_wconf 84' lang='lat' dir='ltr'><strong>Alexandriae</strong></span> <span class='ocrx_word' id='word_1_97' title='bbox 784 1593 1022 1647; x_wconf 89' lang='lat' dir='ltr'><strong>omnino</strong></span> <span class='ocrx_word' id='word_1_98' title='bbox 1052 1591 1393 1663; x_wconf 84' lang='lat' dir='ltr'><strong>exposuisse</strong></span> <span class='ocrx_word' id='word_1_99' title='bbox 1434 1592 1761 1648; x_wconf 87' lang='lat' dir='ltr'><strong>doctrinam</strong></span> <span class='ocrx_word' id='word_1_100' title='bbox 1793 1593 1863 1647; x_wconf 91' lang='lat' dir='ltr'><strong>de</strong></span> <span class='ocrx_word' id='word_1_101' title='bbox 1912 1608 2044 1663; x_wconf 86' lang='lat' dir='ltr'><strong>pro-</strong></span> 
     </span>
    </p>
   </div>
   <div class='ocr_carea' id='block_1_16' title="bbox 397 1674 2039 1753">
    <p class='ocr_par' dir='ltr' id='par_1_16' title="bbox 397 1674 2039 1753">
     <span class='ocr_line' id='line_1_16' title="bbox 397 1674 2039 1753; baseline 0.002 -23"><span class='ocrx_word' id='word_1_102' title='bbox 397 1674 595 1747; x_wconf 88' lang='lat' dir='ltr'><strong>phetia</strong></span> <span class='ocrx_word' id='word_1_103' title='bbox 627 1694 641 1745; x_wconf 91' lang='lat'><strong>;</strong></span> <span class='ocrx_word' id='word_1_104' title='bbox 674 1695 746 1734; x_wconf 91' lang='lat' dir='ltr'><strong>an</strong></span> <span class='ocrx_word' id='word_1_105' title='bbox 781 1678 839 1733; x_wconf 91' lang='lat' dir='ltr'><strong>id</strong></span> <span class='ocrx_word' id='word_1_106' title='bbox 868 1694 1071 1735; x_wconf 88' lang='lat' dir='ltr'><strong>verum</strong></span> <span class='ocrx_word' id='word_1_107' title='bbox 1106 1680 1378 1736; x_wconf 86' lang='lat' dir='ltr'><strong>nonest?</strong></span> <span class='ocrx_word' id='word_1_108' title='bbox 1435 1684 1503 1735; x_wconf 84' lang='lat' dir='ltr'><strong>Et</strong></span> <span class='ocrx_word' id='word_1_109' title='bbox 1558 1696 1662 1753; x_wconf 91' lang='lat' dir='ltr'><strong>ego</strong></span> <span class='ocrx_word' id='word_1_110' title='bbox 1720 1680 1993 1752; x_wconf 87' lang='lat' dir='ltr'><strong>respondi</strong></span> <span class='ocrx_word' id='word_1_111' title='bbox 2025 1696 2039 1734; x_wconf 90' lang='lat'><strong>:</strong></span> 
     </span>
    </p>
   </div>
   <div class='ocr_carea' id='block_1_17' title="bbox 398 1764 2043 1841">
    <p class='ocr_par' dir='ltr' id='par_1_17' title="bbox 398 1764 2043 1841">
     <span class='ocr_line' id='line_1_17' title="bbox 398 1764 2043 1841; baseline 0.002 -22"><span class='ocrx_word' id='word_1_112' title='bbox 398 1764 483 1820; x_wconf 90' lang='lat' dir='ltr'><strong>Ita</strong></span> <span class='ocrx_word' id='word_1_113' title='bbox 514 1770 623 1833; x_wconf 89' lang='lat' dir='ltr'><strong>est,</strong></span> <span class='ocrx_word' id='word_1_114' title='bbox 657 1767 977 1823; x_wconf 87' lang='lat' dir='ltr'><strong>admodum</strong></span> <span class='ocrx_word' id='word_1_115' title='bbox 1010 1768 1282 1841; x_wconf 66' lang='lat' dir='ltr'><strong>praeclare</strong></span> <span class='ocrx_word' id='word_1_116' title='bbox 1314 1769 1373 1823; x_wconf 90' lang='lat' dir='ltr'><strong>id</strong></span> <span class='ocrx_word' id='word_1_117' title='bbox 1405 1770 1557 1825; x_wconf 90' lang='lat' dir='ltr'><strong>fecit.</strong></span> <span class='ocrx_word' id='word_1_118' title='bbox 1592 1773 1659 1824; x_wconf 89' lang='lat' dir='ltr'><strong>Et</strong></span> <span class='ocrx_word' id='word_1_119' title='bbox 1690 1770 2043 1825; x_wconf 80' lang='lat' dir='ltr'><strong>PetruszNon</strong></span> 
     </span>
    </p>
   </div>
   <div class='ocr_carea' id='block_1_18' title="bbox 395 1855 2045 1929">
    <p class='ocr_par' dir='ltr' id='par_1_18' title="bbox 395 1855 2045 1929">
     <span class='ocr_line' id='line_1_18' title="bbox 395 1855 2045 1929; baseline 0.003 -19"><span class='ocrx_word' id='word_1_120' title='bbox 395 1855 577 1928; x_wconf 84' lang='lat' dir='ltr'><strong>igitur</strong></span> <span class='ocrx_word' id='word_1_121' title='bbox 605 1872 840 1912; x_wconf 85' lang='lat' dir='ltr'><strong>necesse</strong></span> <span class='ocrx_word' id='word_1_122' title='bbox 870 1861 979 1924; x_wconf 89' lang='lat' dir='ltr'><strong>est,</strong></span> <span class='ocrx_word' id='word_1_123' title='bbox 1025 1862 1090 1913; x_wconf 91' lang='lat' dir='ltr'><strong>ut</strong></span> <span class='ocrx_word' id='word_1_124' title='bbox 1120 1857 1229 1913; x_wconf 90' lang='lat' dir='ltr'><strong>hoc</strong></span> <span class='ocrx_word' id='word_1_125' title='bbox 1259 1862 1492 1929; x_wconf 87' lang='lat' dir='ltr'><strong>tempus</strong></span> <span class='ocrx_word' id='word_1_126' title='bbox 1516 1858 1574 1913; x_wconf 92' lang='lat' dir='ltr'><strong>in</strong></span> <span class='ocrx_word' id='word_1_127' title='bbox 1606 1859 1678 1913; x_wconf 86' lang='lat' dir='ltr'><strong>iis</strong></span> <span class='ocrx_word' id='word_1_128' title='bbox 1702 1859 2045 1915; x_wconf 86' lang='lat' dir='ltr'><strong>enarrandis</strong></span> 
     </span>
    </p>
   </div>
   <div class='ocr_carea' id='block_1_19' title="bbox 396 1946 2124 2034">
    <p class='ocr_par' dir='ltr' id='par_1_19' title="bbox 396 1946 2124 2034">
     <span class='ocr_line' id='line_1_19' title="bbox 396 1946 2124 2034; baseline 0.002 -34"><span class='ocrx_word' id='word_1_129' title='bbox 396 1962 523 2017; x_wconf 81' lang='lat' dir='ltr'><strong>quae</strong></span> <span class='ocrx_word' id='word_1_130' title='bbox 556 1946 707 2001; x_wconf 84' lang='lat' dir='ltr'><strong>nosti</strong></span> <span class='ocrx_word' id='word_1_131' title='bbox 736 1948 1087 2016; x_wconf 89' lang='lat' dir='ltr'><strong>insumatur,</strong></span> <span class='ocrx_word' id='word_1_132' title='bbox 1120 1964 1252 2003; x_wconf 91' lang='lat' dir='ltr'><strong>cum</strong></span> <span class='ocrx_word' id='word_1_133' title='bbox 1287 1948 1358 2003; x_wconf 91' lang='lat' dir='ltr'><strong>ad</strong></span> <span class='ocrx_word' id='word_1_134' title='bbox 1391 1947 1535 2003; x_wconf 90' lang='lat' dir='ltr'><strong>alios</strong></span> <span class='ocrx_word' id='word_1_135' title='bbox 1554 1963 1872 2014; x_wconf 89' lang='lat' dir='ltr'><strong>sermones,</strong></span> <span class='ocrx_word' id='word_1_136' title='bbox 1897 1964 2045 2018; x_wconf 90' lang='lat' dir='ltr'><strong>quos</strong></span> <span class='ocrx_word' id='word_1_137' title='bbox 2074 1969 2124 2034; x_wconf 84' lang='lat' dir='ltr'><strong>B</strong></span> 
     </span>
    </p>
   </div>
   <div class='ocr_carea' id='block_1_20' title="bbox 394 2034 2045 2108">
    <p class='ocr_par' dir='ltr' id='par_1_20' title="bbox 394 2034 2045 2108">
     <span class='ocr_line' id='line_1_20' title="bbox 394 2034 2045 2108; baseline 0.002 -20"><span class='ocrx_word' id='word_1_138' title='bbox 394 2034 650 2107; x_wconf 86' lang='lat' dir='ltr'><strong>ignoras,</strong></span> <span class='ocrx_word' id='word_1_139' title='bbox 675 2035 846 2091; x_wconf 88' lang='lat' dir='ltr'><strong>nobis</strong></span> <span class='ocrx_word' id='word_1_140' title='bbox 877 2036 1064 2107; x_wconf 87' lang='lat' dir='ltr'><strong>possit</strong></span> <span class='ocrx_word' id='word_1_141' title='bbox 1092 2035 1395 2092; x_wconf 88' lang='lat' dir='ltr'><strong>inservire.</strong></span> <span class='ocrx_word' id='word_1_142' title='bbox 1430 2037 1500 2091; x_wconf 90' lang='lat' dir='ltr'><strong>Et</strong></span> <span class='ocrx_word' id='word_1_143' title='bbox 1539 2053 1643 2108; x_wconf 86' lang='lat' dir='ltr'><strong>ego</strong></span> <span class='ocrx_word' id='word_1_144' title='bbox 1675 2037 1792 2091; x_wconf 84' lang='lat' dir='ltr'><strong>dixi</strong></span> <span class='ocrx_word' id='word_1_145' title='bbox 1823 2053 1836 2091; x_wconf 89' lang='lat'><strong>:</strong></span> <span class='ocrx_word' id='word_1_146' title='bbox 1873 2036 2045 2092; x_wconf 82' lang='lat' dir='ltr'><strong>Recte</strong></span> 
     </span>
    </p>
   </div>
   <div class='ocr_carea' id='block_1_21' title="bbox 394 2123 2046 2197">
    <p class='ocr_par' dir='ltr' id='par_1_21' title="bbox 394 2123 2046 2197">
     <span class='ocr_line' id='line_1_21' title="bbox 394 2123 2046 2197; baseline 0.001 -19"><span class='ocrx_word' id='word_1_147' title='bbox 394 2123 501 2191; x_wconf 91' lang='lat' dir='ltr'><strong>ais,</strong></span> <span class='ocrx_word' id='word_1_148' title='bbox 535 2123 720 2178; x_wconf 87' lang='lat' dir='ltr'><strong>Petre.</strong></span> <span class='ocrx_word' id='word_1_149' title='bbox 754 2123 816 2178; x_wconf 91' lang='lat' dir='ltr'><strong>Id</strong></span> <span class='ocrx_word' id='word_1_150' title='bbox 846 2126 1045 2179; x_wconf 88' lang='lat' dir='ltr'><strong>tamen</strong></span> <span class='ocrx_word' id='word_1_151' title='bbox 1077 2123 1223 2179; x_wconf 91' lang='lat' dir='ltr'><strong>mihi</strong></span> <span class='ocrx_word' id='word_1_152' title='bbox 1255 2141 1357 2196; x_wconf 93' lang='lat' dir='ltr'><strong>pro</strong></span> <span class='ocrx_word' id='word_1_153' title='bbox 1392 2142 1632 2180; x_wconf 89' lang='lat' dir='ltr'><strong>munere</strong></span> <span class='ocrx_word' id='word_1_154' title='bbox 1654 2126 1925 2193; x_wconf 88' lang='lat' dir='ltr'><strong>concede,</strong></span> <span class='ocrx_word' id='word_1_155' title='bbox 1946 2125 2046 2197; x_wconf 92' lang='lat' dir='ltr'>qui</span> 
     </span>
    </p>
   </div>
   <div class='ocr_carea' id='block_1_22' title="bbox 394 2212 2047 2286">
    <p class='ocr_par' dir='ltr' id='par_1_22' title="bbox 394 2212 2047 2286">
     <span class='ocr_line' id='line_1_22' title="bbox 394 2212 2047 2286; baseline 0.002 -18"><span class='ocrx_word' id='word_1_156' title='bbox 394 2228 627 2284; x_wconf 87' lang='lat' dir='ltr'><strong>semper</strong></span> <span class='ocrx_word' id='word_1_157' title='bbox 659 2216 851 2268; x_wconf 88' lang='lat' dir='ltr'><strong>tecum</strong></span> <span class='ocrx_word' id='word_1_158' title='bbox 877 2229 1111 2269; x_wconf 90' lang='lat' dir='ltr'><strong>manere</strong></span> <span class='ocrx_word' id='word_1_159' title='bbox 1132 2212 1433 2285; x_wconf 88' lang='lat' dir='ltr'><strong>constitui,</strong></span> <span class='ocrx_word' id='word_1_160' title='bbox 1454 2230 1785 2270; x_wconf 90' lang='lat' dir='ltr'><strong>sermonem</strong></span> <span class='ocrx_word' id='word_1_161' title='bbox 1817 2214 1888 2269; x_wconf 88' lang='lat' dir='ltr'><strong>de</strong></span> <span class='ocrx_word' id='word_1_162' title='bbox 1919 2230 2047 2286; x_wconf 88' lang='lat' dir='ltr'><strong>pro-</strong></span> 
     </span>
    </p>
   </div>
   <div class='ocr_carea' id='block_1_23' title="bbox 394 2300 2050 2375">
    <p class='ocr_par' dir='ltr' id='par_1_23' title="bbox 394 2300 2050 2375">
     <span class='ocr_line' id='line_1_23' title="bbox 394 2300 2050 2375; baseline 0.003 -20"><span class='ocrx_word' id='word_1_163' title='bbox 394 2300 573 2372; x_wconf 89' lang='lat' dir='ltr'><strong>pheta</strong></span> <span class='ocrx_word' id='word_1_164' title='bbox 602 2300 890 2374; x_wconf 88' lang='lat' dir='ltr'><strong>explioare</strong></span> <span class='ocrx_word' id='word_1_165' title='bbox 920 2302 1157 2358; x_wconf 89' lang='lat' dir='ltr'><strong>assiduo</strong></span> <span class='ocrx_word' id='word_1_166' title='bbox 1190 2300 1461 2359; x_wconf 84' lang='lat' dir='ltr'><strong>lubenter</strong></span> <span class='ocrx_word' id='word_1_167' title='bbox 1504 2303 1790 2359; x_wconf 88' lang='lat' dir='ltr'><strong>audienti.</strong></span> <span class='ocrx_word' id='word_1_168' title='bbox 1815 2304 2050 2375; x_wconf 82' lang='lat' dir='ltr'><strong>Absque</strong></span> 
     </span>
    </p>
   </div>
   <div class='ocr_carea' id='block_1_24' title="bbox 395 2386 2044 2463">
    <p class='ocr_par' dir='ltr' id='par_1_24' title="bbox 395 2386 2044 2463">
     <span class='ocr_line' id='line_1_24' title="bbox 395 2386 2044 2463; baseline 0.004 -22"><span class='ocrx_word' id='word_1_169' title='bbox 395 2386 496 2443; x_wconf 93' lang='lat' dir='ltr'><strong>illo</strong></span> <span class='ocrx_word' id='word_1_170' title='bbox 522 2386 701 2457; x_wconf 90' lang='lat' dir='ltr'><strong>enim,</strong></span> <span class='ocrx_word' id='word_1_171' title='bbox 735 2387 888 2445; x_wconf 86' lang='lat' dir='ltr'><strong>sicut</strong></span> <span class='ocrx_word' id='word_1_172' title='bbox 917 2405 951 2444; x_wconf 90' lang='lat' dir='ltr'><strong>a</strong></span> <span class='ocrx_word' id='word_1_173' title='bbox 980 2389 1247 2445; x_wconf 90' lang='lat' dir='ltr'><strong>Barnaba</strong></span> <span class='ocrx_word' id='word_1_174' title='bbox 1276 2389 1493 2463; x_wconf 90' lang='lat' dir='ltr'><strong>accepi,</strong></span> <span class='ocrx_word' id='word_1_175' title='bbox 1525 2390 1739 2449; x_wconf 82' lang='lat' dir='ltr'><strong>veritas</strong></span> <span class='ocrx_word' id='word_1_176' title='bbox 1765 2391 1910 2446; x_wconf 86' lang='lat' dir='ltr'><strong>disci</strong></span> <span class='ocrx_word' id='word_1_177' title='bbox 1929 2408 2044 2447; x_wconf 91' lang='lat' dir='ltr'><strong>non</strong></span> 
     </span>
    </p>
   </div>
   <div class='ocr_carea' id='block_1_25' title="bbox 399 2480 614 2548">
    <p class='ocr_par' dir='ltr' id='par_1_25' title="bbox 399 2480 614 2548">
     <span class='ocr_line' id='line_1_25' title="bbox 399 2480 614 2548; baseline -0.005 -15"><span class='ocrx_word' id='word_1_178' title='bbox 399 2480 614 2548; x_wconf 89' lang='lat' dir='ltr'><strong>potest.</strong></span> 
     </span>
    </p>
   </div>
   <div class='ocr_carea' id='block_1_26' title="bbox 465 2583 2041 2656">
    <p class='ocr_par' dir='ltr' id='par_1_26' title="bbox 465 2583 2041 2656">
     <span class='ocr_line' id='line_1_26' title="bbox 465 2583 2041 2656; baseline 0.004 -21"><span class='ocrx_word' id='word_1_179' title='bbox 465 2583 533 2637; x_wconf 89' lang='lat' dir='ltr'><strong>V.</strong></span> <span class='ocrx_word' id='word_1_180' title='bbox 570 2586 794 2651; x_wconf 85' lang='lat' dir='ltr'><strong>Petrus,</strong></span> <span class='ocrx_word' id='word_1_181' title='bbox 827 2598 893 2640; x_wconf 90' lang='lat' dir='ltr'><strong>eo</strong></span> <span class='ocrx_word' id='word_1_182' title='bbox 923 2599 1203 2655; x_wconf 90' lang='lat' dir='ltr'><strong>responso</strong></span> <span class='ocrx_word' id='word_1_183' title='bbox 1232 2584 1397 2640; x_wconf 89' lang='lat' dir='ltr'><strong>valde</strong></span> <span class='ocrx_word' id='word_1_184' title='bbox 1418 2584 1917 2656; x_wconf 88' lang='lat' dir='ltr'><strong>delectatus;jam,</strong></span> <span class='ocrx_word' id='word_1_185' title='bbox 1950 2586 2041 2642; x_wconf 81' lang='lat' dir='ltr'><strong>in-</strong></span> 
     </span>
    </p>
   </div>
   <div class='ocr_carea' id='block_1_27' title="bbox 397 2671 2046 2746">
    <p class='ocr_par' dir='ltr' id='par_1_27' title="bbox 397 2671 2046 2746">
     <span class='ocr_line' id='line_1_27' title="bbox 397 2671 2046 2746; baseline 0.002 -18"><span class='ocrx_word' id='word_1_186' title='bbox 397 2671 544 2744; x_wconf 88' lang='lat' dir='ltr'><strong>quit,</strong></span> <span class='ocrx_word' id='word_1_187' title='bbox 569 2673 745 2728; x_wconf 82' lang='lat' dir='ltr'><strong>finem</strong></span> <span class='ocrx_word' id='word_1_188' title='bbox 776 2672 1001 2745; x_wconf 83' lang='lat' dir='ltr'><strong>accepit</strong></span> <span class='ocrx_word' id='word_1_189' title='bbox 1021 2689 1147 2744; x_wconf 64' lang='lat' dir='ltr'><strong>quas</strong></span> <span class='ocrx_word' id='word_1_190' title='bbox 1169 2674 1240 2729; x_wconf 90' lang='lat' dir='ltr'><strong>ad</strong></span> <span class='ocrx_word' id='word_1_191' title='bbox 1263 2678 1316 2730; x_wconf 86' lang='lat' dir='ltr'><strong>te</strong></span> <span class='ocrx_word' id='word_1_192' title='bbox 1339 2674 1589 2746; x_wconf 88' lang='lat' dir='ltr'><strong>pertinet</strong></span> <span class='ocrx_word' id='word_1_193' title='bbox 1616 2676 2046 2744; x_wconf 89' lang='lat' dir='ltr'><strong>emendatio,ut</strong></span> 
     </span>
    </p>
   </div>
   <div class='ocr_carea' id='block_1_28' title="bbox 397 2761 2040 2836">
    <p class='ocr_par' dir='ltr' id='par_1_28' title="bbox 397 2761 2040 2836">
     <span class='ocr_line' id='line_1_28' title="bbox 397 2761 2040 2836; baseline 0.002 -20"><span class='ocrx_word' id='word_1_194' title='bbox 397 2761 495 2833; x_wconf 92' lang='lat' dir='ltr'><strong>qui</strong></span> <span class='ocrx_word' id='word_1_195' title='bbox 524 2777 841 2834; x_wconf 85' lang='lat' dir='ltr'><strong>cognoscas</strong></span> <span class='ocrx_word' id='word_1_196' title='bbox 858 2762 1326 2834; x_wconf 87' lang='lat' dir='ltr'><strong>magnitudinem</strong></span> <span class='ocrx_word' id='word_1_197' title='bbox 1346 2762 1689 2819; x_wconf 80' lang='lat' dir='ltr'><strong>indubitatae</strong></span> <span class='ocrx_word' id='word_1_198' title='bbox 1703 2763 2040 2836; x_wconf 80' lang='lat' dir='ltr'><strong>prophetiae,</strong></span> 
     </span>
    </p>
   </div>
   <div class='ocr_carea' id='block_1_29' title="bbox 397 2850 2043 2925">
    <p class='ocr_par' dir='ltr' id='par_1_29' title="bbox 397 2850 2043 2925">
     <span class='ocr_line' id='line_1_29' title="bbox 397 2850 2043 2925; baseline 0.002 -20"><span class='ocrx_word' id='word_1_199' title='bbox 397 2850 525 2906; x_wconf 88' lang='lat' dir='ltr'><strong>sine</strong></span> <span class='ocrx_word' id='word_1_200' title='bbox 555 2867 672 2922; x_wconf 91' lang='lat' dir='ltr'><strong>qua</strong></span> <span class='ocrx_word' id='word_1_201' title='bbox 700 2850 1063 2923; x_wconf 89' lang='lat' dir='ltr'><strong>impossibile</strong></span> <span class='ocrx_word' id='word_1_202' title='bbox 1093 2855 1182 2907; x_wconf 90' lang='lat' dir='ltr'><strong>est</strong></span> <span class='ocrx_word' id='word_1_203' title='bbox 1200 2850 1476 2923; x_wconf 89' lang='lat' dir='ltr'><strong>cuiquam</strong></span> <span class='ocrx_word' id='word_1_204' title='bbox 1500 2853 1555 2907; x_wconf 95' lang='lat' dir='ltr'><strong>id</strong></span> <span class='ocrx_word' id='word_1_205' title='bbox 1582 2854 1859 2925; x_wconf 89' lang='lat' dir='ltr'><strong>consequi</strong></span> <span class='ocrx_word' id='word_1_206' title='bbox 1887 2853 2043 2924; x_wconf 92' lang='lat' dir='ltr'><strong>quod</strong></span> 
     </span>
    </p>
   </div>
   <div class='ocr_carea' id='block_1_30' title="bbox 396 2939 2045 3011">
    <p class='ocr_par' dir='ltr' id='par_1_30' title="bbox 396 2939 2045 3011">
     <span class='ocr_line' id='line_1_30' title="bbox 396 2939 2045 3011; baseline 0.001 -15"><span class='ocrx_word' id='word_1_207' title='bbox 396 2954 629 2996; x_wconf 89' lang='lat' dir='ltr'><strong>summe</strong></span> <span class='ocrx_word' id='word_1_208' title='bbox 653 2939 996 3011; x_wconf 88' lang='lat' dir='ltr'><strong>juvat.Nam</strong></span> <span class='ocrx_word' id='word_1_209' title='bbox 1011 2939 1218 2996; x_wconf 88' lang='lat' dir='ltr'><strong>cumin</strong></span> <span class='ocrx_word' id='word_1_210' title='bbox 1232 2941 1407 2996; x_wconf 91' lang='lat' dir='ltr'><strong>rebus</strong></span> <span class='ocrx_word' id='word_1_211' title='bbox 1438 2940 1623 2995; x_wconf 89' lang='lat' dir='ltr'><strong>multa</strong></span> <span class='ocrx_word' id='word_1_212' title='bbox 1643 2946 1701 2996; x_wconf 88' lang='lat' dir='ltr'><strong>et</strong></span> <span class='ocrx_word' id='word_1_213' title='bbox 1722 2943 2045 2998; x_wconf 84' lang='lat' dir='ltr'><strong>variabona</strong></span> 
     </span>
    </p>
   </div>
   <div class='ocr_carea' id='block_1_31' title="bbox 398 3027 2041 3107">
    <p class='ocr_par' dir='ltr' id='par_1_31' title="bbox 398 3027 2041 3107">
     <span class='ocr_line' id='line_1_31' title="bbox 398 3027 2041 3107; baseline 0.005 -24"><span class='ocrx_word' id='word_1_214' title='bbox 398 3027 520 3084; x_wconf 90' lang='lat' dir='ltr'><strong>sint</strong></span> <span class='ocrx_word' id='word_1_215' title='bbox 556 3044 622 3084; x_wconf 91' lang='lat' dir='ltr'><strong>ac</strong></span> <span class='ocrx_word' id='word_1_216' title='bbox 652 3044 780 3084; x_wconf 89' lang='lat' dir='ltr'><strong>esse</strong></span> <span class='ocrx_word' id='word_1_217' title='bbox 800 3028 1209 3101; x_wconf 89' lang='lat' dir='ltr'><strong>possint,quod</strong></span> <span class='ocrx_word' id='word_1_218' title='bbox 1241 3029 1441 3085; x_wconf 90' lang='lat' dir='ltr'><strong>omnia</strong></span> <span class='ocrx_word' id='word_1_219' title='bbox 1482 3030 1841 3088; x_wconf 86' lang='lat' dir='ltr'><strong>beatitudine</strong></span> <span class='ocrx_word' id='word_1_220' title='bbox 1868 3049 2041 3107; x_wconf 88' lang='lat' dir='ltr'><strong>supe-</strong></span> 
     </span>
    </p>
   </div>
   <div class='ocr_carea' id='block_1_32' title="bbox 401 3116 2043 3193">
    <p class='ocr_par' dir='ltr' id='par_1_32' title="bbox 401 3116 2043 3193">
     <span class='ocr_line' id='line_1_32' title="bbox 401 3116 2043 3193; baseline 0.004 -21"><span class='ocrx_word' id='word_1_221' title='bbox 401 3121 512 3184; x_wconf 90' lang='lat' dir='ltr'><strong>rat,</strong></span> <span class='ocrx_word' id='word_1_222' title='bbox 544 3116 631 3173; x_wconf 89' lang='lat' dir='ltr'><strong>vel</strong></span> <span class='ocrx_word' id='word_1_223' title='bbox 663 3117 784 3173; x_wconf 86' lang='lat' dir='ltr'><strong>vita</strong></span> <span class='ocrx_word' id='word_1_224' title='bbox 811 3122 1044 3187; x_wconf 66' lang='lat' dir='ltr'><strong>mterna,</strong></span> <span class='ocrx_word' id='word_1_225' title='bbox 1083 3117 1172 3173; x_wconf 88' lang='lat' dir='ltr'><strong>vel</strong></span> <span class='ocrx_word' id='word_1_226' title='bbox 1202 3122 1477 3190; x_wconf 91' lang='lat' dir='ltr'><strong>perpetua</strong></span> <span class='ocrx_word' id='word_1_227' title='bbox 1507 3119 1751 3189; x_wconf 86' lang='lat' dir='ltr'><strong>sanitas,</strong></span> <span class='ocrx_word' id='word_1_228' title='bbox 1774 3119 1861 3176; x_wconf 91' lang='lat' dir='ltr'><strong>vel</strong></span> <span class='ocrx_word' id='word_1_229' title='bbox 1910 3139 2043 3193; x_wconf 88' lang='lat' dir='ltr'><strong>per-</strong></span> 
     </span>
    </p>
   </div>
   <div class='ocr_carea' id='block_1_33' title="bbox 398 3205 2046 3277">
    <p class='ocr_par' dir='ltr' id='par_1_33' title="bbox 398 3205 2046 3277">
     <span class='ocr_line' id='line_1_33' title="bbox 398 3205 2046 3277; baseline 0.004 -16"><span class='ocrx_word' id='word_1_230' title='bbox 398 3206 552 3262; x_wconf 85' lang='lat' dir='ltr'><strong>fecta</strong></span> <span class='ocrx_word' id='word_1_231' title='bbox 580 3222 767 3274; x_wconf 88' lang='lat' dir='ltr'><strong>mens,</strong></span> <span class='ocrx_word' id='word_1_232' title='bbox 796 3206 884 3262; x_wconf 90' lang='lat' dir='ltr'><strong>vel</strong></span> <span class='ocrx_word' id='word_1_233' title='bbox 914 3205 1136 3277; x_wconf 90' lang='lat' dir='ltr'><strong>lumen,</strong></span> <span class='ocrx_word' id='word_1_234' title='bbox 1169 3205 1256 3262; x_wconf 89' lang='lat' dir='ltr'><strong>vel</strong></span> <span class='ocrx_word' id='word_1_235' title='bbox 1286 3207 1592 3277; x_wconf 87' lang='lat' dir='ltr'><strong>gaudium,</strong></span> <span class='ocrx_word' id='word_1_236' title='bbox 1623 3208 1711 3263; x_wconf 91' lang='lat' dir='ltr'><strong>vel</strong></span> <span class='ocrx_word' id='word_1_237' title='bbox 1744 3209 2046 3268; x_wconf 86' lang='lat' dir='ltr'><strong>immorta-</strong></span> 
     </span>
    </p>
   </div>
   <div class='ocr_carea' id='block_1_34' title="bbox 398 3294 2042 3369">
    <p class='ocr_par' dir='ltr' id='par_1_34' title="bbox 398 3294 2042 3369">
     <span class='ocr_line' id='line_1_34' title="bbox 398 3294 2042 3369; baseline 0.003 -19"><span class='ocrx_word' id='word_1_238' title='bbox 398 3294 532 3359; x_wconf 90' lang='lat' dir='ltr'><strong>itas,</strong></span> <span class='ocrx_word' id='word_1_239' title='bbox 564 3294 651 3351; x_wconf 93' lang='lat' dir='ltr'><strong>vel</strong></span> <span class='ocrx_word' id='word_1_240' title='bbox 681 3295 731 3351; x_wconf 89' lang='lat' dir='ltr'><strong>si</strong></span> <span class='ocrx_word' id='word_1_241' title='bbox 761 3294 902 3367; x_wconf 89' lang='lat' dir='ltr'><strong>quid</strong></span> <span class='ocrx_word' id='word_1_242' title='bbox 928 3294 1086 3351; x_wconf 92' lang='lat' dir='ltr'><strong>aliud</strong></span> <span class='ocrx_word' id='word_1_243' title='bbox 1144 3298 1232 3351; x_wconf 89' lang='lat' dir='ltr'><strong>est</strong></span> <span class='ocrx_word' id='word_1_244' title='bbox 1274 3300 1376 3351; x_wconf 88' lang='lat' dir='ltr'><strong>aut</strong></span> <span class='ocrx_word' id='word_1_245' title='bbox 1410 3296 1654 3352; x_wconf 79' lang='lat' dir='ltr'><strong>existere</strong></span> <span class='ocrx_word' id='word_1_246' title='bbox 1712 3302 1905 3369; x_wconf 88' lang='lat' dir='ltr'><strong>potest</strong></span> <span class='ocrx_word' id='word_1_247' title='bbox 1953 3316 2042 3356; x_wconf 89' lang='lat' dir='ltr'><strong>ex-</strong></span> 
     </span>
    </p>
   </div>
   <div class='ocr_carea' id='block_1_35' title="bbox 400 3382 2041 3458">
    <p class='ocr_par' dir='ltr' id='par_1_35' title="bbox 400 3382 2041 3458">
     <span class='ocr_line' id='line_1_35' title="bbox 400 3382 2041 3458; baseline 0.004 -19"><span class='ocrx_word' id='word_1_248' title='bbox 400 3382 615 3439; x_wconf 90' lang='lat' dir='ltr'><strong>cellens</strong></span> <span class='ocrx_word' id='word_1_249' title='bbox 642 3383 701 3439; x_wconf 90' lang='lat' dir='ltr'><strong>in</strong></span> <span class='ocrx_word' id='word_1_250' title='bbox 735 3399 932 3439; x_wconf 90' lang='lat' dir='ltr'><strong>rerum</strong></span> <span class='ocrx_word' id='word_1_251' title='bbox 963 3388 1172 3439; x_wconf 88' lang='lat' dir='ltr'><strong>natura</strong></span> <span class='ocrx_word' id='word_1_252' title='bbox 1203 3399 1217 3440; x_wconf 90' lang='lat'>:</span> <span class='ocrx_word' id='word_1_253' title='bbox 1247 3383 1307 3439; x_wconf 92' lang='lat' dir='ltr'><strong>id</strong></span> <span class='ocrx_word' id='word_1_254' title='bbox 1344 3400 1459 3440; x_wconf 91' lang='lat' dir='ltr'><strong>non</strong></span> <span class='ocrx_word' id='word_1_255' title='bbox 1518 3384 1689 3440; x_wconf 91' lang='lat' dir='ltr'><strong>aliter</strong></span> <span class='ocrx_word' id='word_1_256' title='bbox 1743 3388 2041 3458; x_wconf 89' lang='lat' dir='ltr'><strong>possidere</strong></span> 
     </span>
    </p>
   </div>
   <div class='ocr_carea' id='block_1_36' title="bbox 392 3472 2041 3550">
    <p class='ocr_par' dir='ltr' id='par_1_36' title="bbox 392 3472 2041 3550">
     <span class='ocr_line' id='line_1_36' title="bbox 392 3472 2041 3550; baseline 0.002 -20"><span class='ocrx_word' id='word_1_257' title='bbox 392 3474 502 3542; x_wconf 90' lang='lat' dir='ltr'><strong>est,</strong></span> <span class='ocrx_word' id='word_1_258' title='bbox 533 3472 651 3530; x_wconf 87' lang='lat' dir='ltr'><strong>nisi</strong></span> <span class='ocrx_word' id='word_1_259' title='bbox 682 3472 846 3546; x_wconf 89' lang='lat' dir='ltr'><strong>prius</strong></span> <span class='ocrx_word' id='word_1_260' title='bbox 877 3488 968 3529; x_wconf 89' lang='lat' dir='ltr'><strong>res</strong></span> <span class='ocrx_word' id='word_1_261' title='bbox 997 3472 1496 3544; x_wconf 90' lang='lat' dir='ltr'><strong>quemadmodum</strong></span> <span class='ocrx_word' id='word_1_262' title='bbox 1544 3478 1773 3531; x_wconf 87' lang='lat' dir='ltr'><strong>exstant</strong></span> <span class='ocrx_word' id='word_1_263' title='bbox 1827 3492 2041 3550; x_wconf 86' lang='lat' dir='ltr'><strong>cogno-</strong></span> 
     </span>
    </p>
   </div>
   <div class='ocr_carea' id='block_1_37' title="bbox 394 3561 2039 3638">
    <p class='ocr_par' dir='ltr' id='par_1_37' title="bbox 394 3561 2039 3638">
     <span class='ocr_line' id='line_1_37' title="bbox 394 3561 2039 3638; baseline 0.002 -21"><span class='ocrx_word' id='word_1_264' title='bbox 394 3565 669 3631; x_wconf 90' lang='lat' dir='ltr'><strong>scantur;</strong></span> <span class='ocrx_word' id='word_1_265' title='bbox 699 3578 768 3618; x_wconf 90' lang='lat' dir='ltr'><strong>ea</strong></span> <span class='ocrx_word' id='word_1_266' title='bbox 782 3578 917 3617; x_wconf 90' lang='lat' dir='ltr'><strong>vero</strong></span> <span class='ocrx_word' id='word_1_267' title='bbox 942 3562 1187 3618; x_wconf 91' lang='lat' dir='ltr'><strong>scientia</strong></span> <span class='ocrx_word' id='word_1_268' title='bbox 1234 3561 1532 3635; x_wconf 88' lang='lat' dir='ltr'><strong>continget</strong></span> <span class='ocrx_word' id='word_1_269' title='bbox 1572 3580 1894 3638; x_wconf 90' lang='lat' dir='ltr'><strong>nunquam,</strong></span> <span class='ocrx_word' id='word_1_270' title='bbox 1928 3567 2039 3623; x_wconf 86' lang='lat' dir='ltr'><strong>nisi</strong></span> 
     </span>
    </p>
   </div>
   <div class='ocr_carea' id='block_1_38' title="bbox 395 3650 1428 3723">
    <p class='ocr_par' dir='ltr' id='par_1_38' title="bbox 395 3650 1428 3723">
     <span class='ocr_line' id='line_1_38' title="bbox 395 3650 1428 3723; baseline 0 -18"><span class='ocrx_word' id='word_1_271' title='bbox 395 3650 594 3723; x_wconf 91' lang='lat' dir='ltr'><strong>agnito</strong></span> <span class='ocrx_word' id='word_1_272' title='bbox 625 3656 796 3707; x_wconf 89' lang='lat' dir='ltr'><strong>antea</strong></span> <span class='ocrx_word' id='word_1_273' title='bbox 824 3650 1110 3723; x_wconf 90' lang='lat' dir='ltr'><strong>propheta</strong></span> <span class='ocrx_word' id='word_1_274' title='bbox 1140 3650 1428 3707; x_wconf 89' lang='lat' dir='ltr'><strong>veritatis.</strong></span> 
     </span>
    </p>
   </div>
   <div class='ocr_carea' id='block_1_39' title="bbox 462 3755 2039 3833">
    <p class='ocr_par' dir='ltr' id='par_1_39' title="bbox 462 3755 2039 3833">
     <span class='ocr_line' id='line_1_39' title="bbox 462 3755 2039 3833; baseline 0.006 -23"><span class='ocrx_word' id='word_1_275' title='bbox 462 3755 557 3811; x_wconf 86' lang='lat' dir='ltr'><strong>VI.</strong></span> <span class='ocrx_word' id='word_1_276' title='bbox 592 3755 879 3828; x_wconf 87' lang='lat' dir='ltr'><strong>Propheta</strong></span> <span class='ocrx_word' id='word_1_277' title='bbox 906 3761 1103 3813; x_wconf 90' lang='lat' dir='ltr'><strong>autem</strong></span> <span class='ocrx_word' id='word_1_278' title='bbox 1133 3758 1393 3814; x_wconf 86' lang='lat' dir='ltr'><strong>veritatis</strong></span> <span class='ocrx_word' id='word_1_279' title='bbox 1425 3758 1521 3814; x_wconf 90' lang='lat' dir='ltr'><strong>ille</strong></span> <span class='ocrx_word' id='word_1_280' title='bbox 1552 3763 1661 3830; x_wconf 85' lang='lat' dir='ltr'><strong>est,</strong></span> <span class='ocrx_word' id='word_1_281' title='bbox 1697 3761 1796 3833; x_wconf 90' lang='lat' dir='ltr'><strong>qui</strong></span> <span class='ocrx_word' id='word_1_282' title='bbox 1840 3762 2039 3820; x_wconf 89' lang='lat' dir='ltr'><strong>omnia</strong></span> 
     </span>
    </p>
   </div>
   <div class='ocr_carea' id='block_1_40' title="bbox 394 3844 2040 3919">
    <p class='ocr_par' dir='ltr' id='par_1_40' title="bbox 394 3844 2040 3919">
     <span class='ocr_line' id='line_1_40' title="bbox 394 3844 2040 3919; baseline 0.005 -20"><span class='ocrx_word' id='word_1_283' title='bbox 394 3846 633 3901; x_wconf 88' lang='lat' dir='ltr'><strong>omnino</strong></span> <span class='ocrx_word' id='word_1_284' title='bbox 663 3845 793 3914; x_wconf 86' lang='lat' dir='ltr'><strong>scit,</strong></span> <span class='ocrx_word' id='word_1_285' title='bbox 824 3844 1113 3917; x_wconf 65' lang='lat' dir='ltr'><strong>praeterita</strong></span> <span class='ocrx_word' id='word_1_286' title='bbox 1170 3849 1235 3900; x_wconf 87' lang='lat' dir='ltr'><strong>ut</strong></span> <span class='ocrx_word' id='word_1_287' title='bbox 1292 3845 1548 3910; x_wconf 85' lang='lat' dir='ltr'><strong>fuerunt,</strong></span> <span class='ocrx_word' id='word_1_288' title='bbox 1611 3850 1918 3919; x_wconf 72' lang='lat' dir='ltr'><strong>praesentia</strong></span> <span class='ocrx_word' id='word_1_289' title='bbox 1976 3855 2040 3907; x_wconf 88' lang='lat' dir='ltr'><strong>ut</strong></span> 
     </span>
    </p>
   </div>
   <div class='ocr_carea' id='block_1_41' title="bbox 395 3932 2035 4006">
    <p class='ocr_par' dir='ltr' id='par_1_41' title="bbox 395 3932 2035 4006">
     <span class='ocr_line' id='line_1_41' title="bbox 395 3932 2035 4006; baseline 0.004 -18"><span class='ocrx_word' id='word_1_290' title='bbox 395 3932 757 3998; x_wconf 80' lang='lat' dir='ltr'><strong>sunt,i‘utura</strong></span> <span class='ocrx_word' id='word_1_291' title='bbox 790 3937 852 3989; x_wconf 90' lang='lat' dir='ltr'><strong>ut</strong></span> <span class='ocrx_word' id='word_1_292' title='bbox 877 3938 1049 3989; x_wconf 88' lang='lat' dir='ltr'><strong>erunt</strong></span> <span class='ocrx_word' id='word_1_293' title='bbox 1081 3934 1199 4005; x_wconf 90' lang='lat' dir='ltr'><strong>;qui</strong></span> <span class='ocrx_word' id='word_1_294' title='bbox 1231 3938 1322 3990; x_wconf 90' lang='lat' dir='ltr'><strong>est</strong></span> <span class='ocrx_word' id='word_1_295' title='bbox 1350 3933 1840 4006; x_wconf 88' lang='lat' dir='ltr'><strong>impeccabilis,et</strong></span> <span class='ocrx_word' id='word_1_296' title='bbox 1863 3938 2035 3995; x_wconf 86' lang='lat' dir='ltr'><strong>mise-</strong></span> 
     </span>
    </p>
   </div>
   <div class='ocr_carea' id='block_1_42' title="bbox 394 4022 2037 4098">
    <p class='ocr_par' dir='ltr' id='par_1_42' title="bbox 394 4022 2037 4098">
     <span class='ocr_line' id='line_1_42' title="bbox 394 4022 2037 4098; baseline 0.004 -21"><span class='ocrx_word' id='word_1_297' title='bbox 394 4023 578 4078; x_wconf 89' lang='lat' dir='ltr'><strong>ricors</strong></span> <span class='ocrx_word' id='word_1_298' title='bbox 601 4039 616 4090; x_wconf 88' lang='lat'><strong>;</strong></span> <span class='ocrx_word' id='word_1_299' title='bbox 641 4022 853 4094; x_wconf 91' lang='lat' dir='ltr'><strong>cuique</strong></span> <span class='ocrx_word' id='word_1_300' title='bbox 881 4022 993 4078; x_wconf 90' lang='lat' dir='ltr'><strong>soli</strong></span> <span class='ocrx_word' id='word_1_301' title='bbox 1023 4022 1409 4079; x_wconf 68' lang='lat' dir='ltr'><strong>edisserendas</strong></span> <span class='ocrx_word' id='word_1_302' title='bbox 1443 4024 1703 4080; x_wconf 86' lang='lat' dir='ltr'><strong>veritatis</strong></span> <span class='ocrx_word' id='word_1_303' title='bbox 1743 4027 2037 4098; x_wconf 82' lang='lat' dir='ltr'><strong>provincia</strong></span> 
     </span>
    </p>
   </div>
   <div class='ocr_carea' id='block_1_43' title="bbox 392 4111 2035 4188">
    <p class='ocr_par' dir='ltr' id='par_1_43' title="bbox 392 4111 2035 4188">
     <span class='ocr_line' id='line_1_43' title="bbox 392 4111 2035 4188; baseline 0.005 -22"><span class='ocrx_word' id='word_1_304' title='bbox 392 4112 747 4167; x_wconf 87' lang='lat' dir='ltr'><strong>demandata</strong></span> <span class='ocrx_word' id='word_1_305' title='bbox 774 4116 881 4167; x_wconf 88' lang='lat' dir='ltr'><strong>est.</strong></span> <span class='ocrx_word' id='word_1_306' title='bbox 918 4111 1085 4183; x_wconf 87' lang='lat' dir='ltr'><strong>Lege,</strong></span> <span class='ocrx_word' id='word_1_307' title='bbox 1120 4116 1176 4167; x_wconf 89' lang='lat' dir='ltr'><strong>et</strong></span> <span class='ocrx_word' id='word_1_308' title='bbox 1207 4112 1465 4169; x_wconf 89' lang='lat' dir='ltr'><strong>invenies</strong></span> <span class='ocrx_word' id='word_1_309' title='bbox 1498 4130 1596 4170; x_wconf 88' lang='lat' dir='ltr'><strong>eos</strong></span> <span class='ocrx_word' id='word_1_310' title='bbox 1628 4116 1725 4186; x_wconf 93' lang='lat' dir='ltr'><strong>qui</strong></span> <span class='ocrx_word' id='word_1_311' title='bbox 1761 4133 1794 4170; x_wconf 91' lang='lat' dir='ltr'><strong>a</strong></span> <span class='ocrx_word' id='word_1_312' title='bbox 1822 4116 2035 4188; x_wconf 86' lang='lat' dir='ltr'><strong>seipsis</strong></span> 
     </span>
    </p>
   </div>
   <div class='ocr_carea' id='block_1_44' title="bbox 388 4200 2034 4278">
    <p class='ocr_par' dir='ltr' id='par_1_44' title="bbox 388 4200 2034 4278">
     <span class='ocr_line' id='line_1_44' title="bbox 388 4200 2034 4278; baseline 0.004 -23"><span class='ocrx_word' id='word_1_313' title='bbox 388 4200 689 4255; x_wconf 90' lang='lat' dir='ltr'><strong>veritatem</strong></span> <span class='ocrx_word' id='word_1_314' title='bbox 719 4214 782 4255; x_wconf 87' lang='lat' dir='ltr'><strong>se</strong></span> <span class='ocrx_word' id='word_1_315' title='bbox 804 4203 1005 4255; x_wconf 90' lang='lat' dir='ltr'><strong>nactos</strong></span> <span class='ocrx_word' id='word_1_316' title='bbox 1028 4200 1207 4255; x_wconf 88' lang='lat' dir='ltr'><strong>fuisse</strong></span> <span class='ocrx_word' id='word_1_317' title='bbox 1245 4202 1676 4259; x_wconf 83' lang='lat' dir='ltr'><strong>existimarunt.</strong></span> <span class='ocrx_word' id='word_1_318' title='bbox 1724 4204 1783 4259; x_wconf 88' lang='lat' dir='ltr'><strong>Id</strong></span> <span class='ocrx_word' id='word_1_319' title='bbox 1818 4205 2034 4278; x_wconf 89' lang='lat' dir='ltr'><strong>quippe</strong></span> 
     </span>
    </p>
   </div>
   <div class='ocr_carea' id='block_1_45' title="bbox 391 4288 2035 4365">
    <p class='ocr_par' dir='ltr' id='par_1_45' title="bbox 391 4288 2035 4365">
     <span class='ocr_line' id='line_1_45' title="bbox 391 4288 2035 4365; baseline 0.005 -23"><span class='ocrx_word' id='word_1_320' title='bbox 391 4289 683 4361; x_wconf 64' lang='lat' dir='ltr'><strong>propheta</strong></span> <span class='ocrx_word' id='word_1_321' title='bbox 715 4288 1014 4360; x_wconf 87' lang='lat' dir='ltr'><strong>proprium</strong></span> <span class='ocrx_word' id='word_1_322' title='bbox 1047 4292 1153 4357; x_wconf 86' lang='lat' dir='ltr'><strong>est,</strong></span> <span class='ocrx_word' id='word_1_323' title='bbox 1186 4290 1484 4346; x_wconf 87' lang='lat' dir='ltr'><strong>veritatem</strong></span> <span class='ocrx_word' id='word_1_324' title='bbox 1520 4291 1777 4347; x_wconf 88' lang='lat' dir='ltr'><strong>indicare</strong></span> <span class='ocrx_word' id='word_1_325' title='bbox 1803 4310 2035 4365; x_wconf 88' lang='lat' dir='ltr'><strong>;quem-</strong></span> 
     </span>
    </p>
   </div>
   <div class='ocr_carea' id='block_1_46' title="bbox 392 4375 2028 4449">
    <p class='ocr_par' dir='ltr' id='par_1_46' title="bbox 392 4375 2028 4449">
     <span class='ocr_line' id='line_1_46' title="bbox 392 4375 2028 4449; baseline 0.006 -18"><span class='ocrx_word' id='word_1_326' title='bbox 392 4377 707 4432; x_wconf 88' lang='lat' dir='ltr'><strong>admodum</strong></span> <span class='ocrx_word' id='word_1_327' title='bbox 739 4375 847 4432; x_wconf 87' lang='lat' dir='ltr'><strong>soli</strong></span> <span class='ocrx_word' id='word_1_328' title='bbox 878 4377 1109 4449; x_wconf 89' lang='lat' dir='ltr'><strong>proprie</strong></span> <span class='ocrx_word' id='word_1_329' title='bbox 1167 4378 1463 4449; x_wconf 88' lang='lat' dir='ltr'><strong>competit,</strong></span> <span class='ocrx_word' id='word_1_330' title='bbox 1517 4380 1671 4435; x_wconf 89' lang='lat' dir='ltr'><strong>diem</strong></span> <span class='ocrx_word' id='word_1_331' title='bbox 1732 4381 2028 4440; x_wconf 88' lang='lat' dir='ltr'><strong>inducere.</strong></span> 
     </span>
    </p>
   </div>
   <div class='ocr_carea' id='block_1_47' title="bbox 389 4465 2031 4544">
    <p class='ocr_par' dir='ltr' id='par_1_47' title="bbox 389 4465 2031 4544">
     <span class='ocr_line' id='line_1_47' title="bbox 389 4465 2031 4544; baseline 0.005 -24"><span class='ocrx_word' id='word_1_332' title='bbox 389 4465 671 4531; x_wconf 88' lang='lat' dir='ltr'><strong>Quocirca</strong></span> <span class='ocrx_word' id='word_1_333' title='bbox 716 4469 1004 4537; x_wconf 84' lang='lat' dir='ltr'><strong>quotquot</strong></span> <span class='ocrx_word' id='word_1_334' title='bbox 1047 4465 1350 4521; x_wconf 87' lang='lat' dir='ltr'><strong>veritatem</strong></span> <span class='ocrx_word' id='word_1_335' title='bbox 1411 4468 1822 4526; x_wconf 86' lang='lat' dir='ltr'><strong>desiderarunt</strong></span> <span class='ocrx_word' id='word_1_336' title='bbox 1896 4489 2031 4544; x_wconf 83' lang='lat' dir='ltr'><strong>cog-</strong></span> 
     </span>
    </p>
   </div>
   <div class='ocr_carea' id='block_1_48' title="bbox 385 4554 2027 4625">
    <p class='ocr_par' dir='ltr' id='par_1_48' title="bbox 385 4554 2027 4625">
     <span class='ocr_line' id='line_1_48' title="bbox 385 4554 2027 4625; baseline 0.005 -16"><span class='ocrx_word' id='word_1_337' title='bbox 385 4570 647 4625; x_wconf 87' lang='lat' dir='ltr'><strong>noscere,</strong></span> <span class='ocrx_word' id='word_1_338' title='bbox 682 4558 740 4609; x_wconf 89' lang='lat' dir='ltr'><strong>et</strong></span> <span class='ocrx_word' id='word_1_339' title='bbox 757 4554 829 4610; x_wconf 93' lang='lat' dir='ltr'><strong>ab</strong></span> <span class='ocrx_word' id='word_1_340' title='bbox 858 4554 969 4610; x_wconf 90' lang='lat' dir='ltr'><strong>hoc</strong></span> <span class='ocrx_word' id='word_1_341' title='bbox 1000 4570 1129 4610; x_wconf 89' lang='lat' dir='ltr'><strong>eam</strong></span> <span class='ocrx_word' id='word_1_342' title='bbox 1177 4554 1401 4611; x_wconf 89' lang='lat' dir='ltr'><strong>discere</strong></span> <span class='ocrx_word' id='word_1_343' title='bbox 1455 4573 1570 4612; x_wconf 92' lang='lat' dir='ltr'><strong>non</strong></span> <span class='ocrx_word' id='word_1_344' title='bbox 1624 4557 2027 4619; x_wconf 89' lang='lat' dir='ltr'><strong>obtinuerunt.</strong></span> 
     </span>
    </p>
   </div>
   <div class='ocr_carea' id='block_1_49' title="bbox 384 4643 2023 4716">
    <p class='ocr_par' dir='ltr' id='par_1_49' title="bbox 384 4643 2023 4716">
     <span class='ocr_line' id='line_1_49' title="bbox 384 4643 2023 4716; baseline 0.004 -17"><span class='ocrx_word' id='word_1_345' title='bbox 384 4658 454 4699; x_wconf 88' lang='lat' dir='ltr'><strong>ea</strong></span> <span class='ocrx_word' id='word_1_346' title='bbox 484 4659 598 4699; x_wconf 91' lang='lat' dir='ltr'><strong>non</strong></span> <span class='ocrx_word' id='word_1_347' title='bbox 630 4643 882 4711; x_wconf 88' lang='lat' dir='ltr'><strong>inventa,</strong></span> <span class='ocrx_word' id='word_1_348' title='bbox 946 4643 1007 4697; x_wconf 92' lang='lat' dir='ltr'><strong>in</strong></span> <span class='ocrx_word' id='word_1_349' title='bbox 1062 4643 1475 4716; x_wconf 88' lang='lat' dir='ltr'><strong>disquisitione</strong></span> <span class='ocrx_word' id='word_1_350' title='bbox 1519 4646 1790 4703; x_wconf 90' lang='lat' dir='ltr'><strong>obierunt</strong></span> <span class='ocrx_word' id='word_1_351' title='bbox 1845 4650 2023 4706; x_wconf 86' lang='lat' dir='ltr'><strong>diem.</strong></span> 
     </span>
    </p>
   </div>
   <div class='ocr_carea' id='block_1_50' title="bbox 384 4730 2027 4807">
    <p class='ocr_par' dir='ltr' id='par_1_50' title="bbox 384 4730 2027 4807">
     <span class='ocr_line' id='line_1_50' title="bbox 384 4730 2027 4807; baseline 0.005 -20"><span class='ocrx_word' id='word_1_352' title='bbox 384 4730 532 4787; x_wconf 90' lang='lat' dir='ltr'><strong>Nam</strong></span> <span class='ocrx_word' id='word_1_353' title='bbox 563 4731 664 4804; x_wconf 90' lang='lat' dir='ltr'><strong>qui</strong></span> <span class='ocrx_word' id='word_1_354' title='bbox 692 4731 994 4788; x_wconf 89' lang='lat' dir='ltr'><strong>veritatem</strong></span> <span class='ocrx_word' id='word_1_355' title='bbox 1022 4733 1249 4804; x_wconf 69' lang='lat' dir='ltr'><strong>quaerit,</strong></span> <span class='ocrx_word' id='word_1_356' title='bbox 1273 4752 1305 4787; x_wconf 87' lang='lat' dir='ltr'><strong>a</strong></span> <span class='ocrx_word' id='word_1_357' title='bbox 1336 4750 1443 4788; x_wconf 90' lang='lat' dir='ltr'><strong>sua</strong></span> <span class='ocrx_word' id='word_1_358' title='bbox 1492 4733 1822 4807; x_wconf 86' lang='lat' dir='ltr'><strong>ignorantia</strong></span> <span class='ocrx_word' id='word_1_359' title='bbox 1878 4740 2027 4795; x_wconf 91' lang='lat' dir='ltr'><strong>acci-</strong></span> 
     </span>
    </p>
   </div>
   <div class='ocr_carea' id='block_1_51' title="bbox 382 4821 2026 4897">
    <p class='ocr_par' dir='ltr' id='par_1_51' title="bbox 382 4821 2026 4897">
     <span class='ocr_line' id='line_1_51' title="bbox 382 4821 2026 4897; baseline 0.005 -22"><span class='ocrx_word' id='word_1_360' title='bbox 382 4835 520 4892; x_wconf 88' lang='lat' dir='ltr'><strong>pere</strong></span> <span class='ocrx_word' id='word_1_361' title='bbox 550 4835 678 4876; x_wconf 90' lang='lat' dir='ltr'><strong>eam</strong></span> <span class='ocrx_word' id='word_1_362' title='bbox 711 4834 824 4891; x_wconf 91' lang='lat' dir='ltr'><strong>quo</strong></span> <span class='ocrx_word' id='word_1_363' title='bbox 851 4821 1025 4877; x_wconf 93' lang='lat' dir='ltr'><strong>modo</strong></span> <span class='ocrx_word' id='word_1_364' title='bbox 1057 4821 1312 4893; x_wconf 84' lang='lat' dir='ltr'><strong>poterit?</strong></span> <span class='ocrx_word' id='word_1_365' title='bbox 1340 4822 1495 4878; x_wconf 88' lang='lat' dir='ltr'><strong>Licet</strong></span> <span class='ocrx_word' id='word_1_366' title='bbox 1537 4823 1693 4879; x_wconf 89' lang='lat' dir='ltr'><strong>enim</strong></span> <span class='ocrx_word' id='word_1_367' title='bbox 1726 4828 2026 4897; x_wconf 88' lang='lat' dir='ltr'><strong>repererit,</strong></span> 
     </span>
    </p>
   </div>
   <div class='ocr_carea' id='block_1_52' title="bbox 381 4908 2026 4986">
    <p class='ocr_par' dir='ltr' id='par_1_52' title="bbox 381 4908 2026 4986">
     <span class='ocr_line' id='line_1_52' title="bbox 381 4908 2026 4986; baseline 0.004 -21"><span class='ocrx_word' id='word_1_368' title='bbox 381 4925 518 4965; x_wconf 92' lang='lat' dir='ltr'><strong>cum</strong></span> <span class='ocrx_word' id='word_1_369' title='bbox 546 4908 707 4964; x_wconf 90' lang='lat' dir='ltr'><strong>illam</strong></span> <span class='ocrx_word' id='word_1_370' title='bbox 738 4925 853 4964; x_wconf 89' lang='lat' dir='ltr'><strong>non</strong></span> <span class='ocrx_word' id='word_1_371' title='bbox 886 4916 1218 4982; x_wconf 90' lang='lat' dir='ltr'><strong>cognoscat,</strong></span> <span class='ocrx_word' id='word_1_372' title='bbox 1252 4912 1419 4983; x_wconf 90' lang='lat' dir='ltr'><strong>quasi</strong></span> <span class='ocrx_word' id='word_1_373' title='bbox 1452 4912 1754 4968; x_wconf 89' lang='lat' dir='ltr'><strong>absentem</strong></span> <span class='ocrx_word' id='word_1_374' title='bbox 1786 4921 2026 4986; x_wconf 68' lang='lat' dir='ltr'><strong>praeter-</strong></span> 
     </span>
    </p>
   </div>
   <div class='ocr_carea' id='block_1_53' title="bbox 382 4997 2025 5075">
    <p class='ocr_par' dir='ltr' id='par_1_53' title="bbox 382 4997 2025 5075">
     <span class='ocr_line' id='line_1_53' title="bbox 382 4997 2025 5075; baseline 0.005 -23"><span class='ocrx_word' id='word_1_375' title='bbox 382 4997 509 5053; x_wconf 91' lang='lat' dir='ltr'><strong>ibit.</strong></span> <span class='ocrx_word' id='word_1_376' title='bbox 541 4997 652 5053; x_wconf 90' lang='lat' dir='ltr'><strong>Sed</strong></span> <span class='ocrx_word' id='word_1_377' title='bbox 686 5013 788 5053; x_wconf 89' lang='lat' dir='ltr'><strong>nec</strong></span> <span class='ocrx_word' id='word_1_378' title='bbox 847 4999 920 5053; x_wconf 88' lang='lat' dir='ltr'><strong>ab</strong></span> <span class='ocrx_word' id='word_1_379' title='bbox 980 4999 1093 5055; x_wconf 88' lang='lat' dir='ltr'><strong>alio</strong></span> <span class='ocrx_word' id='word_1_380' title='bbox 1153 4999 1427 5056; x_wconf 88' lang='lat' dir='ltr'><strong>similiter</strong></span> <span class='ocrx_word' id='word_1_381' title='bbox 1472 5000 1698 5073; x_wconf 90' lang='lat' dir='ltr'><strong>ignaro,</strong></span> <span class='ocrx_word' id='word_1_382' title='bbox 1757 5006 2025 5075; x_wconf 89' lang='lat' dir='ltr'><strong>quamvis</strong></span> 
     </span>
    </p>
   </div>
   <div class='ocr_carea' id='block_1_54' title="bbox 379 5084 2019 5164">
    <p class='ocr_par' dir='ltr' id='par_1_54' title="bbox 379 5084 2019 5164">
     <span class='ocr_line' id='line_1_54' title="bbox 379 5084 2019 5164; baseline 0.005 -23"><span class='ocrx_word' id='word_1_383' title='bbox 379 5084 686 5142; x_wconf 87' lang='lat' dir='ltr'><strong>scientiam</strong></span> <span class='ocrx_word' id='word_1_384' title='bbox 719 5087 1108 5158; x_wconf 90' lang='lat' dir='ltr'><strong>repromittat,</strong></span> <span class='ocrx_word' id='word_1_385' title='bbox 1164 5088 1466 5145; x_wconf 89' lang='lat' dir='ltr'><strong>veritatem</strong></span> <span class='ocrx_word' id='word_1_386' title='bbox 1525 5094 1720 5147; x_wconf 88' lang='lat' dir='ltr'><strong>tenere</strong></span> <span class='ocrx_word' id='word_1_387' title='bbox 1770 5094 2019 5164; x_wconf 87' lang='lat' dir='ltr'><strong>poterit;</strong></span> 
     </span>
    </p>
   </div>
   <div class='ocr_carea' id='block_1_55' title="bbox 378 5174 2021 5255">
    <p class='ocr_par' dir='ltr' id='par_1_55' title="bbox 378 5174 2021 5255">
     <span class='ocr_line' id='line_1_55' title="bbox 378 5174 2021 5255; baseline 0.005 -25"><span class='ocrx_word' id='word_1_388' title='bbox 378 5174 492 5231; x_wconf 87' lang='lat' dir='ltr'><strong>nisi</strong></span> <span class='ocrx_word' id='word_1_389' title='bbox 525 5174 680 5247; x_wconf 91' lang='lat' dir='ltr'><strong>quod</strong></span> <span class='ocrx_word' id='word_1_390' title='bbox 712 5175 897 5231; x_wconf 89' lang='lat' dir='ltr'><strong>solam</strong></span> <span class='ocrx_word' id='word_1_391' title='bbox 927 5177 1113 5233; x_wconf 88' lang='lat' dir='ltr'><strong>discet</strong></span> <span class='ocrx_word' id='word_1_392' title='bbox 1151 5177 1281 5234; x_wconf 63' lang='lat' dir='ltr'><strong>vitae</strong></span> <span class='ocrx_word' id='word_1_393' title='bbox 1340 5179 1842 5237; x_wconf 88' lang='lat' dir='ltr'><strong>conversationem</strong></span> <span class='ocrx_word' id='word_1_394' title='bbox 1894 5199 2021 5255; x_wconf 68' lang='lat' dir='ltr'><strong>quis</strong></span> 
     </span>
    </p>
   </div>
   <div class='ocr_carea' id='block_1_56' title="bbox 2154 675 3811 758">
    <p class='ocr_par' dir='ltr' id='par_1_56' title="bbox 2154 675 3811 758">
     <span class='ocr_line' id='line_1_56' title="bbox 2154 675 3811 758; baseline -0.001 -23"><span class='ocrx_word' id='word_1_395' title='bbox 2154 679 2331 755; x_wconf 82' lang='grc' dir='ltr'>Φημί,</span> <span class='ocrx_word' id='word_1_396' title='bbox 2366 681 2412 736; x_wconf 76' lang='grc' dir='ltr'>εἷ</span> <span class='ocrx_word' id='word_1_397' title='bbox 2474 684 2568 754; x_wconf 74' lang='grc' dir='ltr'>μὲν</span> <span class='ocrx_word' id='word_1_398' title='bbox 2628 680 2773 735; x_wconf 78' lang='grc' dir='ltr'>ἀνύει</span> <span class='ocrx_word' id='word_1_399' title='bbox 2833 700 2939 751; x_wconf 87' lang='grc' dir='ltr'>τις,</span> <span class='ocrx_word' id='word_1_400' title='bbox 2972 679 3344 758; x_wconf 80' lang='grc' dir='ltr'>προσφερέτω’</span> <span class='ocrx_word' id='word_1_401' title='bbox 3386 677 3432 733; x_wconf 69' lang='grc' dir='ltr'>εἲ</span> <span class='ocrx_word' id='word_1_402' title='bbox 3491 675 3548 733; x_wconf 78' lang='grc' dir='ltr'>δὲ</span> <span class='ocrx_word' id='word_1_403' title='bbox 3600 678 3811 751; x_wconf 83' lang='grc' dir='ltr'>μή,τῷ</span> 
     </span>
    </p>
   </div>
   <div class='ocr_carea' id='block_1_57' title="bbox 2151 763 3808 846">
    <p class='ocr_par' dir='ltr' id='par_1_57' title="bbox 2151 763 3808 846">
     <span class='ocr_line' id='line_1_57' title="bbox 2151 763 3808 846; baseline -0.002 -21"><span class='ocrx_word' id='word_1_404' title='bbox 2151 768 2325 846; x_wconf 87' lang='grc' dir='ltr'>καιρῷ</span> <span class='ocrx_word' id='word_1_405' title='bbox 2383 770 2593 841; x_wconf 82' lang='grc' dir='ltr'>εἷξάτω.</span> <span class='ocrx_word' id='word_1_406' title='bbox 2626 770 2771 845; x_wconf 87' lang='grc' dir='ltr'>Ἐγὼ</span> <span class='ocrx_word' id='word_1_407' title='bbox 2818 767 2918 845; x_wconf 81' lang='grc' dir='ltr'><strong>γὰρ</strong></span> <span class='ocrx_word' id='word_1_408' title='bbox 2978 766 3098 824; x_wconf 72' lang='grc' dir='ltr'>οἶδα</span> <span class='ocrx_word' id='word_1_409' title='bbox 3144 771 3189 805; x_wconf 78' lang='grc'><strong>²⁰</strong></span> <span class='ocrx_word' id='word_1_410' title='bbox 3243 763 3325 823; x_wconf 73' lang='grc' dir='ltr'><strong>ὅτι</strong></span> <span class='ocrx_word' id='word_1_411' title='bbox 3386 767 3562 823; x_wconf 83' lang='grc' dir='ltr'>πάντα</span> <span class='ocrx_word' id='word_1_412' title='bbox 3619 768 3808 843; x_wconf 84' lang='grc' dir='ltr'>καιρὸν</span> 
     </span>
    </p>
   </div>
   <div class='ocr_carea' id='block_1_58' title="bbox 2153 854 3807 935">
    <p class='ocr_par' dir='ltr' id='par_1_58' title="bbox 2153 854 3807 935">
     <span class='ocr_line' id='line_1_58' title="bbox 2153 854 3807 935; baseline -0.003 -23"><span class='ocrx_word' id='word_1_413' title='bbox 2153 856 2291 913; x_wconf 67' lang='grc' dir='ltr'>ἴδιον</span> <span class='ocrx_word' id='word_1_414' title='bbox 2344 854 2482 935; x_wconf 77' lang='grc' dir='ltr'>ἔχει.</span> <span class='ocrx_word' id='word_1_415' title='bbox 2515 858 2610 912; x_wconf 88' lang='grc' dir='ltr'>Διὸ</span> <span class='ocrx_word' id='word_1_416' title='bbox 2657 858 2769 933; x_wconf 85' lang='grc' dir='ltr'>χρή</span> <span class='ocrx_word' id='word_1_417' title='bbox 2818 862 2937 920; x_wconf 92' lang='grc' dir='ltr'>τοῖς</span> <span class='ocrx_word' id='word_1_418' title='bbox 2987 856 3294 933; x_wconf 87' lang='grc' dir='ltr'>ἀνθρώποις</span> <span class='ocrx_word' id='word_1_419' title='bbox 3330 854 3460 918; x_wconf 81' lang='grc' dir='ltr'>τοὺς</span> <span class='ocrx_word' id='word_1_420' title='bbox 3489 855 3588 924; x_wconf 75' lang='grc' dir='ltr'><strong>τήν</strong></span> <span class='ocrx_word' id='word_1_421' title='bbox 3621 857 3807 931; x_wconf 71' lang='grc' dir='ltr'>ψυχὴν</span> 
     </span>
    </p>
   </div>
   <div class='ocr_carea' id='block_1_59' title="bbox 2156 940 3810 1023">
    <p class='ocr_par' dir='ltr' id='par_1_59' title="bbox 2156 940 3810 1023">
     <span class='ocr_line' id='line_1_59' title="bbox 2156 940 3810 1023; baseline -0.003 -21"><span class='ocrx_word' id='word_1_422' title='bbox 2156 946 2457 1023; x_wconf 76' lang='grc' dir='ltr'>ῥωννὺντας</span> <span class='ocrx_word' id='word_1_423' title='bbox 2489 946 2685 1023; x_wconf 81' lang='grc' dir='ltr'>λόγους</span> <span class='ocrx_word' id='word_1_424' title='bbox 2713 946 2821 1022; x_wconf 83' lang='grc' dir='ltr'><strong>πρὸ</strong></span> <span class='ocrx_word' id='word_1_425' title='bbox 2876 952 2977 1016; x_wconf 82' lang='grc' dir='ltr'><strong>τῆς</strong></span> <span class='ocrx_word' id='word_1_426' title='bbox 3023 944 3313 1007; x_wconf 78' lang='grc' dir='ltr'><strong>κακώσεως</strong></span> <span class='ocrx_word' id='word_1_427' title='bbox 3363 941 3688 1013; x_wconf 75' lang='grc' dir='ltr'><strong>ἐπιδιδόναι,</strong></span> <span class='ocrx_word' id='word_1_428' title='bbox 3715 940 3810 997; x_wconf 70' lang='grc' dir='ltr'>’ἕνα</span> 
     </span>
    </p>
   </div>
   <div class='ocr_carea' id='block_1_60' title="bbox 2156 1030 3809 1113">
    <p class='ocr_par' dir='ltr' id='par_1_60' title="bbox 2156 1030 3809 1113">
     <span class='ocr_line' id='line_1_60' title="bbox 2156 1030 3809 1113; baseline -0.001 -23"><span class='ocrx_word' id='word_1_429' title='bbox 2156 1032 2209 1090; x_wconf 77' lang='grc' dir='ltr'><strong>εἷ’</strong></span> <span class='ocrx_word' id='word_1_430' title='bbox 2231 1056 2363 1090; x_wconf 88' lang='grc' dir='ltr'>ποτε</span> <span class='ocrx_word' id='word_1_431' title='bbox 2394 1034 2613 1091; x_wconf 86' lang='grc' dir='ltr'>ἐπέλθοι</span> <span class='ocrx_word' id='word_1_432' title='bbox 2642 1038 2686 1073; x_wconf 82' lang='grc'>²¹</span> <span class='ocrx_word' id='word_1_433' title='bbox 2717 1055 2772 1090; x_wconf 90' lang='grc' dir='ltr'><strong>τι</strong></span> <span class='ocrx_word' id='word_1_434' title='bbox 2813 1033 3041 1113; x_wconf 84' lang='grc' dir='ltr'>φαῦλον,</span> <span class='ocrx_word' id='word_1_435' title='bbox 3075 1034 3103 1088; x_wconf 99' lang='lat'><strong>6</strong></span> <span class='ocrx_word' id='word_1_436' title='bbox 3158 1038 3285 1097; x_wconf 89' lang='grc' dir='ltr'>νοῦς</span> <span class='ocrx_word' id='word_1_437' title='bbox 3348 1030 3809 1109; x_wconf 83' lang='grc' dir='ltr'>προωπλισμένος</span> 
     </span>
    </p>
   </div>
   <div class='ocr_carea' id='block_1_61' title="bbox 2157 1118 3808 1201">
    <p class='ocr_par' dir='ltr' id='par_1_61' title="bbox 2157 1118 3808 1201">
     <span class='ocr_line' id='line_1_61' title="bbox 2157 1118 3808 1201; baseline -0.001 -22"><span class='ocrx_word' id='word_1_438' title='bbox 2157 1124 2301 1201; x_wconf 85' lang='grc' dir='ltr'>ὀρθῷ</span> <span class='ocrx_word' id='word_1_439' title='bbox 2347 1128 2426 1197; x_wconf 90' lang='grc' dir='ltr'><strong>τῷ</strong></span> <span class='ocrx_word' id='word_1_440' title='bbox 2483 1128 2739 1199; x_wconf 78' lang='grc' dir='ltr'><strong>Λογισμῷ</strong></span> <span class='ocrx_word' id='word_1_441' title='bbox 2781 1124 2844 1178; x_wconf 86' lang='grc' dir='ltr'>τὸ</span> <span class='ocrx_word' id='word_1_442' title='bbox 2894 1122 3177 1198; x_wconf 75' lang='grc' dir='ltr'>ἐπενεχθὶν</span> <span class='ocrx_word' id='word_1_443' title='bbox 3231 1122 3526 1193; x_wconf 75' lang='grc' dir='ltr'>ὑποστῆναι</span> <span class='ocrx_word' id='word_1_444' title='bbox 3576 1118 3808 1196; x_wconf 77' lang='grc' dir='ltr'>δυνηθῇ.</span> 
     </span>
    </p>
   </div>
   <div class='ocr_carea' id='block_1_62' title="bbox 2152 1210 3813 1290">
    <p class='ocr_par' dir='ltr' id='par_1_62' title="bbox 2152 1210 3813 1290">
     <span class='ocr_line' id='line_1_62' title="bbox 2152 1210 3813 1290; baseline -0.001 -23"><span class='ocrx_word' id='word_1_445' title='bbox 2152 1213 2282 1269; x_wconf 86' lang='grc' dir='ltr'>Τότε</span> <span class='ocrx_word' id='word_1_446' title='bbox 2310 1213 2410 1290; x_wconf 70' lang='grc' dir='ltr'><strong>γὰρ</strong></span> <span class='ocrx_word' id='word_1_447' title='bbox 2440 1213 2531 1268; x_wconf 84' lang='grc' dir='ltr'><strong>καὶ</strong></span> <span class='ocrx_word' id='word_1_448' title='bbox 2560 1211 2641 1286; x_wconf 79' lang='grc' dir='ltr'><strong>τῷ</strong></span> <span class='ocrx_word' id='word_1_449' title='bbox 2674 1210 2763 1268; x_wconf 72' lang='grc' dir='ltr'><strong>διὰ</strong></span> <span class='ocrx_word' id='word_1_450' title='bbox 2799 1213 3026 1289; x_wconf 80' lang='grc' dir='ltr'><strong>γνώμης</strong></span> <span class='ocrx_word' id='word_1_451' title='bbox 3055 1212 3263 1288; x_wconf 79' lang='grc' dir='ltr'>ἀγαθῆς</span> <span class='ocrx_word' id='word_1_452' title='bbox 3299 1212 3636 1287; x_wconf 72' lang='grc' dir='ltr'>βοηθήσαντι</span> <span class='ocrx_word' id='word_1_453' title='bbox 3665 1210 3813 1287; x_wconf 84' lang='grc' dir='ltr'>παρὰ</span> 
     </span>
    </p>
   </div>
   <div class='ocr_carea' id='block_1_63' title="bbox 2151 1299 3632 1377">
    <p class='ocr_par' dir='ltr' id='par_1_63' title="bbox 2151 1299 3632 1377">
     <span class='ocr_line' id='line_1_63' title="bbox 2151 1299 3632 1377; baseline 0 -19"><span class='ocrx_word' id='word_1_454' title='bbox 2151 1303 2251 1372; x_wconf 75' lang='grc' dir='ltr'><strong>τὴν</strong></span> <span class='ocrx_word' id='word_1_455' title='bbox 2279 1302 2462 1376; x_wconf 73' lang='grc' dir='ltr'>ἀκμὴν</span> <span class='ocrx_word' id='word_1_456' title='bbox 2489 1306 2588 1358; x_wconf 86' lang='grc' dir='ltr'><strong>τοῦ</strong></span> <span class='ocrx_word' id='word_1_457' title='bbox 2618 1300 2869 1376; x_wconf 88' lang='grc' dir='ltr'>πολέμου</span> <span class='ocrx_word' id='word_1_458' title='bbox 2902 1299 3044 1358; x_wconf 72' lang='grc' dir='ltr'>οἶδεν</span> <span class='ocrx_word' id='word_1_459' title='bbox 3081 1302 3109 1357; x_wconf 90' lang='lat'><strong>6</strong></span> <span class='ocrx_word' id='word_1_460' title='bbox 3138 1305 3266 1365; x_wconf 88' lang='grc' dir='ltr'>νοῦς</span> <span class='ocrx_word' id='word_1_461' title='bbox 3297 1301 3632 1377; x_wconf 73' lang='grc' dir='ltr'><strong>συντρέχειν.</strong></span> 
     </span>
    </p>
   </div>
   <div class='ocr_carea' id='block_1_64' title="bbox 2225 1405 3814 1483">
    <p class='ocr_par' dir='ltr' id='par_1_64' title="bbox 2225 1405 3814 1483">
     <span class='ocr_line' id='line_1_64' title="bbox 2225 1405 3814 1483; baseline -0.001 -17"><span class='ocrx_word' id='word_1_462' title='bbox 2225 1411 2317 1467; x_wconf 92' lang='lat' dir='ltr'><strong>IV.</strong></span> <span class='ocrx_word' id='word_1_463' title='bbox 2352 1407 2505 1479; x_wconf 76' lang='grc' dir='ltr'>Πλὴν</span> <span class='ocrx_word' id='word_1_464' title='bbox 2557 1406 2780 1482; x_wconf 82' lang='grc' dir='ltr'>ἔμαθον,</span> <span class='ocrx_word' id='word_1_465' title='bbox 2811 1409 2857 1463; x_wconf 80' lang='grc' dir='ltr'>ὦ</span> <span class='ocrx_word' id='word_1_466' title='bbox 2907 1407 3170 1481; x_wconf 74' lang='grc' dir='ltr'>Κλήμης,</span> <span class='ocrx_word' id='word_1_467' title='bbox 3216 1406 3292 1471; x_wconf 82' lang='grc' dir='ltr'><strong>ὡς</strong></span> <span class='ocrx_word' id='word_1_468' title='bbox 3341 1407 3393 1463; x_wconf 88' lang='grc' dir='ltr'><strong>ἐν</strong></span> <span class='ocrx_word' id='word_1_469' title='bbox 3441 1411 3510 1483; x_wconf 81' lang='grc' dir='ltr'><strong>τῇ</strong></span> <span class='ocrx_word' id='word_1_470' title='bbox 3563 1405 3814 1479; x_wconf 82' lang='grc' dir='ltr'>Ἀλεξαν-</span> 
     </span>
    </p>
   </div>
   <div class='ocr_carea' id='block_1_65' title="bbox 2155 1492 3813 1575">
    <p class='ocr_par' dir='ltr' id='par_1_65' title="bbox 2155 1492 3813 1575">
     <span class='ocr_line' id='line_1_65' title="bbox 2155 1492 3813 1575; baseline -0.003 -20"><span class='ocrx_word' id='word_1_471' title='bbox 2155 1496 2307 1575; x_wconf 79' lang='grc' dir='ltr'>δρείᾳ</span> <span class='ocrx_word' id='word_1_472' title='bbox 2337 1500 2365 1554; x_wconf 93' lang='lat'><strong>6</strong></span> <span class='ocrx_word' id='word_1_473' title='bbox 2396 1493 2674 1574; x_wconf 73' lang='grc' dir='ltr'>Βαρνάϐας</span> <span class='ocrx_word' id='word_1_474' title='bbox 2704 1498 2795 1554; x_wconf 85' lang='grc' dir='ltr'><strong>τὸν</strong></span> <span class='ocrx_word' id='word_1_475' title='bbox 2828 1496 2954 1572; x_wconf 82' lang='grc' dir='ltr'>περὶ</span> <span class='ocrx_word' id='word_1_476' title='bbox 2994 1496 3331 1574; x_wconf 76' lang='grc' dir='ltr'>προφητείας</span> <span class='ocrx_word' id='word_1_477' title='bbox 3380 1492 3545 1572; x_wconf 85' lang='grc' dir='ltr'>λόγον</span> <span class='ocrx_word' id='word_1_478' title='bbox 3588 1493 3813 1558; x_wconf 83' lang='grc' dir='ltr'>τελείως</span> 
     </span>
    </p>
   </div>
   <div class='ocr_carea' id='block_1_66' title="bbox 2155 1582 3807 1663">
    <p class='ocr_par' dir='ltr' id='par_1_66' title="bbox 2155 1582 3807 1663">
     <span class='ocr_line' id='line_1_66' title="bbox 2155 1582 3807 1663; baseline -0.002 -20"><span class='ocrx_word' id='word_1_479' title='bbox 2155 1608 2238 1643; x_wconf 90' lang='grc' dir='ltr'><strong>σοι</strong></span> <span class='ocrx_word' id='word_1_480' title='bbox 2297 1587 2520 1661; x_wconf 77' lang='grc' dir='ltr'>ἐξέθετο·</span> <span class='ocrx_word' id='word_1_481' title='bbox 2580 1589 2618 1656; x_wconf 75' lang='grc' dir='ltr'>ἦ</span> <span class='ocrx_word' id='word_1_482' title='bbox 2675 1585 2778 1663; x_wconf 82' lang='grc' dir='ltr'><strong>γὰρ</strong></span> <span class='ocrx_word' id='word_1_483' title='bbox 2837 1582 2938 1656; x_wconf 71' lang='lat' dir='ltr'><strong>cii;</strong></span> <span class='ocrx_word' id='word_1_484' title='bbox 3000 1584 3165 1662; x_wconf 85' lang='grc' dir='ltr'>Κάγὼ</span> <span class='ocrx_word' id='word_1_485' title='bbox 3223 1585 3620 1660; x_wconf 81' lang='grc' dir='ltr'>ἀπεκρινάμην·</span> <span class='ocrx_word' id='word_1_486' title='bbox 3681 1583 3807 1654; x_wconf 84' lang='grc' dir='ltr'>Ναί,</span> 
     </span>
    </p>
   </div>
   <div class='ocr_carea' id='block_1_67' title="bbox 2153 1672 3807 1751">
    <p class='ocr_par' dir='ltr' id='par_1_67' title="bbox 2153 1672 3807 1751">
     <span class='ocr_line' id='line_1_67' title="bbox 2153 1672 3807 1751; baseline -0.004 -19"><span class='ocrx_word' id='word_1_487' title='bbox 2153 1676 2243 1733; x_wconf 85' lang='grc' dir='ltr'><strong>καὶ</strong></span> <span class='ocrx_word' id='word_1_488' title='bbox 2292 1678 2431 1732; x_wconf 89' lang='grc' dir='ltr'>πάνυ</span> <span class='ocrx_word' id='word_1_489' title='bbox 2474 1675 2679 1738; x_wconf 90' lang='grc' dir='ltr'>καλῶς.</span> <span class='ocrx_word' id='word_1_490' title='bbox 2730 1674 2828 1730; x_wconf 83' lang='grc' dir='ltr'>Καὶ</span> <span class='ocrx_word' id='word_1_491' title='bbox 2878 1676 2906 1730; x_wconf 93' lang='lat'><strong>6</strong></span> <span class='ocrx_word' id='word_1_492' title='bbox 2956 1673 3180 1751; x_wconf 88' lang='grc' dir='ltr'>Πέτρος·</span> <span class='ocrx_word' id='word_1_493' title='bbox 3231 1672 3436 1728; x_wconf 81' lang='grc' dir='ltr'>Οὐκοῦν</span> <span class='ocrx_word' id='word_1_494' title='bbox 3483 1672 3583 1728; x_wconf 82' lang='grc' dir='ltr'><strong>οὐκ</strong></span> <span class='ocrx_word' id='word_1_495' title='bbox 3642 1673 3807 1748; x_wconf 86' lang='grc' dir='ltr'>ἀναγ-</span> 
     </span>
    </p>
   </div>
   <div class='ocr_carea' id='block_1_68' title="bbox 2153 1761 3805 1841">
    <p class='ocr_par' dir='ltr' id='par_1_68' title="bbox 2153 1761 3805 1841">
     <span class='ocr_line' id='line_1_68' title="bbox 2153 1761 3805 1841; baseline -0.002 -21"><span class='ocrx_word' id='word_1_496' title='bbox 2153 1771 2324 1837; x_wconf 86' lang='grc' dir='ltr'>καῖον,</span> <span class='ocrx_word' id='word_1_497' title='bbox 2353 1766 2443 1820; x_wconf 87' lang='grc' dir='ltr'>τὸν</span> <span class='ocrx_word' id='word_1_498' title='bbox 2475 1769 2566 1819; x_wconf 90' lang='grc' dir='ltr'><strong>νῦν</strong></span> <span class='ocrx_word' id='word_1_499' title='bbox 2606 1764 2805 1841; x_wconf 84' lang='grc' dir='ltr'>χρόνον</span> <span class='ocrx_word' id='word_1_500' title='bbox 2854 1762 3149 1837; x_wconf 82' lang='grc' dir='ltr'>δυνάμενον</span> <span class='ocrx_word' id='word_1_501' title='bbox 3200 1764 3337 1835; x_wconf 84' lang='grc' dir='ltr'>ἡμῖν</span> <span class='ocrx_word' id='word_1_502' title='bbox 3392 1762 3676 1839; x_wconf 80' lang='grc' dir='ltr'>ὑπηρετεῖν</span> <span class='ocrx_word' id='word_1_503' title='bbox 3728 1761 3805 1825; x_wconf 77' lang='grc' dir='ltr'>εἷς</span> 
     </span>
    </p>
   </div>
   <div class='ocr_carea' id='block_1_69' title="bbox 2156 1850 3804 1931">
    <p class='ocr_par' dir='ltr' id='par_1_69' title="bbox 2156 1850 3804 1931">
     <span class='ocr_line' id='line_1_69' title="bbox 2156 1850 3804 1931; baseline -0.002 -22"><span class='ocrx_word' id='word_1_504' title='bbox 2156 1851 2368 1928; x_wconf 80' lang='grc' dir='ltr'>ἔτέρους</span> <span class='ocrx_word' id='word_1_505' title='bbox 2400 1854 2596 1931; x_wconf 78' lang='grc' dir='ltr'>λόγους</span> <span class='ocrx_word' id='word_1_506' title='bbox 2647 1854 2740 1917; x_wconf 76' lang='grc' dir='ltr'>οὓς</span> <span class='ocrx_word' id='word_1_507' title='bbox 2795 1853 2895 1908; x_wconf 81' lang='grc' dir='ltr'>οὐκ</span> <span class='ocrx_word' id='word_1_508' title='bbox 2924 1852 3224 1925; x_wconf 83' lang='grc' dir='ltr'>ἐπίστασαι,</span> <span class='ocrx_word' id='word_1_509' title='bbox 3258 1851 3333 1913; x_wconf 64' lang='grc' dir='ltr'>εἷς</span> <span class='ocrx_word' id='word_1_510' title='bbox 3383 1850 3476 1913; x_wconf 79' lang='grc' dir='ltr'><strong>οῦς</strong></span> <span class='ocrx_word' id='word_1_511' title='bbox 3525 1850 3804 1906; x_wconf 85' lang='grc' dir='ltr'>ἐπίστασαι</span> 
     </span>
    </p>
   </div>
   <div class='ocr_carea' id='block_1_70' title="bbox 2156 1935 3803 2019">
    <p class='ocr_par' dir='ltr' id='par_1_70' title="bbox 2156 1935 3803 2019">
     <span class='ocr_line' id='line_1_70' title="bbox 2156 1935 3803 2019; baseline -0.002 -21"><span class='ocrx_word' id='word_1_512' title='bbox 2156 1946 2420 1998; x_wconf 83' lang='grc' dir='ltr'>ποιεῖσθαι</span> <span class='ocrx_word' id='word_1_513' title='bbox 2463 1946 2562 2014; x_wconf 70' lang='grc' dir='ltr'><strong>τήν</strong></span> <span class='ocrx_word' id='word_1_514' title='bbox 2613 1940 2901 2018; x_wconf 84' lang='grc' dir='ltr'>ἀσχολίαν.</span> <span class='ocrx_word' id='word_1_515' title='bbox 2934 1941 3093 2019; x_wconf 81' lang='grc' dir='ltr'>Κάγὼ</span> <span class='ocrx_word' id='word_1_516' title='bbox 3125 1943 3170 1978; x_wconf 83' lang='grc'><strong>²²</strong></span> <span class='ocrx_word' id='word_1_517' title='bbox 3202 1939 3355 2018; x_wconf 81' lang='grc' dir='ltr'>ἔφην·</span> <span class='ocrx_word' id='word_1_518' title='bbox 3392 1940 3590 2016; x_wconf 83' lang='grc' dir='ltr'>Ὀρθῶς</span> <span class='ocrx_word' id='word_1_519' title='bbox 3646 1935 3803 2018; x_wconf 79' lang='grc' dir='ltr'>ἔφης,</span> 
     </span>
    </p>
   </div>
   <div class='ocr_carea' id='block_1_71' title="bbox 2159 2028 3806 2109">
    <p class='ocr_par' dir='ltr' id='par_1_71' title="bbox 2159 2028 3806 2109">
     <span class='ocr_line' id='line_1_71' title="bbox 2159 2028 3806 2109; baseline -0.003 -21"><span class='ocrx_word' id='word_1_520' title='bbox 2159 2035 2343 2109; x_wconf 87' lang='grc' dir='ltr'>Πέτρε.</span> <span class='ocrx_word' id='word_1_521' title='bbox 2379 2033 2535 2106; x_wconf 82' lang='grc' dir='ltr'>Ἐμοὶ</span> <span class='ocrx_word' id='word_1_522' title='bbox 2568 2030 2625 2087; x_wconf 76' lang='grc' dir='ltr'>δὲ</span> <span class='ocrx_word' id='word_1_523' title='bbox 2653 2036 2815 2088; x_wconf 88' lang='grc' dir='ltr'>τοῦτο</span> <span class='ocrx_word' id='word_1_524' title='bbox 2874 2030 3107 2107; x_wconf 85' lang='grc' dir='ltr'>χαρίζου</span> <span class='ocrx_word' id='word_1_525' title='bbox 3159 2028 3391 2085; x_wconf 87' lang='grc' dir='ltr'>πάντοτέ</span> <span class='ocrx_word' id='word_1_526' title='bbox 3442 2050 3526 2084; x_wconf 91' lang='grc' dir='ltr'><strong>σοι</strong></span> <span class='ocrx_word' id='word_1_527' title='bbox 3577 2034 3806 2085; x_wconf 88' lang='grc' dir='ltr'>συνεῖναι</span> 
     </span>
    </p>
   </div>
   <div class='ocr_carea' id='block_1_72' title="bbox 2155 2115 3807 2198">
    <p class='ocr_par' dir='ltr' id='par_1_72' title="bbox 2155 2115 3807 2198">
     <span class='ocr_line' id='line_1_72' title="bbox 2155 2115 3807 2198; baseline -0.003 -20"><span class='ocrx_word' id='word_1_528' title='bbox 2155 2123 2417 2198; x_wconf 77' lang='grc' dir='ltr'>κρίναντι,</span> <span class='ocrx_word' id='word_1_529' title='bbox 2448 2122 2539 2177; x_wconf 88' lang='grc' dir='ltr'>τὸν</span> <span class='ocrx_word' id='word_1_530' title='bbox 2586 2120 2708 2198; x_wconf 84' lang='grc' dir='ltr'>περὶ</span> <span class='ocrx_word' id='word_1_531' title='bbox 2749 2124 2847 2179; x_wconf 75' lang='grc'><strong>47</strong></span> <span class='ocrx_word' id='word_1_532' title='bbox 2878 2125 2976 2175; x_wconf 90' lang='grc' dir='ltr'><strong>τοῦ</strong></span> <span class='ocrx_word' id='word_1_533' title='bbox 3006 2121 3053 2158; x_wconf 64' lang='grc'><strong>⁸⁸</strong></span> <span class='ocrx_word' id='word_1_534' title='bbox 3079 2121 3367 2198; x_wconf 76' lang='grc' dir='ltr'>προφήτου</span> <span class='ocrx_word' id='word_1_535' title='bbox 3416 2117 3582 2195; x_wconf 90' lang='grc' dir='ltr'>λόγον</span> <span class='ocrx_word' id='word_1_536' title='bbox 3628 2115 3807 2189; x_wconf 72' lang='grc' dir='ltr'>ἡδέως</span> 
     </span>
    </p>
   </div>
   <div class='ocr_carea' id='block_1_73' title="bbox 2156 2207 3807 2288">
    <p class='ocr_par' dir='ltr' id='par_1_73' title="bbox 2156 2207 3807 2288">
     <span class='ocr_line' id='line_1_73' title="bbox 2156 2207 3807 2288; baseline -0.003 -22"><span class='ocrx_word' id='word_1_537' title='bbox 2156 2210 2407 2267; x_wconf 79' lang='grc' dir='ltr'>ἀκούοντι</span> <span class='ocrx_word' id='word_1_538' title='bbox 2465 2216 2705 2288; x_wconf 81' lang='grc' dir='ltr'>συνεχῶς</span> <span class='ocrx_word' id='word_1_539' title='bbox 2767 2211 3110 2288; x_wconf 80' lang='grc' dir='ltr'>ὑφηγεῖσθαι.</span> <span class='ocrx_word' id='word_1_540' title='bbox 3143 2214 3303 2265; x_wconf 70' lang='grc' dir='ltr'>’Ἄνευ</span> <span class='ocrx_word' id='word_1_541' title='bbox 3358 2207 3463 2283; x_wconf 78' lang='grc' dir='ltr'>γὰρ</span> <span class='ocrx_word' id='word_1_542' title='bbox 3511 2207 3697 2278; x_wconf 78' lang='grc' dir='ltr'>αὐτοῦ,</span> <span class='ocrx_word' id='word_1_543' title='bbox 3732 2208 3807 2269; x_wconf 82' lang='grc' dir='ltr'>ὡς</span> 
     </span>
    </p>
   </div>
   <div class='ocr_carea' id='block_1_74' title="bbox 2157 2293 3811 2377">
    <p class='ocr_par' dir='ltr' id='par_1_74' title="bbox 2157 2293 3811 2377">
     <span class='ocr_line' id='line_1_74' title="bbox 2157 2293 3811 2377; baseline -0.004 -21"><span class='ocrx_word' id='word_1_544' title='bbox 2157 2297 2354 2374; x_wconf 76' lang='grc' dir='ltr'>ἔμαθον</span> <span class='ocrx_word' id='word_1_545' title='bbox 2411 2299 2557 2377; x_wconf 85' lang='grc' dir='ltr'><strong>παρά</strong></span> <span class='ocrx_word' id='word_1_546' title='bbox 2614 2293 2876 2377; x_wconf 79' lang='grc' dir='ltr'>Βαρνάϐα,</span> <span class='ocrx_word' id='word_1_547' title='bbox 2932 2299 3031 2369; x_wconf 80' lang='grc' dir='ltr'><strong>τήν</strong></span> <span class='ocrx_word' id='word_1_548' title='bbox 3112 2294 3373 2371; x_wconf 79' lang='grc' dir='ltr'>ἀλήθειαν</span> <span class='ocrx_word' id='word_1_549' title='bbox 3435 2297 3619 2372; x_wconf 82' lang='grc' dir='ltr'>μαθεῖν</span> <span class='ocrx_word' id='word_1_550' title='bbox 3685 2293 3811 2352; x_wconf 74' lang='grc' dir='ltr'>ἀδό-</span> 
     </span>
    </p>
   </div>
   <div class='ocr_carea' id='block_1_75' title="bbox 2156 2410 2336 2447">
    <p class='ocr_par' dir='ltr' id='par_1_75' title="bbox 2156 2410 2336 2447">
     <span class='ocr_line' id='line_1_75' title="bbox 2156 2410 2336 2447; baseline 0.017 -3"><span class='ocrx_word' id='word_1_551' title='bbox 2156 2410 2336 2447; x_wconf 86' lang='grc' dir='ltr'>νατον.</span> 
     </span>
    </p>
   </div>
   <div class='ocr_carea' id='block_1_76' title="bbox 2223 2579 3803 2661">
    <p class='ocr_par' dir='ltr' id='par_1_76' title="bbox 2223 2579 3803 2661">
     <span class='ocr_line' id='line_1_76' title="bbox 2223 2579 3803 2661; baseline -0.003 -20"><span class='ocrx_word' id='word_1_552' title='bbox 2223 2587 2290 2643; x_wconf 86' lang='lat' dir='ltr'><strong>V.</strong></span> <span class='ocrx_word' id='word_1_553' title='bbox 2322 2585 2379 2639; x_wconf 74' lang='grc' dir='ltr'>Ὀ</span> <span class='ocrx_word' id='word_1_554' title='bbox 2412 2582 2469 2640; x_wconf 71' lang='grc' dir='ltr'>δὲ</span> <span class='ocrx_word' id='word_1_555' title='bbox 2507 2582 2728 2661; x_wconf 83' lang='grc' dir='ltr'>Πέτρος,</span> <span class='ocrx_word' id='word_1_556' title='bbox 2761 2582 2848 2639; x_wconf 81' lang='grc' dir='ltr'><strong>ἐπὶ</strong></span> <span class='ocrx_word' id='word_1_557' title='bbox 2885 2582 3065 2658; x_wconf 82' lang='grc' dir='ltr'>τούτῳ</span> <span class='ocrx_word' id='word_1_558' title='bbox 3118 2580 3372 2661; x_wconf 82' lang='grc' dir='ltr'>μεγάλως</span> <span class='ocrx_word' id='word_1_559' title='bbox 3417 2581 3620 2653; x_wconf 83' lang='grc' dir='ltr'>ἡσθεὶς,</span> <span class='ocrx_word' id='word_1_560' title='bbox 3669 2579 3803 2637; x_wconf 85' lang='grc' dir='ltr'>ἀπε-</span> 
     </span>
    </p>
   </div>
   <div class='ocr_carea' id='block_1_77' title="bbox 2153 2668 3801 2751">
    <p class='ocr_par' dir='ltr' id='par_1_77' title="bbox 2153 2668 3801 2751">
     <span class='ocr_line' id='line_1_77' title="bbox 2153 2668 3801 2751; baseline -0.003 -21"><span class='ocrx_word' id='word_1_561' title='bbox 2153 2674 2390 2751; x_wconf 88' lang='grc' dir='ltr'>κρίνατο·</span> <span class='ocrx_word' id='word_1_562' title='bbox 2414 2672 2553 2745; x_wconf 84' lang='grc' dir='ltr'><strong>Ἤδη</strong></span> <span class='ocrx_word' id='word_1_563' title='bbox 2592 2675 2686 2747; x_wconf 75' lang='grc' dir='ltr'>μὲν</span> <span class='ocrx_word' id='word_1_564' title='bbox 2717 2676 2753 2745; x_wconf 76' lang='grc' dir='ltr'><strong>ἡ</strong></span> <span class='ocrx_word' id='word_1_565' title='bbox 2791 2674 2929 2747; x_wconf 88' lang='grc' dir='ltr'>πρὸς</span> <span class='ocrx_word' id='word_1_566' title='bbox 2956 2673 3014 2729; x_wconf 73' lang='grc' dir='ltr'>σὲ</span> <span class='ocrx_word' id='word_1_567' title='bbox 3044 2670 3334 2749; x_wconf 83' lang='grc' dir='ltr'>διόρθωσις</span> <span class='ocrx_word' id='word_1_568' title='bbox 3363 2670 3520 2735; x_wconf 86' lang='grc' dir='ltr'>τέλος</span> <span class='ocrx_word' id='word_1_569' title='bbox 3551 2668 3801 2747; x_wconf 80' lang='grc' dir='ltr'>εἷ’ληφεν,</span> 
     </span>
    </p>
   </div>
   <div class='ocr_carea' id='block_1_78' title="bbox 2154 2758 3801 2840">
    <p class='ocr_par' dir='ltr' id='par_1_78' title="bbox 2154 2758 3801 2840">
     <span class='ocr_line' id='line_1_78' title="bbox 2154 2758 3801 2840; baseline -0.003 -21"><span class='ocrx_word' id='word_1_570' title='bbox 2154 2761 2495 2839; x_wconf 80' lang='grc' dir='ltr'>ἐπεγνωκότα</span> <span class='ocrx_word' id='word_1_571' title='bbox 2529 2766 2576 2800; x_wconf 69' lang='grc'><strong>²⁴</strong></span> <span class='ocrx_word' id='word_1_572' title='bbox 2602 2770 2701 2833; x_wconf 82' lang='grc' dir='ltr'><strong>τῆς</strong></span> <span class='ocrx_word' id='word_1_573' title='bbox 2733 2762 3027 2817; x_wconf 86' lang='grc' dir='ltr'>ἀπταίστου</span> <span class='ocrx_word' id='word_1_574' title='bbox 3057 2758 3392 2840; x_wconf 79' lang='grc' dir='ltr'>προφητείας</span> <span class='ocrx_word' id='word_1_575' title='bbox 3437 2760 3502 2815; x_wconf 84' lang='grc' dir='ltr'>τὸ</span> <span class='ocrx_word' id='word_1_576' title='bbox 3554 2760 3801 2836; x_wconf 81' lang='grc' dir='ltr'>μέγεθος,</span> 
     </span>
    </p>
   </div>
   <div class='ocr_carea' id='block_1_79' title="bbox 2152 2846 3799 2927">
    <p class='ocr_par' dir='ltr' id='par_1_79' title="bbox 2152 2846 3799 2927">
     <span class='ocr_line' id='line_1_79' title="bbox 2152 2846 3799 2927; baseline -0.002 -18"><span class='ocrx_word' id='word_1_577' title='bbox 2152 2858 2218 2923; x_wconf 77' lang='grc' dir='ltr'><strong>ἧς</strong></span> <span class='ocrx_word' id='word_1_578' title='bbox 2248 2854 2370 2909; x_wconf 86' lang='grc' dir='ltr'>ἄνευ</span> <span class='ocrx_word' id='word_1_579' title='bbox 2401 2847 2586 2909; x_wconf 75' lang='grc' dir='ltr'>λαϐεῖν</span> <span class='ocrx_word' id='word_1_580' title='bbox 2620 2872 2722 2907; x_wconf 89' lang='grc' dir='ltr'>τινι</span> <span class='ocrx_word' id='word_1_581' title='bbox 2749 2851 2813 2907; x_wconf 85' lang='grc' dir='ltr'>τὸ</span> <span class='ocrx_word' id='word_1_582' title='bbox 2845 2851 2898 2907; x_wconf 89' lang='grc' dir='ltr'><strong>ἐν</strong></span> <span class='ocrx_word' id='word_1_583' title='bbox 2932 2851 3180 2927; x_wconf 75' lang='grc' dir='ltr'>ὑπεροχῇ</span> <span class='ocrx_word' id='word_1_584' title='bbox 3213 2850 3485 2926; x_wconf 82' lang='grc' dir='ltr'>συμφέρον</span> <span class='ocrx_word' id='word_1_585' title='bbox 3514 2846 3799 2905; x_wconf 81' lang='grc' dir='ltr'>ἀδύνατον.</span> 
     </span>
    </p>
   </div>
   <div class='ocr_carea' id='block_1_80' title="bbox 2154 2935 3799 3020">
    <p class='ocr_par' dir='ltr' id='par_1_80' title="bbox 2154 2935 3799 3020">
     <span class='ocr_line' id='line_1_80' title="bbox 2154 2935 3799 3020; baseline -0.003 -23"><span class='ocrx_word' id='word_1_586' title='bbox 2154 2940 2388 2999; x_wconf 81' lang='grc' dir='ltr'>Πολλῶν</span> <span class='ocrx_word' id='word_1_587' title='bbox 2420 2943 2521 3019; x_wconf 74' lang='grc' dir='ltr'><strong>γὰρ</strong></span> <span class='ocrx_word' id='word_1_588' title='bbox 2552 2941 2640 2996; x_wconf 82' lang='grc' dir='ltr'><strong>καὶ</strong></span> <span class='ocrx_word' id='word_1_589' title='bbox 2674 2938 2946 3020; x_wconf 84' lang='grc' dir='ltr'>διαφόρων</span> <span class='ocrx_word' id='word_1_590' title='bbox 2978 2939 3188 3017; x_wconf 83' lang='grc' dir='ltr'>ἀγαθῶν</span> <span class='ocrx_word' id='word_1_591' title='bbox 3218 2935 3386 2993; x_wconf 70' lang='grc' dir='ltr'>ὄντων</span> <span class='ocrx_word' id='word_1_592' title='bbox 3421 2936 3471 2993; x_wconf 80' lang='grc' dir='ltr'><strong>ἐν</strong></span> <span class='ocrx_word' id='word_1_593' title='bbox 3500 2941 3619 3001; x_wconf 88' lang='grc' dir='ltr'>τοῖς</span> <span class='ocrx_word' id='word_1_594' title='bbox 3649 2937 3799 2992; x_wconf 76' lang='grc' dir='ltr'>οὖσιν</span> 
     </span>
    </p>
   </div>
   <div class='ocr_carea' id='block_1_81' title="bbox 2152 3026 3803 3104">
    <p class='ocr_par' dir='ltr' id='par_1_81' title="bbox 2152 3026 3803 3104">
     <span class='ocr_line' id='line_1_81' title="bbox 2152 3026 3803 3104; baseline -0.004 -17"><span class='ocrx_word' id='word_1_595' title='bbox 2152 3032 2187 3102; x_wconf 73' lang='grc' dir='ltr'><strong>ἢ</strong></span> <span class='ocrx_word' id='word_1_596' title='bbox 2222 3027 2429 3096; x_wconf 78' lang='grc' dir='ltr'>ἔσεσθαι</span> <span class='ocrx_word' id='word_1_597' title='bbox 2471 3029 2804 3104; x_wconf 84' lang='grc' dir='ltr'>δυναμένοις,</span> <span class='ocrx_word' id='word_1_598' title='bbox 2835 3030 2898 3086; x_wconf 82' lang='grc' dir='ltr'>τὸ</span> <span class='ocrx_word' id='word_1_599' title='bbox 2955 3031 3167 3084; x_wconf 85' lang='grc' dir='ltr'>πάντων</span> <span class='ocrx_word' id='word_1_600' title='bbox 3227 3028 3659 3104; x_wconf 80' lang='grc' dir='ltr'>μακαριώτατον,</span> <span class='ocrx_word' id='word_1_601' title='bbox 3695 3026 3803 3083; x_wconf 57' lang='grc' dir='ltr'>εἴτε</span> 
     </span>
    </p>
   </div>
   <div class='ocr_carea' id='block_1_82' title="bbox 2154 3114 3803 3194">
    <p class='ocr_par' dir='ltr' id='par_1_82' title="bbox 2154 3114 3803 3194">
     <span class='ocr_line' id='line_1_82' title="bbox 2154 3114 3803 3194; baseline -0.004 -18"><span class='ocrx_word' id='word_1_602' title='bbox 2154 3118 2328 3184; x_wconf 78' lang='grc' dir='ltr'>ἀίδιός</span> <span class='ocrx_word' id='word_1_603' title='bbox 2386 3119 2496 3175; x_wconf 83' lang='grc' dir='ltr'>ἐστι</span> <span class='ocrx_word' id='word_1_604' title='bbox 2552 3121 2665 3190; x_wconf 82' lang='grc' dir='ltr'>ζωὴ</span> <span class='ocrx_word' id='word_1_605' title='bbox 2699 3123 2764 3188; x_wconf 69' lang='grc'><strong>³⁸,</strong></span> <span class='ocrx_word' id='word_1_606' title='bbox 2808 3118 2843 3189; x_wconf 75' lang='grc' dir='ltr'><strong>ἢ</strong></span> <span class='ocrx_word' id='word_1_607' title='bbox 2897 3119 3215 3193; x_wconf 88' lang='grc' dir='ltr'>παράμονος</span> <span class='ocrx_word' id='word_1_608' title='bbox 3274 3116 3532 3194; x_wconf 50' lang='lat' dir='ltr'><strong>intuenti</strong></span> <span class='ocrx_word' id='word_1_609' title='bbox 3591 3114 3803 3178; x_wconf 86' lang='grc' dir='ltr'>τέλειος</span> 
     </span>
    </p>
   </div>
   <div class='ocr_carea' id='block_1_83' title="bbox 2151 3202 3800 3287">
    <p class='ocr_par' dir='ltr' id='par_1_83' title="bbox 2151 3202 3800 3287">
     <span class='ocr_line' id='line_1_83' title="bbox 2151 3202 3800 3287; baseline -0.002 -23"><span class='ocrx_word' id='word_1_610' title='bbox 2151 3214 2300 3279; x_wconf 88' lang='grc' dir='ltr'>νοῦς,</span> <span class='ocrx_word' id='word_1_611' title='bbox 2329 3211 2364 3280; x_wconf 73' lang='grc' dir='ltr'><strong>ἢ</strong></span> <span class='ocrx_word' id='word_1_612' title='bbox 2400 3214 2536 3287; x_wconf 84' lang='grc' dir='ltr'>φῶς,</span> <span class='ocrx_word' id='word_1_613' title='bbox 2568 3209 2603 3279; x_wconf 74' lang='grc' dir='ltr'><strong>ἢ</strong></span> <span class='ocrx_word' id='word_1_614' title='bbox 2634 3208 2799 3286; x_wconf 79' lang='grc' dir='ltr'>χαρὰ,</span> <span class='ocrx_word' id='word_1_615' title='bbox 2830 3208 2865 3277; x_wconf 73' lang='grc' dir='ltr'><strong>ἢ</strong></span> <span class='ocrx_word' id='word_1_616' title='bbox 2898 3205 3186 3285; x_wconf 81' lang='grc' dir='ltr'>ἀφθαρσία,</span> <span class='ocrx_word' id='word_1_617' title='bbox 3216 3207 3253 3277; x_wconf 72' lang='grc' dir='ltr'><strong>ἢ</strong></span> <span class='ocrx_word' id='word_1_618' title='bbox 3285 3204 3376 3262; x_wconf 84' lang='grc' dir='ltr'><strong>καὶ</strong></span> <span class='ocrx_word' id='word_1_619' title='bbox 3425 3203 3566 3261; x_wconf 82' lang='grc' dir='ltr'>ἄλλο</span> <span class='ocrx_word' id='word_1_620' title='bbox 3602 3225 3655 3260; x_wconf 92' lang='grc' dir='ltr'><strong>τι</strong></span> <span class='ocrx_word' id='word_1_621' title='bbox 3686 3204 3716 3260; x_wconf 78' lang='grc' dir='ltr'><strong>’ὁ</strong></span> <span class='ocrx_word' id='word_1_622' title='bbox 3747 3202 3800 3260; x_wconf 88' lang='grc' dir='ltr'><strong>ἐν</strong></span> 
     </span>
    </p>
   </div>
   <div class='ocr_carea' id='block_1_84' title="bbox 2151 3292 3801 3376">
    <p class='ocr_par' dir='ltr' id='par_1_84' title="bbox 2151 3292 3801 3376">
     <span class='ocr_line' id='line_1_84' title="bbox 2151 3292 3801 3376; baseline -0.004 -21"><span class='ocrx_word' id='word_1_623' title='bbox 2151 3304 2220 3365; x_wconf 77' lang='grc' dir='ltr'><strong>τῇ</strong></span> <span class='ocrx_word' id='word_1_624' title='bbox 2275 3305 2383 3355; x_wconf 86' lang='grc' dir='ltr'><strong>τῶν</strong></span> <span class='ocrx_word' id='word_1_625' title='bbox 2442 3294 2610 3354; x_wconf 80' lang='grc' dir='ltr'>ὄντων</span> <span class='ocrx_word' id='word_1_626' title='bbox 2670 3296 2825 3376; x_wconf 81' lang='grc' dir='ltr'>φύσει</span> <span class='ocrx_word' id='word_1_627' title='bbox 2910 3296 3175 3372; x_wconf 85' lang='grc' dir='ltr'>ὑπερέχον</span> <span class='ocrx_word' id='word_1_628' title='bbox 3249 3294 3483 3372; x_wconf 84' lang='grc' dir='ltr'>ὑπάρχει</span> <span class='ocrx_word' id='word_1_629' title='bbox 3540 3292 3709 3349; x_wconf 75' lang='grc' dir='ltr'>καλὸν</span> <span class='ocrx_word' id='word_1_630' title='bbox 3762 3292 3801 3363; x_wconf 75' lang='grc' dir='ltr'><strong>ἢ</strong></span> 
     </span>
    </p>
   </div>
   <div class='ocr_carea' id='block_1_85' title="bbox 2153 3379 3804 3462">
    <p class='ocr_par' dir='ltr' id='par_1_85' title="bbox 2153 3379 3804 3462">
     <span class='ocr_line' id='line_1_85' title="bbox 2153 3379 3804 3462; baseline -0.004 -20"><span class='ocrx_word' id='word_1_631' title='bbox 2153 3386 2377 3462; x_wconf 83' lang='grc' dir='ltr'>ὑπάρξαι</span> <span class='ocrx_word' id='word_1_632' title='bbox 2412 3383 2627 3441; x_wconf 80' lang='grc' dir='ltr'>δύναται</span> <span class='ocrx_word' id='word_1_633' title='bbox 2656 3388 2816 3439; x_wconf 88' lang='grc' dir='ltr'>τοῦτο</span> <span class='ocrx_word' id='word_1_634' title='bbox 2838 3416 2907 3427; x_wconf 85' lang='lat'><strong>—-</strong></span> <span class='ocrx_word' id='word_1_635' title='bbox 2937 3382 3038 3439; x_wconf 79' lang='grc' dir='ltr'>οὐκ</span> <span class='ocrx_word' id='word_1_636' title='bbox 3069 3381 3254 3446; x_wconf 75' lang='grc' dir='ltr'>ἄλλως</span> <span class='ocrx_word' id='word_1_637' title='bbox 3303 3379 3443 3439; x_wconf 81' lang='grc' dir='ltr'>ἔστιν</span> <span class='ocrx_word' id='word_1_638' title='bbox 3491 3381 3621 3437; x_wconf 82' lang='grc' dir='ltr'>αὐτὸ</span> <span class='ocrx_word' id='word_1_639' title='bbox 3667 3383 3804 3452; x_wconf 78' lang='grc' dir='ltr'>κτή-</span> 
     </span>
    </p>
   </div>
   <div class='ocr_carea' id='block_1_86' title="bbox 2150 3465 3800 3550">
    <p class='ocr_par' dir='ltr' id='par_1_86' title="bbox 2150 3465 3800 3550">
     <span class='ocr_line' id='line_1_86' title="bbox 2150 3465 3800 3550; baseline -0.004 -20"><span class='ocrx_word' id='word_1_640' title='bbox 2150 3487 2339 3541; x_wconf 89' lang='grc' dir='ltr'>σασθαι</span> <span class='ocrx_word' id='word_1_641' title='bbox 2404 3475 2480 3549; x_wconf 82' lang='grc' dir='ltr'>μή</span> <span class='ocrx_word' id='word_1_642' title='bbox 2539 3473 2800 3550; x_wconf 88' lang='grc' dir='ltr'>πρότερον</span> <span class='ocrx_word' id='word_1_643' title='bbox 2862 3472 3057 3548; x_wconf 83' lang='grc' dir='ltr'>γνόντα</span> <span class='ocrx_word' id='word_1_644' title='bbox 3102 3472 3169 3527; x_wconf 76' lang='grc' dir='ltr'><strong>τὰ</strong></span> <span class='ocrx_word' id='word_1_645' title='bbox 3214 3465 3343 3526; x_wconf 71' lang='grc' dir='ltr'>ὄντα</span> <span class='ocrx_word' id='word_1_646' title='bbox 3389 3472 3465 3533; x_wconf 85' lang='grc' dir='ltr'>ὡς</span> <span class='ocrx_word' id='word_1_647' title='bbox 3505 3467 3663 3525; x_wconf 79' lang='grc' dir='ltr'>ἔστιν·</span> <span class='ocrx_word' id='word_1_648' title='bbox 3698 3476 3800 3539; x_wconf 76' lang='grc' dir='ltr'>τῆς</span> 
     </span>
    </p>
   </div>
   <div class='ocr_carea' id='block_1_87' title="bbox 2151 3555 3802 3640">
    <p class='ocr_par' dir='ltr' id='par_1_87' title="bbox 2151 3555 3802 3640">
     <span class='ocr_line' id='line_1_87' title="bbox 2151 3555 3802 3640; baseline -0.002 -22"><span class='ocrx_word' id='word_1_649' title='bbox 2151 3560 2209 3619; x_wconf 78' lang='grc' dir='ltr'>δὲ</span> <span class='ocrx_word' id='word_1_650' title='bbox 2264 3564 2515 3640; x_wconf 86' lang='grc' dir='ltr'>γνώσεως</span> <span class='ocrx_word' id='word_1_651' title='bbox 2571 3561 2670 3617; x_wconf 81' lang='grc' dir='ltr'>οὐκ</span> <span class='ocrx_word' id='word_1_652' title='bbox 2725 3559 2913 3623; x_wconf 81' lang='grc' dir='ltr'>ἄλλως</span> <span class='ocrx_word' id='word_1_653' title='bbox 2951 3565 3140 3636; x_wconf 86' lang='grc' dir='ltr'>τυχεῖν</span> <span class='ocrx_word' id='word_1_654' title='bbox 3172 3555 3340 3630; x_wconf 76' lang='grc' dir='ltr'>ἔστιν,</span> <span class='ocrx_word' id='word_1_655' title='bbox 3368 3558 3457 3615; x_wconf 81' lang='grc' dir='ltr'><strong>ἐὰν</strong></span> <span class='ocrx_word' id='word_1_656' title='bbox 3493 3560 3568 3633; x_wconf 77' lang='grc' dir='ltr'>μὴ</span> <span class='ocrx_word' id='word_1_657' title='bbox 3602 3558 3802 3636; x_wconf 89' lang='grc' dir='ltr'>πρότε-</span> 
     </span>
    </p>
   </div>
   <div class='ocr_carea' id='block_1_88' title="bbox 2150 3646 3469 3729">
    <p class='ocr_par' dir='ltr' id='par_1_88' title="bbox 2150 3646 3469 3729">
     <span class='ocr_line' id='line_1_88' title="bbox 2150 3646 3469 3729; baseline -0.004 -22"><span class='ocrx_word' id='word_1_658' title='bbox 2150 3652 2241 3729; x_wconf 90' lang='grc' dir='ltr'><strong>ρόν</strong></span> <span class='ocrx_word' id='word_1_659' title='bbox 2272 3673 2354 3715; x_wconf 90' lang='grc' dir='ltr'><strong>τις</strong></span> <span class='ocrx_word' id='word_1_660' title='bbox 2382 3651 2475 3707; x_wconf 89' lang='grc' dir='ltr'>τὸν</span> <span class='ocrx_word' id='word_1_661' title='bbox 2505 3658 2604 3721; x_wconf 80' lang='grc' dir='ltr'><strong>τῆς</strong></span> <span class='ocrx_word' id='word_1_662' title='bbox 2636 3648 2894 3722; x_wconf 83' lang='grc' dir='ltr'>ἀληθείας</span> <span class='ocrx_word' id='word_1_663' title='bbox 2919 3650 3209 3727; x_wconf 81' lang='grc' dir='ltr'>προφήτην</span> <span class='ocrx_word' id='word_1_664' title='bbox 3245 3646 3469 3723; x_wconf 78' lang='grc' dir='ltr'>ἐπιγνῷ.</span> 
     </span>
    </p>
   </div>
   <div class='ocr_carea' id='block_1_89' title="bbox 2217 3753 3798 3835">
    <p class='ocr_par' dir='ltr' id='par_1_89' title="bbox 2217 3753 3798 3835">
     <span class='ocr_line' id='line_1_89' title="bbox 2217 3753 3798 3835; baseline -0.003 -22"><span class='ocrx_word' id='word_1_665' title='bbox 2217 3760 2312 3817; x_wconf 88' lang='lat' dir='ltr'><strong>VI.</strong></span> <span class='ocrx_word' id='word_1_666' title='bbox 2346 3759 2642 3835; x_wconf 76' lang='grc' dir='ltr'>Προφήτης</span> <span class='ocrx_word' id='word_1_667' title='bbox 2701 3755 2759 3812; x_wconf 73' lang='grc' dir='ltr'>δὲ</span> <span class='ocrx_word' id='word_1_668' title='bbox 2816 3754 3075 3826; x_wconf 87' lang='grc' dir='ltr'>ἀληθείας</span> <span class='ocrx_word' id='word_1_669' title='bbox 3109 3753 3250 3810; x_wconf 80' lang='grc' dir='ltr'>ἐστὶν</span> <span class='ocrx_word' id='word_1_670' title='bbox 3281 3755 3310 3810; x_wconf 92' lang='lat'><strong>6</strong></span> <span class='ocrx_word' id='word_1_671' title='bbox 3338 3753 3570 3809; x_wconf 87' lang='grc' dir='ltr'>πάντοτε</span> <span class='ocrx_word' id='word_1_672' title='bbox 3624 3754 3798 3809; x_wconf 87' lang='grc' dir='ltr'>πάντα</span> 
     </span>
    </p>
   </div>
   <div class='ocr_carea' id='block_1_90' title="bbox 2147 3838 3798 3921">
    <p class='ocr_par' dir='ltr' id='par_1_90' title="bbox 2147 3838 3798 3921">
     <span class='ocr_line' id='line_1_90' title="bbox 2147 3838 3798 3921; baseline -0.004 -19"><span class='ocrx_word' id='word_1_673' title='bbox 2147 3846 2329 3920; x_wconf 74' lang='grc' dir='ltr'>εἰδὼς,</span> <span class='ocrx_word' id='word_1_674' title='bbox 2360 3848 2427 3902; x_wconf 78' lang='grc' dir='ltr'>τὰ</span> <span class='ocrx_word' id='word_1_675' title='bbox 2485 3847 2578 3920; x_wconf 72' lang='grc' dir='ltr'>μὲν</span> <span class='ocrx_word' id='word_1_676' title='bbox 2629 3840 2896 3921; x_wconf 82' lang='grc' dir='ltr'>γεγονότα</span> <span class='ocrx_word' id='word_1_677' title='bbox 2942 3845 3019 3907; x_wconf 87' lang='grc' dir='ltr'>ὡς</span> <span class='ocrx_word' id='word_1_678' title='bbox 3071 3842 3301 3918; x_wconf 84' lang='grc' dir='ltr'>ἐγένετο,</span> <span class='ocrx_word' id='word_1_679' title='bbox 3329 3843 3398 3898; x_wconf 87' lang='grc' dir='ltr'><strong>τά</strong></span> <span class='ocrx_word' id='word_1_680' title='bbox 3445 3840 3504 3898; x_wconf 74' lang='grc' dir='ltr'>δὲ</span> <span class='ocrx_word' id='word_1_681' title='bbox 3532 3838 3798 3917; x_wconf 86' lang='grc' dir='ltr'>γινόμενα</span> 
     </span>
    </p>
   </div>
   <div class='ocr_carea' id='block_1_91' title="bbox 2145 3929 3792 4012">
    <p class='ocr_par' dir='ltr' id='par_1_91' title="bbox 2145 3929 3792 4012">
     <span class='ocr_line' id='line_1_91' title="bbox 2145 3929 3792 4012; baseline -0.003 -21"><span class='ocrx_word' id='word_1_682' title='bbox 2145 3937 2222 3999; x_wconf 83' lang='grc' dir='ltr'>ὡς</span> <span class='ocrx_word' id='word_1_683' title='bbox 2269 3935 2591 4012; x_wconf 89' lang='grc' dir='ltr'>γίνεται,τά</span> <span class='ocrx_word' id='word_1_684' title='bbox 2646 3932 2702 3989; x_wconf 79' lang='grc' dir='ltr'>δὲ</span> <span class='ocrx_word' id='word_1_685' title='bbox 2756 3933 2985 4006; x_wconf 81' lang='grc' dir='ltr'>ἐσόμενα</span> <span class='ocrx_word' id='word_1_686' title='bbox 3050 3933 3124 3994; x_wconf 85' lang='grc' dir='ltr'>ὡς</span> <span class='ocrx_word' id='word_1_687' title='bbox 3172 3929 3338 4002; x_wconf 78' lang='grc' dir='ltr'>ἔσται,</span> <span class='ocrx_word' id='word_1_688' title='bbox 3391 3930 3792 4008; x_wconf 83' lang='grc' dir='ltr'>ἀναμάρτητος,</span> 
     </span>
    </p>
   </div>
   <div class='ocr_carea' id='block_1_92' title="bbox 2145 4020 3795 4099">
    <p class='ocr_par' dir='ltr' id='par_1_92' title="bbox 2145 4020 3795 4099">
     <span class='ocr_line' id='line_1_92' title="bbox 2145 4020 3795 4099; baseline -0.004 -18"><span class='ocrx_word' id='word_1_689' title='bbox 2145 4024 2422 4099; x_wconf 77' lang='grc' dir='ltr'>ἐλεήμων,</span> <span class='ocrx_word' id='word_1_690' title='bbox 2460 4023 2624 4099; x_wconf 86' lang='grc' dir='ltr'>μόνος</span> <span class='ocrx_word' id='word_1_691' title='bbox 2661 4024 2759 4093; x_wconf 83' lang='grc' dir='ltr'><strong>τήν</strong></span> <span class='ocrx_word' id='word_1_692' title='bbox 2816 4022 3073 4093; x_wconf 84' lang='grc' dir='ltr'>ἀλήθειαν</span> <span class='ocrx_word' id='word_1_693' title='bbox 3131 4020 3450 4098; x_wconf 81' lang='grc' dir='ltr'>ὑφηγεῖσθαι</span> <span class='ocrx_word' id='word_1_694' title='bbox 3507 4040 3795 4076; x_wconf 88' lang='grc' dir='ltr'>πεπιστευ-</span> 
     </span>
    </p>
   </div>
   <div class='ocr_carea' id='block_1_93' title="bbox 2146 4108 3796 4189">
    <p class='ocr_par' dir='ltr' id='par_1_93' title="bbox 2146 4108 3796 4189">
     <span class='ocr_line' id='line_1_93' title="bbox 2146 4108 3796 4189; baseline -0.004 -20"><span class='ocrx_word' id='word_1_695' title='bbox 2146 4116 2321 4187; x_wconf 86' lang='grc' dir='ltr'>μένος.</span> <span class='ocrx_word' id='word_1_696' title='bbox 2358 4112 2738 4189; x_wconf 86' lang='grc' dir='ltr'>Ἀναγίνωσκε,</span> <span class='ocrx_word' id='word_1_697' title='bbox 2767 4111 2858 4166; x_wconf 85' lang='grc' dir='ltr'><strong>καὶ</strong></span> <span class='ocrx_word' id='word_1_698' title='bbox 2917 4111 3162 4187; x_wconf 72' lang='grc' dir='ltr'>εὑρήσεις</span> <span class='ocrx_word' id='word_1_699' title='bbox 3215 4108 3341 4171; x_wconf 74' lang='grc' dir='ltr'>τοὺς</span> <span class='ocrx_word' id='word_1_700' title='bbox 3398 4108 3491 4188; x_wconf 86' lang='grc' dir='ltr'>ἀφ’</span> <span class='ocrx_word' id='word_1_701' title='bbox 3520 4109 3722 4164; x_wconf 82' lang='grc' dir='ltr'>έαυτῶν</span> <span class='ocrx_word' id='word_1_702' title='bbox 3748 4111 3796 4146; x_wconf 72' lang='grc'><strong>’⁸</strong></span> 
     </span>
    </p>
   </div>
   <div class='ocr_carea' id='block_1_94' title="bbox 2140 4200 3795 4276">
    <p class='ocr_par' dir='ltr' id='par_1_94' title="bbox 2140 4200 3795 4276">
     <span class='ocr_line' id='line_1_94' title="bbox 2140 4200 3795 4276; baseline -0.002 -19"><span class='ocrx_word' id='word_1_703' title='bbox 2140 4205 2239 4273; x_wconf 79' lang='grc' dir='ltr'>τήν</span> <span class='ocrx_word' id='word_1_704' title='bbox 2295 4202 2552 4273; x_wconf 80' lang='grc' dir='ltr'>ἀλήθειαν</span> <span class='ocrx_word' id='word_1_705' title='bbox 2615 4202 2785 4276; x_wconf 83' lang='grc' dir='ltr'>εὑρεῖν</span> <span class='ocrx_word' id='word_1_706' title='bbox 2837 4200 3163 4272; x_wconf 86' lang='grc' dir='ltr'>νομίσαντας</span> <span class='ocrx_word' id='word_1_707' title='bbox 3192 4200 3256 4254; x_wconf 75' lang='grc'><strong>³⁷.</strong></span> <span class='ocrx_word' id='word_1_708' title='bbox 3287 4202 3459 4254; x_wconf 90' lang='grc' dir='ltr'>Τοῦτο</span> <span class='ocrx_word' id='word_1_709' title='bbox 3505 4200 3606 4274; x_wconf 76' lang='grc' dir='ltr'><strong>γὰρ</strong></span> <span class='ocrx_word' id='word_1_710' title='bbox 3656 4219 3795 4275; x_wconf 82' lang='grc' dir='ltr'>προ-</span> 
     </span>
    </p>
   </div>
   <div class='ocr_carea' id='block_1_95' title="bbox 2141 4285 3792 4368">
    <p class='ocr_par' dir='ltr' id='par_1_95' title="bbox 2141 4285 3792 4368">
     <span class='ocr_line' id='line_1_95' title="bbox 2141 4285 3792 4368; baseline -0.002 -22"><span class='ocrx_word' id='word_1_711' title='bbox 2141 4294 2315 4368; x_wconf 83' lang='grc' dir='ltr'>φήτου</span> <span class='ocrx_word' id='word_1_712' title='bbox 2350 4290 2579 4360; x_wconf 72' lang='grc' dir='ltr'>ἷδιον,τὸ</span> <span class='ocrx_word' id='word_1_713' title='bbox 2597 4292 2696 4359; x_wconf 76' lang='grc' dir='ltr'>τήν</span> <span class='ocrx_word' id='word_1_714' title='bbox 2720 4290 2980 4361; x_wconf 66' lang='grc' dir='ltr'>ἀλήθειαν</span> <span class='ocrx_word' id='word_1_715' title='bbox 3005 4286 3248 4362; x_wconf 79' lang='grc' dir='ltr'>μηνύειν,</span> <span class='ocrx_word' id='word_1_716' title='bbox 3264 4285 3446 4361; x_wconf 81' lang='grc' dir='ltr'>ὥσπερ</span> <span class='ocrx_word' id='word_1_717' title='bbox 3469 4287 3635 4357; x_wconf 77' lang='grc' dir='ltr'>ἡλίου</span> <span class='ocrx_word' id='word_1_718' title='bbox 3652 4285 3792 4342; x_wconf 67' lang='grc' dir='ltr'>ἴδιον</span> 
     </span>
    </p>
   </div>
   <div class='ocr_carea' id='block_1_96' title="bbox 2137 4375 3791 4455">
    <p class='ocr_par' dir='ltr' id='par_1_96' title="bbox 2137 4375 3791 4455">
     <span class='ocr_line' id='line_1_96' title="bbox 2137 4375 3791 4455; baseline -0.002 -19"><span class='ocrx_word' id='word_1_719' title='bbox 2137 4381 2200 4436; x_wconf 86' lang='grc' dir='ltr'>τὸ</span> <span class='ocrx_word' id='word_1_720' title='bbox 2229 4382 2329 4449; x_wconf 78' lang='grc' dir='ltr'>τήν</span> <span class='ocrx_word' id='word_1_721' title='bbox 2356 4378 2563 4455; x_wconf 81' lang='grc' dir='ltr'>ἡμέραν</span> <span class='ocrx_word' id='word_1_722' title='bbox 2595 4378 2794 4455; x_wconf 86' lang='grc' dir='ltr'>φέρειν.</span> <span class='ocrx_word' id='word_1_723' title='bbox 2829 4379 2926 4433; x_wconf 83' lang='grc' dir='ltr'>Διά</span> <span class='ocrx_word' id='word_1_724' title='bbox 2968 4382 3131 4432; x_wconf 87' lang='grc' dir='ltr'>τοῦτο</span> <span class='ocrx_word' id='word_1_725' title='bbox 3180 4375 3298 4432; x_wconf 78' lang='grc' dir='ltr'>ὅσοι</span> <span class='ocrx_word' id='word_1_726' title='bbox 3346 4376 3485 4432; x_wconf 74' lang='grc' dir='ltr'>ποτὲ</span> <span class='ocrx_word' id='word_1_727' title='bbox 3532 4376 3791 4447; x_wconf 70' lang='grc' dir='ltr'>ἀλήθειαν</span> 
     </span>
    </p>
   </div>
   <div class='ocr_carea' id='block_1_97' title="bbox 2139 4462 3790 4545">
    <p class='ocr_par' dir='ltr' id='par_1_97' title="bbox 2139 4462 3790 4545">
     <span class='ocr_line' id='line_1_97' title="bbox 2139 4462 3790 4545; baseline -0.003 -21"><span class='ocrx_word' id='word_1_728' title='bbox 2139 4474 2337 4545; x_wconf 88' lang='grc' dir='ltr'>γνῶναι</span> <span class='ocrx_word' id='word_1_729' title='bbox 2390 4467 2755 4542; x_wconf 80' lang='grc' dir='ltr'>ἐπεθύμησαν,</span> <span class='ocrx_word' id='word_1_730' title='bbox 2788 4467 2933 4541; x_wconf 88' lang='grc' dir='ltr'><strong>παρά</strong></span> <span class='ocrx_word' id='word_1_731' title='bbox 3001 4462 3059 4520; x_wconf 73' lang='grc' dir='ltr'>δὲ</span> <span class='ocrx_word' id='word_1_732' title='bbox 3114 4464 3311 4521; x_wconf 79' lang='grc' dir='ltr'>τούτου</span> <span class='ocrx_word' id='word_1_733' title='bbox 3375 4465 3562 4538; x_wconf 84' lang='grc' dir='ltr'>μαθεῖν</span> <span class='ocrx_word' id='word_1_734' title='bbox 3622 4464 3790 4534; x_wconf 75' lang='grc' dir='ltr'>αὐτὴν</span> 
     </span>
    </p>
   </div>
   <div class='ocr_carea' id='block_1_98' title="bbox 2139 4552 3793 4633">
    <p class='ocr_par' dir='ltr' id='par_1_98' title="bbox 2139 4552 3793 4633">
     <span class='ocr_line' id='line_1_98' title="bbox 2139 4552 3793 4633; baseline -0.004 -20"><span class='ocrx_word' id='word_1_735' title='bbox 2139 4557 2240 4613; x_wconf 81' lang='grc' dir='ltr'><strong>οὐκ</strong></span> <span class='ocrx_word' id='word_1_736' title='bbox 2288 4556 2609 4632; x_wconf 79' lang='grc' dir='ltr'>εὐτύχησαν,</span> <span class='ocrx_word' id='word_1_737' title='bbox 2659 4557 2734 4629; x_wconf 80' lang='grc' dir='ltr'>μὴ</span> <span class='ocrx_word' id='word_1_738' title='bbox 2787 4554 3056 4633; x_wconf 84' lang='grc' dir='ltr'>εὑρόντες,</span> <span class='ocrx_word' id='word_1_739' title='bbox 3089 4554 3191 4612; x_wconf 75' lang='grc'><strong>48</strong></span> <span class='ocrx_word' id='word_1_740' title='bbox 3240 4556 3526 4624; x_wconf 89' lang='grc' dir='ltr'>ζητοῦντες</span> <span class='ocrx_word' id='word_1_741' title='bbox 3582 4552 3793 4609; x_wconf 82' lang='grc' dir='ltr'>ἐτελεύ-</span> 
     </span>
    </p>
   </div>
   <div class='ocr_carea' id='block_1_99' title="bbox 2136 4641 3791 4722">
    <p class='ocr_par' dir='ltr' id='par_1_99' title="bbox 2136 4641 3791 4722">
     <span class='ocr_line' id='line_1_99' title="bbox 2136 4641 3791 4722; baseline -0.004 -20"><span class='ocrx_word' id='word_1_742' title='bbox 2136 4648 2405 4719; x_wconf 88' lang='grc' dir='ltr'>τησαν.”0</span> <span class='ocrx_word' id='word_1_743' title='bbox 2454 4647 2556 4722; x_wconf 79' lang='grc' dir='ltr'>γὰρ</span> <span class='ocrx_word' id='word_1_744' title='bbox 2603 4647 2702 4714; x_wconf 77' lang='grc' dir='ltr'>τήν</span> <span class='ocrx_word' id='word_1_745' title='bbox 2753 4642 3013 4715; x_wconf 77' lang='grc' dir='ltr'>ἀλήθειαν</span> <span class='ocrx_word' id='word_1_746' title='bbox 3054 4646 3230 4713; x_wconf 83' lang='grc' dir='ltr'>ζητῶν</span> <span class='ocrx_word' id='word_1_747' title='bbox 3260 4641 3410 4718; x_wconf 88' lang='grc' dir='ltr'><strong>παρά</strong></span> <span class='ocrx_word' id='word_1_748' title='bbox 3433 4644 3533 4711; x_wconf 72' lang='grc' dir='ltr'>τῆς</span> <span class='ocrx_word' id='word_1_749' title='bbox 3595 4642 3791 4697; x_wconf 75' lang='grc' dir='ltr'>ἐαυτοῦ</span> 
     </span>
    </p>
   </div>
   <div class='ocr_carea' id='block_1_100' title="bbox 2138 4729 3793 4813">
    <p class='ocr_par' dir='ltr' id='par_1_100' title="bbox 2138 4729 3793 4813">
     <span class='ocr_line' id='line_1_100' title="bbox 2138 4729 3793 4813; baseline -0.004 -21"><span class='ocrx_word' id='word_1_750' title='bbox 2138 4736 2358 4813; x_wconf 83' lang='grc' dir='ltr'>ἀγνοίας</span> <span class='ocrx_word' id='word_1_751' title='bbox 2389 4730 2574 4791; x_wconf 79' lang='grc' dir='ltr'>λαϐεῖν</span> <span class='ocrx_word' id='word_1_752' title='bbox 2606 4738 2723 4797; x_wconf 90' lang='grc' dir='ltr'><strong>πῶς</strong></span> <span class='ocrx_word' id='word_1_753' title='bbox 2756 4734 2813 4788; x_wconf 83' lang='grc' dir='ltr'><strong>ἂν</strong></span> <span class='ocrx_word' id='word_1_754' title='bbox 2847 4731 3066 4788; x_wconf 75' lang='grc' dir='ltr'>δύναιτο</span> <span class='ocrx_word' id='word_1_755' title='bbox 3092 4752 3108 4800; x_wconf 88' lang='lat'><strong><em>;</em></strong></span> <span class='ocrx_word' id='word_1_756' title='bbox 3140 4729 3249 4789; x_wconf 68' lang='grc' dir='ltr'><strong>Κᾶν</strong></span> <span class='ocrx_word' id='word_1_757' title='bbox 3299 4731 3402 4808; x_wconf 83' lang='grc' dir='ltr'><strong>γὰρ</strong></span> <span class='ocrx_word' id='word_1_758' title='bbox 3433 4729 3561 4805; x_wconf 74' lang='grc' dir='ltr'>εὕρῃ</span> <span class='ocrx_word' id='word_1_759' title='bbox 3590 4732 3656 4802; x_wconf 78' lang='grc'><strong>²⁸,</strong></span> <span class='ocrx_word' id='word_1_760' title='bbox 3689 4729 3793 4786; x_wconf 80' lang='grc' dir='ltr'>οὐκ</span> 
     </span>
    </p>
   </div>
   <div class='ocr_carea' id='block_1_101' title="bbox 2138 4816 3790 4897">
    <p class='ocr_par' dir='ltr' id='par_1_101' title="bbox 2138 4816 3790 4897">
     <span class='ocr_line' id='line_1_101' title="bbox 2138 4816 3790 4897; baseline -0.005 -16"><span class='ocrx_word' id='word_1_761' title='bbox 2138 4823 2299 4888; x_wconf 72' lang='grc' dir='ltr'>εἰδὼς</span> <span class='ocrx_word' id='word_1_762' title='bbox 2333 4824 2497 4893; x_wconf 71' lang='grc' dir='ltr'>αὐτὴν</span> <span class='ocrx_word' id='word_1_763' title='bbox 2530 4823 2603 4885; x_wconf 86' lang='grc' dir='ltr'>ὡς</span> <span class='ocrx_word' id='word_1_764' title='bbox 2635 4822 2735 4879; x_wconf 80' lang='grc' dir='ltr'>οὐκ</span> <span class='ocrx_word' id='word_1_765' title='bbox 2781 4820 2939 4876; x_wconf 75' lang='grc' dir='ltr'>οὖσαν</span> <span class='ocrx_word' id='word_1_766' title='bbox 2994 4821 3349 4897; x_wconf 86' lang='grc' dir='ltr'>παρέρχεται.</span> <span class='ocrx_word' id='word_1_767' title='bbox 3383 4816 3508 4874; x_wconf 71' lang='grc' dir='ltr'><strong>Οὕτ⁹</strong></span> <span class='ocrx_word' id='word_1_768' title='bbox 3537 4816 3601 4873; x_wconf 79' lang='grc' dir='ltr'>αὖ</span> <span class='ocrx_word' id='word_1_769' title='bbox 3658 4821 3790 4895; x_wconf 82' lang='grc' dir='ltr'>παρ’</span> 
     </span>
    </p>
   </div>
   <div class='ocr_carea' id='block_1_102' title="bbox 2138 4906 3784 4991">
    <p class='ocr_par' dir='ltr' id='par_1_102' title="bbox 2138 4906 3784 4991">
     <span class='ocr_line' id='line_1_102' title="bbox 2138 4906 3784 4991; baseline -0.004 -21"><span class='ocrx_word' id='word_1_770' title='bbox 2138 4914 2343 4991; x_wconf 72' lang='grc' dir='ltr'>ἑτέρου,</span> <span class='ocrx_word' id='word_1_771' title='bbox 2372 4918 2469 4968; x_wconf 91' lang='grc' dir='ltr'><strong>τοῦ</strong></span> <span class='ocrx_word' id='word_1_772' title='bbox 2500 4911 2712 4985; x_wconf 88' lang='grc' dir='ltr'>ὁμοίως</span> <span class='ocrx_word' id='word_1_773' title='bbox 2752 4910 2803 4981; x_wconf 78' lang='grc' dir='ltr'>ἐξ</span> <span class='ocrx_word' id='word_1_774' title='bbox 2852 4908 3121 4987; x_wconf 86' lang='grc' dir='ltr'>ἀγνωσίας</span> <span class='ocrx_word' id='word_1_775' title='bbox 3168 4911 3368 4984; x_wconf 87' lang='grc' dir='ltr'>γνῶσιν</span> <span class='ocrx_word' id='word_1_776' title='bbox 3418 4906 3564 4983; x_wconf 81' lang='grc' dir='ltr'>ἔχειν</span> <span class='ocrx_word' id='word_1_777' title='bbox 3614 4908 3784 4983; x_wconf 84' lang='grc' dir='ltr'>ἐπαγ-</span> 
     </span>
    </p>
   </div>
   <div class='ocr_carea' id='block_1_103' title="bbox 2132 4992 3785 5081">
    <p class='ocr_par' dir='ltr' id='par_1_103' title="bbox 2132 4992 3785 5081">
     <span class='ocr_line' id='line_1_103' title="bbox 2132 4992 3785 5081; baseline -0.006 -22"><span class='ocrx_word' id='word_1_778' title='bbox 2132 5000 2473 5081; x_wconf 81' lang='grc' dir='ltr'>γελλομένου</span> <span class='ocrx_word' id='word_1_779' title='bbox 2530 5002 2596 5068; x_wconf 70' lang='grc'><strong>³⁸,</strong></span> <span class='ocrx_word' id='word_1_780' title='bbox 2644 4998 2904 5071; x_wconf 88' lang='grc' dir='ltr'>ἀληθείας</span> <span class='ocrx_word' id='word_1_781' title='bbox 2954 5001 3169 5073; x_wconf 87' lang='grc' dir='ltr'>κρατεῖν</span> <span class='ocrx_word' id='word_1_782' title='bbox 3228 4992 3455 5059; x_wconf 82' lang='grc' dir='ltr'>δυνατὸς</span> <span class='ocrx_word' id='word_1_783' title='bbox 3510 4992 3658 5052; x_wconf 71' lang='grc' dir='ltr'>ἔσται</span> <span class='ocrx_word' id='word_1_784' title='bbox 3716 4999 3785 5070; x_wconf 78' lang='grc' dir='ltr'><strong>³ο,</strong></span> 
     </span>
    </p>
   </div>
   <div class='ocr_carea' id='block_1_104' title="bbox 2132 5081 3785 5163">
    <p class='ocr_par' dir='ltr' id='par_1_104' title="bbox 2132 5081 3785 5163">
     <span class='ocr_line' id='line_1_104' title="bbox 2132 5081 3785 5163; baseline -0.004 -15"><span class='ocrx_word' id='word_1_785' title='bbox 2132 5090 2279 5161; x_wconf 73' lang='grc' dir='ltr'>πλὴν</span> <span class='ocrx_word' id='word_1_786' title='bbox 2325 5088 2602 5153; x_wconf 86' lang='grc' dir='ltr'>πολιτείας</span> <span class='ocrx_word' id='word_1_787' title='bbox 2654 5084 2845 5163; x_wconf 86' lang='grc' dir='ltr'>μόνης,</span> <span class='ocrx_word' id='word_1_788' title='bbox 2875 5086 2965 5144; x_wconf 81' lang='grc' dir='ltr'><strong>καὶ</strong></span> <span class='ocrx_word' id='word_1_789' title='bbox 3012 5090 3179 5142; x_wconf 91' lang='grc' dir='ltr'>ταῦτα</span> <span class='ocrx_word' id='word_1_790' title='bbox 3234 5084 3443 5156; x_wconf 81' lang='grc' dir='ltr'>ἐκείνης</span> <span class='ocrx_word' id='word_1_791' title='bbox 3472 5090 3572 5155; x_wconf 80' lang='grc' dir='ltr'><strong>τῆς</strong></span> <span class='ocrx_word' id='word_1_792' title='bbox 3602 5081 3692 5141; x_wconf 76' lang='grc' dir='ltr'><strong>διὰ</strong></span> <span class='ocrx_word' id='word_1_793' title='bbox 3720 5086 3785 5142; x_wconf 81' lang='grc' dir='ltr'>τὸ</span> 
     </span>
    </p>
   </div>
   <div class='ocr_carea' id='block_1_105' title="bbox 2132 5172 3789 5257">
    <p class='ocr_par' dir='ltr' id='par_1_105' title="bbox 2132 5172 3789 5257">
     <span class='ocr_line' id='line_1_105' title="bbox 2132 5172 3789 5257; baseline -0.003 -20"><span class='ocrx_word' id='word_1_794' title='bbox 2132 5179 2359 5257; x_wconf 68' lang='grc' dir='ltr'>εὔλογον</span> <span class='ocrx_word' id='word_1_795' title='bbox 2417 5180 2783 5257; x_wconf 83' lang='grc' dir='ltr'>γνωρισθῆναι</span> <span class='ocrx_word' id='word_1_796' title='bbox 2846 5175 3172 5251; x_wconf 88' lang='grc' dir='ltr'>δυναμένης,</span> <span class='ocrx_word' id='word_1_797' title='bbox 3230 5173 3354 5246; x_wconf 75' lang='grc' dir='ltr'>ἥτις</span> <span class='ocrx_word' id='word_1_798' title='bbox 3438 5172 3669 5249; x_wconf 75' lang='grc' dir='ltr'>ἑκάστῳ,</span> <span class='ocrx_word' id='word_1_799' title='bbox 3726 5172 3789 5232; x_wconf 76' lang='grc' dir='ltr'><strong>ἐκ</strong></span> 
     </span>
    </p>
   </div>
   <div class='ocr_carea' id='block_1_106' title="bbox 1741 5393 2432 5453">
    <p class='ocr_par' dir='ltr' id='par_1_106' title="bbox 1741 5393 2432 5453">
     <span class='ocr_line' id='line_1_106' title="bbox 1741 5393 2432 5453; baseline 0.003 -4"><span class='ocrx_word' id='word_1_800' title='bbox 1741 5393 1911 5451; x_wconf 83' lang='lat' dir='ltr'><strong>VARI</strong></span> <span class='ocrx_word' id='word_1_801' title='bbox 1918 5396 1981 5452; x_wconf 71' lang='grc' dir='ltr'><strong>[Ε</strong></span> <span class='ocrx_word' id='word_1_802' title='bbox 2019 5394 2432 5453; x_wconf 87' lang='lat' dir='ltr'><strong>LECTIONES.</strong></span> 
     </span>
    </p>
   </div>
   <div class='ocr_carea' id='block_1_107' title="bbox 442 5564 3783 5652">
    <p class='ocr_par' dir='ltr' id='par_1_107' title="bbox 442 5564 3783 5652">
     <span class='ocr_line' id='line_1_107' title="bbox 442 5564 3783 5652; baseline -0.001 -25"><span class='ocrx_word' id='word_1_803' title='bbox 442 5572 486 5652; x_wconf 66' lang='grc' dir='ltr'><strong>ξο</strong></span> <span class='ocrx_word' id='word_1_804' title='bbox 516 5572 811 5652; x_wconf 44' lang='lat' dir='ltr'><strong>Ecclegn,</strong></span> <span class='ocrx_word' id='word_1_805' title='bbox 848 5574 898 5629; x_wconf 92' lang='grc'>1.</span> <span class='ocrx_word' id='word_1_806' title='bbox 952 5570 1021 5652; x_wconf 44' lang='grc' dir='ltr'>,ει</span> <span class='ocrx_word' id='word_1_807' title='bbox 1056 5567 1255 5652; x_wconf 50' lang='lat' dir='ltr'><strong>iugali</strong></span> <span class='ocrx_word' id='word_1_808' title='bbox 1282 5568 1423 5652; x_wconf 42' lang='lat' dir='ltr'><strong>(sic).</strong></span> <span class='ocrx_word' id='word_1_809' title='bbox 1446 5570 1516 5652; x_wconf 55' lang='grc' dir='ltr'><strong>Οἐ</strong></span> <span class='ocrx_word' id='word_1_810' title='bbox 1589 5567 1776 5652; x_wconf 39' lang='grc' dir='ltr'><strong>ξ’·ὲγιρ</strong></span> <span class='ocrx_word' id='word_1_811' title='bbox 1806 5576 1991 5652; x_wconf 49' lang='lat' dir='ltr'><strong>Qu“:</strong></span> <span class='ocrx_word' id='word_1_812' title='bbox 2017 5573 2365 5652; x_wconf 68' lang='lat' dir='ltr'><strong>coB_inser_ui</strong></span> <span class='ocrx_word' id='word_1_813' title='bbox 2395 5570 2549 5652; x_wconf 40' lang='lat' dir='ltr'><strong>.c._0..</strong></span> <span class='ocrx_word' id='word_1_814' title='bbox 2623 5571 2681 5652; x_wconf 58' lang='grc' dir='ltr'><strong>’ξ</strong></span> <span class='ocrx_word' id='word_1_815' title='bbox 2699 5573 3092 5652; x_wconf 32' lang='lat' dir='ltr'><strong>Prima‘man.</strong></span> <span class='ocrx_word' id='word_1_816' title='bbox 3124 5570 3327 5652; x_wconf 87' lang='lat' dir='ltr'><strong>script.</strong></span> <span class='ocrx_word' id='word_1_817' title='bbox 3361 5570 3423 5625; x_wconf 90' lang='lat' dir='ltr'><strong>in</strong></span> <span class='ocrx_word' id='word_1_818' title='bbox 3451 5567 3495 5627; x_wconf 94' lang='grc' dir='ltr'><strong>Ο</strong></span> <span class='ocrx_word' id='word_1_819' title='bbox 3556 5564 3783 5652; x_wconf 51' lang='lat' dir='ltr'><strong>sill}qu</strong></span> 
     </span>
    </p>
   </div>
   <div class='ocr_carea' id='block_1_108' title="bbox 372 5639 3783 5727">
    <p class='ocr_par' dir='ltr' id='par_1_108' title="bbox 372 5639 3783 5727">
     <span class='ocr_line' id='line_1_108' title="bbox 372 5639 3783 5727; baseline 0.001 -32"><span class='ocrx_word' id='word_1_820' title='bbox 372 5639 459 5727; x_wconf 54' lang='lat' dir='ltr'><strong>Eni</strong></span> <span class='ocrx_word' id='word_1_821' title='bbox 488 5639 1054 5727; x_wconf 45' lang='grc' dir='ltr'>τούτῷ.ἐπεγνωξότα.</span> <span class='ocrx_word' id='word_1_822' title='bbox 1078 5714 1090 5727; x_wconf 46' lang='grc'><strong>1</strong></span> <span class='ocrx_word' id='word_1_823' title='bbox 1130 5643 1177 5727; x_wconf 61' lang='grc' dir='ltr'><strong>²ίξ</strong></span> <span class='ocrx_word' id='word_1_824' title='bbox 1204 5642 1441 5727; x_wconf 52' lang='lat' dir='ltr'><strong>Pgiusjl</strong></span> <span class='ocrx_word' id='word_1_825' title='bbox 1489 5642 1599 5727; x_wconf 64' lang='grc' dir='ltr'>ζωῇ</span> <span class='ocrx_word' id='word_1_826' title='bbox 1625 5639 1715 5727; x_wconf 39' lang='lat' dir='ltr'><strong>nin&#39;</strong></span> <span class='ocrx_word' id='word_1_827' title='bbox 1739 5644 1857 5727; x_wconf 35' lang='grc' dir='ltr'>Ο.-.</span> <span class='ocrx_word' id='word_1_828' title='bbox 1881 5646 1926 5681; x_wconf 78' lang='grc'><strong>³⁸</strong></span> <span class='ocrx_word' id='word_1_829' title='bbox 1949 5647 2054 5727; x_wconf 77' lang='lat' dir='ltr'><strong>_Ita</strong></span> <span class='ocrx_word' id='word_1_830' title='bbox 2201 5645 2347 5727; x_wconf 52' lang='lat' dir='ltr'><strong>c.“S,</strong></span> <span class='ocrx_word' id='word_1_831' title='bbox 2521 5640 2811 5727; x_wconf 53' lang='grc' dir='ltr'>ἑαυτῶνᾨ.</span> <span class='ocrx_word' id='word_1_832' title='bbox 2866 5646 2934 5727; x_wconf 42' lang='grc'><strong>⁸³⁷</strong></span> <span class='ocrx_word' id='word_1_833' title='bbox 2964 5646 3102 5727; x_wconf 44' lang='grc' dir='ltr'>ᾕρεε.</span> <span class='ocrx_word' id='word_1_834' title='bbox 3130 5639 3475 5727; x_wconf 59' lang='grc' dir='ltr'><strong>νομίσαντας⁵</strong></span> <span class='ocrx_word' id='word_1_835' title='bbox 3490 5639 3783 5727; x_wconf 49' lang='grc' dir='ltr'>θμοίάίξεθ</span> 
     </span>
    </p>
   </div>
   <div class='ocr_carea' id='block_1_109' title="bbox 372 5708 3780 5792">
    <p class='ocr_par' dir='ltr' id='par_1_109' title="bbox 372 5708 3780 5792">
     <span class='ocr_line' id='line_1_109' title="bbox 372 5708 3780 5792; baseline 0.002 -24"><span class='ocrx_word' id='word_1_836' title='bbox 372 5713 569 5792; x_wconf 64' lang='lat' dir='ltr'><strong>aliqua</strong></span> <span class='ocrx_word' id='word_1_837' title='bbox 595 5708 1534 5792; x_wconf 42' lang='grc' dir='ltr'>νὶεζειιῐίμκβυρρὶθ,ἐνεδρευθῆναι</span> <span class='ocrx_word' id='word_1_838' title='bbox 1563 5708 1689 5786; x_wconf 82' lang='lat' dir='ltr'><strong>(cfr.</strong></span> <span class='ocrx_word' id='word_1_839' title='bbox 1724 5733 1774 5773; x_wconf 80' lang='grc' dir='ltr'><strong>ο.</strong></span> <span class='ocrx_word' id='word_1_840' title='bbox 1805 5717 1863 5790; x_wconf 87' lang='lat'><strong>7)</strong></span> <span class='ocrx_word' id='word_1_841' title='bbox 1883 5717 1968 5775; x_wconf 91' lang='lat' dir='ltr'><strong>vel</strong></span> <span class='ocrx_word' id='word_1_842' title='bbox 1998 5717 2190 5776; x_wconf 90' lang='lat' dir='ltr'><strong>simile</strong></span> <span class='ocrx_word' id='word_1_843' title='bbox 2220 5708 2441 5788; x_wconf 81' lang='lat' dir='ltr'><strong>aliquid</strong></span> <span class='ocrx_word' id='word_1_844' title='bbox 2470 5715 2531 5773; x_wconf 89' lang='lat' dir='ltr'><strong>S.</strong></span> <span class='ocrx_word' id='word_1_845' title='bbox 2606 5717 2650 5753; x_wconf 74' lang='grc'>³⁸</span> <span class='ocrx_word' id='word_1_846' title='bbox 2680 5714 2827 5792; x_wconf 79' lang='grc' dir='ltr'>εὕροι</span> <span class='ocrx_word' id='word_1_847' title='bbox 2858 5718 2917 5775; x_wconf 94' lang='lat' dir='ltr'><strong>C.</strong></span> <span class='ocrx_word' id='word_1_848' title='bbox 2994 5718 3041 5755; x_wconf 67' lang='lat'><strong>3°</strong></span> <span class='ocrx_word' id='word_1_849' title='bbox 3071 5708 3281 5791; x_wconf 82' lang='grc' dir='ltr'>ὁμοίως</span> <span class='ocrx_word' id='word_1_850' title='bbox 3320 5711 3395 5777; x_wconf 85' lang='grc' dir='ltr'><strong>ὡς</strong></span> <span class='ocrx_word' id='word_1_851' title='bbox 3424 5709 3476 5784; x_wconf 80' lang='grc' dir='ltr'>ἐξ</span> <span class='ocrx_word' id='word_1_852' title='bbox 3506 5710 3780 5790; x_wconf 83' lang='grc' dir='ltr'>ἀγνωσίας</span> 
     </span>
    </p>
   </div>
   <div class='ocr_carea' id='block_1_110' title="bbox 372 5778 1342 5859">
    <p class='ocr_par' dir='ltr' id='par_1_110' title="bbox 372 5778 1342 5859">
     <span class='ocr_line' id='line_1_110' title="bbox 372 5778 1342 5859; baseline 0.007 -24"><span class='ocrx_word' id='word_1_853' title='bbox 372 5778 517 5859; x_wconf 78' lang='grc' dir='ltr'>ἔχεῖν</span> <span class='ocrx_word' id='word_1_854' title='bbox 549 5784 635 5842; x_wconf 87' lang='grc' dir='ltr'><strong>ἐπ.</strong></span> <span class='ocrx_word' id='word_1_855' title='bbox 667 5788 729 5846; x_wconf 83' lang='lat' dir='ltr'><strong>G.</strong></span> <span class='ocrx_word' id='word_1_856' title='bbox 804 5788 851 5828; x_wconf 71' lang='grc'><strong>³⁸</strong></span> <span class='ocrx_word' id='word_1_857' title='bbox 880 5778 1105 5842; x_wconf 67' lang='grc' dir='ltr'>δυνάτ’όν</span> <span class='ocrx_word' id='word_1_858' title='bbox 1139 5782 1249 5841; x_wconf 82' lang='grc' dir='ltr'>ἐστι</span> <span class='ocrx_word' id='word_1_859' title='bbox 1276 5778 1342 5842; x_wconf 79' lang='grc' dir='ltr'>Ο.</span> 
     </span>
    </p>
   </div>
  </div>
