4116 6224
328 388 410 453 83
1159 386 1227 450 S.
1272 386 1716 450 CLEMENTIS
1761 385 1786 449 Ι
1832 385 2025 449 ROM.
2069 384 2304 448 PONT.
2351 386 2616 448 OPERA
2654 385 2919 450 DUBIA.
3670 386 3752 445 84

332 520 698 579 divinitatem
751 516 995 591 spiritus
1021 533 1147 590 quis
1197 518 1259 575 in
1306 518 1434 591 ipso
1485 518 1702 591 existit,
1737 516 1788 574 si
1845 517 1977 590 quis

2123 515 2155 570 ἴὶ
2200 519 2280 588 τῷ
2324 515 2629 593 πρόγνωσιν
2677 511 2863 592 ἔχοντι
2912 512 3001 571 διὰ
3043 516 3143 584 τὴν
3179 514 3230 570 ἐν
3272 512 3419 587 αὐτῷ
3447 517 3544 570 τοῖ’)
3590 513 3751 570 πνεό-

334 610 480 668 nolit
509 609 627 665 veri
656 607 1047 681 cognitionem
1087 607 1362 677 tribuere,
1396 611 1451 663 et
1496 624 1624 664 eam
1660 607 1823 664 alteri
1857 605 1982 663 cui-

2099 625 2265 677 ματος
2323 605 2597 679 θειότητα,
2628 607 2691 660 τὸ
2752 604 2955 676 ἀληθὲς
3015 602 3211 660 εἰδέναι
3274 605 3349 678 μὴ
3411 601 3618 659 διδόναι
3667 625 3750 667 τις

336 701 494 773 piam
524 698 719 767 tradit,
754 714 948 753 nonne
992 697 1204 753 mentis
1235 697 1405 769 inops
1437 702 1546 766 est,
1580 697 1680 768 qui
1730 696 1987 752 ascribat

2123 690 2269 763 πέλοι,
2311 695 2419 749 τινὶ
2468 696 2634 769 ἒτὲρῳ
2677 692 2803 757 δοὺς
2852 691 3069 767 εἰδέναι,
3124 694 3224 749 οὐκ
3270 690 3457 762 ἐνδεὴς
3519 692 3754 770 ὑπάρχει

340 805 455 845 non
505 786 797 860 prophetas
855 786 1163 842 scientiam
1213 802 1390 860 quam
1452 786 1641 842 noluit
1694 785 1988 858 propheta:

2123 786 2326 856 ›ρενῶν,
2376 780 2738 845 ἀποδεδωκὼς
2805 787 2885 855 τῷ
2954 784 3031 857 μὴ
3089 784 3345 861 προφήτῃ
3392 782 3427 836 a
3496 785 3754 860 προφήτῃ

342 878 659 934 concedere
681 875 709 930 ?

414 966 505 1023 ΧΙ.
540 968 728 1031 Quare
759 968 890 1021 ante
923 965 1195 1020 universa
1214 964 1372 1021 omni
1389 963 1613 1036 judicio
1645 967 1870 1036 oportet
1891 978 1995 1036 per

348 1054 750 1129 propheticam
797 1053 1251 1124 promissionem
1300 1053 1645 1126 prophetam
1696 1067 1991 1125 quaerere;

2100 868 2295 927 εῗδὲναι
2331 868 2516 927 δοῦναι
2547 871 2646 927 οὐκ
2677 866 2996 942 ἐϐουλήθης

2175 966 2266 1033 XI,
2297 962 2448 1016 ’Ὀθεν
2501 962 2608 1037 πρὸ
2654 962 2871 1016 πάντων
2918 962 3063 1035 πάσῃ
3110 959 3283 1034 κρίσει
3333 958 3422 1015 διὰ
3466 960 3568 1030 τῆς
3616 979 3762 1037 προ-

2105 1056 2341 1128 φητικῆς
2389 1048 2713 1126 ἐπαγγελίας
2761 1051 2851 1105 τὸν
2902 1052 2945 1087 ‘3
2974 1051 3264 1127 προφήτην
3319 1054 3494 1120 ζητεῖν
3538 1047 3638 1122 δεῖ,
3670 1048 3762 1103 καὶ

351 1159 536 1214 eoque
585 1141 818 1213 cognito
849 1141 1092 1214 reliquis
1139 1142 1414 1198 doctrinae
1447 1143 1577 1212 ejus
1624 1140 1996 1197 sermonibus

2123 1138 2316 1215 γνόντα,
2347 1145 2463 1202 τοῖς
2514 1137 2733 1202 λοιποῖς
2780 1146 2881 1210 τῆς
2937 1136 3288 1201 διδασκαλίας
3344 1138 3508 1194 αὐτοῦ
3574 1137 3765 1214 λόγοις

354 1232 649 1289 adhaerere
692 1230 820 1287 sine
851 1228 971 1285 ulla
1020 1229 1399 1300 dubitatione,
1432 1233 1606 1302 atque
1652 1227 1999 1285 confidendo

356 1321 429 1375 de
460 1319 630 1375 bonis
662 1335 787 1391 quas
835 1321 1165 1390 sperantur,
1189 1319 1362 1390 juxta
1402 1317 1662 1391 primum
1706 1315 2000 1390 judicium

357 1409 548 1465 vivere
573 1425 586 1477 ;
616 1406 850 1464 sciendo
874 1406 1159 1477 videlicet,
1179 1409 1335 1480 quod
1368 1408 1466 1480 qui
1498 1423 1565 1463 ea
1595 1407 1772 1464 verba
1801 1408 2002 1478 protu-

356 1496 446 1568 lit,
476 1497 558 1552 ita
587 1499 797 1552 natura
827 1500 1200 1568 comparatus
1230 1500 1339 1567 est,
1370 1501 1437 1552 ut
1462 1495 1696 1552 mentiri
1728 1498 2001 1566 nequeat.

357 1586 750 1653 Quamobrem
800 1584 850 1641 si
879 1586 950 1640 de
1000 1588 1204 1641 caetero
1237 1584 1459 1657 aliquid
1491 1585 1564 1641 ab
1596 1601 1662 1641 eo
1713 1585 2003 1639 dictorum

359 1674 529 1730 nobis
555 1690 670 1730 non
702 1678 855 1730 recte
886 1673 1105 1730 dictum
1133 1674 1417 1747 videatur,
1450 1674 1599 1731 scire
1627 1677 1868 1742 ooortet,
1889 1689 2005 1729 non

358 1762 431 1819 ab
462 1778 528 1819 eo
572 1779 746 1835 prave
798 1762 1019 1818 dictum
1067 1778 1214 1833 esse,
1243 1764 1345 1819 sed
1390 1779 1498 1819 nos
1547 1763 1604 1818 id
1655 1761 1810 1834 quod
1860 1761 2007 1817 bene

357 1851 578 1907 dictum
628 1854 768 1919 erat,
803 1868 919 1907 non
950 1850 1326 1908 intellexisse.
1382 1853 1581 1924 Neque
1628 1852 1784 1907 enim
1837 1851 2006 1924 igno-

355 1939 547 1996 rantia
591 1944 744 1997 recte
809 1940 1199 2012 cognitionem
1266 1941 1608 2012 dijudicat:
1661 1939 1834 1995 sicuti
1901 1955 2005 1995 nec

357 2028 603 2085 scientia
630 2044 764 2085 vere
809 2032 969 2101 potst
987 2029 1256 2099 judicare
1305 2029 1771 2102 praescientiam;
1804 2044 2003 2084 verum

356 2116 718 2190 praescientia
746 2117 1154 2190 ignorantibus
1183 2117 1391 2174 tribuit
1420 2118 1755 2174 scientiam.

427 2205 547 2262 XII.
579 2205 878 2275 Quocirca,
912 2206 1097 2263 amice
1128 2206 1419 2274 Clemens,
1453 2206 1501 2263 si
1536 2224 1663 2279 quae
1695 2206 1767 2261 ad
1820 2204 2005 2261 Deum

356 2295 653 2369 pertinent
681 2311 1029 2368 cognoscere
1078 2295 1345 2368 cupis,ab
1380 2296 1492 2352 isto
1547 2296 1671 2351 solo
1702 2298 1867 2368 potes
1917 2295 2005 2350 di-

363 2399 545 2452 scere,
589 2383 728 2457 quia
756 2383 917 2441 solus
966 2385 1125 2439 novit
1173 2385 1497 2441 veritatem.
1540 2384 1801 2441 Aliorum
1849 2383 2005 2440 enim

363 2472 415 2530 si
441 2472 575 2544 quis
600 2472 823 2544 aliquid
854 2473 1174 2545 cognoscit,
1208 2472 1280 2529 ab
1310 2489 1399 2539 eo,
1431 2476 1535 2528 aut
1564 2474 1636 2529 ab
1668 2473 1797 2544 ejus
1830 2472 2006 2527 disci-

362 2560 519 2635 pulis
547 2561 828 2617 traditum
856 2562 1096 2632 accepit.
1114 2562 1217 2618 Est
1244 2565 1440 2618 autem
1472 2563 1599 2633 ejus
1630 2560 1921 2617 sententia
1952 2564 2010 2615 et

361 2666 500 2707 vera
526 2649 861 2724 praedicatio
893 2667 907 2706 :
940 2654 1122 2706 Deum
1155 2667 1339 2706 unum
1371 2667 1519 2721 esse,
1543 2651 1712 2721 cujus
1744 2649 2002 2704 mundus

361 2754 510 2810 opus
556 2741 664 2806 est,
692 2737 911 2811 quique
949 2739 1150 2809 justus
1200 2755 1334 2794 cum
1361 2738 1459 2809 sit,
1503 2738 1818 2811 aliquando
1850 2742 2002 2793 certe

361 2826 682 2900 unicuique
712 2843 816 2899 pro
846 2827 1176 2884 actionibus
1206 2828 1509 2885 retribuet.

431 2915 580 2973 XIII.
632 2915 879 2973 Necesse
927 2916 1142 2990 quippe
1182 2921 1273 2973 est
1302 2922 1368 2973 ut
1415 2917 1516 2989 qui
1566 2916 1776 2973 asserit
1821 2914 2007 2972 Deum

359 3009 575 3063 natura
599 3004 838 3061 omnino
868 3022 996 3061 esse
1013 3006 1451 3076 justum,etiam
1483 3006 1682 3063 credat
1708 3005 2007 3061 immorta-

365 3092 451 3152 les
480 3110 608 3150 esse
636 3094 943 3150 hominum
976 3096 1224 3152 animas.
1259 3096 1546 3162 Quoniam
1575 3095 1675 3151 ubi
1696 3095 1808 3151 erit
1827 3095 2001 3165 justi-

2110 1224 2493 1290 ἀνενδοιάστως
2544 1224 2787 1298 ἕπεσθαι,
2817 1228 2908 1283 καὶ
2958 1226 3261 1305 θαρροῦντα
3288 1230 3413 1302 περί
3451 1231 3560 1283 τῶν
3609 1226 3767 1283 ἔλπι-

2114 1313 2375 1389 ζομὲνων,
2428 1315 2808 1373 πολιτεύεσθαι
2880 1320 2949 1391 τῇ
3024 1316 3215 1393 πρώτῃ
3289 1315 3485 1393 κρίσει,
3571 1315 3773 1391 γνόντα

2113 1401 2204 1459 οὖν
2233 1406 2301 1474 ⁴⁹,
2335 1404 2418 1461 ὅτι
2467 1406 2496 1460 6
2545 1409 2714 1461 ταῦτα
2762 1404 2928 1461 εἰπὼν
2969 1404 3106 1481 πρὸς
3154 1403 3218 1459 τὸ
3268 1403 3560 1478 ψεύσασθαι
3611 1402 3767 1482 φύσιν

2113 1492 2211 1549 οὐκ
2239 1491 2376 1569 ἔχει.
2410 1494 2524 1568 Διὸ,
2558 1492 2646 1550 ἐάν
2675 1515 2728 1550 τι
2753 1496 2850 1549 τοῦ
2880 1491 3083 1549 λοιποῦ
3113 1497 3221 1549 τῶν
3254 1493 3341 1548 ὑπ’
3371 1492 3536 1548 αὐτοῦ
3579 1491 3769 1569 ῥηθὲν-

2110 1602 2219 1637 των
2271 1579 2406 1657 δοκῇ
2453 1584 2590 1657 ἡμῖν
2635 1584 2680 1620 ⁸ο
2732 1584 2806 1656 μή
2862 1580 3043 1644 καλῶς
3097 1580 3366 1657 εἰρῆσθαι,
3412 1578 3608 1636 εἰδέναι
3654 1581 3768 1657 χρή

2113 1668 2196 1726 ὅτι
2256 1669 2354 1726 οὐκ
2417 1670 2566 1744 αὐτῷ
2613 1672 2655 1709 ⁵¹
2710 1668 2922 1747 εἷ’ρηται
2982 1674 3183 1738 κακῶς,
3232 1669 3362 1726 ἀλλ’
3410 1668 3540 1725 αὐτὸ
3606 1672 3773 1742 ἡμεῖς

2115 1757 2299 1822 καλῶς
2331 1754 2457 1837 ἔχον
2512 1759 2610 1815 οὐκ
2659 1758 2979 1833 ἐνοήσαμεν.
3014 1762 3245 1835 Ἄγνοιά
3284 1758 3385 1834 γὰρ
3432 1762 3633 1835 γνῶσιν
3675 1755 3774 1812 οὐκ

2123 1847 2301 1925 ὀρθῶς
2330 1848 2520 1923 κρίνει,
2553 1849 2645 1904 ἅτε
2677 1846 2743 1918 δὴ
2777 1844 2901 1903 οὔτε
2928 1852 3128 1924 γνῶσις
3181 1847 3489 1923 πρόγνωσιν
3550 1844 3773 1915 ἀληθῶς

2113 1936 2313 2013 κρίνειν
2357 1935 2612 2015 πέφυκεν⁹
2657 1935 2786 1992 ἀλΛ⁹
2814 1939 2861 1975 ⁸³
2909 1938 2945 2006 ἡ
2988 1936 3302 2011 πρόγνωσις
3349 1940 3466 1998 τοῖς
3517 1936 3776 2011 ἀγνοοῦσι

2114 2025 2345 2103 παρέχει
2375 2026 2475 2097 τήν
2505 2030 2729 2103 γνῶσιν.

2183 2210 2299 2262 XII.
2333 2206 2509 2274 Ὅθεν,
2540 2205 2586 2259 ὦ
2612 2201 2739 2283 φίλε
2768 2202 3023 2278 Κλήμῃς,
3057 2200 3165 2279 εἷ’γε
3192 2202 3259 2258 τὰ
3293 2207 3375 2276 τῷ
3422 2206 3540 2275 Θεῷ
3590 2199 3777 2280 διαφὲ-

2116 2314 2277 2371 ροντα
2304 2298 2505 2371 γνῶναι
2537 2293 2711 2358 θέλεις
2739 2296 2805 2364 ⁸³,
2839 2297 2935 2353 51
2973 2294 3118 2370 παρὰ
3143 2291 3340 2348 τούτου
3375 2288 3539 2367 μόνου
3582 2293 3769 2365 μαθεῖν

2116 2380 2287 2460 ἔχεις,
2315 2382 2399 2438 ὅτι
2454 2382 2620 2456 μόνος
2666 2380 2778 2439 οἶδε
2824 2383 2925 2452 τὴν
2973 2381 3255 2454 ἀλήθειαν.
3285 2386 3399 2437 Τῶν
3441 2382 3547 2457 γάρ
3580 2377 3769 2435 ἄλλων

2115 2468 2169 2527 εἷ’
2212 2492 2297 2534 τις
2343 2469 2619 2529 ἐπίσταταί
2663 2492 2739 2541 τι,
2770 2472 2918 2546 παρὰ
2943 2470 3161 2538 τούτου,
3194 2470 3229 2541 ἢ
3260 2475 3365 2525 τῶν
3413 2468 3615 2526 τούτου
3668 2488 3773 2541 μα-

2119 2564 2298 2632 θητῶν
2330 2556 2513 2617 λαϐὼν
2548 2557 2685 2637 ἔχει.
2726 2562 2880 2617 Ἔστι
2913 2559 2971 2616 δὲ
3000 2563 3045 2597 ⁸⁴
3073 2559 3238 2615 αὐτοῦ
3285 2554 3349 2615 τό
3394 2581 3453 2615 τε
3505 2556 3769 2634 βούλημα

2118 2649 2208 2706 καὶ
2240 2649 2442 2722 ἀληθὲς
2472 2652 2749 2727 κήρυγμα,
2782 2647 2885 2706 ὅτι’
2916 2651 2993 2713 εἷς
3033 2649 3181 2722 Θεὸς,
3215 2650 3278 2705 οὗ
3328 2648 3535 2722 κόσμος
3585 2647 3765 2724 ἔργον,

2121 2739 2203 2813 ὃς,
2253 2736 2459 2801 δίκαιος
2511 2737 2603 2810 ὢν,
2652 2738 2869 2803 πάντως
2935 2737 3142 2813 ἑκάστῳ
3205 2738 3344 2815 πρὸς
3410 2737 3507 2801 τὰς
3552 2736 3771 2814 πράξεις

2119 2827 2390 2884 ἀποδώσει
2421 2830 2573 2885 ποτε.

2186 2921 2329 2974 XIII.
2370 2920 2608 2991 Ἀνάγκη
2683 2917 2809 2993 γὰρ,
2858 2918 3003 2991 πάσῃ
3063 2913 3217 2994 φύσει
3265 2916 3310 2951 ⁸⁸
3358 2911 3562 2969 δίκαιον
3635 2912 3769 2968 εἶναι

2116 3003 2346 3081 λέγοντα
2390 3003 2481 3061 τὸν
2531 3005 2684 3076 Θεὸν,
2714 3004 2807 3060 καὶ
2847 3005 2944 3068 τὰς
2993 3004 3295 3079 ἀνθρώπων
3337 3003 3519 3079 ψυχὰς
3573 3000 3768 3057 ἀθανάσ

2110 3114 2239 3157 τους
2271 3093 2403 3149 εἶναι
2441 3093 2728 3153 πιστεύειν.
2763 3093 2934 3165 Ἐπεὶ,
2966 3097 3070 3148 ποῦ
3118 3094 3180 3148 τὸ
3229 3095 3275 3129 ⁸⁸
3327 3090 3532 3147 δίκαιον
3579 3090 3767 3163 αὐτοῦ,

362 3181 445 3239 tia
475 3183 872 3254 ejus,quando
897 3183 1240 3257 aliqui,cum
1273 3183 1364 3257 pie
1386 3184 1686 3251 vixissent,
1709 3183 2002 3240 interdum

2123 3182 2250 3239 ἕπου
2287 3184 2449 3253 τινες,
2483 3178 2717 3245 εὐσεϐῶς
2774 3184 3088 3260 βιώσαντες,
3118 3181 3551 3258 κακουχηθέντες
3601 3177 3773 3235 ἐνίοτε

363 3270 516 3328 male
545 3271 727 3327 habiti
760 3289 862 3345 per
893 3274 1008 3332 vim
1039 3292 1070 3330 e
1100 3274 1290 3331 medio
1321 3273 1537 3330 sublati
1570 3278 1731 3344 sunt,
1765 3271 2005 3346 quidam

2123 3271 2311 3348 βιαίως
2348 3272 2694 3347 ἀνῃρέθησαν,
2729 3258 2862 3326 ἔνιοι
2913 3269 2992 3342 δὲ,
3024 3265 3235 3333 ἀσεϐεῖς
3282 3271 3421 3325 πάνυ
3468 3271 3774 3346 γεγενημέ-

364 3361 629 3429 vero,ubi
658 3361 899 3418 omnino
931 3362 1098 3435 impii
1129 3363 1653 3434 extitissent,atque
1684 3362 1812 3418 vitae
1845 3362 2005 3417 luxui

371 3466 437 3505 ac
456 3448 682 3505 deliciis
715 3450 1122 3520 indulsissent,
1144 3451 1443 3507 communi
1474 3454 1670 3507 tamen
1701 3450 2008 3507 hominum

366 3542 553 3595 morte
584 3539 857 3596 obierunt
878 3540 1401 3613 7Quandoquidem
1432 3541 1861 3614 igitur,absque
1893 3539 2013 3599 ulla

364 3626 844 3696 contradictione,
878 3630 1055 3695 Deus,
1089 3630 1277 3687 bonus
1305 3646 1436 3686 cum
1470 3630 1568 3698 sit,
1593 3630 1797 3702 justus
1834 3629 2009 3685 etiam

364 3721 583 3782 est,nec
615 3716 849 3772 aliunde
865 3720 1070 3790 justus
1095 3736 1224 3775 esse
1254 3718 1778 3792 cognoscetur,nisi
1810 3718 2011 3774 anima

367 3810 499 3877 post
545 3807 979 3878 separationem
1028 3825 1062 3863 a
1110 3824 1351 3880 corpore
1400 3809 1482 3863 sit
1528 3806 1897 3877 immortalis,
1949 3810 2014 3862 ut

368 3890 557 3949 malus
610 3894 869 3965 quidem,
902 3895 961 3950 in
1011 3895 1239 3951 inferno
1287 3895 1538 3968 positus,
1580 3901 1862 3967 tanquam
1912 3894 2011 3967 qui

366 3980 462 4037 hic
492 3982 646 4038 bona
675 3984 975 4055 receperit,
1010 3984 1088 4039 ibi
1123 4002 1226 4057 pro
1259 3985 1332 4040 iis
1359 4002 1485 4057 quae
1516 3983 1786 4056 deliquit.
1806 3985 2011 4055 punia-

364 4075 482 4141 tur,
514 4072 703 4128 bonus
735 4077 953 4142 autem,
984 4073 1080 4128 hic
1113 4090 1214 4146 pro
1247 4073 1475 4129 delictis
1522 4073 1862 4146 castigatus,
1894 4072 2013 4129 illic

365 4160 532 4232 quasi
566 4160 624 4215 in
656 4160 790 4216 sinu
813 4161 1116 4231 justorum
1149 4162 1545 4218 constituatur
1574 4161 1866 4218 honorum
1895 4162 2013 4217 hai-

368 4263 483 4303 res.
517 4249 800 4315 Quoniam
833 4249 1013 4323 igitur
1046 4252 1195 4306 Deus
1212 4252 1415 4322 justus
1461 4254 1571 4320 est,
1605 4256 1837 4307 constat
1865 4252 2018 4308 inter

370 4351 501 4404 nos,
544 4336 837 4409 judicium
890 4354 1123 4411 quoque
1171 4339 1312 4411 fore,
1345 4342 1403 4395 et
1449 4339 1682 4397 animas
1729 4355 1857 4397 esse
1907 4340 2017 4396 im-

373 4423 671 4481 mortales.

446 4511 586 4568 XIV.
621 4512 681 4569 Si
702 4514 836 4586 quis
858 4531 1009 4585 vero,
1028 4516 1528 4587 quemadmodum
1559 4516 1783 4573 Simoni
1816 4517 2018 4574 Sama-

376 4600 565 4657 ritano
596 4601 928 4674 placet,Deo
952 4606 1186 4676 justum
1217 4621 1345 4662 esse
1373 4605 1520 4661 nolit
1556 4607 1893 4673 concedere,
1925 4606 2017 4662 cui

2114 3382 2222 3432 νοι,
2285 3360 2336 3416 ἐν
2399 3358 2729 3433 πολυτελείᾳ
2793 3360 2912 3437 βίου
2979 3362 3370 3438 τρυφήσαντες,
3434 3360 3524 3414 τὸν
3591 3358 3773 3414 κοινὸν

2117 3448 2414 3527 ἀνθρώπων
2482 3448 2704 3504 θάνατον
2767 3446 3163 3519 ἐτελεύτησαν;
3213 3448 3363 3502 Ἐπεὶ
3431 3444 3521 3503 οὖν
3588 3446 3770 3523 χωρὶς

2117 3540 2295 3609 πάσης
2336 3538 2642 3616 ἂντιλογίας
2700 3539 2728 3593 6
2789 3538 2919 3601 Θεὸς
2977 3538 3174 3612 ἀγαθὸς
3248 3534 3321 3591 ὢν
3388 3537 3478 3592 καὶ
3555 3533 3769 3599 δίκαιός

2117 3628 2277 3698 ἐστιν,
2309 3627 2406 3683 οὐκ
2436 3626 2623 3689 ἄλλως
2655 3624 2716 3681 δὲ
2746 3627 2951 3689 δίκαιος
2981 3627 3114 3682 εἶναι
3147 3627 3539 3701 γνωσθήσεται,
3569 3624 3656 3680 ἐὰν
3697 3625 3774 3699 μὴ

2118 3720 2154 3788 ἡ
2188 3718 2339 3792 ψυχὴ
2377 3717 2511 3790 μετά
2537 3717 2628 3771 τὸν
2657 3716 2942 3793 χωρισμὸν
2972 3719 3070 3769 τοῦ
3118 3715 3373 3788 σώματος
3422 3713 3677 3775 ἀθάνατος
3710 3712 3772 3788 ᾖ,

2113 3803 2185 3861 ’ἶν’
2214 3807 2243 3861 6
2274 3807 2367 3879 μὶν
2411 3808 2454 3842 ⁵⁷
2483 3806 2666 3874 κακὸς,
2721 3804 2774 3861 ἐν
2824 3800 2926 3876 ᾇδη
2976 3803 3285 3881 γενόμενος,
3318 3803 3393 3865 ὡς
3444 3801 3666 3858 ἐνταῦθα
3709 3801 3781 3857 τὰ

2120 3895 2295 3971 ἀγαθᾶ
2341 3890 2660 3964 ἀπολαϐὼν,
2710 3893 2821 3950 ἐκεῖ
2866 3893 2991 3967 περὶ
3040 3895 3115 3948 ὧν
3174 3892 3387 3967 ἥμαρτε
3432 3890 3700 3967 κολασθῇ,
3748 3892 3779 3945 6

2123 3982 2180 4039 δὲ
2229 3984 2448 4060 ἀγαθὸς,
2479 3982 2704 4047 ἐνταῦθα
2752 3983 2878 4059 περὶ
2924 3983 2997 4037 ὦν
3048 3981 3262 4057 ἥμαρτε
3307 3979 3615 4050 κολασθεὶς,
3669 3979 3783 4035 ἐκεῖ

2123 4072 2195 4135 ὡς
2244 4071 2296 4127 ἐν
2345 4072 2577 4135 κόλποις
2626 4069 2874 4145 δικαίων,
2925 4072 3136 4148 ἀγαθῶν
3189 4072 3233 4107 ⁸⁸
3273 4068 3627 4145 κληρονόμος
3675 4090 3778 4124 κα-

2120 4165 2310 4235 ταστῇ.
2356 4164 2474 4216 ’Ότι
2522 4160 2702 4215 τοίνυν
2746 4162 2775 4216 6
2824 4161 2952 4224 Θεὸς
3012 4157 3237 4231 δίκαιος,
3286 4156 3569 4235 πρόδηλον
3640 4160 3776 4231 ἡμῖν

2125 4249 2266 4306 ἐστιν
2314 4249 2396 4306 ὅτι
2445 4248 2534 4305 καὶ
2577 4249 2754 4328 κρίσις
2802 4251 2849 4288 ⁸³
2889 4249 3094 4326 γίνεται
3145 4248 3237 4305 καὶ
3284 4245 3459 4324 ψυχαὶ
3524 4247 3781 4303 ἀθάνατοι

2122 4341 2511 4417 τυγχάνουσιν.

2196 4518 2337 4575 XIV.
2368 4517 2431 4572 Εἰ
2485 4515 2543 4574 δέ
2590 4536 2697 4590 τις,
2729 4516 2803 4580 ὡς
2846 4514 2929 4590 τῷ
2973 4519 3219 4591 Σαμαρεῖ
3249 4511 3455 4587 Σίμωνι
3507 4510 3679 4585 δοκεῖ,
3717 4513 3783 4568 τὸ

2052 4631 2096 4696 D
2128 4604 2320 4680 δικαίῳ
2362 4607 2495 4663 εἶναι
2548 4609 2594 4644 ⁸ο
2635 4610 2750 4679 Θεῷ
2798 4608 2899 4667 52
2949 4606 3025 4679 μή
3076 4604 3226 4659 θέλοι
3279 4600 3652 4696 δοῦναι--.τίνι
3703 4599 3783 4657 ἔτι

367 4689 497 4761 jam
528 4689 785 4746 tribuere
828 4697 1020 4763 potest
1049 4697 1115 4749 ut
1136 4694 1340 4764 justus
1388 4694 1485 4765 sit,
1516 4694 1603 4751 vel
1634 4711 1762 4752 esse
1789 4695 2006 4767 possit?

2126 4700 2287 4752 τοῦτο
2317 4698 2360 4734 ⁶¹
2395 4694 2573 4752 δοῦναι
2608 4693 2848 4763 δύναται,
2879 4696 2915 4764 ἢ
2948 4693 3037 4749 καὶ
3076 4694 3138 4747 τὸ
3190 4693 3436 4768 γενέσθαι
3484 4689 3737 4747 δύνασθαι
3765 4708 3783 4761 ;

379 4777 526 4835 Nam
558 4778 608 4834 si
656 4778 715 4835 id
765 4788 1109 4838 cunctorum
1159 4783 1324 4839 radix
1366 4800 1482 4840 non
1531 4783 1727 4857 habet,
1779 4801 2006 4854 prorsui

2126 4788 2239 4856 Τῆς
2271 4784 2374 4861 γὰρ
2409 4784 2563 4861 ῥίζης
2587 4788 2696 4842 τῶν
2738 4782 2884 4841 ὅλων
2932 4787 3093 4839 τοῦτο
3144 4782 3244 4839 οὐκ
3283 4779 3545 4857 ἐχούσης,
3576 4778 3782 4856 ἀνάγκη

1724 4944 1965 5002 VARI/ﬁ
2003 4945 2413 5004 LECTIONES.

445 5061 493 5105 ³³
521 5059 584 5115 τό
614 5065 680 5119 Ο.
758 5063 802 5100 ⁸⁸
829 5062 1039 5138 γνόντα,
1102 5064 1194 5120 οὗν
1252 5065 1315 5136 C,
1373 5082 1444 5136 cu,

372 5147 624 5209 quocum
653 5134 781 5209 dedi
818 5134 1132 5209 μὴκαλῶς.
1171 5140 1337 5194 Deest
1371 5139 1444 5209 μή

372 5158 624 5202 quocum
653 5158 781 5190 ueni
818 5158 894 5206 μη
925 5158 1132 5198 κάλως.
1171 5158 1337 5194 uacet.
1412 5158 1444 5209 η

371 5206 554 5283 κακῶς
584 5205 738 5283 in_0,
782 5207 860 5283 3’
888 5204 1035 5283 ἀλλά
1202 5210 1248 5283 ξ³
1307 5158 1469 5283 θέλῃς

829 5062 1068 5143 γνόνταζ
1102 5064 1195 5143 οὖν
1252 5065 1325 5143 C,
1373 5068 1544 5143 cujus
1600 5068 1993 5143 conjecturam
2048 5067 2240 5143 γνόντα
2296 5065 2412 5135 οὖν,
2471 5065 2554 5124 ὅτι
2598 5068 2847 5143 exhibet
2898 5069 2983 5139 0;

1480 5156 1575 5213 ap.
1603 5136 1794 5213 GLqui
1832 5136 2137 5213 propterea
2167 5143 2555 5213 οοοῂκακῶς.
2580 5141 2628 5213 ,8
2659 5139 2721 5193 οὐ
2751 5136 2977 5213 καλῶς(
3029 5136 3080 5176 ’δι
3114 5136 3242 5213 aii-qi
3296 5142 3356 5213 φ.
3412 5137 3568 5213 _Tuim
3602 5136 3793 5213 rd_ee_st

1524 5206 1593 5287 CL
1650 5206 1851 5287 V‘f-Ita-
1877 5206 1958 5280 0;
1995 5229 2082 5287 c.__
2098 5213 2183 5287 SL,
2230 5206 2294 5267 τὲ
2447 5213 2498 5287 ξι
2530 5212 2635 5287 γᾲρ
2666 5210 2989 5287 πᾶσα,ιρῦσει
3110 5283 3117 5287 _
3160 5211 3336 5287 563306
3363 5206 3426 5261 τό
3482 5212 3616 5287 et
3638 5209 3787 5287 Ερίς.

3014 5066 3207 5142 γνόντα
3230 5067 3320 5142 ,ὃτι
3352 5066 3462 5142 S._
3486 5064 3532 5102 ⁸ο
3563 5062 3689 5142 ὑμῖν
3719 5066 3790 5142 Ο,

375 5291 425 5356 (ᾗ.
458 5276 549 5342 23,
568 5279 740 5356 ,τουτο
867 5279 978 5356 Cir.
1009 5281 1373 5356 etiamhom.
1408 5276 1492 5349 in,
1527 5282 1593 5356 I7
1623 5276 1962 5356 subfinem.
2039 5284 2083 5319 ⁸⁷
2135 5276 2227 5337 τινα
2288 5281 2381 5355 μὲν
2438 5284 2500 5351 C,
2533 5276 2648 5356 θίνά
2702 5276 2876 5356 μὶψδ
2919 5284 2975 5356 _S
3025 5283 3162 5356 D_ciu
3215 5277 3328 5356 ἆδει
3360 5287 3425 5349 0,
3502 5281 3544 5314 ⁵⁸
3574 5276 3789 5356 Qadd.

376 5345 451 5399 ὧν
483 5352 620 5403 ante
649 5346 682 5401 ἀ
723 5350 885 5405 αθῶν.
920 5351 1068 5406 Tum
1096 5349 1210 5405 ἐπεὶ
1242 5352 1420 5407 τοίνυν
1545 5350 1627 5407 ὅτι
1656 5352 1835 5408 τοίνυν
1867 5356 2014 5426 Epit.
2050 5371 2100 5410 c.
2131 5356 2223 5425 23,
2257 5345 2409 5426 quod
2447 5345 2611 5412 unice
2641 5345 2885 5411 rectum.
2918 5351 3068 5407 Ἐπεί
3110 5352 3366 5424 protasin
3411 5345 3691 5406 resumit.
3723 5350 3786 5406 S.

377 5418 423 5453 ⁵⁸
452 5416 655 5476 κρίσεις
825 5421 871 5456 ⁶⁰
897 5420 959 5474 τὸ
992 5418 1187 5476 δικαίω
1218 5422 1351 5476 εἶναι
1382 5424 1443 5476 C.
1474 5422 1536 5476 τὸ
1569 5421 1773 5476 δικαιον
1809 5424 1942 5476 εἶναι
1972 5428 2125 5476 Em’l.
2159 5444 2208 5476 c.
2242 5428 2330 5476 23-
2388 5427 2597 5476 Notum
2666 5431 2755 5476 est
2801 5426 2943 5476 illud
2992 5425 3266 5476 loauendi
3317 5439 3503 5476 genus
3553 5437 3624 5476 ex
3672 5436 3786 5476 usu

377 5418 423 5502 ES
452 5416 655 5502 κρίσεις

675 5418 750 5503 ,0.
825 5421 871 5456 ⁶⁰
897 5418 1187 5503 τὸιδικαίῳ
1218 5422 1351 5477 εἶναι
1382 5418 1536 5491 Οξτὸ
1565 5418 1943 5503 δΞιαιον-είναι
1972 5428 2125 5503 Epit.
2159 5418 2343 5503 23.
2388 5427 2599 5503 Notum
2666 5431 2755 5483 est
2797 5426 2943 5503 illud
2976 5418 3266 5503 loquendi
3317 5439 3503 5503 genus
3553 5437 3624 5477 ex
3672 5436 3791 5477 usu

381 5443 421 5453 --
452 5443 655 5502 κρισεις
686 5443 750 5476 υ.
825 5443 870 5456 νυ
897 5443 959 5474 το
992 5443 1187 5493 οικαιῳ
1218 5443 1351 5477 ειναι
1382 5443 1443 5491 υ,
1474 5443 1536 5477 το
1569 5443 1773 5478 οικαιον
1809 5443 1942 5479 ειναι
1972 5443 2125 5496 βριι.
2159 5444 2208 5483 c.
2242 5443 2331 5483 Ζδ.
2388 5443 2599 5483 Notum
2666 5443 2755 5483 est
2801 5443 2943 5482 uiua
2992 5443 3125 5551 loq‘u

381 5489 916 5570 Peripateticorum,
951 5495 1021 5548 de
1052 5510 1159 5564 quo
1185 5502 1582 5570 expssuerunt
1596 5497 2176 5570 :I‘rendelenburgius
2208 5498 2267 5570 in
2298 5501 2475 5554 Musca
2504 5498 2766 5555 Rhenano
2787 5498 2948 5566 4828,
2972 5496 3060 5551 in-
3103 5516 3125 5541 ο

3148 5497 3249 5550 457
3271 5511 3431 5565 seqq.
3456 5498 3603 5563 (quae
3626 5508 3790 5548 com-

384 5562 666 5639 mentatio
698 5562 979 5639 inscripta
1007 5562 1151 5639 est
1178 5562 1280 5622 Das
1325 5566 1387 5619 τὸ
1439 5564 1513 5619 ἐνὶ
1570 5566 1719 5638 εἶναι,
1749 5569 1812 5622 τὸ
1842 5567 2026 5639 ἆγαθῳ
2045 5562 2200 5622 "slva:
2224 5569 2314 5625 bez'
2368 5570 2696 5637 Aristoteles,
2729 5572 2817 5624 ein
2851 5562 3072 5637 Bcitrag
3127 5584 3229 5623 sur
3260 5562 3416 5639 ανὶὲῐ.
3450 5562 3789 5639 Regni/[she-

384 5635 689 5716 stimmunq
711 5635 823 5689 und
850 5651 951 5690 ταν
985 5637 1188 5708 griech,
1221 5639 1465 5763 Syngaxg
1488 5642 1545 5694 et
1568 5640 1640 5694 ad
1670 5635 1847 5696 Arist.
1880 5635 1953 5695 De
1982 5635 2156 5695 enim.
2193 5658 2249 5712 p.
2282 5641 2380 5695 471
2417 5657 2599 5725 seqq-2,
2632 5635 2843 5697 deinde
2871 5635 3062 5697 Waiti
3091 5641 3164 5696 ad
3192 5638 3372 5695 Arist.
3435 5635 3565 5707 Org.
3594 5635 3687 5705 67,
3720 5639 3781 5691 Ο.

387 5703 474 5758 12.
508 5705 647 5761 Vide
676 5707 828 5762 Infra
857 5705 1016 5763 hom.
1049 5725 1104 5763 ι.
1139 5709 1239 5763 19;
1272 5715 1385 5763 Θεω
1414 5727 1439 5762 ε
1461 5729 1565 5763 ναι.
1596 5726 1710 5763 xvx.
1745 5712 1851 5763 17:
1880 5709 2089 5763 ἀπείοω
2120 5710 2256 5763 εἶναι
2287 5714 2347 5763 S.
2420 5713 2464 5751 οι
2487 5709 2651 5763 τουτό
2678 5731 2764 5763 τις
2792 5710 2856 5763 C.

387 5703 474 5758 12.
508 5703 828 5762 νὶᾰεὶῑιΐη
857 5703 1016 5763 hami.
1049 5725 1104 5780 ι,
1139 5709 1205 5764 19
1225 5726 1239 5779 ;
1260 5703 1385 5782 ’Θεῷ
1414 5703 1565 5782 εἶναι,
1596 5726 1710 5779 xvx,
1745 5712 1851 5783 17;
1880 5709 2089 5786 ἀπείρῳ
2120 5703 2256 5767 εἷνάι
2287 5714 2347 5771 S.
2420 5713 2464 5751 ⁶¹
2487 5703 2651 5767 τὸὖῖτό
2678 5731 2764 5774 τις
2792 5710 2856 5769 C.
