4116 6224
263 390 349 449 85
1421 388 1953 451 CLEMENTINA.
1988 423 2064 434 -—
2095 390 2425 453 HOMILIA
2470 392 2549 453 ll.
3606 390 3684 453 86

268 524 416 571 πᾶσα
465 522 637 589 νοεῖν,
688 515 771 572 ὅτι
801 519 849 554 6³
893 521 965 592 τῇ
1014 520 1117 572 τῶν
1168 517 1471 593 ἀνθρώπων
1522 518 1674 594 φύσει
1741 519 1815 581 ὡς
1876 518 1919 575 ἐν

2044 538 2278 578 necesse
2308 527 2396 578 est
2425 524 2698 595 cogitare,
2732 522 2878 578 illud
2911 538 3143 595 quoque
3175 522 3233 579 in
3256 522 3503 579 hominu
3521 540 3699 579 mna-

269 611 505 680 καρποῖς
560 607 737 681 εὑρεῖν
796 604 1074 663 ἀδύνατον.
1130 606 1195 661 El
1265 605 1323 662 δὲ
1379 606 1521 662 ἔστιν
1554 611 1599 645 ⁸³
1657 607 1827 683 εὑρεῖν
1879 607 1929 663 ἐν

2043 615 2196 681 tura,
2230 616 2510 683 tanquam
2543 612 2601 666 in
2637 611 2922 667 fructibus
2954 628 3067 666 non
3101 628 3271 684 posse
3311 612 3569 683 reperiri.
3626 613 3685 669 Si

270 696 613 771 ἀνθρώποις,
640 694 799 769 πόσῳ
834 693 1049 769 μᾶλλον
1078 694 1128 750 ἐν
1151 700 1269 768 Θεῷ
1298 715 1312 765 ;
1345 695 1389 751 εἰ
1422 693 1479 751 δὲ
1509 693 1776 768 οὐδαμοῦ,
1810 696 1919 752 οὕτε

2040 704 2236 755 autem
2267 700 2601 756 inveniatur
2630 701 2687 755 in
2722 700 3082 765 hominibus,
3117 704 3335 771 quanto
3385 700 3574 771 magis
3622 701 3682 755 in

268 785 415 859 παρὰ
465 788 611 855 Θεῷ,
661 784 785 839 οὕτε
832 784 979 853 παρᾶ⁵
1036 785 1342 859 ἀνθρώποις
1410 783 1550 840 ἔστιν
1621 785 1790 860 εὑρεῖν
1865 784 1929 840 τὸ

268 872 507 943 δίκαιον,
539 874 752 935 πὲντως
786 871 911 928 οὐδὲ
938 873 1003 927 τὸ
1034 870 1240 929 ἄδικον.
1273 872 1427 930 Ἀλλ’
1468 870 1576 928 ἔστι
1604 874 1668 929 τὸ
1700 871 1926 931 δίκαιον.

263 962 633 1032 Δικαιοσύνης
688 964 791 1039 γὰρ
849 960 1018 1032 οὔσης
1062 963 1124 1017 τὸ
1172 960 1357 1017 ἄδικον
1389 965 1433 999 ⁸⁸
1481 961 1713 1039 λέγεται·
1747 961 1926 1038 ὥσπερ

260 1046 774 1125 παραϐαλλομένης
822 1057 925 1120 τῆς
974 1047 1324 1121 δικαιοσύνης
1384 1050 1521 1125 αὐτῇ
1551 1049 1640 1106 καὶ
1674 1050 1925 1113 ἐναντίως

258 1137 407 1214 ἔχειν
440 1140 865 1216 εὖρισκομὲνης,
893 1137 1078 1195 ἀδικία
1109 1138 1347 1216 λέγεται.

324 1338 451 1395 XV.
508 1338 705 1401 Ἔνθεν
754 1339 886 1413 γοῦν
936 1332 1203 1392 διδάσκων
1253 1338 1281 1392 6
1326 1335 1456 1399 Θεὸς
1484 1338 1529 1375 ⁸⁵
1560 1335 1688 1399 τοὺς
1719 1335 1924 1413 ἀνθρώ-

254 1446 396 1487 πους
451 1425 597 1499 πρὸς
643 1426 743 1494 τὴν
788 1428 897 1479 τῶν
947 1423 1117 1480 ὄντων
1166 1422 1452 1497 ἀλήθειαν,
1505 1424 1580 1486 εἷς
1631 1422 1703 1479 ὥν
1735 1423 1920 1493 αύτὸς,

254 1509 441 1589 ϐιχῶς
493 1513 589 1568 καὶ
640 1511 898 1576 ἐναντίως
947 1510 1118 1569 διεῖλε
1177 1512 1351 1569 πάντα
1422 1514 1490 1568 τὰ
1553 1517 1659 1569 τῶν
1719 1514 1919 1588 όίκρων,

254 1604 525 1679 ἆπαρχῆς
555 1605 605 1640 ⁸⁸
648 1600 807 1665 αὐτὸς
856 1602 931 1665 εἷς
993 1601 1067 1657 ὥν
1112 1601 1201 1657 καὶ
1260 1601 1428 1674 μόνος
1475 1603 1625 1675 Θεὸς,
1684 1604 1918 1673 ποιήσας

256 1692 493 1763 οὐρανὸν
545 1692 637 1746 καὶ
683 1694 808 1768 γῆν,
855 1691 1066 1767 ἡμέραν
1115 1690 1203 1746 καὶ
1257 1690 1451 1763 νύκτα,
1510 1694 1625 1769 φῶς
1673 1692 1916 1766 καὶπῦρ,

255 1780 420 1848 ἣλιον
476 1780 572 1835 καὶ
624 1778 882 1851 σελήνην,
935 1781 1078 1849 ζωὴν
1127 1780 1217 1834 καὶ
1256 1781 1499 1851 θάνατον,
1532 1779 1706 1835 Μόνον
1750 1777 1807 1835 δὲ
1865 1779 1915 1834 ἐν

247 1869 473 1930 τούτοις
520 1868 868 1939 αὐτεξούσιον
916 1868 1008 1923 τὸν
1056 1869 1337 1944 ἄνθρωπον
1392 1867 1667 1938 ἐποίησεν,
1736 1868 1921 1938 ἐπιτη-
1950 1896 1997 1961 Β

250 1955 517 2027 Ξειότητα
548 1955 752 2033 ἔχοντα
800 1955 1005 2012 δίκαιον
1037 1956 1072 2027 ἣ
1103 1954 1286 2012 ἄδικον
1317 1958 1557 2032 γενέσθαι
1584 1979 1596 1992 ·
1629 1958 1676 2031 ᾧ
1703 1957 1793 2012 καὶ
1822 1957 1942 2017 τὰς.

244 2050 354 2101 τῶν
422 2050 703 2121 συζυγιῶν
756 2043 1049 2117 ἐνήλλαξεν
1094 2044 1327 2117 εἰκόνας,
1378 2045 1547 2121 μικρᾶ
1600 2046 1667 2100 τὰ
1731 2050 1919 2122 πρῶτα

246 2136 637 2212 παραθέμενος
693 2133 861 2207 αὐτῷ,
913 2133 1122 2211 μεγάλα
1170 2132 1229 2189 δὶ
1276 2135 1343 2189 τὰ
1393 2132 1635 2210 δεύτερα,
1678 2135 1790 2189 οἷον
1820 2134 1918 2189 κό-

249 2246 422 2296 σμον,
469 2223 668 2279 αἰῶνα.
721 2222 877 2281 Ἀλλ’
908 2224 935 2277 6
971 2224 1064 2296 μὲν
1110 2224 1299 2299 παρὼν
1330 2222 1537 2295 κόσμος
1566 2222 1916 2299 πρόσκαιρος,

250 2315 279 2367 ό
313 2309 373 2367 δὲ
406 2310 674 2384 ἐσόμενος
706 2309 903 2368 ἀΐδιος.
933 2311 1131 2385 Πρώτη
1166 2313 1375 2387 ἄγνοια,
1426 2309 1647 2387 δευτέρα
1691 2317 1910 2388 γνῶσις.

256 2402 447 2462 ῧῗατως
498 2401 594 2455 καὶ
646 2401 777 2464 τοὺς
808 2407 907 2470 τῆς
936 2402 1037 2459 53
1067 2400 1401 2478 προφητείας
1430 2399 1703 2476 ἡγεμόνας
1732 2404 1775 2438 ⁵⁷
1807 2398 1915 2456 διέ-

251 2492 429 2559 ταξεν.
482 2490 636 2545 Ἐπεὶ
691 2490 794 2565 γὰρ
846 2490 875 2543 ὁ
922 2489 1108 2565 παρὼν
1158 2488 1365 2562 κόσμος
1416 2486 1587 2558 θῆλύς
1636 2487 1800 2555 ἐστιν,
1841 2489 1916 2553 ὡς

259 2581 449 2650 μήτηρ
478 2579 687 2633 τέκνων
717 2577 917 2632 τίκτων
946 2578 1148 2652 ψυχὰς,
1183 2578 1211 2631 ὁ
1254 2576 1505 2650 ἐσόμενος
1560 2575 1692 2631 αἰὼν
1748 2575 1918 2653 ἄρρην

256 2667 419 2739 ἐστὶν,
473 2667 555 2728 ὡς
602 2667 784 2734 πατὴρ
834 2662 1244 2741 ἀποδεχόμενος
1288 2666 1357 2720 τὰ
1410 2664 1575 2719 αὐτοῦ
1617 2664 1793 2719 τέκνα·
1829 2663 1918 2721 διὰ

252 2760 418 2810 τοῦτο
469 2756 527 2809 οἱ
552 2756 598 2791 ⁸³
647 2753 700 2809 ἐν
729 2755 809 2827 τῷ
857 2753 1051 2827 κόσμῳ
1097 2753 1276 2827 τούτῳ
1304 2760 1580 2831 προφῆται
1612 2754 1911 2827 ἑπομένως,

255 2846 330 2905 ὡς
360 2848 461 2899 τοῦ
495 2841 796 2917 μέλλοντος
828 2841 1026 2905 αἰῶνος
1057 2841 1206 2905 ὅντες
1237 2842 1369 2913 υἱοὶ,
1409 2842 1708 2919 ἀνθρώπων
1739 2846 1785 2880 ⁵⁸
1811 2844 1911 2913 τήν

250 2938 454 3009 γνῶσιν
505 2929 748 3008 ἔχοντες,
797 2931 1143 3007 ἐπέρχονται.
1194 2936 1363 2986 Τοῦτο
1413 2927 1471 2987 δὲ
1515 2932 1578 2987 τὸ
1614 2934 1910 3009 μυστήριον

251 3022 296 3078 εἰ
354 3022 659 3091 ἠπίσταντο
708 3022 763 3075 οἱ
810 3020 863 3076 ἐν
912 3015 1187 3092 θεοσεϐείᾳ
1227 3021 1529 3097 ἄνθρωποι,
1560 3020 1659 3076 ούκ
1690 3021 1749 3075 ἃν
1783 3042 1914 3077 ποτε

252 3111 670 3183 ἐπλανήθησαν,
726 3107 873 3164 ἀλλὰ
920 3110 1008 3165 καὶ
1056 3114 1148 3164 νῦν
1202 3108 1261 3163 ἂν
1312 3109 1630 3185 ἐγνώκεισαν
1680 3108 1764 3165 ὅτι
1814 3112 1914 3166 ὁ⁷⁰

253 3203 477 3273 Σίμων,
530 3202 558 3255 ὁ
600 3204 693 3255 νῦν
743 3199 947 3260 πάντας
999 3196 1276 3274 θρυλλῶν,
1323 3195 1535 3269 πλάνης
1578 3197 1667 3252 καὶ
1697 3198 1910 3271 ἀπάτης

2040 793 2153 844 Deo
2171 788 2198 843 ?
2224 790 2383 855 Quod
2418 789 2465 843 si
2491 788 2727 859 justitia
2748 804 3063 859 nusquam,
3090 805 3276 859 neque
3298 791 3453 860 apud
3476 794 3678 859 Deum,

2038 893 2225 949 neque
2256 878 2409 949 apud
2442 877 2708 932 homines
2758 876 3061 948 reperitur,
3098 876 3266 947 plane
3298 894 3485 949 neque
3517 895 3679 949 repe-

2038 966 2219 1022 rietur
2251 966 2567 1037 injustitia.
2598 970 2673 1021 At
2695 964 2931 1037 justitia
2959 965 3174 1021 existit.
3209 965 3374 1032 Nam,
3418 971 3679 1022 exstante

2027 1055 2261 1127 justitia
2292 1055 2585 1128 injustitia
2616 1071 2846 1127 quoque
2876 1053 3117 1110 dicitur:
3150 1071 3273 1125 quae
3305 1054 3385 1110 ita
3420 1058 3677 1123 vocatur,

2034 1145 2202 1216 quasi
2230 1161 2365 1201 cum
2396 1159 2464 1200 ea
2485 1145 2720 1215 justitia
2748 1147 3136 1215 comparetur,
3161 1142 3329 1214 eique
3350 1142 3679 1199 inveniatur

2033 1234 2341 1290 contraria.

2102 1339 2223 1396 XV.
2265 1340 2403 1396 Inde
2434 1339 2617 1411 igitur
2643 1338 2799 1395 Deus
2828 1337 3095 1394 homines
3141 1354 3335 1394 rerum
3378 1339 3676 1395 veritatem

2030 1429 2264 1497 docens,
2300 1428 2401 1500 qui
2431 1427 2558 1500 ipse
2613 1444 2768 1484 unus
2815 1432 2923 1493 est,
2968 1426 3239 1482 bifariam
3288 1430 3345 1483 et
3389 1427 3676 1482 contrarie

2031 1516 2223 1572 divisit
2248 1516 2446 1572 omnia
2475 1520 2755 1582 extrema,
2790 1532 2924 1570 cum
2957 1515 3081 1586 ipse
3111 1515 3184 1570 ab
3212 1515 3376 1570 initio
3408 1532 3562 1571 unus
3596 1516 3675 1571 sit

2030 1622 2095 1662 ac
2126 1605 2286 1661 solus
2326 1610 2500 1673 Deus,
2534 1604 2635 1676 qui
2668 1604 2801 1659 fecit
2830 1602 3040 1659 coelum
3070 1608 3127 1659 et
3158 1608 3397 1672 terram,
3430 1604 3585 1660 diem
3606 1621 3672 1660 ac

2028 1698 2284 1763 noctem,
2315 1693 2504 1749 lucem
2537 1697 2595 1749 et
2633 1695 2850 1765 ignem,
2890 1691 3071 1748 solem
3116 1696 3173 1747 et
3218 1691 3441 1762 lunam,
3490 1694 3670 1750 vitam

2029 1788 2202 1855 atque
2233 1787 2481 1838 mortem
2507 1801 2520 1850 ;
2555 1783 2615 1837 in
2647 1781 2739 1837 his
2771 1786 2967 1836 autem
2991 1780 3182 1837 solum
3204 1781 3502 1837 hominem
3526 1781 3669 1838 libe-

2028 1889 2159 1927 rum
2191 1871 2470 1937 condidit,
2505 1869 2831 1942 aptitudine
2882 1870 3188 1941 praeditum
3241 1875 3305 1925 ut
3344 1871 3545 1941 justus
3582 1871 3670 1927 vel

2028 1960 2286 2032 injustus
2318 1960 2457 2028 fiat;
2491 1959 2585 2015 cui
2606 1963 2663 2015 et
2690 1957 2994 2014 alternavit
3015 1959 3495 2030 conjugationum
3518 1960 3670 2015 ima-

2028 2049 2227 2122 gines:
2282 2050 2470 2121 primo
2518 2048 2605 2103 illi
2654 2063 2953 2119 apponens
2998 2063 3193 2117 parva,
3266 2047 3475 2103 deinde
3538 2065 3671 2104 vero

2029 2154 2279 2209 magna;
2305 2137 2457 2193 sicut
2473 2137 2782 2203 mundum,
2805 2152 3009 2190 aevum.
3036 2136 3106 2190 Et
3126 2135 3364 2207 quidem
3390 2135 3483 2191 hic
3506 2153 3673 2192 mun-

2028 2226 2139 2282 dus
2169 2225 2507 2297 temporalis
2532 2230 2640 2295 est,
2673 2229 2734 2281 at
2764 2227 2997 2280 futurus
3027 2229 3301 2280 aeternus.
3343 2224 3540 2280 Prima
3586 2232 3677 2282 est

2027 2314 2392 2387 ignorantia:
2430 2315 2687 2370 secunda
2716 2313 2989 2385 cognitio.
3024 2312 3117 2368 Sic
3147 2313 3304 2368 enim
3358 2313 3673 2385 prophetiae

2029 2404 2301 2460 ductores
2348 2403 2659 2460 ordinavit.
2712 2402 2859 2468 Quia
2903 2401 3060 2457 enim
3107 2418 3363 2473 praesens
3413 2403 3673 2458 mundus

2028 2493 2246 2548 femina
2276 2497 2385 2563 est,
2419 2491 2587 2561 quasi
2620 2494 2807 2546 mater
2837 2491 3153 2545 liberorum
3186 2506 3499 2562 procreans
3547 2491 3672 2546 ani-

2028 2598 2178 2648 mas,
2209 2582 2473 2637 futurum
2496 2596 2683 2635 savum
2716 2596 2843 2635 mas
2882 2584 2993 2644 est,
3025 2582 3307 2650 tanquam
3340 2583 3502 2651 pater
3533 2579 3673 2635 libe-

2026 2688 2123 2727 ros
2154 2688 2292 2727 snos
2322 2670 2653 2741 excipiens;
2715 2673 3018 2740 propterea
3068 2667 3128 2723 in
3173 2668 3329 2723 hunc
3380 2669 3667 2723 mundum

2022 2761 2317 2833 prophetis
2349 2761 2773 2830 consequenter
2792 2757 3036 2814 veniunt
3055 2761 3335 2828 tanquam
3360 2756 3463 2811 filii
3488 2757 3667 2812 futuri

2024 2849 2242 2919 seaculi,
2291 2848 2557 2904 notitiam
2604 2846 2885 2903 habentes
2932 2844 3262 2901 hominum.
3336 2845 3508 2901 Porro
3557 2845 3666 2901 hoc

2025 2938 2366 3010 mysterium
2400 2936 2450 2992 si
2473 2934 2882 3007 cognovissent
2910 2932 3178 2989 homines
3208 2933 3310 3005 pii,
3360 2950 3665 3005 nunquam

2023 3025 2554 3092 aberrrassent,sed
2569 3027 2626 3079 et
2646 3040 2801 3079 nunc
2814 3021 3667 3094 deprehendissent,Simonem

2024 3116 2123 3188 qui
2182 3131 2384 3171 omnes
2440 3113 2770 3178 conturbat,
2838 3111 3053 3167 erroris
3108 3127 3175 3166 ao
3247 3110 3471 3167 fraudis
3541 3127 3670 3168 esse

2023 3203 2445 3277 cooperarium.
2479 3202 2680 3259 Sermo
2711 3204 2909 3256 autem
2940 3198 3289 3272 prophetica
3328 3197 3540 3271 regulis
3592 3198 3674 3255 ita

252 3264 373 3345 ἐστὶ
420 3264 701 3365 σῦνερίγός.
751 3289 810 3342 ⁸0
862 3286 921 3342 δὲ
974 3264 1138 3362 λόγος
1184 3264 1282 3342 τοῦ
1312 3264 1654 3365 προφηντικοῦ
1684 3264 1909 3351 κανόνος
1940 3264 1983 3331 C
2022 3264 2217 3351 hab‘et.

254 3380 435 3441 οὕτως
470 3375 609 3453 ἔχει.

328 3486 477 3543 XVI.
511 3490 597 3546 Ὠς
648 3483 701 3539 ἐν
750 3482 899 3561 ἀρχῇ
949 3484 979 3536 ὁ
1008 3483 1138 3545 Θεὸς
1188 3483 1264 3545 εἷς
1308 3480 1405 3555 ὥν,
1440 3482 1622 3559 ὠσπερ
1653 3481 1799 3555 δεξιὰ
1826 3485 1915 3540 καὶ

258 3574 544 3651 ἀριστερὰ,
604 3576 820 3647 πρῶτον
888 3572 1113 3642 ἐποίησε
1168 3571 1261 3627 τὸν
1332 3571 1582 3648 οὐρανὸν,
1652 3573 1765 3629 εἶτα
1816 3575 1915 3643 τὴν

257 3671 392 3738 γῆν,
444 3662 538 3717 καὶ
588 3661 761 3723 οὕτως
806 3659 944 3715 κατὰ
989 3661 1052 3714 τὸ
1088 3663 1132 3697 τί
1185 3660 1310 3731 ἑξῆς
1341 3661 1512 3723 πάσας
1539 3662 1634 3723 τὰς
1664 3663 1917 3738 συζυγίας

260 3752 651 3821 σλνεπήσατω
714 3748 801 3803 ἐπὶ
853 3749 1037 3823 μέντοι
1081 3748 1381 3825 ἀνθρώπων
1433 3749 1532 3805 οὐκ
1578 3746 1654 3805 ἔτι
1718 3748 1917 3821 οὕτως,

258 3840 412 3897 ἆλλᾶ
464 3840 637 3901 πάσας
682 3834 999 3893 ἐναλλάσσει
1046 3839 1142 3900 τὰς
1197 3837 1475 3913 συζυγίας.
1525 3840 1613 3901 Ὠς
1664 3842 1767 3917 γὰρ
1830 3841 1921 3896 ἀπ’

257 3926 431 3984 αὗτοῦ
480 3929 550 3982 τὰ
600 3931 790 4000 πρῶτα
833 3924 1135 4001 κρείττονα,
1177 3926 1245 3980 τὰ
1300 3923 1520 4002 δεύτερα
1569 3930 1787 4001 ἥττονα,
1837 3930 1919 3985 ἐπ’

261 4018 568 4093 ἀνθρώπων
617 4016 679 4070 τὸ
724 4015 957 4071 ἐναντίον
1033 4014 1375 4092 εύρίσκομεν,
1431 4017 1499 4071 τὰ
1555 4022 1746 4093 πρῶτα
1802 4018 1920 4095 χεί-

260 4128 415 4183 ρονα,
469 4106 536 4159 τὰ
583 4101 805 4179 δεύτερα
850 4102 1154 4179 κρείττονα.
1203 4103 1406 4158 Αὐτίκα
1452 4110 1581 4181 γοῦν
1611 4106 1715 4161 ἀπὸ
1746 4105 1925 4181 ’Δδᾶμ

259 4201 359 4251 τοῦ
402 4195 525 4249 κατ’
571 4191 751 4247 εἰκόνα
799 4197 934 4247 Θεοῦ
981 4190 1273 4268 γενομένου
1325 4192 1535 4268 ἐγένετό
1582 4216 1667 4257 τις
1706 4201 1921 4272 πρῶτος

264 4284 455 4346 ἄδικος
487 4283 641 4353 Κάῖν,
674 4277 923 4355 δεύτερος
946 4278 1153 4342 δίκαιος
1174 4276 1360 4339 Ἀϐἐλ.
1396 4282 1568 4339 Πάλιν
1598 4281 1656 4339 δὲ
1684 4286 1789 4340 ἀπὸ
1826 4291 1923 4341 τοῦ

264 4376 386 4439 καθ’
402 4374 550 4446 ύμᾶς
574 4368 880 4446 λεγομένου
905 4368 1277 4433 Δευκαλίωνος
1300 4373 1413 4447 (46)
1439 4372 1757 4447 πνευμάτων
1781 4373 1922 4429 εἷκό-

2098 3491 2241 3547 XVI.
2276 3490 2349 3547 Ut
2378 3489 2437 3544 in
2472 3486 2753 3559 principio
2802 3487 2980 3557 Deus,
3031 3485 3133 3557 qui
3182 3502 3336 3542 unus
3384 3488 3495 3553 est,
3544 3489 3674 3541 tan-

2028 3597 2207 3652 quam
2240 3580 2439 3635 dextra
2469 3583 2527 3633 et
2556 3577 2818 3642 sinistra,
2844 3576 3033 3647 primo
3055 3575 3190 3630 fecit
3210 3574 3443 3639 cazlum,
3468 3575 3680 3630 deinde

2027 3674 2243 3725 terram
2269 3668 2348 3723 ita
2368 3667 2644 3738 deinceps
2668 3681 2873 3721 omnes
2892 3664 3332 3736 conjugationes
3350 3663 3674 3719 constituit.

2032 3760 2094 3813 In
2128 3756 2470 3812 hominibus
2502 3760 2694 3810 autem
2730 3770 2845 3809 non
2878 3751 3135 3824 amplius
3165 3752 3250 3808 sic
3274 3769 3289 3819 ;
3311 3753 3413 3807 sed
3436 3756 3677 3807 cunctas

2031 3846 2279 3902 alternat
2301 3842 2842 3916 conjugationes.Ut
2866 3841 3020 3897 enim
3044 3841 3115 3896 ab
3137 3857 3203 3896 eo
3227 3841 3417 3911 prima
3439 3840 3679 3895 meliora

2031 3940 2189 4004 sunt,
2222 3934 2481 3990 secunda
2501 3932 2786 3987 deteriora
2810 3949 2824 3999 ;
2848 3930 3204 3986 contrarium
3232 3929 3386 4000 apud
3411 3928 3679 3983 homines

2033 4022 2449 4089 nanciscimur,
2478 4020 2668 4093 prima
2700 4020 2919 4091 pejora,
2954 4018 3212 4074 secunda
3250 4017 3675 4089 praestantiora.

2034 4112 2236 4183 Itaque
2266 4110 2468 4166 statim
2502 4110 2575 4164 ab
2596 4110 2840 4173 Adamo,
2874 4107 2971 4179 qui
3004 4106 3329 4162 secundum
3379 4104 3479 4159 Dei
3530 4104 3676 4161 ima-

2032 4200 2227 4274 ginem
2260 4199 2446 4255 factus
2472 4199 2679 4263 fuerat,
2706 4196 2933 4268 primus
2954 4200 3116 4251 ortus
3137 4198 3228 4250 est
3250 4192 3494 4263 iniquus
3514 4194 3675 4260 Cain,

2034 4289 2329 4344 secundus
2352 4288 2553 4359 justus
2582 4286 2749 4341 Abel.
2780 4289 2999 4340 Iterum
3021 4300 3154 4339 vero
3177 4282 3249 4337 ab
3270 4298 3357 4349 eo,
3385 4298 3560 4353 quem
3582 4298 3683 4338 vos

2034 4376 2444 4432 Deucalionem
2460 4372 3028 4446 vocatis,spirituum
3040 4372 3169 4427 duas
3187 4369 3476 4442 imagines
3492 4370 3683 4426 missa:

1634 4554 1879 4610 VARI/E
1919 4553 2324 4611 LECTIONES.

340 4711 390 4746 ⁸³
428 4708 570 4765 Post
596 4706 679 4763 δτι
711 4708 839 4765 sine
868 4706 1045 4764 dubio
1074 4704 1287 4762 excidit
1311 4702 1363 4758 ἐν
1394 4705 1453 4760 S.
1530 4705 1576 4740 ⁸³
1605 4700 1663 4757 δὲ
1694 4701 1834 4758 ἔστιν
1864 4704 1928 4761 0.
1959 4720 2009 4761 c.
2044 4706 2103 4771 S,
2138 4700 2195 4758 δὲ
2224 4701 2364 4757 ἐστιν
2400 4704 2461 4759 C.
2538 4703 2584 4739 ⁸⁸
2629 4701 2692 4756 τὸ
2741 4698 2946 4756 δίκαιον
2996 4702 3123 4757 cod.
3170 4702 3297 4769 804,
3371 4702 3416 4736 ⁸⁸
3472 4700 3501 4755 6
3556 4701 3687 4764 Θεὸς

273 4777 623 4835 διδασκαλῶν
654 4780 717 4836 C.
791 4780 837 4815 “
866 4776 957 4832 ἀπ’
992 4778 1167 4904 ἀργὶῆς
1197 4781 1262 4833 Ο.
1337 4777 1381 4811 ⁸⁷
1411 4774 1688 4849 ἡγὲμονας
1722 4780 1778 4833 C.
1853 4777 1898 4812 οδ
1927 4774 1979 4829 οἱ
2009 4777 2249 4846 adjunxi
2279 4793 2328 4831 c.
2361 4776 2426 4831 Ο.
2462 4776 2617 4830 Idem
2650 4771 2950 4856 gﬁépevm.’
3006 4774 3050 4810 ⁶⁹
3083 4774 3169 4828 lta
3201 4772 3370 4844 plane
3400 4772 3684 4843 scriptum

274 4858 468 4904 exstat
498 4852 561 4904 in
591 4852 719 4904 cod.
750 4851 941 4904 Ottob.
978 4875 1043 4896 ==
1105 4849 1184 4904 is.
1219 4867 1380 4904 ανων.
1413 4852 1480 4903 ut
1510 4848 1567 4902 in
1602 4864 1669 4903 eo
1702 4848 1849 4903 solet
1878 4865 1981 4904 ner
2011 4847 2423 4904 compendium
2458 4846 2628 4901 scribi
2678 4862 2890 4901 nomen
2922 4842 3225 4904 ἅνθρωπος.
3287 4844 3411 4899 Non
3470 4849 3684 4900 temere

274 4858 468 4910 exstat
498 4852 561 4908 in
591 4852 719 4908 cod.
750 4851 941 4907 Ottob.
978 4851 1043 4896 τά

1105 4840 1184 4905 is.
1219 4867 1380 4917 ανων,
1413 4840 1480 4903 ut
1510 4840 1567 4902 in
1602 4864 1669 4903 eo
1702 4848 1849 4920 solet
1878 4865 1982 4920 per
2011 4840 2423 4920 compendium
2458 4846 2628 4901 scribi
2678 4840 2890 4920 nomen
2922 4840 3262 4920 ἅνθρωπος.
3287 4844 3441 4920 Non_
3470 4840 3688 4920 temere

272 4930 481 5007 tamen
509 4925 619 4979 hoc
641 4923 764 5007 loco
798 4921 1011 5007 aliquis
1042 4920 1198 5004 leget
1223 4925 1335 5007 ’θυι
1365 4913 1617 5007 corriget
1666 4913 1900 4972 αἰωνίιιιν
1937 4919 2016 5007 ι(ἲς.
2067 4913 2163 5007 τ’
2189 4918 2460 5007 Ὲοςῐοθεθ
2488 4923 2673 5007 totqm
2710 4917 2900 5007 colpn,
2926 4913 3539 5007 trahsppsitisyerlb‘is,
3602 4916 3685 4970 sic

274 4996 594 5067 legendum
623 5012 637 5050 :
674 4991 771 5048 Διὰ
795 4982 972 5067 τοῦτομ
988 4990 1041 5045 ἐν
1066 4982 1146 5061 τῷ
1173 4989 1367 5067 κόσμῳ
1393 4982 1573 5062 τούτῷ
1603 4996 1877 5067 προφῇται
1937 4989 2294 5067 ἑπομένως,οἶ
2330 4982 2503 5067 ’ὄντες
2536 4988 2675 5067 ⁸υίο)
2732 4982 3051 5060 ἀνθρώπων,
3097 4982 3187 5046 ’ὡς
3223 4989 3337 5067 ’τοῦ

1662 5059 1785 5119 Ve'ri
1841 5059 2130 5132 propheta:
2182 5061 2483 5132 prephetis
2531 5060 2697 5132 falsis
2754 5059 3350 5132 semper__succedunt

275 5059 481 5140 αἷῶνος
536 5066 637 5140 τὴν
694 5068 886 5140 γνῶσιν
947 5059 1188 5140 ἔχοντες,
1249 5059 1594 5140 ἐπέρχονται.

3424 4982 3684 5046 ἐλλοντος

274 5006 637 5067 legendum:
674 5006 771 5048 Δια
795 5012 957 5047 τουτο
988 5006 1041 5045 εν
1066 5010 1146 5061 τῳ
1173 5006 1367 5062 κόσμῳ
1393 5009 1573 5062 τουτῳ
1603 5009 1877 5066 προφηται
1937 5006 2294 5061 επομενως,οι
2354 5008 2503 5049 οντες
2562 5006 2675 5042 υιοι
2732 5006 3051 5060 ανυρωπων,
3111 5006 3187 5046 ως
3239 5006 3337 5039 του
3424 5006 3684 5046 εΛΛοντος

275 5066 481 5127 αἰῶνος
536 5066 637 5133 τὴν
694 5068 886 5140 γνῶσιν
947 5060 1188 5137 ἔχοντες,
1249 5059 1594 5136 ἐπέρχονται.
1662 5062 1785 5119 Veri
1841 5061 2130 5132 prophetas
2182 5061 2483 5132 prophetis
2531 5060 2695 5115 falsis
2754 5075 2985 5131 semper
3028 5006 3681 5181 δυοοοόωιιέἐπομένως

274 5137 631 5261 ἐπέρχονταιῖ
660 5137 983 5193 secundum
1010 5134 1274 5207 regulam
1304 5134 1691 5206 syzygiarum-
1727 5139 1911 5202 Atque
1940 5132 2022 5187 illi
2056 5133 2293 5204 quidem
2326 5133 2500 5187 etiam
2532 5132 2664 5186 aliis
2687 5130 2829 5186 locis
2848 5127 3216 5201 appellantur
3237 5128 3345 5182 υἱοὶ
3400 5128 3685 5201 νθρώπων,

274 5210 334 5261 hi
366 5228 601 5261 νεννητο
656 5210 942 5261 γυναικῶν.
974 5206 1078 5261 cfr.
1112 5206 1269 5261 hom.
1304 5222 1368 5261 II.
1401 5208 1500 5261 l7:
1532 5222 1597 5261 III
1625 5206 1695 5259 2?
1721 5221 1885 5261 seua.
1916 5204 2007 5259 29.
2040 5205 2097 5259 S.
2174 5204 2219 5239 7°
2249 5201 2277 5256 6
2307 5205 2441 5259 add.
2475 5219 2523 5258 c.
2550 5202 2615 5261 0.
2648 5203 2705 5257 in
2738 5218 2852 5261 ouo
2879 5206 2979 5261 τῆς
3012 5199 3262 5261 ἀσθενοῦς
3316 5199 3595 5261 ἀριστερᾶς
3626 5217 3683 5261 ι).

274 5210 334 5266 hi
366 5210 601 5278 γεννητο

274 5275 492 5350 πλάνης
523 5275 614 5333 καὶ
648 5275 877 5350 ἆπάτης.
923 5275 999 5315 ’⁸⁷⁸
1028 5276 1164 5331 κατὰ
1189 5275 1252 5330 τό
1283 5293 1399 5333 om.
1432 5276 1499 5333 0.

694 5210 942 5278 υναικῶν,
974 5199 1269 5278 οῑτῖὶιοιῐι.
1304 5199 1368 5271 η’,
1401 5199 1500 5278 ἰῗ;
1532 5222 1597 5261 ιιι
1625 5206 1695 5259 22
1721 5199 1885 5277 seq—q.
1916 5204 2007 5259 29.
2040 5199 2097 5259 S'.
2174 5204 2219 5239 ⁷ο
2249 5201 2277 5256 ὁ
2307 5205 2441 5259 add.
2475 5219 2523 5258 c.
2550 5202 2615 5268 Ο,
2648 5203 2705 5257 in
2738 5218 2852 5273 quo
2879 5199 2979 5270 τῆς
3012 5199 3262 5263 ἀσθενοῦς
3316 5199 3595 5275 ἀριστερᾶς
3626 5217 3683 5271 p.

1671 5424 2053 5483 VARIORUM
2093 5425 2328 5484 NOTIE.

350 5558 469 5628 (46)

555 5557 664 5609 Τοῦ
747 5552 866 5617 καθ’
924 5552 1072 5626 ὑμᾶς
1144 5549 1447 5626 λεγομένου
1502 5547 1936 5626 ΔΔευκοιλῇιινος.

284 5622 472 5686 Notus
505 5632 598 5685 est
625 5627 794 5683 lusus
826 5626 887 5682 in
916 5622 1155 5683 nomine
1182 5622 1550 5681 Deucalionis
1582 5622 1736 5695 apud
1752 5622 1939 5678 Theo-

285 5701 521 5776 philum
550 5697 990 5760 Antiochenam
1017 5697 1123 5758 lib.
1154 5713 1241 5769 ιιι,
1266 5697 1338 5757 ad
1358 5694 1707 5768 Autolycum
1730 5711 1787 5767 p.
1815 5694 1938 5763 129,

2051 5552 2219 5623 quasi
2252 5554 2372 5623 Noe
2420 5549 2761 5623 hominibus
2807 5549 2897 5623 sui
2950 5549 3230 5623 temporis
3277 5546 3503 5613 dixerit,
3538 5546 3696 5597 Δεῦτε

2050 5617 2209 5676 καλεῖ
2243 5621 2385 5694 ὑμᾶς
2413 5621 2441 5675 ὁ
2473 5620 2601 5682 Θεὸς
2636 5619 2711 5680 εἷς
2740 5617 3041 5692 μετάνοιαν.
3061 5617 3192 5677 COT.

2066 5827 2101 5848 ρ
