4116 6224
410 399 486 461 87
1236 397 1303 459 S.
1347 394 1789 458 CLEMENTIS
1835 395 1861 456 Ι
1904 394 2099 462 ROM.
2143 394 2376 457 PONT.
2421 391 2682 456 OPERA
2724 392 2992 455 DUBIA.
3740 391 3824 454 88

414 529 577 596 sunt,
602 525 1113 599 impuri,inquam,
1136 525 1357 599 etpuri,
1381 543 1589 599 nempe
1635 527 1802 600 niger
1829 542 2057 593 corvus,

2198 543 2260 586 ες
2302 520 2396 578 δύο
2438 525 2542 582 54
2590 520 2991 591 ἀπεστάλησαν,
3038 518 3340 594 ἀκαθάρτου
3390 517 3539 595 λέγω
3588 521 3676 575 καὶ
3726 541 3823 575 κα-

422 620 481 674 et
508 616 718 672 deinde
747 615 1018 671 columba
1048 615 1199 672 alba.
1254 617 1399 672 Item
1447 633 1516 672 ex
1560 617 1820 689 principe
1870 615 2064 688 gentis

2198 616 2359 687 ιαροῦ,
2391 609 2423 666 6'
2475 632 2534 667 τε
2580 609 2744 685 κόραξ
2792 610 2820 664 6
2874 608 3065 683 μέλας,
3113 606 3203 663 καὶ
3252 610 3286 678 ἡ
3337 607 3505 677 λευκὴ
3535 609 3823 684 περιστερά

418 706 630 760 nostrae
667 703 1002 760 Abrahamo
1054 705 1168 761 duo
1217 705 1394 777 primi
1442 706 1563 761 nati
1612 710 1773 777 sunt,
1837 705 2065 777 primus

422 792 653 864 Ismael,
686 796 886 865 postea
916 793 1075 849 Isaac
1106 792 1207 865 qui
1238 811 1273 849 a
1302 793 1417 849 Deo
1450 794 1790 849 benedictus
1818 797 1925 849 est.
1985 793 2067 847 Ex

423 881 627 938 eodem
659 880 930 937 similiter
958 886 1158 937 Isaaco
1189 882 1304 937 duo
1335 882 1526 937 adhuc
1556 882 1918 950 exstiterunt,
1956 881 2066 937 im-

424 970 559 1043 pius
588 970 762 1037 Esau,
794 973 851 1025 et
876 972 1008 1042 pius
1038 970 1238 1026 Jacob.
1266 971 1350 1025 Ad
1382 970 1537 1026 hunc
1569 972 1810 1026 modum
1867 970 2069 1027 ordine

427 1059 676 1132 primus,
712 1062 775 1113 ut
805 1060 1024 1115 mundo
1056 1059 1502 1132 primogenitae,
1532 1058 1809 1132 pontifex,
1863 1059 2071 1115 deinde

425 1146 747 1222 legislator.

498 1326 678 1383 XVII.
710 1327 796 1383 Ita
815 1326 989 1383 etiam
1006 1342 1131 1399 qua:
1158 1331 1405 1384 ventura
1424 1331 1549 1384 erat
1569 1326 1901 1401 conjugatio
1922 1328 2075 1384 circa

431 1415 636 1483 Eliam,
669 1419 875 1487 sponte
903 1416 1150 1472 dimissa
1177 1420 1267 1472 est
1296 1416 1369 1472 ad
1408 1415 1567 1473 aliud
1616 1420 1869 1490 tempus,
1921 1434 2076 1474 com-

430 1509 630 1562 menta
658 1521 721 1560 se
751 1504 897 1561 alias
928 1509 1252 1577 opportune
1282 1505 1478 1577 seipse
1505 1505 1838 1562 fruituram.
1887 1506 2076 1571 Quare

432 1592 658 1666 primus
688 1592 863 1664 venit,
897 1593 996 1665 qui
1036 1595 1187 1649 inter
1206 1597 1364 1650 natos
1392 1594 1724 1658 mulierem;
1754 1593 1963 1651 deinde
1992 1611 2079 1651 se-

435 1682 665 1738 cundus
696 1681 945 1749 advenit,
976 1682 1076 1754 qui
1107 1684 1258 1738 inter
1283 1683 1428 1754 ﬁlios
1458 1681 1763 1739 hominum.
1799 1685 1961 1739 Hunc
1993 1699 2079 1739 se-

436 1772 663 1844 quendo
689 1771 952 1827 ordinem
979 1770 1101 1827 ﬂeri
1116 1771 1789 1845 poterit,utintelligatur
1804 1773 1876 1829 ad
1899 1790 2077 1845 quam

2174 699 2414 777 δευτέρα.
2473 699 2570 755 Καὶ
2627 699 2733 754 ἀπὸ
2792 698 2886 772 μὲν
2943 702 3042 754 τοῦ
3102 695 3405 774 ἀρχηγέτου
3473 703 3570 753 τοῦ
3636 697 3822 763 ἔθνους

2174 792 2334 863 ἡμῶν
2386 783 2637 866 ’Δϐραδιμ
2682 784 2778 843 δύο
2827 791 3037 864 πρῶτοι
3095 786 3395 863 γεγόνασιν,
3445 791 3660 860 πρῶτος
3719 790 3825 843 Ἰσ-

2180 877 2352 953 μαήλ,
2421 878 2533 933 εἶτα
2586 879 2764 935 Ἰσαάκ
2821 877 2849 931 6
2908 875 3013 932 61:6
3077 880 3175 930 τοῦ
3235 879 3368 931 Θεοῦ
3428 875 3828 951 εὐλογημένος.

2173 966 2308 1024 Ἀπὸ
2368 963 2426 1022 δὲ
2479 970 2578 1021 τοῦ
2622 968 2669 1002 ⁷³
2741 963 2908 1020 αὐτοῦ
2979 966 3162 1020 Ἰσαὰκ
3218 963 3425 1037 ὁμοίως
3482 963 3647 1020 πάλιν
3710 964 3829 1039 δύο,

2180 1057 2344 1111 Ἠσαῦ
2388 1055 2417 1109 6
2475 1050 2672 1123 ἀσεϐὴς
2723 1054 2815 1109 καὶ
2872 1049 3065 1110 Ἰακὼϐ
3115 1054 3143 1108 6
3204 1048 3450 1125 εὐσεϐής.
3520 1053 3703 1117 Οὕτως
3758 1059 3830 1129 τῇ

2177 1144 2321 1216 τάξει
2353 1145 2399 1183 ⁷³
2427 1147 2666 1220 πρῶτος,
2696 1143 2773 1205 ὡς
2801 1141 3151 1219 πρωτότοκος
3180 1146 3258 1215 τῷ
3288 1141 3501 1217 κόσμῳ,
3555 1144 3583 1197 6
3641 1144 3834 1221 ἀρχιε-

2183 1232 2323 1310 ρεὺς,
2357 1232 2469 1288 εἶτα
2500 1233 2528 1287 6
2557 1231 2862 1305 νομοθέτης
2890 1234 2958 1289 7‘.

2252 1324 2421 1379 XVII.
2476 1319 2710 1394 Ὁμοίως
2758 1322 2793 1390 ἡ
2873 1318 2977 1397 γάρ
3049 1321 3186 1395 πρὸς
3259 1317 3447 1375 ’Πλίαν
3506 1323 3551 1359 ⁷⁸
3606 1321 3836 1398 συζυγία

2186 1408 2482 1489 ὀφείλουσα
2529 1407 2700 1464 ἐλθεῖν
2751 1408 2946 1464 ἑκοῦσα
2991 1407 3291 1487 ἀπελείφθη
3345 1408 3423 1472 εἷς
3480 1407 3662 1485 ἓτερον
3712 1431 3834 1466 και-

2185 1500 2275 1577 ρὸν
2327 1496 2531 1553 ἄλλοτε
2576 1495 2841 1573 εὐκαίρως
2886 1496 3055 1567 αὐτὴν
3121 1496 3417 1554 ἀπολαύειν
3448 1500 3493 1535 ⁷⁶
3545 1498 3839 1574 βουλευσα-

2189 1587 2342 1663 μένη.
2402 1588 2497 1642 Διὸ
2551 1587 2640 1642 καὶ
2698 1587 2726 1641 6
2784 1586 2837 1642 ἐν
2907 1591 3189 1663 γεννητοῖς
3275 1591 3545 1662 γυναικῶν
3621 1594 3841 1664 πρῶτος

2184 1676 2375 1749 ἦλθεν,
2427 1675 2539 1732 εἶτα
2587 1677 2615 1731 6
2675 1674 2726 1732 ἐν
2780 1676 2919 1739 υἱοῖς
2963 1675 3263 1752 ἀνθρώπων
3298 1674 3547 1753 δεύτερος
3580 1677 3839 1747 ἐπῆλθεν.

2187 1766 2370 1841 Ταύτῃ
2423 1769 2491 1840 τῇ
2538 1764 2680 1838 τάξει
2730 1768 2773 1803 ⁷⁷
2833 1762 3237 1822 ἀκολουθοῦντα
3281 1763 3507 1822 δυνατὸν
3571 1768 3638 1837 ἦν
3695 1772 3838 1823 νοεῖν

439 1859 650 1916 seriem
682 1859 969 1931 pertineat
996 1859 1216 1931 Simon,
1251 1860 1351 1933 qui
1382 1864 1516 1917 ante
1546 1877 1639 1916 me
1670 1862 1896 1933 primus
1924 1862 2081 1917 venit

2198 1855 2327 1918 τίνος
2375 1855 2485 1910 ἐστὶ
2530 1855 2739 1928 Σίμων,
2800 1856 2828 1910 ὁ
2876 1855 2983 1931 πρὸ
3036 1853 3171 1928 ἐμοῦ
3220 1855 3296 1918 εἷς
3342 1854 3410 1911 τὰ
3456 1851 3577 1925 ἔθνη
3622 1861 3841 1932 πρῶτος

2198 1942 2318 1963 η...
2491 1944 2504 1960 .
2585 1942 2597 1963 1
2736 1941 2763 1963 ,ο
2991 1941 3001 1959 ι
3151 1946 3165 1963 ε
3328 1944 3341 1963 ,
3393 1944 3407 1963 θ
3477 1950 3501 1960 ..
3636 1943 3682 1963 ,κ
3742 1943 3761 1963 κ

441 1949 514 2004 ad
547 1951 783 2021 gentes;
816 1952 873 2003 et
901 1947 972 2002 ad
1006 1965 1180 2020 quam
1212 1964 1317 2021 ego
1348 1949 1629 2021 pertineo,
1666 1950 1766 2021 qui
1790 1950 1919 2006 veni
1952 1954 2084 2022 post

2198 1942 2387 2017 ἐλθὼν,
2418 1944 2507 1999 καὶ
2544 1942 2692 2005 τίνος
2724 1941 2797 1998 ὥν
2828 1941 3103 2020 τυγχάνω,
3146 1946 3174 1998 6
3226 1944 3341 2016 μετ’
3391 1944 3588 2000 ἐκεῖνον
3634 1943 3838 2014 ἐληλυ-

440 2036 633 2103 illum,
664 2039 721 2092 et
748 2038 1006 2093 successi
1034 2036 1194 2092 velut
1221 2037 1422 2093 lumen
1443 2037 1721 2110 tenebris,
1742 2038 1897 2094 velut
1918 2038 2083 2111 igno-

443 2124 648 2181 rantiae
675 2124 941 2192 scientia,
975 2124 1134 2180 velut
1163 2126 1366 2182 morbo
1390 2127 1637 2183 sanitas.
1663 2126 1747 2183 Ita
1762 2128 1995 2199 quippe,
2020 2131 2087 2183 ut

443 2214 612 2271 nobis
626 2213 769 2269 dixit
786 2230 958 2271 verus
980 2214 1282 2287 propheta,
1308 2214 1496 2281 primo
1518 2216 1712 2272 venire
1732 2220 1960 2289 oportet
1982 2216 2087 2272 fal-

442 2318 574 2361 sum
596 2302 961 2375 evangelium
974 2303 1378 2375 abimpostore
1390 2305 1666 2376 quodam,
1689 2308 1747 2359 et
1759 2305 1842 2361 sic
1854 2305 2085 2377 deinde,

440 2394 575 2462 post
604 2390 792 2446 sancti
820 2389 933 2447 loci
963 2391 1343 2459 eversionem,
1376 2408 1576 2448 verum
1607 2392 1984 2466 Evangelium
2014 2394 2087 2449 ad

444 2477 858 2534 correctionem
889 2478 1221 2535 futurorum
1253 2479 1547 2536 haereseon
1597 2479 1747 2536 clam
1791 2482 1967 2537 mitti.
2019 2483 2090 2537 Et

444 2570 578 2640 post
604 2566 745 2622 haec:
780 2566 933 2623 circa
960 2566 1158 2636 ﬁnem,
1192 2567 1406 2624 iterum
1436 2569 1663 2640 primus
1692 2570 1883 2626 veniet
1919 2571 2089 2626 Anti-

446 2654 723 2722 christus,
747 2659 1007 2728 tuncque
1029 2672 1201 2712 verus
1219 2656 1487 2714 Christus
1504 2662 1703 2714 noster
1719 2658 1751 2714 J
1758 2675 1894 2717 esus
1912 2676 2089 2732 appa-

446 2743 626 2812 rebit;
657 2747 789 2815 post
814 2758 1010 2816 quem,
1042 2748 1168 2801 orto
1192 2744 1312 2801 sole
1342 2750 1576 2815 aeterno,
1599 2750 1809 2803 cuncta
1829 2749 2093 2805 tenebra-

448 2848 581 2889 rum
611 2832 856 2895 evanida
893 2833 1052 2889 ﬂent.

520 3011 717 3069 XVIII.
750 3011 893 3068 Cum
927 3027 1086 3086 ergo,
1111 3013 1264 3070 sicut
1288 3012 1426 3085 dixi,
1457 3013 1887 3087 conjugationis
1921 3032 2094 3074 cano-

452 3117 587 3158 nem
611 3101 850 3173 quidam
884 3103 1168 3174 nesciant,
1199 3103 1334 3159 inde
1361 3102 1634 3176 ignorant
1663 3103 1855 3176 qualis
1885 3106 2096 3163 existat

449 3190 673 3260 Simon,
705 3191 805 3262 qui
835 3196 969 3247 ante
1000 3207 1093 3247 me
1124 3192 1363 3263 prodiit.
1382 3196 1529 3248 Nam
1552 3192 1602 3248 si
1624 3199 2091 3266 cognosceretur,

2194 2034 2323 2105 θὼς,
2374 2031 2463 2088 καὶ
2512 2031 2752 2089 ἐπελθὼν
2800 2032 2875 2095 ὡς
2916 2033 3094 2105 σκότῳ
3125 2036 3261 2111 φῶς,
3293 2033 3368 2096 ὡς
3401 2032 3590 2109 ἀγνοίᾳ
3617 2039 3841 2108 γνῶσις,

2194 2122 2269 2185 ὡς
2293 2122 2440 2195 νόσῳ
2482 2119 2645 2185 ἴασις.
2698 2120 2856 2180 Οὕτω
2902 2118 2991 2193 δὴ,
3025 2121 3100 2184 ὡς
3132 2123 3159 2177 6
3191 2124 3233 2160 ⁷⁸
3301 2119 3512 2193 ἀληθὴς
3539 2125 3674 2197 ἡμῖν
3706 2144 3847 2199 προ-

2194 2213 2375 2291 φήτης
2423 2207 2658 2286 εἴρηκεν,
2706 2215 2918 2287 πρῶτον
2968 2208 3159 2285 ψευδὲς
3227 2208 3307 2266 δεῖ
3372 2210 3547 2276 ἐλθεῖν
3617 2212 3845 2289 εὐαγγέ-

2194 2299 2315 2357 λιον
2347 2303 2392 2338 ⁷9
2422 2300 2526 2356 ὑπὸ
2553 2298 2764 2356 πλάνου
2793 2300 2964 2370 τινὸς,
2994 2298 3085 2355 καί
3123 2300 3218 2356 εἶθ’
3264 2299 3435 2363 οὕτως
3483 2301 3617 2374 μετά
3661 2302 3849 2366 καθαί-

2198 2411 2341 2468 ρεσιν
2370 2394 2468 2444 τοῦ
2496 2388 2651 2465 ἁγίου
2679 2387 2850 2444 τόπου
2898 2388 3227 2465 Εὐαγγέλιον
3281 2387 3481 2459 ἀληθὲς
3519 2390 3698 2468 κρύφα
3729 2388 3844 2445 δια-

2196 2480 2510 2557 πεμφθῆναι
2540 2477 2617 2542 εἷς
2666 2477 3031 2555 ἐπανόρθωσιν
3072 2482 3180 2534 τῶν
3234 2477 3503 2551 ἐσομένων
3565 2478 3846 2556 αἱρέσεων·

2197 2568 2287 2624 καὶ
2342 2569 2476 2641 μετὰ
2514 2572 2681 2623 ταῦτα
2725 2568 2863 2643 πρὸς
2911 2572 2991 2639 τῷ
3036 2566 3183 2623 τέλει
3233 2566 3398 2623 πάλιν
3431 2572 3643 2642 πρῶτον
3673 2567 3847 2627 Ἀντί-

2198 2678 2422 2735 χριστον
2468 2654 2644 2722 ἐλθεῖν
2694 2653 2795 2727 δεῖ,
2843 2657 2933 2712 καὶ
2979 2656 3105 2713 τότε
3149 2657 3241 2712 τὸν
3283 2660 3381 2716 55
3417 2652 3587 2720 ὄντως
3619 2658 3851 2734 Χριστνὸ

2199 2746 2360 2818 ἡμῶν
2390 2749 2596 2812 Ἰησοῦν
2628 2744 2983 2822 ἀναφανῆναι,
3022 2744 3111 2799 καὶ
3165 2746 3300 2818 μετά
3344 2748 3535 2800 τοῦτον
3584 2747 3651 2813 ⁸ο,
3710 2745 3846 2801 αἷω-

2198 2832 2317 2889 νίου
2344 2834 2521 2912 φωτὸς
2553 2833 2953 2907 ἀνατείλαντος,
2984 2832 3154 2890 πάντα
3181 2834 3250 2889 τὰ
3272 2837 3369 2889 τοῦ
3399 2833 3623 2896 σκότους
3668 2835 3845 2912 ἀφανῆ

2200 2924 2465 3000 γενέσθαι.

2275 3013 2466 3070 XVIII.
2515 3011 2667 3068 Ἐπεὶ
2710 3010 2826 3082 οὗν,
2874 3011 2949 3074 ὡς
2993 3009 3146 3091 ἔφην,
3195 3011 3288 3067 τὸν
3326 3010 3525 3067 κανόνα
3552 3017 3653 3081 τῆς
3685 3015 3847 3080 συζυ-

2200 3100 2325 3176 γίας
2374 3098 2626 3178 ἀγνοοῦσί
2670 3121 2831 3171 τινες,
2880 3097 3023 3164 ἔνθεν
3073 3100 3174 3157 οὐκ
3201 3099 3507 3156 ἐπίστανται
3532 3101 3617 3163 τίς
3643 3099 3850 3177 τυγχά-

2202 3210 2281 3245 νει
2313 3190 2340 3245 6
2374 3189 2509 3263 ἐμοῦ
2537 3187 2871 3266 προοδεύσας
2904 3188 3116 3262 Σίμων.
3149 3190 3213 3245 Εἰ
3241 3191 3344 3264 γὰρ
3378 3188 3717 3266 ἐγινώσκετο,
3752 3188 3854 3244 ούκ

446 3295 564 3336 non
617 3279 669 3336 ei
700 3279 1014 3336 haberetur
1044 3280 1208 3336 ﬁdes.
1237 3280 1370 3337 Jam
1400 3297 1534 3336 vero
1583 3265 1721 3353 quia
1769 3282 2085 3355 ignoratur,

2204 3279 2263 3335 ἂν
2314 3265 2640 3337 ἐπιστεύετο.
2690 3281 2796 3333 Νῦν
2844 3275 2902 3333 δὲ
2951 3277 3320 3354 ἀγνοούμενος
3374 3265 3475 3333 ούκ
3529 3278 3707 3354 ὀρθῶς
3755 3300 3853 3333 πι-

446 3384 563 3424 non
595 3373 750 3424 recte
778 3368 1065 3425 creditur:
1098 3374 1155 3424 et
1184 3368 1283 3442 qui
1310 3386 1486 3441 opera
1532 3369 1904 3428 inimicorum
1938 3372 2090 3441 facit,

446 3456 727 3529 diligitur,
764 3462 821 3513 et
848 3457 1037 3513 hostis
1077 3457 1245 3529 quasi
1276 3457 1501 3514 amicus
1536 3464 1803 3532 receptus
1853 3461 1984 3531 fuit,
2036 3467 2095 3519 et

444 3546 545 3618 qui
577 3550 666 3601 est
696 3562 877 3616 mors,
904 3546 1061 3602 velut
1091 3547 1345 3603 salvator
1375 3547 1744 3604 desideratus
1772 3552 1879 3620 est,
1913 3553 1970 3605 et
1990 3550 2092 3622 qui

445 3634 600 3706 ignis
630 3635 829 3692 lumen
861 3636 1252 3705 existimatus,
1284 3636 1505 3708 quique
1533 3636 1810 3693 seductor
1838 3641 1947 3705 est,
1989 3655 2092 3694 au-

445 3723 604 3778 ditur
631 3724 800 3795 quasi
832 3741 962 3780 vera
1020 3725 1368 3796 praedicans.
1410 3724 1514 3780 His
1565 3724 1781 3781 auditis
1821 3742 1927 3798 ego
1966 3726 2092 3782 Cle-

445 3828 640 3867 mens:
661 3812 940 3877 Quisnam
955 3818 1059 3883 est,
1083 3813 1224 3880 dixi,
1248 3813 1358 3869 iste
1380 3817 1582 3870 tantus
1603 3814 1895 3886 deceptor,
1946 3815 2095 3872 scire

441 3901 673 3957 vellem.
710 3906 774 3957 Et
808 3903 1010 3959 Petrus
1041 3902 1378 3975 respondit:
1413 3902 1472 3957 Si
1506 3902 1673 3975 cupis
1693 3903 1936 3974 discere,
1962 3904 2096 3961 licet

443 3990 552 4047 tibi
584 4006 931 4064 cognoscere
977 3990 1050 4047 ab
1082 3990 1155 4048 iis
1188 4008 1222 4047 a
1253 3990 1468 4063 quibus
1497 3996 1554 4047 et
1572 4006 1678 4064 ego
1708 3995 1918 4050 cuncta
1932 3991 2092 4050 illius

444 4084 713 4136 accurate
737 4080 963 4137 rescivi.

516 4168 661 4225 XIX.
692 4169 864 4224 Justa
900 4169 1169 4240 quaedam
1192 4168 1345 4241 apud
1367 4183 1472 4225 nos
1493 4171 1601 4239 est,
1633 4169 2090 4242 Syrophaanissa,

442 4272 650 4330 genere
679 4257 1040 4325 Chananitis,
1072 4259 1243 4328 cujus
1274 4256 1456 4313 ﬁliola
1482 4259 1642 4330 gravi
1690 4259 1893 4315 morbo
1943 4260 2091 4316 deti-

442 4346 720 4415 uehatur;
754 4362 996 4418 quaeque
1029 4347 1100 4402 ad
1142 4345 1458 4402 Dominum
1506 4351 1775 4403 nostrum
1824 4349 2089 4416 accessit,

440 4434 703 4492 clamans
731 4441 789 4492 et
818 4434 1156 4507 supplicans
1189 4440 1252 4490 ut
1272 4434 1463 4490 filiolae
1493 4451 1612 4491 sua:
1644 4436 1992 4492 mederetur.
2021 4440 2093 4493 At

438 4522 559 4591 ille,
592 4524 765 4581 etiam
798 4542 832 4580 a
862 4525 1030 4581 nobis
1062 4528 1321 4596 rogatus,
1355 4524 1531 4581 dixit:
1570 4529 1694 4580 Non
1721 4524 1855 4581 licet
1885 4543 2092 4583 sanare

440 4618 663 4687 gentes,
697 4630 824 4686 quae
846 4613 1089 4669 canibus
1117 4613 1244 4669 ideo
1267 4612 1490 4671 similes
1511 4618 1650 4670 sunt
1667 4614 1821 4686 quod
1846 4614 2090 4671 diversis
2122 4638 2167 4702 D

442 4706 694 4757 utuntur
721 4707 778 4758 et
806 4702 952 4757 cibis
978 4708 1036 4758 et
1065 4701 1360 4774 operibus,
1386 4719 1520 4759 cum
1544 4703 1707 4774 regni
1730 4719 1933 4760 mensa
1950 4704 2088 4761 filiis

447 4790 680 4847 Israelis
706 4792 922 4847 tradita
952 4791 1045 4846 sit.
1074 4791 1178 4847 Illa
1201 4808 1334 4847 vero
1364 4795 1677 4864 postquam
1700 4791 1757 4847 id
1783 4792 2085 4861 audiisset,

445 4885 503 4936 et
529 4897 630 4952 per
658 4880 803 4936 illud
834 4881 989 4952 quod
1021 4881 1091 4935 de
1116 4880 1381 4951 ejusdem
1402 4897 1616 4937 mensae
1642 4880 1810 4937 micis
1832 4881 2089 4937 cadenti-

444 4969 558 5025 bus
602 4969 782 5042 (velut
812 4969 995 5042 canis)
1054 4969 1342 5042 particeps
1399 4970 1555 5027 facta
1609 4970 1744 5041 fuit,
1803 4974 2092 5027 mutasset

2201 3368 2440 3423 στεύεται
2471 3370 2537 3405 ⁸⁷·
2586 3368 2675 3423 καὶ
2720 3368 2748 3422 6
2794 3370 2861 3422 τά
2894 3366 3197 3442 μισούντων
3224 3372 3395 3423 ποιῶν
3429 3367 3727 3444 ἡγάπηται,
3758 3368 3852 3423 καὶ

2201 3456 2229 3511 6
2261 3455 2454 3533 ἐχθρὸς
2507 3456 2581 3519 ὡς
2631 3455 2793 3534 φίλος
2846 3453 3220 3525 ἀποδέδεκται,
3272 3456 3363 3511 καὶ
3417 3456 3641 3521 θάτατος
3674 3455 3747 3511 ὢν
3776 3458 3854 3519 ὡς

2200 3546 2389 3614 σώζων
2448 3545 2775 3615 πεπόθηται,
2829 3544 2918 3600 καὶ
2966 3549 3072 3620 πῦρ
3120 3544 3191 3601 ὥν
3226 3550 3340 3625 φῶς
3370 3545 3702 3619 νενόμισται,
3757 3547 3852 3601 καὶ

2199 3631 2404 3696 πλάνος
2435 3632 2507 3688 ὣν
2538 3634 2612 3697 ὡς
2644 3632 2927 3702 ἀληθεύων
2964 3633 3233 3693 ἀκούεται.
3265 3639 3440 3689 Ταῦτα
3464 3633 3695 3697 ἀκούσας
3740 3634 3851 3711 ἐγὼ

2200 3723 2457 3795 Κλήμης.
2506 3722 2599 3785 Τίς
2647 3721 2748 3800 ἄρα
2792 3723 3076 3799 τυγχάνει,
3128 3721 3284 3801 ἔφην,
3335 3721 3543 3785 οῦτοςὸ
3588 3728 3849 3787 τοσοῦτος

2202 3809 2274 3866 ὢν
2306 3810 2551 3866 ἀπατεὼν
2585 3814 2652 3881 ⁸⁷,
2698 3812 2884 3886 μαθεῖν
2934 3809 3157 3882 ἤθελον.
3199 3812 3297 3867 Καὶ
3331 3813 3359 3866 6
3391 3811 3595 3888 Πέτρος
3628 3807 3751 3889 ἔφη·
3786 3813 3850 3868 Εἰ

2202 3898 2376 3965 θέλεις
2413 3901 2622 3973 μαθεῖν,
2669 3899 2894 3976 παρεστί
2945 3921 3028 3955 σοι
3068 3900 3131 3956 τὸ
3180 3905 3404 3977 γνῶναι,
3435 3902 3561 3978 παρ’
3592 3902 3666 3957 ὧν
3698 3903 3849 3979 καγὼ

2197 3990 2266 4045 τὰ
2294 3989 2410 4045 κατ’
2440 3988 2599 4045 αὐτὸν
2621 3990 2796 4046 πάντα
2824 3984 3132 4068 ἠκρίϐωκα.

2271 4168 2408 4224 ΧΙΧ·
2443 4165 2648 4222 Ἰοῦστά
2690 4186 2776 4230 τις
2824 4166 2877 4222 ἐν
2922 4170 3057 4242 ἡμῖν
3092 4166 3204 4224 ἐστι
3252 4165 3725 4247 Συροφοινίκισσα,
3782 4166 3850 4222 τὸ

2199 4256 2358 4332 γένος
2392 4259 2693 4323 Χανανῖτις,
2732 4256 2802 4326 ἧς
2831 4256 2894 4311 τὸ
2924 4258 3212 4334 θυγάτριον
3244 4257 3346 4313 ὑπὸ
3390 4255 3641 4333 χαλεπῆς
3688 4255 3849 4311 νόσου

2199 4344 2497 4421 συνείχετο,
2546 4344 2582 4414 ἢ
2632 4344 2722 4399 καὶ
2768 4344 2849 4418 τῷ
2898 4346 3079 4422 Κυρίῳ
3126 4347 3285 4419 ἡμῶν
3329 4346 3613 4422 προσῆλθε
3665 4346 3850 4420 βοῶσα

2196 4435 2287 4490 καὶ
2343 4432 2674 4502 ἱκετεύουσα,
2724 4433 2872 4496 ὅπως
2925 4434 3090 4504 αὐτῆς
3116 4435 3181 4490 τὸ
3209 4436 3491 4511 θυγάτριὸν
3524 4433 3845 4511 θεραπεύσῃ.

2197 4525 2255 4582 Ὀ
2306 4521 2383 4593 δὲ,
2442 4524 2531 4577 καὶ
2573 4523 2658 4602 ὑφ’
2704 4524 2863 4596 ἡμῶν
2914 4522 3180 4597 ἀξιωθεὶς,
3234 4524 3399 4579 εἶπεν·
3469 4523 3584 4581 Ούκ
3653 4520 3848 4594 ἔξεστιν

2200 4612 2377 4668 ῗᾶσθαι
2419 4613 2486 4667 τά
2535 4609 2682 4682 ἔθνη,
2751 4611 2965 4667 ἐοικότα
3026 4613 3199 4679 κυσὶν,
3273 4610 3361 4669 διὰ
3432 4612 3496 4667 τὸ
3563 4610 3845 4690 διαφόροις

2198 4702 2434 4779 χρῆσθαι
2466 4703 2510 4738 ⁸³
2560 4705 2788 4778 τροφαῖς
2826 4700 2917 4755 καὶ
2967 4701 3238 4773 πράξεσιν,
3290 4696 3698 4774 ἀποδεδομένης
3744 4706 3846 4769 τῆς

2197 4793 2334 4848 κατά
2380 4791 2477 4859 τὴν
2534 4788 2810 4866 βασιλείαν
2841 4791 2889 4827 ⁸⁴
2943 4790 3215 4867 τραπέζης
3262 4795 3377 4854 τοῖς
3426 4790 3568 4853 υἱοῖς
3598 4787 3843 4865 Ἰσραήλ.

2197 4882 2259 4938 Ἡ
2291 4876 2349 4935 δὲ
2393 4883 2554 4934 τοῦτο
2604 4877 2894 4952 ἀκούσασα,
2939 4879 3030 4935 καὶ
3075 4881 3174 4949 τῆς
3220 4877 3385 4950 αὐτῆς
3432 4877 3724 4955 τραπέζης,
3769 4877 3847 4938 ὡς

2198 4990 2371 5045 κειων,
2433 4965 2636 5044 ψιχίων
2703 4966 3126 5024 ἀποπιπτόκτων
3188 4960 3738 5042 συμμεταλαμϐάνειν
3780 4966 3849 5037 ⁸⁵,

1791 5112 2034 5170 VARUE
2070 5111 2487 5171 LECTIONES.

508 5229 555 5266 ⁷³
585 5232 682 5285 τοῦ
713 5229 959 5285 accessit
989 5244 1057 5284 ex
1086 5230 1150 5285 0.
1226 5230 1272 5265 ⁷³
1302 5223 1461 5289 οὗτος
1488 5230 1559 5301 τῇ
1590 5226 1722 5300 τέξει
1756 5228 1818 5297 C,
1852 5228 1911 5285 in
1942 5246 2071 5286 mar

442 5301 585 5358 Dein
614 5302 950 5383 ﬁppjdjOXOﬁ
1098 5302 1162 5383 '7‘
1192 5302 1382 5383 Aaron
1433 5303 1500 5383 et.
1540 5308 1739 5383 postea
1786 5301 2032 5383 Moyses.

441 5445 591 5500 Tum
624 5444 844 5500 inserui
877 5443 904 5497 6
935 5459 983 5497 c.
1016 5444 1241 5499 eodem.
1274 5444 1387 5499 Cir.

446 5522 646 5571 suerat
674 5516 741 5571 D.
770 5517 919 5571 Tum
954 5515 1159 5585 scripsi
1190 5514 1256 5582 ἦν
1289 5530 1358 5569 ex
1386 5517 1654 5585 conject.,

2117 5272 2128 5284 .
2164 5226 2336 5289 οὕτως
2362 5248 2413 5283 τ.
2445 5247 2498 5285 τ.
2530 5244 2632 5300 pro
2662 5227 3041 5300 conjectura:
3078 5225 3249 5288 οὕτως
3293 5225 3424 5300 (εἷο)
3468 5228 3539 5298 τῇ

2131 5302 2263 5356 xod.
2300 5317 2375 5369 v1,
2406 5300 2498 5370 20,
2531 5296 2631 5365 vn,
2662 5302 2717 5369 7,
2753 5297 2927 5355 Num.
2960 5317 3112 5367 xxvr,
3143 5301 3235 5364 59,
3267 5296 3324 5353 et
3354 5299 3374 5352 Ι
3404 5296 3765 5370 Ροιιοιῇρλνι,
3796 5296 3853 5370 3,

441 5371 830 5437 xxxm,'13.C.
909 5373 952 5407 ⁷⁵
982 5373 1062 5427 De
1089 5372 1306 5427 Jornne
1336 5371 1599 5440 Baptista
1629 5372 1783 5428 dicto
1816 5371 1939 5428 Elia
1968 5372 2174 5429 Matth.
2208 5389 2289 5440 x1,
2324 5373 2427 5437 ili;
2461 5388 2598 5435 xvn,
2636 5372 2721 5438 12,
2760 5371 2865 5437 13;
2900 5375 3036 5426 Luc.
3072 5389 3110 5440 1,
3146 5375 3231 5426 17.
3263 5374 3322 5423 C.

1482 5443 1630 5499 atth.
1676 5462 1754 5510 x1,
1811 5444 1892 5499 ii.
1946 5445 2216 5511 Credner,
2270 5444 2530 5514 Beitmge
2582 5443 2624 5510 Ι,
2674 5441 2976 5514 286,_365.
3053 5443 3096 5477 ⁷⁷
3148 5443 3231 5497 Ita
3283 5441 3347 5514 Ο,
3397 5442 3606 5511 utjam

1685 5515 1723 5585 ᾖ
1752 5518 1815 5583 Ο,
1849 5516 1912 5582 ἦν
1948 5517 2012 5571 Ο.
2090 5516 2132 5550 ⁷⁸
2165 5510 2648 5585 6adjunxi'cnO.
2726 5513 2772 5585 "_“
2804 5512 2919 5569 Cir.
2954 5514 3149 5581 Baur.,
3210 5512 3426 5568 Paulus
3568 5512 3726 5585 Δ219.
3754 5510 3847 5566 ’S.

3591 5224 3735 5296 τάξει
3783 5223 3853 5281 Ο.

3400 5372 3441 5403 ⁷⁸⁵
3464 5361 3758 5423 ἀπολάϐεῖν
3786 5361 3852 5423 Ο.

3642 5455 3858 5511 ριὀρο·

444 5588 490 5622 ⁸ο
519 5591 679 5640 τοῦτο
710 5587 766 5641 C.
846 5587 889 5622 ⁸⁷
921 5571 1266 5638 πεπίστευται
1299 5585 1357 5640 C.
1405 5656 1415 5658 _
1437 5571 1599 5641 8",Ita.
1628 5571 1973 5657 ae'cohject.
2010 5590 2072 5658 Ο.
2103 5571 2317 5658 in__cuj:'
2340 5582 2845 5658 tex1,um&1_'c'ztaiwv,
2900 5590 2965 5640 ut
3139 5571 3221 5658 ’ξῖ
3261 5571 3501 5658 χρῆσθαῖ
3558 5582 3640 5658 Ο,Δ
3684 5598 3734 5637 c.
3764 5585 3848 5658 .8,

450 5660 683 5732 χρᾶσθαι
706 5664 772 5732 Ω.
808 5660 921 5732 (ἔτι.
956 5663 1151 5732 tamen
1180 5658 1321 5732 Lob_1
1349 5656 1587 5732 Pluyg,
1618 5674 1675 5729 p.
1707 5659 1798 5714 61.
1832 5648 1891 5713 L.
1967 5658 2012 5693 3‘
2055 5648 2328 5730 βασίλειον
2354 5658 2418 5713 0.
2495 5656 2539 5691 ⁸⁵
2588 5655 2724 5712 Post
2783 5648 3334 5729 συμμεταλαμϐάνᾶν
3363 5648 3560 5713 ’άθθει
3610 5648 3852 5728 δεομένη

450 5724 751 5802 aliquantis
781 5730 854 5787 ob
892 5730 1048 5787 vocis
1077 5724 1484 5803 ὁμοιοτὲλευιον
1514 5724 1584 5785 Β.
