4116 6224
384 344 453 407 89
1529 346 2067 411 CLEMENTINA.
2097 379 2177 393 —
2203 346 2540 411 HOMILIA
2580 348 2657 412 II.
3717 344 3796 409 90

387 480 482 539 ὅθ
518 480 862 552 μεταθεμένή
901 476 1031 555 ὅπερ
1062 480 1243 553 ἦν,τῷ
1271 480 1315 518 ⁸⁸
1346 477 1557 554 ὁμοίως
1592 476 1891 535 διαιτᾶσθαι
1922 483 2041 543 τοῖς

2157 481 2310 553 quod
2343 485 2485 550 erat,
2520 486 2718 555 utpote
2748 482 2949 538 eodem
2982 498 3049 540 ac
3080 480 3183 536 filii
3242 478 3404 555 regni
3460 495 3572 535 usa
3612 477 3791 546 victu,

386 572 481 636 τῆς
518 567 801 643 βασιλείας
828 570 1104 639 υἱοῖς,τῆς
1136 569 1210 632 είς
1242 570 1340 639 τὴν
1374 570 1661 645 θυγατέρα,
1682 570 1755 631 ὡς
1786 568 2038 639 ἠξίωσεν,

384 658 573 733 ’ἔτυχεν
608 658 826 719 ἶάσεως.
859 659 931 714 Οὐ
990 660 1091 733 γὰρ
1151 659 1210 713 ἂν
1264 659 1478 729 ἐθνικὴν
1525 657 1684 714 οὖσαν
1716 658 1804 713 καὶ
1838 658 1923 713 ἐπὶ

385 748 522 819 αὗτῇ
579 748 841 819 πολιτείᾳ
887 750 929 784 ⁸⁷
982 747 1243 821 μένουσαν
1293 749 1320 802 ὁ
1367 749 1466 817 τὴν
1517 749 1693 824 ἀρχὴν
1737 745 1827 802 διὰ
1869 748 1932 802 τὸ
1962 749 2038 820 μή

385 835 581 907 ἐξεῖναι
647 836 959 912 θεραπεύειν
1002 839 1047 874 ⁸⁸
1118 838 1192 899 ὡς
1260 836 1472 906 ὲθνικὴν
1540 836 1790 909 μείνασαν
1857 835 2041 912 ἐθερά-

382 945 576 979 πευσεν
583 969 596 981 .

456 1019 571 1071 XX.
608 1012 762 1083 Αὐτὴ
813 1012 1049 1085 οὗν,τήν
1089 1014 1326 1088 νόμιμον
1376 1016 1422 1051 ⁸³
1470 1011 1831 1087 ἀναδεξαμένη
1879 1011 2043 1069 πολιο

380 1101 529 1157 τείαν
564 1103 671 1157 ὑπὸ
719 1108 821 1157 τοῦ
870 1100 1010 1157 ἰδίου
1052 1100 1244 1177 ἀνδρὸς
1293 1102 1506 1159 ἐναντία
1534 1108 1859 1182 φρονοῦντος
1906 1105 2041 1176 ἡμῖν

385 1193 525 1262 μετα
555 1199 659 1261 τῆς
690 1190 935 1259 ίαθείσης
970 1191 1230 1269 θυγατρὸς
1285 1190 1434 1248 ἰδίων
1481 1190 1645 1247 οἶόιων
1695 1188 2043 1262 ἐκϐέϐληται.

381 1281 449 1335 Ἡ
511 1278 571 1334 δὲ
631 1280 1052 1354 εὖγνωμονοῦσα
1107 1282 1244 1357 πρὸς
1318 1281 1415 1343 τὰς
1493 1282 1784 1351 συνθήκας,
1842 1280 1933 1335 καὶ
1992 1279 2043 1335 ἐν

382 1369 674 1443 περιουσίᾳ
728 1369 848 1443 βίου
898 1368 1237 1445 ὑπάρχουσα,
1269 1368 1405 1439 αὐτή
1455 1372 1499 1407 ⁸ο
1554 1370 1646 1444 μὶν
1696 1372 1849 1446 χήρα
1894 1366 2047 1443 ἔμει-

382 1458 583 1524 νεν,τὸ
618 1455 675 1513 δὲ
704 1457 988 1533 θυγάτριον
1040 1458 1205 1528 αὐτῆς
1255 1456 1408 1535 ἀνδρί
1458 1480 1565 1513 τινι
1613 1458 2045 1535 εὖγνωμονοῦντι

384 1549 525 1615 πρὸς
550 1551 652 1616 τὴν
684 1546 867 1618 ἀληθῆ
896 1548 1073 1603 πίστιν
1101 1547 1191 1604 καὶ
1240 1550 1434 1619 πένητι
1477 1544 1589 1604 ὅντι
1641 1544 2043 1625 συνηρμόσστο.

384 1640 445 1690 Ἡ
481 1634 539 1690 δῖε
583 1638 674 1690 καὶ
728 1644 827 1705 τῆς
878 1637 1136 1713 θυγατρὸς
1190 1636 1454 1715 προφάσει
1493 1635 1675 1713 γάμου
1708 1643 2043 1712 στερηθεῖσα,

387 1724 487 1779 δῦο
546 1723 748 1787 παῖδας
806 1725 1133 1799 ὠνησαμένη
1207 1726 1298 1781 καὶ
1374 1725 1723 1797 παιδεῦσασα,
1784 1726 1859 1789 είς
1915 1728 2045 1784 υἱῶν

2149 569 2279 625 filia:
2315 572 2625 627 sanitatem
2660 588 2839 643 quam
2863 571 3106 643 petierat
3127 568 3604 641 obtinuit.Neque
3633 568 3791 625 enim

2148 659 2463 729 ethnicam,
2501 665 2677 732 atque
2707 661 2910 715 eodem
2945 660 3000 714 in
3034 659 3158 713 vitae
3191 674 3400 732 genere
3430 673 3789 729 permanen-

2149 749 2544 815 tem,sanitate
2566 750 2843 805 donasset
2865 748 2965 820 qui
2987 749 3044 804 id
3069 749 3233 804 initio
3256 764 3371 804 non
3394 746 3789 819 fecerat,quod

2151 854 2266 895 non
2300 838 2501 894 liceret
2532 839 2589 893 in
2621 838 2856 894 ethnica
2886 839 3095 894 facere.

2222 1016 2339 1073 XX.
2376 1016 2479 1073 Illa
2510 1034 2666 1090 ergo,
2700 1018 2899 1087 vitam,
2934 1033 3064 1089 quae
3111 1018 3281 1089 juxta
3324 1015 3510 1087 legem
3543 1013 3795 1083 ducitur,

2155 1106 2441 1179 amplexa,
2466 1124 2499 1162 a
2520 1124 2627 1163 suo
2651 1108 2793 1176 viro,
2820 1106 3108 1161 contraria
3126 1105 3290 1160 nobis
3322 1105 3632 1170 sentiente,
3665 1119 3802 1159 cum

2155 1200 2365 1251 sanata
2394 1196 2513 1251 filia
2540 1213 2570 1252 e
2602 1197 2774 1251 domo
2808 1194 3041 1267 propria
3069 1196 3252 1266 ejecta
3275 1198 3383 1249 est.
3408 1191 3671 1263 Diligens
3701 1207 3805 1247 au-

2154 1288 2271 1340 tem
2306 1302 2374 1340 ea
2403 1301 2530 1357 que
2564 1285 2883 1357 pepigerat,
2914 1289 2972 1339 et
3026 1284 3332 1340 abundans
3390 1281 3620 1353 opibus,
3672 1280 3803 1352 ipsa

2156 1373 2393 1445 quidem
2434 1374 2653 1429 mansit
2682 1374 2875 1443 vidua,
2918 1372 3097 1429 filiam
3153 1388 3286 1427 vero
3345 1386 3514 1426 suam
3572 1369 3697 1425 viro
3727 1369 3802 1424 ad

2153 1480 2351 1519 veram
2385 1464 2556 1519 ﬁdem
2590 1480 2881 1535 propenso
2914 1480 2981 1518 ac
3012 1461 3253 1535 pauperi
3286 1460 3593 1531 conjugem
3616 1458 3802 1515 dedit.

2156 1553 2420 1624 Cumque
2451 1558 2687 1624 prepter
2712 1551 2894 1607 ﬁliam
2927 1551 3151 1623 nuptiis
3186 1568 3247 1606 se
3278 1550 3618 1618 abstineret,
3652 1548 3800 1603 duos

2156 1658 2370 1715 pueros
2400 1658 2601 1697 emens
2632 1658 2697 1697 ac
2728 1642 2985 1696 educans
3019 1658 3121 1714 pro
3188 1638 3387 1695 liberis
3439 1637 3661 1692 habuit.
3690 1634 3801 1701 Qui

2157 1732 2322 1804 pueri
2347 1748 2464 1786 una
2484 1747 2616 1786 cum
2640 1730 2876 1786 Simone
2899 1731 3067 1803 Mago
3095 1747 3128 1785 a
3157 1728 3373 1785 teneris
3395 1727 3565 1782 annis
3586 1724 3801 1791 educti,

389 1814 520 1889 ἔσχε
550 1814 744 1871 τόπον.
776 1818 970 1869 "Arma
998 1820 1077 1888 τῷ
1111 1814 1273 1891 μάγῳ
1304 1815 1511 1889 Σίμωνι
1544 1816 1602 1871 ἐκ
1648 1815 1855 1872 παίδων
1909 1838 2042 1889 συμ-

2160 1826 2373 1877 cuncta
2403 1819 2562 1875 illius
2593 1819 2943 1875 didicerunt.
3004 1820 3193 1875 Tanta
3251 1818 3466 1889 quippe
3518 1815 3670 1871 inter
3708 1830 3807 1871 eos

388 1902 768 1976 παιδευθέντα,
801 1904 971 1959 πάντα
1017 1906 1085 1960 τὰ
1129 1907 1245 1960 κατ’
1294 1906 1452 1961 αὐτὸν
1504 1906 1943 1980 ἐκμεμαθήκασιν
1977 1910 2043 1963 θί.

388 1992 638 2062 Τοσαῦτη
699 1994 801 2068 γὰρ
852 1993 1025 2048 αὐτῶν
1074 1997 1141 2063 ἦν
1190 1997 1225 2065 ἡ
1275 1994 1453 2072 φιλία,
1495 1995 1570 2057 ὡς
1616 1996 1705 2050 καὶ
1756 2000 2043 2050 συσπεῦσαι

392 2080 541 2151 αὐτῷ
575 2082 625 2136 ἐν
658 2088 819 2136 πᾶσιν
854 2084 937 2144 οἷς
972 2081 1230 2158 βούλοιτο
1262 2087 1306 2121 ⁹²
1330 2083 1517 2146 αὐτοῖς
1547 2083 1720 2141 ἑνοῦν.

465 2175 604 2225 XXI.
658 2171 823 2227 Οὗτοι
889 2176 966 2243 τῷ
1031 2172 1254 2237 ἐνταῦθα
1321 2170 1721 2246 ἐπιδημήσαντι
1791 2172 2045 2249 Ζακχαίῳ

388 2259 775 2334 συντυχόντες,
804 2260 892 2314 καὶ
920 2266 1017 2315 τοῦ
1046 2264 1143 2331 τῆς
1178 2261 1434 2332 ἀληθείας
1484 2259 1551 2317 δι’
1590 2262 1755 2317 αὐτοῦ
1807 2260 2045 2335 μεταλα-

388 2344 579 2409 ϐόντες
621 2347 815 2423 λόγου,
853 2349 941 2404 ἐπὶ
994 2356 1109 2412 τοῖς
1157 2351 1399 2423 πρώτοις
1442 2357 1830 2428 νεωτερισμοῖς
1882 2373 2043 2425 μετα-

394 2437 753 2508 μεληθέντες,
785 2437 999 2513 ταχέως
1028 2442 1124 2493 τοῦ
1158 2439 1409 2512 Σίμωνος
1465 2439 1841 2515 καταγνόντες,
1873 2440 2046 2497 πάντα

392 2525 541 2597 αὐτῷ
598 2525 922 2596 συνειδότες,
956 2528 1070 2601 ἅμα
1115 2533 1195 2601 τῷ
1250 2527 1586 2602 ἐπιδημῆσαί
1627 2532 1671 2567 ³³
1704 2551 1771 2603 με
1802 2530 2043 2600 ἐνταῦθα,

395 2617 535 2687 μετᾶ
587 2623 690 2685 τῆς
758 2616 1198 2693 ἀναθρεψαμένης
1260 2617 1456 2679 αὐτοὺς
1509 2620 1602 2676 ετ
1654 2617 2046 2696 προσελθόντες

398 2724 521 2775 μοι,
557 2706 645 2759 ὑπ’
700 2704 867 2759 αὖτοῧ
924 2706 1261 2769 συσταθέντες
1319 2727 1433 2780 μοι,
1464 2706 1553 2762 καὶ
1607 2704 1789 2763 ἔκτοτε
1816 2707 2047 2765 πάντοτε

394 2792 625 2846 σύνεισίν
655 2796 779 2836 ⁹⁴ο⁹⁹
814 2815 929 2867 μοι,
958 2799 1066 2850 τῶν
1096 2802 1198 2864 τῆς
1232 2793 1490 2865 ἀληθείας
1522 2794 1887 2860 ἀπολαύοντες
1948 2818 2046 2871 μα-

390 2883 677 2953 θημάτων.
725 2887 902 2938 Ταῦτα
954 2883 1118 2938 εἰπὼν
1181 2885 1209 2939 ὁ
1260 2884 1483 2959 Πέτρος,
1538 2885 2044 2961 μεταπεμψάμενος,

391 2968 673 3026 ἐκέλευσεν
708 2971 895 3033 αὐτοῖς
922 2975 989 3009 ¹⁰⁰
1018 2974 1192 3028 πάντα
1226 2994 1317 3047 μοι
1344 2974 1411 3027 τὰ
1441 2978 1459 3011 ί
1491 2975 1627 3029 κατὰ
1679 2975 1770 3030 τὸν
1820 2976 2047 3050 Σίμωνα

390 3055 634 3131 ἀκριϐῶς
689 3060 1007 3125 ἐκτίθεσθαι.
1066 3063 1128 3117 Οἱ
1186 3060 1245 3118 δὲ
1288 3062 1381 3119 τὸν
1436 3063 1563 3119 Θεὸν
1641 3066 2046 3141 μαρτυράμενοι

391 3146 565 3222 μηδὲν
597 3150 890 3223 ψεύσασθαι
924 3150 1232 3222 ἐξετίθεντο.

464 3215 631 3296 XXII:
663 3246 750 3302 Ὡς
780 3215 995 3316 πρῶτος
1023 3243 1051 3296 ὁ
1084 3239 1315 3304 Ἀκύλας
1344 3237 1545 3317 ἤρξατο
1606 3239 1783 3317 λέγειν
1843 3242 2038 3308 οὕτως’
2074 3215 2119 3285 C

386 3328 678 3400 Ἄκουσον,
711 3330 756 3384 ὧ
796 3332 817 3366 ²
867 3329 1089 3408 φίλτατε
1133 3333 1268 3403 ἡμῖν
1317 3328 1538 3408 ἀδελφὲ,
1589 3330 1737 3395 ὅπως
1802 3328 2041 3406 ἀκριϐῶς

384 3419 563 3472 πάντα
618 3420 687 3474 τὰ
739 3419 877 3473 κατὰ
928 3420 1018 3474 τὸν
1075 3416 1240 3493 ἄνδρα
1287 3416 1460 3494 εἰδῇς,
1489 3417 1639 3482 τίνος
1688 3440 1747 3476 τε
1803 3418 1901 3491 ὢν,
1949 3423 2039 3478 καὶ

379 3506 469 3569 τίς
528 3509 618 3561 καὶ
675 3507 862 3577 πόθεν,
912 3508 1033 3563 τίνα
1088 3510 1145 3563 τὲ
1204 3508 1342 3564 ἐστιν
1404 3508 1437 3563 ἆ
1474 3510 1718 3583 πράττει,
1776 3512 1866 3565 καὶ
1920 3515 2041 3575 πῶς

379 3598 479 3650 καὶ
511 3595 601 3651 διὰ
645 3597 719 3653 τί.
758 3597 947 3669 Σίμων
982 3586 1148 3660 οὗτος.
1172 3598 1376 3675 πατρὸς
1413 3600 1505 3671 μὲν
1540 3594 1681 3653 ἔστιν
1722 3599 2037 3674 Ἀντωνίου,

386 3688 600 3757 μητρὸς
634 3684 691 3740 δὲ
719 3684 952 3762 Ῥαχὴλ,
986 3687 1273 3762 Σαμαρεὺς
1319 3688 1379 3742 τὸ
1429 3685 1602 3760 ἔθνος,
1633 3686 1741 3743 ἀπὸ
1791 3691 1989 3744 Γιτθῶν
2017 3692 2040 3727 ⁸

378 3775 605 3845 κώμης,
636 3782 735 3845 τῆς
767 3774 983 3837 πόλεως
1018 3776 1333 3852 ἀπεχούσης
1360 3776 1614 3852 σχοίνους
1760 3778 1954 3849 Οὗτος,
1988 3778 2040 3835 ἐν

379 3862 767 3937 Ἀλεξανδρεία
810 3869 879 3939 τῇ
928 3865 1063 3941 πρὸς
1118 3863 1393 3939 Αἰγυπτον
1441 3867 1701 3942 γεγονὼς,
1735 3866 2037 3943 Ἑλληνικῇ

374 3950 605 4025 παιδείᾳ
631 3957 654 3989 ⁴
680 3953 817 4008 πάνυ
847 3954 1138 4025 ἐξασκήσας
1170 3954 1356 4010 ἑαυτὸν
1378 3953 1467 4009 καὶ
1512 3955 1710 4031 μαγείᾳ
1753 3955 1899 4012 πολὺ
1952 3955 2040 4013 δυ-

373 4042 569 4111 νηθεὶς
597 4042 686 4097 καὶ
718 4044 1003 4119 φρενωθεὶς
1031 4046 1072 4116 ⁸,
1106 4041 1252 4099 θέλει
1290 4043 1600 4116 νομίζεσθαι
1649 4044 1897 4117 ἀνωτάτη
1951 4067 2038 4111 τις

376 4131 517 4186 εἶναι
554 4128 775 4205 δόναμις
804 4132 893 4187 καὶ
927 4132 1089 4189 αὐτοῦ
1120 4137 1216 4187 τοῦ
1242 4134 1333 4187 τὸν
1352 4132 1557 4206 κόσμον
1580 4132 1857 4198 κτίσαντος
1880 4139 2035 4195 Θεοῦ.

380 4221 593 4278 Ἐνίοτε
625 4218 682 4276 δὲ
707 4221 797 4276 καὶ
827 4224 1056 4297 Χριστὸν
1092 4223 1277 4278 ἑαυτὸν
1322 4221 1715 4296 αἰνισσόμενος,
1747 4225 1988 4280 Ἑστῶτα
2015 4228 2038 4263 ⁸

374 4310 796 4386 προσαγορεύει.
827 4311 1002 4385 Ταύτῃ
1054 4309 1114 4367 δὲ
1166 4316 1235 4386 τῇ
1290 4312 1654 4388 προσαγορείᾳ
1684 4316 1703 4349 ⁷
1741 4314 2034 4389 κέχρηται,

375 4398 457 4460 ὡς
520 4396 587 4467 δή
647 4399 981 4472 στησάμενος
1038 4400 1140 4470 ἀεὶ,
1173 4400 1263 4456 καὶ
1321 4400 1496 4456 αἰτίαν
1552 4407 1777 4479 φθορᾶς,
1838 4401 1977 4459 ὥστε
2014 4406 2035 4442 ⁸

371 4489 443 4542 τὸ
504 4492 664 4561 σῶμα
719 4494 920 4562 πεσεῖν,
980 4488 1080 4545 οὐκ
1143 4488 1309 4566 ἔχων.
1371 4489 1470 4546 Καὶ
1526 4487 1650 4546 οὔτε
1733 4492 1883 4562 Θεὸν,
1938 4493 2031 4549 τὸν

2155 1914 2279 1967 erat
2312 1910 2591 1976 amicitia,
2617 1918 2683 1963 ut
2705 1926 2837 1964 cum
2865 1908 2963 1964 illo
2987 1908 3045 1963 in
3070 1908 3343 1964 omnibus
3370 1906 3801 1969 concurrerent,

2156 1999 2213 2055 in
2245 1999 2462 2072 quibus
2493 1997 2665 2054 vellet
2694 2015 2755 2054 se
2788 1998 2903 2053 illis
2935 1998 3213 2053 adunare.

2224 2177 2367 2233 XXI.
2393 2177 2460 2233 Hi
2510 2176 2846 2233 Zaccbaaum
2892 2176 2973 2231 ibi
3029 2180 3297 2248 agentem
3332 2174 3509 2239 nacti,
3541 2188 3607 2227 ac
3652 2170 3799 2226 veri-

2154 2267 2293 2323 tatis
2325 2282 2654 2322 sermonem
2683 2268 2754 2321 ab
2787 2282 2852 2321 eo
2885 2266 3197 2329 discentes,
3229 2267 3357 2320 acta
3386 2264 3456 2317 de
3502 2260 3795 2333 prioribus

2156 2356 2513 2411 facinoribus
2538 2354 3105 2427 puenitentia,breviq
3116 2369 3185 2409 ue
3199 2353 3495 2408 Simonem
3516 2352 3802 2405 damnan-

2155 2449 2265 2511 tes,
2290 2448 2355 2499 ut
2384 2444 2651 2499 omnium
2684 2442 2844 2500 illius
2875 2442 2986 2499 sibi
3019 2442 3257 2509 conscii,
3291 2441 3488 2497 statim
3512 2456 3578 2495 ac
3599 2455 3707 2511 ego
3734 2453 3801 2495 eo

2155 2535 2449 2607 profectus
2482 2549 2636 2599 sum,
2663 2536 3029 2589 accesserunt
3060 2532 3133 2587 ad
3167 2547 3258 2586 me
3290 2547 3407 2585 una
3435 2545 3569 2585 cum
3597 2542 3802 2583 eorum

2154 2622 2506 2690 educatrice,
2536 2626 2595 2677 et
2624 2637 2658 2676 a
2684 2620 2951 2677 Zacchaeo
3011 2620 3156 2675 mihi
3204 2623 3346 2675 sunt
3384 2615 3797 2684 commendati,

2154 2716 2330 2783 atque
2360 2728 2430 2767 ex
2458 2727 2525 2767 eo
2548 2715 2808 2783 tempore
2826 2726 3053 2766 mecum
3080 2725 3313 2781 semper
3332 2710 3794 2773 commorantur,

2154 2804 2575 2874 praceptorum
2601 2800 2863 2855 veritatis
2886 2799 3219 2871 participes.
3238 2798 3366 2853 Haec
3392 2813 3522 2852 cum
3552 2794 3796 2851 dixisset

2154 2891 2380 2958 Petrus,
2412 2888 2633 2946 vocatis
2688 2887 2806 2946 illis
2863 2888 3152 2961 praecepit,
3184 2891 3249 2943 ut
3300 2886 3447 2941 mibi
3492 2884 3689 2941 omnia
3720 2883 3794 2939 ad

2155 2980 2455 3037 Simonem
2520 2978 2874 3049 pertinentia
2928 2977 3237 3048 diligenter
3300 2978 3670 3047 exponerent.
3725 2974 3799 3028 At.

2153 3067 2461 3139 illi,Deum
2495 3068 2853 3139 attestati,se
2882 3065 3221 3123 nullatenus
3251 3064 3797 3132 mentituros,enar-

2156 3162 2380 3214 rarunt.

2227 3246 2396 3303 XXII.
2432 3246 2498 3301 Et
2527 3246 2683 3318 prior
2711 3245 2921 3317 Aquila
2978 3244 3150 3317 coepit
3204 3243 3287 3299 ita
3336 3242 3565 3299 dicere:
3624 3240 3798 3308 Audi,

2154 3335 2500 3392 charissime
2557 3334 2727 3391 nobis
2777 3335 2971 3401 frater,
3030 3338 3097 3390 ut
3153 3337 3419 3389 accurate
3478 3345 3797 3403 cognoscas

2150 3425 2350 3481 omnia
2378 3425 2483 3480 viri
2513 3423 2695 3489 illius,
2728 3425 3037 3495 cujusnam
3070 3423 3163 3494 sit,
3196 3427 3252 3479 et
3282 3421 3413 3495 quis
3444 3426 3501 3478 et
3530 3420 3705 3488 unde,
3737 3422 3795 3474 et

2151 3531 2420 3588 quamam
2452 3514 2573 3570 sint
2603 3530 2729 3585 quae
2761 3513 2919 3581 facit,
2948 3517 3005 3569 et
3035 3530 3149 3585 quo
3172 3513 3367 3579 modo,
3392 3525 3688 3582 quamque
3719 3508 3792 3563 ob

2150 3620 2409 3661 causam.
2446 3604 2546 3658 Hic
2577 3604 2780 3659 Simon
2811 3608 2975 3675 patre
3006 3603 3239 3672 quidem
3294 3600 3563 3666 Antonio,
3607 3602 3793 3654 matre

2148 3710 2281 3751 vero
2314 3692 2563 3749 Rachele
2592 3696 2754 3748 ortus
2786 3696 2911 3759 est;
2974 3692 3208 3747 natione
3265 3689 3692 3757 Samaritanus,
3726 3704 3797 3743 ex

2150 3781 2386 3849 Gittbis,
2422 3781 2545 3837 vico
2578 3781 2675 3853 qui
2709 3797 2809 3836 sex
2866 3778 3119 3835 scboenis
3179 3779 3249 3834 ab
3308 3778 3451 3832 urbe
3490 3775 3687 3831 distat.
3720 3776 3795 3845 Is,

2146 3870 2508 3927 Alexandria;
2540 3870 2609 3925 ad
2641 3869 2838 3924 Nilum
2898 3872 3183 3935 versatus,
3244 3866 3441 3922 Graeca
3480 3862 3798 3935 disciplina

2149 3977 2282 4017 cum
2316 3960 2567 4015 multum
2601 3976 2664 4015 se
2694 3958 3038 4027 exercuerit,
3062 3961 3118 4012 et
3148 3960 3272 4011 arte
3303 3956 3530 4028 magica
3558 3952 3792 4026 polleat,

2151 4054 2345 4105 mente
2374 4048 2583 4119 elatus,
2618 4064 2680 4104 se
2710 4046 2834 4102 vult
2862 4045 3185 4103 existimari
3217 4061 3344 4101 esse
3392 4044 3663 4099 virtutem
3696 4058 3794 4096 su-

2149 4154 2434 4211 premam,
2468 4136 2596 4209 ipso
2628 4152 2863 4208 quoque
2893 4140 3007 4191 Deo
3038 4134 3243 4190 mundi
3274 4132 3570 4189 conditore
3612 4145 3791 4201 supe-

2147 4227 2381 4283 riorem.
2418 4226 2719 4282 Interdum
2776 4241 2911 4281 vero
2968 4240 3030 4280 se
3086 4223 3384 4280 Christum
3426 4220 3789 4293 signiﬁcans,

2147 4316 2409 4372 Stantem
2441 4314 2715 4387 appellat.
2750 4315 2890 4370 Eam
2923 4318 3117 4369 autem
3151 4311 3602 4384 appellationem
3624 4324 3791 4364 usur-

2147 4406 2322 4478 pavit,
2348 4405 2516 4477 quasi
2550 4404 2648 4476 qui
2678 4404 3000 4459 exstiturus
3032 4417 3265 4473 semper
3295 4402 3389 4463 sit,
3423 4415 3527 4455 nec
3580 4397 3793 4453 habeat

2146 4493 2539 4565 corruptionis
2578 4509 2840 4559 causam,
2875 4497 2939 4547 ut
2971 4507 3210 4563 corpore
3264 4488 3550 4545 concidat.
3593 4486 3792 4556 Neque

376 4576 633 4631 κτίσαντα
684 4578 776 4631 τὸν
831 4577 1061 4651 κόσμον,
1092 4578 1363 4633 ἀνώτατον
1425 4579 1557 4633 εἶναι
1620 4578 1790 4657 λέγει,
1851 4579 1975 4638 οὔτε
2013 4584 2035 4619 ⁹

2156 4600 2276 4640 vero
2308 4583 2513 4650 Deum,
2544 4582 2749 4636 mundi
2770 4586 3111 4645 creatorem,
3138 4593 3480 4650 supremum
3520 4591 3647 4630 esse
3670 4574 3786 4642 ait;

376 4665 601 4739 νεκροὺς
643 4665 1019 4742 ὲγερθήσεσθαι
1073 4666 1330 4725 πιστεύει.
1365 4670 1466 4727 58
1514 4669 1620 4737 Τήν
1668 4669 2033 4746 Ἰερουσαλὴμ

377 4754 642 4829 ἀρνεῖται,
688 4756 751 4811 τὸ
797 4756 1010 4831 Γαριζὶν
1063 4759 1106 4793 ¹⁰
1151 4755 1280 4832 ὅρος
1343 4757 1691 4835 ἀντεισφέρει,
1740 4759 1890 4815 Ἀντὶ
1933 4765 2032 4817 τοῦ

2144 4688 2249 4728 nec
2284 4676 2550 4727 mortuos
2581 4670 2895 4726 excitatum
2956 4668 3026 4724 iri
3084 4667 3286 4723 credit.
3328 4663 3787 4736 Hierosolymam

2142 4766 2337 4835 negat,
2362 4764 2739 4831 montemque
2766 4758 3123 4815 Garizimum
3154 4755 3478 4812 substituit.
3513 4754 3620 4811 Pro
3656 4767 3787 4808 vere

1730 4917 1981 4975 VARUE
2016 4919 2429 4982 LECTIONES.

452 5038 587 5120 θεῖά
617 5039 681 5097 0.
737 5040 803 5120 _"’
828 5040 929 5109 τὴν
986 5037 1154 5120 αὐτὴν
1195 5036 1599 5120 ’πολιτείαν.0.
1675 5042 1719 5120 'f
1778 5042 1852 5115 μὴ
1894 5042 2219 5120 ’θεραπεύων
2279 5043 2653 5120 scribendum
2714 5044 3053 5120 esseuconj.
3118 5042 3191 5120 Ι).¹
3242 5044 3354 5096 Aut
3379 5040 3556 5120 etiam
3612 5040 3789 5120 verba

380 5109 598 5186 ἐθνικῆν
661 5112 912 5186 μείνασαν
970 5109 1255 5186 mutapda
1305 5119 1445 5186 sunt
1502 5113 1563 5171 in
1618 5109 1788 5168 τοῦτο’

377 5185 425 5219 ⁸⁸
454 5178 587 5252 αὕτη
648 5178 738 5239 οὖν
798 5180 933 5253 αὕτη
991 5186 1027 5253 ἡ
1084 5178 1392 5255 νόμιμονΟ.
1469 5186 1515 5221 ⁹⁹
1569 5189 1655 5242 lla
1710 5186 1771 5251 S,
1830 5178 1963 5256 αὕτη
2017 5189 2059 5245 C

1975 5111 2231 5187 ποιήσας.
2291 5122 2344 5171 S.
2383 5116 2545 5187 ATum
2575 5113 2814 5184 ἐθνικήν,
2854 5111 3067 5187 ἐξθνικὴν
3105 5113 3351 5187 μείνασαν
3376 5111 3689 5187 ἐθεράπευεν
3723 5112 3786 5187 C.

2139 5188 2205 5243 0'
2282 5188 2325 5223 ⁹¹
2378 5184 2817 5258 ἐκμεμαθήκασιν
2852 5186 2917 5254 0,
2949 5203 2999 5242 c.
3029 5191 3085 5249 S,
3114 5184 3483 5258 ἐκμαθήκασιν
3516 5188 3574 5251 C,
3634 5184 3789 5289 quod

2139 5255 2323 5306 ὗλοιτο
2354 5258 2419 5306 0,
2453 5274 2502 5306 (3.
2535 5259 2592 5306 S-
2628 5253 2887 5306 Βούλαιτο
2918 5261 2977 5306 C-
3053 5259 3098 5294 9⁸
3129 5254 3372 5306 ἐπιδ-ηιιῆ
3406 5255 3471 5306 Ο.
3547 5254 3643 5295 9⁸-θ
3691 5251 3786 5306 αὖ·

373 5234 511 5339 ipse
530 5234 736 5347 esse,
754 5234 1655 5347 εῇἇέὸάέέιίιζῖὶῖιιξῖτί’δ’δ’ρξοῳρὲῖ
1680 5234 1963 5347 ﬁngo.”
1986 5234 2323 5347 ξῖῖιοιῖλριτφ
2354 5234 2999 5347 όζξξςέζᾷξξὶὰὶτῖρῗ
3029 5234 3287 5341 ὀὶξέἑὲῖέή
3497 5234 3617 5347 n3"-

373 5320 508 5386 τῖοὺς
531 5320 932 5400 προσελθόντες
964 5326 1145 5400 ἔκτοτε
1174 5320 1469 5400 σύνεισιῖΟ,
1504 5320 1866 5400 interpositis
1898 5320 2377 5400 verbisomissis.
2407 5320 2418 5328 ’
2457 5330 2527 5367 ¹⁰⁰
2572 5320 2817 5383 ἐκέλευσε
2860 5327 3031 5382 πάντα
3078 5330 3204 5386 sine
3256 5320 3438 5400 αὖτοῖς
3497 5325 3562 5381 0.
3717 5320 3784 5377 τά

377 5416 498 5453 om.
530 5405 589 5453 C.

668 5401 689 5434 ³
719 5400 765 5451 ὦ
796 5401 1031 5455 deestin
1061 5399 1125 5455 Ο.
1161 5396 1512 5455 Cotelerium
1543 5396 1797 5456 edidisse
1834 5398 1968 5469 μετὰ
1996 5421 2046 5454 τ.
2082 5399 2158 5456 ἂν.
2219 5402 2370 5456 male
2428 5406 2591 5456 notat
2648 5401 2724 5457 S:
2759 5402 2815 5455 iu
2848 5401 3133 5457 Clericum
3194 5396 3776 5469 animadvertendum

376 5478 520 5553 erat.
559 5540 571 5553 ‘
596 5470 618 5503 ³
650 5470 734 5557 μὲι
764 5471 894 5525 Ruf.
946 5477 1001 5525 et
1031 5471 1129 5557 Ο,
1370 5470 1718 5557 ἀπὸηΓετθῷνι
1740 5473 1798 5527 C.
1835 5466 1904 5526 Ει
1932 5472 2075 5552 Epit.
2107 5474 2261 5557 c.n25
2294 5471 2513 5557 l‘t'rOth,
2576 5489 2692 5557 var.
2730 5472 2883 5557 “lect.
2914 5543 2925 5555 ι
2955 5472 3172 5557 ibidem
3232 5470 3446 5557 ςητθῶν
3549 5467 3571 5500 ⁸

375 5544 446 5611 τῇ
466 5538 1754 5629 Γπρὸς,ᾼῗγυτὶτον’γεγονιὶέςΈῄλληνικῇἳπαιδείᾳ
1786 5538 1985 5615 recepi
2029 5561 2098 5599 ex
2153 5544 2217 5599 Ο.
2296 5545 2316 5579 ⁵

2054 5616 2157 5670 404
2211 5632 2332 5687 sep.
2376 5616 2502 5682 508,
2533 5616 2591 5669 S.
2694 5616 2714 5649 ⁸
2745 5616 3095 5688 προσηγορίᾳ
3151 5619 3208 5668 C.
3284 5616 3305 5647 ⁸
3336 5616 3471 5663 ὥστε
3528 5616 3637 5663 ωε(

2045 5687 2158 5744 nde
2184 5682 2561 5762 ἐγερθήσεσθαι
2590 5703 2646 5758 p.
2680 5683 2973 5763 ἐγηγὲρθαι
3004 5702 3056 5743 c.
3088 5685 3155 5741 Ο.
3230 5682 3275 5720 ¹⁰
3302 5678 3543 5755 Γαριζείν
3574 5679 3637 5737 C.

377 5598 557 5679 0:25,
587 5598 760 5666 θελείν
790 5614 852 5670 C.
928 5598 1088 5676 6'an
1122 5598 1211 5667 ὅτε
1240 5614 1305 5670 0.
1339 5598 1452 5681 Cir,
1484 5598 1678 5671 Saurii
1712 5598 1934 5669 Gnosin‘
1964 5631 2021 5681 p.

377 5631 432 5668 ο.
465 5631 557 5679 κο,
587 5631 760 5666 υεΑειν
790 5631 852 5670 υ.
928 5631 950 5649 υ
982 5631 1071 5676 seu
1122 5631 1211 5667 οτε
1240 5631 1305 5670 υ.
1339 5631 1452 5681 ur,
1487 5631 1678 5671 uauru
1712 5631 1931 5669 UDOSID
2008 5656 2021 5669 .

374 5685 437 5741 S.
471 5700 542 5740 ex
572 5684 716 5756 Epit.
745 5684 786 5740 1.
818 5702 868 5743 c.
942 5687 966 5721 θ
998 5686 1083 5743 lta
1108 5686 1171 5756 Β,
1200 5702 1270 5742 ex
1297 5685 1441 5759 Epit.
1473 5685 1511 5741 l.
1545 5702 1618 5756 c.,
1652 5683 1715 5739 οὕ
1743 5685 1807 5757 C,
1837 5685 1904 5743 Ο.
1936 5631 2038 5744 Ιξοί

2373 5536 2693 5670 ἒὸνορωθείς
2727 5544 2791 5609 0,
2828 5543 2927 5614 qui
2963 5544 3213 5616 subinde
3240 5536 3383 5625 θὲλεί
3437 5550 3570 5619 cum
3628 5536 3775 5618 Epit.

2448 5618 2502 5670 8.
2533 5614 2591 5669 S.
2694 5616 2714 5649 ⁸
2745 5614 3095 5670 προσηγορία
3151 5619 3208 5668 C.
3284 5614 3305 5647 ⁸
3336 5611 3471 5663 ὥστε
3528 5613 3775 5665 ιοεθτυιι

2448 5611 2513 5688 8,
2533 5614 2591 5669 S.
2684 5616 2714 5688 ‘3
2745 5611 3120 5688 προ-σηγορίᾴᾼ
3151 5619 3208 5668 C.
3235 5611 3471 5688 “313615
3501 5611 3779 5688 lin‘seruit
