4116 6224
280 344 355 405 91
1081 346 1148 406 S.
1193 345 1637 410 CLEMENTIS
1681 348 1708 410 Ῑ
1753 348 1947 411 ROM.
1991 348 2226 411 PONT.
2273 347 2534 411 OPERA
2576 349 2842 413 DUBIA.
3608 350 3685 410 92

280 477 512 534 Christo
542 480 739 533 nostro
784 477 1043 550 seipsum
1083 479 1377 550 praedicat.
1429 481 1639 553 Legem
1692 481 1923 553 propria

2041 475 2204 543 ὅντως
2236 484 2277 517 ¹¹
2311 482 2544 557 Χριστοῦ
2573 482 2733 552 ἡμῶν
2764 481 2947 535 ἑαυτὸν
2997 479 3328 556 ἀναγορεύει.
3356 481 3432 534 Τὰ
3480 476 3539 534 δὲ
3590 482 3684 533 τοῦ

281 567 735 639 praesumptione
753 566 919 622 aliter
940 568 1371 640 interpretatur.
1394 570 1762 641 Etjudicium
1786 571 1927 627 dicit

282 656 519 727 quidem
544 655 665 710 fore
688 672 885 710 verum
917 672 1027 712 non
1056 663 1743 729 exspectat;persuasum
1769 659 1924 715 enim

280 743 716 807 habens,Deum
740 761 852 798 non
877 745 1633 818 essejudicaturum,usque
1655 749 1725 802 ad
1747 753 1923 802 Deum

280 831 476 903 ipsum
511 831 870 903 impietatem
904 850 1068 888 suam
1105 851 1285 890 ausus
1310 839 1400 890 est
1429 835 1925 892 extendere.Unde

281 919 572 987 nonnulli,
608 921 933 977 nescientes
990 923 1145 993 quod
1206 923 1419 996 pietate
1477 940 1615 995 erga
1644 924 1827 979 Deum
1861 928 1925 979 ut

279 1012 559 1083 praetextu
602 1010 874 1075 abutens,
907 1011 1210 1067 veritatem
1264 1011 1491 1067 occulte
1536 1014 1920 1085 deprendatur,

276 1100 376 1171 qui
410 1103 474 1154 ut
498 1099 753 1154 credenti
778 1099 1023 1155 credunt
1043 1117 1194 1169 eam,
1220 1117 1348 1172 qum
1394 1102 1925 1173 quomodocunque

271 1190 343 1245 ab
376 1204 441 1244 eo
476 1187 711 1256 dicitur,
743 1205 908 1260 spem
940 1205 1004 1244 ac
1027 1189 1478 1259 judicationem,
1512 1194 1778 1262 pereunt.

342 1293 541 1350 XXIII.
576 1294 648 1351 Ut
677 1299 873 1350 autem
901 1296 1026 1368 ipse
1051 1296 1351 1366 religionis
1385 1296 1721 1369 opinionem
1762 1296 1923 1352 inva-

279 1385 459 1453 deret,
494 1383 713 1439 factum
744 1388 834 1439 est
862 1384 960 1440 ita.
992 1384 1246 1440 Joannes
1277 1386 1518 1456 quidam
1550 1385 1789 1451 exstitit,
1824 1384 1926 1457 qui

282 1471 531 1545 singulis
561 1471 768 1528 diebus
798 1473 1139 1545 baptizaret,
1177 1474 1395 1545 quique
1452 1474 1684 1530 Domini
1742 1475 1927 1531 nostri

278 1562 420 1618 Jesu
451 1562 774 1616 secundum
815 1562 1247 1633 conjugationis
1302 1562 1587 1619 rationem
1636 1562 1748 1618 fuit
1786 1580 1927 1635 prai-

281 1667 524 1707 cursor:
559 1655 615 1706 et
645 1650 1143 1721 quemadmodum
1168 1651 1452 1707 Dominus
1473 1652 1678 1709 habuit
1707 1652 1924 1708 duode-

279 1740 393 1794 cim
424 1738 740 1810 apostolos,
770 1738 1078 1793 duodecim
1149 1741 1442 1795 mensium
1484 1740 1625 1797 solis
1657 1745 1925 1813 gerentes

2034 569 2207 642 νόμου
2262 566 2371 641 ἰδίᾳ
2421 567 2697 644 προλήψει
2748 567 3055 645 ἀλληγορεῖ
3104 572 3171 626 ¹².
3206 568 3303 623 Καὶ
3350 568 3525 642 κρίσιν
3576 567 3683 621 ἔσε-

2035 659 2153 713 σθαι
2216 659 2309 731 μὲν
2372 655 2540 733 λέγει,
2594 657 2656 712 οὐ
2706 655 2985 733 προσδοκᾷ
3044 655 3120 712 δέ·
3177 658 3238 712 οὐ
3296 659 3399 733 γὰρ
3458 655 3519 710 ἃν
3581 655 3682 711 ὑπὸ

2035 751 2169 801 Θεοῦ
2219 747 2564 821 κριθήσεσθαι
2610 746 2971 818 πεπεισμένος
3032 748 3096 819 ¹³,
3133 744 3298 820 μέχρι
3368 744 3537 799 αὐτοῦ
3586 748 3683 798 τοῦ

2034 838 2168 890 Θεοῦ
2198 829 2408 889 ἀσεϐεῖν
2439 832 2666 907 ἐτόλμα.
2699 836 2852 897 Ὅθεν
2888 832 3046 906 ἔνιοι,
3084 836 3160 908 μὴ
3194 831 3394 895 εἰδότες
3428 832 3685 908 δτι,προ-

2033 921 2420 997 καταλύμματι
2458 926 2505 963 ¹⁸
2527 924 2598 995 τῇ
2644 924 2672 977 θ
2723 918 2963 994 εοσεϐείᾳ
3019 924 3383 1000 κεχρημένος,
3442 921 3687 992 ὑποσυλᾷ

2030 1012 2099 1066 τὰ
2152 1018 2253 1081 τῆς
2312 1010 2593 1082 ἀληθείας,
2625 1011 2715 1066 καὶ
2769 1013 2869 1080 τὴν
2925 1010 3073 1074 ὅπως
3118 1011 3251 1066 ποτὶ
3300 1010 3388 1066 ὑπ’
3422 1013 3465 1050 ⁸⁸
3520 1010 3688 1067 αὐτοῦ

2033 1097 2231 1156 ἐλπίδα
2286 1100 2375 1157 καὶ
2432 1100 2609 1177 κρίσιν
2668 1099 2975 1175 λεγομένην
3031 1096 3368 1173 ἕσεσθαι,ὡς
3422 1102 3599 1171 πιστῷ
3643 1102 3688 1137 ¹⁶

2031 1189 2376 1252 πιστεύοντες
2407 1187 2766 1245 ἀπόλλυνται.

2105 1301 2295 1353 XXIII.
2326 1296 2399 1352 Τὸ
2446 1294 2505 1352 δὲ
2550 1294 2922 1373 παρεισελθεῖν
2974 1294 3134 1351 αὐτὸν
3186 1295 3262 1359 εἷς
3310 1296 3399 1351 τὸν
3426 1302 3528 1365 τῆς
3570 1296 3687 1351 ἀσε-

2034 1380 2184 1447 ϐείας
2216 1387 2259 1423 ¹⁷
2290 1383 2456 1459 λόγον
2522 1386 2740 1461 γέγονεν
2793 1383 2987 1447 οὕτως’
3039 1385 3292 1454 Ἰωάννης
3345 1405 3429 1446 τις
3478 1383 3683 1461 ἐγένετο

2032 1469 2516 1550 ἡμεροϐαπτιστὴς
2562 1477 2625 1547 1⁸,
2659 1474 2719 1536 ’ὀς
2767 1474 2856 1529 καὶ
2900 1477 2999 1528 τοῦ
3053 1473 3251 1550 Κυρίου
3298 1475 3460 1546 ἡμῶν
3502 1474 3683 1544 Ἰησοῦ

2032 1564 2169 1619 κατὰ
2220 1563 2313 1618 τὸν
2370 1568 2471 1633 τῆς
2526 1562 2781 1638 συζυγίας
2840 1561 3001 1639 λόγον
3061 1561 3271 1638 ἐγένετο
3302 1559 3557 1637 πρόοδος·
3591 1567 3683 1617 καῖ

2035 1649 2214 1726 ὥσπερ
2268 1655 2347 1724 τῷ
2402 1649 2586 1727 Κυρίῳ
2640 1650 2916 1728 γεγόνασιν
2975 1647 3188 1706 δώδεκα
3224 1649 3549 1719 ἀπόστολοι,
3576 1654 3683 1705 τῶν

2030 1744 2127 1794 τοῦ
2183 1738 2349 1809 ἡλίου
2408 1737 2618 1795 δώδεκα
2677 1744 2864 1814 μηνῶν
2940 1738 3190 1817 φέροντες
3263 1739 3356 1794 τὸν
3429 1738 3682 1815 ἀριθμὸν,

281 1844 615 1895 numerum,
650 1826 920 1883 similiter
950 1828 999 1883 is
1030 1827 1273 1900 triginta
1301 1829 1456 1885 viros
1497 1829 1792 1902 principes
1819 1830 1922 1885 ha-

2041 1828 2292 1891 ὦσαύτως
2349 1828 2440 1884 καί
2495 1828 2643 1900 αὐτῷ
2697 1827 2917 1904 ἕξαρχοι
2976 1825 3165 1901 ἄνδρες
3220 1827 3472 1903 γεγόνασι
3528 1829 3681 1903 τριά-

275 1916 424 1986 buit,
458 1928 820 1972 menstruam
845 1916 993 1971 lunai
1027 1918 1313 1973 rationem
1344 1919 1679 1990 implentes.
1709 1918 1831 1983 Quo
1860 1919 1920 1973 in

2041 1938 2213 1987 ιιοντα,
2271 1916 2364 1972 τὸν
2453 1922 2706 1991 μηνιαῖον
2764 1923 2864 1987 τῆς
2919 1915 3160 1987 σελήνης
3227 1915 3682 1990 ἀποπληροῦντες

278 2022 522 2061 numero
555 2022 671 2060 una
700 2005 969 2076 quaedam
1001 2010 1125 2060 erat
1154 2006 1367 2062 mulier
1396 2008 1551 2063 dicta
1571 2007 1824 2076 Helena;
1857 2011 1924 2063 ut

282 2110 355 2150 ne
385 2094 494 2149 hoc
524 2094 751 2164 quidem
784 2093 1006 2166 absque
1041 2094 1315 2166 mysterio
1348 2100 1522 2151 esset.
1557 2096 1702 2152 Cum
1763 2095 1923 2151 enim

280 2182 493 2239 mulier
521 2182 833 2238 dimidium
865 2183 943 2237 sit
971 2182 1101 2250 viri;
1161 2183 1571 2255 imperfectum
1623 2184 1922 2241 tricenarii

279 2272 587 2329 constituit
603 2288 937 2339 numerum,
957 2273 1111 2328 sicut
1132 2277 1188 2327 et
1206 2272 1266 2327 in
1290 2272 1549 2345 luna,ch
1563 2291 1630 2329 us
1654 2274 1921 2331 incessus

279 2378 394 2419 non
427 2361 748 2432 perfectum
781 2361 1003 2416 mensis
1034 2377 1273 2417 cursum
1307 2362 1559 2418 conﬁcit.
1610 2363 1787 2419 Porro
1817 2364 1921 2419 ho-

280 2466 413 2505 rum
445 2449 687 2522 triginta
713 2448 926 2504 Joanni
958 2448 1183 2521 primus
1218 2466 1284 2505 ac
1314 2450 1767 2521 probatissimus
1800 2454 1925 2507 erat

280 2540 522 2597 Simon:
557 2537 655 2610 qui
687 2538 925 2608 quidem
959 2555 1073 2610 quo
1105 2539 1301 2595 minus
1332 2544 1463 2612 post
1486 2544 1731 2596 mortem
1754 2541 1926 2597 Joan-

288 2628 381 2686 nis
411 2628 684 2701 princeps
714 2626 1041 2683 declaratus
1071 2628 1169 2694 sit,
1201 2627 1310 2684 hoc
1340 2629 1399 2684 in
1431 2645 1609 2685 causa
1637 2630 1768 2687 fuit.

354 2823 546 2880 XXIV.
579 2822 725 2879 Nam
756 2822 883 2895 ipso
914 2838 1152 2895 peregre
1198 2822 1258 2879 in
1288 2828 1603 2898 Egyptum
1650 2826 1929 2899 profecto,

288 2918 525 2987 propter
555 2911 759 2983 magiae
791 2912 1280 2982 exercitationem,
1315 2916 1536 2971 Joanne
1566 2916 1780 2985 occiso,
1812 2916 1924 2972 Do-

281 3002 511 3059 sitheus
542 3001 781 3073 quidam
814 3001 1212 3074 principatum
1244 3008 1544 3076 appetens,
1570 3022 1704 3061 cum
1736 3005 1926 3078 ipsius

284 3090 547 3148 Simonis
587 3096 831 3146 mortem
896 3090 1044 3147 falso
1091 3093 1526 3161 annuntiasset,
1592 3095 1781 3150 factus
1839 3098 1929 3151 est

278 3185 448 3238 sectae
480 3195 801 3236 successor.
836 3183 911 3233 At
939 3179 1140 3237 Simon
1172 3180 1345 3254 paulo
1377 3187 1509 3254 post
1546 3198 1836 3250 reversus,
1868 3188 1926 3240 et

283 3286 418 3325 eum
451 3268 645 3325 locum
678 3272 961 3341 tanquam
994 3270 1297 3341 proprium
1320 3270 1597 3327 affectans
1616 3273 1927 3329 vehemen-

288 3363 615 3429 ter,nactus
633 3358 977 3415 Dositheum
1009 3359 1201 3415 locum
1235 3360 1472 3433 quidem
1531 3377 1647 3417 non
1679 3362 1929 3434 repetiit,

291 3448 487 3507 sciens
518 3447 816 3504 hominem
848 3448 947 3520 qui
976 3452 1178 3505 contra
1223 3449 1411 3522 ipsius
1448 3450 1806 3507 voluntatem
1838 3468 1933 3507 oc-

295 3541 609 3611 cupaverat
638 3536 1053 3610 principatum,
1086 3554 1202 3594 non
1259 3539 1590 3612 depositum
1622 3540 1715 3597 iri.
1748 3540 1935 3606 Quare

296 3625 750 3701 persimulatam
775 3626 1087 3682 amicitiam
1104 3626 1262 3682 brevi
1283 3628 1519 3699 quidem
1536 3629 1591 3683 in
1609 3630 1935 3685 secundum

294 3734 328 3773 a
356 3714 629 3772 Dositheo
654 3714 847 3771 locum
879 3716 1131 3788 irrepsit.
1155 3716 1277 3772 Non
1315 3717 1528 3773 multos
1550 3723 1747 3775 autem
1806 3723 1938 3791 post

289 3805 435 3873 dies,
470 3804 625 3860 intra
644 3821 952 3860 numerum
977 3806 1222 3877 triginta
1243 3806 1783 3878 condiscipulorum
1816 3807 1936 3864 col-

290 3892 723 3965 locatus,caapit
751 3892 1022 3951 Dositheo
1051 3895 1350 3967 derogare,
1374 3900 1654 3967 tanquam
1688 3896 1789 3968 qui
1820 3913 1937 3952 non

294 4000 573 4057 germane
595 3983 919 4040 doctrinam
952 3984 1229 4040 traderet.
1264 3985 1444 4057 quue
1473 4002 1606 4041 eum
1639 3986 1939 4043 assereba-

292 4089 407 4129 non
440 4071 662 4127 invidia
717 4071 924 4142 facere,
984 4072 1086 4128 sed
1154 4071 1483 4144 inscientia,
1539 4078 1597 4129 et
1621 4073 1937 4147 aliquando

293 4160 632 4226 Dositheus,
661 4160 918 4217 Simonis
948 4160 1322 4217 artiﬁciosam
1355 4161 1618 4219 sentiens
1661 4164 1941 4220 obtrecta-

292 4249 535 4321 tionem,
561 4265 627 4305 eo
657 4250 1011 4319 tendentem,
1046 4254 1111 4306 ut
1166 4250 1499 4306 aboleretur
1547 4250 1940 4324 plurimorum

291 4338 508 4412 Opinio,
542 4355 731 4411 neque
760 4337 1013 4410 amplius
1059 4340 1184 4411 ipse
1239 4342 1544 4412 putaretur
1584 4357 1712 4398 esse
1744 4341 1939 4413 Stans,

286 4427 483 4484 furore
512 4430 1003 4493 commotus,cum
1036 4428 1110 4483 ad
1144 4427 1406 4485 scholam
1438 4428 1607 4486 solito
1638 4431 1941 4486 convenis-

2032 2005 2222 2081 λόγον.
2267 2006 2352 2061 Ἐν
2411 2007 2457 2079 ᾧ
2508 2006 2727 2083 ἀριθμῷ
2789 2006 2887 2079 μία
2942 2026 3025 2068 τις
3082 2008 3147 2075 ἦν
3206 2007 3341 2081 γυνὴ
3402 2004 3679 2081 λεγομένη

2032 2094 2248 2165 Ἑλένη,
2329 2093 2424 2149 ’ίνα
2512 2092 2654 2168 μηδὲ
2733 2099 2893 2150 τοῦτο
2973 2094 3393 2168 ἀνοικονόμητον
3450 2094 3487 2169 ᾖ
3544 2096 3682 2165 (47).

2030 2186 2236 2256 ’Ἠμισυ
2291 2184 2395 2259 γὰρ
2455 2181 2648 2258 ἀνδρὸς
2688 2183 2820 2238 οὗσα
2866 2185 2901 2253 ἡ
2940 2185 2984 2221 ¹⁹
3012 2184 3174 2259 γυνὴ,
3208 2181 3375 2253 ἀτελῆ
3427 2183 3520 2237 τὸν
3578 2189 3681 2245 τοῖς

2028 2271 2414 2346 τριακοντάδος
2477 2272 2709 2327 τέθεικεν
2767 2272 3018 2349 ἀριθμὸν,
3075 2270 3257 2348 ὥσπερ
3309 2271 3399 2326 καὶ
3449 2279 3551 2341 τῆς
3598 2292 3683 2327 σε·

2032 2359 2208 2433 λήνης
2239 2364 2306 2435 ²⁰,
2328 2364 2394 2431 ἧς
2417 2364 2451 2431 ἡ
2484 2361 2680 2435 πορεία
2704 2365 2802 2417 τοῦ
2835 2361 3009 2435 μηνὸς
3040 2363 3083 2399 ²¹
3116 2360 3179 2416 οὐ
3207 2360 3415 2417 τέλειον
3441 2366 3677 2417 ποιεῖται

2028 2450 2120 2505 τὸν
2154 2448 2378 2524 δρόμον.
2412 2453 2511 2510 59
2543 2449 2756 2507 Τούτων
2791 2448 2849 2506 δὲ
2891 2454 2999 2505 τῶν
3046 2449 3337 2526 τριάκοντα
3384 2455 3464 2523 τῷ
3493 2450 3678 2506 Ἰωάν-

2029 2561 2096 2613 νῃ
2122 2542 2169 2576 ’³
2214 2544 2429 2616 πρῶτος
2474 2540 2563 2595 καὶ
2614 2537 2990 2613 δοκιμώτατος
3039 2540 3106 2609 ἦν
3158 2540 3186 2594 ὁ
3236 2537 3449 2613 Σίμων,
3477 2540 3540 2602 ’ὸς
3587 2539 3677 2594 καὶ

2030 2632 2131 2683 τοῦ
2167 2629 2243 2701 μὴ
2294 2626 2445 2702 ἄρξαι
2493 2627 2652 2683 αὐτὸν
2698 2630 2831 2702 μετᾶ
2870 2629 2971 2698 τὴν
3010 2626 3268 2697 τελευτὴν
3298 2631 3397 2684 τοῦ
3428 2630 3474 2666 ²⁸
3504 2629 3680 2684 Ἰωάν-

2030 2737 2128 2772 νου
2159 2716 2331 2772 αίτίαν
2365 2716 2494 2794 ἔσχε
2519 2716 2743 2788 ταύτην.

2105 2826 2295 2883 XXIV.
2356 2822 2798 2899 Ἀποδημοῦντος
2862 2824 2967 2901 γὰρ
3045 2823 3216 2880 αὐτοῦ
3274 2822 3352 2887 εἷς
3412 2820 3682 2901 Αἴγυπτον

2035 2912 2123 2969 ἐπὶ
2169 2914 2269 2983 τήν
2324 2920 2425 2984 τῆς
2482 2913 2709 2989 μαγείας
2764 2911 3074 2986 έπάσκησιν,
3104 2916 3200 2968 τοῦ
3233 2911 3486 2969 Ἰωάννου
3540 2913 3689 2969 ἀναι-

2036 3001 2301 3077 ρεθέντος,
2356 3000 2607 3067 Δοσίθεός
2634 3004 2682 3039 ²⁴
2708 3022 2814 3074 τις,
2844 3008 2946 3071 τῆς
2987 3001 3169 3078 ἀρχῆς
3222 3000 3571 3079 ὀρεγόμενος,
3604 3002 3694 3067 θά-

2032 3111 2189 3147 νατον
2262 3090 2428 3147 αὐτοῦ
2502 3087 2673 3165 ψευδῆ
2745 3090 3130 3167 καταγγείλας,
3202 3088 3513 3167 διαδέχεται
3589 3092 3689 3161 τήν

2038 3178 2261 3257 α’ίρεσιν.
2293 3181 2351 3235 Ὀ
2390 3177 2448 3236 δὲ
2478 3179 2689 3254 Σίμων,
2726 3180 2840 3253 μετ’
2870 3179 2933 3235 οὖ
2979 3178 3125 3235 πολὺ
3158 3178 3403 3235 ἐπελθὼν
3461 3180 3551 3235 καὶ
3592 3185 3693 3236 τοῦ

2040 3269 2212 3325 τόπου
2269 3268 2345 3332 ὡς
2406 3264 2545 3323 ἰδίου
2605 3264 2863 3343 μεγάλως
2910 3266 3294 3342 ἀντεχόμενος,
3322 3271 3403 3339 τῷ
3457 3266 3693 3340 Δοσιθέῳ

2043 3359 2325 3434 συντυχὼν
2378 3357 2470 3413 τὸν
2532 3357 2627 3431 μὶν
2682 3356 2848 3412 τόπον
2907 3355 3006 3412 οὐκ
3060 3355 3278 3431 ἀπῄτει,
3311 3353 3470 3419 εἰδὼς
3522 3355 3605 3412 ὅτι
3663 3358 3693 3411 ὁ

2047 3449 2249 3525 φθάσας
2297 3452 2400 3517 τῆς
2451 3446 2632 3523 ἀρχῆς
2685 3444 2833 3521 παρὰ
2868 3444 3180 3521 προαίρεσιν
3216 3444 3279 3501 οὗ
3336 3447 3690 3523 καθαιρεῖται.

2048 3537 2141 3593 Διὸ
2167 3536 2301 3610 μετᾶ
2327 3539 2704 3612 προσποιητοῦ
2734 3532 2921 3613 φιλίας
2950 3533 3033 3590 ἐπ’
3062 3533 3248 3611 ὀλίγον
3310 3534 3405 3608 μὶν
3465 3534 3541 3597 είς
3596 3535 3691 3590 τὸν

2050 3624 2297 3702 δεύτερον
2342 3629 2441 3681 τοῦ
2488 3626 2743 3690 Δοσιθέου
2788 3624 2953 3679 τόπον
3005 3621 3223 3679 δίδωσιν
3255 3623 3463 3682 ἑαυτόν.
3495 3623 3693 3699 Ταγεὶς

2050 3712 2109 3770 δὲ
2141 3715 2256 3788 μετ’
2286 3711 2348 3768 οὐ
2378 3711 2592 3775 πολλὰς
2635 3711 2844 3785 ἡμέρας
2890 3716 3009 3773 τοῖς
3055 3711 3347 3788 τριάκοντα
3402 3713 3695 3785 συμμαθη-

2046 3808 2188 3874 ταῖς,
2248 3796 2672 3858 ὑποδιαϐάλλειν
2738 3798 2938 3877 ἤρξατο
2994 3800 3084 3855 τὸν
3158 3799 3429 3870 Δοσίθεον,
3487 3799 3562 3862 ὡς
3618 3801 3693 3874 μὴ

2049 3888 2415 3969 παραδιδόντα
2491 3888 2735 3965 γνησίως
2818 3888 2887 3944 τὰ
2971 3889 3286 3963 μαθήματα.
3344 3888 3450 3944 Καὶ
3533 3892 3697 3943 τοῦτο

2049 3985 2224 4037 ποιεῖν
2285 3978 2463 4056 ἔλεγεν
2521 3978 2681 4033 αὐτὸν
2737 3976 2843 4055 οὐχ
2888 3977 2964 4040 ὡς
3020 3978 3334 4055 φθονοῦντα,
3364 3975 3491 4032 ἀλλ’
3539 3977 3612 4041 ὡς
3654 3980 3701 4015 ³⁵

2050 4071 2370 4146 ἀγνοοῦντα.
2421 4067 2520 4123 Καί
2568 4088 2701 4123 ποτε
2747 4068 2776 4123 ὁ
2824 4066 3098 4137 Δοσίθεος,
3152 4066 3547 4141 ὑπαισθόμενος
3597 4068 3697 4136 τὴν

2049 4164 2147 4216 τοῦ
2197 4157 2449 4232 Σίμωνος
2504 4152 2753 4233 ἔντεχνον
2818 4150 3108 4227 διαϐολην,
3160 4154 3392 4211 λύουσαν
3437 4159 3483 4194 ²⁶
3538 4156 3702 4212 αὐτοῦ

2049 4249 2150 4317 τὴν
2178 4247 2314 4323 πρὸς
2340 4245 2467 4309 τοὺς
2496 4243 2744 4309 πολλοὺς
2795 4244 3072 4316 ὑπόνοιαν,
3103 4249 3202 4299 τοῦ
3244 4246 3320 4319 μὴ
3364 4244 3524 4301 αὐτὸν
3572 4245 3705 4301 εἶναι

2051 4337 2293 4412 νομίζειν
2338 4336 2431 4392 τὸν
2483 4336 2742 4407 Ἐστῶτα,
2772 4336 2929 4408 θυμῷ
2972 4333 3060 4389 ἐπὶ
3103 4335 3205 4404 τήν
3250 4336 3456 4405 συνήθη
3512 4336 3559 4372 ³⁷
3605 4356 3707 4390 πα-

2056 4424 2417 4505 ραγενόμενος
2476 4418 2784 4499 διατριϐὴν,
2818 4418 3003 4500 ῥάϐδῳ
3059 4422 3206 4478 παίει
3265 4422 3435 4499 εὑρὼν
3482 4424 3574 4480 τὸν
3610 4424 3706 4479 Σί-

292 4518 400 4584 set,
433 4513 599 4588 virga
644 4513 943 4571 Simonem
1006 4515 1306 4573 inventum
1362 4517 1669 4575 verberat:
1727 4522 1787 4575 at
1841 4535 1928 4591 pel

2060 4535 2234 4591 μωνα.
2261 4516 2298 4586 ἡ
2331 4511 2408 4586 δὲ,
2438 4512 2618 4589 ὥσπερ
2649 4516 2858 4569 καπνοῦ
2888 4514 2991 4571 00
3018 4515 3117 4568 τοῦ
3164 4510 3419 4586 Σίμωνος
3474 4510 3707 4570 διελθεῖν

1653 4661 1891 4719 VARIIE
1941 4658 2352 4719 LECTIONES.

382 4776 427 4811 ίι
461 4770 613 4834 ὅντος
644 4773 710 4830 0.
790 4775 834 4810 ¹²
864 4770 1200 4850 ἀλληγορεῖς
1234 4774 1298 4832 0.
1378 4777 1423 4814 ⁸⁸
1449 4776 1894 4851 πεπιστευμένοις
1925 4778 1991 4833 0.
2071 4777 2116 4814 ιδ
2152 4770 2653 4880 προκαταλήμματι
2692 4777 2732 4829 C

389 4843 620 4880 11-....-
651 4845 850 4880 nnr‘om
887 4863 1060 4880 αηηο..
1095 4848 1345 4880 nam...“
1397 4848 1493 4880 nr.
1548 4848 1681 4880 im...
1893 4850 1962 4880 oo
2013 4852 2048 4880 ο
2150 4841 2321 4880 ιιι.τ...,ι
2353 4845 2396 4880 n
2498 4848 2516 4880 ι
2570 4848 2732 4880 ..ι-...ηπ

308 4843 622 4973 πρόληᾶιμα
651 4845 851 4901 eodem
886 4843 1063 4902 sensu
1090 4843 1366 4903 occurrit.
1397 4848 1511 4905 Cfr.
1547 4843 1862 4916 homfvm,
1893 4850 1982 4905 23.
2013 4852 2070 4904 S.
2150 4843 2321 4901 ¹⁶’ὑπό
2353 4845 2419 4901 0.
2486 4843 2542 4883 ἰδ
2570 4848 2775 4906 πιστῶς
2806 4843 2867 4902 ϐξ
2947 4844 2990 4880 ¹⁷
3037 4843 3197 4899 αὐτὸν
3237 4843 3329 4926 τὸν
3352 4849 3474 4926 ,τῆς
3521 4844 3712 4926 θεοσε-

308 4911 455 4992 βείας
532 4960 543 4971 .
626 4917 673 4992 ξε.
694 4916 1184 4992 ἡμεροοαπτισθείς
1216 4919 1281 4992 9.
1362 4920 1406 4955 ιθ
1436 4920 1470 4988 ἡ
1505 4921 1747 4990 adjunxi
1777 4939 1826 4977 c.
1860 4920 1926 4989 Ο,
2002 4921 2047 4992 ’9
2076 4920 2328 4992 Legatur
2348 4918 2383 4985 ἡ
2407 4912 2608 4986 σελήνη
2640 4917 2818 4989 ‘quod
2842 4914 3097 4992 postulat
3112 4920 3399 4992 orationis
3418 4931 3620 4992 series.
3648 4917 3712 4971 D.

306 4911 455 5006 Ξείας
626 4916 1184 5006 ξίὴμεροοαπτισθείς
1350 4920 1406 5006 :3
1436 4920 1470 4988 ἡ

2568 4792 2653 4828 ατι
2692 4777 2753 4840 C,
2810 4768 3240 4847 προκαλύμματι
3277 4771 3365 4847 _D.
3425 4776 3710 4847 Caeterum

2947 4844 2990 4880 ¹⁷
3037 4842 3197 4899 αὐτὸν
3237 4842 3329 4896 τὸν
3373 4849 3474 4912 τῆς
3526 4844 3713 4898 θεοσε-

303 4989 345 5024 ⁶¹
380 4990 551 5062 μιῇ-Οἷ
619 4989 678 5062 7”
704 4988 783 5061 τῷ
812 4985 1034 5062 Ἰωάννῃ,
1058 5006 1174 5045 om.
1208 4989 1316 5062 0.”
1350 4992 1396 5026 ’³
1425 4985 1522 5045 τοῦ
1552 4985 1668 5047 ο⁷ωο
1704 4994 1769 5053 0.
1845 4993 1891 5062 5'“
1913 4985 2299 5062 'AoaleeoEOL
2328 4985 2988 5062 constanter;_Awai066<
3018 4989 3078 5044 C.
3112 4987 3267 5062 Idem
3301 4986 3549 5042 subinde
3604 5006 3711 5062 τις,

303 5058 581 5139 ut'voluit
609 5061 678 5139 S,_
699 5058 766 5139 te:
783 5068 845 5139 9.
924 5062 969 5096 ²⁶
1005 5058 1081 5122 ὡς
1120 5060 1318 5139 addidi
1353 5078 1403 5117 c.
1434 5065 1499 5128 Ο,
1572 5063 1797 5139 '°__Lege
1826 5060 2082 5139 φόουσαν,
2360 5060 2547 5139 τζιιιίιοΔ
2576 5060 2724 5133 apud
2752 5059 3347 5139 multossuspigi'onem
3375 5067 3611 5113 crearet.
3644 5058 3712 5115 D.

305 5132 502 5205 Rufini
533 5132 718 5205 versio
750 5134 1003 5205 (Recogn.
1048 5150 1108 5203 ιι,
1140 5132 1379 5205 Μλιιδεο
1418 5138 1546 5189 est:
1608 5131 1803 5191 Veerm
1839 5131 2151 5204 'Dositheui,
2206 5134 2303 5187 ubi
2355 5131 2489 5205 sibi:
2515 5131 2777 5205 derogari
2819 5132 2993 5205 sentit
3034 5147 3082 5205 a_
3115 5132 3361 5205 Simone,
3397 5146 3602 5205 ruerem
3645 5144 3716 5185 ne

306 5203 490 5274 opinio
516 5218 618 5258 sua
648 5200 1031 5278 obscuraretur
1060 5200 1205 5275 apud
1233 5204 1497 5278 homines,
1529 5206 1637 5278 qui
1656 5222 1781 5261 eum
1804 5206 2077 5278 putabunt
2109 5200 2287 5278 ipsum
2313 5217 2425 5278 esse
2443 5200 2721 5278 ἓειιηιεᾶη.
2754 5204 2901 5260 Cum
2932 5202 3040 5257 hac
3069 5200 3714 5278 interpretationecon-

306 5269 462 5348 stare
491 5278 683 5348 potest
711 5274 879 5331 lectio
908 5269 1165 5348 vulgata,
1190 5276 1362 5348 modo
1391 5269 1554 5329 αὐτοῖὶ
1582 5276 1680 5343 τήν
1716 5269 1977 5348 mutetur
2004 5276 2065 5332 in
2094 5269 2193 5344 τῆν
2226 5273 2410 5329 αὐτοῦ.
2443 5274 2658 5348 Eodem
2690 5291 2868 5348 sensu
2900 5269 3255 5348 προσεκλύειν
3306 5272 3522 5345 legitur
3550 5272 3710 5330 hom.

310 5363 393 5415 ιιι,
424 5347 477 5417 2,
491 5343 720 5401 Ἑκλύειν
750 5363 889 5416 xvn,
921 5349 975 5402 6.

1058 5344 1157 5402 uid
1191 5344 1417 5401 ὑπόνοια
1446 5348 1761 5421 significet,
1794 5347 2143 5420 intelligitur
2170 5364 2237 5403 ex
2268 5361 2435 5417 seqq.
2469 5349 2527 5404 8.
2602 5346 2649 5383 ³⁷
2680 5344 2960 5417 συνήθειαν
2989 5344 3056 5402 0.

1682 5491 2063 5548 VARIORUM
2092 5490 2327 5546 ΝΟΤιἘ.

547 5608 661 5664 Ἵνα
723 5604 863 5681 μηδὲ
930 5605 1585 5681 ,τοῦτοίᾶνοικονό-μητον
1640 5606 1697 5675 ἦ.

1760 5607 1951 5664 Simili
2063 5608 2271 5663 festam
2299 5605 2588 5663 referebat
2615 5603 3153 5674 rotunditatem,ad
3185 5604 3427 5661 modum
3459 5604 3611 5662 luna
3643 5606 3703 5662 in

309 5678 483 5739 modo
524 5678 738 5740 corona
766 5697 892 5754 qua:
920 5679 1175 5739 Simonis
1204 5680 1353 5753 Magi
1384 5678 1709 5749 dicebatur,
1739 5679 1957 5753 imper-

2067 5694 2288 5737 cornua
2314 5677 2601 5747 coeuntis,
2632 5682 2698 5736 ut
2726 5692 2898 5737 nemo
2928 5678 3183 5751 ignorat.
3214 5676 3348 5736 Cor.
