4116 6224
312 304 390 366 93
1465 305 1996 370 CLEMENTINA.
2030 336 2109 351 —
2139 302 2480 368 HOMILIA
2520 302 2603 366 II.
3657 296 3735 358 94

311 433 463 506 ἔδοξε
512 439 695 510 σῶμα.
748 435 869 495 Ἐπὶ
916 433 1096 511 τούτῳ
1124 439 1167 475 ⁸³
1214 434 1582 515 καταπλαγεὶς
1628 438 1656 493 6
1713 435 1963 502 Δοσίθεος

2107 455 2295 511 :orpus
2325 435 2601 504 Simonis,
2636 434 2805 508 quasi
2862 448 2967 507 per
3014 432 3266 501 fumum,
3299 430 3424 488 visa
3453 432 3543 489 est
3570 430 3737 503 virga

319 524 464 599 λέγει
518 524 685 597 αὐτῷ.
737 525 801 580 Ei
844 525 907 580 σὺ
957 526 1006 581 εἶ
1034 529 1080 563 ²⁹
1124 528 1152 581 6
1200 527 1422 597 Ἑστὼς,
1472 528 1561 581 καὶ
1610 530 1897 603 προσκυνῶ
1930 528 1976 565 ³ο

2107 528 2373 584 .ransire:
2403 542 2581 597 super
2610 541 2723 596 quo
2754 522 3192 595 obstupefactus
3224 519 3531 577 Dositheus
3552 519 3634 577 ait
3662 520 3736 575 ad

320 634 396 668 σε.
449 618 557 667 Τοῦ
608 615 867 687 Σίμωνος
918 613 1184 678 εἰπόντος·
1247 616 1387 692 Ἐγώ
1427 614 1567 689 εἶμι,
1623 617 1651 671 6
1710 617 1979 685 Δοσίθεος,

320 702 512 757 {rat-6v
568 703 732 777 γνοὺς
778 702 879 758 ούκ
921 699 1051 759 ὄντα
1094 704 1185 759 τὸν
1233 708 1489 777 Ἐστῶτα,
1540 706 1717 760 πεσὼν
1780 724 1981 780 προσε-

318 792 571 861 κύνησεν,
652 792 741 847 καὶ
810 799 926 855 τοῖς
1007 793 1323 848 εἷκοσιεννέα
1389 793 1639 870 έξάρχοις
1719 790 1980 869 ςλγκατα-

320 875 511 935 ϐαλὼν
563 882 755 936 ἑαυτὸν
806 880 882 944 εἰς
952 882 1014 936 τὸ
1077 881 1266 937 ἑαυτοῦ
1333 888 1436 952 τῆς
1499 881 1753 943 ὑπονοίας
1815 881 1981 937 τόπον

318 964 517 1037 ἔστησε
563 970 658 1023 τὸν
709 969 955 1043 Σίμωνα,
1000 970 1089 1024 καὶ
1136 970 1309 1033 οὕτως
1344 972 1460 1045 μετ’
1490 969 1552 1026 οὐ
1583 967 1795 1033 πολλὰς
1842 968 1979 1044 ἠμέ-

318 1078 412 1131 ρας
476 1059 507 1112 6
559 1058 839 1131 Δοσίθεος,
891 1059 1098 1115 ἐκείνου
1145 1058 1390 1130 στάντος,
1437 1059 1599 1123 αὐτὸς
1644 1058 1821 1116 πεσὼν
1869 1058 1985 1115 ἐτε-

316 1143 349 1200 λ
360 1169 379 1201 ε
392 1147 591 1218 ύτησεν
604 1190 618 1203 .

390 1344 562 1398 XXV.
609 1344 667 1396 '0
716 1340 773 1398 δὲ
822 1342 1032 1417 Σίμων,
1090 1343 1190 1413 τήν
1235 1341 1452 1411 Ἐλένην
1502 1338 1854 1420 παραλαϐὼν,
1904 1342 1988 1399 έκ-

321 1431 676 1507 περιέρχεται
714 1435 785 1503 δι,
833 1431 923 1486 καὶ
977 1430 1141 1508 μέχρι
1182 1437 1282 1487 τοῦ
1330 1429 1512 1507 δεῦρο,
1557 1433 1633 1495 ὼς
1680 1433 1831 1509 ὁρᾷς,
1866 1433 1987 1488 ἀνα-

319 1525 507 1573 στατεῖ
549 1519 683 1581 τοὺς
732 1516 966 1597 ὄχλους.
1016 1520 1196 1590 Αὐτὴν
1228 1518 1286 1576 δὲ
1313 1522 1413 1591 τήν
1466 1518 1687 1592 Ἑλένην
1718 1520 1824 1576 ἀπὸ
1878 1525 1989 1577 τῶν

319 1607 593 1663 ἀνωτάτω
624 1610 672 1645 ³³
705 1608 946 1685 οὐρανῶν
976 1607 1394 1684 κατενηνοχέναι
1445 1606 1594 1684 λέγει
1642 1612 1721 1681 τῷ
1768 1608 1985 1682 κόσμῳ,

320 1697 515 1773 κυρίαν
574 1698 758 1766 οὖσαν,
811 1698 885 1760 ὡς
936 1699 1279 1773 παμμήτορα
1306 1699 1354 1735 ⁸³
1405 1696 1588 1752 οὐσίαν
1633 1696 1723 1751 καὶ
1772 1695 1985 1775 σοφίαν,

2089 632 2224 673 eum
2251 633 2263 671 :
2302 616 2397 671 Dic
2429 615 2571 669 mihi
2603 615 2652 670 si
2686 619 2748 669 tu
2790 629 2852 668 es
2872 613 3059 678 Stans,
3096 616 3157 666 ut
3187 611 3423 666 adorem
3457 614 3532 666 te.
3557 614 3733 666 Cum-

2091 722 2201 777 que
2231 704 2431 761 Simon
2480 703 2899 775 respondisset,
2929 701 3046 772 Ego
3098 717 3250 755 sum.
3304 698 3614 755 Dositheus
3655 698 3737 753 vi—

2092 795 2236 851 dens
2267 810 2328 849 se
2350 810 2465 849 non
2497 807 2624 848 esse
2655 791 2943 857 Stantem,
2969 788 3177 844 cecidit
3195 792 3252 843 et
3281 788 3543 843 adoravit
3573 802 3736 854 eum;

2092 886 2268 955 atque
2298 882 2355 937 in
2384 896 2697 937 numerum
2738 878 2941 951 viginti
2984 893 3189 932 novem
3221 875 3553 947 principum
3585 874 3740 931 viro-

2092 988 2224 1027 rum
2256 987 2319 1027 se
2347 970 2650 1042 dejiciens,
2684 969 2743 1023 in
2805 984 2939 1023 eum
2970 966 3161 1021 locum
3225 965 3324 1036 qui
3358 963 3407 1020 ei
3468 963 3741 1035 opinione

2092 1060 2352 1117 tributus
2408 1058 2598 1114 fuerat
2628 1054 2936 1113 constituit
2984 1055 3323 1111 Simonem:
3374 1053 3573 1125 sicque
3623 1069 3741 1108 non

2094 1148 2281 1205 multo
2313 1152 2445 1221 post
2477 1145 2813 1216 Dositheus,
2861 1144 2962 1201 illo
2994 1147 3207 1212 stante,
3250 1142 3375 1215 ipse
3404 1140 3739 1209 concidens,

2094 1237 2409 1294 defunctus
2437 1240 2546 1293 est.

2165 1344 2331 1401 XXV.
2365 1343 2567 1400 Simon
2620 1358 2777 1405 vero,
2822 1343 3057 1413 accepta
3114 1338 3353 1407 Helena,
3406 1335 3651 1403 circuit;
3684 1338 3742 1392 et

2094 1449 2277 1506 usque
2308 1433 2379 1488 ad
2407 1449 2687 1505 praesens,
2715 1434 2779 1486 ut
2797 1430 2983 1497 vides,
3007 1429 3209 1484 turbas
3232 1426 3447 1500 decipit
3474 1442 3541 1481 ac
3584 1441 3743 1481 com-

2095 1528 2308 1579 movet.
2343 1521 2621 1578 Helenam
2669 1536 2804 1577 vero
2834 1519 2976 1574 dicit
3027 1518 3098 1574 de
3165 1516 3460 1590 supremi
3492 1513 3651 1569 caelis
3682 1514 3742 1569 in

2096 1613 2385 1668 mundum
2416 1610 2727 1666 deductam
2772 1608 2975 1674 fuisse,
3026 1610 3202 1678 atque
3250 1621 3378 1661 esse
3418 1603 3742 1671 dominam,

2098 1701 2266 1774 quasi
2298 1704 2642 1756 cunctorum
2674 1697 3016 1770 genitricem
3066 1694 3381 1751 essentiam
3415 1710 3479 1749 ac
3511 1693 3742 1764 sapien-

320 1787 388 1855 ἧς
440 1784 642 1856 ἕνεκεν,
697 1786 883 1864 φησὶν,
931 1784 1207 1857 Ἔλληνές
1272 1806 1332 1841 τε
1380 1785 1469 1841 καὶ
1533 1780 1797 1862 βάρϐαροι
1854 1785 1986 1859 ὲμα-

2107 1790 2275 1846 Liam:
2310 1806 2412 1861 pro
2444 1806 2577 1861 qua,
2627 1787 2843 1858 inquit,
2893 1785 3072 1842 Graeci
3122 1788 3179 1840 et
3208 1782 3440 1839 barbari
3472 1782 3743 1839 conﬂixe-

317 1876 578 1951 χέσαντο,
634 1875 817 1930 εἰκόνα
866 1874 1245 1953 φαντασθέντες
1300 1874 1561 1945 ἀληθείας
1593 1878 1727 1947 (48)·
1787 1877 1822 1944 ἠ
1881 1874 1987 1949 γὰρ

2107 1884 2257 1950 runt,
2294 1877 2608 1949 imaginem
2643 1875 2950 1947 opinantes
2980 1872 3278 1940 veritatis;
3312 1888 3438 1944 quae
3468 1870 3621 1927 enim
3657 1886 3743 1925 re-

318 1964 498 2025 δντως
552 1964 691 2018 οὖσα
730 1964 855 2019 τότε
902 1964 1046 2038 παρά
1087 1967 1165 2035 τῷ
1211 1962 1506 2037 πρωτίστῳ
1580 1963 1798 2040 ὑπῆρχε
1845 1967 1984 2036 Θεῷ.

318 2051 485 2121 Πλὴν
540 2052 770 2106 τοιαῦτά
815 2072 934 2107 τινα
989 2050 1336 2122 Ἑλληνικοῖς
1397 2052 1592 2126 μύθοις
1662 2052 1990 2126 συμπεπλα-

323 2140 506 2213 σμένα
538 2142 783 2201 πιθανῶς
830 2138 1157 2217 ἀλληγορῶν
1186 2140 1364 2212 ἀπατᾷ
1395 2139 1663 2214 πολλοὺς,
1707 2140 1989 2219 ἐξαιρέτως

322 2228 526 2283 πολλὰ
574 2226 857 2305 τερατώδη
911 2228 1181 2303 θαυμάσια
1224 2234 1419 2302 ποιῶν,
1476 2230 1550 2292 ὡς
1581 2230 1628 2286 εί
1663 2231 1739 2304 μή
1772 2226 1994 2305 ᾔδειμεν

328 2316 419 2371 δτι
455 2316 655 2393 μαγείᾳ
684 2321 851 2372 ταῦτα
905 2323 1073 2389 ποιεῖ,
1133 2318 1496 2393 ἠπατήθημεν
1556 2317 1616 2374 ἂν
1676 2319 1767 2373 καὶ
1816 2318 1991 2376 αὐτοί.

328 2403 495 2459 Ἀλλ’
548 2402 735 2474 ἐπειδὴ
787 2405 1028 2482 συνεργοὶ
1076 2404 1242 2461 αὐτοῦ
1284 2407 1425 2480 ἦμεν
1476 2408 1537 2463 τὸ
1593 2406 1869 2484 καταρχὰς
1928 2408 1994 2474 ³⁴,

337 2492 430 2548 ὅτε
479 2495 552 2547 τὰ
595 2499 821 2549 τοιαῦτα
867 2499 1039 2549 ποιῶν
1083 2496 1145 2550 τὸ
1191 2502 1293 2565 τῆς
1343 2491 1645 2559 θεοσεϐείας
1695 2496 1795 2551 οὐκ
1816 2493 1998 2567 ἠδίκει

344 2584 535 2658 μέρος,
586 2587 680 2637 νῦν
727 2587 821 2641 6|
880 2582 969 2638 ὅτε
1012 2583 1333 2657 πολυμανής
1363 2587 1410 2621 ³⁸
1453 2584 1583 2648 τοὺς
1634 2585 1687 2641 έν
1727 2580 1999 2658 θενσεϐείᾳ

491 2676 521 2687 ν

339 2672 551 2743 ᾶπατᾷν
586 2675 633 2710 ³⁶
663 2671 960 2750 ἐπιχειρεῖν
987 2668 1209 2747 ἤρξατο,
1242 2672 1550 2747 ἀπέστημεν
1585 2674 1772 2732 αὐτοῦ.

414 2870 609 2926 XXVI.
646 2869 743 2923 Καὶ
773 2870 877 2943 γὰρ
914 2873 1216 2947 μιαιφονεῖν
1248 2866 1470 2943 ἤρξατο,
1503 2870 1579 2934 ὡς
1609 2870 1770 2935 αύτὸς
1801 2869 1880 2927 ἔτι
1923 2870 2000 2935 ὡς

343 2958 505 3036 pilo;
536 2960 580 2994 ³⁷
614 2958 797 3035 φίλοις
832 2958 1076 3037 ἐξέφηνεν
1108 2956 1514 3029 ⁸⁸,ὄτιπαιδίου
1535 2962 1718 3036 ψυχὴν
1739 2965 1836 3017 τοῦ
1858 2958 1999 3016 ἰδίου

354 3049 614 3119 σώματος
645 3046 890 3123 χωρίσας
939 3046 1274 3123 ἀπορρήτοις
1330 3047 1537 3125 ὅρκοις,
1577 3051 1830 3125 συνεργὸν
1863 3051 1999 3126 πρὸς

346 3137 445 3203 την
481 3139 587 3188 τῶν
642 3134 788 3206 αὐτῷ
839 3132 1139 3189 δοκούντων
1187 3135 1501 3213 φαντασίαν,
1540 3138 1631 3191 τὸν
1674 3134 1731 3191 δὲ
1761 3139 1807 3174 3°
1834 3134 2002 3191 παῖδα

347 3220 653 3299 διαγράψας
704 3222 790 3277 ἐπὶ
846 3223 1074 3296 εἰκόνος,
1123 3221 1391 3300 ένδοτέρῳ
1444 3223 1580 3299 οἵκῳ
1640 3224 1777 3281 ὅπου
1839 3224 2000 3289 αύτὸς

346 3312 517 3367 ὑπνοῖ
572 3312 983 3386 ἀνατεθειμένην
1041 3310 1177 3388 ἔχει,
1239 3313 1479 3392 φάσκων,
1536 3315 1671 3369 ποτὲ
1705 3319 1897 3370 τοῦτον
1949 3314 2001 3389 ἐξ

346 3402 506 3476 ἀέρος
533 3401 747 3464 πλάσας
780 3405 824 3439 ⁴⁰
848 3401 1015 3463 θείαις
1051 3408 1281 3479 τροπαῖς
1329 3402 1419 3457 καὶ
1464 3404 1528 3459 τὸ
1577 3401 1718 3467 ε’ίδος
1768 3402 2002 3480 ἀναγρά-

348 3494 456 3564 ψας
507 3489 912 3546 ἀποδεδωκέναι
950 3495 995 3529 ⁴¹
1042 3490 1208 3547 πάλιν
1254 3490 1336 3565 τῷ
1380 3492 1516 3570 ἀέρι.
1567 3494 1673 3562 Τὴν
1725 3490 1783 3548 δὲ
1810 3494 2000 3569 πρᾶξιν

344 3579 645 3655 ἑρμηνεύει
677 3580 849 3642 οὕτως
881 3582 1254 3648 πεποιηκέναι.
1285 3586 1504 3657 Πρῶτον
1534 3582 1598 3638 τὸ
1627 3585 1673 3619 ⁸³
1716 3581 2003 3655 ἀνθρώπου

344 3674 563 3741 πνεῦμα
612 3668 782 3743 λέγει,
831 3670 1030 3744 τραπὲν
1083 3669 1159 3733 εἷς
1192 3671 1397 3745 θερμήν
1444 3670 1623 3749 φύσιν,
1654 3672 1744 3727 τὸν
1771 3691 2007 3747 περικει-

349 3779 516 3830 μενον
560 3758 707 3830 αύτῷ
758 3758 945 3821 σικύας
996 3756 1149 3829 δίκην
1194 3759 1627 3834 ἐπισπασάμενον
1679 3766 1932 3834 συμπιεῖν
1960 3764 2005 3798 ⁸⁸

341 3848 480 3922 ἀέρα
532 3847 645 3901 εἶτα
694 3844 908 3911 ἔνδοθεν
956 3855 1057 3917 τῆς
1104 3852 1203 3903 τοῦ
1246 3848 1553 3921 πνεύματος
1596 3847 1737 3912 ἰδέας
1770 3853 1817 3887 “
1843 3849 2005 3923 γενό-

344 3958 513 4007 μενον
564 3936 724 3991 αὐτὸν
774 3936 963 4012 τρέψαι
1016 3936 1092 3997 είς
1139 3933 1308 4011 ὕδωρο
1363 3937 1467 3992 ὑπὸ
1516 3935 1574 3993 δὲ
1617 3944 1721 4008 τῆς
1758 3941 1803 3975 ⁴⁸
1850 3960 2002 3995 συνε-

342 4024 513 4100 χείας
563 4029 659 4078 τοῦ
701 4024 1006 4097 πνεύματος
1056 4026 1289 4100 χυθῆναι
1339 4026 1416 4097 μὴ
1460 4024 1780 4099 δυνάμενον,
1814 4027 1892 4090 είς
1917 4024 2002 4082 α’ί-

344 4135 527 4185 ματος
577 4113 729 4190 φύσιν
786 4114 1133 4187 μετατρέπειν
1185 4110 1381 4189 ἔφασκε
1428 4114 1518 4169 τὸν
1565 4113 1616 4169 έν
1674 4114 1821 4188 αύτῷ
1850 4115 2002 4191 ἀέρα,

338 4205 405 4257 τὸ
460 4200 519 4257 δὲ
570 4202 702 4276 αἷμα
741 4203 915 4274 πῆξαν
963 4203 1058 4265 τὰς
1104 4204 1303 4280 σάρκας
1372 4210 1619 4274 ποιῆσαι·
1679 4206 1774 4260 εἷθ’
1829 4200 2002 4269 οὕτως

2100 1984 2234 2024 vera
2265 1972 2369 2035 est,
2394 1971 2533 2021 tunc
2555 1966 2711 2037 apud
2747 1964 2911 2018 illum
2938 1963 3193 2036 primum
3226 1960 3491 2017 omnium
3524 1958 3746 2015 habita-

2102 2056 2201 2113 bat
2228 2057 2431 2112 Deum.
2466 2055 2535 2109 Et
2564 2054 2685 2109 haec
2715 2057 2891 2125 atque
2923 2050 3037 2106 alia
3057 2051 3150 2107 his
3171 2049 3407 2117 similia,
3437 2066 3506 2104 ex
3533 2047 3746 2105 Grecis

2104 2144 2318 2202 fabulis
2342 2142 2609 2211 conficta,
2626 2140 3085 2215 persuasibiliter
3106 2140 3518 2210 interpretans,
3534 2136 3749 2209 decipit

2105 2234 2357 2291 multos:
2393 2249 2527 2289 cum
2561 2231 2845 2303 pracipue
2875 2230 3009 2285 edat
3057 2227 3243 2283 multa
3273 2226 3605 2299 prodigiosa
3637 2226 3747 2281 mi-

2105 2322 2343 2391 racula;
2374 2321 2458 2377 ita
2486 2325 2572 2389 ut,
2623 2318 2736 2376 nisi
2782 2319 3281 2391 cognovissemus,
3333 2315 3435 2371 illa
3482 2331 3615 2370 eum
3648 2330 3750 2386 per

2107 2412 2364 2484 magiam
2420 2410 2669 2478 efﬁcere,
2722 2409 2836 2481 ipsi
2888 2423 3122 2481 quoque
3154 2405 3470 2461 fuissemus
3500 2403 3748 2475 decepti.

2106 2500 2273 2558 Illius
2294 2500 2565 2572 equidem
2588 2499 2885 2570 adjutores
2908 2495 3192 2569 principio
3207 2510 3462 2560 eramus,
3491 2492 3749 2564 quando,

2106 2591 2221 2647 ista
2252 2590 2490 2661 faciens,
2521 2587 2823 2660 religionis
2844 2590 3037 2658 partes
3067 2583 3283 2656 injuria
3305 2600 3418 2638 non
3440 2582 3749 2637 alliciebat.

2107 2679 2241 2737 Jam
2271 2694 2427 2744 vero,
2458 2693 2594 2734 cum
2624 2692 2874 2732 vesanus
2904 2674 3077 2746 capit
3114 2674 3415 2746 imponere
3442 2670 3587 2727 velle
3613 2667 3752 2725 viris

2110 2766 2419 2840 religiosis,
2452 2767 2524 2823 ab
2554 2782 2620 2823 eo
2651 2764 3023 2822 recessimus.

2181 2873 2375 2929 XXVI.
2408 2872 2635 2929 Etenim
2664 2872 2818 2928 crede
2847 2886 2909 2927 se
2937 2869 3247 2942 inquinare
3271 2870 3523 2947 coeperat
3554 2884 3569 2936 ;
3602 2866 3755 2922 sicut

2111 2962 2237 3035 ipse
2267 2962 2461 3018 adhuc
2510 2960 2715 3018 amicis
2768 2960 2937 3016 nobis
2989 2960 3150 3014 velut
3196 2957 3422 3014 amicus
3461 2956 3753 3029 patefecit,

2113 3052 2269 3122 quod
2302 3068 2437 3107 cum
2488 3050 2651 3135 pueri
2694 3049 2952 3107 animam
2999 3064 3033 3103 a
3084 3047 3318 3120 proprio
3350 3060 3557 3117 copore
3586 3059 3753 3114 sepa-

2114 3146 2304 3197 rasset
2346 3131 2599 3196 infandis
2645 3136 3091 3210 adjuramentis,
3117 3137 3373 3191 futuram
3408 3131 3755 3205 adjutricem

2114 3230 2185 3286 ad
2217 3246 2420 3286 eorum
2451 3247 2578 3303 quis
2610 3229 2734 3301 ipse
2761 3226 2937 3283 vellet
2975 3224 3575 3298 repraasentationem,
3615 3237 3756 3294 pue-

2112 3337 2295 3392 roque
2326 3319 2387 3375 in
2418 3318 2671 3391 imagine
2712 3315 3023 3384 delineato,
3073 3318 3471 3372 consecratam
3521 3311 3761 3367 haberet

2113 3409 2431 3482 imaginem
2464 3408 2523 3464 in
2555 3408 2677 3463 aede
2716 3404 3002 3471 interiori,
3026 3404 3126 3459 ubi
3171 3403 3296 3475 ipse
3326 3400 3641 3457 dormiret:
3672 3398 3761 3454 di-

2112 3514 2251 3555 cens
2281 3515 2343 3554 se
2400 3496 2715 3569 aliquando
2764 3495 2920 3551 hunc
2950 3510 3021 3550 ex
3049 3509 3179 3549 aere
3208 3492 3512 3557 formasse,
3546 3486 3761 3543 divinis

2112 3586 2614 3654 conversionibus,
2649 3589 2725 3652 et,
2777 3583 3035 3656 imagine
3083 3582 3210 3652 ejus
3264 3580 3513 3651 depicta,
3556 3592 3762 3633 rursus

2113 3675 2231 3733 aeri
2260 3675 2644 3731 reddiddisse.
2670 3674 2812 3729 Rem
2834 3673 3061 3728 veroita
3093 3671 3303 3726 factum
3327 3668 3756 3738 interpretatur.

2109 3764 2204 3821 Ait
2233 3765 2390 3837 quod
2421 3764 2609 3837 primo
2632 3761 2887 3819 hominis
2908 3760 3387 3832 spiritus,versus
3409 3757 3466 3811 in
3491 3759 3762 3810 naturam

2113 3854 2308 3918 calidi,
2341 3854 2819 3910 circumstantem
2851 3865 3068 3916 aerem,
3099 3849 3251 3904 sicut
3279 3842 3647 3902 cucurbitula
3676 3842 3759 3896 fa-

2112 3942 2212 4011 cit,
2249 3946 2563 3998 attractum
2595 3940 2862 3996 imbibit:
2888 3954 3063 4010 quem
3096 3936 3303 3991 deinde
3334 3935 3488 3989 intra
3518 3930 3760 4003 spiritus

2112 4029 2362 4086 formam
2390 4029 2646 4102 positum
2679 4029 2802 4100 ipse
2824 4028 3025 4084 Simon
3043 4026 3101 4081 in
3123 4039 3337 4096 aquam
3360 4024 3564 4088 vertit;
3595 4034 3761 4075 cum-

2112 4134 2225 4189 que
2256 4135 2354 4175 aer
2384 4119 2444 4174 in
2475 4117 2684 4190 spiritu
2718 4116 3042 4173 consistens
3072 4114 3145 4170 ob
3195 4112 3439 4185 spiritus
3470 4106 3759 4165 continui-

2110 4212 2292 4265 tatem
2323 4208 2543 4264 effundi
2588 4210 2855 4277 nequeat,
2888 4204 3160 4261 eumdem
3213 4198 3496 4258 convertit
3540 4197 3603 4253 in
3633 4212 3764 4253 san-

1705 4374 1951 4433 VARIIE
2016 4375 2435 4434 LECTIONES.

421 4497 469 4575 ξ
495 4493 692 4575 τούτου
724 4505 785 4575 ρ.
862 4496 911 4532 ¹⁹
931 4494 978 4549 εἴ
1007 4495 1199 4575 om‘O.
1238 4498 1319 4575 3°
1349 4498 1437 4575 Ita
1466 4498 1531 4569 Ο,
1564 4515 1613 4575 9.
1638 4569 1652 4575 _
1676 4500 1760 4575 8.,
1817 4497 2105 4575 προσκύνω
2135 4504 2215 4575 C._
2271 4501 2315 4537 ⁸1
2347 4499 2692 4575 περιέρχεται
2726 4500 2783 4556 C.
2861 4499 2907 4535 ³³
2964 4493 3251 4575 ἀνωτάτλων
3448 4492 3495 4528 ⁸³
3553 4493 3639 4575 Ῑῑρι

341 4569 709 4692 ξευξτδὸἓῧῖθ
734 4566 800 4635 θ’
859 4566 1201 4652 παμμητᾴρα
1228 4568 1291 4626 C-
1371 4571 1419 4607 ³⁴
1473 4559 1599 4655 κᾶτ’.
1628 4559 1826 4657 ἀρχίας
1859 4559 1923 4630 ί).
2000 4573 2046 4609 ³⁸
2078 4574 2163 4629 Ita.
2192 4573 2253 4643 S,
2279 4589 2352 4655 ex
2375 4559 2519 4645 Εὶωιζ
2541 4559 2604 4655 ῖξ,
2663 4574 2755 4633 27.
2787 4567 3129 4652 πολυμανείς
3152 4572 3213 4636 C,
3263 4563 3409 4621 πολὺ
3461 4560 3645 4646 μανείς
3693 4559 3757 4615 Ο.

450 4658 620 4696 παταν
679 4641 745 4696 Ο.
776 4655 827 4695 c.
858 4639 920 4696 Ο.
953 4638 1169 4693 ἀπατων
1198 4640 1282 4696 Cl.
1308 4644 1364 4696 et
1384 4642 1443 4696 S.
1502 4658 1604 4696 aui
1643 4650 2043 4696 coniecturam
2073 4661 2242 4696 suam
2278 4661 2337 4696 ιιι
2368 4660 2704 4696 recensione
2735 4641 3232 4696 Cotelenanajam
3254 4638 3580 4696 evulgatam
3603 4647 3757 4687 inve-

450 4638 620 4709 πατᾷν
652 4641 745 4721 .0,
776 4655 827 4695 ο.
858 4639 920 4708 C,
944 4638 1169 4693 ἀπατῶν
1198 4640 1282 4696 Cl.
1308 4644 1364 4697 et
1384 4642 1443 4711 S,
1499 4643 1604 4769 gui
1643 4638 2043 4715 conjecturam
2073 4638 2248 4701 suam
2278 4644 2337 4700 in
2368 4638 2704 4700 recensione
2735 4638 3232 4709 Cotelerianajam
3254 4638 3580 4710 evulgatam
3603 4638 3761 4687 inve-

450 4728 477 4767 e
508 4716 813 4769 potuisset.
889 4711 934 4745 ³⁷
963 4707 1035 4765 div
1067 4709 1229 4769 φίλος
1262 4712 1493 4769 scriben
1542 4731 1643 4769 um
1674 4731 1803 4769 esse
1837 4715 2287 4769 coniectaverim
2319 4732 2387 4769 ex
2417 4717 2567 4769 Epit.
2601 4730 2653 4769 c.
2683 4714 2751 4769 27
2779 4733 2792 4769 :
2825 4712 2900 4769 ὡς
2934 4710 3092 4769 αὐτὸς
3124 4708 3199 4767 ἔτι
3232 4709 3419 4769 φίλοις
3456 4703 3602 4761 οὖσιν
3633 4701 3759 4769 ὑμῖν

344 4712 477 4767 nire
508 4707 813 4835 potuisset.
889 4707 934 4745 ⁸⁷
963 4707 1035 4765 div
1067 4709 1229 4787 φίλος
1262 4707 1493 4769 scriben

349 4781 440 4835 οἶα
468 4802 505 4835 ω
533 4780 630 4835 λος
658 4780 917 4835 ἐξέφανεν.
950 4782 1009 4835 S.
1086 4784 1131 4819 ³⁸
1159 4784 1245 4835 Ita
1275 4785 1333 4835 S.
1368 4782 1489 4835 ἐέέιο

349 4802 440 4835 οια
468 4802 505 4835 Ο

533 4701 813 4800 potuisset.
889 4701 934 4745 ‘7
963 4707 1035 4765 div
1067 4709 1229 4787 φίλος
1262 4701 1643 4771 scribendum
1674 4701 1803 4771 esse
1837 4715 2287 4786 conjectaverim
2319 4732 2387 4772 ex
2417 4717 2567 4787 Epit.
2601 4730 2653 4771 c.
2683 4714 2751 4770 27
2779 4733 2792 4772 :
2825 4712 2900 4773 ὡς
2934 4701 3199 4773 αὐτὸς-ἔτι
3277 4701 3419 4769 ίλοιξ
3456 4703 3602 4761 οὖσιν
3633 4701 3661 4756 ὑ
3710 4706 3759 4755 Iv

533 4780 630 4835 λος
658 4780 917 4835 ἐξέφανεν.
950 4782 1009 4835 S.
1086 4784 1131 4819 ³⁸
1159 4784 1245 4835 Ita
1275 4785 1333 4835 S.
1368 4782 1610 4835 ἐξέφανεν
1639 4785 1699 4835 C-
1733 4787 1799 4835 0.
1875 4788 1922 4824 ³9
1958 4784 2016 4835 δέ
2040 4804 2158 4835 om-
2192 4786 2256 4835 0.
2336 4788 2381 4822 ιο
2412 4788 2677 4835 Fortasse
2705 4786 2815 4835 lea.
2849 4782 3053 4835 πλάσαι
3084 4787 3142 4835 S.
3219 4731 3267 4820 ἐξ
3294 4782 3433 4835 Post
3484 4722 3759 4832 61108566)-

572 4802 630 4843 0‘
658 4780 917 4861 ἐξέφφὲν·
950 4782 1009 4838 S-
1080 4780 1245 4861 ’³⁸,Ιῐζι
1275 4785 1333 4861 S,
1368 4782 1700 4861 ἐξέφανενα
1733 4787 1811 4861 0.*
1875 4788 1922 4824 ³9
1941 4780 2158 4861 ’δέ-σω.
2192 4786 2256 4843 0.
2336 4788 2381 4861 f0
2412 4780 2677 4861 Fortasse
2705 4786 2815 4861 leg.
2849 4782 3053 4861 πλάσαι
3084 4787 3142 4841 S.
3219 4785 3241 4818 ι

3294 4782 3433 4837 Post
3484 4771 3759 4832 ἀποδεδω-

349 4804 440 4871 θξα
468 4804 630 4857 φίλος
658 4804 917 4858 εξεφανεν·
950 4804 1009 4838 δ·
1086 4804 1131 4819 ⁰⁹
1159 4804 1245 4840 ηδ
1275 4804 1333 4853 δ’
1368 4804 1463 4861 Et?
1494 4804 1610 4839 ανεν
1639 4804 1700 4857 U,
1733 4804 1799 4843 υ.
1875 4804 1922 4824 "
1958 4804 2016 4841 οε
2040 4804 2158 4843 om.
2192 4804 2256 4843 U.
2336 4804 2381 4822 ὐ
2412 4804 2677 4843 r'ortasse
2706 4804 2815 4857 leg.
2849 4804 3053 4839 πΛασαι
3084 4804 3142 4841 S.
3219 4804 3260 4820 ν·
3294 4804 3433 4837 rost
3484 4804 3757 4832 απυυευω-

346 4873 498 4940 κέναι
627 4854 759 4940 exh.
793 4851 1149 4940 {tyeh'quold
1178 4856 1318 4940 ejeci
1351 4872 1412 4940 ι)ἐ
1438 4804 1504 4940 8:
1561 4858 1752 4940 "’_106
1782 4858 1841 4927 C,
1862 4860 1977 4940 _qui
2007 4859 2306 4940 deinceps_
2332 4858 2576 4940 θερμοὶ
2634 4858 2678 4892 ⁸³
2737 4859 2822 4912 Ita
2877 4856 2920 4913 Ο
2970 4860 3028 4911 et
3056 4856 3400 4940 exnconject.
3434 4852 3501 4933 C,
3531 4848 3757 4940 συξπεῖν

348 4926 431 4980 id.
465 4926 527 4980 in
555 4930 738 4981 textu.
815 4921 1063 4987 ωἐἷ’δέιῖις
1095 4926 1157 4982 C.

1242 4943 1340 4982 um
1380 4932 1417 4983 S
1445 4925 1603 4982 αὐτόν
1638 4929 1698 4984 in
1724 4919 1991 4986 versione
2021 4930 2167 4986 falso
2214 4919 2489 4985 refert'ad
2521 4928 2840 4994 Simonem,
2874 4944 3005 4982 cum
3055 4919 3421 4983 referendum
3457 4919 3533 4977 sit
3557 4919 3631 4994 ad
3665 4933 3760 4994 ge-

346 5013 495 5073 rem.
528 4998 715 5073 Quare
746 4996 966 5055 frustra
990 4984 1245 5070 conjicit,
1278 5000 1655 5057 scribendum
1685 5017 1813 5058 esse
1843 4984 1998 5058 infra
2022 4984 2267 5072 πήξαντα
2298 4984 2355 5073 p.
2378 4984 2557 5070 his...
2634 5001 2678 5044 δι
2706 5005 2807 5068 τῆς
2828 4984 3050 5056 'addidi
3108 5016 3158 5056 ο,
3217 5002 3277 5053 ο,
3320 4997 3470 5052 Tum
3529 4989 3602 5051 εἷς
3634 4984 3755 5059 αἶ’μ,

346 5066 509 5145 φύσιν
539 5069 601 5125 C.

1729 5214 2113 5273 VARIORUM
2152 5214 2386 5273 NOTIE.

427 5355 552 5441 (482
589 5354 813 5441 {\lludit
870 5361 1068 5441 noster
1110 5358 1196 5441 ad.
1239 5373 1440 5441 eorum
1475 5358 1873 5441 sententiam;
1906 5358 2009 5441 qui

346 5426 807 5516 nonillel‘enam,
841 5429 942 5516 sed
986 5430 1114 5499 ejus
1137 5426 2010 5516 “duntanat‘imaginem‘j‘rojaa
2118 5426 2388 5516 volﬁq'joii
2427 5426 2731 5516 abesse},
2792 5426 2945 5516 Sest:

347 5498 536 5553 fuisse
571 5503 928 5566 statuerunt,
964 5498 1093 5555 cum
1134 5500 1313 5556 Graeci
1357 5498 1707 5566 barbarique
1738 5501 1850 5555 sibi
1878 5498 2007 5557 mu-

347 5575 509 5643 tuas,
528 5571 676 5643 ejus
701 5587 900 5643 causa,
921 5571 1117 5643 clades
1140 5572 1411 5643 facerent.
1432 5572 1566 5643 Vici1
1588 5571 1734 5643 Plat.
1768 5574 1847 5643 De
1874 5574 2003 5643 Rep.

348 5658 427 5712 ιι,
461 5640 611 5712 [586.
643 5642 722 5699 C:
756 5639 939 5717 ὥσπερ
966 5642 1031 5697 τὸ
1076 5648 1175 5711 τῆς
1223 5639 1443 5714 Ἑλένης
1494 5638 1726 5698 εἴδωλον
1759 5641 1864 5698 ὑπὸ
1894 5638 2003 5700 τῶν

2849 5382 2941 5432 ησι
2982 5358 3219 5432 γενέσθαι
3249 5357 3631 5432 περνμάχητον
3663 5352 3756 5429 ἀγ-

3039 5428 3347 5505 mp.__adv.
3388 5428 3619 5505 lla—9h.
3654 5428 3753 5505 vi},

2119 5498 2241 5588 189,
2389 5508 2460 5588 et,
2475 5498 2817 5588 Barnesium
2838 5498 3277 5588 adAEurip’._Hel.
3302 5518 3354 5555 v.
3382 5498 3756 5588 913:9.édde

2114 5574 2305 5631 Schol.
2340 5575 2412 5629 ad
2428 5575 2717 5647 ALycophr.
2748 5594 2802 5633 ν.
2836 5578 2956 5643 113,
2987 5581 3045 5632 et
3073 5570 3317 5645 interpr.
3350 5572 3420 5627 ad
3446 5570 3657 5627 Herod.
3688 5586 3751 5625 ιι.

2117 5647 2224 5703 112
2252 5662 2383 5718 sqq.
2417 5645 2779 5707 S.‘Dsisssr..

2121 5358 2173 5413 ἐν
2190 5358 2369 5434 ’Τροίᾳ
2415 5358 2759 5434 Στησίχορός
