4116 6224
367 458 445 519 99
1186 454 1254 515 S.
1300 452 1745 514 CLEMENTIS
1791 452 1817 516 Ι
1864 450 2054 514 ROM.
2098 452 2330 513 PONT.
2378 451 2643 514 OPERA
2687 451 2956 514 DUBIA.

3662 459 3779 519 100

367 590 506 663 quia
530 587 684 645 malo
740 586 981 644 facinori
1024 586 1496 659 adjuramentum
1537 584 1875 658 praetulerit.
1925 583 2007 641 Si-

2123 583 2245 655 σθη,
2295 580 2517 646 θάνατον
2563 583 2699 656 ἡμῖν
2746 580 3065 655 ἀπειλήσας,
3118 582 3163 637 εί
3213 585 3287 657 μὴ
3349 583 3416 640 τὰ
3476 585 3564 641 ὑπ’
3612 587 3776 644 αὐτοῦ

361 695 497 735 mon
524 694 655 734 vero
688 677 780 733 bis
833 675 1071 747 auditis,
1134 675 1218 731 ira
1273 675 1553 748 percitus,
1597 679 1869 743 mortem,
1907 673 2007 729 nisi

2125 670 2467 746 πραττόμενα
2495 675 2809 746 σιωπῶμεν.

362 783 489 840 quae
520 776 779 839 gesserat
810 770 1155 830 taceremus,
1184 765 1444 820 minatus
1476 768 1583 820 est.

431 854 648 911 XXXII.
684 856 1001 927 Postquam
1032 852 1243 925 Aquila
1271 853 1393 908 haec
1417 853 1585 920 dixit,
1614 869 1719 924 ego
1748 852 2014 908 Clemens

358 943 733 1017 interrogavi,
763 960 1033 1015 quaenam
1066 946 1263 999 essent
1293 942 1579 997 miracula
1608 958 1735 1013 quas
1776 941 2007 997 faceret.

359 1032 451 1087 Illi
481 1049 615 1088 vero
645 1032 1074 1105 responderunt
1105 1030 1278 1087 mibi:
1316 1030 1471 1086 Facit
1493 1034 1557 1085 ut
1578 1034 1784 1085 statuae
1803 1030 2009 1085 ambu-

358 1120 506 1178 lent:
540 1121 600 1177 in
632 1121 765 1193 igne
793 1121 1064 1177 volutans
1085 1136 1170 1189 se,
1195 1137 1309 1176 non
1343 1119 1572 1189 uritur;
1596 1119 1888 1176 interdum
1913 1136 2008 1174 vo-

357 1209 463 1279 lat,
498 1227 566 1265 ex
622 1208 915 1282 lapidibus
974 1226 1155 1282 panes
1207 1207 1364 1276 facit,
1418 1225 1660 1281 serpens
1692 1210 1775 1276 ﬁt,
1812 1208 1873 1264 in
1913 1224 2009 1265 ca-

356 1314 524 1370 pram
568 1299 1041 1369 transformatur,
1092 1299 1238 1353 duas
1291 1297 1472 1353 facies
1508 1297 1784 1364 ostendit,
1817 1297 1877 1353 in
1910 1314 2010 1354 au-

356 1403 485 1442 rum
514 1387 890 1453 convertitur,
910 1390 1107 1459 portas
1129 1386 1397 1442 occlusas
1419 1386 1627 1458 aperit,
1650 1386 1869 1442 ferrum
1892 1386 2006 1443 sol-

354 1474 456 1541 vit,
488 1475 547 1530 in
592 1474 869 1531 conviviis
909 1474 1228 1531 simulacra
1258 1476 1581 1531 formarum
1626 1474 2007 1548 omnigenum

356 1563 625 1633 exhibet;
661 1564 797 1619 facit
836 1568 901 1619 ut
928 1564 987 1619 in
1018 1564 1191 1621 domo
1222 1581 1361 1620 vasa
1390 1568 1599 1636 sponte
1624 1564 1760 1619 terri
1794 1565 1867 1620 ad
1896 1564 2006 1619 mi-

359 1652 667 1709 nisterium
700 1653 1028 1722 videantur,
1052 1670 1157 1709 nec
1181 1656 1496 1709 cernantur
1517 1652 1618 1725 qui
1652 1654 1865 1709 ferunt.
1892 1655 2008 1709 Ista

356 1746 746 1798 memorantes
777 1743 1024 1798 audiens
1058 1742 1336 1798 mirabar.
1392 1742 1781 1798 Testabantur
1810 1746 2005 1799 autem

357 1829 541 1887 multa
569 1830 707 1887 talia
738 1847 801 1887 se
829 1830 1044 1888 vidisse
1071 1831 1184 1904 ipsi
1218 1830 1317 1903 qui
1361 1830 1623 1887 aderant.

425 2006 644 2062 XXXII.
667 2006 766 2062 His
798 2006 879 2062 ita
899 2006 1205 2071 enarratis,
1236 2007 1552 2079 praeclarus
1580 2007 1785 2063 Petrus
1807 2012 1865 2064 et
1882 2007 2007 2080 ipse

357 2095 533 2167 cmpit
563 2095 791 2151 dicere:
826 2095 1203 2152 Considerare
1247 2112 1349 2152 vos
1382 2099 1626 2169 oportet,
1655 2097 1883 2167 fratres,
1916 2113 2005 2153 re-

357 2183 506 2257 gula:
531 2184 961 2257 conjugationis
993 2185 1316 2256 veritatem,
1342 2202 1374 2239 a
1392 2201 1505 2256 qua
1530 2184 1730 2257 regula
1760 2184 1862 2256 qui
1891 2202 2006 2241 non

354 2272 612 2342 recessit,
648 2291 759 2328 non
796 2272 1007 2345 poterit
1063 2290 1273 2329 errare.
1335 2273 1621 2339 Quoniam
1653 2273 1895 2339 scilicet,
1942 2277 2009 2329 ut

348 2361 627 2430 diximus,
661 2362 859 2417 omnia
888 2362 1192 2417 cernimus
1226 2378 1355 2417 sese
1385 2361 1601 2417 habere
1632 2361 1907 2434 bipartito
1940 2379 2008 2419 ac

350 2450 659 2521 contrarie,
693 2454 749 2506 et
782 2450 1279 2521 quemadmodum
1304 2449 1492 2522 primo
1517 2453 1606 2505 est
1637 2467 1772 2515 nox,
1797 2450 2008 2507 deinde

356 2538 502 2606 dies,
537 2543 593 2594 et
614 2538 868 2609 primum
903 2537 1253 2610 ignorantia,
1289 2542 1489 2610 postea
1517 2538 1794 2611 cognitio,
1817 2544 1873 2594 et
1901 2538 2014 2610 pri-

358 2642 455 2683 mo
467 2628 731 2691 morbus,
746 2627 878 2681 inde
893 2629 1144 2693 sanitas;
1171 2627 1249 2681 ita
1264 2625 1517 2698 primum
1539 2643 1699 2681 error
1721 2628 2010 2682 mundum

360 2721 627 2789 occupat,
662 2716 862 2786 sicque
893 2719 1026 2787 post
1068 2714 1278 2770 veritas
1323 2716 1674 2784 supervenit,
1721 2721 1787 2772 ut
1827 2716 2008 2772 medi-

370 2822 476 2860 cus
507 2805 730 2860 morbo.
755 2803 964 2859 Statim
988 2804 1183 2875 itaque
1206 2821 1271 2860 ac
1302 2805 1413 2860 Deo
1435 2804 1623 2860 amica
1648 2821 1791 2877 gens
1814 2810 2013 2861 nostra

370 2894 444 2949 ab
473 2893 866 2967 Egyptiorum
898 2893 1195 2949 vexatione
1225 2893 1527 2948 liberanda
1557 2894 1685 2959 fuit,
1717 2894 1880 2965 prius
1911 2909 2013 2965 per

367 2999 496 3038 eam
537 2982 759 3053 virgam
792 2999 921 3053 quae
950 2981 1009 3037 in
1053 2986 1384 3054 serpentem
1415 2999 1581 3038 versa
1609 2983 1816 3053 fuerat,
1849 2999 2012 3055 quaa-

370 3088 482 3143 que
510 3070 725 3126 tradita
760 3074 884 3126 erat
927 3071 1161 3138 Aaroni,
1211 3070 1397 3127 morbi
1445 3072 1577 3127 facti
1611 3075 1769 3139 sunt,
1811 3073 2012 3144 sicque

368 3165 569 3233 postea
594 3160 868 3232 precibus
900 3159 1116 3232 Moysis
1146 3160 1426 3216 sanitates
1476 3165 1616 3216 sunt
1640 3160 1914 3216 inductae.
1946 3162 2014 3217 Et

365 3265 521 3304 nunc
552 3265 805 3320 quoque,
838 3266 970 3304 cum
1003 3254 1205 3321 gentes
1253 3249 1326 3305 ab
1358 3248 1646 3305 idolorum
1677 3250 1835 3305 cultu
1866 3249 2011 3306 libe-

2038 1961 2085 2027 Β

2194 854 2407 906 XXXII.
2436 853 2612 904 Ταῦτα
2664 853 2763 904 τοῦ
2809 847 3013 904 Ἀκύλα
3072 849 3341 919 εἰπόντος,
3374 851 3481 926 ἐγὼ
3536 852 3773 925 Κλήμης

2120 934 2421 1012 ἐπυθόμην,
2464 938 2584 994 τίνα
2634 937 2735 1015 ἄρα
2782 937 2922 993 ἐστὶν
2971 938 3004 993 ἃ
3050 945 3198 994 ποιεῖ
3254 940 3542 1013 θαυμάσια.
3593 942 3655 995 Oi
3715 939 3774 997 δὲ

2119 1022 2304 1103 ἔλεγόν
2338 1048 2453 1100 μοι,
2488 1026 2569 1082 ὅτι
2601 1024 2917 1103 ἀνδριάντας
2964 1029 3079 1100 (51)
3124 1032 3273 1083 ποιεῖ
3318 1035 3629 1103 περιπατεῖν
3680 1031 3772 1086 καὶ

2119 1113 2205 1170 ἐπὶ
2256 1120 2363 1191 πῦρ
2411 1113 2741 1189 κυλιόμενος
2790 1115 2851 1171 οὐ
2899 1115 3125 1171 καίεται·
3162 1115 3327 1172 ἐνίοτε
3359 1114 3417 1171 δὲ
3471 1117 3559 1173 καὶ
3608 1118 3772 1174 πέτα-

2114 1223 2222 1258 ται⁶
2257 1201 2347 1258 καί
2378 1204 2436 1258 ἐκ
2465 1203 2630 1260 λίθων
2663 1202 2858 1281 ἄρτους
2898 1209 3065 1260 ποιεῖ·
3099 1200 3222 1283 ὄφις
3253 1204 3479 1280 γίνεται,
3511 1204 3586 1268 εἲς
3645 1207 3776 1283 αἶγα

2121 1296 2585 1371 μεταμορφοῦται,
2637 1290 2986 1369 διπρόσωπος
3031 1291 3256 1369 γίνεται,
3298 1293 3373 1356 εἷς
3424 1295 3627 1370 χρυσὸν
3683 1315 3774 1368 με-

2113 1376 2466 1438 ταϐάλλεταιο
2498 1380 2663 1459 θύρας
2711 1380 3096 1454 κεκλεισμένας
3146 1380 3371 1459 ἀνοίγει,
3412 1380 3636 1459 σίδηρον
3668 1386 3771 1442 θο

2116 1468 2256 1543 λύει,
2290 1468 2344 1526 ἐν
2390 1469 2629 1534 δείπνοις
2678 1468 2883 1527 εἴδωλα
2918 1468 3277 1527 παντοδαπῶν
3334 1468 3490 1528 ἰδεῶν
3543 1474 3587 1510 ⁷ο
3616 1472 3779 1549 παρί-

2115 1578 2325 1631 στησινο
2382 1560 2452 1614 τὰ
2507 1558 2559 1614 ὲν
2616 1558 2765 1631 οἰκίᾳ
2819 1558 2983 1632 σκεύη
3036 1558 3111 1623 ὡς
3160 1559 3439 1634 αὐτόματα
3502 1561 3773 1639 φερόμενα

2116 1647 2255 1725 πρὸς
2307 1648 2602 1727 ὑπηρεσίαν
2657 1647 2948 1724 βλέπεσθαι
2995 1654 3161 1723 ποιεῖ,
3211 1653 3318 1705 τῶν
3375 1648 3645 1728 φερόντων
3705 1649 3769 1706 οὐ

2122 1735 2502 1815 βλεπομένων.
2553 1739 2735 1795 Ταῦτα
2798 1736 2972 1793 αὐτῶν
3020 1736 3293 1814 λεγόντων
3348 1737 3558 1793 ἀκούων
3620 1737 3772 1794 ἐθαύ-

2119 1832 2309 1901 μαζον.
2339 1826 2708 1903 Ἐμαρτύρουν
2743 1822 2801 1881 δὲ
2830 1824 3017 1881 πολλὰ
3045 1830 3088 1865 ’⁷1
3115 1828 3183 1882 τὰ
3209 1831 3436 1883 τοιαῦτα
3456 1826 3608 1883 αὐτοὶ
3637 1848 3773 1905 παρ-

2117 1914 2266 1978 όντες
2298 1918 2344 1952 ⁷²
2375 1914 2740 1992 ἱστορηκέναι.

2186 2010 2421 2060 XXXIII.
2446 2002 2659 2073 Τούτων
2694 2002 2868 2067 οὕτως
2902 2003 3167 2080 ῥηθέντων
3200 2005 3228 2059 ὁ
3256 2003 3425 2067 καλὸς
3458 2005 3659 2082 Πέτρος
3678 2006 3771 2063 καὶ

2116 2092 2275 2156 αὐτὸς
2304 2096 2401 2148 τοῦ
2436 2092 2614 2169 λέγειν
2645 2090 2867 2167 ἤρξατο·
2905 2097 3137 2167 Συνορᾷν
3187 2092 3328 2167 ὑμᾶς
3377 2090 3479 2160 δεῖ,
3517 2091 3765 2173 ἀδελφοὶ,

2113 2187 2210 2237 τοῦ
2258 2189 2358 2252 τῆς
2408 2181 2659 2257 συζυγίας
2706 2180 2928 2243 κανόνος
2965 2182 3065 2250 τὴν
3100 2181 3385 2251 ἀλήθειαν,
3416 2182 3477 2237 οὗ
3515 2184 3591 2255 μὴ
3643 2184 3768 2262 ἀφι-

2117 2270 2378 2344 στάμενός
2415 2292 2499 2333 τις
2532 2270 2631 2325 οὐκ
2664 2266 2780 2345 ἔχει
2812 2267 3180 2339 πλανηθῆναι.
3215 2270 3361 2325 Ἐπεὶ
3395 2271 3521 2347 γὰρ,
3543 2271 3615 2333 ὡς
3646 2268 3770 2350 ἔφα-

2120 2381 2212 2434 μεν
2263 2363 2328 2430 ⁷³,
2381 2358 2577 2422 δυϊκῶς
2616 2359 2706 2414 καὶ
2750 2358 3001 2421 ἐναντίως
3053 2358 3224 2413 πάντα
3282 2358 3481 2434 ἔχοντα
3525 2360 3766 2436 ὁρῶμεν,

2117 2448 2208 2504 καὶ
2263 2448 2337 2511 ὡς
2394 2449 2587 2525 πρώτη
2637 2447 2750 2520 νὺξ,
2786 2447 2900 2503 εἶτα
2945 2446 3145 2521 ἡμέρα,
3176 2448 3265 2501 καὶ
3314 2453 3528 2521 πρῶτον
3559 2445 3764 2525 ἄγνοια,

2121 2537 2236 2594 εἶτα
2289 2542 2505 2615 γνῶσις,
2538 2538 2627 2592 καὶ
2659 2539 2704 2574 ⁷⁸
2751 2541 2967 2613 πρῶτον
3016 2535 3191 2607 νόσος,
3235 2536 3347 2591 εἶτα
3403 2533 3558 2606 ἴασις,
3593 2536 3767 2599 οὕτως

2120 2632 2310 2700 πρῶτα
2337 2628 2405 2681 τὰ
2430 2634 2530 2696 τῆς
2561 2628 2775 2695 πλάνης
2806 2631 2883 2697 τῷ
2916 2624 3018 2701 βίῳ
3054 2622 3296 2701 ἔρχεται,
3339 2626 3435 2679 εἶθ’
3482 2625 3655 2688 οὓτως
3702 2626 3766 2680 τὸ

2122 2713 2324 2784 ἀληθὲς
2355 2714 2660 2791 ἐπέρχεται,
2693 2715 2768 2776 ὡς
2795 2718 2864 2787 τῇ
2888 2714 3032 2786 νόσῳ
3063 2715 3090 2769 ὁ
3138 2713 3343 2791 ἱατρός.
3393 2714 3594 2771 Αὐτίκα
3634 2720 3762 2790 γοῦν

2118 2808 2215 2860 τοῦ
2244 2802 2533 2880 θεοφιλοῦς
2581 2806 2740 2875 ἡμῶν
2787 2799 2971 2864 ἔθνους
3020 2802 3125 2857 ἀπὸ
3176 2809 3276 2872 τῆς
3319 2806 3427 2857 τῶν
3462 2801 3767 2878 Δί’γυπτίων

2119 2892 2417 2968 κακουχίας
2471 2890 2773 2965 μέλλοντος
2820 2890 3165 2967 λυτροῦσθαι,
3232 2896 3448 2968 πρῶτον
3512 2889 3599 2946 διὰ
3660 2899 3764 2963 τῆς

2124 2980 2453 3059 ὀφιωθείσης
2488 2975 2709 3057 ῥάϐδου,
2739 2977 2861 3050 ⁴ἥτις
2900 2984 2980 3052 τῷ
3018 2980 3226 3055 Ἀαρὼν
3273 2976 3454 3052 ἐδόθη,
3506 2980 3561 3034 αἱ
3598 2980 3767 3036 νόσοι

2121 3068 2378 3147 ἐγίνοντο,
2411 3069 2498 3125 καὶ
2532 3070 2628 3134 εἴθ’
2659 3069 2832 3131 οὕτως
2865 3068 3053 3145 εὐχαῖς
3104 3068 3378 3130 Μωϋσέως
3402 3070 3448 3104 ’⁷⁸
3498 3068 3550 3123 αἶ
3600 3068 3767 3133 ἰάσεις

2121 3158 2463 3238 ἐπεφέροντο,
2496 3157 2594 3214 Καὶ
2623 3163 2715 3214 νῦν
2749 3155 2805 3213 δὲ
2828 3163 2935 3214 τῶν
2969 3157 3133 3222 ἐθνῶν
3178 3156 3495 3231 μελλόντων
3529 3158 3634 3213 ἀπὸ
3662 3165 3763 3228 τῆς

2118 3249 2255 3305 κατὰ
2282 3252 2327 3286 ’⁷⁸
2353 3250 2420 3304 τὰ
2451 3246 2653 3304 εἷ’δωλα
2684 3247 3007 3323 λυτροῦσθαι
3048 3246 3355 3322 θρησκείας,
3388 3249 3421 3317 ἡ
3470 3246 3629 3302 κακία
3668 3250 3769 3304 πά-

362 3337 479 3393 rari
509 3338 806 3403 deberent,
830 3337 1044 3393 iterum
1064 3336 1307 3406 malitia,
1337 3338 1506 3409 quasi
1530 3338 1660 3410 ipsa
1688 3338 2004 3411 imperans,

2122 3335 2228 3409 λιν,
2281 3337 2356 3401 ὡς
2402 3337 2536 3406 αὐτὴ
2603 3334 2980 3411 βασιλεύουσα,
3050 3331 3404 3410 προλαϐοῦσα
3432 3339 3475 3373 ⁷⁷
3544 3357 3760 3412 πρωτον

363 3425 722 3498 anticipavit,
757 3442 1050 3497 suumque
1072 3425 1228 3481 velut
1257 3429 1588 3498 serpentem
1622 3426 1786 3482 misit
1818 3428 1876 3482 in
1908 3428 2010 3484 ad-

352 3514 666 3586 jutorium,
717 3514 982 3571 videlicet
1031 3532 1203 3587 quem
1253 3514 1488 3571 cernitis
1536 3516 1852 3584 Simonem,
1904 3517 2007 3588 qui

361 3604 512 3659 mira
541 3604 677 3659 facit
705 3604 775 3660 ad
801 3609 1099 3675 stuporem
1122 3620 1187 3659 ac
1210 3605 1630 3676 deceptionem,
1664 3622 1777 3660 non
1806 3610 2003 3661 tamen

358 3692 528 3764 signa
557 3691 838 3748 salutaria
868 3693 938 3748 ad
971 3693 1405 3748 conversionem
1439 3709 1504 3748 ac
1537 3692 1807 3749 salutem.
1850 3696 2002 3761 Quo-

357 3780 510 3837 circa
530 3798 630 3837 vos
661 3785 904 3853 oportet,
939 3797 1007 3837 ex
1049 3780 1350 3837 miraculis
1397 3798 1524 3854 quas
1558 3783 1726 3852 fiunt,
1760 3783 2003 3839 factores

358 3870 676 3937 attendere,
709 3870 843 3942 quis
874 3871 1184 3941 cujusnam
1215 3870 1293 3925 sit
1334 3870 1656 3941 operarius.
1689 3872 1747 3927 Si
1777 3871 2007 3928 inutilia

358 3957 647 4014 miracula
666 3958 805 4027 edit,
834 3958 1073 4016 malitiae
1091 3964 1177 4015 est
1202 3958 1505 4028 minister;
1533 3959 1622 4015 sin
1654 3976 1785 4016 vero
1819 3959 2002 4026 utilia,

354 4047 492 4102 boni
523 4052 613 4103 est
638 4064 872 4120 praeses.

426 4135 664 4192 XXXIV.
698 4141 874 4192 Porro
904 4135 1135 4191 inutilia
1165 4135 1466 4203 miracula,
1500 4141 1657 4203 sunt,
1710 4154 1840 4210 quae
1884 4137 2005 4193 edi-

355 4222 512 4279 disse
533 4225 827 4280 Simonem
850 4224 1103 4295 dixistis,
1134 4225 1311 4296 quod,
1344 4224 1609 4296 inquam,
1664 4230 1896 4281 statuas
1925 4226 2006 4281 fa-

356 4311 471 4366 ciat
487 4311 813 4380 ambulare,
842 4313 995 4384 quod
1039 4329 1213 4385 supra
1238 4313 1519 4368 carbones
1544 4313 1759 4385 ignitos
1789 4314 2009 4371 volutet

356 4416 440 4469 se,
473 4402 627 4473 quod
650 4401 823 4456 draco
845 4401 1039 4469 ﬁat,in
1063 4418 1299 4473 capram
1316 4402 1787 4474 transformetur,
1817 4404 2006 4475 quod-

356 4503 469 4560 que
500 4489 557 4543 in
593 4505 723 4545 aere
751 4489 923 4557 volet,
968 4506 1034 4546 ac
1064 4489 1280 4545 similia
1317 4488 1452 4561 alia,
1487 4507 1613 4562 quin
1645 4507 1778 4547 cum
1809 4492 1879 4547 ad
1914 4509 2006 4548 sa-

358 4576 587 4632 nandos
617 4577 886 4634 homines
917 4595 1032 4634 non
1066 4579 1227 4647 fiant,
1261 4580 1331 4634 ad
1366 4577 1584 4635 multos
1606 4578 1889 4637 fallendos
1911 4597 2009 4637 na-

352 4667 488 4721 tura
516 4672 853 4739 comparata
892 4671 1050 4723 sunt.
1101 4666 1379 4723 Miracula
1427 4684 1560 4724 vero
1611 4669 2005 4726 misericordis

348 4754 613 4811 veritatis
643 4754 1031 4812 humanitatis
1061 4755 1232 4828 plena
1266 4760 1426 4823 sunt,
1459 4756 1658 4829 qualia
1687 4757 2003 4815 Dominum

2112 3428 2203 3482 τὸν
2254 3427 2448 3497 ἑαυτῆς
2497 3423 2676 3503 ὣσπερ
2726 3422 2848 3504 ὄφιν
2897 3422 3105 3498 ἔπεμψε
3154 3423 3472 3500 σύμμσχον,
3510 3420 3566 3479 ὅν
3602 3426 3763 3501 ὁρᾶτε

2116 3515 2360 3589 Σίμωνα,
2392 3519 2652 3571 ποιοῦντα
2694 3515 2963 3587 θαυμάσια
2993 3513 3128 3586 πρὸς
3159 3512 3495 3584 κατάπληξιν
3528 3514 3615 3568 καὶ
3659 3518 3758 3573 67

2114 3605 2342 3677 ἀπάτην,
2375 3604 2435 3658 οὐ
2469 3608 2669 3677 σημεῖα
2701 3602 2881 3658 ίατικᾶι
2910 3603 3045 3679 πρὸς
3080 3601 3407 3681 ἐπιστροφὴν
3439 3602 3528 3657 καὶ
3579 3625 3758 3673 σωτη-

2114 3694 2252 3772 ρίαν.
2289 3692 2381 3748 Διὸ
2428 3692 2519 3747 καὶ
2570 3693 2708 3766 ὑμᾶς
2753 3692 2858 3747 ἀπὸ
2896 3695 3003 3746 τῶν
3035 3690 3334 3767 γινομένων
3361 3693 3596 3764 τεράτων
3627 3691 3755 3754 τοὺς

2113 3788 2403 3845 ποιοῦντας
2451 3787 2591 3837 νοεῖν
2639 3779 2739 3853 δεῖ,
2797 3781 2879 3843 τίς
2928 3778 3071 3843 τίνος
3132 3778 3272 3835 ἐστίν
3324 3781 3578 3856 ἐργάτης.
3636 3781 3758 3837 Ἐὰν

2115 3870 2367 3949 ἀνωφελῆ
2418 3874 2551 3944 ποιῇ
2597 3870 2813 3946 τέρατα,
2846 3868 3036 3931 κακίας
3076 3867 3216 3923 ἐστὶν
3255 3867 3547 3945 ὑπουργός’
3582 3868 3668 3924 ἐὰν
3704 3866 3763 3924 δὲ

2115 3958 2371 4040 ἐπωφελῆ
2405 3958 2633 4036 πράττῃ,
2664 3963 2762 4015 τοῦ
2792 3959 2994 4034 ἀγαθοῦ
3027 3957 3165 4013 ἐστὶν
3194 3960 3438 4034 ἡγεμῶν.

2185 4136 2418 4191 XXXIV.
2470 4136 2546 4190 Τὰ
2597 4134 2690 4208 μὶν
2757 4134 2848 4189 οὗν
2895 4131 3149 4211 ἀνωφελῆ
3216 4133 3324 4189 ἐστὶ
3392 4137 3615 4206 σημεῖα,
3667 4128 3766 4190 ὅσα

2115 4223 2268 4279 αὐτοὶ
2302 4222 2525 4297 Σίμωνα
2556 4222 2809 4300 εἰρήκατε
2838 4221 3193 4293 πεποιηκέναι
3217 4242 3229 4255 ·
3263 4220 3414 4299 λέγω
3465 4220 3523 4277 δὲ
3569 4224 3632 4277 τὸ
3672 4223 3763 4277 ἆν-

2116 4309 2365 4390 δριάντας
2418 4311 2574 4368 αὐτὸν
2626 4317 2802 4368 ποιεῖν
2848 4317 3183 4388 περιπατεῖν,
3214 4312 3305 4366 καὶ
3350 4310 3413 4366 τὸ
3461 4310 3545 4366 ἐπ’
3573 4311 3766 4388 ἀνθρά-

2114 4422 2224 4457 κων
2274 4400 2432 4457 αὖτὸν
2482 4400 2891 4477 πεπυρωμένων
2909 4403 2953 4438 ⁷⁸
2994 4399 3293 4470 κυλιέσθαι,
3356 4398 3448 4455 καὶ
3506 4397 3769 4473 δράκοντα

2117 4488 2379 4567 γίνεσθαι,
2414 4490 2488 4554 εἷς
2518 4492 2647 4567 αἶγα
2696 4492 3213 4568 μεταμορφωθῆναι,
3268 4488 3345 4551 εἷς
3385 4488 3517 4565 ἀέρα
3544 4496 3765 4559 πτῆναι,

2116 4579 2205 4637 καὶ
2237 4578 2336 4635 ὅσα
2387 4581 2611 4635 τοιαῦτά
2655 4600 2797 4653 τινα,
2849 4579 2927 4642 εἰς
2984 4575 3127 4634 ἴασιν
3166 4577 3464 4654 ἀνθρώπων
3501 4579 3578 4651 μὴ
3610 4576 3763 4653 γινό·

2120 4689 2273 4742 μενα,
2326 4673 2673 4744 προσαπατᾷν
2698 4670 2742 4705 ⁷⁹
2801 4667 2957 4746 φύσιν
3012 4666 3130 4744 ἔχει
3177 4665 3443 4729 πολλούς.
3473 4668 3548 4721 Τὰ
3578 4664 3636 4722 δὲ
3664 4672 3766 4737 τῆς

2115 4757 2466 4835 οἷκτίρμονος
2497 4755 2759 4829 ἀληθείας
2790 4757 2994 4830 σημεῖά
3022 4755 3130 4812 ἐστι
3180 4754 3560 4834 φιλάνθρωπα,
3610 4756 3764 4810 ἅτινα

1711 4909 1952 4967 VARUE
1999 4911 2408 4969 LECTIONES.

421 5026 783 5127 “petasone;
819 5034 897 5127 βτί
916 5029 1154 5127 ,πολλοίι
1178 5034 1238 5090 C.
1314 5033 1550 5127 “JHarjic
1583 5035 2076 5127 cqnstructionem
2108 5054 2223 5120 non
2256 5036 2515 5127 admittit
2542 5035 2753 5127 lingula;
2768 5036 2965 5127 Graeca
2988 5053 3120 5091 nam
3132 5035 3331 5127 scribi
3346 5034 3558 5127 debuit
3568 5031 3767 5127 αξτοὺς

352 5104 643 5182 παρᾷντας.
667 5104 805 5182 _Sed_
819 5104 1046 5182 facilior
1070 5111 1159 5182 est
1188 5104 1539 5182 emendandi
1572 5106 1717 5182 ratio
1744 5123 1757 5163 :
1794 5123 2035 5182 prorsus
2065 5109 2223 5182 enim
2256 5108 2567 5182 legendum
2594 5104 2777 5182 αιξτόθι
2811 5107 3092 5182 παρόντες.
3128 5113 3191 5162 D.
3226 5108 3335 5182 Sed
3369 5110 3561 5182 potest
3588 5106 3766 5161 etiam

352 5172 523 5229 lectio
581 5174 709 5229 cod.
770 5175 908 5299 Reg.
964 5176 1122 5246 ferri,
1172 5181 1262 5232 est
1310 5177 1465 5231 enim
1525 5176 1665 5231 ordo
1723 5172 2033 5235 vei-borum
2089 5172 2476 5235 πολλοὶῖιῦτοὶ
2522 5177 2783 5252 παρόντες
2816 5172 3019 5254 ιμάρτιι
3059 5197 3149 5231 ουν
3181 5178 3248 5230 τὰ
3274 5172 3498 5231 τοιαῦτα
3529 5178 3766 5302 (Ιηοπιρθ

352 5241 597 5302 ἑαυτοὺς)
631 5243 856 5302 ἱστορηκ
885 5265 993 5302 ναι.
1051 5248 1132 5302 Cl.
1197 5248 1461 5302 Fortasse
1517 5264 1621 5302 Dro
1656 5245 1806 5301 αὐτοί
1838 5251 2173 5302 nonendum
2200 5257 2290 5302 est
2318 5251 2554 5302 adverb.
2589 5251 2700 5302 loci
2757 5248 2892 5302 αὐτῆ
2963 5198 3138 5302 (icfem
3172 5266 3239 5302 ac
3258 5244 3411 5302 tﬁdsl
3469 5265 3535 5302 ve
3598 5246 3765 5300 αὐτοῦ

3504 5265 3535 5305 6

346 5241 597 5324 ἔαυτ-οὺς)
631 5241 993 5324 ἱστορηκὲναι.
1197 5248 1481 5324 Fortasse~
1517 5264 1623 5324 pro
1656 5245 1806 5301 αὐτοί
1831 5251 2174 5324 ponendum
2200 5257 2290 5308 est
2318 5251 2554 5307 adverb.
2589 5241 2723 5324 loci
2757 5241 2892 5324 αὐτῇ
2924 5241 2933 5254 ’
2963 5241 3138 5324 (idem
3172 5266 3239 5306 ac
3258 5244 3411 5324 τῇδε)
3469 5266 3501 5303 v

1099 5320 1155 5395 τε
1172 5317 1260 5395 καί
1291 5335 1407 5395 om.
1580 5319 1626 5395 7⁸
1654 5317 1909 5382 Μωυσέος
1940 5321 2004 5395 0_.
2079 5324 2124 5359 ⁷⁸
2150 5324 2284 5395 μετά
2312 5323 2487 5379 tacite
2518 5317 2878 5395 scripsitCl,
2915 5317 3261 5394 repetiitque

346 5316 396 5351 ’³³
421 5318 533 5370 Cfr.
566 5334 694 5390 cap.
731 5316 798 5371 l5
831 5335 995 5390 seqq.

3598 5246 3765 5300 αὐτοῦ

3360 5319 3560 5377 centra
3592 5319 3766 5374 codd.

352 5383 798 5470 auctoritgtem.‘
858 5383 1254 5470 ’τξῖιξρολαβοῢς
1286 5390 1351 5447 Ο.
1428 5390 1472 5426 ⁷⁸
1502 5392 1547 5446 Ο
1575 5389 1635 5445 in
1666 5395 1826 5448 textu
1854 5383 2329 5470 πεπληρωμένων,
2362 5395 2423 5452 in
2454 5383 2658 5468 marg:
2672 5394 2799 5451 ead.
2832 5383 2998 5451 man:
3025 5383 3348 5451 correctum
3398 5393 3457 5448 in
3507 5408 3769 5466 πεπυρω-

355 5457 554 5531 μένων.
628 5460 675 5496 ⁷³
701 5458 839 5534 πρὸς
870 5457 1072 5532 ἀπάτᾷν
1109 5461 1168 5517 C.

1728 5579 2102 5643 VARIORUM
2150 5585 2380 5644 NOTIE.

415 5697 1427 5784 (Eg1).:Av8pidvtac_gc._Anaetasius
1457 5704 1783 5773 Quaestione
1810 5708 1901 5766 20.
1933 5726 1993 5783 p.
2021 5710 2149 5769 242.
2180 5710 2477 5770 Cedrenus
2503 5713 2804 5784 Synopseo:
2856 5725 2990 5783 pag.
3024 5710 3148 5767 173.
3196 5706 3559 5782 Nicephorus
3616 5707 3755 5762 Hist.

351 5772 491 5832 θεοὶ.
522 5772 628 5833 lib.
658 5772 724 5846 ιι)
754 5791 880 5850 cap.
908 5776 1001 5835 27.
1033 5779 1167 5837 Cos.
