4116 6224
370 378 486 439 103

1192 376 1259 437 S.
1304 376 1746 438 CLEMENTIS
1792 376 1816 436 Ι
1862 371 2053 436 ROM.
2097 373 2328 434 PONT.
2373 372 2635 433 OPERA
2676 373 2944 434 DUBIA.

3653 374 3771 434 104

367 509 547 565 dilata
564 508 734 564 fuerit
754 506 1252 578 disputatio;nam
1280 523 1643 575 sermonum,
1669 506 1766 578 qui
1787 506 1857 562 ab
1877 505 1980 576 ipsi

2119 521 2240 578 ρισα
2271 499 2357 556 ἐπὶ
2386 505 2453 576 τῇ
2483 507 2582 571 τῆς
2615 502 2891 571 ζητήσεως
2916 500 3213 573 ὑπερθέσει·
3251 504 3356 555 τῶν
3389 500 3492 576 γὰρ
3531 500 3763 573 μελλόν-

368 599 439 655 ad
460 596 868 669 imperitorum
890 596 1184 666 judicium
1216 598 1601 667 proferentur,
1624 600 1708 664 tu,
1741 600 1876 651 ante
1892 595 2011 649 dis-

364 684 721 757 putationem
754 701 788 741 a
817 700 911 740 me
931 684 1276 751 instructus,
1291 684 1506 756 poteris
1518 700 1645 739 esse
1666 684 1898 740 auditor
1920 684 2012 737 ﬁr-

364 788 495 829 mus
527 788 594 829 ac
625 772 876 829 stabilis.

433 862 727 918 XXXVIII.
768 862 949 917 Multa
987 861 1200 933 quippe
1240 860 1543 917 mendacia
1583 865 1785 918 contra
1824 865 2003 915 Deum

2120 610 2225 645 των
2259 592 2302 627 ⁹³
2334 589 2516 665 λόγων
2549 590 2634 644 ὑπ’
2664 590 2826 644 αὐτοῦ
2858 590 2994 665 πρὸς
3035 586 3300 661 διάκρισιν
3350 594 3456 644 τῶν
3509 589 3767 663 ἀγνοούν-

2116 698 2223 733 των
2258 676 2525 754 λέγεσθαι,
2560 677 2644 750 σὺ,
2676 678 2783 754 πρὸ
2812 678 2911 749 τῆς
2946 680 3223 761 ζητήσεως
3285 675 3618 756 ἐφοδιασθεὶς
3679 679 3767 734 ὑπ’

2117 765 2273 841 ἐμοῦ,
2307 765 2557 829 ἄπτωτος
2587 767 2859 842 ἀκροατὴς
2888 766 3131 843 γενέσθαι
3164 765 3387 841 δυνήσῃ.

2188 861 2477 913 XXXVIII.
2509 855 2703 911 Πολλὰ
2729 855 2830 932 γὰρ
2862 852 3030 930 ψευδῆ
3083 855 3217 911 κατᾶ
3263 860 3360 911 τοῦ
3410 860 3542 909 Θεοῦ
3591 877 3760 931 προσ-

362 952 584 1023 accepit
603 950 923 1022 Scriptura,
938 950 1046 1006 hac
1062 949 1312 1007 ratione:
1333 967 1465 1005 cum
1480 950 1762 1023 propheta
1776 950 1980 1019 Moyse:

2113 940 2308 1000 ἔλαϐον
2359 945 2413 999 αἱ
2461 944 2667 1023 Γραφαὶ
2715 945 2827 1018 (54)
2878 942 3031 1019 λόγῳ
3085 944 3288 1017 τούτῳο
3346 949 3444 999 τοῦ
3474 948 3762 1022 προφήτου

358 1056 429 1096 ex
462 1042 559 1095 Dei
588 1039 830 1095 consilio
872 1039 1241 1111 septuaginta
1289 1038 1491 1095 electis
1521 1038 1707 1111 legem
1739 1054 1874 1093 cum
1906 1054 2001 1093 ex-

2111 1032 2385 1095 Μωϋσὲως
2414 1034 2460 1070 ³⁸
2487 1034 2684 1108 γνώμῃ
2711 1037 2809 1087 τοῦ
2842 1037 2975 1088 Θεοῦ
3024 1031 3301 1096 ἐκλεκτοῖς
3328 1054 3466 1089 τισιν
3519 1029 3763 1107 ἐϐδομή-

355 1128 770 1201 plicationibus
799 1128 1157 1195 tradidisset,
1193 1132 1258 1183 ut
1292 1133 1348 1183 et
1380 1129 1491 1200 ipsi
1529 1144 1628 1184 eos
1660 1128 1759 1199 qui
1788 1124 1980 1182 vellen'

2108 1142 2274 1177 κοντα
2318 1121 2411 1178 τὸν
2451 1122 2619 1195 νόμον
2670 1121 2762 1176 σὺν
2812 1126 2930 1184 ταῖς
2981 1121 3260 1177 ἐπιλύσεσι
3309 1119 3762 1198 παραδεδωκότος

355 1233 386 1274 e
408 1216 622 1289 populo
654 1217 1044 1287 instituerent,
1098 1232 1214 1271 non
1258 1215 1441 1272 multo
1492 1221 1623 1288 post
1657 1216 1875 1288 scripta
1906 1213 1980 1269 le:

2107 1211 2242 1287 πρὸς
2270 1211 2332 1267 τὸ
2359 1211 2451 1266 καὶ
2482 1209 2676 1274 αὐτοὺς
2726 1207 3023 1289 ἐφοδιάζειν
3075 1215 3171 1266 τοῦ
3221 1210 3356 1267 λαοῦ
3395 1210 3520 1272 τοὺς
3560 1211 3760 1286 βουλο-

351 1307 568 1377 recepit
596 1305 866 1376 quaedam
906 1304 1054 1360 falsa
1093 1308 1294 1361 contra
1324 1305 1562 1363 unicum
1592 1306 1805 1370 Deum,
1839 1317 1998 1359 crea-

347 1399 533 1451 torem
563 1394 693 1451 coali
713 1398 769 1450 et
790 1398 953 1449 terrae
976 1393 1359 1464 omniumque
1386 1394 1444 1448 in
1467 1395 1539 1451 iis
1563 1396 1993 1459 contentorum;

348 1482 402 1539 id
433 1500 575 1540 auso
606 1482 837 1538 diabolo
871 1482 1056 1538 facere
1095 1482 1166 1538 ob
1191 1483 1415 1553 justam
1457 1483 1778 1554 quamdam
1821 1482 1994 1537 ratio-

345 1588 501 1627 nem.
529 1576 722 1642 Atque
751 1571 859 1626 hac
890 1572 1114 1626 ratione
1154 1574 1210 1626 et
1239 1571 1465 1642 judicio
1515 1571 1747 1639 accidit,
1784 1574 1847 1625 ut
1892 1569 1991 1625 de-

2108 1298 2321 1373 μένους,
2357 1306 2470 1374 μετ’
2510 1300 2571 1355 οὐ
2601 1297 2745 1356 πολὺ
2775 1300 2997 1378 γραφεὶς
3030 1300 3058 1355 ὁ
3088 1298 3256 1373 νόμος
3284 1295 3594 1374 προσέλαϐέ
3638 1322 3761 1356 τινα

2100 1386 2193 1444 καὶ
2245 1389 2417 1463 ψευδῆ
2467 1388 2603 1444 κατά
2641 1392 2739 1445 τοῦ
2792 1388 2960 1462 μόνου
2991 1391 3035 1427 95
3082 1392 3239 1458 Θεοῦ,
3275 1394 3373 1445 τοῦ
3402 1391 3493 1445 τὸν
3526 1389 3755 1466 οὐρανὸν

2103 1477 2195 1533 καὶ
2234 1478 2333 1547 τὴν
2385 1480 2512 1553 γῆν,
2558 1478 2649 1534 καὶ
2696 1476 2871 1533 πάντα
2909 1477 2977 1534 τὰ
3006 1478 3057 1534 ἐν
3086 1477 3269 1541 αὐτοῖς
3300 1475 3755 1554 δημιουργήσαν-

2105 1586 2221 1636 τος,
2254 1570 2415 1622 τοῦτο
2445 1571 2541 1622 τοῦ
2572 1571 2818 1643 πονηροῦ
2849 1564 3043 1641 δικαίῳ
3074 1566 3179 1622 τινὶ
3203 1565 3352 1643 λόγῳ
3384 1570 3427 1605 ⁸⁸
3457 1567 3747 1644 ἐνεργῆσαι

346 1660 844 1732 prehenderentur
872 1661 969 1729 qui
1003 1659 1282 1714 auderent
1327 1664 1529 1716 contra
1558 1660 1741 1715 Deum
1773 1659 1980 1730 scripta

2102 1653 2532 1728 τετολμηκότος.
2583 1653 2682 1709 Καί
2736 1659 2898 1710 τοῦτο
2955 1656 3149 1732 γέγονε
3206 1653 3358 1733 λόγῳ
3415 1656 3506 1711 καὶ
3553 1656 3749 1732 κρίσει,

346 1749 617 1804 lubenter
644 1748 865 1816 audire,
894 1746 1061 1818 quive
1093 1749 1310 1803 amoris
1330 1764 1509 1804 causa
1530 1765 1666 1821 erga
1693 1748 1874 1803 Deum
1896 1748 1995 1803 ad-

2104 1741 2253 1804 ὅπως
2291 1741 2619 1820 ἐλεγχθῶσι,
2667 1742 2806 1806 τίνες
2853 1742 3103 1817 τολμῶσι
3147 1745 3215 1800 τὰ
3242 1745 3377 1801 κατὰ
3417 1749 3515 1800 τοῦ
3544 1750 3677 1801 Θεοῦ
3708 1749 3752 1782 ⁹⁷

346 1837 769 1909 versusipsum
802 1836 958 1891 dicta
988 1852 1106 1891 non
1146 1839 1316 1892 modo
1356 1853 1471 1892 non
1516 1838 1837 1905 crederent,
1889 1836 1980 1891 sed

346 1942 528 1948 _-.___-
569 1927 797 1948 -_._:__
835 1925 1193 1948 _.-_L:_-_-_L
1228 1925 1424 1948 _._J:_-
1486 1926 1586 1948 -J._:
1616 1941 1739 1948 --Α-Α
1780 1925 1962 1948 ρ-..--ι

2107 1830 2375 1910 γραφέντα
2426 1831 2709 1910 φιληκόως
2758 1826 3085 1908 ἕχέιν,τίνες
3130 1855 3187 1888 τε
3242 1838 3444 1909 στοργῇ
3496 1838 3563 1908 τῇ
3612 1835 3751 1909 πρὸς

2100 1919 2255 1948 ...ξ-λ..
2310 1922 2375 1948 -Ᾱ.
2422 1922 2537 1948 -.μ-ν
2593 1920 2748 1948 ...ἱ-,1⁵2
2802 1920 3074 1948 Ἶ---1.--....
3131 1924 3198 1948 .-Δ
3256 1922 3416 1948 HI“-..
3485 1922 3720 1948 )__.___‘!,.

346 1942 535 1997 neque
565 1927 802 1981 omnino
834 1925 1195 1981 sustinerent
1226 1925 1449 1993 audire,
1481 1926 1590 1981 etsi
1616 1941 1746 1980 vera
1780 1925 1988 1993 forent,

344 2014 528 2070 multo
559 2015 744 2070 tutius
776 2014 886 2068 rati
910 2011 1223 2085 periclitari
1255 2014 1326 2069 ob
1360 2014 1533 2069 fidem
1576 2013 1716 2069 boni
1747 2013 1986 2080 ominis,

2098 1920 2255 1976 αὐτὸν
2309 1922 2376 1975 τὰ
2422 1922 2537 1977 κατ’
2590 1920 2752 1975 αὐτοῦ
2802 1920 3077 1999 λογόμενα
3128 1924 3205 1995 μὴ
3255 1922 3417 1995 μόνον
3480 1922 3747 1992 ἀπιστεῖν,

2097 2006 2243 2065 ἀλλὰ
2275 2007 2416 2083 μηδὲ
2462 2011 2562 2079 τήν
2608 2009 2787 2087 ἀρχὴν
2842 2010 3054 2067 ἀκούειν
3087 2011 3395 2087 ἀνέχεσθαι,
3432 2012 3527 2066 κᾶν
3558 2011 3742 2083 ἀληθῆ

342 2119 522 2175 quam
552 2104 624 2159 ob
657 2118 953 2157 sermones
979 2102 1266 2158 infaustos
1295 2118 1361 2157 ac
1395 2101 1768 2174 bIasphemos
1798 2101 1980 2159 vivere

2097 2098 2359 2174 τυγχάνῃ,
2406 2096 2605 2172 πολλῷ
2651 2098 2927 2175 κρίναντες
2984 2099 3376 2178 ἀσφαλέστερον
3423 2101 3545 2178 περὶ
3576 2101 3743 2180 εὐφή-

338 2208 476 2249 cum
515 2208 693 2264 prava
723 2189 1101 2247 conscientia.

411 2368 638 2425 XXXIX.
673 2371 878 2439 Itaque
906 2367 1103 2423 Simon
1154 2366 1409 2439 capitula
1446 2370 1650 2423 contra
1691 2370 1874 2422 Deum
1921 2366 1983 2422 in

337 2457 655 2530 Scripturis
684 2456 944 2512 tentandi
983 2457 1173 2527 gratia
1208 2456 1475 2528 apposita
1512 2454 1659 2523 vult,
1692 2460 1754 2510 ut
1784 2455 1979 2526 audio,

337 2546 398 2602 in
422 2547 680 2602 medium
723 2560 1067 2617 progressus
1106 2545 1413 2611 adducere,
1465 2560 1580 2615 quo
1620 2560 1654 2599 a
1695 2543 1980 2599 charitate

334 2651 471 2708 erga
500 2639 706 2701 Deum,
738 2638 1024 2705 quotquot
1054 2632 1300 2688 miseros
1341 2632 1577 2704 poterit,
1619 2631 1850 2704 abigere
1880 2649 1978 2687 va-

332 2722 466 2780 leat.
501 2722 696 2778 Palam
730 2722 885 2777 enim
908 2723 1099 2778 dicere
1129 2721 1425 2789 nolumus,
1458 2722 1517 2776 in
1549 2720 1879 2793 Scripturas
1911 2737 1979 2777 ea

330 2812 587 2883 capitula
615 2812 844 2867 intrusa
873 2826 1034 2879 esse;
1054 2826 1188 2866 nam
1223 2810 1709 2866 conturbaremus
1739 2810 1975 2881 imperi-

330 2906 453 2956 tam
486 2900 734 2974 plebem,
767 2904 824 2955 et
866 2900 947 2954 ita
991 2899 1245 2972 improbi
1284 2898 1536 2955 hominis
1582 2898 1840 2954 Simonis
1872 2915 1971 2955 vo-

327 2990 615 3047 luntatem
649 2990 990 3044 faceremus.
1023 2987 1293 3043 Nondum
1324 2987 1476 3043 enim
1509 2986 1880 3043 discernendi
1916 2986 1973 3042 vi

324 3078 571 3150 praediti,
605 3081 706 3132 aut
743 3077 969 3150 fugient
1007 3092 1114 3133 nos
1154 3075 1312 3131 velut
1352 3076 1587 3147 impios,
1630 3080 1751 3146 aut,
1803 3075 1971 3147 quasi

325 3185 443 3224 non
471 3167 663 3223 solum
691 3165 1036 3237 blasphema
1066 3159 1321 3237 capitula
1352 3164 1499 3221 falsa
1544 3165 1686 3233 sint,
1718 3163 1895 3220 etiam
1936 3181 1971 3220 a

2097 2206 2202 2258 μου
2249 2186 2481 2249 πίστεως
2528 2184 2872 2262 κινδυνεύειν,
2924 2189 2960 2259 ἢ
3013 2187 3101 2245 ἐπὶ
3154 2187 3506 2269 βλασφήμοις
3552 2189 3740 2267 λόγοις

2094 2272 2520 2347 δυσσυνειδήτως
2551 2278 2593 2314 9⁸
2628 2277 2801 2353 βιοῦν.

2163 2370 2397 2423 XXXIX.
2430 2366 2487 2419 Ὀ
2535 2362 2625 2420 οὖν
2678 2366 2864 2439 Σίμων
2914 2366 3011 2429 τὰς
3058 2367 3195 2422 κατᾶ
3244 2371 3340 2422 τοῦ
3372 2371 3506 2423 Θεοῦ
3539 2366 3590 2422 ἒν
3620 2374 3741 2432 ταῖς

2091 2456 2327 2531 Γραφαῖς
2356 2458 2663 2528 πειρασμοῦ
2718 2458 2815 2512 70
2854 2456 3014 2531 χάριν
3065 2456 3461 2531 προσκειμένοις
3510 2477 3730 2532 περικο-

2088 2542 2194 2604 πὰς
2224 2541 2405 2615 αὐτὰς,
2436 2542 2512 2605 ὡς
2564 2541 2835 2615 μανθάνω,
2885 2541 3159 2618 βούλεται,
3210 2544 3381 2600 ἐλθὼν
3434 2544 3508 2607 εἷς
3546 2546 3731 2619 μέσον,

2091 2628 2291 2706 λέγειν,
2337 2630 2486 2693 ὅπως
2535 2638 2635 2701 τῆς
2666 2633 2802 2708 πρὸς
2832 2633 2922 2687 τὸν
2958 2633 3083 2688 Θεὸν
3126 2640 3357 2710 στοργῆς
3387 2632 3544 2695 ὅσους
3574 2631 3732 2689 δύνα-

2086 2738 2172 2772 ται
2196 2717 2581 2792 ταλαιπώρους
2630 2720 2931 2789 ἀποστῆσαι
2965 2717 3192 2794 δυνηθῇ.
3226 2728 3299 2791 Δη
3315 2720 3477 2794 μοσίᾳ
3501 2723 3602 2797 γὰρ
3637 2720 3730 2775 αύ-

2084 2806 2179 2870 τάς
2228 2805 2403 2884 λέγειν
2448 2813 2800 2885 προσκεῖσθαι
2844 2814 2962 2871 ταῖς
3020 2804 3236 2884 βίϐλοις
3286 2810 3347 2865 οὐ
3398 2811 3730 2886 βουλόμεθα,

2082 2895 2198 2951 ἐπεὶ
2227 2896 2519 2971 πτύραντες
2549 2900 2593 2935 99
2636 2897 2859 2970 ἀμαθεῖς
2892 2892 3096 2974 ὄχλους
3132 2902 3199 2936 ι⁰⁰
3225 2903 3322 2954 τοῦ
3355 2904 3599 2975 πονηροῦ
3633 2898 3726 2953 Σί-

2084 3004 2266 3057 μωνος
2295 2984 2356 3041 τὸ
2388 2984 2605 3058 θέλημα
2636 2989 2920 3058 ποιοῦμεν.
2955 2988 3165 3057 Μήπως
3202 2992 3219 3025 ι
3250 2992 3351 3063 γὰρ
3392 2987 3456 3043 τὸ
3506 2986 3724 3064 διακρι-

2077 3074 2226 3128 τικὸν
2258 3072 2479 3149 ἔχοντες
2527 3074 2805 3151 φεύξονται
2854 3075 3003 3147 ἡμᾶς
3054 3076 3125 3137 ὡς
3164 3071 3486 3138 ἀσεϐοῦντας
3514 3094 3527 3109 '
3647 3077 3725 3139 ὡς

2080 3161 2184 3215 οὐ²
2246 3162 2409 3236 μόνον
2457 3157 2563 3218 τῶν
2608 3160 2951 3239 βλασφήμων
2999 3163 3311 3240 περικοπῶν
3358 3162 3568 3239 ψευδῶν
3634 3165 3729 3221 οὗ·

322 3256 586 3312 doctrina
606 3260 807 3311 nostra
836 3255 1126 3310 secedent.
1161 3257 1349 3321 Quare
1381 3269 1621 3310 necesse
1653 3253 1960 3321 habemus,

2097 3254 2207 3322 νῶν,
2256 3250 2653 3322 ἀποστήσονται
2704 3256 2799 3307 τοῦ
2849 3251 3041 3328 λόγου.
3089 3252 3181 3308 Διὸ
3232 3253 3464 3330 ἀνάγκην
3505 3248 3726 3330 ἔχομεν,

321 3345 595 3402 assentiri
622 3343 785 3399 falsis
814 3342 1107 3415 capitulis,
1141 3348 1199 3398 et
1240 3344 1309 3398 de
1340 3342 1548 3399 iisdem
1588 3342 1845 3400 vicissim
1877 3341 1967 3397 in-

321 3434 669 3507 terrogando
700 3433 771 3488 ad
805 3432 1113 3505 angustias
1148 3430 1314 3487 illum
1347 3433 1640 3504 redigere;
1672 3430 1967 3487 benevolis

323 3528 519 3579 autem
549 3527 606 3577 et
635 3520 920 3589 candidis,
949 3525 1077 3591 post
1109 3520 1573 3592 experimentum
1617 3520 1774 3587 ﬁdei,
1806 3536 1964 3576 seor-

321 3612 433 3667 sim
464 3611 690 3665 tradere
720 3608 1069 3664 solutionem
1110 3608 1499 3681 capitulorum
1547 3609 1834 3664 dictorum
1864 3609 1965 3664 ad-

2075 3342 2589 3415 συγκατατιθὲμενοι
2670 3345 2789 3403 ταῖς
2873 3338 3088 3416 ψευδέσι
3174 3348 3519 3418 περικοπαῖς,
3602 3345 3726 3421 περί

2076 3430 2249 3484 αὐτῶν
2284 3428 2818 3503 ἀντιπυνθανόμενοι,
2870 3430 2945 3492 εἰς
2993 3430 3216 3507 ἀπορίαν
3266 3432 3425 3487 αὐτὸν
3484 3433 3576 3504 μὲν
3626 3433 3692 3511 φὲ

2076 3538 2208 3593 ρειν,
2233 3523 2351 3581 τοῖς
2401 3516 2460 3573 δὲ
2512 3517 2914 3594 εύγνωμονοῦσι
2945 3524 3049 3574 τῶν
3080 3521 3215 3575 κατά
3241 3542 3337 3576 του
3368 3526 3501 3577 Θεοῦ
3534 3522 3718 3597 ρηθει-

2074 3612 2181 3662 σῶν
2232 3613 2569 3679 πεπικοπῶν,
2624 3607 2759 3682 μετὰ
2799 3608 2988 3684 πείραν
3038 3609 3270 3671 πίστεως
3302 3608 3411 3683 ἰδίᾳ
3458 3612 3717 3687 πάρὲχειν

320 3716 527 3757 versus
561 3700 758 3769 Deum,
790 3714 917 3769 quae
948 3698 1185 3769 quidem
1219 3714 1395 3753 unum
1446 3714 1511 3754 ac
1542 3697 1773 3754 brevem
1811 3698 1963 3754 viam

2097 3698 2169 3766 ῑὴν
2204 3698 2226 3734 ³
2257 3694 2520 3770 ἐπίλυσιν,
2552 3695 2673 3768 ἥτις
2708 3696 2832 3770 μίαν
2861 3696 2949 3752 καὶ
2982 3697 3246 3772 σύντομον
3277 3696 3391 3775 ἔχει
3420 3700 3521 3769 τήν
3572 3697 3717 3759 ὁδόν,

319 3794 376 3846 et
405 3791 689 3845 rationem
712 3787 907 3843 habet.
942 3788 1060 3843 Ista
1091 3791 1286 3843 autem
1320 3790 1426 3842 est.

384 3878 498 3936 XL.
539 3877 722 3933 Omne
762 3876 986 3932 dictum
1042 3874 1129 3930 vel
1178 3876 1459 3947 scriptum
1513 3877 1718 3931 contra
1773 3874 1960 3931 Deum

312 3966 687 4025 mendacium
720 3969 826 4021 est.
861 3965 1024 4029 Quod
1059 3968 1253 4020 autem
1283 3965 1337 4019 id
1370 3979 1520 4031 vere,
1564 3980 1679 4020 non
1710 3980 1843 4021 vero
1874 3981 1963 4021 so-

312 4057 435 4113 lum
466 4056 704 4111 honoris
751 4055 940 4125 gratia
983 4053 1274 4124 dicamus,
1307 4053 1406 4109 sed
1452 4053 1627 4108 etiam
1675 4052 1957 4124 veritatis,

2069 3785 2219 3840 Ἔστι
2251 3782 2308 3840 δὲ
2337 3782 2458 3855 ἥδε.

2141 3876 2257 3931 XL.
2291 3879 2399 3929 Πᾶν
2443 3873 2635 3950 λεχθὲν
2685 3874 2721 3943 ἢ
2764 3875 2964 3952 γραφὲν
3011 3874 3146 3930 κατὰ
3191 3878 3286 3930 τοῦ
3336 3880 3469 3931 Θεοῦ
3517 3874 3714 3951 ψεῦδός

2069 3961 2232 4020 ἐστιν.
2261 3968 2381 4018 ’Ότι
2421 3960 2479 4018 δὲ
2522 3961 2741 4033 ἀληθῶς
2787 3968 2949 4019 τοῦτο
2994 3964 3055 4019 οὐ
3109 3963 3272 4036 μόνον
3319 3963 3587 4039 εὐφημίας
3613 3964 3720 4023 ἔνε-

2065 4071 2155 4107 κεν
2191 4050 2448 4127 λὲγομεν,
2501 4050 2649 4106 ἀλλὰ
2676 4052 2767 4106 καὶ
2795 4051 3076 4122 ἀληθείας,
3111 4053 3245 4125 μετὰ
3280 4054 3458 4130 βραχὺ
3490 4057 3712 4131 προϊόν-

314 4145 488 4219 paulo
520 4148 653 4218 post
689 4142 1033 4215 procedente
1082 4158 1349 4197 sermone
1406 4149 1621 4197 certam
1670 4142 1958 4197 rationem

2099 4161 2156 4202 ος
2184 4139 2280 4195 τοῦ
2325 4138 2495 4215 λόγου
2537 4138 2973 4217 πληροφορήσω.
3024 4141 3175 4195 Ὅθεν
3226 4141 3309 4213 σὺ,
3360 4140 3586 4220 φίλτατέ
3619 4165 3715 4217 μοι

314 4236 572 4292 aﬂ‘eram.
608 4233 767 4291 Unde
799 4236 887 4299 tu,
920 4230 1266 4287 charissima
1302 4230 1590 4299 Clemens,
1623 4230 1957 4286 contristari

2067 4227 2327 4303 Κλήμης,
2376 4227 2463 4284 ἐπὶ
2510 4233 2590 4301 τῷ
2633 4229 2726 4284 τὸν
2775 4227 3002 4302 Σίμωνα
3030 4231 3165 4306 πρὸς
3195 4231 3294 4300 τὴν
3331 4233 3556 4304 ζήτησιν
3587 4234 3713 4307 μίαν

1658 4326 1906 4384 VARle
1946 4328 2360 4384 LECTIONES.

380 4422 425 4457 93
453 4421 559 4473 τῶν
591 4413 1137 4492 μελλόντωνγγάρ-Οέ
1167 4485 1178 4492 _
1213 4418 1258 4452 9‘
1289 4414 1552 4492 Μωυσέος
1582 4415 1646 4492 ρ.
1720 4416 1767 4492 ξ⁸
1794 4414 1959 4492 μόνου
1980 4416 2056 4492 ρ.
2089 4421 2176 4473 Ita
2202 4416 2513 4492 legendum
2537 4415 2839 4492 j‘amrvidit
2867 4415 2933 4492 ι).
2966 4418 3081 4492 Cfr.
3108 4416 3263 4492 infra
3288 4436 3428 4492 _cap.
3479 4421 3568 4492 4C),
3602 4423 3711 4492 45;

311 4484 671 4572 homznliipq,
701 4486 875 4572 νόμου
904 4484 964 4544 C.
1013 4484 1410 4572 πλόγῳριη.
1586 4488 1628 4572 ξτ
1651 4489 1748 4540 τοῦ
1769 4484 1914 4572 ’Θεοῦ
1972 4487 2038 4557 Ο,
2098 4504 2149 4572 ᾳ,
2187 4484 2291 4572 AS:
2326 4487 2418 4572 id»;
2456 4484 2628 4572 ,Θεόνν
2660 4491 2721 4545 C.
2796 4488 2842 4572 3°
2867 4490 2950 4571 Ita
2977 4490 3050 4572 ΑΟ
3103 4490 3249 4572 cus,
3282 4484 3711 4572 δοσσυνηδείτῶς

309 4570 368 4623 C.
444 4564 489 4600 ⁹⁹
519 4555 672 4633 ItaC
728 4555 789 4616 in
820 4576 1041 4633 _marg.,
1086 4555 1316 4633 in__cuj.
1343 4556 1998 4633 _textu_§:1_ngm'ipavzec,
2024 4555 2029 4557 ⁷
2060 4555 2154 4633 ηιξ
2182 4555 2263 4616 Ο.’
2296 4560 2393 4633 "05
2430 4558 2544 4633 dp.
2599 4555 2693 4632 ὅχ.

2618 4552 2628 4572 Ι

2751 4556 2916 4612 αὐτοῦ
2971 4563 3030 4628 C,
3092 4559 3125 4613 ἀ
3157 4554 3246 4627 ὄ.,’
3293 4560 3409 4616 ὅθεν
3444 4554 3607 4617 αύτοῦ
3639 4554 3704 4621 0.

311 4640 329 4674 ι
393 4635 561 4709 μήπω
589 4632 655 4690 Ο.
731 4633 753 4669 ⁸
781 4629 845 4686 οὐ
870 4627 986 4688 om:
1018 4632 1085 4686 Ο.
1140 4627 1475 4687 Μοίούσῶν
1514 4627 1642 4684 ἀλλ’
1669 4627 2058 4701 ἀποίτήσονται
2089 4627 2256 4706 ..όγου
2285 4629 2348 4687 C.
2424 4631 2446 4669 ³
2486 4627 2673 4687 Ἐτινθξῐ
2696 4631 2735 4686 S
2782 4635 2853 4687 de
2909 4634 2968 4700 C,
3018 4627 3127 4703 ’qui
3173 4631 3304 4688 exh.
3365 4634 3464 4703 τήν
3525 4640 3590 4691 ut
3639 4636 3703 4705 Ο,

306 4704 424 4769 ταῖς
452 4704 536 4763 Cl.

1685 4789 2060 4848 VARIORUM
2098 4789 2333 4847 NOTJE.

390 4883 503 5007 (5&2
559 4877 753 4936 Πολλὰ
796 4876 897 5005 γὰρ
954 4873 1125 4961 ψευδῇ
1183 4877 1319 4933 κατᾶ
1357 4881 1455 4962 τοῦ
1508 4881 1642 4963 Θεοῦ
1720 4876 1965 4963 προσὲλα

390 4975 411 5007 ν
444 4975 476 5007 α
530 4950 752 5007 Γοαφαί.
791 4956 863 5007 Ba
890 4968 955 5006 sa
983 4968 1136 5007 veris
1194 4956 1474 5007 nermista
1532 4952 1714 5007 fuisse
1772 4969 1830 5006 1n
1864 4968 1960 5007 sa-

316 4948 411 5029 609
444 4948 499 5008 at
530 4950 753 5029 I‘paqpat.
791 4948 1136 5029 F‘alsa'veris
1194 4951 1495 5029 permista
1532 4952 1714 5029 fuisse
1765 4948 1830 5006 in
1857 4968 1960 5029 _sa-

318 5028 435 5084 cris
475 5021 789 5096 Scr'ipt'uris
823 5022 1039 5096 dicitur
1092 5021 1310 5095 passim
1341 5022 1451 5096 hoc
1481 5021 1540 5077 in
1588 5022 1955 5096 Apocrypbo,

312 5098 492 5170 impie
517 5092 685 5170 juiita
713 5111 789 5170 ac_
804 5092 981 5150 stulte
1001 5112 1014 5150 :
1033 5092 1109 5170 erg
1126 5099 1389 5170 veterum
1420 5092 1835 5170 haereticorum
1857 5095 1958 5149 de-

309 5164 659 5234 liramentis,
694 5165 993 5238 qui,texte.
1025 5166 1301 5221 S.Irenaeo
1331 5164 1432 5220 lib.
1466 5181 1710 5238 m._cap.
1741 5168 1795 5237 2,
1819 5182 1955 5221 cum

308 5260 379 5299 ex
422 5236 739 5312 Scripturis
790 5242 1174 5312 arguerentur
1216 5238 1274 5291 in
1323 5236 1752 5312 accusationem
1781 5236 1785 5237 ⁷
1811 5253 1956 5292 con-

306 5307 686 5371 vertebantur
702 5307 963 5380 ipsarum
996 5307 1219 5380 Scriptu
1231 5308 1625 5380 raru_m,quasi
1651 5325 1763 5363 non
1798 5316 1955 5363 recte

309 5378 811 5450 haberentmeque
841 5383 1037 5435 essent
1072 5378 1139 5434 ei
1169 5378 1529 5451 auctoritate,
1553 5383 1610 5434 et
1632 5381 1771 5451 quia
1798 5380 1955 5451 varie

311 5460 512 5513 essent
560 5448 751 5509 dictae.
786 5452 878 5506 Sic
938 5451 1091 5521 apud
1151 5451 1207 5505 S.
1243 5448 1665 5521 Epiphanium‘
1694 5450 1953 5505 Ebionaai

312 5527 527 5599 Moysis
549 5522 1007 5599 Pentateuchum
1032 5521 1259 5599 integru
1270 5538 1321 5576 m
1348 5537 1462 5575 non
1480 5521 1821 5599 admittunt,
1848 5522 1952 5578 sed

2073 4878 2441 4936 contumeliis
2474 4878 2816 4949 incessunt';
2858 4878 3255 4937 Abrahamum
3302 4882 3535 4952 quidem
3577 4899 3710 4940 cum

2075 4953 2294 5024 Isaaco,
2332 4951 2572 5024 Jacobo,
2602 4955 2796 5021 Moyse
2820 4956 2878 5007 et
2905 4956 3153 5020 Aarone,
3189 4951 3371 5024 usque
3402 4956 3472 5009 ad
3500 4955 3706 5011 Jesum

2067 5021 2216 5094 Nave,
2242 5023 2432 5078 filium
2465 5023 2829 5094 recipientes,
2853 5024 2950 5078 sed
2986 5028 3190 5094 postea
3221 5021 3583 5093 Samsonem,
3612 5026 3709 5082 Sa-

2068 5093 2684 5166 muelem,,Davidém,
2731 5093 3121 5166 Salomonem,
3174 5096 3377 5163 Eliam,
3426 5097 3704 5166 Eliseum,

2067 5164 2684 5237 Isaiam,'Jeremiam,
2739 5165 3056 5235 Danielem,
3106 5167 3487 5235 Ezechielem,
3536 5164 3703 5237 alios,

2066 5252 2386 5309 omnesque
2401 5236 2713 5309 prophetas
2727 5237 3019 5309 detestati.
3034 5239 3391 5309 Ptolemaits:
3414 5257 3549 5296 vero
3572 5236 3712 5296 Pen-

2062 5307 2566 5363 tateuchum’curn
2617 5307 2840 5377 legibus
2869 5308 3078 5363 divinis
3135 5309 3394 5366 humana
3426 5312 3705 5367 mandata

2064 5378 2369 5451 complecti
2396 5380 2714 5434 afﬁrmant.
2731 5380 2800 5434 Et
2824 5378 3181 5451 Appelleiani
3207 5398 3240 5436 a
3260 5382 3489 5438 Christo
3507 5382 3710 5438 volunt

2062 5449 2246 5507 fuisse
2271 5451 2618 5525 indicatum,
2637 5452 2802 5525 quid
2826 5449 2891 5505 in
2913 5449 3094 5525 sacris
3121 5451 3329 5525 litteris
3361 5455 3431 5509 ab
3462 5454 3588 5525 ipso
3620 5455 3709 5509 di-

2063 5525 2223 5596 ctum
2273 5523 2466 5596 fuerit,
2514 5521 2654 5596 quid
2696 5539 2729 5578 a
2773 5521 3111 5596 demiurgo.
3146 5523 3295 5596 Lege
3326 5526 3395 5581 de
3419 5521 3708 5583 Ebionaais

314 5591 582 5673 quaedam
604 5595 763 5653 illius
794 5592 1085 5666 rejiciunt,
1117 5591 1515 5664 maioremque
1545 5591 1690 5665 legis
1721 5599 1949 5665 partem
2059 5592 2336 5650 Methodii
2366 5591 2693 5649 Convivium
2723 5610 2806 5650 or.
2839 5594 2893 5648 8.
2927 5609 2984 5665 p.
3014 5591 3143 5651 110.
3176 5591 3295 5651 C6t.
