4116 6224
262 364 373 423 Πδὸ

1406 359 1931 421 CLEMENTINA.
1967 390 2041 403 —
2084 356 2409 420 HOMILIA
2454 360 2531 421 Il.

3551 366 3666 432 106

259 495 355 560 τήν
404 492 705 547 ἐνεστῶσαν
758 492 1073 566 ὑπερθέσθαι
1122 492 1331 566 ἡμέραν
1383 492 1483 546 οὐκ
1534 490 1771 569 ὀφείλεις
1819 488 1913 543 λυ-

2035 509 2142 546 non
2175 493 2372 560 debes,
2405 496 2558 565 quod
2604 496 2803 552 Simon
2852 497 2923 553 ad
2972 498 3430 569 disputationem
3483 519 3666 558 unum

262 585 512 638 πεῖσθαι.
575 584 830 656 Σήμερον
889 583 991 656 γὰρ
1046 583 1150 656 πρὸ
1199 584 1297 650 τῆς
1348 583 1625 651 ζητήσεως
1678 599 1914 656 προεφο-

266 670 590 742 διαζόμενος
621 671 745 746 περὶ
785 674 895 725 τῶν
926 669 1018 724 ⁴ἐν
1065 676 1186 731 ταῖς
1228 675 1461 746 Γραφαῖς
1509 668 1913 745 προσκειμένων

262 765 601 834 περικοπῶν,
634 758 722 813 ἐπῖ
742 761 840 827 τῆς
862 760 1138 828 ζητήσεως
1157 758 1281 834 περὶ
1310 762 1409 812 τοῦ
1443 757 1609 831 μόνου
1632 762 1763 812 Θεοῦ
1785 759 1806 792 ⁸
1824 756 1915 811 κάὶ

258 850 485 923 ἀγαθοῦ,
537 853 638 903 τοῦ
687 869 776 902 και
822 850 915 903 τὸν
962 847 1167 920 κόσμον
1218 846 1606 915 πεποιηκότος,
1660 850 1749 903 71
1802 842 1914 899 δια-

255 940 505 1011 κριθῆναι
568 939 669 992 οὐκ
715 936 975 1015 ὀφείλεις*
1028 935 1173 992 ἀλλά
1221 937 1306 992 καἶ
1359 937 1647 1009 θαομάσεις
1690 935 1778 989 ἐπὶ
1814 937 1913 1003 τῆς

259 1031 568 1098 ζητήσεως,
600 1048 722 1089 πως
771 1028 823 1082 οἱ
871 1021 1105 1093 ἀσεϐεῖς,
1134 1027 1201 1080 τά
1248 1025 1435 1096 πλήθη
1468 1030 1577 1079 τῶν
1618 1025 1749 1099 ὑπὲρ
1782 1028 1915 1079 Θεοῦ

258 1118 571 1191 εἰρημένων
623 1115 676 1170 ὲν
723 1120 845 1178 ταῖς
894 1121 1129 1191 Γραφαῖς
1178 1113 1575 1189 παραλιπόντες
1605 1117 1647 1186 ⁸,
1691 1113 1757 1168 τά
1798 1113 1916 1168 κατ’

256 1206 423 1260 αὐτοῦ
474 1204 745 1278 εἰρημένα
792 1199 1251 1276 περιϐλεπόμενοι
1296 1202 1583 1278 χαίροντες
1640 1203 1912 1280 φέρουσιν·

254 1296 340 1348 καί
374 1295 561 1355 οὕτως
593 1295 646 1348 οἱ
677 1292 935 1367 ἀκροαταὶ
966 1291 1180 1368 ἀγνοίας
1212 1292 1447 1363 αἰτιᾳ,τά
1483 1291 1619 1346 κατά
1656 1295 1751 1345 τοῦ
1782 1294 1915 1345 Θεοῦ

250 1385 661 1454 πιστεῦσαντες,
686 1388 787 1451 τῆς
836 1381 1002 1436 αὐτοῦ
1037 1380 1313 1456 βασιλείας
1344 1375 1654 1450 ἀπόϐλητοι
1686 1382 1707 1416 ⁷
1737 1379 1914 1455 γίνον-

250 1494 355 1527 ται.
417 1472 515 1527 Διὸ
567 1472 631 1526 σὺ
681 1472 947 1550 προφάσει
999 1468 1329 1545 ὑπερθέσεως
1375 1470 1436 1524 τὸ
1478 1471 1776 1544 μυστήριον
1807 1473 1913 1523 τῶν

256 1567 486 1637 ΓραῩῶν
546 1562 758 1633 μαθὼν,
803 1558 1069 1636 κερδήσας
1117 1558 1194 1621 είς
1243 1559 1371 1614 Θεὸν
1421 1560 1497 1632 μὴ
1550 1558 1871 1633 ἁμαρτάνειν
1899 1602 1914 1629 ,

254 1647 670 1726 ἀπαραὸλητως
699 1652 940 1726 χαρήσῃ.

315 1743 467 1798 XLI.
504 1740 668 1815 Κάγὼ
719 1738 957 1811 Κλήμης
1009 1738 1239 1802 ἀκούσας
1291 1736 1442 1815 ἔφην·
1492 1736 1747 1808 ’Δληθῶς
1797 1734 1918 1811 χαί-

2025 582 2181 638 bunc
2212 582 2367 637 diem
2403 583 2805 640 intermiserit.
2834 585 3015 642 Hodie
3044 588 3200 642 enim
3232 594 3365 644 ante
3396 589 3666 662 disputa-

2024 672 2240 727 tionem
2274 672 2595 728 instructus
2626 674 2695 729 de
2726 674 3000 746 capitulis
3030 677 3341 749 Scriptura
3360 680 3665 750 appositis,

2026 760 2177 815 inter
2206 762 2627 833 disputandum
2660 763 2730 818 de
2762 780 2876 819 uno
2908 764 3023 819 Deo
3054 769 3112 820 et
3140 766 3317 834 bono,
3345 768 3670 840 mundique

2025 856 2299 917 creatore,
2332 851 2599 906 haesitare
2630 868 2744 907 non
2797 853 2972 907 debes
3005 869 3018 907 :
3054 854 3152 909 sed
3186 860 3242 908 et
3272 854 3329 909 in
3379 856 3669 928 discepta-

2024 938 2180 994 tione
2214 939 2541 1006 miraberis,
2574 957 2689 1011 quo
2722 945 2889 1012 pacto
2922 941 3087 1013 impii
3119 943 3372 1013 plurima
3421 944 3479 998 in
3514 945 3667 1000 Scri-

2026 1027 2215 1099 pturis
2247 1045 2349 1100 pro
2381 1029 2497 1084 Deo
2528 1030 2683 1084 dicta
2714 1029 3075 1101 relinquunt,
3109 1034 3167 1087 et
3196 1031 3572 1103 respicientes
3595 1034 3667 1088 ad

2024 1133 2111 1182 ea,
2135 1133 2264 1188 qua;
2295 1123 2497 1173 contra
2524 1119 2720 1189 ipsum
2752 1120 2969 1191 scripta
3001 1124 3159 1186 sunt,
3179 1119 3300 1176 haec
3332 1119 3445 1176 laeti
3478 1122 3667 1192 profe-

2025 1212 2181 1276 runt,
2215 1207 2414 1280 sicque
2448 1208 2741 1264 auditores
2775 1208 3115 1281 ignorantia;
3144 1224 3437 1282 ergo,qum
3468 1215 3672 1266 contra

2030 1297 2206 1351 Deum
2247 1300 2405 1362 sunt,
2440 1296 2760 1363 credentes,
2796 1297 2867 1352 ab
2914 1296 3073 1352 illius
3108 1313 3284 1369 regno
3333 1298 3667 1369 ejiciuntur.

2025 1382 2303 1448 Quocirca
2358 1388 2445 1454 tu,
2502 1384 2803 1439 occasione
2860 1384 3159 1441 dilationis
3233 1385 3671 1458 Scripturarum

2028 1472 2366 1544 mysterium
2401 1473 2919 1535 discens.lucratus
2952 1490 3068 1529 non
3098 1490 3337 1546 peccare
3366 1475 3427 1530 in
3458 1475 3674 1545 Deum,

2025 1561 2463 1633 incomparabili
2494 1562 2705 1633 gaudio
2737 1562 3029 1618 afﬁcieris.

2096 1741 2233 1796 XLI.
2268 1741 2335 1795 Et
2383 1756 2488 1812 ego
2530 1739 2819 1807 Clemens,
2866 1757 2933 1795 eo
2982 1742 3206 1808 audito,
3254 1741 3423 1797 dixi:
3453 1742 3672 1798 Revera

250 1850 326 1902 ρω
386 1829 481 1883 καὶ
543 1828 707 1904 χάριν
761 1828 1031 1902 ὁμολογῶ
1083 1832 1162 1900 τῷ
1236 1828 1373 1882 κατά
1440 1825 1613 1881 πάντα
1666 1824 1917 1901 εὐεργέτῃ

2035 1830 2273 1901 gaudeo,
2301 1835 2357 1885 et
2386 1831 2605 1902 gratias
2636 1829 2821 1885 habeo
2855 1830 3110 1886 benefica
3141 1847 3382 1903 prorsus
3410 1830 3547 1896 Deo,
3572 1830 3673 1903 qui

250 1925 387 1990 Θεῷ·
422 1918 575 1988 πλὴν
621 1917 782 1979 αὐτὸς
833 1914 975 1971 οἶδεν
1025 1916 1106 1972 ὅτι
1159 1916 1299 1972 ἄλλο
1327 1937 1381 1971 τι
1421 1920 1631 1992 φρονεῖν
1662 1914 1722 1969 οὐ
1755 1912 1916 1985 δυνήο

251 2030 445 2080 σομαι,
478 2008 517 2076 ἢ
551 2010 571 2043 ³
599 2008 669 2061 τὰ
699 2010 870 2061 πάντα
901 2006 1032 2078 ὑπὲρ
1083 2010 1218 2061 Θεοῦ
1268 2011 1503 2083 φρονεῖν.
1531 2006 1687 2062 ’Ὁθεν
1740 2006 1812 2076 μή
1852 2024 1919 2077 με

254 2092 548 2169 ὑπολάϐῃς
597 2096 673 2157 ὡς
741 2090 1160 2173 ἀμφιϐάλλοντα
1206 2100 1323 2156 τοῖς
1391 2095 1495 2148 ὑπὸ
1543 2098 1676 2149 Θεοῦ
1728 2092 1922 2167 ῥηθεῖ-

253 2207 332 2240 σιν
368 2189 392 2223 ³
436 2187 474 2254 ἢ
525 2185 616 2239 καὶ
670 2184 1068 2258 ῥηθησομένοις
1125 2187 1168 2222 ¹⁰
1218 2182 1608 2256 πυνθάνεσθαι,
1658 2180 1786 2238 ἀλλ’
1834 2182 1921 2237 ίνα

261 2276 447 2347 μαθὼν
483 2274 577 2327 καὶ
611 2272 770 2334 αὐτὸς
801 2272 971 2328 ἄλλον
1015 2273 1375 2348 εὐγνωμόνως
1426 2275 1467 2311 ¹¹
1523 2273 1707 2344 μαθεῖν
1741 2272 1921 2327 θὲλον-

257 2385 325 2417 τα
352 2361 570 2433 διδάξαι
610 2360 849 2432 δυνηθῶ.
882 2362 974 2416 Διὸ
1008 2360 1140 2436 λόγε
1192 2383 1305 2434 μοι,
1346 2360 1466 2416 τίνα
1514 2360 1623 2415 ἐστὶ
1662 2362 1728 2414 τά
1757 2381 1923 2435 προσ-

256 2453 484 2524 κείμενα
533 2454 577 2489 ¹²
624 2449 793 2524 ψευδῆ
843 2457 961 2512 ταῖς
1010 2455 1249 2526 Γραφαῖς
1295 2450 1384 2504 καὶ
1428 2453 1567 2510 πῶς.
1618 2448 1699 2503 ὅτι
1749 2444 1919 2511 ὅντως

261 2539 433 2616 ψευδῆ
496 2539 781 2615 τυγχάνει.
831 2540 928 2594 Καὶ
980 2540 1008 2593 ὁ
1060 2540 1262 2612 Πέτρος
1312 2537 1672 2614 ἀπεκρίνατο·
1726 2538 1824 2592 Καὶ
1875 2536 1920 2592 εἰ

268 2634 339 2701 μή
377 2652 489 2702 μου
524 2629 749 2692 ἐτώθου.
781 2628 886 2704 ἐγὼ
914 2627 983 2701 τῇ
1030 2627 1174 2697 τάξει
1224 2628 1374 2701 ἐξιὼν
1425 2632 1531 2681 τῶν
1585 2626 1761 2703 λόγων
1790 2646 1923 2701 παρ-

271 2726 416 2793 εῖχον
449 2720 558 2787 τήν
610 2715 899 2789 ἀπόδειξιν,
950 2717 1016 2785 ἢν
1069 2717 1414 2792 ὑπεσχόμην.
1467 2716 1619 2785 Πλὴν
1665 2718 1921 2785 ἄκουσον,

275 2815 381 2872 πῶς
431 2808 607 2863 αὐτοῦ
656 2805 841 2862 πολλά
885 2804 1306 2881 καταψεύδονται
1355 2807 1411 2861 αἱ
1442 2805 1669 2884 Γραφαῖ,
1701 2806 1776 2867 ὡς
1809 2802 1923 2879 εἷ’σῃ

277 2900 465 2974 ἔντη-α
470 2900 533 2952 άν
540 2920 616 2952 ων
650 2896 743 2951 at:
750 2902 854 2957 αῖς.

337 2991 507 3045 XLII.
550 2983 994 3060 Παραδείγματος
1044 2983 1099 3040 δὶ
1145 2983 1321 3039 ἕνεκεν
1371 2989 1416 3023 ¹³
1462 2984 1528 3039 τὰ
1574 2983 1924 3060 ῥηθησόμενα

275 3079 553 3152 criti;me
582 3074 709 3148 ἕξει.
743 3075 853 3129 Οὐκ
886 3079 981 3133 72
1014 3076 1167 3148 οἶμαι
1212 3072 1289 3147 δὲ,
1323 3075 1368 3129 ὦ
1416 3072 1540 3152 φίλε
1587 3072 1843 3147 Κλήμης,
1876 3074 1921 3129 εἰ

272 3164 560 3237 δυνήσεταί
607 3185 731 3233 τις,
780 3164 875 3217 κᾶν
931 3162 1188 3240 βραχεῖάν
1236 3184 1356 3218 τινα
1402 3164 1539 3237 πρὸς
1584 3164 1710 3219 Θεὸν
1762 3184 1919 3239 στορ-

268 3258 364 3330 γὴν
434 3253 529 3308 καὶ
600 3251 1011 3325 εὐγνωμοσύνην
1064 3252 1404 3324 ἀποσώζων,
1448 3249 1839 3326 παραδέξασθαι
1882 3252 1917 3321 ἢ

268 3345 358 3396 κᾶν
405 3343 637 3395 ἀκοῦσαι
685 3341 752 3396 τὰ
798 3342 914 3395 κατ’
962 3340 1127 3395 αὐτοῦ
1177 3339 1467 3416 λεγόμενα.
1502 3346 1623 3403 Πῶς
1677 3339 1734 3395 δὲ
1781 3338 1921 3396 ἔστιν

270 3432 428 3486 αὐτόν
481 3450 607 3484 τινα
657 3430 999 3505 μοναρχικήν
1045 3430 1230 3504 ψυχὴν
1282 3425 1427 3505 ἔχειν
1480 3432 1596 3503 (55)
1636 3430 1724 3483 καὶ
1774 3428 1921 3484 ὅσιον

268 3521 537 3596 γενέσθαι,
587 3517 964 3594 προειληφότα
1011 3516 1093 3571 δτι
1143 3515 1348 3572 πολλοί
1396 3518 1498 3572 εἶσι
1547 3518 1658 3572 θεοὶ
1696 3519 1785 3573 καὶ
1818 3518 1926 3594 οὐχ

272 3613 383 3677 sic;
422 3608 489 3664 Εἰ
521 3605 580 3662 ὂὶ
618 3607 709 3661 καὶ
756 3609 855 3675 εἷς
891 3606 943 3661 ἐν
990 3606 1224 3669 πολλοῖς
1271 3607 1615 3679 ἀτοπήμασιν
1664 3606 1922 3679 εὑρίσκων

272 3700 431 3753 καὶτὸν
473 3744 487 3765 ,
543 3696 630 3757 τίς
688 3695 835 3758 ὅσιος
892 3699 935 3732 ³⁸
994 3693 1284 3751 σπουδάσει
1340 3692 1605 3771 γενέσθαι,
1666 3697 1763 3763 τήν
1818 3700 1926 3751 τῶν

274 3787 419 3843 ὅλων
456 3786 638 3861 ἀρχὴν
672 3782 764 3840 διὰ
806 3785 873 3839 τά
920 3781 1031 3839 ἴδια
1076 3792 1175 3853 τῆς
1217 3784 1425 3861 φύσεως
1456 3784 1801 3857 ἀτοπήματα,
1835 3782 1924 3839 ἐλ-

277 3876 435 3937 πίσας
474 3876 551 3947 μὴ
586 3872 905 3950 ἐπέρχεσθαι
930 3873 999 3928 τὰ
1026 3871 1212 3929 ἀλλων
1246 3870 1557 3946 ἀδικήματα
1588 3890 1603 3941 ;

344 4056 541 4110 XLIII.
579 4052 674 4108 Διὸ
707 4051 866 4123 ἀπείη
919 4054 964 4089 ¹⁸
1010 4051 1303 4124 πιστεύειν,
1336 4050 1420 4107 ὅτι
1451 4052 1479 4105 ὁ
1506 4057 1614 4107 τῶν
1666 4051 1810 4106 ὅλων
1840 4060 1928 4108 Δε-

279 4141 505 4213 σπότης,
540 4142 600 4202 ’ὀς
648 4140 872 4215 οὐρανὸν
914 4138 1091 4195 ἔκτισε
1138 4140 1227 4195 καὶ
1275 4147 1377 4215 γῆν
1426 4140 1515 4196 καὶ
1565 4142 1737 4195 πάντα
1775 4143 1843 4196 τὰ
1873 4141 1924 4196 ὲν

278 4231 483 4297 αὐτοῖς,
519 4229 725 4304 ἑτέροις
771 4231 1051 4304 συνάρχει,
1082 4230 1117 4299 ἢ
1151 4228 1232 4284 ὅτι
1280 4227 1552 4303 ψεύδεται·
1586 4230 1630 4286 εί
1661 4231 1764 4306 γάρ
1796 4232 1923 4305 ψεύ-

280 4319 447 4393 δεται,
476 4320 572 4375 καὶ
619 4319 703 4381 τίς
742 4318 1002 4389 ἀληθενόει
1035 4338 1048 4388 ;
1080 4320 1115 4388 ἢ
1167 4321 1251 4374 δτι
1298 4319 1539 4395 πειράζει
1591 4318 1665 4382 ὠς
1698 4321 1925 4395 ἀγνοῶν,

278 4412 361 4464 καὶ
410 4410 495 4470 τίς
542 4409 913 4483 προγινώσκει
962 4427 977 4477 ;

284 4497 528 4569 μελεῖται
567 4501 631 4569 ¹⁶,
663 4498 753 4551 καὶ
782 4498 862 4559 τίς
910 4495 989 4569 νῷ
1033 4494 1244 4558 τέλειος
1293 4496 1381 4550 καὶ
1411 4498 1604 4572 γνώμῃ
1643 4496 1879 4571 ἔμμονος
1912 4517 1926 4569 ;

1030 4407 1093 4462 El
1142 4404 1199 4463 δὲ
1246 4407 1549 4480 ἐνθυμεῖται
1599 4410 1687 4463 καὶ
1739 4430 1874 4482 μετα
1904 4443 1925 4454 ·-

2026 1919 2199 1973 etiam
2234 1920 2344 1974 scit
2377 1935 2465 1973 me
2498 1918 2651 1973 aliud
2688 1919 2907 1974 sentire
2938 1936 3050 1974 non
3087 1936 3278 1990 posse,
3311 1919 3422 1975 nisi
3462 1925 3675 1976 cuncta

2029 2024 2130 2078 pro
2160 2023 2247 2062 eo.
2281 2007 2563 2071 Quocirca
2594 2024 2666 2062 ne
2695 2008 2917 2077 credas,
2949 2023 3065 2072 me,
3097 2008 3266 2077 quasi
3298 2009 3369 2063 de
3422 2009 3515 2063 Dei
3547 2025 3675 2064 ver-

2027 2095 2118 2150 bis
2146 2094 2229 2149 vel
2267 2096 2337 2151 de
2368 2096 2439 2151 iis
2468 2113 2596 2164 qum
2629 2096 2894 2151 dicturus
2921 2112 2983 2151 es
3001 2096 3670 2169 dubitem,inlerrogare;

2029 2186 2129 2239 sed
2163 2188 2225 2239 ut
2254 2185 2544 2240 audiendo
2569 2185 2690 2256 ipse
2721 2200 2953 2256 quoque
2984 2184 3163 2240 alium
3195 2185 3440 2240 candide
3469 2185 3674 2241 audire

2030 2273 2455 2328 desiderantem
2487 2273 2691 2328 docere
2718 2272 2965 2329 valeam.
3016 2272 3234 2328 Idcirco
3266 2289 3488 2345 expone
3525 2272 3671 2328 mihi

2030 2378 2299 2432 quaenam
2334 2365 2455 2415 sint
2486 2362 2792 2417 mendacia
2820 2362 2879 2417 in
2912 2361 3229 2433 Scripturis
3281 2362 3586 2434 exstantia,
3619 2367 3677 2418 et

2030 2467 2146 2521 quo
2179 2451 2349 2506 modo
2378 2466 2509 2507 vere
2528 2451 2831 2506 mendacia
2861 2451 3085 2507 sint.Ac
3120 2451 3324 2506 Petrus
3342 2451 3669 2523 respondit:

2033 2539 2188 2593 Licet
2220 2556 2311 2593 me
2363 2556 2475 2594 non
2507 2539 2949 2612 interrogasses,
2997 2555 3104 2612 ego
3155 2540 3418 2595 ordinem
3473 2556 3674 2612 prose-

2031 2644 2218 2698 quens
2274 2644 2613 2683 sermonum
2644 2629 3039 2684 exhibuissem
3088 2629 3671 2695 demonstrationem,

2031 2733 2208 2787 quam
2242 2718 2644 2787 promiseram.
2671 2717 2854 2789 Igitur
2884 2718 3164 2788 audi,quo
3199 2723 3364 2790 pacto
3396 2718 3582 2773 multa
3611 2718 3670 2772 in

2032 2809 2212 2860 Deum
2264 2805 2621 2861 mentiantur
2671 2806 3002 2877 Scripturis,
3032 2807 3531 2879 quemadmodum
3571 2823 3671 2863 eas

2031 2894 2277 2965 legendo
2308 2894 2619 2966 intelliges.

2101 2984 2267 3039 XLII.
2306 2983 2557 3055 Exempli
2587 2993 2779 3039 autem
2808 2985 3016 3057 gratia,
3049 3002 3176 3057 qua
3226 2985 3513 3057 dicentur,
3547 2986 3672 3041 suf-

2033 3073 2248 3128 ficient.
2283 3072 2350 3127 Et
2395 3090 2547 3136 vero,
2579 3073 2763 3129 amice
2811 3073 3099 3143 Clemens,
3152 3074 3345 3130 nescio
3389 3091 3461 3129 an
3510 3073 3672 3145 quis-

2033 3178 2231 3234 quam,
2267 3162 2363 3233 qui
2413 3162 2501 3219 vel
2532 3162 2800 3234 exiguam
2851 3179 2987 3235 erga
3018 3167 3197 3217 Deum
3242 3163 3586 3218 cbaritatem
3618 3166 3676 3219 et

2034 3251 2492 3307 benevolentiam
2525 3250 3067 3322 conservet,poterit
3099 3250 3351 3322 recipere
3379 3250 3467 3306 vel
3497 3249 3672 3306 etiam

2033 3340 2235 3396 audire
2266 3356 2394 3411 quas
2425 3343 2627 3394 contra
2646 3356 2778 3394 eum
2811 3340 3236 3405 dicuntur.0ua
3264 3338 3419 3395 enim
3454 3339 3677 3394 ratione

2032 3428 2083 3483 is
2113 3427 2266 3483 idem
2300 3427 2556 3482 animam
2584 3426 3016 3482 monarcbicam
3040 3427 3253 3483 habeat
3284 3433 3340 3483 et
3372 3431 3570 3484 sancte
3593 3426 3679 3481 vi-

2032 3521 2147 3587 vat,
2182 3516 2282 3588 qui
2314 3521 2404 3571 est
2434 3521 2760 3588 praeventus
2791 3516 3085 3587 opinione,
3108 3516 3325 3572 multos
3355 3533 3483 3573 esse
3514 3518 3676 3583 deos,

2034 3622 2148 3661 non
2182 3622 2362 3660 unum
2383 3604 2517 3660 ‘IVel
2536 3605 2585 3659 si
2610 3622 2764 3659 unus
2780 3610 3029 3676 est,eum
3049 3605 3108 3660 in
3129 3604 3334 3660 multis
3353 3605 3676 3661 defectibus

2033 3694 2334 3750 inveniens
2366 3693 2499 3765 quis
2528 3694 2747 3748 nitetur
2792 3710 2921 3749 esse
2952 3698 3211 3761 sanctus,
3245 3694 3481 3765 quando
3538 3694 3673 3765 qui-

2033 3784 2163 3838 dem
2198 3783 2475 3855 sperabit,
2508 3782 2772 3837 omnium
2820 3782 3173 3855 principium
3202 3782 3387 3837 Deum
3441 3786 3677 3854 propter

2034 3876 2254 3927 naturae.
2302 3889 2419 3927 sua:
2469 3870 2632 3941 vitia,
2664 3888 2780 3927 non
2817 3871 3137 3927 vindictam
3180 3878 3552 3943 sumpturum
3602 3869 3674 3925 de

2034 3958 2284 4015 aliorum
2317 3959 2542 4016 delictis
2568 3963 2591 4015 Ρ

2106 4050 2304 4105 XLIII.
2337 4052 2524 4115 Quare
2572 4049 2746 4117 absit,
2780 4053 2845 4104 ut
2875 4049 3166 4119 credatur,
3205 4049 3355 4121 quod
3406 4046 3673 4103 omnium

2035 4155 2230 4193 rerum
2262 4138 2565 4205 Dominus,
2599 4139 2697 4210 qui
2746 4138 2957 4194 caelum
2990 4155 3056 4194 ac
3094 4144 3310 4195 terram
3365 4137 3677 4208 omniaque

2034 4226 2151 4282 illis
2181 4232 2451 4282 contenta
2479 4227 2760 4297 condidit,
2794 4243 2927 4282 cum
2960 4226 3089 4282 aliis
3120 4227 3492 4299 imperet,aut
3520 4225 3675 4298 quod

2037 4316 2357 4371 mentiatur
2388 4332 2401 4371 :
2439 4332 2573 4370 nam
2607 4315 2656 4371 si
2690 4315 3130 4386 mentitur,quis
3160 4331 3359 4371 verum
3392 4314 3682 4370 dicit?aut

2036 4406 2191 4475 quod
2223 4409 2425 4473 tentet,
2446 4405 2613 4476 quasi
2644 4405 2922 4477 ignorans
2953 4420 2966 4460 :
3000 4404 3133 4475 quis
3164 4405 3319 4459 enim
3353 4420 3682 4475 praecogno-

2036 4494 2187 4550 seet?
2208 4494 2267 4550 Si
2299 4500 2495 4549 autem
2527 4494 2943 4563 considerat,et
2964 4492 3306 4564 pmnitentia
3333 4492 3687 4559 ducitur,ec-

283 4588 347 4644 Εἴ
387 4586 446 4641 δὲ
497 4585 684 4659 ζηλοῖ,
733 4586 822 4640 καὶ
869 4585 950 4647 τίς
999 4586 1316 4662 ἀσύγκριτος
1360 4604 1373 4655 ;
1420 4584 1484 4641 El
1533 4582 1591 4639 δὲ
1636 4585 1920 4663 σκληρύνει

2040 4584 2174 4656 quis
2223 4588 2417 4639 mente
2466 4583 2756 4655 perfectus
2803 4587 2979 4652 atque
3029 4581 3271 4637 consilio
3322 4580 3683 4637 stabilisPSi

281 4673 527 4750 καρδίας,
559 4676 648 4729 καὶ
700 4674 781 4735 τίς
840 4674 1047 4752 σοφίζει
1084 4694 1097 4743 ;
1130 4674 1192 4729 Εἰ
1247 4671 1304 4728 δὲ
1358 4672 1560 4750 τυφλοῖ
1587 4675 1676 4729 καὶ
1722 4682 1924 4754 κωφοῖ,

280 4765 368 4819 καὶ
397 4765 483 4826 τίς
538 4761 766 4819 δέδωκεν
815 4764 943 4839 ὁρᾷν
991 4761 1080 4817 καί
1113 4762 1324 4818 ἀκούειν
1360 4781 1373 4832 ;
1408 4762 1471 4816 Εἰ
1522 4760 1579 4818 δὲ
1608 4763 1923 4841 ἀποστερεῖν

284 4849 672 4927 συμϐουλεύει,
719 4852 809 4907 καὶ
857 4852 940 4914 τίς
988 4850 1333 4922 δικαιοσύνην
1378 4852 1683 4923 νομιστεύει
1716 4873 1729 4921 ;
1760 4854 1819 4909 Εἰ
1869 4853 1927 4910 δὲ

282 4944 557 5017 ἐμπαίζει,
588 4942 679 4996 καὶ
710 4941 793 5004 τίς
824 4940 1126 5018 εἰλικρινής
1160 4961 1173 5010 ;
1206 4940 1271 4998 Εἰ
1303 4938 1361 4995 δὲ
1408 4937 1673 5013 ἀδυνατεῖ,
1706 4942 1795 4997 καὶ
1842 4944 1925 5007 τίς

2035 4671 2366 4740 ωωυὶιιιιιιι,
2402 4672 2533 4744 quis
2581 4669 3057 4744 incomparabilis
3080 4674 3103 4725 Ρ
3129 4671 3185 4725 Si
3217 4670 3456 4726 indurat
3486 4671 3681 4741 corda,

2036 4762 2171 4834 quis
2202 4761 2503 4818 erudit?Si
2522 4760 2837 4817 caecitatem
2860 4767 2917 4816 et
2932 4759 3276 4816 surditatem
3299 4758 3682 4830 inducit,quis

2036 4852 2197 4907 dedit
2225 4851 2415 4907 visum
2449 4856 2505 4906 et
2550 4850 2820 4906 auditum
2846 4854 2868 4906 ρ
2897 4850 2956 4905 Si
2986 4849 3257 4905 fraudare
3286 4849 3513 4915 suadet,
3544 4848 3677 4920 quis

2030 4940 2322 5011 justitiam
2348 4938 2722 4995 administrat
2740 4940 2766 4993 Ἰ
2782 4940 2842 4994 Si
2874 4937 3230 5009 illudit,quis
3260 4942 3350 4993 est
3375 4936 3681 4994 sincerus?

1626 5067 1871 5125 νΑΗιίΕ
1908 5067 2322 5126 LECTIONES.

348 5178 370 5210 ⁸
395 5176 501 5245 τήν
531 5174 595 5248 O_.
630 5174 661 5248 "
678 5177 812 5228 Θεοῦ
842 5174 1087 5247 ascripsi
1128 5191 1196 5230 ex
1239 5173 1304 5230 Ο.
1336 5175 1357 5210 ⁸
1387 5171 1812 5248 παραλείποντες
1861 5180 1919 5231 C.
2041 5167 2348 5248 ἀπόϐλητοι
2608 5187 2725 5226 om.
2752 5170 2830 5248 _O.
2884 5168 2984 5248 qui
3030 5169 3504 5248 deinde‘qupoygw
3536 5165 3655 5248 [ρή

279 5237 536 5325 peric.
570 5244 674 5299 ὑπὸ
704 5249 800 5325 σοῦ
833 5237 1067 5319 ρηθεῖοῗιν
1098 5237 1476 5325 scribendum
1523 5249 1831 5325 cen§8t_D.
1881 5237 2455 5325 "’__p_‘ne_ncop_eivwv_0.
2485 5246 2543 5324 ¹¹.
2565 5237 2876 5325 γγνωςιόνως
3044 5243 3219 5325 Ιάραλ
3250 5237 3475 5325 δόνηθῖλ.

274 5310 318 5374 ἰ]
349 5328 408 5392 et
440 5320 479 5392 S
510 5335 602 5392 ex_
630 5310 897 5392 conject”
943 5315 1272 5392 προκείμενα
1300 5319 1361 5392 _C.
1407 5318 1539 5392 Post
1577 5321 1692 5378 πῶς
1725 5319 1762 5373 S
1799 5310 2115 5392 crediderit
2160 5310 2381 5392 aliquid
2426 5310 2731 5392 excidisse,
2780 5312 2937 5392 velut
2979 5310 3071 5392 ξίνα

3602 5165 3617 5187 ε

3534 5241 3691 5296 ¹²Ἰὶα

3122 5311 3298 5383 μάθω.
3353 5312 3397 5349 ¹³
3424 5309 3593 5383 ἕνεκα
3623 5314 3686 5383 ς).

277 5392 322 5425 ¹⁶
354 5389 518 5443 αὐτὸν
548 5387 654 5459 τίς,
688 5379 795 5465 οῦχ
824 5379 1067 5451 ὅσιοςὈ.
1099 5379 1247 5445 Τύω
1296 5390 1609 5462 legendum
1658 5396 1813 5445 esset
1842 5389 2020 5456 αὐτὸν,
2053 5384 2115 5443 οῦ
2160 5379 2437 5449 τιςᾮῖίσιος
2468 5387 2513 5421 ¹⁸
2543 5385 2635 5439 Διὸ
2665 5379 2835 5457 είνμὲν
2869 5382 3029 5451 ἀπείη
3060 5379 3132 5440 υξ
3158 5385 3200 5419 ¹⁶
3234 5381 3590 5456 μεταμελεται
3621 5379 3688 5436 Ο.

1670 5514 2051 5572 VARIORUM
2091 5514 2319 5569 NOTAE.

347 5622 464 5693 (55)
510 5620 876 5696 Μοναρχικὴν-
905 5620 1089 5696 ψυχὴν
1121 5616 1288 5696 ἔχειν.
1334 5620 1773 5696 Monarchicum
1825 5621 1949 5678 ani-

280 5692 453 5752 mum
483 5692 765 5768 appellat,
796 5693 883 5751 vel
911 5692 1046 5753 cum
1074 5692 1187 5768 qui
1209 5693 1552 5751 dominetur
1604 5692 1663 5750 in
1711 5709 1946 5768 corpus,

574 5822 838 5883 Ριτιοι.
872 5821 984 5885 Gn.
1029 5820 1107 5886 II.

2058 5620 2146 5713 vel
2196 5620 2297 5693 qui
2342 5617 2693 5677 monarchiw
2747 5621 2803 5676 et
2850 5616 3027 5674 unius
3074 5614 3425 5691 principatui
3482 5613 3691 5671 faveat.

2058 5691 2189 5753 Co'r.

3380 5816 3420 5880 4
