4116 6224
467 416 579 473 10⁸7

1293 413 1354 467 S.
1404 410 1842 467 CLEMENTIS
1888 409 1908 467 Ι
1961 406 2145 468 ROM.
2197 407 2427 468 PONT.
2478 410 2735 469 OPEHA
2784 410 3045 469 DUBIA.

3752 411 3871 471 108

462 545 521 601 Si
554 542 843 599 invalidus
872 544 979 611 est,
1015 541 1145 612 quis
1176 544 1265 596 est
1310 541 1723 613 omnipotens?
1752 541 1813 595 Si
1844 540 2084 611 injustu:

2223 537 2384 594 πάντα
2415 537 2673 611 δύναται;
2707 541 2773 597 Ei
2805 537 2862 595 δὲ
2891 537 3089 610 ἀδικεῖ,
3137 539 3229 595 xui
3281 538 3361 602 τίς
3411 536 3621 603 δίκαιος
3655 559 3669 610 ;
3701 541 3766 595 Εἰ
3812 539 3869 597 δὲ

463 637 575 700 est,
606 631 739 703 quis
760 631 963 702 justus
985 631 1012 685 ?
1043 631 1101 686 Si
1134 629 1287 686 mala
1319 636 1493 700 creat,
1529 630 1660 702 quis
1691 630 1842 687 bona
1891 629 2111 685 faciet?

465 720 525 778 Si
556 719 711 776 mala
740 718 896 787 facit,
930 719 1064 792 quis
1092 720 1249 775 bona
1270 719 1297 773 ‘?

537 809 728 865 XLIV.
762 809 822 865 Si
852 826 987 865 vero
1019 813 1279 865 montem
1310 809 1588 881 pinguem
1636 809 1879 881 appetit,
1912 810 2108 881 cujus-

468 916 605 956 nam
631 903 802 957 erunt
832 903 1041 955 cuncta
1059 899 1087 953 ‘I
1118 898 1177 954 Si
1207 899 1507 965 mentitur,
1527 898 1663 971 quis
1693 915 1863 953 verax
1892 903 1981 955 est
1999 898 2027 952 ?
2053 899 2108 953 Si

468 988 529 1045 in
558 987 932 1045 tabernaculo
964 987 1205 1054 habitat,
1226 987 1359 1059 quis
1388 987 1716 1043 immensus
1738 988 1765 1042 ‘I
1793 988 1851 1041 Si
1882 988 2107 1043 deside-

467 1083 559 1134 rat
615 1079 901 1146 nidorem,
956 1077 1258 1145 sacrificia,
1326 1077 1591 1132 victimas
1662 1080 1741 1141 et
1776 1075 2106 1145 libationes,

468 1169 603 1241 quis
650 1167 872 1224 nullius
920 1166 1211 1240 indigens,
1246 1165 1378 1238 quis
1425 1171 1685 1233 sanctus,
1724 1165 1857 1237 quis
1902 1182 2105 1236 purus,

468 1257 602 1329 quis
627 1256 915 1329 perlectus
934 1255 962 1310 ?
985 1255 1044 1311 Si
1064 1255 1392 1311 luminibus
1411 1272 1475 1310 ac
1493 1255 1748 1310 lucernis
1765 1254 2105 1326 delectatur,

464 1346 595 1418 quis
626 1345 939 1401 luminaria
972 1345 1030 1399 in
1062 1344 1201 1400 coelo
1232 1344 1536 1399 constituit
1558 1344 1653 1399 ?Si
1685 1344 1745 1399 in
1777 1343 2022 1415 caligine
2040 1359 2106 1400 ac

463 1435 719 1491 tenebris
746 1440 804 1490 et
834 1433 1086 1506 procella
1115 1438 1288 1503 atque
1320 1433 1480 1489 fumo
1512 1432 1944 1505 versatur,quis
1976 1437 2105 1489 tan-

463 1540 640 1595 quam
672 1523 871 1578 lumen
922 1521 1243 1577 maximum
1276 1538 1459 1577 aevum
1492 1521 1834 1576 illuminat?
1861 1521 1917 1577 Si
1969 1539 2105 1578 cum

460 1611 618 1667 tubis
650 1616 707 1667 et
734 1610 1245 1667 vociferationibus
1269 1615 1325 1665 et
1349 1610 1559 1680 jaculis
1588 1614 1644 1666 et
1674 1610 1904 1682 sagittis
1935 1612 2103 1666 adve-

462 1701 568 1766 nit,
601 1701 734 1772 quis
764 1705 854 1755 est
900 1699 1163 1755 omnium
1195 1704 1526 1772 exspectata
1575 1699 1969 1770 tranquillitas
1991 1700 2018 1753 ?
2047 1700 2105 1754 Si

463 1791 589 1862 ipse
619 1788 1134 1861 belladiligit,quis
1165 1805 1367 1860 pacem
1388 1788 1541 1843 vult?
1561 1788 1618 1843 Si
1636 1788 1789 1843 mala
1821 1788 1944 1859 ipse
1975 1806 2106 1845 con-

2217 628 2355 682 κακά
2382 628 2571 700 κτίζει,
2604 629 2691 684 xui
2742 626 2824 690 τίς
2874 628 3044 703 ἀγαθά
3090 627 3317 704 πράξει;
3350 628 3412 685 Ei
3459 626 3516 683 δὲ
3560 628 3651 684 καὶ
3702 632 3744 666 ³⁷
3773 650 3867 684 κα-

2217 716 2286 769 κὰ
2313 722 2480 784 ποιεῖ,
2511 716 2599 771 xui
2631 718 2713 779 τίς
2746 715 2919 791 ἀγαθά
2962 735 2976 785 ;

2288 806 2477 861 XLIV.
2510 805 2577 860 Ei’
2618 803 2675 860 δὲ
2713 806 2774 861 τὸ
2820 810 2944 861 πῖον
2985 800 3111 882 ὅρος
3158 805 3431 881 ἐπιθυμεῖ,
3481 806 3572 862 καὶ
3609 806 3755 870 τίνος
3800 808 3866 863 τὰ

2217 894 2390 948 πάντα
2423 914 2435 963 ;
2469 895 2531 948 Εἰ
2577 892 2847 968 ψεύδεται,
2889 895 2979 950 καὶ
3026 895 3107 957 τίς
3163 894 3416 965 ἀληθεύει
3454 915 3467 965 ;
3502 896 3567 953 Ei
3600 896 3652 951 ἐν
3693 902 3863 971 σκηνῇ

2218 981 2378 1051 οἰκεῖ,
2428 982 2517 1037 xui
2565 982 2646 1045 τίς
2695 985 3023 1060 ἀχώρητος;
3056 984 3119 1039 Εἰ
3171 981 3228 1038 δὲ
3278 982 3522 1060 ὀρέγεται
3578 989 3675 1042 73
3714 986 3861 1041 κνίσ-

2217 1092 2317 1139 σης
2352 1074 2395 1108 ¹⁸
2443 1072 2533 1126 καὶ
2578 1074 2773 1127 θυσιῶν
2826 1071 2914 1128 xui
2963 1072 3214 1147 θυμάτων
3259 1074 3349 1127 καὶ
3399 1074 3737 1149 προχύσεων,
3772 1076 3863 1130 καὶ

2216 1159 2299 1222 τίς
2330 1158 2641 1235 ἀπροσδεὴς
2683 1163 2773 1217 xui
2818 1162 2899 1224 τίς
2947 1164 3097 1239 ἅγιος
3143 1163 3233 1217 xui
3277 1162 3363 1225 τίς
3403 1164 3635 1237 καθαρὸς
3664 1165 3751 1219 καὶ
3781 1165 3865 1227 τίς

2217 1248 2431 1312 τέλειος
2465 1271 2477 1321 ;
2506 1251 2567 1305 Ei
2615 1250 2841 1328 λύχνοις
2890 1253 2979 1306 καὶ
3027 1251 3277 1327 λυχνίαις
3324 1253 3595 1328 τέρπεται,
3643 1254 3732 1309 καὶ
3779 1255 3863 1317 τίς

2213 1338 2339 1401 τοὺς
2378 1348 2669 1418 φωστῆρας
2716 1338 2894 1412 ἔταξεν
2947 1340 2999 1396 ἐν
3045 1341 3257 1418 οὐρανῷ
3292 1361 3305 1410 ;
3339 1340 3402 1397 Ei
3456 1342 3507 1397 ἐν
3557 1343 3741 1421 γνόφῳ
3771 1344 3863 1398 καὶ

2215 1428 2391 1501 σκότῳ
2438 1430 2527 1484 καὶ
2578 1428 2779 1504 θυέλλῃ
2827 1431 2918 1485 xui
2967 1430 3157 1504 καπνῷ
3207 1431 3467 1501 σύνεστιν,
3498 1432 3589 1487 καὶ
3638 1433 3718 1493 τίς
3748 1436 3864 1511 φῶς

2216 1514 2289 1571 ὢν
2331 1520 2551 1596 φωτίζει
2593 1519 2685 1575 τὸν
2749 1519 2996 1596 μέγιστον
3050 1520 3219 1575 αἰῶνα
3254 1540 3267 1589 ;
3297 1519 3364 1575 Ei'
3410 1518 3499 1576 διὰ
3546 1520 3864 1597 σαλπίγγων

2212 1606 2303 1660 καὶ
2336 1606 2674 1682 ἀλαλαγμῶν
2710 1613 2753 1646 ¹⁹
2780 1610 2870 1663 καὶ
2923 1606 3161 1685 βολίδων
3202 1610 3292 1664 καὶ
3321 1610 3662 1683 τοξευμάτων
3690 1632 3858 1687 προσ-

2215 1695 2453 1771 έρχεται,
2488 1697 2575 1752 καὶ
2608 1698 2688 1759 τίς
2716 1700 2749 1767 ἡ
2789 1703 2895 1753 τῶν
2929 1697 3074 1753 ὅλων
3118 1696 3488 1773 προσδόκιμος
3516 1697 3725 1775 γαλήνη
3764 1727 3779 1767 ;
3811 1700 3858 1754 εὶ

2213 1784 2493 1859 πολέμους
2524 1786 2683 1849 αὐτὸς
2732 1787 2945 1863 ἀγαπᾷ,
2979 1787 3065 1842 καὶ
3113 1788 3194 1850 τίς
3234 1788 3456 1864 εἰρήνην
3489 1788 3632 1844 θέλει
3670 1811 3685 1842 ι
3718 1788 3763 1843 εἴ
3791 1790 3859 1844 τὰ

462 1879 717 1950 dit,quis
750 1878 887 1933 facit
917 1877 1111 1934 bona?
1141 1878 1201 1932 Si
1230 1878 1414 1933 durus
1445 1877 1727 1948 ipse,quis
1759 1878 2084 1933 humanus‘.

2213 1876 2351 1928 κακά
2389 1874 2547 1937 αὐτὸς
2578 1876 2766 1949 κτίζει,
2793 1877 2882 1931 καὶ
2932 1876 3016 1939 τίς
3061 1877 3229 1953 ἀγαθά
3261 1874 3591 1954 δημιουργεῖ
3622 1897 3634 1947 ;
3669 1878 3730 1932 Ei
3761 1877 3855 1932 αὐ-

462 1967 522 2023 Si
554 1968 742 2023 ﬁdelis
773 1985 887 2023 non
919 1971 1010 2023 est
1038 1966 1095 2020 in
1118 1965 1544 2039 promissis,cui
1567 1966 1939 2022 credetur?Si
1976 1984 2099 2023 ma-

459 2055 547 2112 los
578 2060 736 2111 amat
764 2061 821 2111 et
849 2055 1146 2112 adulteros
1172 2061 1228 2110 et
1258 2054 1742 2126 bomicidas,quis
1774 2055 1877 2110 erit
1899 2055 2101 2126 justus

448 2146 632 2215 judex
656 2144 683 2199 ?
711 2144 768 2198 Si
801 2160 934 2199 eum
966 2143 1366 2215 paenitet,quis
1396 2148 1486 2198 est
1514 2148 1789 2198 constans
1809 2144 1905 2198 ?Si
1938 2145 2099 2199 deni-

455 2250 567 2305 que
599 2233 785 2289 malos
817 2232 998 2304 eligit,
1032 2232 1305 2304 quisnam
1337 2232 1594 2288 admittit
1626 2231 1852 2288 bonos?

522 2500 682 2557 XLV.
714 2499 1054 2571 Quocirca,o
1085 2497 1168 2553 ﬁli
1200 2498 1694 2567 Clemens,inhibe
1724 2502 1800 2567 te,
1832 2516 1902 2554 ne
1935 2499 2093 2556 aliud

451 2592 522 2645 de
553 2596 666 2645 Deo
698 2589 936 2656 sentias,
969 2604 1147 2659 quam
1197 2588 1350 2658 quod
1383 2586 1508 2658 ipse
1538 2587 1698 2643 solus
1730 2588 1807 2643 sit
1853 2588 2007 2644 Deus
2039 2595 2095 2645 et

451 2679 734 2735 Dominus
765 2683 822 2733 et
847 2682 1011 2749 pater
1036 2677 1225 2732 bonus
1254 2692 1318 2730 ac
1340 2676 1546 2745 justus
1577 2681 1818 2744 creator,
1840 2677 2091 2749 patiens,

452 2767 803 2829 misericors,
840 2764 1827 2834 nutritor,beneﬁcus,bumanitatis
1858 2766 2090 2837 legisla-

448 2860 560 2921 tor,
618 2854 904 2910 castitatis
963 2853 1356 2919 consiliarius,
1417 2858 1688 2922 aeternus,
1747 2856 2089 2913 aeternitatis

448 2948 668 3011 auctor,
703 2942 1198 3014 incomparabilis,
1232 2941 1291 2996 in
1337 2942 1619 2997 bonorum
1654 2944 1868 2998 animis
1917 2944 2088 3001 babi-

445 3036 598 3101 tans,
631 3032 1022 3103 imperceptus
1053 3035 1109 3087 et
1138 3031 1583 3103 perceptus,qui
1613 3032 1671 3086 in
1705 3033 1931 3089 inﬁnito
1963 3052 2084 3090 ma-

442 3138 623 3194 gnum
656 3138 839 3177 avum
874 3125 1149 3191 tanquam
1173 3127 1438 3176 centrum
1470 3121 1719 3192 ﬁxit,qui
1746 3121 1956 3177 cmlum
1989 3142 2083 3179 ex-

440 3211 646 3283 pandit
675 3215 732 3265 et
761 3214 976 3265 terram
1009 3210 1541 3281 compegit,aquam
1574 3210 2084 3276 recondidit,astra

2210 1962 2301 2025 τὸς
2334 1961 2592 2040 ἅστοργος
2623 1968 2687 2037 ²⁰,
2734 1966 2823 2020 xui
2869 1965 2950 2028 τίς
2997 1964 3375 2043 φιλάνθρωπος
3412 1986 3427 2036 ;
3459 1967 3520 2021 Ei
3571 1966 3728 2028 αὐτὸς
3764 1988 3855 2021 πι-

2212 2053 2333 2115 στὸς
2385 2052 2484 2107 οὐκ
2530 2052 2637 2108 ἔστι
2688 2054 2811 2129 περὶ
2861 2055 2933 2109 ὧν
2986 2055 3348 2130 ὑπισχνεῖται,
3397 2054 3486 2109 καὶ
3533 2055 3618 2117 τίς
3648 2076 3858 2110 πιστευ-

2209 2142 2425 2211 θήσεται
2462 2160 2476 2210 ;
2509 2142 2571 2195 Ei
2604 2141 2761 2204 αὐτὸς
2800 2142 3073 2218 πονηροὺς
3122 2144 3212 2199 καὶ
3269 2143 3505 2219 μοιχοὺς
3553 2144 3641 2199 καὶ
3675 2149 3859 2221 φονεῖς

2210 2230 2413 2305 ἀγαπᾷ,
2443 2231 2531 2285 καὶ
2563 2231 2645 2293 τίς
2675 2229 2821 2286 ἔσται
2852 2234 2898 2270 ²¹
2932 2230 3138 2294 δίκαιος
3168 2234 3359 2309 κριτής
3384 2252 3397 2302 ;
3424 2233 3486 2289 Ei
3517 2232 3676 2294 αὐτὸς
3703 2253 3860 2304 μεταο

2212 2318 2476 2392 μελεῖται,
2509 2319 2595 2375 xui
2643 2320 2727 2381 τίς
2780 2316 2996 2396 βέϐαιος
3028 2340 3042 2390 ;
3074 2321 3137 2374 Ei
3188 2320 3345 2383 αὐτὸς
3395 2320 3591 2382 κακοὺς
3636 2319 3855 2395 ἐκλέγε-

2202 2429 2311 2479 ται,
2345 2408 2433 2463 xui
2463 2408 2546 2471 τίς
2571 2408 2804 2484 ἀγαθοὺς
2834 2409 3150 2487 προσίεται;

2275 2500 2442 2555 XLV.
2478 2498 2592 2565 Διὸ,
2624 2499 2669 2553 ὧ
2717 2497 2898 2553 τέκνον
2950 2497 3210 2571 Κλήμης,
3262 2495 3444 2574 ἔπεχε,
3500 2499 3574 2571 μή
3626 2496 3768 2553 ἄλλο
3798 2520 3853 2553 τι

2204 2588 2476 2664 φρονήσῃς
2504 2586 2627 2663 περὶ
2658 2592 2754 2642 τοῦ
2785 2592 2937 2659 Θεοῦ,
2970 2588 3005 2656 ἦ
3039 2587 3122 2641 ὅτι
3170 2586 3328 2649 αὐτὸς
3362 2587 3529 2660 μόνος
3582 2585 3693 2641 ἐστί
3722 2586 3853 2649 Θεός

2201 2676 2290 2728 καί
2322 2675 2520 2751 Κύριος
2548 2677 2636 2729 καὶ
2666 2677 2846 2751 πατὴρ
2877 2676 3075 2752 ἀγαθὸς
3104 2675 3195 2730 καὶ
3227 2674 3432 2738 δίκαιος
3484 2673 3845 2751 δημιουργὸς,

2206 2764 2574 2840 μακρόθυμος,
2624 2764 2908 2837 ἐλεήμων,
2966 2763 3229 2843 τροφεὺς,
3290 2764 3595 2840 εὐεργέτης,
3650 2763 3843 2839 φιλαν-

2199 2853 2436 2930 θρωπίαν
2484 2853 2835 2926 νομιστεύων,
2885 2853 3097 2928 ἁγνείαν
3144 2848 3556 2925 συμϐουλεύων,
3598 2852 3843 2923 αἰώνιος,

2199 2942 2451 3004 αἰωνίους
2482 2948 2679 3014 ποιῶν,
2713 2942 3057 3019 ἀσύγκριτος,
3088 2948 3206 3004 ταῖς
3238 2947 3344 2996 τῶν
3380 2942 3592 3016 ἀγαθῶν
3637 2945 3847 3017 ψυχαῖς

2197 3031 2560 3103 οἰκιζόμενος,
2610 3032 2905 3108 ἀχώρητος
2953 3032 3043 3086 καὶ
3089 3030 3463 3106 χωρούμενος,
3499 3032 3527 3084 ὁ
3558 3030 3609 3085 ἐν
3638 3031 3845 3105 ἀπείρῳ

2192 3122 2283 3176 τὸν
2341 3122 2502 3196 μέγαν
2565 3120 2730 3175 αἰῶνα
2781 3120 2856 3182 ὡς
2903 3122 3123 3197 κέντρον
3172 3123 3218 3157 ²²
3264 3120 3477 3190 πήξας,
3530 3120 3557 3173 ὁ
3615 3119 3844 3193 οὐρανὸν

2195 3208 2518 3289 ἐφαπλώσας
2574 3208 2665 3264 xui
2721 3217 2823 3284 γῆν
2881 3208 3152 3278 πιλώσας,
3216 3206 3361 3282 ὕδωρ
3413 3208 3725 3280 ταμιεύσας,
3783 3208 3843 3262 ἄ-

439 3273 499 3354 in
549 3299 692 3355 ccelo
745 3299 1056 3371 disposuit,
1108 3273 1321 3353 terram
1356 3273 1488 3353 fecit
1533 3302 1753 3354 scatere
1802 3273 2080 3371 fontibus,

2204 3273 2327 3375 ττρα
2357 3300 2406 3354 ἐν
2455 3299 2666 3373 οὐρανῷ
2715 3296 2933 3367 διαθεὶς,
2983 3299 3162 3374 πηγὰς
3210 3302 3283 3372 γῇ
3338 3297 3557 3373 βρύσας,
3599 3296 3841 3371 καρποὺς

438 3380 666 3444 fructus
715 3387 1010 3460 produxit,
1045 3391 1273 3442 montes
1320 3388 1377 3441 in
1412 3387 1596 3442 altum
1638 3388 1897 3457 sustulit,
1932 3391 2081 3447 mari

436 3478 720 3534 terminos
747 3478 930 3543 dedit,
960 3480 1164 3533 ventos
1195 3494 1259 3531 ac
1293 3476 1464 3531 ﬂatus
1510 3476 1792 3533 ordinavit
1819 3496 1832 3547 ;
1866 3479 2083 3552 quique

439 3567 664 3638 corpori
697 3566 975 3622 ambienti
1004 3567 1062 3622 in
1097 3566 1385 3621 immenso
1416 3566 1638 3639 pelago,
1674 3584 1777 3639 per
1806 3569 2079 3640 spiritum

441 3655 665 3711 consilii
699 3656 813 3722 sui,
846 3655 1217 3711 securitatem
1251 3655 1475 3711 tribuit.

511 3744 697 3800 XLVI.
735 3745 833 3800 Hic
863 3749 1061 3800 noster
1099 3745 1281 3815 judex
1327 3750 1433 3813 est,
1468 3745 1526 3800 in
1576 3761 1750 3817 quem
1799 3747 2078 3806 intuendo

437 3838 667 3906 oportet
717 3834 944 3889 animas
994 3838 1225 3889 nostras
1255 3835 1585 3903 emendare,
1618 3837 1817 3891 omnia
1856 3854 1957 3909 pro
2012 3854 2077 3894 eo

435 3922 708 3995 cogitare,
743 3923 856 3995 ipsi
885 3923 1223 3979 benedicere
1252 3942 1265 3990 ;
1295 3928 1471 3994 atque
1504 3941 1605 3996 pro
1637 3930 1792 3981 certo
1842 3925 2074 3995 habere,

433 4014 587 4084 quod
621 4030 728 4068 sua
759 4012 1039 4084 patientia
1067 4012 1498 4083 improbitatem
1523 4018 1867 4070 cunctorum
1891 4015 1947 4070 in
1974 4034 2077 4088 pu-

429 4102 649 4158 blicum
681 4103 979 4158 abducens
1010 4101 1171 4157 solus
1202 4102 1428 4157 exsistit
1458 4102 1842 4173 bonus.Isque
1868 4105 1926 4160 in
1959 4107 2073 4162 ﬁne

430 4189 683 4246 universi
716 4188 1033 4262 unicuique
1066 4190 1390 4245 facinorum
1423 4195 1622 4247 contra
1651 4192 1935 4249 rationem
1964 4195 2070 4250 ad-

427 4278 744 4334 missorum
769 4280 973 4349 justus
1004 4278 1337 4350 praesidebit
1361 4279 1561 4349 judex.

494 4367 708 4422 XLVII.
744 4366 841 4423 llis
881 4384 985 4440 ego
1016 4366 1279 4423 Clemens
1310 4367 1525 4423 auditis
1557 4368 1684 4424 dico
1710 4388 1723 4426 :
1746 4370 1891 4427 Vere
1921 4372 2066 4430 illud

424 4454 626 4529 religio
657 4461 902 4522 est,vere
931 4456 1076 4511 illud
1108 4455 1315 4528 pietas.
1341 4458 1677 4529 lterumque
1708 4458 1797 4515 aio
1833 4476 1844 4515 :
1877 4462 2065 4534 Cupe—

424 4561 544 4599 rem
575 4545 756 4617 igitur
786 4545 953 4612 scire,
988 4550 1344 4617 quapropter
1391 4562 1457 4601 eo
1489 4548 1659 4602 modo
1692 4548 1893 4620 scripti
1925 4556 2065 4608 sunt

2194 3389 2441 3467 ἐκφύσας,
2494 3385 2593 3463 ὅρη
2646 3388 2884 3462 ὐψώσας,
2916 3386 3180 3442 θάλασσαν
3226 3385 3562 3463 περιορίσας,
3606 3387 3839 3458 ἀνέμους

2189 3499 2248 3532 τε
2284 3481 2381 3534 74
2410 3476 2498 3532 καὶ
2530 3476 2807 3549 πνεύματα
2839 3473 3107 3546 διατάξας,
3141 3476 3169 3530 ὁ
3198 3476 3259 3529 τὸ
3289 3474 3545 3550 περιέχον
3593 3478 3753 3546 σῶμα
3784 3474 3834 3529 ἐν

2191 3566 2397 3643 ἀπείρῳ
2428 3565 2650 3641 πελάγει
2684 3564 2944 3639 πνεύματι
2983 3566 3191 3640 βουλῆς
3222 3567 3268 3601 2³
3303 3561 3759 3641 ἀσφαλισάμενος.

2260 3746 2454 3801 XLVI.
2488 3744 2656 3806 Οὗτος
2687 3746 2847 3816 ἡμῶν
2899 3740 3175 3812 δικαστῆς,
3226 3742 3301 3804 είς
3333 3743 3391 3797 ὃν
3424 3736 3833 3805 ἀποϐλέποντας

2187 3835 2299 3910 χρὴ
2329 3834 2424 3896 τάς
2454 3835 2654 3889 ἑαυτῶν
2702 3834 2995 3905 κατορθοῦν
3045 3832 3247 3907 ψυχὰς,
3289 3832 3461 3887 πάντα
3501 3832 3632 3907 ὑπὲρ
3666 3835 3713 3868 ³⁸
3742 3831 3832 3886 αὐ-

2184 3928 2280 3977 τοῦ
2323 3927 2600 3994 νοοῦντας,
2652 3921 2810 3977 αὐτὸν
2862 3921 3257 4000 εὐφημοῦντας,
3306 3924 3704 3994 πεπεισμένους
3744 3922 3829 3977 ’ὁτι

2181 4015 2252 4084 τῇ
2281 4012 2444 4067 αὐτοῦ
2479 4011 2821 4084 μακροθυμίᾳ
2863 4012 3076 4065 πάντων
3123 4011 3223 4079 τήν
3265 4009 3587 4085 προπέτειαν
3618 4010 3692 4072 εἰς
3726 4032 3825 4086 φα-

2181 4103 2331 4178 νερὸν
2368 4100 2509 4176 ἄγων
2557 4100 2720 4173 μόνος
2768 4099 2965 4175 ἀγαθός
3017 4098 3179 4154 ἐστιν.
3221 4099 3325 4154 Καὶ
3356 4099 3512 4161 οὗτος
3563 4097 3647 4153 ἐπὶ
3679 4098 3825 4153 τέλει

2177 4195 2275 4246 τοῦ
2306 4191 2502 4251 παντὸς
2537 4189 2743 4261 ὲκάπῳ
2772 4192 2880 4243 τῶν
2906 4186 3329 4261 τετολμηκότων
3358 4186 3392 4242 ἃ
3424 4188 3500 4261 μὴ
3543 4188 3712 4263 ἐχρῆν
3743 4184 3828 4242 δί-

2177 4300 2329 4342 καιος
2356 4280 2694 4354 προκαθεσθή
2705 4299 2847 4332 σεται
2877 4279 3087 4352 κριτής.

2247 4371 2458 4426 XLVII.
2490 4372 2664 4421 Ταῦτα
2710 4365 2815 4442 ἐγὼ
2865 4365 3099 4438 Κλήμης
3146 4364 3397 4437 ἀκούσας,
3444 4359 3599 4440 ἔφην’
3652 4363 3822 4434 Ἀλη-

2174 4460 2280 4520 θῶς
2310 4462 2468 4512 τοῦτο
2502 4451 2794 4525 θεοσέϐεια,
2828 4460 2987 4510 τοῦτο
3027 4453 3249 4526 ἀληθῶς
3284 4457 3329 4491 ²⁸
3358 4450 3616 4509 εὐσέϐεια.
3652 4452 3822 4509 Πάλιν

2171 4569 2229 4603 τε
2262 4544 2415 4625 ἔφην·
2450 4546 2679 4603 ’Ήθελον
2718 4547 2901 4618 μαθεῖν
2948 4542 3061 4614 οὖν,
3097 4542 3185 4598 διὰ
3220 4544 3273 4597 τί
3304 4541 3477 4605 οὕτως
3518 4543 3822 4621 ἐγράφησαν

420 4632 554 4689 libri
586 4635 755 4689 sacri.
790 4634 1023 4690 Memini
1059 4635 1276 4707 quippe
1307 4640 1361 4691 te
1393 4635 1608 4691 dixisse
1640 4637 1697 4692 id
1744 4638 1961 4695 factum
1993 4643 2063 4697 ad

2204 4638 2227 4691 Li
2263 4633 2474 4691 Βίϐλοι.
2527 4637 2825 4707 Μέμνημαι
2870 4634 2971 4709 γὰρ
3024 4633 3100 4694 ὡς
3150 4631 3307 4710 ἔφης,
3357 4632 3439 4687 ὅτι
3474 4632 3551 4694 είς
3590 4630 3821 4707 ἔλεγχον

421 4724 819 4796 coarguendos
846 4740 945 4779 eos
976 4725 1075 4794 qui
1122 4722 1363 4794 aliquid,
1395 4725 1549 4796 quod
1583 4725 1806 4781 dictum
1859 4728 1935 4783 sit
1964 4730 2065 4785 ad-

416 4828 619 4867 versus
650 4812 856 4883 Deum,
892 4817 1109 4868 temere
1142 4813 1415 4868 credituri
1448 4815 1749 4871 erant.Sed
1784 4818 2061 4887 quoniam

416 4902 686 4957 concedis
718 4902 1171 4975 nobis,quaarcre
1202 4918 1270 4958 ex
1300 4907 1354 4958 te
1386 4902 1469 4958 uti
1504 4902 1683 4971 lubet,
1710 4904 2064 4978 interrogare

415 4991 722 5056 audemus,
756 4996 812 5046 te
836 4992 1098 5061 jubente.
1137 4992 1195 5047 Si
1229 4993 1383 5062 quis,
1409 4991 1755 5049 charissime
1790 4996 1968 5062 l’etre,
2002 4997 2061 5052 in

414 5080 675 5135 animum
710 5081 1001 5135 induxerit
1032 5081 1225 5135 dicere
1260 5081 1426 5135 nobis
1463 5097 1475 5134 :
1509 5081 1825 5139 Veritatem
1876 5086 2058 5140 conti-

412 5175 553 5223 nent
580 5186 704 5240 quae
745 5169 803 5224 in
837 5174 1016 5223 Deum
1053 5169 1210 5223 dicta
1243 5185 1308 5223 ac
1343 5169 1561 5241 scripta
1607 5177 1763 5239 sunt,
1790 5170 1925 5227 licet
1955 5173 2058 5229 tibi

409 5256 715 5314 videantur
744 5258 891 5314 falsa
922 5274 937 5313 :
971 5274 1085 5330 quo
1117 5258 1288 5313 modo
1319 5256 1403 5313 illi
1434 5261 1919 5331 respondebimus
1945 5268 1968 5319 Ρ

2170 4731 2278 4782 τῶν
2316 4723 2629 4799 μελλόντων
2664 4721 2875 4795 τολμᾷν
2903 4721 3168 4776 πιστεύειν
3198 4742 3249 4775 τι
3279 4723 3325 4758 ³⁸
3358 4719 3656 4796 λεγόμενον
3686 4721 3825 4776 κατᾶ

2169 4820 2267 4871 τοῦ
2315 4813 2465 4870 Θεοῦ.
2522 4813 2671 4880 [Ιλήν
2722 4811 2836 4865 ἐπεὶ
2886 4811 3083 4887 χαρίζῃ
3135 4812 3271 4883 ἡμῖν
3321 4810 3674 4865 πυνθάνεσθαί
3724 4831 3822 4865 σου

2172 4905 2245 4966 ὡς
2279 4902 2586 4980 βουλόμεθα
2617 4904 2679 4967 ²⁷,
2713 4901 3063 4963 πυνθάνεςθαι
3113 4897 3434 4971 τολμῶμεν,
3488 4903 3582 4952 σοῦ
3623 4897 3821 4952 κελεύ-

2171 5015 2380 5055 σαντος·
2410 4990 2462 5047 εἷ’
2484 5013 2565 5053 τις
2602 4989 2919 5066 βουληθείη,
2955 4988 3180 5067 φίλτατε
3209 4986 3396 5064 Πέτρε,
3432 4987 3605 5063 λέγειν
3653 4989 3811 5060 ἡμῖν·

2168 5083 2376 5153 Ἀληθῆ
2411 5081 2518 5137 ἐστι
2548 5081 2615 5135 τά
2644 5080 3015 5156 γεγραμμένα,
3049 5075 3143 5133 κᾶν
3177 5080 3225 5115 ³⁸
3256 5099 3339 5132 σοι
3381 5074 3553 5151 ψευδῆ
3584 5074 3717 5146 δοκῆ
3749 5076 3816 5131 ra:

2167 5173 2301 5228 κατά
2320 5175 2414 5225 τοῦ
2446 5174 2579 5225 Θεοῦ
2612 5168 2858 5246 ῥηθέντα·
2891 5171 3006 5229 πῶς
3038 5167 3417 5244 ἀποκριθῶμεν
3447 5164 3593 5238 αὐτῷ
3625 5182 3639 5235 ;

1761 5369 2002 5426 VARI/E
2041 5369 2335 5432 LECTION
2345 5367 2449 5423 ES.

478 5454 520 5490 1⁷
555 5449 612 5508 δέ
640 5456 801 5511 deest
824 5454 882 5509 in
914 5454 978 5510 Ο.
1014 5454 1057 5489 ¹³
1086 5452 1275 5520 κνίσης
1308 5456 1395 5523 C.,

1430 5471 1606 5525 quam
1642 5457 1888 5514 formam
1921 5462 1959 5515 S
1992 5465 2163 5520 tacite
2195 5455 2570 5517 commutavit
2594 5454 2659 5525 in
2707 5451 3061 5525 xviaan¢._ut
3089 5471 3200 5509 scr.
3256 5452 3321 5508 Ο.

3373 5451 3519 5507 Vide
3566 5449 3811 5506 Dindor.

402 5524 546 5581 ﬂum
581 5528 640 5581 in
672 5527 838 5583 Hom.
872 5528 1021 5581 Tum
1052 5522 1405 5628 προσγύσεων
1448 5522 1519 5580 Ὀ.
1573 5528 1616 5561 ¹⁹
1666 5525 1996 5604 ὀλολυγμῶν
2042 5536 2103 5590 C.
2157 5536 2202 5570 ²⁰
2248 5532 2505 5602 ἄστοργος
2548 5524 2704 5587 αὐτός
2754 5526 2814 5581 C.
2864 5527 2907 5561 ²¹
2961 5523 3068 5578 ἐστι
3118 5529 3181 5579 0.
3233 5525 3281 5559 ²²
3331 5525 3411 5578 Ad
3465 5538 3627 5578 oram
3676 5522 3809 5577 cod.

402 5597 571 5628 nunt.
630 5599 677 5628 nl
739 5615 870 5628 mn...
932 5615 997 5628 η..
1052 5617 1081 5628 υ
1116 5614 1318 5628 mpm“...
1374 5598 1418 5628 23
1448 5597 1506 5628 μς
1544 5595 1789 5628 2.-,.,..Ἰ..ι-
1825 5611 1947 5628 ..μυ-ι
1985 5599 2058 5628 ριν
2086 5604 2107 5628 η
2132 5612 2155 5622 -
2179 5627 2187 5628 ,
2215 5601 2641 5628 λιιιηηιικηοιηη
2670 5597 2880 5628 ..ΑΑΑΙΛι
2936 5597 3311 5628 ..ιυιηνιηιηηη
3337 5614 3348 5625 .
3383 5593 3617 5628 ληινηιὲρ
3648 5594 3779 5628 ιιηηῖ

402 5597 594 5653 Ottob.
628 5599 702 5653 al.
739 5615 896 5654 man.

402 5669 459 5724 S.
499 5672 663 5726 Deest
693 5670 751 5725 in
783 5674 846 5726 Ο.
880 5670 927 5704 2‘

932 5615 1020 5727 γρ
1052 5593 1343 5668 κέντρωον.
1374 5598 1418 5630 ³³
1448 5597 1509 5651 Ci
1542 5595 1789 5675 ἀσφαλής
1823 5593 1952 5673 post
1984 5599 2190 5673 ϐουλῆς
2215 5593 2645 5671 Metapbrasten
2670 5597 2907 5660 redolet,
2935 5597 3125 5651 abund
3139 5601 3311 5667 atque
3337 5614 3349 5661 ;
3382 5593 3617 5671 ἀσφαλές
3648 5594 3810 5664 conj.

987 5685 1021 5723 n
1052 5672 1096 5723 Ο
1127 5685 1212 5727 pr.
1244 5684 1321 5722 m.
1354 5668 1411 5722 in
1440 5685 1623 5727 marg.
1658 5668 1807 5727 ἔγον.
1837 5675 2049 5727 Eadem
2074 5678 2322 5727 varietas
2342 5670 2591 5727 occurrit
2617 5670 2770 5725 infra
2790 5686 2842 5724 c.
2862 5670 2952 5722 52.
2985 5665 3270 5727 ²⁵ἀληθῶς
3301 5670 3461 5720 τοῦτο
3492 5666 3556 5722 Ο.
3592 5665 3637 5699 ²⁶
3668 5663 3810 5721 Post

987 5672 1096 5742 nLQ
1126 5663 1212 5741 pr.
1244 5684 1335 5742 ni.‘
1354 5668 1411 5722 in
1436 5663 1631 5742 marg:
1658 5663 2051 5742 Exov.‘Eadem
2074 5663 2322 5734 varietas
2342 5663 2591 5727 occurrit
2617 5670 2770 5742 intra
2787 5686 2842 5742 c.
2862 5670 2952 5742 b2.
2985 5670 3028 5702 ’⁵
3047 5663 3270 5742 ἀληθῶς
3293 5663 3473 5742 Δτοῦτο’
3492 5666 3556 5722 Ο.
3592 5665 3637 5699 ²⁶
3659 5663 3812 5742 Post

399 5756 450 5795 τι
483 5740 527 5795 Ο
557 5740 773 5815 praebet
799 5739 880 5797 τό·
914 5741 959 5778 ”
989 5730 1145 5797 Ἦ)ὺῖ
1166 5734 1516 5795 πυνθάνεσθαί
1544 5730 1639 5795 σῖυ
1688 5730 1760 5804 ὦς
1810 5730 2533 5825 βουλόμεθαῄοξοσοεεθτυηι
2562 5757 2631 5797 ex
2660 5741 2725 5801 Ο.
2757 5740 2801 5778 ³⁸
2829 5738 2925 5797 κᾶν
2955 5756 3071 5797 om.
3106 5730 3173 5815 Ο,
3206 5738 3307 5817 qui
3345 5743 3476 5797 tum
3506 5752 3621 5796 scr.
3655 5730 3811 5795 δοκεῖ
