4116 6224
496 358 597 418 Ml

491 580 767 635 adversus
800 577 1005 643 Deum,
1033 594 1135 632 nec
1167 579 1449 634 adversus
1473 581 1669 649 justos
1691 580 1749 635 in
1770 579 1893 652 lege
1926 597 2141 636 memo-

489 666 916 738 ratos,impiam
951 683 1313 738 praesumens
1334 668 1691 739 opinionem.
1720 668 1791 725 Ut
1814 670 1969 725 enim
1998 669 2140 725 mihi

489 758 833 829 persuadeo,
860 773 1047 828 neque
1078 758 1335 811 Adamus
1372 762 1774 827 transgressor
1804 758 1931 827 fuit,
1966 775 2139 830 quem

490 847 590 902 Dei
636 864 841 902 manus
889 845 1334 918 parturierunt:
1386 862 1574 916 neque
1604 845 1723 901 Noe
1770 846 1987 911 ebrius,
2041 847 2139 918 qui

492 954 607 1010 pra
638 935 797 991 omni
833 935 1050 990 mundo
1075 936 1273 1005 justus
1304 934 1575 990 inventus
1604 939 1724 989 est:
1752 951 1938 1006 neque
1963 936 2143 991 Abra-

492 1026 705 1081 hamus
732 1028 849 1080 tres
881 1022 1295 1093 simulﬂbabuit
1324 1039 1554 1087 uxores,
1579 1022 1677 1094 qui
1710 1029 1944 1095 propter
1965 1024 2138 1079 casti-

491 1121 671 1172 tatem
710 1116 958 1171 donatus
998 1116 1087 1168 est
1134 1111 1448 1167 liberorum
1496 1111 1871 1169 multitudine
1904 1129 1916 1167 :
1953 1128 2139 1185 neque

490 1206 740 1261 Jacobus
790 1207 1041 1275 quatuor
1088 1201 1275 1261 duxit.
1320 1217 1568 1272 quarum
1612 1205 1669 1255 et
1714 1201 1842 1256 duae
1888 1218 2137 1269 sorores,

492 1292 587 1365 qui
623 1291 931 1347 duodecim
979 1288 1238 1344 tribuum
1275 1293 1439 1361 pater
1485 1287 1724 1355 exstitit,
1772 1293 1829 1343 et
1876 1287 2138 1361 Magistri

491 1382 673 1436 nostri
713 1381 1028 1436 adventum
1072 1378 1335 1433 futurum
1368 1377 1715 1449 designavit.
1764 1378 1990 1450 Moyses
2019 1395 2135 1433 non

489 1474 611 1526 erat
641 1469 959 1537 homicida,
992 1484 1097 1523 nec
1128 1466 1199 1522 ab
1248 1466 1537 1521 idolorum
1589 1467 1887 1522 sacerdote
1935 1466 2139 1523 didicit

480 1560 772 1631 judicare,
806 1557 906 1629 qui
932 1556 1207 1611 omnibus
1231 1554 1460 1610 saeculis
1485 1554 1670 1626 legem
1698 1555 1793 1610 Dei
1827 1555 2133 1626 propheta-

487 1650 656 1715 vit,et
684 1648 755 1702 ob
790 1651 1005 1702 rectam
1038 1644 1480 1717 intelligentiam
1516 1645 1921 1700 testimonium
1946 1644 2133 1700 fidelis

489 1734 909 1808 dispensatoris
941 1733 1182 1805 accepit.

562 1825 703 1880 LIII.
738 1825 847 1879 Sed
903 1828 959 1877 et
988 1822 1196 1877 horum
1248 1820 1651 1893 similiumque
1695 1821 2040 1878 solutionem
2073 1822 2131 1878 in

488 1920 750 1985 tempore
779 1913 885 1967 tibi
917 1911 1217 1967 exhibebo.
1255 1915 1329 1965 De
1363 1917 1588 1977 caetero,
1625 1911 1923 1983 quoniam,
1958 1917 2021 1966 ut
2052 1912 2133 1965 vi-

490 2002 801 2069 des,instat
828 2017 1221 2073 vespera,qua3
1255 1999 1425 2055 hodie
1456 2000 1611 2055 dicta
1630 2006 1789 2067 sunt,
1815 2001 2131 2056 sufficiant.

494 2097 761 2147 Attamen
796 2090 1025 2161 quoties
1070 2090 1248 2159 voles,
1281 2090 1351 2144 de
1396 2090 1611 2161 quibus
1645 2089 1917 2161 placebit,
1952 2091 2135 2145 fiden-

490 2186 578 2235 ter
606 2184 944 2252 percontare
979 2198 992 2236 :
1026 2196 1132 2235 nos
1164 2178 1277 2233 laeti
1328 2179 1629 2233 confestim
1684 2178 2130 2250 explicabimus.

489 2269 712 2334 Quibus
744 2268 916 2324 dictis
942 2266 1210 2323 surrexit.
1237 2266 1446 2339 Sicque
1470 2271 1707 2339 sumpto
1738 2268 1864 2322 cibo
1888 2267 1943 2321 in
1976 2284 2131 2323 som-

488 2374 631 2413 num
660 2357 813 2417 versi
845 2373 1092 2425 sumus;
1127 2355 1426 2421 noxenim
1460 2355 1791 2412 advenerat.

1086 2639 1389 2696 HOMILIA
1428 2640 1527 2696 III.

565 2750 607 2807 Ι.
670 2750 804 2806 Post
851 2750 996 2804 duas
1040 2747 1220 2820 igitur
1266 2746 1410 2819 dies,
1469 2747 1641 2803 tertio
1688 2752 1882 2802 autem
1940 2746 2136 2804 illuce-

490 2844 685 2896 scente
741 2855 854 2910 quo
905 2838 1325 2909 disputandum
1394 2843 1517 2892 erat
1564 2853 1695 2892 cum
1744 2837 1978 2892 Simone
2028 2854 2132 2910 ego

489 2928 758 2984 Clemens
786 2926 1220 2999 expergefactus
1258 2925 1634 2997 comitesque,
1669 2926 1777 2980 sub
1809 2928 2131 2981 secundum

490 3017 777 3089 gallorum
798 3020 1032 3071 cantum
1050 3015 1381 3069 invenimus
1406 3014 1700 3068 lucernam
1726 3014 1915 3069 adhuc
1939 3015 2132 3070 lucen-

488 3110 628 3172 tem,
671 3110 898 3161 Petrum
948 3120 1082 3159 vero
1130 3104 1377 3175 genibus
1426 3102 1587 3157 ﬂexis
1638 3109 1919 3158 orantem.
1968 3107 2128 3159 Com-

487 3194 644 3268 pleta
673 3196 855 3267 igitur
876 3209 1383 3266 prece,conversus
1411 3208 1771 3263 cernensque
1794 3209 1898 3246 nos
1931 3192 2001 3247 ad
2024 3210 2126 3248 au-
2160 3227 2202 3294 Ο

488 3284 768 3340 diendum
799 3288 1033 3355 paratos
1063 3281 1209 3336 dixit
1241 3298 1253 3336 :

560 3461 631 3517 II.
663 3460 823 3516 Scire
861 3477 962 3516 vos
1001 3458 1151 3525 volo,
1183 3459 1337 3529 quod
1387 3456 1488 3529 qui
1536 3474 1604 3513 ex
1636 3462 1837 3513 nostro
1886 3457 2128 3515 consilio

491 3555 729 3605 manent
755 3566 886 3604 cum
917 3548 1171 3619 Simone,
1205 3554 1270 3602 ut
1316 3547 1513 3618 inepta
1561 3546 1722 3601 illius
1764 3546 2130 3605 addiscentes

492 3639 659 3695 nobis
690 3638 1022 3710 subjiciant,
1057 3655 1171 3710 quo
1203 3638 1275 3691 ad
1306 3636 1523 3691 variam
1550 3636 1680 3707 ejus
1710 3635 1992 3691 malitiam
2026 3654 2129 3709 ap-

492 3734 613 3784 tare
644 3746 750 3783 nos
790 3727 1087 3799 possimus
1118 3727 1227 3797 ipsi
1263 3726 1566 3792 miserunt,
1601 3730 1657 3780 et
1689 3726 1857 3781 nobis
1891 3726 2002 3781 ista
2032 3726 2128 3783 de-

492 3818 789 3875 clararunt
820 3834 833 3873 :
866 3816 1059 3871 Simon
1094 3815 1286 3883 hodie,
1314 3815 1807 3886 quemadmodum
1840 3815 2127 3887 promisit,

489 3914 730 3980 paratus
763 3912 870 3977 est,
905 3905 1098 3961 venire
1128 3921 1322 3959 coram
1355 3904 1653 3973 omnibus,
1676 3911 1738 3958 ut
1764 3906 2031 3959 ostendat
2059 3922 2127 3960 ex

485 3996 833 4068 Scripturis:
871 3996 1028 4050 hunc
1058 3994 1155 4066 qui
1210 3993 1418 4047 coelum
1470 4000 1525 4048 et
1556 4000 1768 4047 terram
1811 3993 2126 4065 omniaque

480 4086 539 4140 in
571 4085 643 4140 iis
669 4085 958 4140 exstantia
979 4083 1378 4146 condidit,non
1397 4098 1525 4137 esse
1545 4081 1728 4137 Deum
1756 4099 2118 4153 supremum;

478 4174 579 4228 sed
629 4173 807 4227 alium
859 4171 1102 4227 existere
1148 4171 1461 4241 quemdam
1508 4171 1869 4242 incognitum
1900 4168 1973 4225 'et
2021 4189 2119 4227 su-

476 4261 915 4333 premum,utin
947 4258 1343 4315 ineII‘ahilibus
1384 4259 1762 4314 exsistentem
1784 4259 1969 4315 Deum
1991 4259 2121 4316 deo-

474 4350 736 4421 rum,qui
768 4350 915 4404 duos
947 4347 1172 4403 miserit
1200 4349 1360 4414 deos,
1396 4364 1464 4403 ex
1489 4348 1703 4418 quibus
1736 4347 1882 4403 alter
1912 4349 2116 4404 mundi

471 4444 717 4508 creator,
749 4438 895 4493 alter
925 4436 1068 4510 legis
1117 4437 1302 4492 dator.
1351 4439 1541 4508 Atque
1572 4436 1693 4491 haec
1724 4438 1915 4492 dicere
1947 4437 2114 4493 moli-

471 4532 584 4595 tur,
612 4532 674 4582 ut
691 4534 907 4583 rectam
941 4527 1113 4581 {idem
1148 4542 1349 4581 eorum
1382 4526 1807 4596 subvertat,qui
1842 4544 2024 4580 unum
2048 4542 2113 4582 ac

467 4617 656 4672 solum
706 4616 889 4672 Deum
937 4621 1255 4672 creatorem
1321 4613 1445 4670 caeli
1495 4619 1553 4670 et
1609 4619 1770 4670 terris
1814 4615 2110 4671 adoraturi

465 4713 625 4761 sunt.

534 4796 628 4850 III.
650 4796 779 4851 Haec
800 4794 1043 4851 audiens
1064 4811 1179 4866 quo
1204 4794 1376 4849 modo
1400 4810 1515 4849 non
1542 4792 1781 4849 moleste
1806 4793 2105 4849 tulissem?

459 4885 739 4949 Quocirca
767 4889 824 4939 et
864 4901 964 4939 vos
998 4900 1227 4939 mecum
1280 4882 1665 4937 consistentes
1718 4882 1924 4937 fratres
1955 4882 2104 4938 scire

456 4972 631 5044 volui,
665 4991 778 5029 non
814 4974 1177 5028 mediocriter
1208 4972 1401 5026 animo
1435 4987 1527 5025 me
1577 4969 1789 5041 dolere,
1824 4971 1965 5026 dum
2017 4972 2101 5026 vi-

455 5063 582 5131 deo,
607 5063 904 5118 diabolum
938 5064 1176 5133 quidem
1209 5062 1279 5115 ad
1312 5060 1583 5115 homines
1611 5060 1925 5114 tentandos
1956 5060 2099 5131 vigi-

450 5150 572 5207 lare
601 5151 870 5208 homines
918 5167 1051 5206 vero
1081 5150 1253 5223 plane
1286 5148 1577 5221 negligere
1618 5149 1869 5204 salutem
1903 5166 2094 5206 suam.

1318 359 1381 417 S.
1431 356 1874 418 CLEMENTIS
1921 358 1941 418 1
1993 360 2180 419 ΗΟΜ.
2231 359 2456 421 ΡΟΝΤ.
2506 359 2765 422 OPERA
2812 359 3076 422 DUBIA.

564 488 677 544 LII.
711 487 1031 559 Respondit
1067 490 1265 543 Petrus
1302 507 1314 543 :
1354 491 1526 545 Recte
1576 492 1773 563 itaque
1804 508 1917 547 non
1965 492 2135 547 credo
2169 493 2219 558 Α

3786 364 3903 425 HS

2328 497 2439 548 LII.
2474 492 2574 548 Καὶ
2612 494 2640 547 6
2672 490 2875 567 Πέτρος
2926 489 3245 566 ἀπεκρίνατο
3275 492 3339 527 ⁸⁸·
3392 490 3601 549 Οὐκοῦν
3658 493 3904 571 εὐλόγως

2252 577 2374 635 οὕτε
2426 582 2562 636 κατὰ
2615 586 2712 636 τοῦ
2766 584 2899 636 Θεοῦ
2950 579 3210 652 πιστεύω,
3245 576 3369 636 οὔτε
3417 581 3554 636 κατὰ
3601 587 3710 637 τῶν
3745 582 3796 639 ἐν
3828 590 3905 658 τῷ

2248 668 2402 742 νόμῳ
2451 670 2859 748 ἀναγραφέντων
2914 666 3159 742 δικαίων,
3207 664 3416 725 ἀσεϐῶς
3482 676 3698 748 φρονεῖν
3765 694 3897 749 προ-

2249 753 2545 830 λαμϐάνων
2575 762 2637 816 ιθ,
2672 760 2760 820 Ὠς
2809 757 2913 834 γὰρ
2962 756 3277 829 πέπεισμαι,
3330 755 3454 813 οὔτε
3498 755 3681 833 Ἀδὰμ
3728 782 3894 836 παρα-

2249 841 2418 917 ϐάτης
2454 849 2537 917 ἧν,
2572 848 2599 901 6
2634 847 2736 901 ὑπὸ
2774 852 2882 902 τῶν
2930 850 3027 901 τοῦ
3080 850 3212 900 Θεοῦ
3266 852 3461 923 χειρῶν
3508 850 3890 927 κυοφορηθείς’

2248 932 2371 990 οὔτε
2418 941 2538 991 Νῶε
2598 937 2825 1009 μέθυσος
2882 939 2970 1005 ἦν,
2998 937 3025 989 ὁ
3060 936 3189 1007 ὑπὲρ
3223 939 3268 973 ⁴⁰
3314 935 3489 991 πάντα
3538 937 3629 993 τὸν
3688 940 3892 1013 κόσμον

2248 1021 2455 1087 δίκαιος
2513 1025 2763 1100 εὑρεθείς
2798 1021 2921 1080 οὔτε
2970 1020 3027 1078 δὲ
3077 1018 3331 1099 Ἀϐραὰμ
3373 1027 3547 1097 τρισὶν
3603 1028 3716 1100 ἅμα
3770 1050 3897 1083 συν-

2246 1113 2331 1186 ῄει
2366 1118 2405 1151 ⁴¹
2460 1114 2719 1189 γυναιξὶν,
2762 1114 2790 1168 6
2831 1110 2920 1168 διὰ
2960 1113 3312 1191 σωφροσύνην
3357 1112 3714 1178 πολυτεκνίας
3759 1138 3896 1173 κατ-

2246 1202 2509 1272 αξιωθείς⁸
2560 1200 2680 1258 οὔτε
2737 1197 2932 1257 Ἰακὼϐ
2987 1202 3231 1279 τετράσιν
3304 1202 3601 1275 ἐκοινώνει,
3666 1207 3738 1261 ὧν
3798 1204 3895 1262 δύο

2244 1291 2333 1345 καὶ
2364 1289 2594 1369 ἀδελφαὶ
2624 1295 2670 1329 ⁴²
2703 1291 3021 1368 ἐτύγχανον,
3054 1293 3113 1353 ’ὸς
3144 1288 3370 1347 δεκαδύο
3420 1291 3605 1372 φυλῶν
3662 1295 3898 1369 ὑπάρξας

2243 1381 2423 1456 πατὴρ
2452 1381 2540 1435 καὶ
2571 1382 2670 1451 τὴν
2703 1385 2799 1435 τοῦ
2830 1378 3166 1436 Διδασκάλου
3210 1382 3371 1453 ἡμῶν
3422 1383 3718 1459 παρουσίαν
3770 1384 3899 1456 ἐσή-

2247 1491 2407 1542 μανεν
2437 1469 2632 1524 ἐλθεῖν·
2667 1469 2728 1524 οὐ
2762 1477 2999 1539 Μωΰσῆς
3030 1469 3221 1548 φονεὺς
3251 1474 3339 1539 ἦν,
3373 1471 3461 1525 καὶ
3507 1474 3653 1549 παρὰ
3700 1473 3897 1550 ἱερέως

2247 1556 2491 1613 εἰδώλων
2518 1561 2562 1594 ⁴³
2591 1558 2789 1633 κρίνειν
2827 1557 3181 1631 ὲμάνθανεν,ὁ
3212 1558 3366 1612 παντῖ
3396 1562 3487 1616 77
3520 1563 3600 1632 τῷ
3632 1560 3899 1616 αἰῶνιτὸν

2242 1651 2340 1701 τοῦ
2370 1651 2499 1701 Θεοῦ
2551 1646 2715 1720 νόμον
2770 1646 3148 1725 προφητεύσας
3177 1646 3266 1701 καὶ
3299 1643 3369 1701 δι’
3403 1647 3570 1724 ὀρθὴν
3630 1650 3892 1727 φρόνησιν

2242 1736 2431 1798 πιστὸς
2465 1736 2755 1809 οἰκονόμος
2790 1734 3171 1813 μαρτυρηθείς.

2317 1827 2454 1881 LIII.
2495 1823 2647 1893 Πλὴν
2672 1825 2761 1879 καὶ
2792 1823 2999 1879 τούτων
3034 1845 3120 1878 σοι
3151 1824 3251 1892 τὴν
3301 1822 3548 1880 ἐπίλυσιν
3604 1827 3738 1899 μετά
3782 1832 3894 1883 τῶν

2243 1913 2449 1985 ὁμοίων
2486 1913 2571 1968 ἐπὶ
2602 1918 2792 1989 καιροῦ
2821 1913 3054 1984 παρέξω.
3103 1917 3208 1967 Τοῦ
3258 1910 3316 1968 δὲ
3361 1911 3583 1981 λοιποῦ,
3616 1916 3691 1977 ὡς
3741 1917 3893 1992 ὁρᾷς,

2244 2000 2428 2071 ἐπειδὴ
2464 2001 2660 2078 ἑσπέρα
2705 2001 3051 2080 κατείληφεν,
3083 2000 3149 2055 τὰ
3205 2004 3444 2077 σήμερον
3514 2002 3738 2079 ῥηθέντα
3793 2005 3891 2059 αύ-

2240 2090 2450 2166 τάρκωι,
2502 2090 2695 2167 ἐχέτω.
2748 2088 2986 2147 ’Ἀλλοτε
3035 2087 3091 2144 δὲ
3136 2088 3179 2144 εἰ
3212 2091 3258 2126 “
3290 2090 3501 2164 βούλει,
3532 2092 3655 2167 περὶ
3696 2091 3769 2147 ὦν
3805 2093 3891 2157 θέ-

2244 2175 2381 2246 λεις,
2418 2178 2629 2255 θαρῥῶν
2686 2181 2846 2251 ἡμῶν
2904 2178 3192 2246 πυνθάνου,
3242 2179 3331 2234 καὶ
3382 2181 3548 2252 ἡμεῖς
3603 2181 3892 2257 χαίροντες

2242 2263 2449 2329 ἀόκνως
2511 2266 2861 2340 ἐπιλύσομεν.
2923 2266 3022 2321 Καὶ
3096 2270 3265 2322 ταῦτα
3339 2266 3503 2322 εἰπὼν
3582 2269 3893 2345 ἐγήγερται.

2243 2355 2341 2409 Καὶ
2392 2354 2564 2418 οὕτως
2608 2362 2815 2435 τροφῆς
2861 2350 3257 2429 μεταλαϐόντες
3306 2355 3382 2418 εἷς
3431 2355 3596 2413 ὕπνον
3657 2358 3898 2434 ἐτράπη-

2247 2464 2361 2517 μεν.
2397 2443 2723 2523 Κατειλήφει
2757 2445 2862 2521 γὰρ
2892 2447 2928 2515 ἡ
2959 2443 3069 2515 νύξ.

2880 2642 3120 2696 ΟΜΙΛΙΑ
3159 2640 3230 2696 I".

2313 2752 2354 2802 Ι.
2388 2744 2491 2801 Δύο
2525 2745 2619 2819 μὲν
2654 2743 2743 2800 οῦν
2799 2742 3127 2801 διελθουσῶν
3181 2746 3421 2822 ἡμερῶν,
3474 2746 3894 2825 ἐπιφωσκούσης

2244 2830 2300 2888 δὲ
2346 2833 2554 2907 τρίτης,
2600 2834 2736 2907 πρὸς
2773 2833 2836 2889 τὸ
2886 2831 3243 2909 διαλεχθῆναι
3283 2839 3364 2908 τῷ
3415 2836 3622 2910 Σίμωνι
3672 2836 3890 2909 ἐξυπνι-

2242 2920 2383 2983 σθεὶς
2409 2919 2517 2994 ἐγὼ
2550 2919 2787 2993 Κλήμης
2817 2919 2904 2975 καῖ
2938 2921 2990 2974 οἱ
3021 2920 3264 2983 συνόντες
3314 2922 3516 2997 ἑταῖροι
3552 2926 3596 2961 ⁶⁸
3627 2924 3729 2979 ὑπὸ
3786 2924 3886 2988 τὰς

2241 3006 2489 3085 δευτέρας
2537 3013 2643 3063 τῶν
2694 3008 3066 3084 ἀλεκτρυόνων
3108 3011 3305 3087 φωνίὶς,
3357 3010 3581 3087 εὕρομεν
3637 3014 3728 3067 τὸν
3786 3014 3883 3086 μὶν

2240 3096 2443 3172 λύχνον
2474 3095 2550 3152 ἔτι
2583 3097 2858 3175 φαίνοντα,
2888 3099 2980 3153 τὸν
3023 3095 3080 3153 δὲ
3128 3100 3331 3172 Πέτρον
3374 3098 3665 3175 γονυκλινῆ
3712 3122 3882 3178 προσ-

2241 3187 2560 3262 ευχόμενον,
2598 3186 2926 3250 Συντελὲσας
2984 3187 3075 3243 οὗν
3132 3189 3230 3257 τὴν
3288 3185 3489 3259 δέησιν,
3539 3190 3885 3269 ἐπιστραφεὶς

2237 3276 2326 3331 καὶ
2378 3274 2506 3331 ἰδὼν
2570 3278 2718 3349 ἡμᾶς
2769 3276 2905 3353 πρὸς
2959 3278 3021 3331 τὸ
3081 3277 3303 3332 ἀκοῦσαι
3355 3276 3589 3352 ἑτοίμως
3634 3278 3887 3355 ἔχοντας,

2238 3363 2359 3444 ἔφη·

2314 3461 2378 3511 II.
2416 3455 2701 3509 Γινώσκειν
2734 3455 2870 3528 ὑμᾶς
2895 3453 3060 3524 θὲλω,
3094 3454 3176 3511 ὅτι
3209 3456 3260 3510 οἱ
3290 3457 3409 3521 καθ’
3436 3454 3704 3530 ἡμετέραν
3747 3457 3888 3531 πρό-

2238 3564 2384 3597 νοιαν
2431 3543 2674 3606 συνόντες
2721 3548 2801 3615 τῷ
2854 3550 3087 3617 Σίμωνι,
3121 3543 3271 3606 ὅπως
3314 3545 3409 3606 τὰς
3464 3544 3666 3621 βουλὰς
3714 3545 3887 3601 αὐτοῦ

2244 3633 2595 3706 μανθάνοντες
2644 3627 3029 3688 ὑποϐάλλωσιν
3079 3635 3239 3706 ἡμῖν,
3276 3631 3369 3687 ’ίνα
3416 3630 3699 3706 δυνώμεθα
3746 3636 3889 3711 πρὸς

2237 3723 2333 3789 τήν
2377 3728 2475 3791 τῆς
2526 3721 2716 3784 κακίας
2767 3720 2929 3776 αὐτοῦ
2988 3718 3263 3777 ποικιλίαν
3315 3721 3672 3798 ἁρμόσασθαι,
3724 3722 3883 3779 αὐτοὶ

2237 3811 2543 3884 πέμψαντες
2571 3808 2850 3880 ἐδήλωσαν
2890 3813 3026 3883 ἡμῖν
3076 3808 3349 3885 λέγοντεςο
3386 3810 3571 3884 Σίμων
3621 3813 3885 3887 σήμερον,

2237 3901 2373 3954 καθά
2402 3899 2737 3969 συνετάξατο,
2770 3896 2993 3972 ἕτοιμός
3025 3898 3162 3954 ἐστιν
3210 3900 3314 3954 ἀπὸ
3359 3903 3467 3953 τῶν
3518 3904 3741 3976 Γραφῶν
3789 3899 3885 3955 ἐπὶ

2234 3988 2446 4043 πάντων
2508 3987 2679 4052 ἐλθὼν
2739 3986 3130 4057 ἀποδεικνύειν,
3196 3990 3270 4061 μὴ
3329 3991 3519 4043 τοῦτον
3584 3990 3679 4045 78
3742 3988 3882 4044 εἶναι

2232 4078 2358 4133 Θεὸν
2391 4078 2685 4148 ἀνώτατον,
2717 4078 2777 4139 ’ὸς
2809 4077 3029 4153 οὐρανὸν
3063 4076 3236 4132 ἔκτισε
3275 4076 3363 4131 καὶ
3415 4084 3518 4152 γῆν
3570 4078 3657 4132 καὶ
3702 4080 3884 4133 πάντα

2229 4168 2293 4222 τὰ
2322 4171 2365 4204 ⁴⁶
2395 4167 2446 4222 ἐν
2480 4166 2685 4233 αὐτοῖς,
2718 4164 2864 4220 ἀλλὰ
2894 4165 3062 4222 ἄλλον
3108 4166 3230 4222 τινὰ
3276 4163 3549 4241 ἄγνωστον
3599 4167 3687 4221 καὶ
3739 4168 3883 4221 ἀνώ-

2225 4277 2406 4327 τατον,
2467 4256 2539 4317 ὡς
2591 4254 2643 4310 ἐν
2699 4254 3033 4332 ἀπορῥήτοις
3086 4250 3213 4310 ὅντα
3264 4256 3392 4310 Θεὸν
3451 4257 3605 4310 θεῶν·
3667 4257 3725 4318 ὃς
3775 4252 3878 4311 δύο

2228 4342 2434 4419 ἔπεμψε
2464 4343 2637 4416 θεοὺς,
2670 4343 2761 4421 ἀφ’
2789 4345 2863 4398 ὧν
2896 4345 2923 4397 ὁ
2959 4344 3053 4417 μὲν
3105 4344 3179 4406 εἷς
3228 4342 3367 4398 ἐστιν
3417 4343 3445 4399 6
3494 4344 3697 4417 κόσμον
3754 4344 3877 4398 κτί-

2227 4455 2338 4505 σας,
2376 4435 2403 4488 ὁ
2436 4431 2493 4488 δὲ
2519 4430 2701 4509 ἕτερος
2732 4434 2759 4488 6
2791 4434 2879 4488 τὸν
2923 4431 3090 4505 νόμον
3144 4432 3291 4495 δούς.
3322 4432 3420 4487 Καὶ
3466 4436 3633 4487 ταῦτα
3683 4452 3878 4508 μηχα-

2226 4529 2377 4577 νᾶται
2412 4522 2610 4597 λέγειν,
2643 4521 2792 4585 ὅπως
2824 4525 2931 4576 τῶν
2959 4522 3049 4576 τὸν
3081 4519 3175 4576 ἕνα
3202 4520 3293 4576 καί
3327 4520 3491 4595 μόνον
3547 4519 3874 4595 μελλόντων

2143 4598 2187 4662 D
2221 4607 2392 4668 σέϐειν
2453 4613 2603 4680 Θεὸν,
2636 4611 2693 4673 ὃς
2750 4610 2979 4686 οὐρανὸν
3014 4609 3188 4665 ἔκτισε
3238 4608 3327 4665 καὶ
3374 4617 3498 4687 γῆν,
3548 4611 3646 4679 τήν
3702 4609 3874 4686 ὀρθήν

2216 4700 2525 4777 προεκλύσῃ
2555 4704 2596 4737 ‘7
2626 4700 2829 4756 πίστιν.

2285 4794 2581 4847 Ιιι.Ταῦτα
2611 4788 2842 4851 ἀκούσας
2874 4793 2990 4851 πῶς
3041 4788 3139 4843 ούκ
3187 4787 3245 4843 ἂν
3297 4787 3594 4861 ἠθύμησα;
3637 4787 3729 4842 Διὸ
3771 4788 3867 4843 καὶ

2215 4879 2353 4953 ὑμᾶς
2387 4881 2452 4948 ⁴⁸,
2483 4878 2609 4940 τοὺς
2641 4877 2893 4940 συνόντας
2926 4899 3019 4950 μοι
3053 4874 3346 4954 ἀδελφοὺς,
3369 4874 3565 4932 εἰδέναι
3590 4875 3862 4949 ἠθέλησα,

2211 4969 2284 5031 ὡς
2317 4967 2377 5023 ού
2414 4967 2644 5044 μετρίως
2673 4978 2770 5035 την
2803 4967 2986 5041 ψυχήν
3020 4965 3196 5041 ἀλγῶ,
3229 4965 3427 5041 ἐνορῶν
3460 4966 3547 5020 τὸν
3613 4966 3708 5038 μὲν
3757 4985 3864 5019 πο-

2208 5058 2372 5131 νηρὸν
2415 5056 2549 5128 πρὸς
2601 5053 2835 5129 δοκιμὴν
2883 5054 3181 5132 ἀνθρώπων
3231 5053 3589 5131 ἐγρηγορότα,
3621 5052 3748 5115 τοὺς
3800 5050 3865 5109 δὶ

2209 5146 2523 5222 ἀνθρώπους
2557 5150 2657 5215 τῆς
2708 5144 2909 5199 ἑαυτῶν
2967 5142 3237 5220 σωτηρίας
3297 5139 3434 5198 πάνυ
3493 5139 3861 5216 ἀμελοῦντας,

1806 5353 2044 5411 VARle
2084 5353 2504 5410 LECTIONES.

511 5509 556 5544 ³⁸
585 5507 731 5564 Vbb.
764 5507 899 5561 πάνυ
957 5503 1159 5566 καλῶς,
1196 5503 1293 5558 Καὶ
1340 5503 1368 5556 6
1414 5499 1619 5577 Πέτρος
1674 5502 1810 5557 ἀπεκ
1852 5502 1991 5558 ίνατο
2049 5506 2171 5561 des.
2215 5504 2273 5559 in
2320 5503 2383 5559 Ο.

511 5582 567 5629 θα
626 5579 759 5629 κατὰ
815 5579 987 5629 νόμου
1045 5576 1334 5629 λεγόμενα.
1411 5577 1455 5610 ⁴⁰
1486 5570 1613 5629 ἕγον
1669 5582 1732 5629 0.
1784 5523 1911 5629 \fid.
1965 5595 2145 5629 sunra
2193 5593 2243 5629 c.
2287 5576 2373 5629 46.

1836 5578 1911 5631 id.
1934 5595 2145 5649 supra
2193 5593 2245 5649 σε
2287 5576 2373 5630 46.

438 5578 567 5661 νόθα
626 5579 759 5661 κατὰ
808 5579 987 5661 ,νόμου
1045 5576 1334 5659 λεγόμενα.
1379 5570 1613 5661 ..ω’ἕχρν
1669 5582 1732 5661 0,

2462 5502 2507 5537 ³9
2556 5495 2933 5574 προλαμϐάνει
2981 5501 3045 5572 Ο,
3079 5502 3138 5558 in
3194 5503 3307 5574 cguj.
3362 5516 3547 5574 marg.
3578 5497 3631 5554 al
3669 5514 3853 5574 _man.

2452 5575 2509 5641 “A
2531 5567 2752 5629 Melius‘
2790 5580 2951 5641 συνῆν
2980 5567 3042 5630 εξ
3117 5575 3162 5608 ⁴²
3190 5567 3340 5629 Vbb.
3390 5567 3744 5628 πολυτεκνίας
3776 5601 3856 5612 —-

438 5646 665 5727 ᾀδελφαί
698 5639 1104 5708 desiderantur
1124 5639 1200 5705 'in
1233 5654 1329 5727 (_).__
1374 5647 1418 5727 “3
1448 5639 1680 5727 εἱξξῦλου
1711 5652 1767 5701 G.
1789 5714 1806 5727 λ
1841 5649 1890 5727 ξι
1923 5639 2054 5727 ἀλ-λί
2076 5647 2166 5727 ὅτε
2192 5642 2253 5727 ξδέ
2271 5652 2341 5727 _(J.
2363 5716 2397 5727 Α
2417 5646 2461 5681 ⁴⁸
2487 5639 2661 5721 ἕτεροι
2689 5650 2749 5701 C.
2824 5646 2868 5682 “
2895 5639 2961 5699 τά
2991 5646 3337 5718 transcripsi
3363 5662 3433 5701 ex
3452 5648 3512 5713 0,
3542 5641 3643 5717 qui
3674 5657 3852 5701 voca-

437 5714 880 5800 bula'éi-{vwotov
912 5742 1003 5777 και
1033 5739 1148 5780 non
1181 5718 1432 5778 exhibet.
1508 5718 1551 5753 ‘7
1583 5714 1937 5796 προσεκλύσει
1970 5721 2031 5779 C.
2107 5720 2153 5755 ⁴⁸
2182 5719 2328 5793 ἡμᾶς
2359 5716 2424 5775 Ο.
