4116 6224
226 390 333 450 113

1342 391 1867 454 CLEMENTINA.
1908 422 1983 433 —
2025 389 2355 451 HOMILIA
2405 390 2508 453 Ill.

3516 396 3631 456 114

226 524 654 599 Ἐμηχανὴσατο
712 527 817 601 γὰρ
874 530 989 586 τοῖς
1045 526 1150 580 ἀπὸ
1208 524 1373 580 ἐθνῶν
1437 523 1703 597 μέλλουσι
1756 523 1876 598 περὶ

1995 523 2323 581 Gentilibus
2352 527 2528 592 enim,
2566 528 2664 599 qui
2695 532 2928 584 terrena
2980 527 3298 586 simulacra
3353 530 3631 586 credituri

224 617 322 667 τῶν
350 612 613 687 ἰπιγείων
666 615 867 685 ξοάνων
917 615 1189 669 πείθεσθαῖ
1241 618 1286 651 ⁸³
1335 614 1419 669 ὅτι
1467 613 1565 669 οὐκ
1612 612 1713 668 εἶσὶ
1742 611 1875 683 θεοὶ,

227 701 410 775 ἑτέρων
466 702 707 758 πολλῶν
761 705 892 758 Θεῶν
950 701 1105 776 δόξας
1163 704 1476 780 εἰσενεγκεῖν
1506 749 1519 770 ,
1580 703 1727 764 ὅπως
1788 701 1873 756 ἐὰν

226 790 530 846 παύσωνται
590 799 696 861 τῆς
753 794 903 846 κάτω
954 795 998 829 ⁵ο
1051 791 1523 864 πολυθεομανίας,
1585 793 1780 865 ὲτέρως
1838 792 1873 859 ἢ

224 880 301 933 καὶ
332 886 528 955 χεῖρον
564 881 702 935 κατὰ
734 883 833 950 τῆς
878 886 976 936 τοῦ
1022 886 1155 937 Θεοῦ
1191 882 1491 958 μοναρχίας
1526 879 1702 955 λέγειν
1740 881 1874 934 ἀπα-

221 970 569 1039 τηθήσονται·
599 968 695 1024 ’ἱνα
727 967 1003 1042 μηδέποτε
1030 972 1097 1024 τὰ
1138 978 1238 1039 τῆς
1274 970 1573 1045 μονιρχίας
1607 970 1875 1045 προτιμήο

220 1078 391 1119 σαντες
445 1059 750 1113 οὐπώποτε
801 1058 987 1120 ἐλέους
1035 1065 1221 1134 τυχεῖν
1273 1057 1611 1129 δυνηθῶσιν.
1667 1057 1875 1126 Ταύτης

220 1144 269 1201 ἃ
294 1154 394 1216 τῆς
424 1146 657 1220 τόλμης
687 1146 844 1203 ἕνεκα
873 1149 902 1202 ὁ
936 1147 1124 1221 Σίμων
1171 1154 1289 1209 ταῖς
1337 1145 1553 1221 ψευδέσι
1599 1152 1707 1201 τῶν
1739 1153 1872 1220 Γρα-

218 1241 320 1313 ea"
356 1242 697 1312 περικοπαῖς
747 1236 1096 1310 ὡπλισμένος
1142 1236 1406 1310 πολεμεῖν
1457 1239 1591 1309 ἡμῖν
1642 1236 1871 1311 προσὲρ-

216 1343 384 1399 χεται.
419 1324 529 1379 Καὶ
558 1326 627 1380 τὸ
659 1321 984 1401 δεινότερον,
1018 1325 1099 1381 δτι
1134 1326 1221 1403 ἀφ’
1252 1323 1325 1379 ὧν
1355 1325 1415 1380 ού
1461 1328 1502 1362 ¹¹
1556 1325 1873 1380 πεπίστευκε

216 1419 512 1490 προφητῶν
569 1419 796 1470 τοιαῦτα
842 1412 1186 1491 δογματίζειν
1232 1415 1367 1469 κατὰ
1392 1419 1489 1469 τοῦ
1537 1410 1707 1476 ὅντως
1739 1418 1872 1469 Θεοῦ

219 1503 272 1557 εὖ
301 1498 644 1581 πεφόϐηται.

281 1593 375 1649 ιν.
413 1592 517 1646 Καὶ
565 1594 703 1665 ἡμῖν
754 1590 851 1665 μὶν
896 1596 1016 1654 τοῖς
1065 1592 1123 1648 ὲκ
1170 1591 1456 1667 προγόνων
1505 1589 1870 1666 παρειληφόσι

216 1680 293 1733 τὸν
324 1680 399 1733 τὲ
446 1678 629 1734 πάντα
674 1678 929 1735 κτίσαντα
984 1683 1079 1737 79
1128 1675 1302 1735 σέϐειν
1353 1681 1503 1752 Θεὸν,
1558 1678 1635 1734 ἔτι
1682 1677 1739 1734 δὲ
1780 1678 1870 1733 καὶ

213 1774 312 1823 τῶν
390 1768 606 1839 ἀπατᾷν
696 1766 1005 1841 δυναμένων
1089 1767 1297 1845 βίϐλων
1375 1771 1437 1824 τὸ
1524 1771 1817 1844 μυστήριον
1852 1814 1868 1840 ,

213 1855 362 1912 οὐδὲν
417 1855 750 1928 δυνήσεται,
794 1864 913 1920 τοῖς
965 1855 1022 1913 δὲ
1073 1859 1177 1913 ἀπὸ
1227 1857 1406 1928 ἐθνῶν,
1455 1864 1553 1925 τὴν
1605 1857 1869 1912 πολύθεον

214 1944 494 2020 ὂπόληψιν
548 1945 845 2022 σύντροφον
899 1944 1117 2021 ἔχουσιν
1153 1989 1167 2013 ,
1217 1946 1307 2000 καὶ
1355 1950 1461 1999 τῶν
1526 1950 1747 2023 Γραφῶν
1809 1945 1874 2000 τὰ

208 2033 385 2108 ψευδῆ
418 2038 524 2089 οὐκ
552 2032 771 2103 εἰδόσιν,
803 2032 950 2089 πολὺ
1000 2032 1300 2105 δυνήσεταιο
1354 2034 1420 2088 ού
1474 2034 1638 2106 μένον
1689 2034 1871 2106 αὐτὸς,

210 2122 331 2179 ἀλλ’
365 2124 413 2177 εἰ
441 2123 541 2177 καὶ
590 2122 762 2185 ἄλλος
792 2144 877 2185 τις
925 2129 1041 2185 τοῖς
1092 2123 1198 2177 ἀπὸ
1229 2122 1397 2177 ἐθνῶν
1448 2124 1583 2177 κατά
1612 2128 1708 2177 τοῦ
1740 2127 1874 2177 Θεοῦ

209 2214 364 2267 κενόν
395 2215 444 2249 ⁸²
474 2232 599 2266 τινα
647 2212 839 2283 ὅμοιον
893 2211 1109 2287 ὀνείρῳ,
1141 2211 1421 2273 πλουσίως
1460 2214 1872 2284 κεκοσμημένον

213 2302 562 2377 {qn-{imm
617 2304 809 2373 μῦθον,
860 2303 1293 2371 πιστευθήσεται,
1321 2299 1402 2373 τῷ
1434 2300 1494 2355 ὲκ
1540 2298 1748 2354 παίδων
1779 2300 1871 2355 τὸν

212 2395 334 2444 νοῦν
387 2390 571 2445 αὐτῶν
620 2390 689 2444 τὰ
732 2391 870 2444 κατὰ
933 2395 1029 2445 τοῦ
1087 2394 1221 2445 Θεοῦ
1280 2389 1552 2463 λεγόμενα
1603 2388 1875 2458 ἐθισθῆναι

215 2474 522 2551 λαμϐάνειν
552 2482 621 2535 ⁵³.
656 2480 884 2533 Σπάνιοι
933 2476 990 2534 δέ
1034 2499 1175 2539 τινες
1225 2478 1277 2532 οἱ
1310 2479 1404 2550 μὲν
1438 2478 1610 2532 αὐτῶν
1644 2476 1873 2549 ἔσονται,

224 2568 294 2628 ὡς
325 2568 386 2622 ἰκ
424 2567 684 2637 πλήθους
734 2565 941 2643 ὀλίγοι,
992 2565 1187 2629 οἵτινες
1236 2564 1306 2621 δι’
1353 2566 1771 2642 εὐγνωμοσύνην
1815 2567 1877 2622 οὗ

228 2656 522 2726 θελήσουσι
568 2658 706 2711 κατὰ
750 2660 847 2713 τοῦ
894 2658 960 2710 τὰ
988 2658 1162 2712 πάντα
1206 2656 1484 2718 κτίσαντος
1535 2660 1667 2711 Θεοῦ
1712 2656 1875 2712 κακὸν

233 2745 380 2820 λόγον
444 2746 583 2800 αὐτὸ
620 2747 665 2782 ⁶⁴
709 2745 804 2799 κᾶν
858 2745 1081 2801 ἀκοῦσαι
1144 2740 1329 2817 μόνον·
1391 2747 1471 2807 οἷς
1526 2744 1713 2818 μόνοις
1773 2746 1878 2800 ἀπὸ

233 2834 383 2889 ἐθνῶν
446 2833 573 2889 οῦσι
624 2842 863 2903 σωθῆναι
912 2836 1219 2909 γενήσεται.
1272 2835 1360 2903 Μὴ
1411 2831 1503 2889 οῦν
1549 2836 1683 2906 ἡμῖν
1714 2837 1758 2870 ⁵⁵
1792 2856 1876 2897 τις

228 2925 307 2976 τὸν
337 2925 575 2996 Σίμωνα
623 2921 904 2985 παντελῶς
962 2922 1278 3000 μεμφέσθω,
1311 2924 1345 2992 ἢ
1396 2922 1485 2977 καὶ
1538 2921 1708 2977 ἄλλον
1738 2926 1875 2977 uva"

224 3010 370 3066 οὐδὲν
398 3014 510 3086 γὰρ
560 3009 762 3073 ἀδίκως
815 3012 1039 3087 γίνεται,
1086 3011 1223 3067 ὅπου
1270 3011 1360 3066 καὶ
1409 3011 1475 3065 τὰ
1501 3016 1608 3066 τῶν
1652 3016 1876 3090 Γραφῶν

220 3099 388 3172 ψευδῆ
420 3099 678 3175 εὐλόγως
712 3101 850 3177 πρὸς
882 3098 1116 3172 δοκιμήν
1150 3098 1353 3176 ἔχοντα
1381 3102 1661 3175 τυγχάνει.

289 3190 353 3245 ν.
384 3189 553 3263 Κάγὼ
586 3187 827 3261 Κλήμης
881 3188 1112 3251 ἀκούσας
1158 3186 1310 3265 ἔφην’
1364 3194 1488 3251 Πῶς
1540 3189 1740 3263 λέγεις,
1788 3186 1878 3243 κύ-

216 3298 317 3351 ριε,
348 3280 444 3332 καὶ
475 3251 545 3332 τὰ
574 3251 944 3354 xciv-ipsapch
974 3275 1144 3351 ψευδῆ
1181 3251 1428 3351 εὐλόγως
1458 3279 1593 3353 πρὸς
1618 3251 1873 3351 ’δοκιμὴν
1908 3251 1951 3319 C

216 3366 527 3441 ἀνθρώπων
562 3364 711 3441 ἔχειν
738 3385 752 3435 ;
786 3367 846 3423 Ὀ
878 3363 936 3421 δὶ
963 3366 1307 3441 ἀπεκρίνατο.
1331 3367 1404 3421 Τὰ
1423 3365 1593 3441 ψευδῆ
1624 3372 1729 3422 τῶν
1750 3373 1882 3443 Γρα-

216 3462 329 3533 ea»
393 3456 666 3528 aitrfpan
733 3454 922 3517 κακίας
979 3452 1173 3527 δικαίῳ
1230 3454 1338 3510 τινὶ
1398 3454 1552 3531 λόγῳ
1608 3463 1879 3534 γραφῆναι

215 3547 613 3621 συνεχωρήθη.
674 3543 937 3618 Εύλόγως
995 3541 1053 3598 δὲ
1102 3547 1147 3581 ⁵⁸
1194 3542 1345 3619 λέγω
1394 3545 1594 3607 οὕτως.
1637 3546 1720 3599 Ἐν
1762 3551 1879 3607 ταῖς

217 3634 537 3707 θεολογίαις
570 3635 602 3688 ὁ
630 3633 872 3708 πονηρὸς
912 3636 1008 3687 τοῦ
1055 3632 1257 3707 ἀγαθοῦ
1287 3633 1377 3687 τὸν
1428 3634 1555 3688 Θεὸν
1598 3633 1697 3689 ούκ
1725 3630 1881 3689 ἔλατ-

216 3744 305 3777 τον
357 3724 599 3798 ἀγαπῶν
648 3721 727 3777 ἑνὶ
779 3721 931 3793 μόνῳ
980 3720 1334 3776 ἀπολείπεται
1383 3727 1479 3777 τοῦ
1526 3724 1749 3799 ἀγαθοῦ,
1798 3722 1883 3778 ὅτι

219 3814 304 3865 αἱ
352 3817 468 3865 τῶν
514 3810 735 3885 ἀγνοίας
784 3809 932 3881 αἰτίᾳ
978 3804 1314 3865 ἀσεϐούντων
1366 3809 1427 3864 ού
1476 3812 1882 3886 συγγινώσκων,

218 3905 421 3976 στοργῇ
474 3904 547 3972 τῇ
598 3900 737 3974 πρὸς
783 3899 847 3954 τὸ
890 3894 1283 3972 ἀσεϐούμενον,
1334 3900 1436 3957 80
1472 3904 1580 3954 τῶν
1631 3896 1883 3955 ἀσεϐούν-

212 4010 319 4045 των
374 3989 646 4061 ἰπιθυμεῖ
694 3990 787 4043 τὸν
831 3985 1076 4063 ὄλεθρον,
1126 3989 1156 4043 ὁ
1204 3985 1262 4043 δὲ
1290 3990 1332 4025 ⁵⁷
1374 3990 1473 4058 τήν
1519 3986 1657 4043 ἷάσιν
1698 3992 1883 4051 αὐτοῖς

212 4078 574 4157 προσφέρειν.
606 4078 669 4135 Ὀ
700 4078 803 4152 γὰρ
835 4076 1030 4153 ἀγαθὸς
1074 4077 1253 4141 ἰᾶσθαι
1290 4079 1491 4140 πάντας
1521 4076 1664 4132 θέλει
1695 4080 1738 4114 ⁸⁸
1768 4084 1884 4140 ταῖς

217 4167 651 4241 μιταμελείαις,
702 4166 861 4235 σώζει
912 4163 970 4221 δὲ
1021 4166 1220 4239 μόνους
1267 4165 1394 4228 τοὺς
1442 4166 1742 4243 ἐγνωκότας
1788 4168 1881 4222 τὸν

213 4258 362 4312 Θεόνο
396 4257 534 4317 τοὺς
571 4252 629 4310 δὲ
658 4254 989 4329 ἀγνοοῦντας
1022 4254 1122 4310 οὐκ
1171 4254 1335 4323 ἰᾶται,
1370 4254 1477 4331 ούχ
1507 4253 1592 4310 ὅτι
1622 4255 1684 4310 οὐ
1715 4254 1880 4328 θέλει,

217 4345 338 4400 ἀλλ’
371 4347 462 4401 δτι
497 4344 604 4399 οῦκ
642 4342 840 4414 ἔξεστιν
888 4343 955 4399 τὰ
1001 4342 1381 4416 ἡτοιμασμένα
1427 4350 1547 4406 τοῖς
1595 4345 1735 4407 υἱοῖς
1780 4352 1883 4414 τῆς

218 4433 501 4507 βασιλείας
536 4432 713 4508 ἀγαθᾶ
738 4437 857 4494 τοῖς
887 4429 976 4486 διὰ
1000 4432 1064 4486 τὸ
1096 4430 1405 4509 ἀδιάκριτον
1453 4431 1680 4507 ἀλόγοις
1718 4434 1883 4503 ζώοις

213 4524 633 4598 παρεικασθεῖσι
663 4526 984 4597 παρασχεῖν.

282 4702 385 4757 VI.
421 4702 533 4753 Τοῦ
564 4698 678 4759 ἑνὸς
706 4697 797 4752 καὶ
847 4696 1016 4770 μόνου
1065 4700 1220 4770 Θεοῦ,
1250 4702 1348 4752 τοῦ
1391 4698 1484 4752 τὸν
1528 4696 1734 4771 κόσμον
1779 4720 1874 4754 πε-

212 4789 529 4858 ποιηκότος
578 4785 668 4841 καὶ
716 4788 866 4858 ἡμᾶς
914 4787 1195 4849 κτίσαντος
1242 4788 1330 4841 καὶ
1382 4785 1556 4842 πάντα
1600 4807 1881 4864 παρεσχη-

209 4877 406 4945 κότος,
458 4873 690 4944 τοιαύτη
738 4874 972 4951 πέφυκεν
1018 4874 1199 4953 φύσις,
1247 4877 1445 4938 παντὸς
1496 4872 1606 4946 ἤδη
1656 4876 1788 4930 ποτὶ
1834 4880 1879 4914 ³⁹

210 4964 370 5027 ἐντὸς
406 4964 556 5037 ὅρων
586 4958 889 5026 θεοσεϐείας
932 4958 1111 5033 ὄντος,
1161 4964 1251 5019 καὶ
1304 4965 1380 5037 μή
1418 4962 1877 5039 βλασφημοῦντος

207 5056 387 5109 αὑτοῦ
435 5054 504 5108 τὸ
554 5054 702 5129 ἅγιον
747 5057 985 5126 Πνεῦμα,
1033 5056 1234 5129 στοργῇ
1293 5052 1362 5127 τῇ
1412 5052 1547 5129 πρὸς
1594 5053 1752 5108 αὐτὸν
1801 5054 1876 5117 εἷς

1988 619 2154 668 erant
2185 633 2297 669 non
2330 632 2458 671 esse
2484 618 2643 684 deos,
2691 619 3064 674 machinatus
3112 625 3201 675 est
3260 621 3627 675 introducere
3658 619 3662 623 ’

1986 702 2289 774 opiniones
2329 706 2397 761 de
2448 707 2648 760 multis
2698 707 2831 761 aliis
2881 707 3039 773 diis;
3076 712 3140 761 ut
3184 708 3231 761 si
3286 727 3319 763 a
3363 708 3625 763 terrestri

1988 792 2302 847 multorum
2337 795 2577 849 deorum
2600 802 2899 850 cessarent
2932 796 3299 855 insania.alia
3331 797 3413 852 vel
3448 797 3627 867 pejori

1986 880 2188 935 fraude
2212 889 2413 936 contra
2450 884 2539 938 Dei
2579 884 2977 938 monarchiam
3029 902 3095 939 ac
3145 888 3423 940 unitatem
3470 887 3627 956 loqui

1984 970 2489 1040 compellerentur,
2524 989 2614 1039 ne,
2644 973 2969 1028 doctrinam
3016 975 3087 1027 de
3136 991 3248 1027 uno
3301 975 3627 1045 principatu

1985 1059 2221 1113 maximi
2256 1062 2821 1132 facientes,unquam
2852 1062 3076 1133 possint
3105 1064 3625 1133 consequimiseri-

1982 1148 2261 1202 cordiam.
2300 1148 2415 1203 Hoc
2448 1149 2519 1204 ob
2552 1150 2742 1204 audax
2774 1150 3003 1206 facinus
3035 1150 3232 1205 Simon
3275 1151 3438 1206 falsis
3472 1151 3625 1206 Scri-

1982 1241 2286 1307 pturarum
2320 1238 2675 1293 sectionibus
2708 1246 2971 1294 armatus
3006 1240 3163 1295 venit
3193 1241 3263 1294 ad
3297 1257 3403 1296 nos
3434 1256 3647 1313 oppu-‘

1982 1326 2270 1397 gnandos.
2302 1327 2585 1397 Quodque
2615 1328 3032 1399 gravissimum
3061 1333 3171 1394 est,
3204 1329 3315 1385 ista
3344 1330 3627 1385 adversus

1982 1413 2166 1469 Deum
2196 1431 2396 1469 verum
2428 1432 2497 1470 ex
2527 1416 2848 1487 prophetis,
2882 1418 3098 1489 quibus
3126 1423 3320 1473 tamen
3354 1435 3467 1473 non
3502 1435 3630 1473 cre-

1982 1502 2084 1568 dit,
2121 1503 2326 1559 docere
2354 1521 2468 1559 non
2500 1510 2750 1559 veretur.

2054 1590 2147 1645 IV.
2182 1595 2248 1646 Et
2274 1592 2509 1663 quidem
2544 1594 2853 1649 adversum
2887 1612 3013 1665 nos,
3064 1595 3164 1666 qui
3208 1613 3242 1650 a
3305 1596 3628 1667 majoribus

1980 1678 2204 1734 cultum
2236 1681 2499 1736 omnium
2534 1682 2853 1738 conditoris
2876 1683 2975 1738 Dei
3010 1685 3345 1755 accepimus
3374 1701 3477 1740 nec
3508 1702 3620 1741 non

1980 1766 2413 1838 Scripturarum
2448 1771 2713 1842 decipere
2742 1772 3059 1827 valentium
3086 1773 3452 1845 mysterium,
3480 1774 3625 1830 nihil

1906 1890 1950 1954 Β
1983 1856 2191 1954 poterit
2224 1874 2236 1910 :
2272 1864 2474 1913 contra
2501 1876 2633 1915 vero
2665 1860 2997 1929 gentiles,in
3033 1861 3350 1916 multorum
3376 1864 3622 1918 deorum

1984 1945 2257 2016 opinione
2291 1948 2565 2015 nutritos,
2599 1949 3054 2021 ignorantesque
3101 1952 3410 2022 Scriptura:
3464 1969 3626 2007 men-

1984 2034 2169 2100 dacia,
2203 2034 2417 2090 valebit
2448 2036 2769 2107 plurimum
2806 2056 2818 2093 :
2856 2056 2967 2093 non
3002 2039 3174 2093 modo
3206 2039 3457 2109 ipse,sed
3490 2046 3547 2095 et
3576 2042 3625 2097 si

1985 2125 2118 2191 quis
2152 2122 2299 2177 alius
2330 2125 2578 2180 ethnicis
2609 2143 2813 2180 vanam
2850 2127 3109 2198 aliquam
3141 2127 3200 2181 in
3242 2127 3425 2182 Deum
3458 2129 3623 2184 fabu-

1984 2208 2124 2279 lam,
2157 2212 2411 2267 similem
2442 2215 2671 2269 somnio
2702 2215 3130 2287 cpulenterque
3162 2222 3425 2271 ornatam
3458 2234 3625 2273 enar-

1985 2300 2493 2366 raverit,credetur
2524 2320 2538 2369 ;
2572 2303 2727 2373 quod
2762 2320 2795 2357 a
2828 2303 3076 2375 pueritia
3107 2322 3273 2359 mens
3296 2322 3495 2361 eorum
3528 2324 3625 2363 so-

1986 2392 2090 2448 lita
2120 2396 2209 2445 est
2238 2407 2540 2446 sermones
2570 2393 2850 2447 adversus
2890 2393 3072 2448 Deum
3133 2394 3449 2465 suscipere.
3492 2397 3624 2451 Rari

1988 2485 2181 2536 autem
2215 2478 2363 2533 inter
2393 2497 2491 2535 eos
2521 2486 2716 2550 erunt,
2749 2486 2813 2535 ut
2844 2498 2873 2536 e
2904 2481 3282 2537 multitudine
3316 2484 3503 2555 pauci,
3528 2486 3627 2557 qui

1987 2569 2060 2623 ob
2093 2584 2323 2639 aequum
2357 2569 2618 2623 animum
2652 2568 2848 2624 nolent
2871 2570 3025 2624 malo
3050 2570 3109 2624 in
3142 2571 3401 2627 omnium
3434 2574 3628 2628 condi-

1985 2660 2170 2712 torem
2204 2662 2385 2712 Deum
2416 2657 2672 2713 sermoni
2702 2658 2789 2714 vel
2819 2675 3019 2714 aurem
3051 2660 3623 2733 duntaxatpresbere;

1986 2746 2202 2817 quibus
2222 2746 2364 2801 solis
2393 2746 2649 2801 ethnicis
2680 2747 2889 2802 salvari
2912 2748 3225 2819 continget.
3250 2750 3428 2805 Nemo
3450 2752 3629 2822 igitur

1988 2834 2157 2889 nobis
2188 2835 2258 2888 de
2288 2835 2521 2890 Simone
2553 2836 2785 2906 penitus
2815 2843 3228 2907 conqueratur,
3264 2839 3350 2893 vel
3382 2840 3453 2894 de
3484 2857 3630 2911 quo-

1987 2938 2163 2994 quam
2190 2922 2321 2977 alio.
2347 2923 2500 2977 Nihil
2532 2925 2686 2978 enim
2718 2924 2936 2993 injuste
2974 2925 3183 2980 accidit
3210 2944 3223 2991 ;
3258 2929 3632 2999 quandoqui-

1988 3011 2121 3065 dem
2152 3015 2209 3065 et
2236 3013 2663 3082 Scripturarum
2697 3012 3003 3068 mendacia
3024 3016 3158 3084 jure
3187 3016 3259 3070 ad
3320 3015 3631 3073 hominum

1988 3099 2393 3171 probationem
2428 3101 2616 3172 posita
2640 3106 2803 3156 sunt.

2061 3189 2128 3245 V.
2163 3190 2284 3253 Quo
2315 3190 2514 3245 audito
2550 3207 2655 3263 ego
2704 3190 2971 3247 Clemens
3031 3191 3150 3247 dixi
3184 3208 3198 3247 :
3232 3193 3355 3257 Qua
3390 3193 3632 3264 ratione,

1992 3278 2098 3347 ais,
2133 3279 2388 3349 domine,
2421 3284 2479 3334 et
2507 3281 2936 3351 Scripturarum
2985 3281 3297 3337 mendacia
3326 3283 3529 3338 merito
3560 3284 3634 3339 ad

1991 3367 2299 3422 hominum
2342 3368 2741 3439 probationem
2774 3369 2959 3440 posita
2989 3368 3171 3425 fuisse
3193 3369 3220 3424 ‘I
3252 3370 3353 3425 Ille
3384 3387 3518 3426 vero
3545 3387 3635 3426 re-

1992 3456 2569 3512 saonditzhdendacia
2599 3457 3138 3528 Scripturarum,ex
3169 3458 3405 3514 malitiae
3437 3465 3639 3530 postu-

1993 3545 2231 3615 latione,
2258 3548 2419 3616 justa
2449 3546 2671 3600 ratione
2700 3546 2987 3617 permissa
3035 3552 3174 3601 sunt
3200 3548 3399 3602 scribi.
3438 3548 3637 3605 Merito

1993 3643 2188 3693 autem
2211 3636 2340 3690 dico
2367 3634 2470 3689 sic.
2504 3636 2564 3688 In
2599 3633 2889 3706 theologia
2917 3640 2975 3689 et
3000 3635 3278 3706 religione
3300 3636 3637 3706 malus,non

1994 3728 2193 3782 minus
2223 3724 2475 3795 diligens
2509 3725 2686 3778 Deum
2718 3740 2896 3794 quam
2930 3725 3194 3779 bonusin
3224 3742 3339 3779 uno
3362 3730 3641 3781 tantuma

1994 3818 2146 3873 bono
2182 3818 2510 3884 superatur,
2543 3811 2696 3881 quod
2734 3811 2939 3865 nolens
2998 3828 3233 3883 parcere
3293 3812 3387 3882 iis,
3439 3814 3537 3884 qui
3572 3831 3641 3869 ex

1994 3901 2327 3978 ignorantia
2358 3900 2522 3971 impii
2554 3904 2919 3968 sunt,amore
2950 3900 3009 3954 in
3041 3899 3183 3954 illud
3217 3902 3371 3972 quod
3402 3919 3514 3957 non
3546 3918 3641 3956 co-

1991 3989 2650 4061 litur,irreligiosorum
2707 3989 3001 4044 desiderat
3057 3989 3386 4058 interitum,
3448 3990 3640 4045 bonus

1990 4099 2123 4139 vero
2156 4080 2300 4151 ipsis
2334 4079 2539 4133 otl‘erre
2559 4076 3039 4132 sanitatem.Vu1t
3069 4077 3225 4133 enim
3248 4084 3491 4135 cunctos
3515 4096 3640 4150 pce-

1994 4170 2238 4227 nitentia
2268 4182 2504 4223 sanare:
2537 4170 2727 4220 servat
2744 4171 2939 4221 autem
2960 4183 3059 4221 eos
3082 4170 3312 4221 tantum
3333 4167 3429 4238 qui
3454 4172 3637 4222 Deum

1994 4259 2487 4331 cognoscunt;at
2532 4271 2633 4309 eos
2686 4255 2786 4326 qui
2845 4270 2981 4310 eum
3039 4254 3313 4326 ignorant
3370 4273 3485 4311 non
3544 4273 3640 4311 sa-

1993 4352 2114 4413 nat,
2143 4363 2257 4402 non
2290 4345 2446 4416 quod
2480 4341 2645 4408 nolit,
2675 4343 2778 4398 sed
2809 4344 2950 4413 quia
2980 4360 3091 4398 non
3128 4342 3259 4399 licet
3291 4344 3444 4399 bona
3501 4344 3640 4400 filiis

1992 4436 2157 4508 regni
2189 4436 2512 4507 praeparata
2534 4432 2792 4486 tribuere
2821 4430 3293 4503 hominibus,qui
3319 4433 3392 4487 ob
3422 4432 3639 4487 discre-

1992 4526 2172 4581 tionis
2203 4521 2587 4595 privationem
2620 4519 2931 4575 assimilati
2964 4526 3105 4575 sunt
3152 4519 3341 4575 brutis
3370 4520 3637 4575 animan-

1914 4617 1958 4682 D
1994 4616 2171 4670 tibus.

2058 4702 2154 4757 VI.
2188 4699 2373 4756 Unius
2403 4714 2469 4752 ac
2530 4696 2712 4752 solius
2768 4696 2889 4763 Dei,
2956 4696 3056 4768 qui
3092 4696 3381 4751 mundum
3412 4696 3551 4752 fecit
3580 4702 3639 4752 et

1971 4808 2095 4847 suos
2127 4787 2340 4845 creavit
2371 4791 2428 4841 et
2456 4785 2656 4840 omnia
2703 4784 2974 4855 praabuit,
3023 4800 3092 4839 ea
3144 4790 3353 4839 natura
3410 4788 3518 4852 est,
3576 4791 3638 4841 ut

1987 4880 2246 4935 animam
2278 4874 2591 4946 cujuslibet
2621 4874 2774 4927 intra
2805 4872 3038 4945 pietatis
3095 4871 3314 4928 limites
3375 4874 3546 4945 positi
3583 4878 3641 4929 et

1988 4973 2258 5025 sanctum
2271 4965 2397 5035 ejus
2408 4962 2685 5033 Spiritum
2705 4978 2820 5017 non
2840 4960 3405 5033 blasphemantis,ad
3421 4962 3643 5029 se,cha-

1986 5057 2158 5113 ritate
2189 5070 2327 5126 erga
2357 5053 2513 5107 hunc
2545 5050 2868 5121 hominem,
2895 5050 3278 5123 adducat,per
3307 5054 3636 5123 respectum

1592 5188 1833 5245 VARIIE
1874 5188 2282 5247 LECTIONES.

278 5289 331 5323 ⁸³
362 5285 793 5369 πείσθξσθαισρ.
824 5282 1236 5369 ,ω’κάτωιιιοιι
1288 5286 1556 5369 omittere,
1598 5285 1966 5369 debebat_S._
2004 5286 2262 5369 Subinde
2425 5279 2916 5369 πολυθεουμοξνίαξ.
2967 5282 3027 5369 ⁸¹¹
3057 5278 3119 5334 οὐ
3156 5298 3283 5369 ‘non
3332 5287 3421 5365 est
3462 5281 3523 5369 in

201 5360 253 5395 ⁸³
286 5357 483 5411 καινόν
520 5356 587 5443 ρ,
618 5358 717 5429 qui
749 5356 957 5412 deinde
989 5354 1181 5443 ὀνείρω
1295 5357 1471 5443 Β;.(ἰξν
1502 5353 1630 5443 Upis
1661 5357 1877 5443 Cl).‘se_ri
1922 5361 2119 5413 statim
2152 5353 2402 5443 πλουοσίω
2435 5350 2713 5443 (πλουσίω
2734 5350 3106 5443 0,.εέιτλουσίωιξ

202 5422 654 5502 imi-1005101.
676 5446 731 5501 p.
763 5422 1174 5500 κεκοσμημένον
1222 5429 1287 5486 O.
1338 5422 1515 5484 “'Ita
1552 5422 1606 5483 Ὀ
1656 5422 1781 5483 etC.
1834 5432 1889 5483 in
1945 5449 2127 5502 marg.
2164 5422 2519 5497 λαμδῑὶνειὶη
2572 5429 2745 5479 textu.
2797 5424 2842 5459 5‘
2882 5422 3012 5478 αὐτό
3066 5424 3105 5480 C
3156 5422 3377 5479 mutari
3417 5424 3539 5477 vult
3575 5422 3634 5477 in

202 5502 386 5556 αὐτόν
434 5500 527 5555 vel
571 5497 747 5554 αὐτοί.
795 5501 1052 5555 Frustra.
1102 5501 1214 5555 Cfr.
1268 5501 1423 5555 hom.
1462 5517 1546 5563 ιιι,
1578 5500 1613 5552 9
1643 5500 1700 5553 S.
1735 5500 1779 5534 ⁵⁸
1827 5499 1979 5564 ὑμῶν
2027 5503 2084 5557 C.
2137 5502 2182 5536 ⁵⁸
2213 5496 2269 5553 δὲ
2299 5516 2413 5553 om.
2464 5501 2525 5551 0.
2561 5496 2604 5529 ⁸⁷
2655 5491 2779 5547 οὐδὲ
2830 5513 2884 5564 p.
2920 5495 2947 5548 ὁ
2980 5492 3038 5548 δὲ
3086 5496 3151 5551 Ο.
3202 5496 3350 5564 Tum
3396 5493 3629 5564 προσφέ-

202 5499 527 5556 αὐτόννει
571 5499 747 5554 αὐτοί.
795 5501 1052 5555 Frustra.
1102 5501 1214 5555 Cfr.
1268 5501 1423 5555 hom.
1462 5517 1546 5563 ιιι,
1578 5500 1613 5552 9
1643 5500 1700 5553 S.
1735 5500 1779 5534 ⁵⁸
1827 5499 1979 5571 ὑμῶν
2027 5499 2100 5557 Cf
2137 5502 2182 5536 ⁵⁸
2213 5499 2269 5553 δὲ
2299 5516 2413 5553 om.
2464 5501 2525 5551 0.
2561 5499 2604 5529 ⁸⁷
2655 5499 2779 5547 οὐδὲ
2830 5513 2884 5566 p.
2920 5499 2947 5548 ὁ
2980 5499 3038 5548 δὲ
3086 5499 3166 5577 Ο.⁸
3202 5499 3350 5549 Tum
3396 5499 3627 5569 προσφέ-

204 5592 329 5659 είειν
360 5589 464 5659 3°.-
503 5569 759 5659 ἐπιθυιιεῖ
786 5571 968 5659 β».ο-,
998 5579 1066 5659 υρ
1110 5572 1428 5659 τεροσφξρίεθν
1469 5573 1542 5659 ,ου
1565 5570 1650 5659 ,ο-
1683 5569 1738 5659 ⁸⁸,
1775 5570 1921 5632 θέλει
1969 5571 2169 5632 πάντας
2202 5574 2297 5659 ,οι
2337 5571 2383 5605 ⁸⁸
2432 5573 2512 5659 με
2532 5567 2621 5659 ἓν
2641 5562 3531 5659 $93-11,”.9°?:!-._“.§:if?‘:x
3552 5567 3627 5659 fi-

202 5634 276 5703 b.
310 5639 627 5729 05.3fjx0‘u.
659 5634 920 5770 suaiﬁdo
950 5634 1097 5698 ἆντὸς
1127 5634 1276 5718 ὅρων
1298 5634 1343 5700 Ο
1372 5645 1433 5699 in
1467 5634 1643 5708 teXtu,
1671 5641 1743 5697 ad
1774 5659 1935 5699 oram
1969 5661 2126 5701 man.
2161 5644 2236 5699 al.
2276 5640 2402 5700 ἴσως
2429 5634 2603 5698 ἐκτός.
2640 5638 2681 5692 C
2711 5634 2893 5694 edidit
2922 5636 3071 5697 ἐντὸς
3118 5636 3251 5709 ὅρῳ.
3285 5638 3431 5691 Tum
3474 5634 3635 5708 βλασ-

208 5734 540 5770 ωαουντος
571 5731 690 5770 σοι’.

208 5734 540 5792 εῨυμοιιντος
571 5731 690 5771 scr.
