4116 6224
271 413 385 472 H7

1412 416 1943 479 CLEMENTINA.
1965 450 2042 460 —
2072 417 2403 478 HOMILIA
2447 417 2553 478 Ill.

3574 422 3686 484 118

271 544 568 621 ἀνθρώπων
647 548 876 623 στοργή.
931 546 1108 612 Εἲδὼς
1158 546 1215 605 δὲ
1271 553 1317 588 ⁷³
1375 552 1403 605 6
1458 552 1712 623 πονηρὸς,
1766 553 1910 621 ἡμῶε

2045 551 2267 605 minum
2301 568 2438 623 erga
2467 552 2669 607 Deum.
2704 553 2922 609 Videns
2954 557 3147 610 autem
3178 553 3372 610 malus
3413 555 3687 613 festinare

270 631 613 690 σπευδόντων
641 642 758 697 τοῖς
789 637 895 691 ἀπὸ
921 637 1084 691 ἐθνῶν
1139 639 1406 694 πιστεύειν
1458 638 1752 713 μέλλουσιν
1805 638 1920 700 ἐνὸς

266 724 353 778 καὶ
387 723 560 796 μόνου
592 730 728 780 Θεοῦ
750 724 804 779 ἐν
850 729 1053 801 ψυχαῖς
1103 727 1336 802 σπείρειν
1384 729 1482 795 τήν
1536 727 1919 781 ἀθανατοποιὸν

265 816 400 886 πρὸς
452 812 613 867 αὐτὸν
660 814 960 889 ἀνθρώπων
1019 818 1065 851 7‘
1114 818 1373 891 στοργήν,
1407 816 1570 877 αὐτὸς
1604 817 1631 870 6
1680 815 1920 889 πονηρὸς

263 903 397 956 κατά
426 906 533 955 τῶν
569 902 915 976 ἀγνοούντων
965 904 1147 958 ἱκανὸν
1196 902 1368 959 ὅπλον
1420 903 1565 979 ἔχων
1616 904 1748 977 πρὸς
1796 899 1918 957 ὄλε-

261 992 386 1065 θρον
422 989 719 1059 σπουδάζει
750 990 979 1046 πολλῶν
1020 994 1153 1047 θεῶν
1185 994 1221 1061 ἢ
1253 993 1342 1047 καὶ
1394 994 1511 1055 ἑνὸς
1558 994 1631 1054 ὡς
1676 992 1919 1067 κρείττοο

257 1099 349 1139 νος
394 1080 500 1137 8!
532 1086 750 1155 σπεῖραι
798 1082 898 1148 τὴν
932 1079 1232 1154 ὑπόληψιν,
1282 1078 1373 1135 ’ίνα
1422 1076 1787 1142 συλλαϐόντες
1829 1080 1919 1135 καὶ

259 1168 685 1240 συμπεισθέντες
716 1168 750 1223 ἆ
802 1170 877 1242 μὴ
927 1171 1100 1242 θέμις,
1134 1169 1492 1232 ἀποθανόντες
1539 1171 1613 1231 ὡς
1660 1168 1746 1224 ἐπὶ
1801 1190 1920 1242 μοι-

257 1257 418 1333 χείας
450 1256 788 1333 ἐγκλήματι,
818 1262 919 1328 τῆς
960 1258 1123 1313 αὐτοῦ
1178 1257 1454 1335 βασιλείας
1504 1254 1915 1330 ἀποϐληθῶσιν.

324 1438 422 1494 ΙΧ.
454 1437 643 1506 ’Ἄξιος
691 1434 783 1491 οὖν
830 1443 930 1505 τῆς
994 1431 1282 1507 ἀποϐολῆς
1328 1442 1432 1499 πᾶς
1486 1438 1623 1491 κατᾶ
1666 1443 1765 1506 τῆς
1820 1440 1916 1491 τοῦ

256 1529 394 1579 Θεοῦ
428 1525 739 1599 μοναρχίας
772 1524 901 1579 αὐτὸ
935 1523 1098 1598 μόνον
1149 1524 1246 1579 κᾶν
1300 1524 1522 1580 ἀκοῦσαί
1570 1546 1619 1579 τι
1666 1529 1913 1579 τοιοῦτον

254 1612 521 1683 θελήσας.
570 1613 635 1668 El
694 1611 751 1667 δὲ
808 1614 885 1675 ὡς
936 1619 1171 1691 Γραφαῖς
1218 1613 1571 1690 τεθαρρηκώς
1629 1613 1765 1668 κατὰ
1818 1618 1915 1667 τοῦ

252 1702 389 1757 Θεοῦ
421 1701 614 1776 τολμᾷ
642 1724 722 1765 τις
753 1702 849 1757 κᾶν
885 1702 1118 1773 ἀκούειν,
1143 1707 1360 1779 πρῶτον
1419 1703 1591 1758 ἐκεῖνό
1647 1724 1739 1774 μοι
1788 1723 1912 1756 συν-

251 1792 563 1865 ενθυμείτω
614 1794 685 1859 ³⁷⁸,
713 1789 909 1864 ὅτι,ἄν
965 1813 1049 1854 τις
1090 1789 1313 1868 εὔλογον
1373 1792 1546 1864 ἑαυτῷ
1605 1790 1786 1866 δόγμα
1841 1791 1915 1853 ὡς

2036 656 2163 708 nos,
2199 646 2261 695 ut
2292 641 2347 694 in
2382 658 2583 695 eorum
2618 642 2851 709 animis,
2874 642 2971 713 qui
3000 658 3065 697 ex
3097 644 3370 714 gentibus
3404 646 3679 701 credituri

2033 730 2625 799 sunt,inseminemus
2657 730 3112 786 immortalitatis
3138 734 3517 802 operatricem
3550 736 3683 791 cha-

2033 818 2264 872 ritatcm
2294 818 2595 873 hominum
2631 819 2690 873 in
2723 836 2907 874 unum
2954 836 3018 873 ac
3052 820 3243 875 solum
3277 822 3482 892 Deum,
3535 823 3680 894 ipse,

2031 906 2297 977 inquam,
2332 908 2620 973 diabolus,
2655 916 2855 962 contra
2885 908 3192 979 imperitos
3224 910 3581 966 sufﬁcienter
3609 914 3681 968 ad

2032 1012 2230 1051 necem
2280 1001 2563 1062 armatus,
2616 997 2822 1051 nititur
2869 997 3191 1052 multorum
3266 999 3507 1054 deorum
3564 1001 3684 1057 sive

2032 1085 2207 1139 unius
2240 1088 2518 1156 tanquam
2555 1085 2979 1156 praestantioris
3010 1086 3344 1158 Opinionem
3377 1088 3632 1144 inserere
3666 1106 3679 1144 :

2031 1191 2143 1245 quo
2180 1174 2466 1241 homines,
2500 1176 2751 1230 tenendo
2785 1192 2851 1230 ac
2878 1176 3168 1231 credendo
3223 1192 3349 1247 quae
3384 1193 3497 1231 non
3526 1176 3679 1245 licet,

2031 1263 2357 1318 moriantur
2386 1264 2553 1335 quasi
2585 1264 2643 1318 in
2667 1264 2939 1320 adulterii
2972 1265 3294 1331 crimine,et
3321 1283 3355 1321 a
3374 1282 3551 1337 regno
3581 1267 3683 1322 Dei

2031 1352 2362 1423 ejiciantur.

2100 1441 2190 1496 IX.
2226 1442 2423 1511 Itaque
2454 1440 2669 1513 dignus
2699 1445 2788 1496 est
2818 1441 2916 1513 qui
2977 1442 3309 1512 abjiciatur,
3341 1443 3679 1515 quicunque

2025 1533 2227 1583 contra
2272 1528 2369 1583 Dei
2418 1529 2821 1584 monarcbiam
2872 1528 2960 1584 vel
3013 1534 3241 1585 tantum
3290 1530 3427 1602 quid
3483 1530 3677 1588 simile

2025 1617 2227 1672 audire
2255 1617 2517 1672 voluerit.
2551 1617 2609 1672 Si
2644 1634 2797 1685 vero,
2832 1618 2998 1689 quasi
3033 1618 3350 1690 Scripturis
3399 1620 3672 1689 conﬁdat,

2024 1710 2223 1760 contra
2254 1705 2437 1760 Deum
2469 1706 2555 1760 vel
2584 1706 2788 1761 audire
2819 1706 3034 1778 aliquis
3066 1708 3261 1773 audet,
3296 1707 3486 1779 primo
3528 1708 3673 1765 illud

2025 1811 2253 1848 mecum
2285 1795 2704 1850 consideretzsi
2737 1796 2871 1865 quis
2904 1796 3116 1866 dogma
3135 1794 3369 1866 aliquod
3403 1796 3516 1851 sibi
3546 1815 3679 1868 pro-

254 1880 520 1955 βούλεται
580 1879 888 1955 ἀναπλάσῃ,
922 1878 1107 1935 ἔπειτα
1164 1880 1351 1942 αὐταῖς
1405 1880 1608 1956 ἐγκύψῃ
1658 1884 1721 1952 ⁷⁸,
1755 1878 1910 1934 δυνα-

283 1971 297 1984 .
404 1968 425 1984 .
684 1968 783 1984 ς..
889 1971 902 1984 .
956 1970 971 1984 .
1115 1970 1136 1984 ν
1200 1969 1214 1984 .
1268 1969 1330 1984 κ.
1515 1967 1569 1984 ει,
1829 1968 1843 1984 ς
1900 1970 1910 1984 .

2028 1882 2213 1937 babile
2226 1900 2327 1953 pro
2350 1882 2647 1939 voluntate
2668 1883 3016 1939 conﬁnxerit
3043 1888 3100 1938 et
3131 1889 3331 1955 postea
3344 1886 3672 1957 Scripturas

244 1971 339 2030 τὸς
401 1968 554 2025 ἔσται
606 1968 822 2031 πολλὰς
882 1970 1019 2044 ὑπὲρ
1076 1970 1137 2024 οὗ
1197 1969 1468 2024 ἐπλάσατο
1511 1967 1785 2044 δόγματος
1819 1968 1912 2023 ἀπ’

250 2058 432 2114 αὑτῶν
472 2059 772 2134 μαρτυρίας
802 2060 998 2136 φερειν·
1032 2064 1152 2121 πῶς
1205 2056 1296 2113 οὗν
1354 2059 1440 2113 ἐπὶ
1498 2058 1719 2119 ταύταις
1776 2058 1913 2112 κατὰ

249 2153 352 2202 τοῦ
387 2153 527 2204 Θεοῦ
558 2147 770 2224 θαρῥεῖν
805 2146 965 2220 ἔστιν,
1000 2148 1052 2203 ἐν
1086 2150 1171 2210 αῖς
1224 2150 1259 2217 ἡ
1309 2149 1522 2203 πάντων
1576 2145 1751 2223 βουλή
1802 2145 1909 2201 εἶσ-

252 2236 567 2306 ευρίσκεται
593 2255 608 2305 ;

325 2327 395 2382 Χ.
430 2323 649 2380 Αὐτίκα
698 2328 826 2400 γοῦν
884 2324 1070 2396 Σίμων
1129 2321 1316 2398 αὔριον
1375 2327 1513 2397 ἡμῖν
1573 2329 1818 2394 συζητεῖν
1865 2326 1909 2361 ’⁸⁷

256 2412 485 2486 μέλλων
524 2409 762 2484 δημοσίᾳ
788 2414 925 2467 κατὰ
948 2420 1047 2482 τῆς
1088 2418 1183 2468 τοῦ
1243 2418 1375 2468 Θεοῦ
1429 2410 1730 2487 μοναρχίας
1779 2412 1910 2468 τολ-

254 2508 330 2574 μᾷ
357 2505 423 2569 π,
460 2501 643 2565 θέλων
699 2501 916 2563 πολλάς
974 2502 1024 2574 ἐξ
1082 2501 1258 2556 αὐτῶν
1311 2507 1417 2556 τῶν
1471 2506 1696 2579 Γραφῶν
1729 2502 1909 2579 φωνὰς

253 2590 518 2664 ἐνεγκεῖν,
551 2589 637 2644 ὅτι
660 2592 705 2627 τ’
733 2589 935 2645 πολλοὶ
968 2590 1069 2644 εἶσὶ
1102 2591 1235 2660 θεοὶ,
1265 2592 1340 2651 εἷς
1394 2587 1451 2644 δὲ
1496 2611 1580 2651 τις
1623 2590 1731 2665 ούχ
1761 2590 1790 2644 6
1818 2588 1911 2644 τὸν

254 2678 457 2749 κόσμον
495 2676 704 2748 κτίσας,
736 2677 881 2734 ἀλλὰ
909 2681 954 2715 ⁸ο
979 2678 1177 2733 τούτου
1208 2677 1604 2754 ἀνώτερος·καὶ
1637 2680 1787 2750 ὁμῶς
1817 2679 1911 2739 τὰς

260 2765 563 2837 ἀποδείξεις
595 2767 900 2843 ἐγγράφους
933 2766 1047 2843 ἔχει
1080 2772 1403 2843 παρασχεῖν.
1436 2767 1535 2820 Καὶ
1566 2769 1730 2839 ἡμεῖς
1762 2764 1819 2820 δὲ
1858 2765 1910 2836 ἐξ

264 2856 424 2911 αὐτῶν
462 2854 685 2917 πολλὰς
714 2858 1015 2931 περικοπὰς
1048 2854 1215 2926 δεῖξαι
1247 2860 1429 2934 σαφῶς
1462 2850 1689 2931 ἔχομεν,
1722 2853 1804 2909 ὅτι
1837 2856 1911 2917 εἴς

261 2945 392 2999 ἐστιν
422 2946 452 2999 6
482 2947 526 2983 ⁸¹
559 2944 689 3006 Θεὸς
714 2944 877 3006 οὗτος
912 2944 939 2999 ό
968 2945 1059 2999 τὸν
1090 2944 1294 3017 κόσμον
1323 2943 1637 3013 κτίσας,καὶ
1670 2940 1842 3005 ἄλλος
1864 2945 1910 2981 ⁸²

262 3033 356 3087 οὐκ
378 3031 493 3088 ἔστι
522 3032 671 3102 πλὴν
704 3032 887 3088 αὐτοῦ.
919 3030 1094 3087 Ἀλλά
1124 3032 1214 3087 καὶ
1247 3030 1301 3087 εἷ’
1320 3053 1403 3093 τις
1433 3030 1621 3094 ἄλλως
1668 3052 1784 3087 πως
1835 3031 1909 3086 εί-

258 3128 373 3175 πεῖν
405 3119 657 3191 θελήσει,
684 3118 791 3191 ἕξει
816 3120 905 3175 καὶ
935 3120 1093 3183 αὐτὸς
1124 3121 1173 3193 ἐξ
1206 3120 1379 3175 αὐτῶν
1411 3122 1485 3181 ὡς
1524 3119 1776 3195 βούλεται
1810 3123 1910 3178 88

2023 1972 2196 2026 fuerit
2226 1972 2501 2036 intuitus,
2531 1988 2599 2026 ex
2627 1972 2700 2026 iis
2750 1972 2959 2042 poterit
2991 1972 3177 2028 multa
3206 1974 3542 2029 testimonia
3568 1992 3670 2046 pro

2020 2060 2224 2115 ﬁctitio
2256 2076 2363 2114 suo
2393 2060 2663 2131 dogmate
2695 2061 2950 2130 proferre
2980 2077 2993 2126 ;
3027 2077 3142 2131 quo
3194 2063 3366 2116 modo
3396 2061 3577 2133 igitur
3607 2063 3666 2118 in

2019 2148 2093 2203 iis
2123 2149 2401 2203 adversus
2431 2148 2613 2202 Deum
2645 2148 2935 2203 conﬁdere
2958 2148 3045 2204 fas
3078 2147 3241 2216 sit,in
3273 2150 3490 2219 quibus
3522 2167 3667 2205 cun-

2020 2242 2247 2291 ctorum
2283 2235 2560 2306 placitum
2594 2235 2935 2291 invenitur?

2091 2324 2156 2379 X.
2190 2324 2357 2379 Nunc
2385 2340 2522 2396 ergo
2554 2324 2915 2391 Simon,cras
2950 2324 3256 2381 nobiscum
3290 2326 3522 2398 publice
3551 2328 3669 2383 dis-

2018 2416 2393 2485 ceptaturus,
2444 2417 2649 2468 contra
2703 2413 2805 2469 Dei
2855 2414 3258 2469 monarchiam
3309 2416 3667 2488 aggreditur,

2020 2500 2356 2573 multasque
2391 2518 2458 2556 ex
2487 2502 2634 2573 ipsis
2663 2501 2978 2573 Scripturis
3008 2519 3179 2558 voces
3210 2504 3413 2559 afferre
3438 2504 3579 2570 vult,
3598 2506 3671 2561 de

2019 2606 2085 2646 eo
2118 2591 2272 2661 quod
2308 2589 2573 2645 multidii
2606 2591 2725 2645 sint
2753 2596 2810 2645 et
2831 2608 2985 2645 unus
3014 2592 3400 2663 quidam,non
3434 2594 3669 2665 quidem

2018 2684 2243 2735 creator
2297 2680 2527 2745 mundi,
2560 2680 2660 2735 sed
2692 2679 2793 2733 illo
2826 2680 3113 2751 superior.
3146 2681 3453 2753 Simulque
3497 2699 3669 2754 argu-

2020 2773 2219 2824 menta
2246 2784 2315 2823 ex
2336 2769 2654 2840 Scripturis
2673 2768 3068 2824 exhibebit.Et
3099 2786 3205 2824 nos
3235 2786 3469 2842 quoque
3502 2788 3571 2826 ex
3598 2771 3671 2827 iis

2017 2856 2165 2929 ipsis
2198 2856 2383 2912 multa
2412 2855 2701 2912 evidentia
2722 2857 2978 2929 capitula
3007 2859 3312 2913 ostendere
3331 2876 3672 2930 possumus,

2020 2947 2177 3018 quod
2227 2963 2382 3001 unus
2414 2946 2491 3001 sit
2538 2946 2691 3001 Deus
2724 2946 2817 3001 hic
2872 2946 2973 3018 qui
3003 2948 3201 3002 orbem
3250 2948 3534 3015 condidit,
3564 2964 3670 3004 nec

2018 3035 2171 3091 alius
2203 3035 2278 3090 sit
2309 3041 2514 3107 printer
2544 3036 2821 3091 eum.Sed
2854 3040 2912 3091 et
2941 3037 2990 3091 si
3013 3036 3144 3107 quis
3175 3035 3288 3091 alio
3320 3053 3671 3109 quocunque

2022 3126 2190 3180 modo
2233 3125 2426 3180 dicere
2472 3124 2737 3189 voluerit,
2773 3125 3009 3180 habebit
3059 3125 3234 3179 etiam
3285 3126 3335 3180 is
3379 3141 3447 3180 ex
3497 3126 3665 3197 ipsis,

255 3211 375 3285 περέ
408 3212 490 3264 ὧν
552 3208 811 3284 βούλεται
865 3210 960 3272 τὰς
1019 3207 1317 3279 ἀποδείξεις
1376 3214 1698 3284 παρασχεῖν.
1734 3208 1910 3263 Πάντα

2028 3217 2193 3283 prout
2220 3212 2370 3267 volet
2417 3216 2477 3267 et
2504 3212 2576 3267 de
2625 3211 2841 3284 quibus
2870 3211 3041 3281 volet,
3096 3211 3472 3284 probationes
3504 3212 3666 3268 dare.

254 3284 355 3373 γάρ
387 3300 445 3353 αἱ
482 3297 690 3375 Γραφαὶ
724 3297 996 3372 λέγουσιν,
1021 3295 1113 3352 ’ίνα
1161 3295 1354 3370 μηδεὶς
1412 3302 1520 3353 τῶν
1572 3296 1906 3373 ἀγνωμόνως

2028 3301 2226 3357 Omnia
2256 3301 2471 3373 quippe
2508 3300 2817 3373 Scripturae
2849 3301 3053 3356 dicunt
3084 3318 3097 3357 :
3151 3317 3221 3356 ne
3248 3300 3405 3356 ullus
3435 3317 3664 3367 eorum,

257 3388 572 3457 ζητούντων
629 3388 694 3441 τὸ
750 3385 951 3455 ἀληθὲς
1010 3386 1179 3462 εὕροι,
1221 3384 1348 3441 ἀλλ’
1396 3385 1425 3440 ’ὀ
1478 3384 1756 3461 βούλεται,
1813 3391 1909 3441 τοῦ

254 3477 498 3545 ἀληθοῦς
528 3480 650 3536 τοῖς
709 3474 1013 3550 εὐγνώμοσι
1069 3476 1473 3547 τετηρημένου.
1508 3473 1905 3548 Εύγνωμοσύνη

252 3561 309 3617 δέ
333 3564 479 3618 ἐστιν
509 3564 575 3618 τὸ
603 3565 649 3599 ⁸³
677 3563 813 3636 πρὸς
843 3563 934 3617 τὸν
965 3560 1061 3617 τοῦ
1092 3561 1222 3617 εἶναι
1244 3564 1391 3635 ἡμᾶς
1412 3559 1581 3616 αἴτιον
1608 3562 1905 3631 ἀποσώζειν

256 3654 517 3729 στοργήν.

320 3748 411 3798 II.
444 3742 608 3795 ’Ὅθεν
656 3741 763 3816 πρὸ
809 3742 1021 3795 πάντων
1068 3738 1265 3795 εἷδὲναι
1330 3739 1558 3817 ὀφείλει,
1611 3739 1693 3796 ὅτι
1745 3738 1907 3795 οὐδα-

256 3831 415 3900 μάθεν
450 3830 623 3897 αὐτὴν
665 3828 919 3903 εύρίσκει,
954 3828 1001 3882 εἷ’
1054 3830 1127 3902 μὴ
1176 3828 1235 3883 ἂν
1283 3829 1388 3882 ἀπὸ
1432 3831 1718 3905 προφήτου
1767 3829 1909 3898 ἀλη-

251 3920 410 3980 θείας.
446 3920 750 3995 Προφήτης
807 3914 866 3972 δὲ
922 3916 1134 3988 ἀληθής
1193 3916 1333 3971 ἐστιν
1379 3918 1406 3971 6
1454 3916 1623 3970 πάντα
1679 3917 1908 3971 πάντοτε

253 4006 430 4075 ιέδὼς,
464 4006 548 4062 ἔτι
598 4004 656 4061 δὶ
697 4005 787 4061 καὶ
825 4006 923 4067 τὰς
965 4005 1177 4060 πάντων
1230 4005 1459 4076 ἐννοίας,
1501 4006 1903 4081 ἀναμάρτητος*

254 4097 327 4159 ὣς
371 4097 501 4173 περὶ
548 4102 652 4164 τῆς
701 4095 1058 4171 προγνώσεως
1104 4094 1270 4149 αὐτοῦ
1324 4096 1398 4168 μὴ
1446 4092 1633 4156 ἁπλῶς
1668 4092 1903 4168 διαλαμ-

255 4180 449 4257 δάνεῑν,
484 4183 615 4239 ἀλλ’
648 4184 694 4238 εἰ
742 4181 963 4238 δύναται
1010 4185 1130 4237 ἄνευ
1180 4183 1364 4259 ἑτέρας
1412 4182 1734 4260 προφάσεως
1787 4205 1905 4237 συν-

256 4275 462 4329 εστάναι
506 4272 676 4327 αὐτοῦ
704 4274 738 4341 ἡ
771 4272 1097 4348 πρόγνωσις.
1129 4275 1196 4328 °A
1235 4273 1339 4347 γὰρ
1390 4273 1443 4327 οἱ
1490 4272 1667 4348 ἰατροὶ
1708 4271 1907 4348 προλέ-

253 4384 454 4438 γουσιν,
488 4356 951 4434 ὑποϐεϐλημένην
1000 4359 1135 4430 ὅλην
1192 4359 1410 4436 ἔχοντες
1467 4365 1563 4415 τοῦ
1617 4365 1903 4425 νοσοῦντος

251 4453 339 4506 τὸν
372 4451 652 4530 σφυγμὸν,
683 4449 770 4504 καὶ
831 4450 882 4505 οἱ
943 4450 1035 4523 μὶν
1089 4451 1289 4521 πτηνὰ,
1323 4449 1374 4505 οἱ
1430 4447 1487 4505 δὶ
1542 4448 1772 4523 θύματα,
1812 4449 1902 4505 καὶ

257 4538 418 4596 ἰλλοι
448 4538 629 4601 ἄλλας
658 4536 791 4601 ὕλας
837 4537 1051 4601 πολλὰς
1106 4536 1399 4616 διαφόρους
1450 4534 1902 4613 ὑποϐεϐλημένας

255 4628 473 4706 ἔχοντες
504 4626 893 4705 προλέγουσιν,
924 4628 1013 4683 καὶ
1047 4630 1319 4705 προφῆται
1353 4627 1451 4684 οὐκ
1480 4627 1632 4685 εἰσίν.

320 4813 438 4866 ΧΠ.
467 4807 536 4863 Εἰ
568 4805 627 4863 δὲ
657 4804 954 4881 βουληθείη
986 4826 1071 4868 τις
1102 4803 1300 4882 λέγειν,
1330 4807 1429 4875 τὴν
1459 4802 1549 4859 διὰ
1577 4810 1684 4861 τῶν
1714 4806 1899 4861 τοιού-

2019 3389 2121 3462 qui
2153 3389 2378 3461 ingrate
2408 3394 2695 3459 quaerunt,
2728 3387 2985 3445 inveniat
3012 3389 3337 3458 veritatem,
3371 3390 3473 3444 sed
3508 3390 3665 3445 inve-

2019 3478 2141 3533 niat
2170 3478 2326 3550 quod
2374 3479 2535 3549 cupit
2562 3496 2576 3545 ;
2602 3478 2842 3532 veritate
2875 3477 3060 3549 gratis
3110 3476 3451 3532 hominibus
3481 3494 3668 3534 reser-

2016 3572 2167 3622 vata.
2202 3566 2505 3622 Gratitudo
2537 3570 2733 3621 autem
2765 3570 2874 3634 est,
2901 3582 3130 3621 servare
3160 3565 3508 3622 charitatem
3532 3583 3673 3640 erga

2016 3672 2149 3712 eum
2182 3655 2282 3727 qui
2313 3655 2631 3710 exsistendi
2668 3654 2837 3710 nobis
2868 3659 3075 3711 auctor
3105 3655 3233 3711 fuit.

2088 3745 2176 3799 XI.
2212 3744 2375 3799 Unde
2406 3749 2541 3799 ante
2572 3742 2771 3798 omnia
2806 3744 2954 3799 scire
2985 3745 3230 3814 oportet,
3266 3758 3383 3798 non
3435 3742 3671 3799 aliunde

2015 3833 2261 3888 inveniri
2318 3833 2641 3893 veritatem,
2699 3850 2875 3903 quam
2935 3848 2968 3886 a
3028 3830 3290 3886 veritatis
3363 3830 3667 3903 propheta.

2016 3921 2303 3993 Propheta
2332 3925 2525 3976 autem
2555 3936 2730 3977 verus
2760 3921 2810 3975 is
2840 3923 2929 3975 est
2959 3919 3059 3991 qui
3090 3919 3288 3974 omnia
3319 3919 3675 3986 omnino,at-

2015 4027 2129 4082 que
2175 4010 2352 4066 etiam
2400 4015 2747 4065 cunctorum
2802 4008 3183 4080 cogitationes
3233 4006 3411 4074 novit,
3463 4013 3670 4079 estque

2016 4098 2509 4171 impeccabilis,ut
2536 4098 2637 4169 qui
2668 4098 2740 4152 de
2772 4097 2866 4152 Dei
2891 4097 3118 4168 judicio
3150 4096 3229 4151 sit
3256 4096 3665 4164 certissimus;

2015 4188 2287 4260 quocirca
2317 4204 2422 4242 nos
2454 4187 2737 4242 debemus
2761 4188 2832 4242 de
2849 4186 2978 4256 ejus
2997 4184 3361 4256 praescientia
3379 4201 3493 4240 non
3524 4183 3667 4240 sim-

2014 4275 2243 4348 pliciter
2278 4275 2564 4346 judicare,
2596 4275 2700 4329 sed
2746 4274 2796 4329 si
2828 4274 3052 4345 absque
3082 4273 3198 4328 alia
3241 4288 3423 4328 causa
3470 4273 3664 4328 consi-

2013 4368 2166 4419 stere
2197 4366 2388 4435 potest
2416 4361 2785 4434 praescientia
2806 4359 3305 4432 ipsius.Quzedam
3339 4359 3495 4414 enim
3526 4376 3669 4431 prm-

2012 4454 2218 4510 dicunt
2266 4451 2500 4519 medici,
2533 4450 2672 4523 quia
2724 4450 3047 4519 subjectam
3092 4448 3396 4503 materiam
3450 4448 3671 4504 habent

2011 4542 2347 4616 aegrotantis
2378 4540 2615 4612 pulsum
2641 4557 2655 4607 ;
2688 4539 2828 4593 item
2860 4537 2957 4593 alii
2987 4536 3245 4604 aves,alii
3272 4534 3666 4603 victimas,alli

1930 4653 1979 4718 Ι)
2010 4630 2157 4685 alias
2190 4628 2404 4684 multas
2435 4633 2492 4683 et
2520 4626 2711 4683 varias
2742 4626 3016 4682 materias
3047 4626 3345 4697 subjectas
3392 4624 3532 4679 dum
3561 4624 3665 4679 ha-

2010 4719 2168 4784 bent,
2202 4717 2549 4789 praedicunt,
2582 4732 2688 4772 nec
2719 4718 2861 4770 sunt
2890 4713 3207 4787 prophetae.

2080 4807 2199 4862 XII.
2234 4806 2396 4870 Quod
2426 4806 2474 4861 si
2509 4805 2643 4878 quis
2692 4804 2881 4859 dicere
2929 4802 3200 4871 voluerit,
3234 4801 3663 4875 prascientiam

1608 4983 1852 5041 VARI/ﬁ
1890 4984 2305 5041 LECTIONES.

319 5133 453 5190 ηδε
483 5135 685 5192 addidi
718 5152 769 5191 ο.
798 5133 925 5207 0,3
973 5131 1133 5197 εἰδώς
1181 5137 1334 5207 conj.
1386 5136 1450 5207 Ι),
1516 5136 1571 5207 7‘
1602 5134 1901 5207 ἀνθρώπων
1953 5134 2199 5207 accessit
2252 5150 2321 5207 ea
2368 5134 2434 5207 ΟΔ.

1331 5249 1344 5274 ,
1377 5200 1620 5280 ,ἐγκύψει
1679 5200 2055 5280 subinde
2112 5202 2343 5280 ξυνατόν
2533 5200 2987 5280 ⁷⁷λσυνζῃτεῖν-(ξλ
3012 5200 3331 5280 ,πτολμᾷν
3462 5203 3543 5280 ’⁸⁷³
3571 5222 3658 5277 εχ.

251 5209 494 5279 μηθήτω
551 5211 653 5280 οη-
691 5207 767 5280 ’⁸⁸-
793 5204 1002 5280 ἑγκύψῃ
1028 5213 1119 5280 Ὀ,
1176 5223 1226 5262 c.

2509 5134 2555 5169 ’⁷⁸
2582 5134 2668 5190 Ita
2723 5134 2805 5201 8.,
2868 5132 3252 5205 συνενθυμήτω
3300 5132 3363 5198 C,
3417 5132 3661 5205 συνενθο-

244 5272 497 5352 ζεὶσγὸτι
530 5296 586 5351 p.
622 5274 703 5332 ὅτι
736 5278 799 5336 0.
835 5272 845 5280 ’
879 5272 1244 5336 Ικ’ἰὶἱλλάόῑιι.
1275 5272 1340 5336 Ο.
1372 5272 1521 5335 Tum
1549 5272 1706 5350 ’ὁμῶς
1737 5278 1797 5346 S,
1829 5275 1982 5349 ὅμως
2010 5282 2068 5350 C,
2102 5278 2169 5335 0.
2244 5278 2288 5315 ⁸1
2323 5276 2351 5330 ὁ
2383 5277 2603 5334 inserui
2636 5293 2685 5334 ο.
2715 5272 2780 5333 0.
2857 5277 2906 5313 ⁸³
2936 5272 3077 5331 ἄλλο
3110 5275 3175 5334 Ο.
3230 5272 3296 5312 ’⁸³
3324 5276 3423 5345 τήν
3455 5274 3517 5331 C.

1642 5445 2023 5504 VARIORUM
2062 5446 2284 5504 NOTAE.

246 5611 358 5667 της
390 5589 487 5667 λαὶ
518 5583 709 5667 φόξου-
732 5588 854 5665 περὶ
885 5589 1059 5667 Θεόνη
1082 5594 1191 5645 etc.
1224 5592 1337 5667 Τοῦ
1383 5587 1534 5664 ἁγίου
1586 5587 1903 5667 ξζλήμεντος

247 5659 555 5736 ἐπισκόπου
594 5659 883 5736 ΑῬώμηξ..
921 5660 1205 5736 Αὐτάρκης
1262 5659 1370 5736 εἷςΔ
1398 5659 1762 5736 σωτηρίανςὴ
1825 5660 1902 5736 εἷς

249 5736 377 5790 Θεὸν
432 5730 738 5808 ἀνθρώπων
780 5730 987 5807 ἀγάπη.
1036 5730 1478 5806 Εύγνωμοσύνης
1525 5730 1629 5807 γάρ
1677 5730 1809 5803 ἐστι,
1840 5732 1902 5786 τὸ

2011 5588 2162 5664 πρρςῌ
2186 5589 2275 5643 τὸν
2298 5591 2423 5664 ’τοῦ
2456 5587 2605 5664 *εἶναι
2654 5588 2804 5664 ἡμᾶς
2841 5585 3042 5664 ἀῖτιον,
3074 5583 3374 5664 ἀποσώζειν
3418 5582 3655 5664 στοργήν

2128 5660 2195 5729 ἦς
2224 5658 2421 5787 adligat
2436 5652 2808 5786 ἐεύτερονκαὶ
2830 5652 3033 5734 ἀγήρω
3056 5656 3226 5712 αἶῶνα
3250 5652 3650 5726 δνιασωζόμεθα.

2042 5750 2075 5787 n
2109 5775 2122 5788 .
2156 5749 2281 5803 cap.
2392 5772 2405 5787 .
2480 5748 2568 5787 οτι.
