4116 6224
435 404 549 461 119

1256 398 1319 460 S.
1370 398 1811 459 CLEMENTIS
1859 398 1879 456 l
1931 397 2116 457 ΗΘΜ.
2165 396 2391 455 PON'I‘.
2440 394 2695 454 UPERA
2748 394 3006 454 DUBIA.

3718 394 3837 455 I20

426 550 529 605 per
556 532 662 587 h'ts
695 532 1098 604 praedictiones
1113 530 1365 587 similem
1385 548 1513 587 esse
1536 530 1906 603 praescientiaa
1925 547 2071 585 verae

2217 548 2288 579 ων
2322 524 2673 599 προρῥήσεων
2696 527 2741 560 ⁸⁸
2755 528 2822 597 τῇ
2845 522 3016 585 ὅντως
3040 523 3264 601 ἐμφύτῳ
3293 525 3597 600 προγνώσει
3632 526 3831 598 ὁμοίαν

426 624 485 677 et
527 622 750 691 nativas,
801 621 1051 675 multum
1105 621 1345 676 fallitur.
1400 621 1514 676 Illae
1554 621 1710 675 enim
1764 620 2072 691 praesentia

2213 614 2337 679 ἶναι,
2368 613 2512 668 πολὺ
2543 614 2840 683 ἠπάτηται.
2875 616 2947 668 Τά
2978 614 3079 689 γὰρ
3110 619 3333 668 τοιαῦτα
3364 614 3612 689 παρόντα
3640 615 3838 687 μηνύει

426 714 656 763 tantum
687 709 969 774 indicant,
993 710 1173 780 idque
1203 710 1252 764 si
1283 726 1511 764 veraces
1545 709 1777 763 fuerint.
1812 709 1984 776 (Quin
2018 711 2075 763 et

431 797 574 851 mihi
605 813 682 852 eae
715 798 1412 867 prosuntzdemonstrant
1441 800 1596 851 enim
1627 814 1753 852 esse
1780 798 2077 869 przsscien-

2187 703 2370 776 μόνον,
2402 704 2490 756 καὶ
2518 707 2685 756 ταῦτα
2716 701 2761 756 εἶ’
2790 701 3064 772 ἀληθεύει·
3102 700 3291 764 ἄλλως
3322 697 3381 756 δέ
3421 725 3513 775 μοι
3564 704 3654 757 καὶ
3704 703 3839 759 αὐτὰ

2186 791 2499 866 εὐχρηστεῖ,
2556 790 2861 864 πρόγνωσιν
2931 792 3033 866 γὰρ
3092 791 3225 845 εἶναι
3285 791 3614 861 συνίστησιν.
3665 793 3730 848 Ἦ
3782 790 3840 848 δὲ

431 886 619 957 tiam.)
651 889 723 941 At
750 886 928 951 illius,
963 887 1061 957 qui
1094 887 1254 941 solus
1284 891 1341 941 et
1378 903 1547 941 verus
1575 890 1681 950 est,
1719 885 2079 956 praescientia

2221 884 2282 935 οὖ
2319 879 2483 953 μόνου
2512 879 2600 933 καὶ
2632 878 2873 948 ἀληθοῦς
2906 878 3214 954 πρόγνωσις
3259 879 3321 933 οὐ
3375 879 3539 951 μόνον
3588 881 3655 935 τὰ
3704 901 3842 954 παρ-

434 991 549 1029 non
582 973 772 1030 solum
807 975 1113 1045 praesentia
1138 975 1457 1046 cognoscit,
1494 976 1593 1029 sed
1626 980 1682 1029 et
1710 976 1781 1029 ad
1815 976 2077 1030 futurum

436 1080 624 1133 usque
654 1062 931 1118 saeculum
964 1064 1253 1118 infinitam
1276 1063 1533 1118 extendit
1564 1063 2080 1133 prophetiamznec

436 1151 554 1207 ullo
606 1152 827 1222 indiget
860 1159 922 1206 ut
967 1152 1346 1222 intelligatur,
1378 1168 1480 1207 nec
1531 1152 1779 1206 obscura
1808 1160 1864 1207 et
1906 1153 2083 1208 dubia

439 1240 717 1311 praedicit,
750 1240 828 1294 ita
859 1246 924 1295 ut
952 1241 1125 1295 verba
1153 1240 1334 1295 alium
1370 1239 1711 1312 prophetam
1742 1241 1976 1311 exigant
1998 1243 2087 1297 in-

438 1328 887 1399 terpretem,sed
920 1329 1077 1384 clara
1107 1329 1327 1400 profert
1354 1334 1411 1385 et
1440 1329 1769 1400 simplicia;
1801 1333 2082 1401 quemad-

435 1417 677 1471 modum
710 1417 921 1472 Doctor
950 1422 1165 1483 noster,
1197 1434 1331 1472 cum
1362 1423 1518 1473 esset
1550 1419 1853 1489 prapheta,
1885 1419 2085 1476 innato

435 1520 502 1560 ac
534 1510 813 1576 perpetuo
845 1504 1057 1576 spiritu
1091 1505 1292 1561 omnia
1320 1505 1557 1561 omnino
1591 1512 1846 1563 noverat.

506 1593 650 1649 XIII.
684 1593 817 1648 Ideo
870 1594 1116 1648 ﬁdenter
1149 1595 1344 1649 futura
1392 1595 1679 1666 exposuit,
1714 1612 1884 1651 casus
1933 1596 2083 1665 dico,

441 1680 569 1737 loca
596 1681 900 1738 terminos.
934 1682 1079 1737 Nam
1129 1699 1262 1737 cum
1295 1683 1371 1738 sit
1402 1682 1736 1756 inculpatus
1784 1685 2087 1756 propheta,

443 1770 734 1825 immenso
766 1770 974 1825 animae
1004 1771 1169 1826 oculo
1201 1771 1398 1827 omnia
1416 1770 1643 1827 occulta
1660 1778 1880 1843 spectat
1908 1778 1965 1829 et
1996 1792 2091 1831 no-

2189 969 2315 1024 όντα
2347 968 2623 1022 ἐπίσταται
2651 971 2716 1039 ⁸⁵,
2748 967 2895 1023 ἀλλά
2938 968 3027 1022 καὶ
3083 968 3280 1043 μέχρις
3329 968 3493 1022 αὐτοῦ
3544 968 3845 1042 μέλλοντος

2189 1057 2385 1118 αἰῶνος
2415 1056 2709 1131 ἀπέραντον
2743 1055 2963 1111 ἐκτείνει
3011 1057 3109 1125 τὴν
3163 1056 3519 1133 προφητείαν,
3553 1058 3643 1112 καὶ
3692 1056 3847 1113 οὐδε-

2189 1148 2275 1208 νὸς
2307 1145 2473 1200 δεῖται
2506 1145 2642 1220 πρὸς
2690 1145 2996 1220 ἐπίγνωσιν,
3032 1146 3106 1217 μή
3140 1148 3184 1182 ⁸⁸
3218 1145 3575 1223 προφητεύων
3628 1148 3849 1223 ἀμαυρά

2191 1234 2279 1289 καὶ
2312 1228 2614 1310 ἀμφίϐολα,
2642 1231 2733 1288 ’ίνα
2763 1232 2939 1289 ἄλλου
2970 1236 3258 1310 προφήτου
3289 1234 3479 1309 χρείαν
3508 1232 3611 1310 ἔχῃ
3647 1236 3715 1291 τὰ
3754 1234 3849 1290 λε-

2193 1322 2400 1398 γόμενοι
2429 1323 2564 1398 πρὸς
2597 1320 2909 1396 ἐπίγνωσιν,
2940 1320 3086 1377 ἀλλά
3136 1321 3275 1398 ῥητά
3320 1325 3365 1359 ⁸⁷
3394 1323 3485 1378 καὶ
3536 1321 3703 1392 ἁπλᾶ,
3738 1324 3850 1379 ὥσ-

2193 1432 2294 1486 περ
2326 1413 2428 1468 84
2458 1412 2486 1466 ὁ
2518 1407 2852 1473 Διδάσκαλος
2883 1411 3045 1483 ἡμῶν
3074 1411 3162 1465 καὶ
3194 1413 3484 1489 προφήτης
3520 1410 3594 1467 ὢν
3626 1413 3851 1489 ἐμφύτῳ

2194 1499 2284 1554 καὶ
2315 1499 2518 1571 ἀεννάῳ
2552 1498 2823 1571 πνεύματι.
2846 1498 3020 1553 πάντα
3050 1500 3280 1554 πάντοτε
3307 1500 3597 1569 ἠπίστατο.

2268 1590 2413 1645 ΧΙΙΙ.
2448 1587 2541 1642 Διὸ
2596 1587 3010 1663 τεθαρρηκότως
3069 1586 3329 1661 ἐξετίθετο
3381 1588 3505 1665 περὶ
3547 1593 3656 1643 τῶν
3712 1589 3849 1663 μιλ-

2198 1676 2404 1733 λόντων
2457 1675 2688 1747 ἔσεσθαι,
2721 1674 2865 1752 λέγω
2914 1673 2971 1730 δὲ
3018 1677 3186 1747 πάθη,
3230 1675 3455 1747 τόπους,
3490 1676 3672 1751 ὅρους.
3704 1683 3851 1752 Προ-

2200 1767 2377 1837 φήτης
2406 1767 2507 1842 γὰρ
2543 1762 2615 1819 ὢν
2667 1762 2980 1837 ἄπταιστος,
3008 1765 3217 1838 ἀπείρῳ
3264 1768 3446 1841 ψυχῆς
3479 1767 3525 1802 ⁸⁸
3578 1764 3848 1845 ὀφθαλμῷ

446 1860 549 1914 vit.
582 1859 639 1913 Si
674 1875 805 1914 vero
861 1864 918 1914 et
950 1876 1076 1923 nos,
1111 1865 1176 1914 ut
1224 1859 1415 1925 multi,
1459 1861 1840 1917 admittamus
1889 1880 2089 1919 verum

2213 1856 2373 1909 πάντα
2412 1853 2755 1909 κατοπτεύων
2808 1854 3082 1909 ἐπίσταται
3135 1853 3433 1911 λανθάνων.
3465 1855 3530 1910 El
3574 1853 3631 1910 δὲ
3676 1877 3853 1931 παρα-

2213 1943 2231 1963 δ
2266 1944 2316 1963 bl
2396 1946 2421 1963 Λ
2488 1946 2533 1963 ου
2572 1946 2584 1963 l
2677 1949 2698 1959 ν
2777 1944 2789 1963 ι
2901 1945 2914 1963 ι
3031 1942 3088 1963 ἼἻ
3140 1945 3154 1961 \
3200 1943 3225 1963 ΙΙ
3370 1945 3385 1963 \
3428 1945 3439 1963 C
3491 1943 3535 1963 ’Ἰ
3593 1946 3651 1963 Δὶ

449 1962 679 2018 quoque
735 1947 1078 2018 prophetam
1133 1965 1247 2003 non
1306 1964 1556 2020 semper,
1612 1950 1713 2005 sed
1775 1951 2089 2023 interdum,

448 2036 681 2106 quando
710 2035 887 2091 habet
934 2036 1230 2107 spiritum,
1261 2041 1403 2091 tunc
1454 2037 1583 2092 ideo
1615 2040 1923 2108 praescire;
1957 2057 2091 2096 cum

447 2129 642 2179 autem
674 2140 788 2178 non
820 2124 1015 2188 habet,
1050 2124 1358 2193 ignorare;
1392 2124 1441 2179 si
1472 2125 1552 2180 ita
1581 2126 2005 2194 existimemus,
2040 2134 2095 2184 et

444 2211 802 2283 decipiemus
834 2229 940 2267 nos
970 2216 1027 2267 et
1057 2211 1785 2270 aliisinsidiabimur.Nam
1806 2216 1862 2270 id
1887 2217 1958 2271 ad
1992 2233 2090 2273 eos

450 2300 716 2372 pertinet,
760 2301 927 2371 quia
975 2300 1184 2371 spiritu
1242 2301 1575 2357 inordinato
1624 2303 1841 2360 furiose
1893 2306 2088 2361 conci-

448 2393 651 2444 tantur
677 2392 735 2444 et
781 2389 851 2444 ad
880 2405 1011 2445 aras
1062 2389 1421 2445 bacchantur
1451 2395 1626 2462 atque
1665 2393 2101 2464 ingurgitantur

458 2477 681 2533 nidore.

532 2652 908 2709 XIV.Etenim
923 2653 1284 2725 prophetiam
1300 2655 1607 2711 ostendere
1618 2655 1829 2712 volenti
1844 2657 1893 2712 si
1907 2674 2105 2713 conce-

462 2741 743 2811 datur,ut,
762 2756 897 2796 cum
920 2742 1167 2797 mendax
1188 2742 1587 2813 deprehensus
1609 2744 1802 2810 fuerit,
1820 2749 1960 2800 tunc
1982 2762 2103 2801 cre-

467 2829 639 2884 datur
665 2828 875 2899 spiritu
908 2829 1221 2901 prophetia:
1254 2836 1454 2887 sancto
1487 2832 1765 2901 caruisse,
1790 2850 1906 2890 non
1939 2834 2107 2891 facile

466 2922 745 2990 arguetur
766 2916 948 2974 falsus
973 2935 1103 2974 esse
1133 2921 1450 2990 propheta;
1477 2937 1613 2977 nam
1634 2923 1694 2977 in
1727 2922 1927 2994 paucis
1948 2922 2105 2990 iis,in

465 3006 702 3078 quibus,
736 3010 937 3078 utpote
979 3005 1164 3062 multa
1194 3006 1462 3079 loquens,
1495 3010 1794 3066 veritatem
1826 3012 2105 3083 attigerit,

464 3094 735 3150 credetur
763 3095 1039 3167 spiritum
1074 3095 1370 3167 possidere
1398 3098 1535 3163 ;etsi
1565 3099 1753 3169 prima
1785 3099 1991 3154 ultima
2021 3100 2107 3155 di-

463 3185 640 3249 cat,et
670 3180 880 3237 ultima
912 3182 1121 3253 prima,
1149 3184 1440 3256 praeterita
1469 3190 1535 3240 ut
1568 3186 1783 3255 futura,
1816 3189 2015 3243 futura
2046 3192 2109 3242 ut

463 3270 918 3342 praeterita,item
950 3274 1429 3344 consequentiam
1459 3291 1572 3329 non
1606 3276 1899 3341 habentia,
1920 3275 2005 3331 vel
2036 3293 2104 3332 ex
2137 3261 2178 3327 C

462 3358 594 3414 aliis
624 3358 938 3430 compilata
966 3365 1023 3415 et
1066 3362 1506 3431 transformata,
1542 3379 1647 3418 nec
1677 3381 1792 3419 non
1836 3366 2105 3436 quiedam

462 3445 798 3517 imminuta,
849 3447 1142 3514 informia,
1176 3448 1378 3516 stulta,
1410 3451 1610 3519 dubia,
1652 3452 1970 3524 inopinata,
2004 3454 2105 3509 ob-

462 3550 654 3602 scura,
689 3538 869 3591 totam
900 3535 1214 3593 clamantia
1244 3538 1605 3595 conscientias
1638 3541 1996 3611 pravitatem.

535 3621 652 3678 XV.
686 3625 752 3678 At
800 3629 1117 3696 praeceptor
1164 3631 1363 3682 noster
1413 3643 1531 3683 non
1579 3627 1797 3684 talibus
1848 3647 1991 3685 usus
2022 3634 2112 3685 est

467 3710 797 3783 praestigiis,
831 3714 953 3780 sed,
987 3719 1051 3768 ut
1082 3730 1260 3785 supra
1290 3713 1482 3785 retuli,
1517 3717 1801 3788 propheta
1833 3719 1931 3789 qui
1964 3722 2110 3784 erat,

468 3798 669 3855 innato
700 3816 767 3855 ac
804 3808 1084 3872 perpetuo
1114 3802 1323 3873 spiritu
1372 3805 1573 3860 omnia
1602 3805 1831 3876 penitus
1880 3808 2113 3874 cognita

467 3887 676 3957 ﬁdens,
708 3889 882 3957 clare,
916 3894 978 3944 ut
1018 3894 1189 3946 antea
1218 3889 1361 3959 dixi,
1415 3894 1703 3965 exposuit,
1735 3911 1931 3963 casus,
1962 3896 2109 3966 loca,

467 3977 792 4048 praestituta
840 3980 1124 4050 tempora,
1176 3980 1403 4051 modos,
1454 3981 1756 4038 terminos.
1791 3983 1885 4039 Sic
1933 3984 2113 4055 igitur

465 4064 539 4120 de
589 4065 807 4138 templo
864 4067 1128 4137 praedixit
1174 4083 1188 4122 :
1246 4068 1439 4125 Videtis
1496 4070 1594 4126 has
1647 4070 2036 4142 aediﬁcationes
2085 4073 2112 4128 ‘I

2204 1942 2460 2017 δεξόμεθα
2488 1946 2533 1981 ³⁹
2562 1944 2835 2015 ἡμεῖς,ὡς
2867 1945 2920 1997 οἱ
2951 1942 3278 2011 πολλοὶ,δτι
3298 1945 3387 1998 καὶ
3419 1945 3447 1998 ὁ
3480 1943 3691 2015 ἀληθὴς
3722 1966 3857 2021 προσ

2204 2037 2381 2112 φήτης
2414 2033 2474 2087 ού
2518 2034 2764 2102 πάντοτε,
2796 2032 2923 2089 ἀλλ’
2953 2032 3144 2101 ἐνίοτε,
3178 2032 3267 2087 ὅτι
3326 2031 3441 2108 ἔχει
3499 2035 3563 2088 τὸ
3620 2039 3853 2107 πνεῦμα,

2205 2124 2293 2179 καὶ
2342 2120 2430 2177 διὰ
2474 2126 2634 2176 τοῦτο
2682 2123 3065 2197 προγινώσκει,
3115 2121 3279 2175 ὁπότε
3328 2118 3386 2176 δὲ
3432 2121 3533 2175 ούκ
3578 2117 3716 2197 ἔχει,
3761 2122 3855 2197 ἀγ·

2204 2216 2338 2279 νοεῖ,
2374 2244 2439 2254 -
2500 2209 2586 2264 ἐὰν
2624 2209 2795 2272 οὕτως
2863 2204 3250 2281 ὑπολάϐωμεν,
3291 2208 3380 2263 καὶ
3438 2210 3661 2273 ἑαυτοὺς
3707 2210 3859 2271 ,ἀπα-

2204 2305 2385 2372 τῶμεν
2433 2297 2521 2354 καί
2575 2296 2779 2360 ἄλλους
2843 2295 3260 2372 ἐνεδρεύσωμεν.
3320 2298 3389 2352 Τὸ
3446 2300 3550 2372 γὰρ
3604 2303 3854 2354 τοιοῦτον

2214 2392 2451 2462 μανικῶς
2499 2386 2898 2451 ἐνθουσιώντων
2947 2389 2991 2422 ⁹⁰
3039 2386 3177 2441 ἐστὶν
3230 2385 3331 2440 ὑπὸ
3378 2386 3683 2459 πνεύματος
3734 2389 3862 2442 ἀτα-

2210 2477 2323 2547 ξίας
2354 2479 2487 2548 (60),
2518 2480 2627 2530 τῶν
2651 2477 2798 2551 παρὰ
2856 2476 3070 2551 βωμοῖς
3132 2475 3436 2549 μεθυόντων
3489 2475 3579 2530 καὶ
3635 2474 3862 2546 κνίσσης

2212 2564 2661 2643 ἐμφορουμένων.

2287 2655 2430 2711 XIV.
2477 2652 2587 2707 Τινὶ
2636 2653 2741 2727 γὰρ
2779 2652 3113 2729 προφητείαν
3176 2651 3599 2728 ἐπαγγέλλεσθαι
3639 2652 3858 2708 θέλοντι

2214 2742 2301 2798 ἐὰν
2333 2743 2670 2816 συγχωρηθῇ
2701 2740 3036 2795 πιστεύεσθαι
3068 2740 3118 2794 έν
3152 2741 3236 2803 οἷς
3287 2740 3525 2814 ψεύστης
3584 2748 3858 2819 φωρᾶται,

2214 2830 2299 2885 ὅτι
2324 2830 2446 2884 τότε
2473 2830 2535 2884 τὸ
2563 2836 2661 2898 τῆς
2690 2828 3053 2904 προγνώσεως
3084 2829 3238 2904 ἅγιον
3272 2827 3371 2883 οὐκ
3425 2829 3569 2905 εἶχεν
3623 2835 3857 2903 πνεῦμα,

2217 2919 2316 2976 οὐκ
2367 2917 2683 2992 εύέλεγκτος
2738 2914 2884 2972 ἔσται
2939 2916 3172 2991 ψεύστης
3232 2917 3490 2993 ὑπάρχων
3548 2921 3859 2994 προφήτης.

2218 3008 2269 3063 ἐν
2299 3008 2379 3069 οἷς
2406 3008 2507 3082 γὰρ
2547 3006 2620 3068 ὡς
2668 3004 2854 3061 πολλά
2899 3004 3075 3081 λέγων
3129 3004 3295 3081 ὀλίγα
3349 3005 3710 3082 ἐπιτυγχάνει,
3740 3007 3867 3063 τότε

2216 3097 2278 3150 τὸ
2309 3100 2517 3167 πνεῦμα
2547 3094 2692 3171 ἔχειν
2740 3094 3064 3167 πιστεύεται,
3100 3094 3182 3150 ὅτι
3231 3116 3291 3150 τε
3339 3098 3381 3133 σί
3427 3096 3495 3150 τὰ
3542 3099 3735 3171 πρῶτα
3782 3094 3867 3151 ἔσ-

2220 3205 2362 3260 χατα
2420 3183 2587 3259 λέγει,
2616 3183 2705 3238 καὶ
2755 3183 2823 3239 τὰ
2870 3181 3073 3258 ἔσχατα
3114 3188 3326 3259 πρῶτα,
3370 3184 3439 3238 τὰ
3481 3183 3744 3259 γενόμενα
3794 3185 3870 3247 ὡς

2218 3273 2468 3345 ἐσόμενα,
2498 3274 2565 3327 τὰ
2594 3272 2820 3345 ἐσόμενα
2849 3272 2922 3333 ὡς
2952 3269 3061 3342 ηδη
3093 3272 3373 3347 γεγονότα,
3394 3270 3541 3327 ἀλλὰ
3569 3271 3657 3327 καί
3683 3272 3873 3327 ἀνακό-

2216 3362 2452 3431 λουθα,ἢ
2475 3364 2520 3398 ⁰²
2541 3361 2629 3416 καὶ
2662 3360 2713 3431 ἐξ
2746 3360 2930 3417 ἄλλων
2965 3360 3138 3438 ὑφῃρη
3152 3360 3279 3431 μένα
3310 3360 3400 3415 καὶ
3429 3381 3870 3439 μεταμεμορφω-

2219 3452 2374 3524 μένα,
2426 3449 2461 3504 ἃ
2491 3447 2548 3505 δὲ
2608 3448 2975 3523 μεμειωμένα,
3019 3446 3246 3520 άνείδεα,
3281 3449 3505 3520 ἀνόητα,
3558 3445 3871 3522 ἀμφίϐολα,

2219 3536 2402 3609 ἄδοξα,
2436 3536 2637 3608 ἄδηλα,
2670 3537 2848 3608 πάσης
2880 3537 3179 3615 κεκραγότα
3210 3535 3672 3608 δυσσυνειδησίας.

2288 3629 2383 3686 85
2418 3629 2531 3683 XV.
2551 3628 2612 3684 Ὀ
2645 3624 2701 3682 δὲ
2720 3628 2986 3702 ἡμέτερος
3022 3623 3347 3688 διδάσκαλος
3386 3624 3540 3681 οὐδέν
3567 3648 3620 3682 τι
3648 3631 3871 3681 τοιοῦτο

2218 3716 2579 3790 ἐγοητεύσατο
2610 3718 2675 3784 9³,
2708 3713 2855 3780 ἀλλ’,
2887 3715 2960 3777 ὡς
3005 3715 3205 3792 φθάσας
3254 3715 3427 3785 εἶπον,
3460 3718 3748 3793 προφήτης
3793 3712 3870 3770 ὢν

2221 3805 2447 3882 ἐμφύτῳ
2493 3806 2582 3860 καὶ
2632 3805 2835 3877 ἀεννάῳ
2884 3803 3149 3877 πνεύματι
3200 3805 3430 3859 πάντοτε
3469 3803 3799 3878 ἐπιστάμενᾳ
3829 3806 3878 3842 ἰ

2218 3892 2566 3969 τεθαρῥηκὼς
2643 3890 2930 3963 ἐξετίθετο,
3000 3891 3074 3952 ὡς
3146 3889 3446 3967 προέλεγον
3522 3893 3586 3963 ⁸⁵,
3665 3895 3874 3968 σαφῶς,

2220 3981 2384 4051 πάθη,
2436 3981 2657 4052 τόπους,
2711 3979 3149 4054 ἐμπροθέσμους,
3201 3978 3460 4055 τρόπους,
3527 3978 3711 4056 ὄρους.
3764 3979 3875 4035 Αὖ-

2217 4070 2344 4126 τίκα
2418 4074 2549 4144 γοῦν
2623 4070 2749 4144 περὶ
2822 4073 2920 4123 τοῦ
2998 4067 3337 4143 άγιάσματος
3415 4070 3528 4142 (61)
3585 4066 3876 4144 προλέγων

1818 4221 2056 4278 νΑΡιΙίΕ
2095 4222 2397 4280 LECTION
2406 4223 2507 4278 ES.

534 4347 580 4429 ξ⁴
629 4346 675 4402 D
722 4346 835 4429 legi
888 4348 1014 4429 γυιι
1048 4346 1371 4429 πρόρῥησιν.
1450 4351 1654 4429 Recte._
1718 4354 1763 4389 ⁸⁸
1794 4353 2074 4429 ἐπίστηται
2107 4356 2170 4412 0.
2214 4357 2294 4429 βξ
2329 4358 2412 4412 Ita
2458 4353 2662 4429 D,_xai
2694 4355 2769 4429 _C,
2802 4355 2866 4411 0.
2944 4355 2988 4389 ⁸⁷
3022 4353 3181 4429 ,ῥήτα
3233 4350 3646 4429 0,-ἄρῥηταξῦ,
3785 4355 3879 4412 8ἰο

463 4416 613 4505 in?“
644 4434 693 4507 9-
725 4416 840 4475 2θέ
876 4416 1014 4493 ῥητά
1041 4416 1391 4550 «regem.
1424 4429 1564 4499 σαφῆ
1599 4421 1764 4496 λέγει.
1839 4428 1882 4463 ⁸·
1913 4416 2063 4534 «pip
2098 4428 2229 4500 (sic)
2260 4428 2324 4483 o.
2357 4416 2521 4483 Tum?
2541 4416 2872 4481 λανθάιόντα
2898 4416 3057 4509 conj:
3093 4416 3155 4494 C,
3190 4441 3255 4480 ac
3282 4416 3407 4480 'iui'
3430 4416 3642 4481 vertit.’
3695 4427 3741 4461 ιο
3770 4446 3876 4479 πα-

464 4490 806 4550 ραὸεξωμεθα
834 4490 893 4545 Co
970 4492 1014 4528 ⁰⁰
1042 4494 1128 4549 Ita
1232 4512 1281 4549 c.
1313 4498 1366 4550 S.
1400 4491 1813 4549 ἐνθουσιούντων
1847 4498 1907 4550 C.
2011 4502 2026 4535 ι
2061 4496 2143 4550 ὅτι
2170 4518 2230 4550 τε
2260 4500 2322 4550 C.
2368 4499 2431 4550 Ο.
2493 4497 2582 4550 ὅτε
2639 4499 2702 4550 D.
2766 4499 3099 4550 Prommuin
3160 4493 3251 4549 καί
3310 4496 3444 4550 add.
3506 4514 3557 4550 ο.
3620 4500 3680 4550 0.
3760 4498 3805 4535 ⁵³
3837 4495 3876 4550 ἥ

464 4485 806 4564 ραδεξώμεθα
834 4485 893 4545 ΟΖ
932 4485 939 4487 ⁷
970 4492 1014 4528 ⁹⁰
1042 4485 1128 4564 Ita
1156 4485 1281 4550 0'0.
1313 4485 1813 4562 8,’ἐνθὸυσιούντων
1847 4498 1907 4553 C.

2061 4493 2230 4552 ὅτιτέ
2260 4500 2322 4565 C,
2368 4499 2431 4563 0,
2493 4497 2582 4552 ὅτε
2639 4499 2702 4554 D.
2766 4493 3103 4566 Proximum
3144 4493 3251 4549 καί
3310 4496 3444 4551 add.
3506 4514 3557 4553 ο.
3620 4500 3680 4551 0.
3760 4495 3876 4566 ⁹²ἤ

464 4561 580 4616 bin.
612 4564 676 4617 0.
752 4561 797 4597 ⁸³
822 4563 1260 4639 προεφητεύσατο
1294 4561 1358 4621 C.
1427 4567 1471 4602 “
1499 4563 1852 4639 ἐπιστάμενος
1882 4574 1940 4625 G.
1975 4571 2191 4627 Deinde
2222 4561 2384 4643 ὤν’ρ.
2419 4561 2494 4631 ὡς
2526 4574 2586 4625 0.
2664 4571 2707 4606 “
2741 4575 2828 4625 Ita
2858 4575 2920 4640 Ο,
2954 4564 3249 4643 προέλεγεν
3284 4566 3346 4639 C,
3376 4571 3443 4622 0.

1848 4720 2229 4777 VARIORUM
2273 4721 2503 4778 NOTIE.

543 4839 655 4909 (60)
711 4838 841 4911 Ὑπὸ
894 4837 1199 4911 πνεύματος
1258 4839 1495 4911 ἀταξίας.
1556 4843 1939 4900 Scribendum
1994 4861 2116 4900 cre-

472 4911 717 4985 diderim
753 4909 855 4985 ὑπὸ
886 4910 1205 4985 πνευμάτων
1232 4984 1239 4985 7
1264 4909 1477 4985 ἀταξίας
1535 4932 1570 4970 a
1624 4918 1917 4984 spiritibus
1962 4918 2115 4972 inor—

470 4982 702 5056 dinatis,
734 4984 845 5056 qui,
867 4981 935 5036 ad
965 4981 1098 5038 aras
1130 4981 1482 5041 inebriaritur
1508 4990 1558 5041 et
1587 4981 2007 5056 ingurgitanlur
2033 4990 2121 5043 ni-

471 5053 619 5130 t‘lore.
651 5054 977 5130 Credebant
1008 5062 1226 5130 veteres
1252 5057 1394 5130 deos
1414 5053 1738 5130 participes
1757 5053 1948 5114 luisse
1992 5057 2119 5112 Aol-

470 5117 936 5203 ⁶ῃ<-τεν.ξινίσσης
972 5123 1162 5203 ,τετὸ
1207 5124 1308 5200 γὰρ
1358 5117 1603 5203 Mitem
1636 5117 1817 5203 Ϋγέρας
1846 5131 2009 5202 ἡμεῖς
2055 5136 2118 5187 ut

469 5196 547 5253 ait
576 5195 806 5266 Jupiter
835 5196 988 5266 apud
1019 5195 1338 5253 Homerum
1368 5195 1525 5255 Iliad.
1623 5195 1954 5259 119.'Postea
1982 5218 2115 5257 vero

466 5266 798 5394 philosophi
829 5266 1015 5323 malos
1044 5268 1342 5324 daemonas
1359 5271 1664 5343 sanguinis
1694 5276 1751 5328 et
1768 5274 1988 5359 nidoris
2021 5289 2116 5343 pa-

514 5336 607 5393 ulo
636 5339 889 5394 gaudere
918 5338 1271 5394 statuebant.
1309 5341 1461 5394 Infra
1492 5360 1616 5394 can.
1651 5345 1815 5394 39.To
1848 5342 1933 5394 ἐπὶ
1966 5344 2111 5394 κνίση

514 5336 607 5393 υΙο
635 5339 889 5414 gapdere
918 5338 1271 5414 statuebant.
1309 5336 1616 5414 Infrafcap.
1651 5343 1815 5407 39,1‘6
1848 5342 1933 5397 ἐπὶ
1966 5336 2111 5398 κνίσι

467 5428 531 5490 σγι
561 5410 769 5490 σαρκῶν
802 5409 1035 5490 ᾑσθῆναί
1067 5407 1166 5490 oti}:
1195 5410 1415 5484 ἀγαθοῖν
1450 5407 1594 5490 deé
1638 5416 1809 5490 Inng
1855 5416 2110 5490 Porphy-

468 5479 729 5556 rAium'De
756 5479 1183 5556 abstineatlib.
1215 5479 1276 5548 Ii,
1307 5486 1521 5556 cap.42
1550 5503 1563 5545 :
1597 5490 1654 5541 et
1685 5479 2111 5545 Tertulliahuin

468 5552 621 5622 Apol.
657 5569 783 5621 cap.
816 5553 907 5619 22,
937 5552 1027 5607 23.
1063 5551 1257 5608 DAVIS.

482 5621 859 5710 .ί(61)⁸Η.ερὶ.
890 5625 993 5710 τοέ
1036 5622 1385 5710 άχιάσματος
1440 5631 1528 5682 etc
1560 5669 1573 5683 .
1633 5628 1850 5685 Auctor
1920 5630 2111 5710 Opeiis

471 5693 792 5766 imperfecti
838 5697 897 5750 in
943 5693 1266 5765 Matthzum,
1316 5697 1386 5753 ad
1443 5713 1567 5770 cap.
1619 5715 1771 5769 xxxv,
1817 5693 1972 5757 vers:
2020 5704 2106 5760 15.

2225 4846 2347 4901 Fuit
2376 4847 2527 4901 enim
2555 4845 3326 4920 exercitus__alienigenarum,
3358 4858 3411 4904 et
3440 4850 3672 4904 Romani
3701 4852 3876 4920 impe-

2227 4920 2429 4973 ratoris
2458 4919 2786 4991 stansﬁcirca
2817 4917 3182 4985 Hierusalem,
3201 4936 3333 4991 quae
3372 4937 3542 4991 usque
3570 4930 3702 4977 tunc
3743 4917 3875 4988 file-

2226 4998 2314 5063 [ut
2352 4999 2561 5063 sancta.
2594 4990 2700 5063 Hoc
2745 4991 2797 5043 et
2828 4993 3021 5063 Petrus
3062 4988 3571 5063 apud’Clemen’tem
3596 5062 3599 5063 ν
3623 4995 3874 5063 exponit.

2227 5060 2360 5131 Leg.
2395 5061 2843 5136 Recogiiitiazzum
2874 5057 2974 5136 lib.
3010 5077 3049 5129 ι,
3081 5077 3207 5136 cap.
3240 5062 3328 5127 39,
3361 5057 3877 5136 64,_65.Sed'etfu-

2225 5140 2349 5187 tura
2376 5133 2595 5198 aperuit
2620 5131 2737 5186 illis
2764 5131 3055 5195 omnium;
3084 5132 3258 5187 verba
3289 5131 3735 5191 suntLactantii
3769 5131 3873 5192 l'ib.

2224 5219 2299 5271 ιν,
2335 5219 2461 5273 cap.
2494 5203 2587 5270 21,
2636 5216 2762 5273 qua.w
2788 5202 2981 5275 Petrus
3018 5209 3072 5275 et
3116 5204 3327 5259 Paulus
3373 5206 3558 5263 Rome
3600 5205 3877 5275 praedica-

2222 5282 2449 5349 verunt;
2480 5276 2531 5349 et
2560 5290 2628 5328 ea
2669 5274 2997 5349 praedicatio
3022 5274 3080 5327 in
3130 5278 3452 5349 memoriam
3495 5274 3700 5345 scripta
3744 5294 3875 5349 per-

2224 5348 2467 5407 mansit;
2498 5346 2563 5400 in
2589 5360 2700 5416 qua
2725 5359 2850 5398 cum
2880 5345 3058 5399 multa
3086 5346 3204 5400 alia
3232 5349 3398 5413 mira,
3422 5356 3540 5402 tum
3567 5345 3875 5404 etiam'hoc

2218 5418 2474 5490 futuram
2501 5431 2618 5471 esse
2646 5417 2939 5490 dixerunt,
2967 5424 3027 5470 ut
3064 5426 3181 5486 post
3213 5417 3373 5490 breve
3398 5427 3610 5490 tempus
3659 5419 3869 5476 immit-

2221 5491 2354 5543 teret
2384 5488 2524 5543 Deus
2548 5502 2748 5557 regem.
2780 5488 2880 5557 qui
2906 5492 3244 5558 expugnaret
3269 5488 3515 5554 Iudaeos,
3537 5492 3588 5544 et
3622 5490 3873 5547 civitates

2218 5574 2405 5614 eorum
2429 5559 2908 5632 soloadaequaret,
2941 5559 3081 5628 ipsos
3108 5567 3290 5616 autem
3324 5563 3475 5632 fame
3499 5561 3706 5632 sitique
3733 5577 3867 5619 com

2215 5637 2380 5702 lectos
2409 5629 2695 5696 obsideret,
2726 5635 2837 5687 etc.
2868 5629 2998 5687 Cor.
