4116 6224
383 327 469 385 l2!
1459 323 1987 383 CLEMENTINA.
2023 355 2098 367 —
2138 320 2462 382 HOMILIA
2513 322 2619 383 IlI.

378 456 458 535 ἔφη
490 474 501 487 ⁸
556 460 734 530 Ὁρᾶτε
789 459 882 515 τᾶς
936 451 1234 527 οίκοδομάς
1287 453 1484 519 ταύτας
1543 475 1559 525 ;

377 546 498 619 λέγω
548 547 609 615 ’⁸,
656 542 804 604 λίθος
852 541 941 597 ἐπὶ
992 542 1143 607 λίθον
1188 544 1249 598 οὐ
1300 546 1375 617 μή
1424 544 1594 621 ἀφεθῇ
1646 542 1773 615 ὦδε,
1822 546 1881 607 ’ὸς
1918 544 1979 599 οὐ

379 636 439 707 μὴ
484 634 783 705 καθαιρεθῇ’
840 631 928 685 καὶ
990 632 1051 686 οὗ
1114 634 1187 702 μὴ
1246 633 1488 707 παρέλθῃ
1538 637 1570 703 ἡ
1621 635 1774 709 γενεὰ
1819 630 1977 706 αὕτη,

374 723 443 776 ιιαέ
491 724 522 789 ἡ
577 724 618 757 ³⁷
684 722 983 795 καθαίρεσις
1060 721 1239 797 ἀρχὴν
1300 722 1529 796 λήψεται
1565 768 1578 780 .
1638 721 1979 777 Ἐλεύσονται

374 814 455 886 γὰρ
505 809 586 863 καί
644 814 917 873 καοιοῦσιν
977 808 1221 878 ἐνταῦθα,
1280 812 1369 866 καὶ
1424 812 1979 888 περιχαρακώσουσι,

370 898 443 953 καὶ
529 898 592 951 τά
691 898 846 951 τέκνα
948 898 1098 970 ὑμῶν
1203 898 1425 963 ἐνταῦθα
1526 900 1979 977 κατασφάξουσιν.

371 993 529 1060 Ὅμως
557 986 645 1040 καὶ
675 988 740 1040 τὲ
792 985 915 1056 ἑξῆς
958 987 1142 1063 εἷ’ρηκε
1188 994 1345 1063 σαφεῖ
1393 993 1570 1066 φωνῇ,
1605 991 1758 1043 ἅτινα
1798 988 1979 1051 αὐτοῖς

370 1074 644 1150 ὀφθαλμοῖς
678 1072 809 1129 ἰδεῖν
842 1078 885 1111 ⁸⁸
918 1072 1142 1151 ἔχομεν’
1170 1074 1262 1130 ’ίνα
1292 1076 1371 1154 ἐφ’
1400 1078 1473 1131 ὧν
1506 1079 1534 1132 6
1566 1077 1730 1153 λόγος
1766 1077 1982 1154 έρῥὲθη,

366 1164 437 1219 καὶ
465 1164 521 1217 τὸ
549 1160 704 1237 ἔργον
740 1162 985 1238 γένηται.
1020 1164 1159 1239 Πρὸς
1198 1164 1300 1239 γὰρ
1342 1165 1518 1219 πίστιν
1553 1164 1857 1221 ἀκουόντων
1890 1166 1980 1221 τὸν

368 1252 509 1326 λόγον
539 1259 637 1322 τῆς
682 1249 1010 1326 ἀποδείξεως
1042 1254 1070 1307 6
1117 1260 1217 1323 τῆς
1268 1252 1524 1325 ἀληθείας
1568 1260 1802 1309 ποιεῖται
1850 1275 1984 1330 προ-

367 1344 543 1419 etm-

423 1432 549 1485 XVI.
583 1426 737 1497 Πλὴν
769 1427 973 1485 πολλοί
1003 1429 1105 1484 εἶσι
1134 1432 1231 1499 τῆς
1258 1429 1473 1501 πλάνης
1522 1433 1774 1507 κήρυκες,
1820 1432 1914 1487 ἕνα
1943 1435 1987 1470 ’θ

364 1518 440 1572 τὸν
480 1524 573 1586 τῆς
621 1517 810 1579 κακίας
853 1518 1099 1593 ἡγεμόνα
1146 1515 1383 1594 ἔχοντες·
1436 1521 1481 1593 ᾧ
1522 1516 1675 1596 λόγῳ
1723 1524 1751 1577 δ
1793 1526 1859 1558 ¹⁰⁰
1886 1529 1985 1591 τῆς

364 1606 593 1675 ἀληθείας
623 1606 717 1660 καὶ
766 1607 923 1668 αὐτὸς
966 1609 1043 1668 εἷς
1091 1605 1163 1661 ὢν
1208 1611 1308 1677 τῆς
1359 1604 1629 1672 εὐσεϐείας
1675 1610 1900 1684 ἡγεμὼν
1935 1610 1987 1665 έν

364 1693 503 1755 ἰδίοις
528 1700 741 1769 καιροῖς
787 1696 915 1757 τοὺς
966 1697 1167 1759 πάντας
1216 1698 1483 1773 καθαροὺς
1534 1698 1841 1775 εὑρεθέντας
1883 1696 1987 1773 ἕξει

365 1786 639 1861 προφήτας.
672 1788 734 1839 Ἦ
765 1781 822 1838 δέ
851 1782 1038 1853 πολλὴ
1085 1790 1192 1839 τῶν
1237 1784 1671 1860 πεπλανημένων
1719 1787 1864 1843 αἰτία
1893 1788 1982 1864 γέ-

364 1892 491 1946 γονεν
522 1871 652 1941 αὕτη
704 1876 743 1908 ¹ο
772 1873 835 1926 τὸ
888 1874 963 1946 μὴ
996 1873 1257 1949 πρότερον
1304 1883 1492 1945 νοῆσαι
1540 1877 1632 1931 16v
1682 1884 1782 1946 τῆς
1833 1883 1986 1947 συζυ-

362 1961 462 2035 γίας
490 1958 677 2035 λόγον,
712 1961 768 2015 ὃν
802 1958 915 2033 ἰδίᾳ
945 1962 1071 2035 ὑμῖν
1122 1963 1372 2018 ἑκάστοτε
1418 1964 1479 2019 ού
1528 1964 1803 2039 παύσομαι
1846 1965 1986 2020 ἐκτιο

365 2049 561 2120 θέμενος
592 2047 1006 2127 κεφαλαιωδῶς·
1040 2048 1183 2105 πολὺ
1214 2052 1314 2128 γὰρ
1362 2052 1424 2107 τὸ
1454 2054 1569 2107 κατ⁹
1613 2052 1756 2116 εἶδος
1787 2053 1983 2130 λέγειν.

364 2139 524 2209 Ὑμεῖς
580 2134 674 2191 οὖν
733 2143 841 2192 τῶν
899 2140 1211 2215 Λεγομένων
1260 2138 1471 2217 γένεσθέ
1524 2162 1617 2215 μοι
1662 2142 1986 2221 φιλαληθεῖς

366 2226 541 2301 κριταί.

427 2318 517 2374 86
549 2318 721 2373 XVII.
750 2320 856 2370 Τοῦ
889 2313 945 2371 Si:
974 2316 1153 2392 λέγειν
1203 2316 1433 2393 ἄρξομαι
1464 2316 1596 2390 ἤδη.
1637 2324 1771 2375 Θεοῦ
1802 2324 1897 2375 τοῦ
1925 2318 1992 2375 τὰ

365 2405 517 2459 πάντα
561 2406 930 2476 πεποιηκότος
966 2406 1027 2461 τὸ
1078 2402 1215 2482 μέγα
1254 2407 1344 2462 καὶ
1390 2408 1543 2482 ἀγιον
1590 2415 1689 2478 τῆς
1738 2410 1994 2484 προγνώ-

366 2515 483 2556 σεως
514 2494 680 2550 αὑτοῦ
708 2499 922 2568 πνεῦμα
968 2494 1013 2549 εί
1067 2497 1143 2569 μή
1174 2500 1252 2567 τῷ
1307 2496 1408 2551 ὑπὸ
1438 2501 1638 2572 χειρῶν
1674 2497 1836 2553 αὐτοῦ
1865 2518 1994 2552 κυο-

366 2584 629 2659 φορηθέντι
665 2584 939 2660 ἀνθρώπῳ
971 2581 1085 2657 δῴη
1118 2606 1199 2647 τις
1229 2584 1529 2661 ἐσχηκέναι,
1561 2590 1679 2648 πῶς
1710 2584 1785 2640 ἔτι
1828 2587 1994 2659 ἑτέρῳ

363 2692 430 2745 τῳ
458 2676 478 2709 ³
508 2671 565 2727 ἐκ
596 2678 842 2745 μυσαρᾷς
891 2674 1146 2749 σταγόνος
1196 2675 1502 2750 γεννηθέντι
1535 2675 1562 2729 6
1595 2674 1882 2748 ἀπονέμων
1931 2674 1993 2729 οὗ

363 2760 419 2815 τὶ
446 2761 675 2836 μέγιστα
704 2764 995 2834 ἁμαρτάνει
1029 2789 1043 2831 ς
1076 2762 1173 2818 Καὶ
1206 2762 1301 2817 οὐκ
1333 2764 1486 2837 οἶμαι
1536 2763 1693 2819 αὐτὸν
1746 2765 1993 2839 συγγνώ-

369 2870 462 2921 μης
506 2849 797 2925 τυγχάνειν
850 2853 909 2918 ³,
960 2849 1055 2905 κᾶν
1102 2851 1206 2905 ὑπὸ
1251 2847 1406 2906 νόθου
1454 2858 1670 2930 Γραφῆς
1717 2853 1853 2907 κατά
1897 2856 1995 2907 τοῦ

366 2935 553 2992 πάντων
591 2939 804 3014 Πατρὸς
860 2936 1005 2993 δεινὰ
1044 2946 1186 2993 νοεῖν
1236 2940 1556 3009 ἀπατηθείη·
1593 2941 1621 2995 6
1650 2941 1751 3017 γὰρ
1793 2940 1994 3013 εἰκόνα,

361 3027 436 3080 καὶ
478 3032 650 3081 ταῦτα
678 3027 904 3082 αἰωνίου
958 3026 1258 3103 βασιλέως,
1312 3024 1555 3104 ὑϐρίσας,
1602 3031 1703 3099 τὴν
1737 3030 1998 3103 ἁμαρτίαν

355 3115 416 3177 ιίς
460 3116 663 3171 ἐκεῖνον
709 3118 1111 3195 ἀνάφερομένην
1164 3116 1301 3192 ἔχει,
1353 3118 1517 3192 οὗπερ
1566 3120 1683 3182 καθ’
1727 3119 1993 3191 ὁμοίωσιν

3624 322 3741 382 122

1618 456 1794 528 Ἀμὴν
1853 456 1980 529 ὑμῖν
2014 462 2065 526 Α
2096 457 2259 511 Amen
2293 455 2609 524 dico‘vobis,
2643 457 2792 528 lapis
2820 473 2986 528 super
3016 454 3256 529 lapidem
3300 472 3408 511 non
3458 456 3735 527 relinque-

2090 553 2182 600 tur
2209 548 2316 613 hic,
2352 548 2447 618 qui
2469 563 2577 602 non
2606 546 2918 603 destruatur
2941 564 2959 600 :
2987 550 3039 603 et
3066 564 3177 601 non
3222 544 3536 617 praeterebit
3582 560 3737 615 gene-

2090 636 2228 689 ratio
2275 634 2413 700 haec,
2462 637 2595 705 quin
2639 635 2927 689 destructio
2976 637 3205 689 initium
3251 638 3459 688 sumat.
3500 635 3727 688 Veniant

2088 724 2240 778 enim
2270 729 2322 778 et
2351 724 2609 778 sedebant
2639 724 2730 778 hic
2756 733 2805 779 et
2837 725 2979 777 vallo
3018 723 3454 790 circumdabant,
3488 727 3540 777 et
3588 723 3735 792 ﬁlios

2089 816 2292 867 vestros
2312 812 2649 884 jugulabunt
2671 814 2761 867 hic
2776 813 2876 883 (σι).
2912 812 3132 867 Pariter
3154 812 3310 866 clara
3332 828 3469 866 voce
3490 827 3738 882 sequen-

2090 900 2174 955 tia
2205 902 2600 972 pronuntiavit
2631 918 2757 973 quae
2788 900 2933 972 ipsis
2980 900 3167 955 oculis
3218 900 3486 955 videmus
3510 917 3529 953 :
3562 905 3625 954 ut
3676 899 3736 955 in

2091 988 2307 1061 quibus
2336 1007 2528 1045 sermo
2558 990 2750 1045 dictus
2783 990 2908 1057 fuit,
2944 994 3002 1045 et
3034 1006 3125 1045 res
3150 989 3420 1045 eveniret.
3454 989 3599 1043 Nam
3639 1004 3735 1045 ve-

2092 1078 2282 1134 ritatis
2315 1081 2592 1151 propheta
2624 1079 2695 1134 ob
2727 1078 3059 1134 auditorum
3086 1080 3259 1133 fidem
3285 1093 3615 1133 sermonem
3638 1078 3737 1134 de-

2094 1168 2538 1223 monstrationis
2572 1168 2729 1224 facit.

2164 1433 2305 1489 XVI.
2338 1433 2753 1489 Verumtamen
2784 1434 2954 1490 multi
2987 1438 3127 1490 sunt
3154 1434 3366 1490 erroris
3416 1448 3734 1506 praecones.

2095 1539 2279 1578 unum
2315 1523 2595 1579 habentes
2630 1522 2861 1578 malitiae
2912 1524 3120 1578 ducem
3154 1539 3167 1577 :
3205 1538 3319 1594 qua
3366 1522 3587 1577 ratione
3633 1521 3735 1593 qui

2096 1627 2250 1665 unus
2280 1611 2731 1682 veritatisjuxta
2772 1628 2837 1666 ac
2892 1612 3125 1683 pietatis
3176 1612 3293 1666 dux
3344 1614 3452 1677 est,
3487 1610 3740 1682 propriis

2096 1699 2458 1770 temporibus
2490 1716 2694 1754 omnes
2721 1716 2900 1771 puros
2931 1700 3194 1755 inventos
3228 1699 3461 1754 habebit
3493 1699 3745 1771 prophe-

2096 1792 2205 1841 tas.
2241 1787 2535 1859 Praecipua
2580 1805 2715 1843 vero
2762 1788 2975 1844 erroris
3026 1788 3347 1844 multorum
3397 1805 3575 1843 causa
3622 1787 3745 1843 haec

2096 1880 2204 1942 est,
2238 1877 2395 1947 quod
2428 1894 2542 1931 non
2575 1878 2738 1948 prius
2758 1878 3190 1948 conjugationis
3212 1877 3539 1932 doctrinam
3570 1875 3742 1931 intel-

2097 1963 2379 2028 lexerunt.
2431 1982 2607 2036 quam
2658 1966 2822 2021 vobis
2872 1982 3137 2020 seorsum
3186 1983 3299 2020 non
3344 1966 3584 2021 cessabo
3636 1966 3743 2019 fre-

2098 2058 2345 2125 quenter
2372 2058 2428 2108 et
2457 2055 2797 2109 summatim
2826 2070 3134 2125 exponere.
3165 2055 3428 2126 Longum
3459 2055 3614 2108 enim
3648 2057 3739 2108 est

2098 2141 2333 2214 singula
2364 2144 2573 2198 dicere.
2595 2143 2711 2197 Vos
2740 2142 2921 2214 igitur
2950 2143 3364 2198 discendorum
3393 2141 3535 2197 mihi
3558 2146 3741 2197 estote

2097 2231 2358 2286 veritatis
2388 2236 2655 2286 amantes
2685 2232 2935 2301 iudices.

2171 2320 2340 2375 XVII.
2372 2320 2503 2375 Jam
2533 2336 2667 2375 vero
2699 2320 2888 2375 dicere
2919 2320 3297 2392 incipiam.Si
3332 2319 3463 2391 quis
3494 2318 3743 2388 homini,

2102 2426 2135 2463 a
2159 2408 2258 2463 Dei
2290 2408 2555 2463 omnium
2586 2409 2843 2465 auctoris
2875 2408 3151 2464 manibus
3172 2408 3443 2476 formato,
3467 2424 3581 2463 non
3614 2425 3750 2463 con-

2103 2498 2365 2563 cesserit,
2416 2513 2697 2569 magnum
2747 2502 2804 2552 et
2850 2502 3121 2552 sanctum
3171 2496 3547 2569 praescientias
3589 2496 3748 2553 illius

2104 2586 2373 2656 spiritum
2409 2586 2726 2657 possidere,
2760 2603 2875 2659 quo
2909 2587 3101 2652 modo,
3134 2586 3183 2640 si
3211 2586 3374 2641 alteri
3407 2603 3475 2641 ex
3517 2585 3751 2657 impura.

2104 2674 2286 2746 stirpe
2315 2680 2451 2730 nato
2478 2675 2534 2729 id
2567 2676 2859 2739 tribuerit,
2894 2692 3007 2730 non
3042 2675 3361 2747 plurimum
3408 2673 3747 2730 aberrabit?

2105 2762 2221 2818 Nec
2250 2762 2332 2817 illi
2370 2768 2508 2835 puto
2538 2764 2766 2819 veniam
2799 2764 3076 2829 dandam,
3109 2762 3245 2818 licet
3294 2765 3364 2818 ab
3416 2762 3747 2818 adulterina

2105 2852 2401 2923 Scriptura
2430 2851 2487 2907 in
2522 2854 2786 2907 fraudem
2820 2852 3095 2907 inductus
3120 2853 3216 2919 sit,
3234 2858 3297 2907 ut
3326 2854 3606 2908 adversus
3636 2867 3757 2907 0m-

2106 2940 2269 2995 nium
2305 2945 2533 2997 Patrem
2561 2942 2711 2997 dura
2741 2941 3043 3013 cogitaret.
3078 2941 3184 3007 Qui
3216 2942 3373 2997 enim
3406 2941 3751 3013 imaginem,

2106 3046 2354 3102 eamque
2384 3031 2582 3085 aeterni
2614 3030 2807 3103 Regis,
2841 3029 3096 3085 atIecerit
3138 3029 3375 3101 injuria,
3409 3036 3644 3100 peccato
3694 3045 3756 3086 se

2106 3118 2451 3189 implicabit,
2486 3120 2543 3173 in
2572 3135 2706 3173 eum
2740 3119 3064 3184 referendo,
3098 3118 3167 3173 ad
3201 3118 3373 3189 cujus
3411 3117 3753 3173 similitudi-

354 3204 554 3273 ἡεῖκὼν
586 3204 887 3280 ἐτύγχανεν
940 3205 1088 3259 οὖσα.
1123 3203 1316 3274 Ἀλλὰ,
1367 3206 1549 3283 φησὶν,
1603 3207 1987 3283 ἀμαρτήσαντα

2103 3224 2233 3263 nem
2266 3208 2460 3281 imago
2493 3207 2592 3263 illa
2629 3209 2779 3263 facta
2810 3212 2919 3263 est.
2953 3207 3086 3271 Sed,
3121 3206 3332 3278 inquit,
3367 3211 3498 3277 post
3548 3222 3748 3277 pecca-

349 3293 611 3348 κατέλειπε
648 3294 717 3349 τὸ
767 3296 911 3347 θεῖον
959 3298 1190 3367 πνεῦμα.
1238 3294 1446 3352 Ούκοῦν
1497 3298 1853 3371 συνήμαρτενο
1898 3296 1988 3352 καὶ

351 3386 452 3443 πῶς
498 3383 524 3436 6
570 3387 740 3437 τούτο
790 3380 967 3457 λέγων
1014 3382 1077 3437 οὐ
1124 3380 1469 3451 κινδυνεύει;
1524 3382 1697 3440 Ἀλλὰ
1749 3386 1883 3458 μετά
1927 3386 1990 3440 τὸ

353 3471 647 3545 ἁμαρτῆσαι
680 3470 896 3549 εἴληφει
946 3470 1008 3526 10‘
1053 3470 1287 3544 πνεῦμα.
1335 3471 1571 3534 Ἀδίκοις
1620 3471 1721 3549 ἄρα
1754 3472 1986 3530 δέδοταιο

348 3560 425 3612 καὶ
456 3565 557 3614 ποῦ
604 3562 670 3615 τὸ
724 3558 927 3615 δίκαιον
964 3580 978 3630 ;
1012 3559 1187 3616 Ἀλλά
1236 3559 1464 3623 δικαίοις
1494 3563 1583 3616 καὶ
1624 3560 1834 3626 ἀδίκοις
1873 3563 1988 3618 έπι-

351 3654 684 3724 χορηγεῖται.
735 3653 906 3704 Τοῦτο
959 3647 1170 3703 πάντων
1230 3647 1584 3704 ἀδικώτατον.
1645 3651 1827 3715 Οὕτως
1884 3659 1988 3707 πᾶν

348 3738 568 3809 ψεῦσμα,
597 3738 698 3793 κᾶν
737 3736 931 3813 μυρίας
982 3736 1245 3801 ἐπινοίαις
1299 3740 1587 3815 βοηθῆται,
1617 3741 1709 3795 τὸν
1760 3737 1991 3818 ἔλεγχον

347 3824 433 3878 κᾶν
464 3825 514 3879 έν
550 3831 751 3901 μακρῷ
779 3826 967 3902 χρόνῳ
1000 3822 1187 3882 λαϐεῖν
1220 3824 1321 3904 ἔχη
1354 3832 1394 3884 ⁸.

412 3915 599 3971 XVIII.
634 3916 724 3983 Μὴ
757 3915 1047 3972 ἀπατᾶσθε.
1080 3916 1142 3973 '0
1175 3917 1361 3989 Πατὴρ
1395 3918 1554 3989 ἡμῶν
1589 3913 1739 3971 οὐδὲν
1782 3916 1987 3993 ἠγνόει.

347 4001 525 4058 Ὁπότε
553 4002 647 4058 καὶ
680 4004 710 4059 6
741 4001 981 4077 δημοσίᾳ
1008 4004 1257 4079 κείμενος
1276 4004 1467 4078 νόμος,
1490 4004 1708 4082 ἀγνοίας
1739 4009 1761 4043 ⁸
1790 4006 1990 4083 ἐγκλή-

352 4110 468 4161 ματι
517 4088 605 4146 διὰ
652 4092 783 4155 τοὺς
837 4092 1081 4163 ἀναξίους
1130 4094 1339 4149 σκέπων
1391 4093 1575 4163 αὐτὸν,
1618 4093 1747 4156 τοὺς
1793 4098 1815 4131 ⁸
1856 4095 1994 4167 ἀλη-

349 4178 480 4243 θείας
511 4178 889 4255 γλιχομένους
938 4180 1022 4236 ἐπ’
1068 4181 1227 4237 αὐτὸν
1277 4181 1581 4256 ἀναπέμπει
1615 4181 1814 4258 λέγων’
1858 4182 1993 4253 Ἐξέ-

347 4288 495 4321 τασον
554 4270 650 4323 τὸν
706 4269 910 4345 πατέρα
969 4290 1065 4325 σου
1118 4270 1207 4325 καὶ
1268 4269 1379 4345 έρεῖ
1433 4292 1540 4343 σοι,
1587 4270 1717 4333 τοὺς
1761 4266 1991 4348 πρεσϐυ-

346 4354 521 4429 τέρους
582 4379 703 4424 σου,
760 4358 850 4413 καὶ
908 4356 1272 4435 ἀναγγελοῦσί
1330 4362 1350 4395 ⁷
1410 4380 1515 4418 σοι.
1574 4364 1771 4415 Τοῦτον
1819 4359 1989 4436 ἐχρῆν

347 4446 429 4499 τὸν
460 4448 667 4522 πατέρα
700 4450 949 4518 ζητῆσαι,
996 4448 1221 4509 τούτους
1268 4447 1395 4511 τοὺς
1435 4444 1830 4523 πρεσϐυτέρους
1880 4448 1993 4504 έπι-

354 4537 572 4603 ζητῆσαι
599 4538 644 4592 ⁸.
674 4535 832 4591 Ἀλλ’
875 4535 975 4591 οὐκ
1022 4534 1312 4608 ἆζήτησας,
1342 4536 1490 4600 τίνος
1538 4536 1679 4592 δστῖν
1709 4538 1738 4592 5
1766 4540 1864 4606 τῆς
1900 4538 1992 4614 βαο

351 4621 543 4685 σιλείας
574 4624 800 4700 χρόνος,
849 4624 993 4687 τίνος
1022 4628 1058 4695 ἡ
1092 4627 1189 4683 87
1221 4632 1323 4695 τῆς
1366 4626 1701 4704 προφητείας
1731 4623 1985 4703 καθέδρα,

350 4711 515 4767 καίτοι
544 4713 713 4769 αὐτοῦ
761 4714 948 4791 δαυτρν
1001 4714 1307 4788 μηνύοντος
1351 4714 1433 4789 τῷ
1479 4713 1680 4791 λέγειν·
1728 4714 1848 4772 Ἐπὶ
1890 4718 1990 4786 τῆς

349 4798 602 4878 καθέδρας
667 4802 939 4865 Μωϋσέως
986 4802 1252 4874 ὲκάθησαν
1304 4806 1325 4841 ⁸
1374 4805 1428 4860 0i.
1498 4808 1845 4881 Γραμματεῖς
1894 4805 1986 4859 καὶ

352 4888 399 4941 οἱ
468 4896 757 4967 Φαρισαῖοι
804 4910 818 4925 '
876 4893 1049 4948 πάντα
1121 4890 1213 4948 οὖν
1290 4891 1389 4949 ὅσα
1470 4891 1703 4969 λέγωσιν
1788 4894 1915 4968 ὑμῖν
1967 4938 1983 4967 ,

2100 3301 2223 3352 tum
2259 3296 2493 3365 reliquit
2523 3296 2686 3351 illum
2720 3297 2955 3351 divinus
2980 3296 3255 3367 Spiritus.
3276 3295 3460 3366 Igitur
3490 3311 3622 3349 cum
3650 3294 3749 3350 illo

2100 3386 2355 3457 peccavit
2385 3401 2398 3439 :
2432 3390 2489 3440 et
2512 3401 2628 3457 quo
2662 3390 2847 3456 pacto,
2884 3386 2983 3457 qui
3018 3384 3127 3439 hoc
3157 3384 3317 3452 dicit,
3352 3400 3466 3438 non
3516 3383 3743 3454 pericli-

2098 3475 2308 3529 tatur?
2356 3475 2461 3529 Sed
2498 3478 2811 3547 postquam
2863 3473 3143 3546 peccavit,
3176 3474 3400 3545 accepit
3447 3474 3744 3544 spiritum.

2101 3563 2343 3633 Injustis
2376 3579 2512 3634 ergo
2546 3564 2795 3617 traditur
2826 3579 2840 3618 :
2875 3566 2932 3617 et
2964 3563 3062 3617 ubi
3092 3563 3365 3633 justitia‘l
3413 3563 3517 3617 Sed
3569 3562 3753 3633 justis

2100 3669 2167 3708 ac
2196 3652 2436 3722 injustis
2471 3652 2898 3724 suppeditatur.
2921 3651 2977 3705 [d
3002 3651 3266 3706 omnium
3291 3651 3747 3720 injustissimum

2100 3741 2319 3795 est.Sic
2351 3740 2654 3812 quodlibet
2686 3739 3256 3807 mendacium,mille
3286 3739 3422 3794 licet
3441 3740 3752 3809 adjuvetur

2100 3829 2643 3900 excogitationibus,
2660 3828 3117 3883 confutationem
3141 3829 3359 3883 denum
3382 3828 3682 3883 sortiatur.

2172 3917 2373 3971 XVIII.
2410 3917 2491 3971 Ne
2523 3916 2919 3988 decipiamini.
2950 3916 3163 3971 Parens
3196 3922 3397 3972 noster
3416 3915 3560 3970 nihil
3584 3916 3749 3988 igno-

2101 4005 2271 4061 ravit.
2318 4005 2805 4076 Quandoquidem
2861 4009 2916 4060 et
2963 4004 3193 4076 publice
3248 4005 3438 4077 posita
3483 4003 3591 4069 lex,
3624 4021 3752 4075 qua;

2100 4093 2269 4148 illum
2302 4092 2646 4166 ignorantiae
2678 4092 2851 4165 culpa
2880 4093 2953 4147 ob
2985 4093 3259 4164 indignos
3283 4097 3755 4165 onerat,pr0pter

2099 4181 2363 4237 veritatis
2396 4182 2640 4254 cupidos
2671 4183 2741 4236 ad
2780 4182 3050 4237 eumdem
3084 4182 3347 4249 remittit,
3379 4183 3581 4238 dicens
3615 4198 3627 4235 :
3658 4183 3751 4237 In-

2102 4278 2318 4341 terroga
2365 4276 2579 4341 patrem
2629 4280 2789 4326 tuum
2837 4279 2890 4326 et
2937 4270 3077 4326 dicet
3119 4270 3245 4338 tibi,
3291 4272 3531 4327 seniores
3561 4280 3680 4325 tuos
3712 4280 3762 4326 et

2102 4360 2525 4416 annuntiabunt
2552 4361 2661 4415 tibi
2689 4361 2785 4432 (b).
2822 4360 2987 4415 Hunc
3020 4360 3327 4432 oportebat
3367 4365 3615 4432 patrem,
3649 4359 3758 4415 hos

2102 4451 2363 4506 seniores
2396 4466 2671 4521 quaerere.
2700 4450 2811 4504 Sed
2845 4466 2957 4504 non
2995 4448 3302 4520 quaesiisti,
3338 4452 3646 4517 cujusnam
3682 4448 3759 4503 sit

2024 4559 2069 4624 Ι)
2102 4543 2335 4610 tempus
2353 4538 2863 4609 regni,cujusnam
2898 4537 3212 4609 prophetia
3239 4536 3754 4601 cathedra.Quam-

2098 4627 2185 4683 vis
2215 4627 2341 4700 ipse
2371 4626 2630 4698 seipsum
2679 4626 2968 4698 significet
3010 4625 3258 4679 dicendo
3292 4642 3305 4679 :
3360 4624 3537 4695 Super
3572 4626 3754 4680 cathe-

2096 4716 2261 4773 dram
2298 4716 2491 4787 Moysis
2539 4714 2799 4771 sederunt
2846 4713 3048 4769 Scriba:
3095 4721 3148 4769 et
3200 4712 3481 4771 Pharisaei
3508 4732 3527 4768 :
3567 4715 3755 4769 omnia

2098 4806 2293 4878 igitur,
2344 4819 2685 4877 quaecunque
2730 4803 2980 4858 dixerint
3025 4802 3196 4869 vobis,
3249 4802 3445 4858 audite
3502 4802 3628 4858 illos
3657 4802 3753 4874 (ο).

2094 4896 2223 4951 Illos
2271 4900 2467 4950 autem
2515 4893 2680 4960 dixit,
2714 4891 2877 4948 velut
2923 4906 3043 4959 eos,
3078 4890 3296 4964 quibus
3356 4890 3586 4947 credita
3640 4894 3763 4947 erat

416 5051 492 5121 (α)
522 5052 730 5110 Matth.
762 5070 913 5123 xxiv,
942 5055 999 5123 2,
1029 5055 1139 5125 34;
1173 5055 1313 5112 Luc.
1345 5072 1463 5123 xxx,
1496 5056 1581 5111 43.
1659 5056 1737 5128 (b)
1768 5056 1937 5113 Deut.
1968 5073 2147 5121 xxxu,
2178 5056 2235 5109 7.
2311 5055 2381 5127 (c)
2414 5054 2618 5111 Matth.
2653 5070 2813 5122 mn,
2844 5053 2900 5124 2,
2926 5053 2979 5108 3.

1689 5225 1925 5282 VARle
1981 5224 2283 5283 LEGTION
2294 5224 2397 5280 ES.

417 5354 465 5428 'f
489 5350 635 5428 λέγω
665 5372 782 5413 om.
814 5356 880 5413 0.
912 5358 955 5393 ³⁷
1006 5357 1233 5414 Inserui
1279 5356 1307 5425 δ
1359 5373 1409 5413 c.
1449 5356 1515 5428 0.
1554 5358 1597 5393 ⁸⁸
1631 5354 1779 5428 ἰδεῖν,
1808 5358 1852 5414 0
1898 5375 1949 5414 c.
1981 5358 2039 5422 S,
2073 5354 2233 5412 εἶ’δειν
2268 5358 2326 5413 C.
2360 5358 2422 5428 ουκ
2454 5358 2540 5412 Ita
2595 5358 2640 5412 0
2697 5373 2748 5411 c.
2811 5361 2872 5424 D,
2923 5352 3017 5408 'iva
3074 5356 3133 5412 C.
3194 5356 3307 5413 Ct'r.
3362 5355 3522 5411 hom.
3556 5372 3653 5428 vn,
3686 5356 3741 5428 3.

352 5424 419 5528 ζου
448 5424 475 5477 ὁ
505 5424 835 5528 ἀέριοιὲρεὶ
871 5446 940 5484 ex
967 5432 1031 5484 0.
1070 5429 1398 5528 lb‘idtemei’e
1429 5425 1622 5528 ὣνοκαὲ
1644 5427 1813 5528 Ιαὐτός
1844 5430 1903 5485 C.
1940 5432 1956 5466 ι
1990 5428 2124 5498 αὕτη
2183 5433 2239 5494 S,
2272 5427 2505 5528 Ο,βαύτή
2537 5432 2595 5485 C.
2631 5429 2660 5528 ξ
2690 5430 2771 5483 Ita
2804 5428 3024 5528 ἅλατι-,ι
3047 5428 3201 5528 born;
3235 5444 3324 5528 ιιιιζ
3355 5428 3441 5482 28.
3478 5444 3556 5497 τῳ

416 5515 653 5528 ’.ιιιαιιμη-
791 5516 858 5528 νι-
930 5516 1061 5528 ...ιιι-ι
1217 5515 1317 5528 ιιι-Λ
1366 5518 1476 5528 -..-.
1663 5507 1715 5528 ιιι
1843 5507 1893 5528 ..ι
1927 5518 1988 5528 Α-
2045 5504 2263 5528 ΑΑ-ἕιιιιι
2476 5503 2566 5528 ηιιῖ
2669 5506 2835 5528 ..-ι-..-
2907 5517 2998 5528 .ιη-ι
3027 5517 3055 5528 ..ι
3154 5504 3166 5521 ν
3197 5516 3223 5528 ιι
3335 5514 3424 5528 nm
3482 5514 3523 5528 '-

416 5499 656 5574 tujxa'wr,
690 5500 759 5574 Ο,
791 5516 877 5574 pr.
930 5500 1317 5574 ma._n._‘__Lege
1365 5499 1480 5574 ἔχει
1511 5501 1615 5574 S.‘
1640 5502 1721 5556 Ita
1750 5501 1819 5574 Ο,
1841 5507 1897 5555 et
1925 5518 1988 5555 ex
2042 5504 2285 5574 conject.
2340 5499 2425 5574 C_.,

2475 5429 2505 5497 ή
2537 5432 2595 5485 C.
2631 5429 2653 5462 ²
2690 5430 2771 5483 Ita
2804 5428 2859 5483 S.
2894 5428 3007 5482 Cfr.
3047 5428 3201 5482 hom.
3235 5444 3319 5491 ιιι,
3355 5428 3441 5482 28.
3478 5444 3556 5497 τῳ
3586 5427 3647 5491 C,
3680 5426 3744 5479 Ο.

2475 5503 2593 5582 cuj_.
2644 5505 2836 5555 textus
2873 5496 3257 5582 arculum
3294 5500 3449 5582 hom.
3482 5514 3543 5567 ιι,
3596 5498 3674 5582 ιξ
3693 5503 3749 5582 et

352 5566 617 5647 1.331."?sz
740 5572 760 5605 ’⁸
792 5566 971 5642 έροῦσι
1001 5570 1108 5647 0_._'
1139 5566 1436 5647 Vocabula
1480 5568 1705 5633 τούτους
1741 5568 1869 5635 τοὺς
1918 5566 2315 5647 πρεσϐυτέρους
2364 5566 2687 5639 ἐπιζητῆσαι
2739 5566 2930 5643 recepi
2981 5585 3049 5625 ex
3085 5573 3149 5624 Ο.
3204 5568 3408 5624 Matth.
3444 5566 3604 5637 XXIII,
3640 5569 3693 5625 2.
3727 5570 3747 5604 θ

355 5634 623 5693 meum
647 5640 713 5711 0,
744 5634 959 5715 ex'quo
989 5643 1228 5715 adjunxi
1259 5638 1374 5699 οὖν.
