4116 6224
336 370 451 430 123

1163 370 1226 429 S.
1275 369 1715 431 CLEMENTIS
1762 372 1781 431 l
1832 372 2019 432 ROM.
2069 374 2298 434 PONT.
2346 374 2603 434 OPERA
2650 372 2910 436 DUBIA.

3628 378 3745 438 124

336 502 515 559 clavis
546 502 728 575 regni,
763 502 871 558 hoc
904 507 994 560 est
1022 503 1298 573 cognitio,
1328 521 1452 575 qua:
1484 505 1609 561 sola
1639 510 1829 578 potest
1849 522 1971 577 ape-

2099 504 2319 561 ἆκούετε
2375 505 2557 564 αὐτῶ.
2617 507 2803 563 Αὑτῶν
2864 503 2960 577 δὲ,
3022 504 3207 574 εἶπεν,
3267 506 3341 570 ὡς
3393 507 3492 576 τὴν
3550 506 3745 563 κλεῖδα

335 590 448 647 rire
478 593 607 647 vitae
641 600 885 663 portam,
920 609 1023 664 per
1052 610 1224 664 quam
1256 594 1439 649 solam
1472 593 1531 649 in
1582 595 1755 650 vitam
1810 600 1975 651 aiter-

335 697 470 734 nam
505 681 679 735 datur
710 680 957 752 ingredi.
992 682 1096 736 Sed
1132 683 1214 737 ait
1250 701 1263 739 :
1296 684 1442 738 Sane
1473 684 1693 739 clavem
1744 685 1979 756 quidem

339 768 659 841 possident,
688 775 747 825 at
777 770 994 827 intrare
1025 771 1360 828 volentibus
1393 790 1507 829 non
1539 774 1817 846 przebent.

404 1034 546 1091 XIX.
581 1036 820 1109 Propter
850 1037 980 1106 hoc,
1016 1038 1277 1111 inquam,
1312 1038 1436 1112 ipse
1466 1057 1498 1096 e
1528 1040 1805 1098 cathedra
1850 1059 1978 1098 sur-

333 1141 503 1198 gens,
532 1125 689 1181 velut
720 1132 884 1198 pater
916 1144 1018 1199 pro
1042 1127 1345 1200 ﬁliis,quae
1378 1145 1410 1184 a
1442 1129 1654 1185 saeculo
1675 1131 1731 1184 in
1752 1131 1976 1187 occulto

335 1215 530 1287 dignis
562 1220 701 1270 sunt
738 1218 955 1272 tradita
1000 1218 1344 1288 praedicans,
1378 1219 1841 1274 misericordiam
1885 1237 1979 1275 us-

337 1319 449 1376 que
474 1305 543 1359 ad
576 1304 737 1376 ipsas
788 1310 990 1377 gentes
1042 1308 1381 1373 extendens,
1416 1307 1806 1379 misertusque
1855 1325 1979 1363 om-

335 1392 500 1449 nium
555 1393 907 1465 animarum,
959 1396 1259 1467 proprium
1314 1396 1660 1468 sanguinem
1706 1396 1977 1469 neglexit.

336 1481 536 1537 Futuri
598 1483 814 1554 quippe
863 1484 1057 1539 saeculi
1107 1501 1203 1539 rex
1255 1500 1383 1540 esse
1430 1490 1780 1541 consecutus
1827 1486 1980 1542 circa

335 1571 443 1627 hoc
473 1570 774 1639 saeculum,
795 1573 949 1643 quod
983 1572 1108 1644 lege
1140 1573 1360 1645 accepit
1388 1579 1977 1645 regnum,accuratus

333 1664 424 1717 est
448 1660 508 1715 in
539 1660 864 1733 promissis.
890 1662 1169 1733 Quodque
1199 1679 1333 1717 eum
1366 1663 1617 1719 maxime
1648 1664 1974 1732 contristat,

332 1750 440 1805 hoc
469 1755 576 1816 est,
616 1750 890 1822 quoniam
925 1751 995 1805 ab
1019 1752 1089 1807 iis
1124 1746 1225 1823 per
1253 1751 1644 1824 ignorantiam
1672 1769 1974 1824 oppugna-

2087 595 2185 661 τῆς
2240 594 2513 669 βασιλείας
2562 595 3031 668 πεπιστευμένων,
3094 596 3215 664 ἥτις
3267 596 3378 652 ἐστὶ
3428 601 3660 671 γνῶσις,
3710 599 3744 665 ἢ

2093 681 2232 755 μόνη
2291 685 2389 752 τήν
2442 683 2622 756 πύλην
2650 692 2750 754 τῆς
2803 690 2947 754 ζωῆς
3007 686 3211 755 ἀνοῖξαι
3259 684 3498 757 δύναται,
3552 682 3623 740 δι’
3672 687 3741 755 ἧς

2093 771 2266 844 μόνης
2317 772 2392 835 εἰς
2444 776 2543 843 τὴν
2593 772 2811 829 αἰωνίαν
2862 775 3005 842 ζωὴν
3054 773 3309 829 εἰσελθεῖν
3354 772 3514 830 ἔστιν.
3565 773 3741 831 Ἀλλᾶ

2089 860 2196 933 ναὶ,
2230 862 2410 939 φησὶν,
2443 868 2697 939 κρατοῦσι
2734 863 2827 937 μὶν
2862 866 2907 900 ¹⁰
2936 870 3035 932 τῆν
3084 861 3258 934 κλεῖν,
3296 868 3414 926 τοῖς
3447 860 3503 918 δὲ
3536 862 3740 940 βουλο-

2094 950 2275 1023 μένοις
2306 951 2563 1007 εἰσελθεῖν
2599 952 2660 1007 οὗ
2691 951 3047 1029 παρέχουσιν.

2162 1042 2301 1097 ΧΙΧ.
2337 1041 2435 1096 Διὰ
2471 1046 2651 1110 τοῦτο,
2703 1041 2869 1120 φημὶ,
2919 1040 3081 1103 αὑτὸς
3123 1048 3225 1111 τῆς
3271 1038 3534 1118 καθέδρας
3582 1042 3739 1119 ἐγερ-

2091 1129 2202 1191 θεὶς
2235 1132 2297 1199 ίί,
2329 1130 2405 1192 ὡς
2452 1132 2633 1205 πατὴρ
2685 1131 2815 1203 ὑπὲρ
2863 1129 3085 1203 τέκνων,
3117 1130 3183 1185 τὰ
3228 1130 3320 1186 ἀπ’
3371 1134 3416 1170 ¹²
3458 1130 3653 1193 αἰῶνος
3685 1131 3737 1186 ἐν

2089 1223 2311 1293 κρυπτῷ
2356 1219 2523 1289 ἀξίοις
2578 1216 2987 1293 παραδιδόμενα
3042 1219 3349 1295 κηρύσσω),
3403 1219 3598 1296 μέχρις
3646 1220 3739 1274 αὑ-

2087 1311 2195 1361 τῶν
2266 1309 2429 1371 ἐθνῶν
2487 1309 2580 1363 τὸν
2636 1306 2787 1363 ἔΛεον
2847 1307 3096 1363 ἐκτείνων
3155 1308 3245 1362 καὶ
3293 1309 3472 1385 ψυχὰς
3527 1308 3741 1363 πάντων

2089 1395 2278 1466 ἐλεῶν,
2312 1394 2455 1451 ἰδίου
2501 1396 2727 1471 α’ίματος
2775 1395 2996 1469 ἠμέλει.
3047 1396 3362 1459 Μέλλοντος
3407 1398 3508 1473 γὰρ
3539 1397 3737 1460 αἰῶνος

2092 1484 2345 1561 βασιλεὺς
2400 1486 2535 1542 εἰναι
2581 1486 2983 1559 κατηξιωμένος
3029 1486 3166 1562 πρὸς
3221 1486 3311 1542 τὸν
3376 1491 3468 1540 νῦν
3528 1485 3737 1561 ἒμπρό-

2088 1576 2283 1647 θεσμος
2325 1580 2371 1615 ⁸³
2417 1575 2797 1653 παρειληφότα
2837 1576 2993 1649 νόμῳ
3037 1577 3136 1645 τήν
3193 1575 3497 1650 βασιλείαν.
3532 1576 3627 1631 Καὶ
3674 1578 3737 1632 τὸ

2089 1662 2336 1740 μέγιστον
2368 1663 2500 1740 ὅπερ
2532 1666 2688 1720 αὑτὸν
2736 1663 2855 1719 λίαν
2906 1663 3093 1720 ἐλύπει
3133 1663 3455 1731 ἐπὶτοῦτο,
3489 1663 3571 1719 δτι
3606 1665 3736 1741 ὑπὲρ

2085 1753 2158 1806 ὧν
2191 1754 2265 1815 ὡς
2292 1754 2491 1809 τέκνων
2522 1756 2621 1824 τὴν
2658 1755 2843 1830 μάχην
2885 1753 3121 1808 ἐποιεῖτο
3142 1797 3155 1822 ,
3191 1753 3277 1807 ὑπ’
3308 1754 3484 1808 αὑτῶν
3516 1752 3736 1829 ἀγνοίας

331 1843 447 1907 tur,
482 1843 717 1911 propter
748 1856 895 1911 quos
928 1845 1210 1912 tanquam
1253 1840 1403 1897 filios
1433 1840 1653 1896 bellum
1695 1840 1970 1912 suscepit.

2088 1841 2229 1913 αἰτίᾳ
2259 1841 2602 1916 ἐπολεμεῖτο.
2648 1841 2745 1897 Καὶ
2788 1842 2942 1914 ὅμως
2990 1841 3177 1916 ἠγάπα
3205 1843 3451 1904 καὶτοὺς
3508 1846 3735 1916 μισοῦν-

329 1928 743 1984 Verumtamen
776 1930 950 1984 etiam
978 1946 1176 1985 osores
1198 1929 1417 1994 dilexit,
1439 1929 1594 1985 flevit
1618 1929 1971 1996 incredulos,

331 2016 625 2072 benedixit
682 2018 1160 2088 conviciantibus,
1202 2022 1259 2073 et
1305 2018 1491 2074 oravit
1541 2035 1643 2090 pro
1690 2018 1969 2074 inimicis.

330 2104 527 2176 Neque
557 2106 751 2160 solum
785 2106 899 2162 ista
930 2112 995 2161 ut
1025 2111 1187 2178 pater
1219 2107 1373 2177 fecit,
1407 2107 1507 2161 sed
1548 2112 1605 2162 et
1651 2107 1972 2180 discipulos

333 2212 492 2263 suos,
525 2196 758 2251 atl‘ectos
790 2200 854 2250 ut
884 2212 1022 2268 erga
1050 2198 1280 2261 fratres,
1304 2196 1520 2251 similia
1552 2196 1738 2252 facere
1754 2197 1969 2253 docuit.

331 2284 447 2339 Hoc
478 2289 660 2356 pater,
694 2284 801 2340 hoc
834 2286 1155 2357 propheta;
1200 2286 1307 2340 hoc
1340 2285 1552 2340 rationi
1598 2290 1687 2340 est
1734 2302 1974 2342 consen-

331 2377 593 2441 taneum,
626 2373 793 2429 illum
838 2375 963 2430 suis
1002 2373 1138 2429 ﬁliis
1186 2374 1496 2446 imperare,
1527 2377 1592 2428 ut
1638 2390 1742 2445 per
1788 2374 1972 2448 patris

329 2479 466 2534 erga
496 2462 645 2519 filios
676 2479 958 2530 amorem,
992 2477 1211 2533 perque
1242 2462 1487 2517 insitum
1519 2462 1796 2517 honorem
1830 2462 1974 2517 ﬁlio-

330 2569 459 2606 rum
509 2567 646 2623 erga
696 2556 941 2623 patrem,
974 2550 1110 2606 oriri
1162 2550 1349 2622 possit
1397 2556 1611 2606 aeterna
1663 2569 1789 2623 pax.
1827 2553 1971 2607 Cum

328 2640 483 2697 enim
518 2642 707 2698 bonus
741 2640 1009 2712 imperat,
1046 2641 1199 2711 apud
1234 2641 1530 2712 subjectos
1576 2657 1774 2697 verum
1828 2658 1970 2713 gau-

330 2730 494 2786 dium
528 2731 601 2786 ob
635 2730 1046 2802 imperatorem
1073 2729 1352 2786 nascitur.

406 2906 519 2963 XX.
552 2911 768 2963 Verum
799 2908 869 2963 ad
905 2907 1161 2980 primum
1194 2907 1457 2964 veritatis
1487 2923 1815 2963 sermonem
1842 2908 1971 2963 red-

334 3012 420 3052 eo.
452 2997 509 3051 Si
536 2996 621 3052 illi
655 2997 900 3068 homini,
932 2998 1031 3069 qui
1065 2998 1161 3053 Dei
1197 2998 1470 3053 manibus
1500 2998 1820 3069 productus
1845 2996 1970 3063 fuit,

333 3086 480 3142 nolit
512 3086 643 3159 quis
675 3088 987 3143 concedere
1033 3093 1097 3142 ut
1148 3093 1412 3142 sanctum
1447 3086 1659 3142 Christi
1698 3086 1969 3158 spiritum

2081 1951 2199 1997 τας,
2229 1932 2318 1985 καὶ
2350 1930 2533 1987 ἔκλαιε
2563 1934 2608 1970 ³⁸
2633 1932 2759 1993 τοὺς
2806 1930 3174 2001 ἀπειθοῦντας,
3223 1931 3314 1986 καὶ
3364 1930 3574 2006 εὐλόγει
3603 1930 3735 1993 τοὺς

2083 2018 2489 2097 λοιδοροῦντας,
2522 2019 2727 2097 ηὔχετο
2751 2021 2882 2095 ὑπὲρ
2906 2019 3321 2096 ἐχθραινόντων.
3347 2020 3444 2075 Καὶ
3476 2020 3536 2075 οὑ
3564 2021 3724 2093 μόνον

2079 2113 2246 2164 ταῦτα
2277 2107 2445 2164 ἐποίει
2476 2110 2550 2171 ὡς
2595 2111 2795 2185 πατὴρ,
2831 2107 2977 2163 ἀλλὰ
3020 2108 3111 2163 καὶ
3156 2108 3283 2170 τοὺς
3329 2109 3495 2163 αὑτοῦ
3547 2121 3725 2181 μαθη-

2078 2199 2175 2260 τὰς
2211 2200 2275 2266 ¹⁸,
2308 2198 2385 2260 ὡς
2431 2199 2567 2274 πρὸς
2617 2195 2884 2274 ἀδελφοὺς
2935 2196 3179 2274 ἔχοντας,
3226 2196 3294 2251 τὰ
3340 2194 3507 2269 ὅμοια
3547 2202 3723 2251 ποιεῖν

2081 2283 2375 2342 ἐδίδασκεν.
2408 2288 2508 2344 88
2536 2284 2708 2341 Τοῦτο
2755 2286 2958 2360 πατὴρ,
3008 2289 3169 2339 τοῦτο
3216 2286 3528 2363 προφήτηςο
3559 2289 3722 2340 τοῦτο

2081 2372 2309 2450 εὔλογον
2338 2376 2400 2430 τὸ
2429 2375 2586 2429 αὑτὸν
2630 2372 2787 2430 ’ίδίων
2836 2376 3037 2430 τέκνων
3084 2373 3422 2449 βασιλεῦσαι,
3448 2371 3537 2428 ἵνα
3565 2377 3634 2447 τῇ
3668 2374 3727 2429 ἐκ

2078 2465 2279 2539 πατρὸς
2327 2465 2463 2540 πρὸς
2507 2465 2667 2519 τέκνα
2714 2463 2919 2539 στοργῇ
2964 2463 3187 2518 καὶτῶν
3232 2460 3432 2517 τέκνων
3464 2463 3600 2536 πρὸς
3630 2463 3724 2517 τὸν

2078 2554 2283 2629 πατέρα
2343 2550 2628 2625 ἐνδιαθέτῳ
2673 2552 2812 2628 τιμῇ
2878 2552 3099 2614 αἰώνιος
3148 2554 3192 2589 ¹⁶
3239 2551 3425 2627 εἰρήνη
3477 2552 3724 2625 γενέσθαι

2079 2640 2301 2713 δυνηθῇ.
2333 2646 2437 2695 Τοῦ
2468 2642 2571 2717 γὰρ
2622 2639 2853 2716 εὐλόγου
2889 2638 3294 2716 βασιλεύοντος,
3333 2638 3420 2694 ἐπὶ
3462 2638 3591 2702 τοὺς
3624 2640 3722 2715 βα-

2079 2729 2465 2803 σιλευομένους
2495 2727 2709 2800 ἀληθὴς
2748 2730 2895 2805 χαρὰ
2922 2728 3047 2805 περὶ
3091 2732 3186 2783 τοῦ
3232 2726 3613 2804 βιοσιλεύοντος
3641 2727 3723 2802 γί-

2078 2840 2245 2877 νεται.

2150 2910 2262 2966 ΧΧ.
2289 2906 2441 2977 Πλὴν
2475 2907 2563 2963 ἐπὶ
2596 2908 2685 2962 τὸν
2736 2911 2952 2983 πρῶτον
2978 2912 3077 2976 τῆς
3107 2905 3366 2977 ἀληθείας
3397 2903 3644 2979 ἐπάνειμι
3680 2908 3721 2943 ¹⁷

2082 2996 2270 3072 λόγον.
2305 2998 2423 3052 Ἐὰν
2475 3002 2554 3069 τῷ
2604 2996 2706 3052 ὑπὸ
2754 3000 2956 3072 χειρῶν
3008 2999 3141 3051 Θεοῦ
3188 2994 3576 3073 κυοφορηθέντι
3627 2996 3721 3050 ἆν-

2083 3086 2287 3160 θρώπῳ
2331 3084 2395 3139 τὸ
2443 3084 2592 3159 ἅγιον
2639 3084 2873 3159 Χριστοῦ
2925 3083 2999 3155 μὴ
3052 3079 3129 3153 δῷ
3171 3103 3255 3145 τις
3306 3080 3451 3158 ἔχειν
3484 3086 3718 3156 πνεῦμα,

329 3174 618 3244 habuerit,
642 3193 752 3247 quo
786 3181 974 3247 pacto,
1000 3176 1048 3230 si
1081 3174 1245 3230 alteri
1274 3192 1342 3230 ex
1369 3175 1602 3247 impura
1630 3175 1812 3246 stirpe
1834 3180 1969 3230 nato

2088 3178 2197 3235 πῶς
2231 3174 2397 3246 ἑτέρῳ
2425 3174 2529 3227 τινὶ
2576 3170 2637 3227 ἐκ
2685 3177 2924 3247 μυσαρᾶς
2972 3170 3227 3247 σταγόνος
3254 3171 3598 3247 γεγενημένῳ
3648 3168 3726 3225 δι-

327 3266 597 3319 eumdem
629 3264 981 3321 concesserit
1012 3264 1240 3331 habere,
1262 3281 1374 3318 non
1409 3263 1728 3335 plurimum
1751 3263 1970 3335 impius

2088 3260 2207 3325 δοὺς
2242 3237 2384 3338 ἔχειν
2415 3262 2476 3317 οὑ
2506 3262 2574 3316 τὰ
2618 3237 2842 3337 μέγιστά
2891 3237 3106 3330 ἀσεϐεῖξ
3137 3259 3215 3315 Τὰ
3263 3237 3339 3314 δὲ.
3371 3237 3597 3335 μέγιστα
3638 3260 3724 3315 εὑ-

328 3354 458 3409 est?
481 3354 725 3409 Maxime
754 3370 884 3408 vero
909 3354 1042 3425 pius
1076 3353 1267 3419 fuerit,
1300 3353 1346 3407 si
1379 3351 1541 3407 alteri
1566 3353 1803 3421 quidem
1833 3370 1968 3407 eum

329 3442 600 3514 spiritum
636 3460 746 3498 non
790 3442 1078 3506 tribuerit,
1112 3442 1211 3497 sed
1253 3442 1303 3496 ei
1345 3440 1450 3495 soli
1501 3440 1834 3513 assignarit,
1868 3442 1967 3512 qui

327 3532 398 3587 ab
431 3531 598 3587 initio
629 3531 843 3598 saeculi,
878 3532 1094 3587 formas
1128 3548 1243 3585 una
1283 3547 1415 3585 cum
1465 3530 1805 3585 nominibus
1846 3548 1971 3585 mu-

327 3625 482 3687 tans,
518 3621 821 3692 percurrit,
856 3619 1155 3687 saeculum,
1188 3620 1370 3674 donec
1402 3624 1608 3673 nactus
1660 3635 1767 3673 sua
1819 3624 1967 3673 tem-

327 3727 487 3782 pora,
524 3715 756 3783 propter
786 3709 1013 3766 labores
1045 3708 1141 3764 Dei
1168 3708 1569 3764 misericordia
1610 3714 1844 3774 unctus,
1880 3725 1968 3764 re-

328 3799 523 3871 quiem
557 3799 615 3854 in
645 3805 929 3855 aeternum
964 3798 1279 3870 possideat.
1313 3798 1416 3852 Hic
1460 3798 1675 3852 honore
1720 3799 1968 3852 donatus

326 3892 416 3943 est
446 3888 771 3960 imperandi
803 3892 861 3943 et
889 3887 1233 3943 dominandi
1265 3885 1705 3958 omnibus,quze
1730 3903 1967 3941 versan-

325 3980 423 4032 tur
453 3978 512 4032 in
546 3994 694 4044 aere,
728 3982 882 4033 terra
911 3982 968 4032 et
998 3976 1204 4048 aquis:
1256 3977 1329 4030 ad
1374 3976 1491 4030 hzec
1541 3975 1727 4046 ipsius
1775 3993 1808 4031 a
1855 3993 1967 4047 quo

328 4066 502 4122 homo
545 4068 733 4123 factus
780 4073 868 4123 est
914 4068 1118 4121 flatum
1168 4065 1392 4133 habuit,
1444 4065 1651 4120 anima
1702 4065 1968 4137 infragile

326 4157 765 4227 vestimentum,
798 4173 912 4228 quo
945 4154 1295 4210 immortalis
1325 4170 1453 4210 esse
1484 4158 1700 4225 posset.

396 4246 542 4302 XXI.
578 4247 756 4313 Idem,
791 4245 890 4317 qui
930 4244 1090 4300 solus
1138 4260 1308 4298 verus
1356 4243 1641 4315 propheta
1689 4249 1795 4310 est,
1830 4244 1967 4299 uni-

331 4335 542 4406 cuique
575 4335 813 4390 animali
838 4338 969 4406 apte
992 4334 1060 4387 ad
1088 4336 1379 4401 naturam,
1397 4332 1549 4387 sicut
1573 4334 1699 4402 ejus
1723 4337 1964 4400 creator,

332 4426 567 4497 prOpria
597 4425 874 4497 imposuit
918 4424 1176 4479 nomina.
1211 4422 1369 4486 Quod
1422 4421 1577 4476 enim
1624 4422 1963 4492 nominavit,

2079 3346 2225 3406 σέϐεῖ
2258 3354 2321 3419 η,
2355 3350 2442 3406 ἐὰν
2480 3351 2645 3426 ἑτέρῳ
2680 3350 2773 3422 μὶν
2825 3350 2899 3423 μὴ
2953 3346 3067 3421 δῴη
3120 3351 3163 3385 ¹⁹
3211 3346 3377 3423 ἔχειν,
3428 3347 3631 3403 ἐκεῖνον
3664 3345 3723 3404 δὲ

2083 3440 2244 3514 μόνον
2280 3434 2424 3516 ἔχειν
2458 3438 2629 3515 λέγοι,
2662 3439 2722 3500 ὃς
2752 3437 2843 3492 ἀπ’
2872 3437 3052 3513 ἀρχῆς
3098 3435 3293 3499 αἰῶνος
3464 3437 3577 3509 ἅμα
3602 3440 3721 3498 τοῖς

2080 3526 2306 3603 ὀνόμασι
2343 3529 2554 3606 μορφὰς
2604 3526 2890 3583 ἀλλάσσων
2920 3526 3012 3581 τὸν
3061 3524 3235 3580 αἰῶνα
3279 3525 3487 3601 τρέχει,
3526 3526 3721 3600 μέχρις

2080 3617 2164 3673 δνε
2223 3616 2373 3673 ἰδίων
2432 3616 2646 3693 χρόνων
2690 3616 2896 3691 τυχὼν,
2949 3613 3038 3669 διὰ
3082 3613 3207 3675 τοὺς
3254 3615 3531 3686 καμάτους
3588 3618 3721 3669 Θεοῦ

2080 3707 2217 3763 ἐλέει
2249 3707 2512 3783 χρισθεὶς,
2552 3706 2625 3767 εἰς
2672 3704 2754 3759 ἀεὶ
2804 3707 2849 3740 ²⁰
2892 3701 2994 3773 ἕξει
3035 3704 3134 3771 τὴν
3184 3703 3499 3760 ἀνάπαυσιν,
3551 3702 3721 3763 Οὗτος

2079 3796 2266 3873 ἄρχειν
2314 3817 2372 3850 τε
2418 3795 2506 3849 καὶ
2548 3792 2812 3869 κυριεύειν
2859 3792 3072 3847 πάντων
3121 3795 3227 3846 τῶν
3279 3791 3329 3846 ἐν
3362 3790 3481 3867 ἀέρι
3527 3790 3722 3864 καὶγῇ

2078 3887 2167 3942 καὶ
2201 3889 2245 3922 ²¹
2276 3882 2429 3939 ὕδασι
2474 3883 2772 3956 τετίμηται·
2820 3882 2954 3957 πρὸς
3002 3880 3216 3941 τούτοις
3248 3878 3305 3934 δὲ
3344 3880 3508 3934 αὑτοῦ
3542 3883 3643 3934 τοῦ
3676 3882 3722 3915 ²²

2079 3974 2442 4044 πεποιηκότος
2495 3972 2586 4028 τὸν
2641 3969 2922 4047 ἄνθρωπον
2970 3971 3070 4037 τήν
3117 3970 3288 4037 πνοὴν
3322 3965 3502 4043 ἔσχεν,
3536 3970 3720 4042 ψυχῆς

2079 4063 2348 4141 ἄῤῥηκτον
2372 4056 2698 4138 περιϐολὴν,
2732 4059 2880 4121 ὅπως
2913 4057 3172 4122 ἀθάνατος
3205 4057 3336 4112 εἶναι
3369 4054 3595 4128 δυνηθῇ.

2148 4245 2290 4300 ΧΧΙ.
2321 4240 2494 4301 Οὗτος
2546 4238 2706 4301 αὑτὸς
2759 4236 2922 4311 μόνος
2970 4234 3181 4306 ἀληθὴς
3234 4233 3467 4310 ὑπάρξας
3512 4236 3723 4311 προφή-

2075 4352 2174 4399 της
2200 4333 2313 4401 (63)
2349 4330 2556 4401 ἑκάστῳ
2608 4328 2732 4399 ζώῳ
2779 4331 2892 4380 κατ’
2940 4324 3083 4394 ἀξίαν
3134 4329 3234 4392 τῆς
3281 4322 3514 4400 φύσεως,
3542 4322 3721 4383 καθὼς

2077 4421 2106 4475 ὁ
2145 4417 2462 4487 πεποιηκὼς
2512 4414 2669 4469 αὑτὸν
2718 4415 2785 4484 ³³,
2834 4412 3049 4474 οἰκείως
3095 4408 3301 4475 τέθεικε
3344 4411 3411 4465 τὰ
3459 4407 3718 4482 ὂνόματα.

1671 4519 1908 4576 VARI/I3
1970 4518 2381 4577 LECTIONES.

408 4615 450 4691 ‘79
483 4613 563 4691 Ita
595 4612 638 4668 Ο
671 4629 940 4691 οενιιιειις.
976 4612 1061 4691 Qi,
1095 4611 1152 4665 in
1184 4610 1299 4691 cuj_.
1334 4611 1843 4691 ἰδεμ-κρατοῦμεν.
1880 4611 2180 4691 (,Ὶ.Γι·.ηῐιιι(>..Δ
2201 4626 2279 4691 xi,
2312 4608 2418 4687 52_;
2452 4598 3470 4691 Μειιὶικκιξιιι,13ὦβιιρθιιεςᾎβρίιιι.
3500 4598 3717 4691 ἑέἐᾶίέ.

332 4686 375 4723 ¹¹
410 4684 752 4775 Explanavit
799 4669 955 4739 hunc
999 4669 1189 4738 locum
1236 4669 1293 4735 ἑι
1340 4699 1372 4736 a
1420 4669 1829 4736 Schliemanno
1877 4681 2190 4737 vindicavit
2218 4669 2475 4758 Baurius.
2499 4676 2698 4759 An'nal.
2737 4669 2910 4756 Τὴςοι.
2937 4672 3188 4797 Tubing.
3223 4671 3378 4736 1844,
3413 4687 3469 4742 p.
3498 4670 3624 4725 555.

332 4758 373 4794 ιη
408 4757 512 4797 ἦπρ.
544 4760 583 4797 n
640 4758 683 4792 13
716 4756 1047 4797 [amandum
1126 4755 1171 4797 ni
1207 4753 1341 4797 nnid
1375 4753 1558 4797 viden-
1612 4749 2005 4797 ἐαποοῆέσηωε
2062 4755 2130 4797 At
2186 4752 2349 4797 deest
2404 4747 2646 4797 aliquid.
2678 4745 2735 4797 Ὃ
2782 4764 2873 4797 νυν
2920 4742 3129 4797 ἐμποοθ
3159 4761 3311 4797 cum:
3360 4754 3714 4797 παρειΛηφως

328 4758 381 4847 12’
408 4742 512 4811 ἀπό
640 4758 683 4847 103
716 4753 1343 4847 LegendunllueiLq'uid
1375 4753 1560 4847 video,
1612 4749 2130 4847 Epwpoﬂiazch;‘§t
2186 4752 2349 4847 deest
2394 4747 2646 4847 aliquid.
2678 4742 3129 4847 'O‘zgvnfgfrp‘o?

324 4826 479 4901 νόμῳ
507 4828 604 4897 τήν
630 4820 919 4957 gzcifelav
953 4833 1040 4882 est
1062 4820 1359 4881 diabolus.
1392 4824 1476 4880 Cf.
1512 4820 1666 4878 hom.
1698 4820 1791 4890 xv,
1821 4820 1981 4880 7.'—-
2009 4824 2197 4879 Etiam
2229 4820 2516 4888 Neander,
2546 4823 2612 4874 ut
2640 4820 2843 4890 postea
2872 4820 3134 4901 cognovi,
3188 4820 3345 4895 hunc
3388 4820 3580 4895 locum
3633 4820 3717 4867 sic

325 4901 596 4983 explicat,
645 4973 655 4983 .
710 4903 989 4982 ost..Syst.
1131 4898 1255 4952 411.
1299 4896 1434 4950 Post
1480 4891 1754 4968 βασιλείαν
1804 4896 2088 4952 excidisse
2135 4897 2303 5001 putat
2344 4891 2443 4979 τήγ
2500 4889 2683 4974 μάχην
2732 4886 2989 5001 tuomque,
3025 4885 3196 5001 ‘quold
3244 4885 3397 5001 iidem
3441 4901 3502 4991 lit?!
3548 4899 3717 5001 zegsu

326 4978 655 5001 ...ηληηηκοι
717 4971 929 5001 land"-
1125 4966 1486 5001 ἒησυυχηέρηιη
1548 4970 1587 5001 n
1663 4968 1707 5001 14
1764 4964 1963 5001 ἒνῖηίει
1997 4968 2036 5001 Π
2120 4968 2137 5001 1
2209 4983 2327 5001 η-Λιρ
2376 4982 2539 5001 nun-nn
2587 4971 2854 5001 unﬂrmrnlt
2961 5000 2969 5001 κ
3117 4975 3306 5001 αωνα
3383 4987 3417 5001 Α-
3578 4974 3617 5001 π
3654 4973 3717 5001 01

1125 4964 1490 5058 ἐμπροθέσμω
1548 4970 1608 5022 Ο.
1662 4968 1707 5049 ξ⁴
1764 4964 1967 5021 ἐκλαίει
1997 4968 2058 5023 C.
2120 4964 2164 5002 η
2209 4968 2327 5047 τοῖς
2376 4964 2539 5016 αὐτοῦ
2587 4964 2854 5033 μαθηταῖς
2907 4964 2971 5015 Ο.
3025 4964 3068 5039 ξ
3117 4964 3309 5039 αῐωνῑα
3356 4964 3417 5012 υ.
3452 4964 3494 5045 ιζ
3552 4964 3719 5043 ἐπώρα

1126 5036 1319 5104 ευσεοῇ
1351 5038 1392 5093 C
1421 5043 1477 5093 et
1525 5038 1584 5104 S,
1635 5038 1769 5094 licet
1823 5044 2083 5095 nostram
2137 5036 2443 5092 lectionem
2498 5025 3063 5104 commendettﬂ‘o‘gp
3106 5032 3355 5104 0.“Dein_
3402 5023 3500 5104 dn_
3542 5025 3719 5104 ἄρχῃς

325 4901 596 4983 explicat,
630 4901 989 4983 ᾂποδίκδῃδι.

326 4978 658 5025 insequenti
716 4971 947 5025 legitur.
1052 5010 1065 5023 .

326 4971 668 5044 insequenti
716 4971 956 5044 legitur.
1007 4971 1065 5044 S_.

332 5064 427 5119 μοι
458 5036 543 5119 C.2
577 5042 744 5119 ἐφόρα
775 5036 986 5119 "timus.
1028 5042 1077 5119 ξδ
1126 5036 1319 5119 ερσεοῇ

3239 4761 3311 4801 ως
3360 4740 3592 4817 παρειΑη
3602 4740 3717 4817 (pili:

3232 4830 3345 4868 unc
3387 4812 3580 4869 locum
3614 4812 3719 4867 'sic

2209 4968 2327 5024 τοῖς
2376 4953 2539 5016 αὐτοῦ
2579 4953 2854 5033 ’μαθηταῖς
2907 4953 3076 5033 0.4:“—
3117 4953 3309 5033 αἰωνία
3356 4955 3496 5033 Ci“?
3552 4953 3720 5033 έπόρα

329 5097 389 5189 ³3,
421 5097 864 5189 ΟξᾷπᾷριλῆςὈ.
897 5114 942 5189 ξο
1000 5109 1163 5189 εἰσαεί
1210 5097 1370 5189 p.31
1414 5106 1503 5163 καί
1636 5109 1900 5189 _O,de‘est
1954 5110 2010 5165 in
2045 5109 2171 5165 cod.
2214 5108 2393 5189 “Hom.
2452 5105 2631 5189 Paris.
2685 5108 2833 5189 inge}?
2979 5097 3057 5189 ἐς
3111 5100 3209 5189 ξος,
3241 5097 3711 5189 ’,ἐᾷἓὲξίῌο-ίᾮ.

328 5162 488 5243 Ideni
814 5162 1177 5257 palmi—ariam
1207 5162 1454 5255 largitus
1498 5162 1601 5237 est
1635 5162 2175 5257 iétti'aéggqiofﬁ;
2209 5162 2442 5255 ἆρῥητον
2486 5176 2658 5249 Vulg.
2692 5175 2741 5210 ³³
2773 5175 2859 5230 Ita
2885 5173 2948 5241 Ο,
2978 5171 3045 5241 0,
3076 5167 3205 5226 αὐτό
3241 5162 3555 5242 legendum
3581 5186 3716 5225 cen-

1692 5332 2072 5390 VARIORUM
2113 5331 2343 5390 NOTIE.

323 5264 411 5316 set
442 5260 501 5315 S.

401 5428 637 5502 (62)"0c
696 5426 798 5502 ἐπ’.
833 5424 1013 5502 spurii:
1068 5421 1457 5502 ᾳῖῶνοςνξιο·
1518 5422 1969 5502 “monasteriis

328 5494 507 5557 velim
532 5516 665 5557 cum
699 5494 1046 5572 Epiphanio,
1082 5494 1281 5551 haeresi
1310 5494 1399 5562 30,
1434 5510 1562 5565 quae
1599 5500 1688 5550 est
1734 5494 1967 5550 Ebioni-

325 5579 517 5629 tarum
553 5590 679 5643 cap.
713 5571 766 5627 3.
790 5571 929 5643 ﬂor.

398 5646 511 5771 (632
543 5634 721 5705 Μόνος
779 5639 990 5711 ἀληθὴς
1049 5634 1279 5712 ὑπάρξας
1337 5636 1671 5719 προφήτης..
1719 5636 1969 5718 Inferius

398 5732 450 5771 ιι.
517 5718 571 5771 Ο.
622 5717 685 5771 Id
738 5730 970 5771 auoaue
1026 5713 1397 5767 observatum
1456 5726 1515 5764 in
1572 5708 1857 5765 Ebionms
1911 5712 1969 5765 et

326 5708 571 5785 vui,10.
622 5717 685 5772 Id
738 5708 970 5786 quoque
1026 5708 1397 5767 observatum
1456 5708 1515 5764 in
1572 5708 1857 5765 Ebionais
1911 5712 1969 5765 et

2078 5418 2391 5492 Sampsaiis
2433 5433 2534 5474 seu
2565 5413 2836 5473 Elceseis
2868 5414 2939 5470 ab
2969 5409 3318 5495 Epiphanio,
3350 5408 3501 5536 quod
3552 5408 3716 5465 Chri-

2078 5498 2232 5536 ntnm
2268 5492 2324 5536 in
2366 5490 2583 5536 Adamn
2613 5490 2913 5536 monerent.
2946 5485 3090 5536 Vide
3120 5498 3254 5536 eum
3297 5497 3367 5536 vo
3397 5523 3411 5536 .
3447 5482 3499 5536 1.
3533 5497 3588 5536 D.
3621 5480 3714 5536 53.

2078 5480 2326 5566 ειυπῖᾼὶιι
2363 5480 3254 5566 Adamo‘ponerent._Vide_eu_m
3297 5480 3411 5566 vol.
3447 5482 3511 5566 1,
3533 5497 3588 5553 p.
3621 5480 3714 5564 53,

2078 5565 2201 5635 127,
2234 5564 2358 5627 462,
2389 5562 2512 5631 461,
2546 5551 2669 5615 462.
2720 5556 3044 5614 Periculose
3092 5552 3424 5611 Methodius
3472 5551 3715 5608 convivii

2076 5640 2221 5694 orat.
2254 5636 2307 5690 3.
2342 5635 2421 5689 In.
