4116 6224
360 386 472 449 129

1503 376 2036 444 CLEMENTINA.
2063 412 2134 424 —
2172 376 2499 441 HOMlLlA
2545 378 2649 442 ΙΙΙ.

3657 389 3777 449 130

355 518 535 596 χείαις
574 512 801 585 ἡδοναῖς
830 518 926 570 :06
977 512 1246 590 λογισμοῦ
1284 514 1385 585 τὴν
1442 510 1599 591 ἰσχὺν
1661 509 2007 585 ὗποσυλῶσα,

2158 528 2237 581 ue
2269 512 2663 584 voluptatibus
2692 513 2810 570 vim
2843 516 3059 573 mentis
3090 518 3420 590 depradala
3480 519 3677 591 plures
3711 522 3770 577 in
3867 522 3869 524 ’

354 607 480 668 «:06:
508 603 773 666 πλείονας
804 603 879 666 είς
914 602 1166 679 μοιχείαν
1201 604 1337 679 ἄγει,
1369 604 1459 659 καὶ
1510 604 1685 668 οὕτως
1728 613 1824 662 τοῦ
1880 610 2016 683 μέλ-

360 697 555 756 λοντος
611 691 786 749 καλοῦ
831 692 1093 769 στερίσκει
1144 693 1398 770 νυμφίου.
1447 694 1646 773 Νύμφη
1698 696 1798 774 γάρ
1845 698 1959 756 ἐστι
1991 703 2019 757 ὁ

358 792 465 847 πᾶς
513 787 563 821 es
612 782 921 859 ἅνθρωπος,
955 781 1151 836 ὁπόταν
1208 787 1306 837 :06
1351 780 1592 853 ἀληθοῦς
1643 787 1688 822 ⁸³
1734 793 2022 867 προφήτου

361 874 545 944 λευκῷ
574 875 729 947 Λόγῳ
759 870 1020 940 ἀληθείας
1053 870 1413 945 σπειρόμενος
1435 873 1734 949 φωτίζηται
1758 878 1849 931 τὸν
1873 884 2021 939 νοῦν.

432 963 682 1020 XXVIII.
716 960 810 1015 Διὸ
838 962 885 996 ⁸⁸
913 960 1026 1022 ἑνὸς
1063 959 1233 1032 μόνου
1287 965 1384 1015 :06
1431 968 1530 1031 τῆς
1583 963 1840 1035 ἀληθείας
1887 990 2022 1044 προ-

363 1054 545 1130 φήτου
599 1051 813 1105 ἀκούειν
872 1047 975 1116 δεῖ,
1008 1046 1189 1104 εῗδότα
1218 1048 1299 1134 ὅτι
1335 1050 1361 1104 3
1393 1053 1520 1125 παρ’
1553 1052 1738 1130 ἑτέρου
1802 1058 2025 1134 σπαρεὶς

364 1140 557 1217 λόγος,
588 1138 842 1215 μοιχείας
873 1136 1129 1213 ἔγκλημα
1159 1133 1343 1194 λαϐὼν
1375 1141 1438 1208 ⁸⁸,
1473 1140 1550 1203 ὡς
1583 1141 1686 1198 ὑπὸ
1715 1133 1953 1224 νυμφίου
1984 1150 2029 1186 ⁸⁸

362 1236 465 1298 τῆς
503 1225 784 1303 βασιλείας
814 1226 980 1282 αύτοῦ
1036 1221 1383 1285 ἐκϐάλλεται.
1413 1234 1545 1293 Τοῖς
1600 1228 1656 1286 δὲ
1704 1234 1765 1289 τὸ
1819 1221 2026 1309 pug-11$-

365 1339 483 1393 ριον
516 1315 718 1372 εἰδόσιν
754 1316 856 1371 61:6
886 1320 1129 1391 ψυχικῆς
1164 1316 1416 1393 μοιχείας
1465 1316 1555 1373 καί
1612 1322 1835 1386 Θάνατος
1886 1325 2028 1400 γίνε-

361 1427 472 1461 ται.
507 1405 740 1460 Ὀπόταν
774 1408 815 1441 ⁵⁷
860 1408 895 1475 ἡ
955 1406 1108 1480 ψυχὴ
1170 1405 1257 1483 ὑφ’
1298 1404 1493 1483 ἑτέρων
1550 1415 1750 1487 σπαρῇ,
1782 1408 1905 1469 τότε
1954 1414 2029 1478 ὡς

363 1493 722 1569 πορνεύσασα
750 1494 786 1563 ἦ
824 1492 1232 1569 μοιχευσαμένη
1268 1495 1372 1549 61:6
1401 1500 1499 1550 :06
1528 1498 1836 1573 πνεύματος
1871 1500 2028 1577 ἐγκα-

363 1583 718 1653 ταλείπεται,
750 1586 853 1642 9³
908 1584 998 1638 καὶ
1050 1582 1223 1647 οὕτως
1282 1584 1345 1639 τὸ
1395 1583 1644 1662 ἔμψυχον
1706 1594 1887 1663 σῶμα,
1935 1595 2033 1646 τοῦ

371 1678 658 1742 ζωοποιοῦ
715 1672 1024 1745 πνεύματος
1082 1672 1466 1748 χωρισθέντος,
1516 1676 1593 1738 εἷς
1649 1678 1693 1714 ⁸⁸
1752 1686 1856 1753 γῆν
1911 1680 2033 1735 ἀνα-

371 1762 589 1834 λύεται,
621 1762 711 1816 καὶ
764 1766 861 1816 τοῦ
918 1763 1313 1835 ἁμαρτήματος
1366 1765 1401 1832 ἡ
1434 1766 1551 1819 κατ’
1604 1765 1748 1839 ἀξίαν
1806 1767 2034 1832 κόλασις

373 1851 429 1907 ἐν
456 1856 543 1923 τῷ
566 1857 670 1920 τῆς
699 1849 927 1926 κρίσεως
958 1855 1132 1922 καιρῷ
1175 1849 1492 1908 ἀποδίδοται
1549 1853 1629 1927 τῷ
1684 1860 1836 1932 ψυχῇ
1902 1858 2035 1931 μετᾶ

372 1943 476 2008 τὴν
538 1944 638 1994 :06
694 1940 948 2013 σώματος
1006 1937 1281 1995 ἀνάλυσιν·
1319 1940 1500 2019 ὥσπερ
1551 1943 1635 1999 ἐπ’
1666 1946 1965 2022 ἀνθρώπων
1998 1950 2032 2018 ἠ

376 2029 469 2085 ἰπὶ
509 2029 739 2104 μοιχείᾳ
768 2035 1075 2107 φωραθεῖσα
1102 2034 1319 2105 πρῶτον
1351 2036 1458 2086 τῶν
1488 2030 1650 2089 οἷ’κων
1686 2030 2034 2110 ἐκϐάλλεται,

378 2118 481 2182 εἷθ’
514 2118 739 2193 ὕστερον
773 2117 859 2172 ἐπὶ
889 2116 1148 2193 καταδίκῃ
1178 2118 1437 2195 κρίνεται.

454 2209 656 2264 XXIX.
688 2211 797 2262 T06
830 2207 1035 2283 Πέτρου
1061 2211 1252 2263 τοῦτον
1288 2207 1590 2282 μέλλοντος
1621 2214 1756 2285 ἡμῖν
1813 2212 2039 2278 τελείως

377 2296 656 2375 ἐκφαίνειν
686 2295 779 2350 τὸν
814 2296 1069 2368 μυστικὸν
1103 2295 1264 2373 Λόγον
1298 2300 1361 2367 ⁸9,
1394 2305 1665 2375 Ζακχαῖος
1695 2303 1796 2371 ἧκε
1836 2301 2035 2379 λέγων’

377 2383 535 2450 Ἤδη
568 2384 787 2457 λοιπὸν,
822 2385 867 2439 ὦ
898 2387 1085 2460 Πέτρε,
1121 2386 1307 2461 καιρὸς
1357 2388 1492 2464 πρὸς
1535 2390 1598 2444 τὸ
1652 2387 1879 2447 ἐκϐάντα
1927 2390 2041 2448 δια-

381 2473 657 2550 λεχθῆναί
688 2493 765 2530 σε.
800 2473 979 2536 Πολίος
1010 2475 1112 2550 γὰρ
1144 2474 1233 2530 ἐπὶ
1262 2482 1363 2545 τῆς
1408 2475 1582 2548 αὐλῆς
1641 2483 2039 2558 συναθροισθεὶς

381 2562 645 2635 ἀναμένει
679 2583 737 2618 σε
766 2558 965 2638 ὄχλος,
997 2564 1065 2617 οὗ
1118 2563 1170 2619 ἐν
1225 2563 1374 2639 μέσῳ
1422 2567 1495 2629 ὡς
1542 2568 1902 2647 πολέμαρχος
1955 2573 2042 2627 ὁπ’

385 2653 558 2707 αὐτοῦ
619 2650 1094 2730 δορυφορούμενος
1153 2650 1345 2725 ἔστηκε
1406 2654 1711 2728 Σίμων.⁹0
1735 2656 1792 2714 δὲ
1840 2662 2043 2737 Πέτρος

386 2740 651 2811 ἀκούσας,
685 2740 856 2816 εὐχῆς
885 2740 1047 2816 χάριν
1080 2742 1389 2818 ὑποχωρεῖν
1423 2748 1469 2782 ⁸ο
1511 2767 1603 2817 μοι
1656 2746 1915 2811 κελεύσας
1970 2750 2044 2812 ὡς

393 2832 569 2899 μήπω
603 2828 856 2907 εἰληφότι
888 2831 951 2884 τὸ
982 2831 1117 2905 πρὸς
1154 2833 1425 2906 σωτηρίαν
1458 2833 1755 2909 βάπτισμα,
1786 2844 1903 2900 τοῖς
1934 2836 2045 2909 ἤδη

389 2918 632 2979 τελείοις
663 2917 788 2996 ἔφη’
820 2921 1158 2995 Ἐγερθέντες
1208 2921 1624 2994 εύξώμεθα,’ίνα
1674 2927 1701 2980 ὁ
1746 2928 1877 2988 Θεὸς
1932 2933 2050 2989 τοῖς

399 3006 780 3068 ἀνεκλείπτοις
814 3007 977 3061 αὐτοῦ
1008 3007 1314 3084 οἶκτιρμοῖς
1344 3014 1641 3087 συνεργήσῃ
1675 3036 1767 3087 μοι
1813 3017 2050 3091 ὁρμῶντι

398 3096 539 3168 πρὸς
568 3095 843 3170 σωτηρίαν
874 3117 981 3150 των
1029 3097 1117 3151 ὑπ’
1146 3097 1310 3152 αὐτοῦ
1365 3102 1685 3165 κτισθέντων
1733 3103 2049 3179 ἀνθρώπων.

402 3185 503 3238 Καὶ
530 3186 680 3239 τοῦτ’
713 3187 755 3222 ⁶¹
789 3183 954 3239 εἰπὼν
984 3185 1294 3258 εὐξάμενος,
1331 3187 1471 3262 ἐξῄει
1532 3190 1609 3253 εἰς
1654 3193 1745 3247 τὸν
1789 3192 2049 3269 ὕπαιθρον

397 3276 503 3340 τῆς
557 3271 734 3343 αὐλῆς
789 3274 955 3329 τόπον
1018 3276 1184 3349 μέγαν
1243 3271 1392 3348 ὄντα,
1443 3276 1566 3343 ἔνθα
1621 3278 2052 3351 συνεληλυθότες

394 3362 538 3430 ἦσαν
567 3360 773 3417 πολλοὶ
800 3367 898 3417 :06
928 3363 1249 3419 ἐποπτεῦσαι
1298 3366 1481 3441 χάριν,
1510 3374 1611 3437 τῆς
1661 3367 1977 3445 διακρίσεως
2006 3375 2051 3409 ⁸³

392 3449 567 3504 αὐτοῦ
626 3449 715 3504 ἐπὶ
769 3452 833 3505 τὸ
890 3449 1137 3507 σπεύδειν
1194 3458 1293 3508 :06
1350 3455 1562 3510 ἀκούειν
1597 3456 2051 3534 σπουδαιοτέρους

391 3538 788 3609 πεποιηκυίας.

470 3628 635 3683 XXX.
674 3628 810 3689 Στὰς
858 3626 973 3697 οὖν,
1004 3629 1103 3682 καῖ
1146 3627 1275 3684 ἰδὼν
1325 3631 1459 3702 μετά
1514 3629 1690 3703 πάσης
1720 3636 1766 3671 ⁸³
1816 3636 2052 3711 ἡσυχίας

389 3717 489 3770 τὸν
523 3715 698 3770 πάντα
732 3715 862 3770 λαὸν
897 3715 971 3778 εἷς
1004 3717 1162 3772 αὐτὸν
1198 3719 1525 3791 ἀτενίζοντα,
1562 3723 1786 3795 Σίμωνα
1846 3722 1903 3779 δὲ
1959 3726 2050 3781 τὸν

394 3804 585 3879 Μάγον
626 3803 703 3865 εἷς
750 3805 910 3877 μέσον
960 3804 1184 3867 ἑστῶτα.
1217 3812 1314 3862 τοῦ
1375 3807 1550 3884 λέγειν
1606 3808 1807 3886 ἤρξατο
1858 3813 2056 3877 οὕτως’

396 3893 613 3966 Εἰρήνη
646 3892 728 3963 εἴη
762 3899 921 3948 πᾶσιν
957 3896 1084 3967 ὑμῖν
1115 3902 1230 3958 τοῖς
1288 3896 1523 3971 ἑτοίμως
1554 3902 1601 3936 ⁸⁸
1630 3896 1819 3976 ἔχουσι
1879 3900 2053 3974 δεξιὰς

398 3978 613 4035 διδόναι
644 3984 749 4038 94
776 3986 845 4054 τῇ
875 3987 972 4037 :06
997 3989 1132 4038 Θεοῦ
1178 3982 1429 4057 ἀληθείᾳ,
1461 3988 1523 4056 ἣν
1580 3987 1743 4044 αὐτοῦ
1805 3990 2052 4065 μεγάλην

397 4071 577 4124 τεκαὶ
606 4070 930 4146 ἀσύγκριτον
959 4070 1011 4125 ἐν
1041 4078 1121 4144 τῷ
1168 4078 1259 4128 νῦν
1307 4074 1502 4149 κόσμῳ
1553 4078 1901 4156 ὑπάρχουσαν
1955 4079 2057 4135 δωο

404 4160 531 4235 ρεὰν
566 4162 595 4213 ο
627 4159 952 4222 ἀποστείλας
980 4163 1151 4234 ἡμᾶς,
1181 4167 1279 4218 :06
1320 4163 1371 4219 ὲν
1407 4165 1654 4242 ὑπεροχῇ
1685 4168 2056 4246 συμφέροντος

400 4246 647 4320 ἀψευδής
680 4249 941 4325 ὑπάρχων
983 4254 1298 4328 προφήτης,
1329 4253 1530 4325 ταύτην
1579 4259 1713 4328 ἡμῖν
1757 4256 2056 4315 ἐνετείλατο

402 4340 675 4413 προφάσει
749 4338 1124 4414 προσηγορίας
1196 4343 1303 4416 πρὸ
1385 4348 1490 4397 τῶν
1552 4352 1653 4413 τῆς
1711 4342 2060 4410 διδασκαλίας

404 4426 589 4502 λόγων
651 4428 776 4497 ὑμῖν
837 4426 1403 4504 ὲπιιρθέγγεσθαι,’ίνα,
1458 4432 1545 4487 ἐὰν
1597 4432 1633 4507 ᾖ
1680 4456 1763 4497 τις
1824 4435 1875 4489 ἐν
1930 4437 2057 4508 ὑμῖν

405 4516 634 4589 είρήνης
664 4519 867 4582 τέκνον,
900 4514 991 4571 διὰ
1018 4525 1118 4586 τῆς
1168 4516 1517 4582 διδασκαλίας
1563 4525 1724 4594 ἡμῶν
1779 4520 2059 4601 καταλάϐῃ

2128 600 2479 657 adulterium
2533 604 2711 674 ducit,
2737 603 2934 676 sicque
2967 606 3153 678 privat
3211 610 3486 679 praeclaro
3530 627 3767 682 sponso,

2130 706 2304 761 quem
2338 690 2593 745 habituri
2623 697 2807 748 erant.
2845 693 2989 749 Nam
3022 696 3268 767 quilibet
3325 697 3498 753 homo
3557 716 3773 771 sponsa

2131 781 2477 850 est,quanilo
2498 782 2612 836 veri
2630 782 2923 853 prephetae
2947 784 3195 840 candido
3226 786 3484 843 veritatis
3505 805 3775 847 sermone

2132 885 2484 940 conspersus
2516 875 2710 925 mente
2740 870 3125 928 illuminatur.

2203 957 2817 1031 XXVIII.Quapropter
2857 977 3038 1016 unum
3100 961 3290 1018 solum
3350 966 3608 1024 veritatis
3640 987 3770 1040 pro-

2135 1045 2369 1117 phetam
2404 1046 2733 1103 auscultare
2763 1055 3008 1121 oportet,
3042 1052 3465 1126 sciendumque
3494 1062 3583 1111 est
3615 1058 3770 1129 quod

2137 1135 2209 1190 ab
2241 1135 2354 1191 alio
2385 1135 2709 1193 seminatus
2738 1139 3235 1207 sermo,adulterii
3268 1148 3502 1215 sumpto
3532 1146 3777 1204 crimine

2138 1227 2415 1294 tanquam
2448 1242 2481 1279 a
2509 1242 2723 1297 sponso
2754 1244 2783 1282 e
2816 1244 2992 1300 regno
3023 1230 3151 1300 ejus
3190 1231 3440 1301 ejicitur.
3470 1233 3547 1289 Iis
3578 1240 3774 1292 autem

2139 1311 2238 1383 qui
2269 1312 2608 1384 mysterium
2634 1321 3156 1390 coguoverunt,per
3187 1319 3393 1375 animae
3424 1321 3778 1381 adulterium

2140 1406 2197 1455 et
2228 1402 2941 1473 morsoontingitﬁcilicet
2967 1422 3097 1461 cum
3124 1407 3405 1464 animaab
3426 1409 3556 1467 aliis
3578 1428 3781 1469 semen

2141 1489 2445 1561 acceperit,
2478 1494 2617 1545 tunc
2648 1490 2803 1547 velut
2836 1493 3118 1549 fornicata
3149 1502 3249 1552 aut
3270 1498 3624 1556 adulterium
3651 1519 3786 1574 ope-

2143 1582 2267 1633 rata
2297 1578 2584 1634 deseritur
2613 1597 2645 1634 a
2678 1580 2887 1653 spiritu
2924 1599 2937 1637 :
2972 1588 3148 1655 atque
3179 1584 3260 1640 ita
3316 1604 3527 1660 corpus
3558 1591 3787 1647 anima-

2141 1671 2289 1732 tum,
2323 1666 2516 1722 ablato
2546 1668 2896 1726 vivificatore
2923 1671 3159 1743 spiritu,
3190 1675 3246 1729 in
3276 1682 3491 1732 terram
3523 1678 3789 1736 dissolvi-

2142 1758 2259 1821 tur,
2293 1760 2350 1809 et
2376 1757 2591 1827 peccati
2643 1759 2931 1831 condigna
2974 1762 3264 1834 supplicia
3294 1768 3553 1839 tempore
3576 1768 3785 1834 judicii

2144 1843 2548 1898 retribuuntur
2578 1845 2784 1901 anima
2817 1852 2950 1920 post
2978 1853 3406 1923 separationem
3438 1873 3471 1911 a
3519 1873 3779 1929 corpore.

2146 1932 2651 1995 Quemadmodum
2685 1936 2833 1991 inter
2872 1937 3161 2006 homines,
3196 1959 3321 2014 qua:
3381 1944 3440 2000 in
3498 1946 3783 2004 adulterio

2148 2022 2507 2093 deprehensa
2538 2028 2643 2095 est,
2663 2026 2914 2096 primum
2944 2029 3167 2085 aedibus
3197 2032 3449 2105 ejicitur,
3482 2052 3547 2090 ac
3578 2036 3787 2093 deinde
3839 2095 3850 2101 ,

2148 2110 2631 2167 condemnatione
2664 2114 2965 2169 multatur.

2218 2198 2409 2253 XXIX.
2444 2199 2706 2273 Cumque
2750 2207 2954 2260 Petrus
3010 2205 3164 2262 hunc
3226 2208 3419 2279 ipsum
3476 2214 3788 2285 mysticum

2150 2303 2479 2343 sermonem
2514 2292 2766 2361 perfecte
2799 2293 2965 2348 nobis
3008 2295 3414 2356 declaraturus
3442 2308 3614 2367 esset,
3647 2304 3789 2359 Zac-

2151 2377 2342 2433 cbaeus
2373 2378 2528 2433 venit
2549 2379 2806 2452 dixitque
2840 2399 2851 2437 :
2886 2383 3016 2438 Jam
3050 2402 3229 2455 nunc,
3252 2388 3674 2464 Petre,tempus
3701 2399 3790 2449 est

2152 2471 2219 2521 ut
2248 2482 2416 2523 exeas
2437 2468 2507 2522 ad
2533 2469 3153 2529 disserendum.Multa
3180 2476 3335 2531 enim
3359 2480 3530 2535 turba
3559 2479 3617 2535 in
3645 2482 3792 2537 atrio

2154 2561 2505 2629 congregata
2536 2558 2794 2630 operitur
2820 2564 2897 2627 te,
2949 2562 3004 2617 in
3040 2565 3209 2636 cujus
3259 2566 3450 2623 medio
3508 2572 3790 2642 tanquam

2155 2644 2290 2699 belli
2321 2645 2438 2701 dux
2468 2646 2539 2701 ab
2570 2647 2772 2703 eadem
2804 2654 3096 2721 protectus
3127 2670 3191 2709 ac
3223 2654 3474 2727 stipatus
3530 2660 3794 2715 constitit

2158 2733 2509 2799 Simun.Qu0
2537 2736 2971 2805 audito,Petrus
3002 2741 3285 2798 orationis
3315 2748 3504 2817 gratia
3528 2750 3795 2805 secedere

2160 2840 2252 2878 me
2275 2825 2477 2894 jussit,
2513 2830 2576 2879 ut
2605 2826 2704 2898 qui
2738 2828 3001 2883 nondum
3033 2833 3387 2903 accepissem
3447 2836 3655 2892 salutis
3690 2839 3796 2893 ba-

2162 2913 2395 2982 ptisma,
2430 2917 2486 2967 et
2515 2913 2585 2968 ad
2623 2915 2747 2983 jam
2796 2916 3086 2988 baptismo
3134 2920 3388 2991 pefectos
3437 2923 3623 2981 dixit:
3660 2927 3799 2983 Sur-

2161 3005 2363 3069 gentes
2391 3018 2645 3069 oremus,
2676 3010 2739 3058 ut
2767 3010 2913 3060 Deus
2946 3023 3048 3077 pro
3082 3008 3203 3063 suis
3237 3012 3532 3083 perpetuis
3566 3017 3804 3071 misera-

2162 3090 2424 3144 tionibus
2454 3091 2771 3163 opituletur
2803 3094 2966 3162 mibi,
2999 3095 3097 3167 qui
3161 3099 3374 3169 prodeo
3430 3102 3503 3156 ob
3546 3104 3799 3161 salutem

2163 3178 2469 3233 hominum
2504 3197 2648 3251 quos
2678 3183 3115 3256 creavit.thue
3142 3186 3262 3242 hac
3282 3186 3512 3245 locutus
3536 3197 3642 3258 est,
3675 3209 3804 3251 ora-

2083 3248 2127 3316 C
2166 3269 2323 3322 tione
2375 3248 2544 3334 facta,
2584 3269 2746 3332 ,exiit
2801 3269 2860 3325 in
2920 3248 3053 3326 atrii
3113 3272 3306 3330 locum
3361 3248 3695 3335 subdialem
3746 3248 3806 3338 et

2162 3373 2467 3429 magnum,
2502 3374 2615 3429 quo
2650 3358 2816 3413 multi
2848 3368 3239 3418 convenerant
3267 3367 3567 3436 spectandi
3602 3385 3803 3439 causa;

2161 3462 2296 3501 nam
2328 3447 2455 3517 ejus
2486 3446 2803 3519 disputatio
2835 3450 3066 3521 fecerat,
3100 3456 3165 3506 ut
3195 3451 3596 3527 diligentiores
3640 3458 3803 3514 festi-

2162 3542 2367 3589 narent
2400 3536 2467 3590 ad
2506 3536 2885 3592 audiendum.

2232 3624 2395 3679 ΧΧΧ.
2427 3630 2601 3680 Stans
2644 3642 2801 3697 ergo,
2835 3644 3195 3701 cernensque
3245 3631 3582 3689 universum
3619 3652 3801 3708 popu-

2162 3714 2284 3769 lum
2320 3715 2587 3770 universo
2618 3731 2750 3771 cum
2784 3715 3014 3772 silentio
3046 3719 3245 3775 oculos
3273 3719 3331 3774 in
3390 3720 3584 3793 ipsum
3618 3724 3800 3796 conji-

2163 3820 2312 3873 cere,
2340 3820 2404 3858 ac
2436 3803 2733 3859 Simonem
2766 3804 2999 3877 Magum
3034 3807 3092 3861 in
3124 3809 3316 3864 medio
3346 3815 3519 3879 stare,
3555 3814 3710 3869 hunc
3739 3813 3800 3870 in

2166 3894 2403 3947 modum
2439 3892 2596 3963 loqui
2630 3894 2801 3965 coepit
2836 3911 2848 3949 :
2888 3900 3000 3951 Pax
3031 3895 3108 3951 sit
3158 3898 3434 3954 omnibus
3483 3901 3671 3970 vobis,
3702 3902 3805 3974 qui

2166 3982 2347 4052 parati
2382 3981 2523 4036 estis
2554 3982 2820 4037 dexteras
2851 3984 2989 4039 dare
3020 3985 3251 4040 veritati
3294 3986 3416 4054 Dei,
3448 4003 3648 4060 quam,
3683 4007 3806 4045 ma-

2165 4086 2345 4141 gnum
2381 4087 2587 4141 nempe
2620 4087 2685 4125 ac
2718 4071 3176 4145 incomparabile
3201 4076 3331 4145 eius
3360 4093 3580 4133 munus
3609 4077 3668 4133 in
3704 4079 3813 4135 hoc

2168 4161 2409 4223 mundo,
2448 4165 2509 4213 ut
2542 4161 2914 4216 salutationis
2946 4179 3124 4220 causa
3153 4164 3315 4220 vobis
3347 4170 3483 4222 ante
3512 4184 3814 4224 sermones

2167 4250 2441 4304 doctrinae
2473 4248 3169 4322 acclamemus.pra:cepit
3192 4253 3361 4308 nobis
3383 4256 3484 4326 qui
3517 4256 3683 4313 misit
3708 4274 3817 4313 nos

2168 4354 2338 4392 verus
2376 4337 2711 4393 excellentis
2771 4339 2903 4393 boni
2965 4342 3290 4411 propheta;
3325 4358 3440 4413 quo
3492 4344 3541 4399 si
3594 4345 3813 4423 aliquis

2170 4428 2321 4481 inter
2351 4444 2450 4482 vos
2482 4428 2558 4482 sit
2587 4428 2742 4482 lilius
2796 4428 2976 4499 pacis,
3020 4446 3120 4499 per
3175 4431 3499 4486 doctrinam
3550 4440 3813 4489 nostram

2169 4532 2279 4586 pax
2309 4532 2443 4571 eum
2466 4516 2910 4587 complectatur;
2936 4518 2983 4571 si
3016 4519 3148 4588 quis
3175 4524 3370 4574 autem
3393 4526 3654 4577 vestrum
3686 4538 3815 4577 eam

404 4605 568 4659 αὐτὸν
629 4607 664 4673 ἦ
728 4605 1017 4680 εῗρήνη,εἰ
1075 4604 1132 4661 δὲ
1184 4608 1383 4678 ταύτην
1446 4604 1632 4665 λαϐεῖν
1663 4612 1813 4684 ὑμῶν
1847 4633 1928 4675 τις
1980 4614 2041 4686 μνί

2170 4605 2430 4675 accipere
2461 4604 2625 4672 nolit,
2659 4611 2797 4660 tunc
2831 4621 2958 4670 nos,
3001 4623 3243 4662 excusso
3302 4608 3360 4663 in
3412 4610 3814 4666 testimonium

407 4693 586 4761 θέλοι,
618 4693 743 4748 τότε
770 4698 934 4766 ἡμεῖς
966 4696 1416 4769 ἀτιοτιναξάμενοι
1468 4698 1545 4760 εἰς
1603 4701 1897 4775 μαρτυρίαν
1956 4707 2063 4759 τῶν

408 4780 593 4836 ποδῶν
630 4784 792 4854 ἡμῶν
818 4785 911 4837 τὸν
940 4783 998 4837 ἐκ
1024 4789 1133 4839 τῶν
1174 4784 1315 4839 ὁδῶν
1364 4789 1664 4863 κονιορτὸν,
1697 4788 1755 4843 ὅν
1804 4787 1892 4844 διὰ
1932 4791 2066 4854 τοὺς

2177 4693 2409 4765 pulvere
2442 4694 2653 4766 pedum
2689 4699 3043 4765 nostrorum,
3071 4713 3245 4767 quem
3288 4697 3595 4754 collectum
3623 4716 3692 4755 ex
3720 4700 3817 4753 iti-

2176 4799 2383 4837 nerum
2418 4783 2715 4839 laboribus
2745 4785 2957 4839 salutis
2990 4791 3187 4840 vestrae
3208 4803 3346 4859 ergo
3379 4788 3708 4855 attulimus,
3743 4789 3814 4844 ad

408 4870 691 4942 καμάτους
741 4871 1087 4945 βαστάξαντες
1113 4876 1157 4910 ⁵⁸
1186 4876 1487 4949 ἠνέγκαμεν
1533 4877 1667 4949 πρὸς
1728 4879 1867 4950 ὑμᾶς
1916 4879 2035 4934 ὅπω

2175 4871 2425 4928 aliorum
2458 4873 2664 4929 domos
2694 4890 2760 4929 ac
2791 4874 3053 4929 civitates
3083 4874 3363 4930 abeamus
3394 4877 3494 4947 (α).

412 4967 649 5032 σωθῆτε,
682 4959 755 5021 εἷς
786 4959 979 5036 ἑτέρων
1013 4961 1257 5035 ἀπίωμεν
1291 4962 1465 5026 οἰκίας
1496 4965 1586 5020 καὶ
1613 4965 1823 5029 πόλεις.

484 5112 563 5185 (α)
596 5111 802 5169 Matth.
834 5130 891 5182 x,
928 5114 1030 5185 12;
1062 5114 1239 5173 Marc.
1271 5133 1350 5188 v1,
1384 5117 1443 5174 11
1470 5134 1484 5187 ;
1520 5117 1659 5175 Luc.
1691 5136 1747 5188 ι,
1776 5121 1831 5176 5.

1763 5297 2003 5356 νΑΡιΙιΕ
2060 5294 2470 5357 LEC’I‘IONES.

486 5432 539 5518 ⁸ξ
556 5433 970 5518 Cﬂbiechvertjt2
1001 5436 1169 5518 quasi
1198 5437 1327 5518 legi.
1341 5436 1590 5518 voluerit
1620 5444 1725 5518 πᾶς
1756 5440 1804 5500 ὁ.
1838 5444 2076 5518 S._7Tum
2105 5437 2348 5518 ῥπότξᾶν
2375 5437 2547 5518 Yulg.
2570 5504 2591 5518 ι
2624 5432 2909 5518 {animos
3157 5436 3235 5489 Δι’
3322 5437 3380 5490 C.
3415 5436 3501 5518 ﬂ“
3517 5436 3626 5518 “ita
3678 5438 3722 5518 ρ
3771 5453 3819 5491 c.

411 5504 483 5572 Ι),
519 5498 708 5558 λαϐεῖν
738 5507 799 5562 C.
874 5509 919 5544 ⁵⁸
950 5498 1088 5565 ῙΠὈ
1118 5498 1504 5566 θεδθννὶἁϐιιιι·
1537 5530 1628 5581 μοι
1680 5498 1811 5574 eius.
1852 5498 2115 5569 ’Νῶϊ
2147 5515 2205 5568 ἄν
2239 5516 2302 5571 C.
2378 5511 2420 5546 ⁵⁸
2449 5498 2615 5568 τῖεῗς
2660 5506 2725 5562 0-
2762 5498 3015 5634 “egerim
3070 5506 3192 5592 τόῖε
3240 5506 3337 5567 εἷς.
3414 5507 3459 5541 ³⁸
3512 5506 3575 5561 εί
3626 5509 3815 5558 τοῧτον

412 5585 553 5631 ante
583 5572 753 5635 λύγον
790 5580 959 5635 omisi
992 5597 1041 5635 c.
1070 5585 1129 5635 Ο.
1206 5583 1251 5617 ⁶⁰
1282 5530 1732 5635 ὑπογωοῆσαὲϐ.
1770 5586 1902 5635 Dein
1936 5586 2010 5635 ὡς
2047 5588 2215 5635 mimo
2252 5603 2344 5635 uo:
2378 5599 2479 5635 pro
2509 5578 2583 5635 ὡς
2619 5578 2787 5635 μήπω
2886 5622 2897 5633 .
2973 5581 3016 5616 ⁶¹
3074 5578 3221 5633 ταυτ⁹
3278 5584 3334 5631 C.
3410 5577 3458 5611 ⁶²
3522 5578 3561 5631 D
3619 5593 3815 5632 vocem

412 5585 553 5655 ante
583 5572 753 5651 λύγον
790 5580 1041 5655 omisic.
1070 5585 1129 5635 Ο.
1206 5583 1251 5617 ⁶⁰
1282 5572 1620 5655 ὑποχωρῆσα

1675 5590 1732 5640 C.
1770 5586 1903 5641 Dein
1936 5586 2010 5649 ὡς
2046 5588 2344 5660 μήπωίμρι
2378 5599 2479 5655 pro
2509 5578 2583 5660 die
2619 5578 2787 5660 plina)

2886 5622 2897 5633 .
2973 5581 3016 5616 σί
3074 5578 3221 5633 ταῦτ’
3278 5584 3334 5631 C.
3410 5577 3458 5611 ⁶²
3522 5578 3561 5631 D
3619 5593 3815 5632 vocem

414 5643 688 5725 ξιάκρισις
717 5651 858 5705 verti
886 5652 1007 5725 vult
1036 5669 1138 5724 per
1164 5643 1557 5725 επειιεὴῖἰὰηὶ
1585 5654 1671 5711 vel
1697 5643 2077 5725 eminentiam,
2110 5643 2183 5714 ξι.
2218 5643 2396 5713 ΙὩοιιῖ
2430 5670 2503 5724 ιν,
2530 5652 2583 5708 7.
2619 5643 2628 5651 ’
2658 5643 2704 5686 ⁸³
2732 5648 2950 5721 πολλῆς
2979 5651 3040 5708 C.
3118 5653 3163 5687 ⁸⁴
3210 5648 3453 5723 ἑτοίμοις
3500 5648 3637 5706 edit-
3672 5648 3731 5705 Cl
3764 5654 3821 5708 et

415 5718 457 5777 8
487 5718 697 5777 odntra
723 5718 1129 5780 auctoritatem
1161 5725 1330 5782 codd.
1405 5724 1451 5762 ⁸⁸
1477 5722 1731 5800 κάμπους
1764 5718 2114 5807 βαστάσαντες
2147 5731 2217 5786 Ο.
