4116 6224
340 350 446 408 131

404 478 588 535 XXXI.
624 479 695 531 Ac
724 491 854 529 vere
907 472 1161 528 dicimus
1216 474 1380 528 vobis
1415 488 1427 527 :
1462 473 1825 528 tolerabilius
1870 474 1973 526 erit

2160 477 2323 528 XXX.
2374 476 2474 531 Καὶ
2553 474 2774 546 ἀληθῶς
2840 478 2966 551 ὑμῖν
3048 476 3301 553 λέγομενο

336 570 394 624 in
428 568 521 623 die
562 564 791 636 judicii,
851 578 1085 617 manere
1144 560 1204 616 in
1263 566 1419 617 terra
1479 561 1866 617 Sodomorum
1926 564 1983 616 et

334 653 690 717 Gomorrbac,
741 668 917 723 quam
977 650 1036 704 in
1093 648 1216 706 loco
1278 649 1709 706 incredulitatis
1744 668 1758 706 :
1793 650 1980 722 primo

335 746 592 817 quidem,
629 742 766 814 quia
794 740 946 812 quod
981 739 1193 794 rationi
1225 739 1511 809 convenit,
1566 757 1634 795 ex
1674 738 1832 794 vobis
1867 755 1979 794 non

340 831 706 890 intellexistis
739 848 752 899 ;
787 830 1063 899 secundo,
1099 828 1372 900 quoniam
1414 845 1546 884 cum
1580 829 1650 884 de
1678 828 1845 883 nobis
1876 846 1979 884 au-

329 923 606 989 diissetis,
642 938 757 977 non
807 919 1049 975 venistis
1098 918 1169 973 ad
1223 935 1372 986 nos;
1407 917 1585 972 tertio
1618 916 1756 988 quia
1802 918 1977 972 etiam

332 1031 466 1070 cum
533 1010 920 1078 venissemus,
984 1007 1153 1063 nobis
1214 1024 1331 1062 non
1395 1006 1744 1062 credidistis.
1796 1006 1983 1069 Quare

330 1102 727 1177 gratiﬁcantes
756 1098 918 1154 vobis
949 1095 1127 1163 ultro,
1189 1112 1447 1163 oramus,
1508 1100 1569 1150 ut
1614 1112 1722 1167 pax
1782 1099 1979 1150 nostra

329 1191 524 1248 veniat
554 1206 728 1261 super
758 1204 880 1242 vos.
915 1185 974 1241 Si
1006 1201 1141 1257 ergo
1175 1200 1303 1238 eam
1337 1184 1553 1238 habere
1582 1182 1781 1249 vultis,
1815 1199 1979 1253 opor-

329 1284 412 1337 tet
441 1296 541 1335 vos
573 1277 744 1332 alacri
780 1275 974 1330 animo
1025 1273 1341 1344 suscipere,
1402 1277 1465 1327 ut
1522 1270 1799 1343 injuriam
1862 1270 1973 1327 non

336 1367 561 1426 faciatis
593 1372 650 1423 et
673 1365 839 1421 vobis
870 1364 1081 1418 factam
1130 1363 1327 1417 feratis
1386 1360 1609 1417 fortiter
1638 1378 1651 1415 :
1687 1361 1841 1432 quod
1873 1360 1974 1417 ho-

334 1458 511 1515 minis
559 1460 768 1511 natura
798 1469 912 1508 non
945 1451 1279 1520 sustinebit,
1313 1449 1425 1505 nisi
1470 1449 1633 1521 prius
1664 1449 1974 1505 eminentis

332 1546 467 1603 boni
494 1543 778 1616 acceperit
810 1541 1102 1608 notitiam,
1138 1539 1195 1593 id
1229 1543 1423 1594 autem
1456 1544 1561 1609 est,
1624 1554 1973 1610 cognoscere

326 1640 554 1708 justam
588 1636 715 1703 ejus
746 1633 847 1703 qui
879 1634 1090 1685 cuncta
1119 1632 1431 1700 exsuperat
1486 1632 1779 1693 naturam,
1814 1628 1970 1698 quod

335 1724 523 1797 punit,
551 1728 615 1778 ut
645 1721 861 1793 injuria
891 1719 1125 1775 affectos
1175 1716 1512 1785 ulciscatur,
1545 1723 1601 1772 et
1629 1717 1757 1788 pios
1788 1717 1959 1772 bene-

335 1814 482 1870 ficiis
513 1814 569 1867 in
604 1810 1023 1883 sempiternum
1059 1806 1259 1863 afﬁcit.

404 1902 613 1957 XXXII.
646 1899 760 1953 Vos
814 1897 1013 1970 igitur.
1049 1902 1112 1950 ut
1142 1900 1339 1968 gratos
1400 1894 1500 1950 Dei
1552 1910 1750 1949 servos
1783 1895 1971 1962 decet,

334 2008 402 2047 ex
428 1990 592 2045 vobis
624 1988 778 2059 quod
808 1985 1019 2041 rationi
1042 1988 1497 2040 consentaneum
1529 1988 1618 2038 est
1638 1982 1973 2056 intelligen-

332 2086 441 2144 tes,
496 2078 671 2132 vitam
733 2074 782 2131 ei
841 2074 1162 2146 placentem
1224 2072 1673 2144 amplectimini,
1738 2077 1801 2127 ut
1866 2073 1971 2138 sic,

334 2171 595 2222 amantes
625 2183 756 2221 eum
790 2169 846 2219 et
876 2163 946 2218 ab
976 2180 1042 2217 eo
1071 2161 1271 2228 amati,
1296 2163 1447 2232 quod
1480 2162 1697 2216 bonum
1728 2165 1818 2217 est
1841 2178 1972 2232 pos-

332 2255 569 2311 sideatis
596 2259 890 2326 perpetuo.
954 2251 1103 2306 Illud
1137 2250 1294 2305 enim
1345 2251 1468 2321 ipse
1520 2249 1681 2304 solus
1723 2250 1972 2305 maxime

334 2349 525 2417 potest
554 2340 956 2416 praestare,qui
989 2357 1101 2395 non
1117 2338 1453 2395 exsistentia
1474 2339 1545 2393 ad
1568 2338 1973 2394 exsistentiam

332 2433 591 2502 adduxit,
642 2431 853 2487 ccelum
916 2428 1153 2495 creavit,
1208 2432 1425 2483 terram
1475 2428 1766 2500 conpegit,
1813 2444 1975 2483 mare

331 2521 635 2588 conclusit,
660 2537 787 2592 quae
818 2519 877 2574 in
900 2518 1103 2574 inferis
1134 2521 1274 2572 sunt
1296 2515 1976 2587 recondidit,cunctaque

331 2611 571 2683 replevit
603 2625 752 2665 aere.

398 2700 660 2754 XXXIII.
691 2697 793 2752 Hic
825 2694 987 2751 solus
1018 2710 1196 2749 unam
1229 2710 1294 2749 ac
1324 2692 1577 2765 primam
1613 2692 1970 2765 simplicem-

328 2806 442 2862 que
471 2785 867 2845 substantiam
900 2782 1359 2855 quadrupliciter
1406 2787 1464 2838 et
1511 2782 1802 2837 contrarie
1843 2799 1975 2838 con-

330 2879 502 2933 vertit
532 2894 545 2933 :
580 2893 647 2932 ac
679 2874 889 2930 deinde
920 2873 1310 2929 commiscens
1338 2870 1497 2927 mille
1537 2871 1671 2927 inde
1702 2870 1975 2943 produxit

339 2967 531 3036 mista,
565 2982 679 3036 quo
730 2961 1050 3019 contrarias
1082 2961 1140 3015 in
1198 2966 1437 3016 natiiras
1483 2965 1716 3016 mutatae
1747 2977 1812 3016 ac
1844 2976 1974 3033 per-

338 3057 526 3112 mistaa
556 3072 648 3111 res
677 3053 803 3109 vitae
828 3052 1183 3123 voluptatem
1216 3067 1316 3121 per
1367 3050 1792 3122 oppositionem
1842 3067 1972 3122 pro-

337 3149 625 3202 curarent.
659 3143 789 3215 Ipse
819 3140 992 3197 etiam
1042 3139 1202 3195 solus
1252 3139 1497 3211 populos
1545 3137 1885 3211 angelorum
1919 3144 1976 3195 et

1159 342 1223 401 S.
1272 340 1711 401 CLEMENTIS
1756 342 1780 400 Ι
1827 338 2016 402 ROM.
2066 340 2300 404 PONT.
2347 344 2605 405 OPERA
2652 345 2913 408 DUBIA.

2001 1843 2049 1907 B

3626 354 3741 414 l32

3389 480 3740 560 ἀνεκτότερον

2092 556 2238 615 ἔσται
2263 561 2341 637 ,γῇ
2373 565 2416 601 ⁸⁸
2443 560 2706 637 Σοδόμων
2734 566 2822 621 καὶ
2854 566 3135 644 Γομόρῥας
3169 569 3220 624 ἐν
3253 568 3436 645 ἡμέρᾳ
3480 556 3734 646 κρίσεως,

2088 647 2233 722 ἤτῷ
2262 659 2362 722 τῆς
2421 653 2691 717 ἀπειθείας
2749 654 2903 728 τόπῳ
2964 653 3301 713 ἐνδιατελεῖν·
3348 664 3565 735 πρῶτον
3623 662 3737 735 μὲν,

2090 736 2171 792 ὅτι
2202 739 2265 794 τὸ
2297 737 2520 818 εὔλογον
2554 742 2643 821 ἀφ’
2673 743 2874 799 ἑαυτῶν
2903 747 3017 817 (66)
3040 745 3138 801 οὐκ
3167 745 3445 819 ἐνοήσατε·
3463 746 3733 826 δεύτερον,

2090 826 2193 899 δτι,
2226 828 2545 894 ἀκούσαντες
2574 834 2639 886 τά
2670 834 2785 888 καθ’
2815 835 2964 906 ἡμᾶς
2996 834 3095 890 ούκ
3123 833 3321 905 ἤλθετε
3368 837 3505 914 πρὸς
3562 840 3733 912 ἡμᾶς·

2089 917 2291 993 τρίτον,
2325 918 2409 973 ὅτι
2437 920 2525 974 καὶ
2556 920 2798 977 ἐλθοῦσιν
2850 926 2985 996 ἡμῖν
3036 925 3383 995 ἠπειθήσατε.
3418 928 3516 982 Διὸ
3544 930 3587 965 ⁸⁷
3618 950 3736 1006 φει-

2091 1004 2309 1079 δόμενοι
2347 1009 2499 1082 ὑμῶν
2528 1016 2729 1085 προῖκα
2778 1011 3051 1087 εὐχόμεθα
3078 1017 3121 1051 ⁵⁸
3150 1016 3248 1083 τὴν
3301 1015 3519 1091 εἰρήνην
3573 1004 3735 1091 ἡμῶν

2087 1093 2259 1150 ἐλθεῖν
2319 1096 2399 1174 ἐφ’
2440 1098 2600 1171 ὑμᾶς.
2656 1100 2719 1154 Ei
2778 1098 2869 1155 οὖν
2927 1103 3127 1173 ταύτην
3187 1101 3333 1179 ἔχειν
3402 1104 3604 1177 θέλετε,
3658 1104 3741 1163 δεῖ

2089 1183 2227 1257 ὑμᾶς
2270 1185 2563 1260 προθύμως
2609 1188 2671 1243 τὸ
2725 1190 2799 1261 μὴ
2861 1186 3064 1245 ἀδικεῖν
3128 1190 3496 1265 ἀναδέξασθαι,
3542 1196 3632 1251 καὶ
3675 1198 3737 1252 τὸ

2086 1270 2381 1329 ἀδικεῖσθαι
2448 1277 2701 1351 γενναίως
2758 1280 2955 1355 φέρειν,
3016 1279 3146 1356 ὅπερ
3228 1282 3513 1358 ἀνθρώπου
3582 1284 3738 1363 φύσις

2085 1361 2185 1417 οὐκ
2214 1364 2272 1417 ἂν
2305 1364 2567 1435 ὑποσταίη
2601 1368 2667 1435 5°,
2700 1366 2785 1421 ἐὰν
2842 1370 2917 1441 μὴ
2979 1369 3238 1446 πρότερον
3270 1377 3366 1427 τοῦ
3400 1372 3450 1427 ἐν
3486 1361 3735 1451 ὑπεροχῇ

2084 1450 2453 1529 συμφέροντος
2481 1456 2581 1523 τὴν
2614 1456 2812 1529 γνῶσιν
2843 1452 3005 1531 λάϐῃ,
3040 1458 3171 1534 ὅπερ
3226 1459 3365 1516 ἐστὶν
3419 1462 3481 1517 τὸ
3534 1450 3732 1520 εἰδέναι

2080 1543 2178 1593 τοῦ
2234 1539 2404 1596 πάντα
2467 1542 2824 1618 ὑπερέχοντος
2882 1545 2982 1613 τὴν
3030 1542 3237 1601 δικαίαν
3286 1547 3464 1624 φύσιν,
3496 1549 3581 1605 ὅτι
3612 1548 3730 1605 ἀδι-

2080 1627 2377 1700 κουμένους
2432 1627 2656 1685 ἐκδικῶν
2689 1634 2733 1668 ⁷ο
2770 1639 3023 1709 τιμωρεῖ,
3057 1633 3147 1689 καὶ
3202 1634 3331 1699 τοὺς
3383 1633 3732 1702 εὖσεϐοὖντας

2084 1712 2158 1777 εἷς
2189 1715 2270 1771 ἀεὶ
2302 1716 2589 1794 εὐεργετεῖ.

2152 1895 2249 1952 95
2284 1896 2493 1953 XXXII.
2527 1898 2708 1969 Ὑμεῖς
2763 1896 2853 1952 οὖν
2904 1899 2978 1963 ὡς
3026 1907 3158 1957 Θεοῦ
3214 1900 3403 1960 δοῦλοι
3457 1903 3735 1981 εὐγνώμο-

2080 2001 2184 2049 νες,
2216 1982 2303 2060 ἀφ’
2342 1983 2539 2039 ἑαυτῶν
2586 1987 2648 2040 τὸ
2699 1984 2928 2062 εὔλογον
2975 1994 3241 2063 νοοῦντες,
3271 1992 3368 2060 τὴν
3415 1992 3559 2064 αὐτῷ
3612 1993 3733 2069 ἀρέ-

2082 2090 2309 2125 σκουσαν
2365 2070 2681 2145 ἀναδέξασθε
2729 2075 3034 2145 πολιτείαν,
3074 2078 3165 2134 ’ἶνα
3213 2080 3385 2144 οὕτως
3435 2081 3591 2137 αὐτὸν
3642 2105 3730 2161 φι-

2084 2157 2301 2222 λοῦντες
2329 2162 2417 2217 καὶ
2450 2161 2773 2240 φιλούμενοι
2807 2167 2894 2220 ὑπ’
2921 2167 3084 2223 αὐτοῦ
3117 2169 3192 2231 εἰς
3224 2170 3303 2224 ἀεὶ
3352 2171 3414 2225 τὸ
3460 2157 3735 2249 συμφέρον

2085 2246 2267 2324 ἔχοιτε
2294 2254 2361 2306 Ἶί.
2393 2250 2553 2323 Αὐτῴ
2583 2254 2684 2329 γὰρ
2722 2254 2868 2328 μόνῳ
2897 2257 2957 2311 τὸ
3004 2264 3305 2334 παρασχεῖν
3358 2246 3730 2316 δυνατώτατόν

2084 2337 2246 2410 ἐστιν,
2303 2344 2382 2412 τῷ
2437 2342 2501 2395 τὰ
2562 2344 2635 2415 μη
2697 2339 2824 2399 ὄντα
2873 2345 2949 2408 εἷς
3006 2347 3067 2401 τὸ
3127 2347 3261 2402 εἶναι
3320 2351 3732 2422 συστησαμένῳ,

2084 2426 2308 2501 οὐρανὸν
2369 2426 2854 2507 δημιουργήσαντι,
2913 2441 3014 2511 γῆν
3073 2435 3400 2508 πιλώσαντι,
3463 2438 3730 2495 θάλασσαν

2082 2517 2472 2593 περιορίσαντι,
2519 2520 2586 2574 τά
2640 2519 2691 2575 ἐν
2753 2517 2854 2597 ᾅδῃ
2882 2524 3230 2598 ταμιεύσαντι
3286 2524 3375 2581 καί
3429 2527 3497 2582 τὰ
3557 2530 3730 2583 πάντα

2084 2602 2240 2681 ἀέρος
2260 2608 2307 2641 ’¹²
2343 2606 2718 2681 πληρώσαντι.

2154 2699 2391 2781 XXXIII.
2425 2694 2593 2759 Οὗτος
2627 2699 2791 2771 μόνος
2838 2701 2937 2770 τὴν
2995 2702 3117 2776 μίαν
3161 2704 3251 2758 καὶ
3290 2705 3517 2781 πρώτην
3550 2707 3594 2741 ⁷³
3628 2726 3727 2779 μο-

2082 2780 2263 2853 νοειδῆ
2321 2783 2502 2838 οὐσίαν
2556 2793 2835 2864 τετραχῶς
2890 2791 2978 2845 καὶ
3034 2791 3287 2856 ἐναντίως
3338 2780 3584 2868 ἔτρεψεν
3619 2794 3732 2849 εἶτα

2087 2870 2243 2944 μίξας
2302 2873 2516 2948 κράσεις
2548 2874 2599 2946 ἐξ
2630 2877 2805 2933 αὐτῶν
2866 2878 3141 2950 ἐποίησεν,
3170 2879 3262 2935 ’ἱνα
3310 2882 3388 2944 εἷς
3420 2882 3655 2945 ἐναντίας
3686 2886 3732 2919 ⁷⁸

2084 2959 2266 3037 φύσεις
2297 2962 2657 3036 τετραμμέναι
2702 2966 2790 3020 καὶ
2853 2970 3184 3042 μεμιγμέναι
3237 2975 3335 3025 τοῦ
3394 2975 3487 3044 ζῇν
3528 2968 3732 3041 ἡδονήν

2084 3048 2144 3104 ἐκ
2204 3056 2306 3119 τῆς
2370 3050 2740 3129 ἀντισυζυγίας
2816 3054 3169 3131 ἐργάσωνται.
3239 3060 3418 3131 Ὀμῶς
3472 3063 3515 3096 7‘
3572 3060 3731 3122 αὐτὸς

2090 3138 2254 3210 μόνος
2288 3136 2501 3212 δήμους
2531 3141 2773 3218 ἀγγέλων
2803 3145 2892 3199 καὶ
2914 3144 3236 3219 πνευμάτων
3277 3149 3484 3224 βουλῆς
3505 3150 3734 3221 νεύματι

336 3234 647 3307 spirituum
682 3211 825 3286 nutu
857 3228 1175 3285 voluntatis
1196 3227 1475 3294 condidit,
1496 3226 1686 3298 iisque
1716 3227 1973 3299 implevit

2089 3223 2517 3305 δημιουργήσας,
2592 3229 2795 3304 ἔπλησε
2864 3234 2992 3297 τοὺς
3068 3211 3345 3313 οὐρανούς·
3396 3238 3472 3300 ὡς
3536 3211 3626 3292 καῖ
3672 3239 3735 3293 τὸ

336 3324 509 3380 caelos
540 3339 554 3378 :
590 3323 742 3377 sicut
773 3324 830 3376 et
857 3318 1011 3390 quod
1045 3317 1311 3373 videmus
1368 3317 1802 3372 firmamentum
1837 3334 1972 3372 con-

334 3407 1064 3480 dccoravitstcllis,quibus
1083 3406 1325 3462 semitas
1338 3405 1975 3477 deﬁniviteursumque

335 3499 624 3557 ordinavit
658 3517 670 3554 :
703 3504 940 3562 terram,
970 3500 1207 3568 propter
1255 3496 1491 3567 frugum
1543 3494 1974 3551 incrementum

335 3588 623 3661 compegit
654 3605 666 3642 :
705 3602 861 3641 mare
893 3589 1087 3640 autem
1120 3582 1426 3651 conclusit,
1460 3582 1877 3639 habitationem
1912 3584 1970 3639 in

335 3678 505 3733 siccis
544 3675 684 3732 locis
743 3673 1142 3730 secernendo:
1180 3689 1306 3743 quae
1359 3672 1511 3743 apud
1568 3672 1783 3727 inferos
1834 3676 1973 3729 sunt

334 3758 680 3831 recondidit,
713 3762 1043 3818 animarum
1103 3760 1295 3815 locum
1343 3777 1727 3831 nuncupans;
1762 3766 1972 3817 cuncta

332 3872 465 3911 vero
496 3852 734 3926 replevit
764 3854 985 3919 aere,ut
1006 3850 1201 3905 omnia
1230 3848 1507 3905 animalia
1528 3849 1969 3921 respirationem

330 3944 456 3999 vitae
482 3940 871 3998 necessariam
904 3938 1186 3994 haberent
1215 3937 1480 3993 liberam.

401 4030 644 4087 XXXIV.
678 4029 722 4085 Ο
756 4044 1029 4101 magnam
1061 4027 1162 4083 Dei
1197 4043 1261 4082 ac
1306 4026 1653 4098 prudentem
1704 4044 1966 4100 manum,

329 4122 388 4177 in
421 4121 696 4177 omnibus
726 4118 925 4174 omnia
947 4117 1254 4172 facientem
1289 4113 1302 4169 Ι
1337 4115 1566 4170 Infinita
1584 4115 1801 4188 quippe
1822 4116 1972 4172 vola-

328 4210 519 4265 tilium
552 4207 869 4264 multitudo
900 4223 1002 4278 per
1032 4220 1166 4259 eum
1206 4203 1448 4272 exstitit,
1500 4205 1759 4276 adeoque
1789 4205 1967 4277 varia,

328 4303 595 4371 respectu
629 4295 871 4352 alterius
902 4293 1137 4350 omnino
1168 4293 1558 4361 diversa,dico
1591 4299 1785 4349 autem
1815 4294 1971 4351 colo-

330 4405 444 4453 res,
506 4391 714 4453 rostra,
774 4400 1022 4456 ungues,
1080 4386 1403 4454 aspectum,
1465 4399 1697 4449 sensus,
1776 4400 1967 4453 voces,

328 4482 652 4547 cacteraque
703 4473 925 4537 omnia.
950 4475 1098 4540 Quot
1149 4475 1347 4527 autem
1389 4470 1564 4527 etiam
1615 4476 1753 4526 sunt
1800 4473 1968 4528 varia:

2084 3316 2403 3396 φαινόμενον
2481 3320 2762 3395 στερέωμα
2832 3325 3048 3398 ἄστροις
3120 3324 3442 3399 ἐκόσμησεν,
3504 3328 3585 3390 οἷς
3643 3327 3733 3382 καὶ

2079 3402 2300 3482 τρίϐους
2358 3407 2519 3478 ὥρισε
2564 3409 2654 3464 καὶ
2703 3408 2905 3485 δρόμον
2954 3410 3153 3485 ἔταξεν·
3185 3422 3287 3491 γῆν
3335 3414 3599 3471 ὲπίλωσεν
3655 3416 3731 3479 εἰς

2080 3500 2300 3572 καρπῶν
2360 3495 2602 3567 αὔξησιν
2661 3499 2927 3556 θάλασσαν
2977 3499 3035 3556 δὲ
3091 3504 3436 3579 περιώρισεν,
3497 3503 3548 3559 ἐν
3606 3505 3733 3559 ἀνύ-

2083 3581 2230 3658 δροις
2289 3582 2498 3655 οἷ’κησιν
2549 3586 2830 3666 ἀφορίσας·
2860 3590 2928 3644 τὰ
2974 3589 3024 3645 ἐν
3073 3587 3173 3666 ᾅδῃ
3229 3592 3496 3667 ταμιεύει,
3528 3597 3720 3670 ψυχῶν

2081 3677 2265 3749 χῶρον
2327 3673 2619 3747 ὀνομάσας·
2651 3678 2717 3731 τά
2774 3674 2831 3732 δὲ
2886 3678 3059 3735 πάντα
3114 3678 3347 3752 ἔπλησεν
3406 3683 3585 3755 ἀέρος,
3631 3681 3723 3739 ’ίνα

2078 3763 2251 3818 πάντα
2277 3762 2343 3818 τὰ
2374 3768 2486 3833 ζῶα
2514 3766 2647 3841 πρὸς
2677 3767 2738 3821 τὸ
2772 3771 2863 3841 ζῇν
2895 3766 3063 3832 ἀδεῶς
3095 3770 3367 3826 ἀναπνέειν
3396 3767 3518 3849 ἔχοι
3546 3775 3611 3829 ⁷⁸.

2152 4031 2391 4087 XXXIV.
2426 4032 2491 4085 Ὠ
2543 4038 2645 4101 τῆς
2702 4035 2947 4109 μεγάλης
3005 4033 3138 4091 Θεοῦ
3187 4036 3456 4114 φρονίμου
3512 4039 3724 4116 χειρὸς,

2076 4125 2176 4189 τῆς
2221 4119 2270 4173 ἐν
2320 4126 2448 4175 πᾶσι
2502 4120 2673 4176 πάντα
2702 4125 2805 4180 96
2836 4126 3129 4197 ποιούσηςί
3166 4128 3361 4203 μυρίος
3401 4129 3503 4204 γὰρ
3551 4124 3726 4205 ὄχλος

2077 4214 2297 4279 πτηνῶν
2358 4209 2447 4264 ὑπ’
2498 4208 2661 4265 αὐτοῦ
2738 4213 3039 4289 γεγένηται,
3090 4215 3180 4269 καὶ
3240 4213 3394 4278 οὗτος
3448 4216 3725 4291 ποικίλος,

2078 4298 2213 4384 πρὸς
2267 4297 2360 4352 τὸν
2413 4295 2595 4375 ἕτερον
2654 4302 2788 4356 κατά
2837 4305 2881 4339 ⁷⁷
2919 4302 3091 4357 πάντα
3122 4302 3546 4380 ἐξηλλαγμένος,
3579 4305 3724 4384 λέγω

2080 4383 2137 4441 δὲ
2185 4387 2251 4441 τά
2299 4408 2357 4441 τε
2403 4387 2697 4463 χρώματα,
2732 4389 2943 4469 ῥάμφη,
2982 4388 3204 4468 ὄνυχας,
3241 4393 3553 4469 βλέμματα,
3584 4398 3727 4472 γνώ-

2082 4496 2204 4548 μας,
2257 4476 2535 4553 φθέγματα
2576 4477 2666 4531 καὶ
2717 4480 2785 4533 τα
2837 4477 3004 4535 λοιπά
3054 4481 3246 4539 πάντα.
3310 4483 3477 4539 Πόσαι
3526 4482 3583 4539 δὲ
3637 4484 3726 4539 καὶ

327 4564 665 4636 plantarum
696 4562 939 4634 species,
990 4560 1304 4631 coloribus,
1338 4560 1742 4631 qualitatibus,
1775 4561 1966 4617 odori—

2088 4569 2256 4642 ρυτῶν
2312 4562 2561 4643 διάφοροι
2622 4564 2780 4636 ἰδέαι,
2842 4570 3102 4644 χρώμασι
3168 4571 3259 4626 καὶ
3327 4572 3581 4643 ποιότησι
3637 4574 3728 4628 καὶ

328 4655 439 4710 bus
465 4652 791 4709 innumeris
823 4650 1107 4706 distinctas
1134 4650 1145 4704 l
1176 4650 1325 4713 Quot
1355 4666 1486 4705 vero
1516 4654 1682 4705 terrm
1716 4656 1773 4705 et
1804 4668 1969 4722 aquae

328 4742 627 4813 animalia,
659 4756 912 4813 quorum
944 4738 1308 4811 impossibile
1348 4743 1436 4794 est
1494 4755 1795 4795 recensere
1828 4739 1973 4812 ﬁgu-

328 4848 443 4901 ras,
476 4834 715 4900 formas,
749 4830 922 4900 situs,
957 4829 1199 4897 colores,
1220 4828 1446 4883 vivendi
1477 4827 1971 4900 rationes,sensus

2082 4650 2276 4726 ὀδμαῖς
2309 4652 2553 4729 ἀπείροις
2585 4656 2629 4691 ⁷³
2659 4653 3045 4731 διωρισμέναιί
3081 4659 3229 4715 Πόσα
3271 4658 3329 4715 δὲ
3373 4669 3472 4731 τῆς
3529 4664 3728 4737 χέρσου

2084 4746 2196 4811 ζῶα
2224 4741 2311 4796 καὶ
2349 4747 2457 4797 τῶν
2491 4742 2542 4798 ἐν
2591 4740 2773 4799 ὕδασιν
2826 4748 2893 4814 7°,
2925 4748 2998 4801 ὢν
3052 4745 3311 4804 ἀδύνατον
3362 4750 3529 4806 εἰπεῖν
3586 4753 3729 4828 σχή-

2085 4851 2250 4904 ματα,
2285 4831 2516 4907 μορφὰς,
2580 4830 2768 4905 θέσεις,
2826 4836 3099 4911 χρώματα
3151 4839 3215 4911 ⁸ο,
3254 4838 3423 4912 βίους,
3479 4840 3727 4915 γνώμας,

1683 4981 1924 5038 VARle
1964 4983 2267 5041 LECTION
2276 4983 2378 5039 ES.

396 5110 441 5145 ⁵⁸
469 5108 538 5188 τῇ
569 5110 634 5188 9;
705 5108 748 5188 ⁸]
780 5103 849 5188 δέ
879 5102 910 5159 ὅ
942 5106 1039 5188 ς.-
1084 5106 1129 5141 ⁸⁸
1161 5106 1245 5188 Ιξᾶ
1275 5105 1318 5161 Ο
1349 5110 1413 5188 et
1434 5106 1472 5161 S
1502 5122 1559 5188 (ἒξ
1584 5108 1810 5188 Epit}.
1844 5106 2245 5188 3ξ,εύχώμεθα
2273 5112 2371 5188 C.__
2407 5110 2453 5145 ⁶⁹
2483 5107 2758 5188 ἕρποσταίηΔ
2781 5112 2823 5167 Ο
2855 5113 2989 5188 0.]5,
3009 5112 3260 5188 ὑποστείῃ
3285 5116 3349 5188 _C.
3426 5116 3471 5151 7°
3502 5111 3726 5188 ἐκδικῶν

326 5184 366 5232 O
396 5198 445 5235 c.
480 5174 545 5246 Π,
580 5174 771 5232 ἐδικεῖν
806 5179 863 5234 C.
908 5179 980 5249 _'“
1018 5179 1133 5249 Leg

1139 5220 1162 5261 ,ι
1184 5174 1458 5261 ἔχητε,βῶ
1514 5178 1559 5211 ⁷²
1592 5174 1705 5261 ἀέρι
1732 5178 1792 5234 C.
1870 5174 1930 5214 π
1949 5174 2223 5261 Fortasse
2237 5182 2616 5261 scribendum
2647 5174 2880 5261 πρώτως
2911 5174 3016 5261 εἰ-
3046 5187 3091 5220 ⁷⁸
3120 5174 3379 5261 ἐναντίοις
3409 5188 3472 5243 Ο.
3532 5188 3595 5261 ,⁷⁸
3632 5187 3731 5261 ita

416 5248 574 5339 ὅμως
598 5250 750 5339 0,,Ο.
808 5251 873 5339 ‘7':
903 5246 1005 5339 ἐχζς
1040 5246 1185 5339 (si—02‘
1198 5246 1261 5306 σ.
1284 5250 1381 5339 Μ”ξί
1402 5248 1469 5333 Cl
1492 5246 1639 5339 κατέ
1656 5246 1783 5307 sine
1813 5267 1991 5309 causa
2020 5269 2084 5309 ac
2112 5252 2286 5309 tacite
2317 5254 2566 5310 mutavit
2596 5255 2654 5310 in
2687 5246 2840 5327 μετά,
2864 5256 3019 5328 quod
3050 5259 3283 5331 repetiit
3311 5246 3373 5315 S.
3446 5260 3490 5295 ’³⁸
3521 5256 3727 5332 ἀπείρω

326 5330 390 5393 Ο,
452 5318 512 5359 ’⁷⁸
539 5322 738 5379 Scribe
764 5320 831 5375 τὰ
855 5320 906 5375 ἐν
932 5318 1111 5378 "tam.
1145 5318 1208 5378 D.
1284 5321 1330 5356 ⁸ο
1359 5323 1564 5395 χρῶμα
1600 5321 1661 5377 C.

1713 5474 2092 5532 VARIORUM
2121 5474 2349 5530 NOTAE.

402 5601 514 5683 (96)
542 5596 1005 5683 Hpaitov_gitv_8n
1036 5598 1098 5653 τὸ
1124 5596 1379 5683 Λεῦλογον
1437 5595 1526 5678 ἀφ’
1583 5597 1809 5673 ἑαυτῶν,
1868 5604 1977 5660 etc.
2037 5600 2297 5675 Respicit
2328 5600 2400 5659 ad
2430 5600 2942 5662 decantatissimos
2972 5605 3207 5664 Hesiodi
3236 5622 3461 5668 versus.
3495 5608 3733 5683 Operam

333 5680 382 5737 et
406 5671 622 5732 dierum
650 5690 705 5731 ν.
738 5674 839 5731 291
875 5678 931 5730 et
962 5688 1087 5746 seq.
1121 5671 1251 5732 Cor.
