4116 6224
339 356 453 416 133

1489 349 2023 411 CLEMENTINA.
2059 383 2131 391 —
2168 349 2487 409 HUMILIA
2536 349 2630 408 lll.

3638 352 3754 410 134

337 487 542 563 φύσεις,
576 480 772 560 ὄχλον·
805 482 885 539 ἔτι
935 505 993 538 τε
1042 482 1211 549 ὀρέων
1263 479 1454 553 πλήθη
1504 481 1591 535 καὶ
1642 480 1775 554 ὕψη,
1826 479 1990 543 λίθων

2115 498 2181 535 ac
2209 481 2545 548 instinctus,
2580 481 3283 548 naturas,multitudinem
3318 499 3331 537 :
3364 487 3429 537 ut
3461 499 3564 538 nec
3588 499 3754 537 mon-

339 573 621 652 διαφορὰς,
677 573 889 649 μυχοὺς
945 575 986 609 ⁸¹
1046 567 1351 649 φοϐεροὺς,
1412 571 1630 645 πηγὰς,
1690 568 1996 641 ποταμοὺς,

340 663 565 735 λίμνας,
596 662 890 734 θαλάσσας,
947 660 1196 734 λιμένας,
1227 664 1446 731 νήσους,
1481 659 1636 727 ὅλας,
1671 657 1997 731 οἰκουμένην

335 774 393 806 τε
423 759 597 807 πᾶσαν
623 753 715 807 καὶ
744 752 1039 822 ἀοικήτους
1070 750 1293 812 τόπους.

406 953 631 1005 XXXV.
668 946 815 1002 Πόσα
853 944 910 1001 δὲ
938 947 1028 1001 καὶ
1083 942 1229 1000 ἄλλα
1272 942 1515 1021 άγνωστα
1562 944 1841 1019 τυγχάνει,
1874 963 1997 998 στο-

331 1038 549 1113 χασμὸν
584 1036 890 1111 ἀνθρώπων
937 1033 1299 1112 ἐκπεφευγότα
1323 1034 1334 1089 !
1361 1037 1476 1087 Τῶν
1511 1030 1568 1087 δὲ
1598 1030 1649 1087 έν
1694 1031 2000 1105 καταλήψει

327 1125 500 1180 ὄντων
555 1126 639 1187 τίς
691 1125 994 1199 ἀνθρώπων
1052 1120 1145 1179 ’ἐνα
1195 1122 1321 1198 ὅρον
1353 1120 1493 1177 οἶδεν
1524 1124 1535 1178 Ι
1572 1121 1725 1198 Λέγω
1769 1119 1846 1191 δὲ,
1881 1126 1997 1184 πῶς

328 1215 563 1291 οὐρανὸς
599 1213 852 1280 εἱλεῖται,
889 1218 1007 1275 πῶς
1039 1210 1209 1288 ἄστρα
1240 1211 1476 1289 φέρεται,
1516 1211 1606 1266 καὶ
1640 1211 1785 1273 τίνας
1810 1209 1997 1287 ἔχουσι

326 1305 422 1366 τὰς
477 1304 701 1379 μορφάς
747 1302 840 1357 καὶ
896 1307 993 1357 τοῦ
1043 1300 1139 1374 ζῇν
1187 1303 1288 1369 τήν
1343 1300 1610 1372 σύστασιν,
1655 1299 1794 1361 τίνες
1842 1321 1899 1354 τε
1947 1300 1999 1354 οἱ

328 1394 542 1447 τούτων
592 1389 865 1468 ἀερώδεις
920 1385 1123 1467 τρίϐοι.
1184 1388 1354 1453 Πόθεν
1413 1411 1471 1445 τε
1526 1389 1614 1444 καὶ
1670 1389 1737 1443 τά
1783 1389 1993 1462 ἀνέμων

327 1481 620 1554 πνεύματα
647 1483 1019 1557 περιωθεῖται,
1063 1481 1155 1534 καὶ
1205 1478 1497 1557 διαφόρους
1548 1477 1661 1553 ἔχει
1708 1478 1804 1540 τάς
1850 1478 1993 1553 ἐνερ-

329 1572 511 1645 γεὲας.
577 1575 701 1631 Πῶς
752 1572 799 1605 ⁸2
854 1567 1161 1630 ἀνελλιπως
1222 1568 1475 1644 βρύουσιν
1530 1570 1585 1622 αἱ
1644 1570 1847 1643 πηγαὶ,
1906 1570 1994 1624 καὶ

330 1660 543 1714 ἀένναοι
592 1662 639 1695 ³³
682 1660 923 1730 ποταμοὶ
965 1657 1243 1735 γινόμενοι
1289 1657 1367 1719 εἷς
1415 1656 1682 1712 Θάλασσαν
1727 1662 1997 1713 καταντῶ-

329 1771 435 1819 σιν,
464 1749 557 1802 καὶ
598 1745 721 1802 οὔτε
774 1748 891 1802 ὅθεν
939 1743 1195 1823 ἔρχονται
1240 1751 1517 1801 κενοῦνται
1568 1749 1632 1813 ⁸⁸,
1683 1745 1806 1800 οὕτε
1858 1746 1994 1801 ὅπου

328 1838 671 1912 ἀπέρχονται
730 1835 1035 1910 πληροῦσιν
1069 1880 1082 1892 .

327 1928 602 2002 ταρτάρου
633 1926 697 1980 τὸ
727 1924 947 2001 ἄπειρον
986 1925 1173 2000 βάθος⁶
1207 1924 1295 1979 ἐπὶ
1342 1925 1450 1979 τίνι
1501 1926 1603 2001 ἄρα
1643 1924 1990 2001 έπαιωρεῖται

327 2018 357 2069 ὸ
386 2017 563 2070 πάντα
612 2017 887 2091 περιέχων
944 2013 1189 2088 οόρανός’
1241 2019 1358 2077 πῶς
1405 2018 1500 2072 97
1554 2016 1686 2093 νέφη
1736 2013 1786 2085 ἐξ
1834 2014 1990 2091 ἀέρος

333 2104 514 2179 βρύει,
544 2104 636 2159 καὶ
670 2104 745 2166 εἷς
780 2105 911 2179 ἀέρα
940 2104 1279 2177 συμπίνεται*
1313 2103 1393 2165 τίς
1439 2103 1595 2181 φύσις
1634 2106 1868 2180 βροντῶν
1900 2102 1990 2159 καὶ

330 2196 648 2269 ἀστραπῶν,
684 2194 915 2270 χιόνων,
968 2194 1242 2269 χαλάζης,
1288 2192 1558 2268 ὁμίχλης,
1608 2193 1988 2267 κρυστάλλων,

327 2281 691 2357 καταιγίδων,
744 2278 986 2359 ὄμϐρων,
1036 2287 1213 2360 νεφῶν
1262 2282 1679 2359 αἰωρουμένων·
1733 2284 1822 2338 καὶ
1870 2289 1988 2346 πῶς

328 2374 493 2447 φυτά,
548 2378 660 2441 ζῶα
705 2371 956 2427 πλάσσει·
996 2372 1086 2427 καὶ
1135 2376 1302 2427 ταῦτα
1348 2370 1632 2450 διαφοραῖς
1681 2372 1985 2449 ἀναριθμή-

323 2483 442 2525 τοις
478 2462 626 2529 πάση
660 2458 907 2537 ἀκριϐείᾳ
937 2466 1181 2536 συνεχῶς
1210 2459 1622 2534 ἀποτελούμενοι
1651 2464 1715 2519 ⁸⁵.

394 2659 639 2716 XXXVI.
672 2660 866 2731 ’Ὁμως
914 2656 1000 2712 έάν
1050 2678 1133 2719 τις
1181 2657 1242 2712 τὸ
1290 2662 1392 2712 πᾶν
1443 2653 1682 2731 ἀκριϐῶς
1730 2656 1987 2733 λογισμῷ

329 2745 523 2818 σανιδῇ
550 2750 617 2818 ⁸⁸,
665 2747 880 2821 εὑρήσει
912 2743 980 2801 δι’
1011 2748 1293 2821 ἄνθρωπον
1324 2752 1415 2800 τὸν
1447 2747 1574 2801 Θεὸν
1620 2747 1981 2818 πεποιηκότα.

330 2838 389 2891 Οἱ
421 2838 528 2911 γὰρ
564 2832 771 2913 ὄμϐροι
802 2841 1021 2912 καρπῶν
1066 2832 1221 2891 ἕνεκα
1263 2836 1521 2911 γίνονται,
1568 2834 1657 2891 ’ίνα
1706 2838 1987 2913 ἄνθρωπος

335 2920 620 2999 μεταλάϐῃ
648 2928 713 2993 ⁸⁷,
747 2925 837 2980 καὶ
895 2930 1004 2994 ζῶα
1050 2927 1251 3001 τραφῇ,
1303 2924 1450 2987 ὅπως
1480 2924 1752 3001 ἀνθρώπῳ
1783 2946 1987 3002 χρησι-

336 3016 491 3089 μεύῃο
525 3016 616 3069 καὶ
647 3014 815 3083 ἥλιος
866 3015 1039 3070 φαίνει
1090 3015 1180 3070 καὶ
1229 3018 1273 3051 ⁸⁸
1314 3016 1406 3070 τὸν
1454 3016 1585 3091 ἀέρα
1627 3015 1704 3077 εἷς
1732 3016 1989 3093 τέσσαρας

330 3105 541 3179 τροπάς
571 3104 778 3179 τρέπει,
827 3103 916 3159 ’ίνα
962 3102 1183 3167 ἕκαστος
1231 3105 1416 3179 καιρὸς
1462 3106 1529 3159 τά
1575 3102 1688 3159 ἴδια
1717 3106 1989 3181 ἀνθρώπῳ

328 3196 615 3268 παρασχῇ·
663 3196 752 3248 καὶ
801 3194 976 3269 πηγαί
1032 3193 1286 3270 βρόουσιν
1336 3196 1400 3265 ⁸⁸,
1447 3192 1539 3248 ’ἱνα
1584 3195 1736 3251 πόρια
1783 3195 1989 3271 ἀνθρώ-

326 3304 458 3343 ποις
509 3280 664 3353 δοθῇ.
718 3282 880 3338 Ἀλλ’
928 3279 1003 3339 ἔτι
1061 3284 1167 3355 μὴν
1220 3284 1355 3339 κατά
1400 3284 1463 3337 τὸ
1517 3281 1739 3338 δυνατὸν
1784 3285 1864 3346 τίς
1905 3284 1995 3353 ἐπὶ

324 3378 432 3440 τῆς
490 3372 719 3434 κτίσεως
770 3372 1005 3447 κυριεύει
1060 3372 1259 3447 ;Ούχὶ
1319 3371 1643 3449 ἄνθρωπος,
1699 3374 1757 3435 ’ὀς
1808 3375 1994 3451 σοφίαν

334 3458 595 3536 εῗληφεν,
656 3468 760 3535 γῆν
820 3467 1075 3537 γεωργεῖν
1114 3504 1127 3528 ,
1188 3460 1455 3517 θάλασσαν
1513 3461 1718 3534 πλεῖν,
1777 3464 1993 3537 νηκτά,

322 3550 528 3620 πτηνὰ,
581 3550 748 3624 Θηρῖα
795 3550 1071 3625 ἀγρεύειν,
1124 3551 1332 3625 ἄστρων
1384 3548 1585 3626 δρόμον
1637 3550 1993 3626 λογιστεύειν,

320 3646 431 3711 γῆν
488 3636 868 3709 μεταλλεύειν,
917 3638 1190 3693 θάλασσαν
1238 3641 1464 3710 σήθειν,
1515 3638 1705 3702 πόλεις
1744 3640 1993 3717 ἐγείρειν,

322 3726 578 3801 βασιλεῖς
626 3729 673 3763 ’θ
720 3728 941 3802 ὁρίζειν,
993 3728 1198 3801 νόμους
1249 3728 1483 3800 τάσσειν,
1536 3726 1769 3798 δικάζειν
1807 3775 1819 3798 ,
1866 3730 1994 3786 Θεὸν

320 3816 557 3890 ἀόρατον
590 3822 755 3887 νοεῖν,
788 3814 1038 3890 ἀγγέλων
1098 3817 1336 3891 ὀνόματα
1379 3816 1684 3893 γνωρίζειν,
1733 3816 1993 3891 δαίμονας

321 3904 663 3959 ἀπελαύνειν
702 3950 715 3972 ,
769 3904 958 3967 νόσους
1018 3906 1349 3983 φαρμακίαις
1417 3907 1697 3983 πειρᾶσθαι
1755 3907 1943 3961 παύειν
1975 3951 1989 3978 ,

324 3996 468 4049 κατὰ
519 3992 567 4047 δ’
621 3988 857 4049 ἰοϐόλων
908 3996 1147 4071 ἑρπετῶν
1195 3993 1451 4057 ἐπαοιδὰς
1501 3996 1792 4072 εὑρίσκειν,
1843 3996 1989 4050 ἀντι-

321 4082 552 4144 παθείας
596 4082 825 4138 ἐπινοεῖν
855 4103 868 4152 ;

396 4280 647 4336 XXXVII
705 4276 847 4333 1538‘
927 4278 939 4299 ’
1202 4285 1227 4295 ‘
1304 4282 1347 4318 9!
1423 4275 1448 4296 "
1520 4300 1540 4315 ν
1839 4282 1987 4317 ~‘»

398 4324 415 4335 .
452 4322 466 4336 ι
660 4324 671 4335 ,
756 4322 767 4332 .
836 4300 858 4333 ε
892 4300 1255 4355 ευγνωμονεις
1358 4325 1373 4351 ,
1418 4292 1686 4355 ανθρωπε,
1719 4302 1985 4351 νενοηιιως

322 4370 413 4423 τὸν
472 4368 527 4423 ἐν
589 4375 749 4422 πᾶσιν
810 4368 1231 4443 εὐεργετήσαντά
1285 4390 1343 4423 σε
1389 4369 1538 4439 Θεὸν,
1590 4370 1678 4424 καὶ
1726 4372 1983 4433 ἀθάνατος

324 4456 384 4511 ἂν
416 4457 507 4531 ᾖς,
538 4462 646 4511 τῶν
683 4455 772 4511 διὰ
803 4459 859 4512 σε
889 4458 1207 4521 κτισθέντων
1239 4455 1308 4512 δι’
1339 4457 1753 4534 εὐγνωμοσύνην
1788 4462 1887 4517 98
1922 4460 1982 4514 τὸ

323 4543 597 4618 διαμένειν
654 4545 890 4621 ἐχόντων
923 4588 937 4603 .

324 4634 622 4711 ἆξθαρτος,
676 4635 761 4689 ἐὰν
814 4635 1048 4711 ἐπιγνῷς
1097 4637 1155 4691 ’ὸν
1206 4635 1417 4704 ἔλαθες,
1468 4636 1554 4690 ἐὰν
1605 4638 1889 4712 ἀγαπήσῃς
1923 4639 1981 4694 ὃν

323 4723 620 4785 κατέλιπες
649 4727 717 4793 θί,
761 4723 847 4778 ἐὰν
898 4724 1043 4796 αὐτῷ
1092 4724 1244 4797 μόνῳ
1294 4726 1595 4801 προσεύχῃ,
1626 4731 1704 4797 τῷ
1750 4730 1795 4763 9³
1828 4727 1987 4800 σῶμά

329 4832 425 4865 σου
456 4813 545 4865 καὶ
602 4815 787 4888 ψυχὴν
836 4812 1068 4868 κολάσαι
1110 4814 1200 4867 καὶ
1252 4818 1419 4867 σῶσαι
1474 4810 1751 4888 δυναμένῳ
1796 4819 1856 4875 ⁹⁴.
1892 4818 1985 4873 Διὸ

327 4902 433 4975 πρὸ
465 4904 678 4955 πάντων
709 4901 910 4969 ἐννοοῦ,
942 4902 1025 4956 ὅτι
1075 4900 1249 4964 οὐδεὶς
1308 4902 1453 4974 αὐτῷ
1483 4904 1762 4979 συνάρχει,
1806 4904 1983 4970 οὐδεὶς

326 4996 426 5057 τῆς
477 4990 644 5045 αὐτοῦ
686 4998 934 5045 κοινωνεῖ
985 4991 1301 5065 ὀνομασίας,
1354 4996 1514 5047 τοῦτο
1563 4992 1591 5046 ὃ
1643 4990 1710 5061 δὴ
1767 4992 1982 5070 λέγεται

328 5078 482 5141 Θεός.
556 5080 731 5142 Μόνος
790 5080 892 5156 γὰρ
971 5079 1129 5143 αὐτὸς
1203 5081 1293 5135 καὶ
1362 5078 1578 5157 λέγεται
1652 5081 1743 5137 καὶ
1820 5079 1980 5142 ἔστιν.

2108 570 2258 624 tium
2290 570 2673 642 frequentiam
2696 575 2751 624 et
2773 570 3403 643 altitudines,lapidum
3433 572 3734 629 diversita-

2108 662 2217 725 tes,
2251 664 2420 714 antra
2449 659 2751 727 terribilia,
2775 661 3218 727 fontes,ﬂuvios,
3254 662 3518 735 paludes,
3542 664 3745 732 maria,

2109 748 2791 819 portus,insnlas,silvas,
2815 748 3267 822 universumque
3288 752 3487 807 orbem
3518 752 3747 809 habita-

2108 836 2309 902 bilem,
2341 854 2459 893 una
2490 855 2621 894 cum
2646 839 2788 894 locis
2812 838 3318 896 inbabitabilibus.

2181 946 2402 999 XXXV.
2437 948 2663 1011 Quanta
2690 964 2824 1003 vero
2854 953 2911 1004 et
2939 948 3054 1005 alia
3084 949 3449 1021 ignorantur,
3481 949 3753 1007 humani-

2108 1049 2221 1104 que
2272 1035 2453 1089 animi
2525 1036 2709 1091 aciem
2758 1037 3030 1109 fugiunt!
3085 1038 3295 1094 Eorum
3368 1044 3563 1095 autem
3620 1058 3747 1112 quas

2108 1130 2559 1194 cognoscuntur,
2595 1126 2727 1197 quis
2760 1127 3060 1183 hominum
3093 1128 3180 1184 vel
3210 1145 3389 1184 unam
3421 1129 3581 1185 novit
3611 1130 3752 1185 defi-

2109 1211 2391 1267 nitionem
2421 1214 2433 1267 ι
2468 1214 2589 1277 Quo
2643 1217 2836 1284 modo,
2888 1216 3149 1288 inquam,
3204 1217 3417 1273 ccslum
3449 1219 3700 1274 volvitur
3731 1235 3746 1275 :

2108 1318 2224 1372 quo
2257 1303 2429 1357 modo
2461 1307 2617 1358 astra
2648 1304 2986 1373 decurrunt,
3019 1312 3076 1362 et
3104 1324 3250 1377 quas
3286 1307 3502 1363 habent
3531 1309 3749 1365 formas

2107 1392 2378 1462 undeque
2408 1392 2630 1460 vivunt,
2680 1410 2745 1448 ac
2779 1412 3049 1465 quamam
3080 1412 3280 1451 eorum
3314 1397 3482 1453 aeria)
3508 1398 3754 1455 semitae.

2109 1480 2252 1535 Item
2288 1481 2441 1536 unde
2471 1487 2775 1537 ventorum
2807 1486 2979 1539 ﬂatus
3007 1485 3425 1551 obtruduntur,
3452 1487 3759 1558 variasque

2108 1568 2328 1625 habent
2357 1571 2527 1625 vires.
2554 1572 2674 1636 Quo
2698 1574 2870 1627 modo
2903 1573 3300 1629 indesinenter
3322 1575 3511 1631 fontes
3533 1581 3757 1632 scatent

2104 1665 2161 1713 et
2193 1660 2349 1714 ﬂuvii
2384 1662 2645 1732 perpetui
2674 1663 2743 1716 ad
2768 1680 2928 1717 mare
2950 1664 3308 1719 descendunt
3335 1683 3348 1732 ;
3382 1670 3438 1720 et
3461 1682 3566 1721 nec
3598 1667 3753 1722 unde

2103 1749 2343 1803 veniunt
2391 1750 2649 1805 vacuitas
2700 1752 2783 1821 fit,
2840 1768 2942 1807 nec
2994 1770 3109 1823 quo
3156 1753 3375 1808 abeunt
3423 1754 3747 1826 plenitudo.

1143 1835 1321 1910 Μέχρι
1378 1840 1483 1890 ποῦ
1541 1840 1636 1890 τοῦ
1694 1834 1990 1913 ἀπεράντου

2106 1837 2419 1909 Quousque
2452 1841 2711 1910 pervenit
2742 1841 3017 1897 immensi
3048 1845 3246 1897 tartari
3279 1842 3577 1899 inlinitum
3610 1861 3747 1917 pro-

2102 1928 2372 1981 fundum.
2428 1928 2614 1999 Super
2680 1947 2791 2000 quo
2848 1931 3231 2001 suspenditur
3297 1933 3530 2000 coelum,
3590 1934 3747 2005 quod

2100 2016 2295 2073 omnia
2324 2018 2731 2084 continet.Qua
2755 2021 2975 2075 ratione
3002 2022 3187 2077 nubes
3210 2039 3276 2077 ex
3298 2039 3428 2078 aere
3450 2023 3748 2092 diffluunt,

2101 2110 2155 2160 et
2185 2107 2242 2159 in
2275 2123 2464 2161 aerem
2500 2107 2886 2163 imbibnntur.
2921 2110 3054 2172 Quae
3088 2116 3299 2165 natura
3340 2111 3663 2167 tonitruum
3694 2118 3752 2169 et

2100 2193 2427 2266 fulgurum,
2477 2196 2719 2264 nivium,
2771 2199 3093 2268 grandinis,
3156 2199 3379 2255 nebulae
3430 2200 3637 2273 glaciei
3694 2207 3752 2258 et

2100 2284 2532 2356 crystallorum,
2592 2286 2998 2357 procellarum,
3058 2288 3339 2343 imbrium
3384 2290 3747 2361 nubiumque

2099 2390 2541 2445 suspensarum.
2597 2380 2663 2429 Et
2712 2393 2827 2446 quo
2876 2382 3043 2448 pacto
3074 2376 3289 2451 planta:
3319 2379 3644 2435 formentur
3685 2385 3743 2436 et

2098 2463 2393 2531 animalia,
2429 2468 2603 2536 atque
2634 2464 2755 2520 haec
2794 2465 3120 2521 innumeris
3150 2467 3587 2525 diversitatibus
3618 2486 3745 2526 om-

2097 2552 2276 2623 nique
2307 2552 2607 2624 diligentia
2638 2553 2911 2609 continue
2941 2555 3223 2610 confecta.

2168 2659 2408 2714 XXXVI.
2434 2660 2640 2731 Itaque
2670 2661 2770 2732 qui
2801 2660 3137 2716 universum
3178 2665 3446 2718 accurate
3476 2663 3745 2720 conside-

2099 2749 2328 2818 raverit,
2363 2748 2636 2818 inveniet,
2668 2749 2925 2805 hominis
2955 2766 3133 2805 causa
3165 2750 3221 2805 id
3255 2751 3469 2807 factum
3502 2752 3681 2809 fuisse
3713 2771 3747 2809 a

2096 2842 2231 2892 Deo.
2266 2838 2412 2892 Nam
2448 2838 2667 2893 imbres
2696 2844 2928 2910 propter
2958 2839 3155 2911 fruges
3182 2840 3421 2907 fiunt,ut
3447 2841 3622 2897 homo
3643 2859 3744 2898 su-

2100 2932 2221 2982 mat
2254 2932 2309 2981 et
2338 2927 2533 2982 bestia:
2568 2928 2927 2997 nutriantur,
2964 2945 3078 3000 quo
3110 2927 3332 2984 homini
3378 2930 3699 2987 inserviant
3730 2949 3746 3000 ;

2099 3016 2185 3072 sol
2218 3022 2458 3088 apparet
2489 3034 2553 3071 ac
2586 3016 2822 3082 lucet,et
2843 3034 3034 3072 aerem
3067 3018 3124 3071 in
3159 3022 3409 3088 quatuor
3437 3023 3573 3075 anni
3606 3024 3749 3076 tem-

2099 3110 2352 3177 pestates
2382 3107 2571 3175 vertit,
2599 3112 2662 3160 ut
2684 3123 3045 3178 unaquaeque
3071 3112 3388 3178 tempestas
3419 3125 3546 3180 qum
3569 3109 3747 3165 habet

2024 3220 2067 3285 Ο
2106 3195 2328 3251 homini
2358 3194 2677 3267 largiatur;
2711 3196 2895 3250 fontes
2927 3196 3275 3265 scaturiunt,
3312 3200 3375 3251 ut
3398 3203 3570 3268 potus
3601 3216 3745 3271 prm-

2110 3285 2315 3339 beatur
2344 3284 2701 3339 hominibus.
2728 3284 2806 3339 Ad
2841 3284 3280 3355 hzec,quisnam,
3314 3290 3598 3357 quantum
3622 3287 3750 3343 ﬁeri

2108 3374 2662 3444 potest,dominatur
2691 3374 2747 3427 in
2773 3377 3142 3429 creaturam?
3168 3373 3371 3429 Nonne
3401 3374 3619 3431 homo?
3648 3376 3753 3448 qui

2107 3461 2460 3516 industriam
2486 3463 2706 3533 accepit
2728 3460 2952 3517 colendi
2971 3467 3208 3529 terram,
3232 3463 3543 3534 navigandi
3567 3480 3751 3534 mare,

2106 3551 2368 3623 capiendi
2400 3551 2608 3622 pisces,
2641 3568 2793 3615 aves,
2842 3553 3028 3618 feras;
3062 3551 3421 3621 expendendi
3455 3556 3747 3609 astrorum

2105 3640 2667 3706 cursum,scrutandi
2708 3640 3209 3707 terram,ﬁndendi
3242 3657 3423 3707 mare,
3457 3643 3744 3697 condendi

2108 3730 2302 3798 urbes,
2334 3729 2681 3800 designandi
2722 3746 2905 3800 reges,
2934 3729 3154 3783 ferendi
3204 3728 3382 3801 leges,
3410 3731 3740 3800 judicandi,

2101 3819 2287 3873 Deum
2320 3818 2670 3873 invis1bilem
2703 3819 3111 3890 cognoscendi,
3135 3818 3356 3873 sciendi
3383 3820 3622 3875 nomina
3645 3837 3746 3875 an-

2100 3908 2384 3980 gelorum,
2418 3906 2740 3979 expeliendi
2796 3909 3107 3974 damones,
3160 3908 3419 3963 tentandi
3472 3908 3745 3965 remediis

2102 3998 2337 4052 morbos
2370 3999 2593 4067 sedare,
2628 3995 2959 4051 inveniendi
2989 3996 3414 4053 incantationes
3436 3996 3745 4053 adversum

2098 4092 2414 4142 venenatos
2439 4092 2762 4157 serpentes,
2787 4086 3287 4141 animadvertendi
3311 4102 3507 4141 rerum
3539 4090 3747 4141 mutuo

2098 4193 2160 4231 se
2190 4176 2551 4246 abigentium
2587 4175 3058 4247 repugnantiam.

2166 4282 2430 4337 XXXVII.
2480 4283 2642 4346 Quod
2700 4282 2747 4337 si
2793 4286 3021 4353 gratum
3055 4285 3110 4338 te
3157 4286 3420 4353 praestas,
3461 4283 3659 4351 homo,
3691 4287 3751 4339 et

2096 4371 2376 4443 intelligis
2434 4371 2538 4426 tibi
2581 4371 2639 4425 in
2671 4372 2945 4427 omnibus
2978 4372 3301 4426 beneficum
3334 4372 3539 4443 Deum,
3572 4371 3747 4426 etiam

2094 4460 2446 4516 immortalis
2495 4460 2724 4527 evades,
2780 4477 2989 4531 resque
3034 4465 3135 4514 tua
3185 4477 3363 4515 causa
3392 4461 3636 4516 condita:
3672 4461 3743 4514 ob

1004 4547 1099 4601 Καὶ
1156 4552 1245 4601 νύν
1325 4544 1383 4601 δὲ
1452 4547 1695 4623 γενέσθαι
1765 4546 1985 4606 δύνασαι

2106 4550 2512 4622 gratitudinem
2563 4566 2931 4621 perseverare
2963 4549 3282 4605 habebunt.
3326 4550 3395 4604 Et
3424 4566 3556 4605 vero
3588 4565 3747 4603 nunc

2096 4641 2471 4712 incorruptus
2495 4639 2619 4694 fieri
2652 4639 2892 4710 potes,si
2920 4655 3094 4709 quem
3120 4638 3406 4711 ignorasti
3438 4655 3745 4710 agnoscas,

2097 4728 2144 4784 si
2180 4746 2354 4800 quem
2386 4728 2673 4798 reliquisti
2709 4726 2943 4800 diligas,
2978 4727 3024 4783 si
3060 4727 3107 4781 ei
3142 4728 3241 4782 uni
3298 4726 3615 4799 supplices,
3648 4726 3750 4799 qui

2096 4835 2308 4890 corpus
2328 4824 2493 4873 tuum
2516 4820 2571 4873 et
2588 4817 2848 4873 animam
2871 4815 3161 4888 supplicio
3184 4816 3414 4872 afﬁcere
3437 4820 3494 4871 et
3516 4831 3748 4871 servare

2094 4909 2499 4979 potest.Quare
2530 4911 2665 4962 ante
2696 4905 2895 4961 omnia
2924 4905 3135 4977 cogita,
3164 4905 3457 4961 neminem
3489 4921 3622 4959 cum
3646 4903 3743 4958 illo

2092 4996 2704 5069 imperare,neminem
2738 5012 2873 5050 cum
2900 5010 2966 5049 eo
2988 5010 3364 5049 communem
3396 4993 3611 5048 habere
3641 5009 3742 5062 ap-

2093 5085 2489 5159 pellationem,
2520 5085 2580 5140 id
2629 5101 2839 5158 nempe
2889 5083 3043 5157 quod
3082 5088 3323 5139 vocatur
3361 5083 3533 5139 Deus.
3569 5081 3740 5138 Solus

1680 5291 1923 5347 VARle
1962 5290 2379 5349 LECTIONES.

392 5448 438 5483 ⁸³
505 5444 715 5523 μύχους
748 5453 832 5523 ⁸(1.
888 5448 1061 5519 πηνάς
1114 5466 1170 5521 p.

322 5523 521 5575 textus

614 5518 1009 5595 norAeXonpévp,
1065 5518 1137 5595 pi.
1178 5518 1670 5595 70.n“Aaovi3pO
1731 5542 1779 5579 c.
1815 5527 1872 5593 S,
1925 5522 2137 5590 συνείδη
2184 5527 2245 5582 C.
2295 5524 2337 5558 ⁸⁷

1230 5446 1411 5537 πηχάς
1461 5450 1848 5537 ΟἉ⁸²Λπόθεχ
1903 5454 1963 5510 C.
2016 5452 2414 5537 “meizév‘aonC.
2475 5450 2551 5537 5“
2582 5453 2828 5537 κενοῦ-ται
2995 5449 3046 5537 ξς
3080 5448 3181 5537 "Ita
3237 5465 3436 5537 [ηαξ-β.
3487 5449 3567 5537 Ci,
3621 5448 3734 5519 cuj.

2394 5516 2679 5595 μεταλάϐῃ
2718 5540 2833 5595 om.
2884 5523 2947 5579 Ο.
2995 5524 3038 5559 ⁸⁸
3080 5519 3171 5595 ξίνα
3216 5516 3472 5595 τηάἑραΔ
3496 5516 3575 5595 εἷς
3601 5541 3651 5575 τ.
3685 5516 3735 5578 τ.

319 5591 514 5721 τρέπῃ,
569 5593 659 5647 καὶ
705 5590 813 5665 ἳνα,
858 5590 911 5649 κ.
962 5590 1014 5648 τί.
1065 5591 1118 5647 λ.
1167 5594 1227 5649 C.
1276 5593 1321 5627 '°
1373 5590 1623 5667 βρύουσὶν
1672 5596 1728 5660 S,
1770 5590 2122 5727 υρὶρύωσιν
2157 5596 2287 5649 (3.⁹⁰
2338 5590 2485 5665 Lege
2538 5590 2815 5666 βασιλείας
2848 5595 2925 5649 Cl.
2959 5596 3000 5631 ⁹²
3049 5590 3406 5668 εὐγνωμόνεις
3440 5591 3503 5646 Ο.
3538 5593 3737 5671 θεγκατ-

320 5663 347 5720 ἐ
389 5682 539 5727 ειπες
588 5667 657 5726 C.
699 5666 743 5702 ⁸³
782 5664 845 5723 τό
898 5665 960 5724 G.
1012 5664 1059 5702 ’δ
1103 5661 1383 5727 δυναμένῳ
1431 5664 1521 5720 καὶ
1571 5669 1737 5723 σῶσαι
1787 5669 1851 5725 Ο.
1943 5671 2032 5727 ein
2086 5666 2248 5723 ἐννοῖι)
2280 5683 2337 5727 p.
2389 5663 2574 5719 ἐννοοῦ
2622 5666 2704 5724 Cl.
2758 5684 2872 5724 non
2921 5669 2981 5727 C.
3026 5678 3085 5724 ut
3136 5664 3281 5722 falso
3331 5670 3625 5722 annotavit
3674 5665 3733 5727 S.

389 5661 539 5727 ειπες
588 5667 657 5726 C.
699 5666 743 5702 ⁸³
782 5661 845 5723 τό
898 5665 960 5724 C.
1012 5664 1059 5702 ’δ
1103 5661 1521 5739 δυναμένῳ’καὶ
1571 5669 1737 5723 σῶσαι
1787 5661 1851 5725 Ο.

1943 5671 2032 5728 ein
2086 5666 2248 5723 ἐννοῶ
2280 5683 2337 5740 p.
2389 5663 2574 5719 ἐννοοῦ
2622 5666 2704 5724 Cl.
2758 5684 2872 5724 non
2921 5669 2981 5739 C,
3026 5678 3085 5724 ut
3121 5663 3281 5722 'falso
3331 5664 3625 5722 annotavit
3674 5665 3733 5727 S.
